2019-12-25 15:00:00.069,12016,12018,12017,38,-38
2019-12-25 15:00:00.513,12017,12018,12018,2,2
2019-12-25 15:00:00.629,12017,12018,12018,1,1
2019-12-25 15:00:00.733,12017,12018,12018,1,1
2019-12-25 15:00:00.786,12017,12018,12017,1,-1
2019-12-25 15:00:00.869,12017,12018,12018,1,1
2019-12-25 15:00:01.098,12017,12019,12019,1,1
2019-12-25 15:00:01.106,12017,12019,12017,1,-1
2019-12-25 15:00:01.293,12017,12019,12019,1,1
2019-12-25 15:00:01.622,12017,12019,12019,1,1
2019-12-25 15:00:01.864,12017,12019,12019,1,1
2019-12-25 15:00:01.933,12017,12019,12018,1,-1
2019-12-25 15:00:01.933,12017,12019,12019,1,1
2019-12-25 15:00:01.995,12017,12019,12017,1,-1
2019-12-25 15:00:02.076,12017,12019,12019,2,2
2019-12-25 15:00:07.338,12017,12019,12018,1,-1
2019-12-25 15:00:09.834,12017,12018,12017,2,-2
2019-12-25 15:00:11.070,12017,12018,12018,3,3
2019-12-25 15:00:11.985,12018,12019,12018,1,-1
2019-12-25 15:00:13.227,12017,12018,12017,2,-2
2019-12-25 15:00:26.006,12017,12018,12018,1,1
2019-12-25 15:00:27.793,12017,12018,12018,3,3
2019-12-25 15:00:28.363,12017,12018,12018,3,3
2019-12-25 15:00:31.369,12017,12018,12018,2,2
2019-12-25 15:00:34.144,12017,12018,12018,2,2
2019-12-25 15:00:38.569,12017,12018,12018,1,1
2019-12-25 15:00:44.587,12017,12018,12017,2,-2
2019-12-25 15:00:49.720,12017,12018,12017,1,-1
2019-12-25 15:00:58.604,12017,12018,12017,3,-3
2019-12-25 15:00:59.413,12017,12018,12018,1,1
2019-12-25 15:01:00.034,12017,12018,12017,1,-1
2019-12-25 15:01:00.054,12017,12018,12018,1,1
2019-12-25 15:01:00.065,12017,12018,12018,1,1
2019-12-25 15:01:00.232,12017,12018,12018,1,1
2019-12-25 15:01:00.783,12017,12018,12017,2,-2
2019-12-25 15:01:01.205,12017,12018,12017,2,-2
2019-12-25 15:01:01.207,12017,12018,12017,1,-1
2019-12-25 15:01:01.829,12017,12018,12018,2,2
2019-12-25 15:01:02.738,12017,12018,12017,1,-1
2019-12-25 15:01:11.796,12017,12018,12017,1,-1
2019-12-25 15:01:20.987,12017,12018,12017,2,-2
2019-12-25 15:01:24.580,12017,12018,12018,1,1
2019-12-25 15:01:37.750,12017,12018,12018,5,5
2019-12-25 15:01:38.622,12017,12018,12018,1,1
2019-12-25 15:01:38.758,12017,12018,12018,5,5
2019-12-25 15:01:39.140,12017,12018,12018,1,1
2019-12-25 15:01:42.164,12017,12018,12018,1,1
2019-12-25 15:01:42.292,12017,12018,12018,2,2
2019-12-25 15:01:43.667,12017,12018,12018,1,1
2019-12-25 15:01:46.357,12017,12018,12018,1,1
2019-12-25 15:01:46.532,12017,12018,12018,1,1
2019-12-25 15:01:48.197,12017,12019,12018,1,-1
2019-12-25 15:01:53.746,12017,12018,12018,5,5
2019-12-25 15:01:58.911,12017,12018,12018,1,1
2019-12-25 15:01:58.985,12017,12018,12018,1,1
2019-12-25 15:01:59.124,12017,12018,12018,1,1
2019-12-25 15:02:00.055,12017,12018,12018,1,1
2019-12-25 15:02:11.059,12018,12019,12019,1,1
2019-12-25 15:02:28.558,12018,12019,12019,1,1
2019-12-25 15:02:30.075,12018,12019,12019,1,1
2019-12-25 15:02:33.212,12018,12019,12019,2,2
2019-12-25 15:02:34.341,12018,12019,12019,1,1
2019-12-25 15:02:36.654,12018,12019,12019,1,1
2019-12-25 15:02:39.426,12018,12019,12019,1,1
2019-12-25 15:02:40.203,12018,12019,12019,1,1
2019-12-25 15:02:40.900,12018,12019,12019,1,1
2019-12-25 15:02:44.981,12018,12019,12019,1,1
2019-12-25 15:02:51.719,12018,12019,12018,1,-1
2019-12-25 15:02:51.804,12018,12019,12018,2,-2
2019-12-25 15:03:06.951,12018,12019,12018,1,-1
2019-12-25 15:03:07.873,12018,12019,12019,1,1
2019-12-25 15:03:17.464,12018,12019,12019,1,1
2019-12-25 15:03:17.917,12018,12019,12019,3,3
2019-12-25 15:03:22.332,12018,12019,12019,6,6
2019-12-25 15:03:22.333,12018,12019,12019,1,1
2019-12-25 15:03:22.342,12018,12019,12019,1,1
2019-12-25 15:03:34.548,12019,12020,12019,1,-1
2019-12-25 15:03:38.550,12019,12020,12020,1,1
2019-12-25 15:03:38.632,12019,12020,12020,2,2
2019-12-25 15:03:38.950,12019,12020,12019,1,-1
2019-12-25 15:03:48.163,12019,12020,12020,1,1
2019-12-25 15:03:52.165,12019,12020,12020,1,1
2019-12-25 15:03:54.490,12019,12020,12020,1,1
2019-12-25 15:03:57.884,12019,12020,12020,1,1
2019-12-25 15:04:00.159,12019,12020,12020,1,1
2019-12-25 15:04:01.917,12019,12020,12020,3,3
2019-12-25 15:04:06.826,12019,12020,12020,2,2
2019-12-25 15:04:13.609,12019,12020,12020,1,1
2019-12-25 15:04:17.080,12019,12020,12020,1,1
2019-12-25 15:04:35.901,12019,12020,12020,5,5
2019-12-25 15:04:45.879,12019,12020,12020,5,5
2019-12-25 15:04:59.720,12019,12020,12019,1,-1
2019-12-25 15:05:03.680,12019,12020,12020,2,2
2019-12-25 15:05:04.875,12019,12020,12020,1,1
2019-12-25 15:05:06.186,12019,12020,12020,2,2
2019-12-25 15:05:06.219,12019,12020,12020,1,1
2019-12-25 15:05:10.373,12019,12020,12020,3,3
2019-12-25 15:05:13.609,12019,12020,12020,2,2
2019-12-25 15:05:13.691,12019,12020,12020,1,1
2019-12-25 15:05:15.140,12019,12020,12020,1,1
2019-12-25 15:05:15.436,12019,12020,12020,1,1
2019-12-25 15:05:15.465,12019,12020,12020,2,2
2019-12-25 15:05:16.493,12019,12020,12019,1,-1
2019-12-25 15:05:33.952,12019,12020,12019,1,-1
2019-12-25 15:05:53.818,12019,12020,12019,1,-1
2019-12-25 15:06:00.851,12019,12020,12020,3,3
2019-12-25 15:06:09.684,12019,12020,12020,1,1
2019-12-25 15:06:15.094,12019,12020,12019,1,-1
2019-12-25 15:06:27.991,12019,12020,12020,2,2
2019-12-25 15:06:31.872,12019,12020,12020,1,1
2019-12-25 15:07:13.932,12019,12020,12020,6,6
2019-12-25 15:07:22.195,12019,12020,12020,1,1
2019-12-25 15:07:31.995,12019,12020,12020,1,1
2019-12-25 15:07:32.339,12019,12020,12019,1,-1
2019-12-25 15:07:32.791,12019,12020,12020,1,1
2019-12-25 15:07:44.323,12019,12020,12020,3,3
2019-12-25 15:08:07.827,12019,12020,12020,1,1
2019-12-25 15:08:09.781,12019,12020,12020,1,1
2019-12-25 15:08:13.989,12019,12020,12019,1,-1
2019-12-25 15:08:27.872,12019,12020,12020,7,7
2019-12-25 15:08:28.030,12019,12020,12019,1,-1
2019-12-25 15:08:31.344,12019,12020,12019,1,-1
2019-12-25 15:08:32.126,12019,12020,12019,1,-1
2019-12-25 15:09:01.997,12019,12020,12019,1,-1
2019-12-25 15:09:07.081,12019,12020,12019,1,-1
2019-12-25 15:09:17.239,12019,12020,12020,25,25
2019-12-25 15:09:27.126,12019,12020,12020,1,1
2019-12-25 15:09:30.324,12019,12020,12020,1,1
2019-12-25 15:09:57.145,12019,12020,12020,1,1
2019-12-25 15:10:12.021,12019,12020,12019,2,-2
2019-12-25 15:10:12.398,12019,12020,12020,1,1
2019-12-25 15:10:12.654,12019,12020,12020,1,1
2019-12-25 15:10:12.753,12019,12020,12020,1,1
2019-12-25 15:10:30.070,12019,12020,12020,1,1
2019-12-25 15:10:33.767,12019,12020,12020,5,5
2019-12-25 15:10:34.720,12019,12020,12019,1,-1
2019-12-25 15:10:35.918,12019,12020,12020,1,1
2019-12-25 15:10:47.013,12019,12020,12020,1,1
2019-12-25 15:10:51.810,12019,12020,12020,1,1
2019-12-25 15:10:54.771,12019,12020,12020,1,1
2019-12-25 15:10:55.990,12019,12020,12020,2,2
2019-12-25 15:10:56.479,12019,12020,12020,2,2
2019-12-25 15:10:57.024,12019,12020,12020,1,1
2019-12-25 15:10:57.093,12019,12020,12020,2,2
2019-12-25 15:11:41.408,12020,12021,12021,1,1
2019-12-25 15:11:44.487,12020,12021,12021,1,1
2019-12-25 15:11:44.868,12020,12021,12021,2,2
2019-12-25 15:11:45.823,12020,12021,12021,2,2
2019-12-25 15:11:49.436,12021,12022,12021,1,-1
2019-12-25 15:12:04.825,12021,12022,12022,2,2
2019-12-25 15:12:04.927,12021,12022,12022,1,1
2019-12-25 15:12:05.014,12021,12022,12022,1,1
2019-12-25 15:12:05.048,12021,12022,12022,1,1
2019-12-25 15:12:05.063,12021,12022,12022,4,4
2019-12-25 15:12:05.070,12021,12022,12022,4,4
2019-12-25 15:12:05.076,12021,12022,12022,1,1
2019-12-25 15:12:05.078,12021,12022,12023,1,1
2019-12-25 15:12:05.136,12022,12023,12023,1,1
2019-12-25 15:12:05.213,12022,12023,12023,1,1
2019-12-25 15:12:05.250,12022,12023,12023,1,1
2019-12-25 15:12:05.720,12022,12023,12023,1,1
2019-12-25 15:12:05.731,12022,12023,12023,3,3
2019-12-25 15:12:05.963,12022,12023,12023,1,1
2019-12-25 15:12:06.151,12022,12023,12023,1,1
2019-12-25 15:12:08.526,12022,12024,12022,1,-1
2019-12-25 15:12:10.257,12023,12024,12023,1,1
2019-12-25 15:12:11.595,12022,12023,12023,2,2
2019-12-25 15:12:12.166,12022,12023,12023,1,1
2019-12-25 15:12:20.532,12022,12023,12023,3,3
2019-12-25 15:12:25.281,12022,12023,12022,1,-1
2019-12-25 15:12:26.011,12022,12023,12022,2,-2
2019-12-25 15:12:27.358,12022,12023,12022,6,-6
2019-12-25 15:12:27.723,12022,12023,12022,2,-2
2019-12-25 15:12:30.551,12022,12023,12022,2,-2
2019-12-25 15:12:46.837,12021,12022,12022,1,1
2019-12-25 15:12:47.192,12021,12022,12022,2,2
2019-12-25 15:12:50.575,12021,12022,12022,1,1
2019-12-25 15:12:57.189,12021,12022,12022,1,1
2019-12-25 15:12:59.674,12021,12022,12021,1,-1
2019-12-25 15:13:05.612,12021,12022,12022,1,1
2019-12-25 15:13:33.920,12021,12022,12022,2,2
2019-12-25 15:13:35.464,12021,12022,12022,1,1
2019-12-25 15:13:44.957,12021,12022,12022,1,1
2019-12-25 15:13:53.915,12021,12022,12022,1,1
2019-12-25 15:13:54.374,12021,12022,12021,1,-1
2019-12-25 15:14:17.208,12021,12022,12021,1,-1
2019-12-25 15:14:22.450,12021,12022,12021,1,-1
2019-12-25 15:14:36.220,12021,12022,12021,1,-1
2019-12-25 15:14:38.403,12021,12022,12021,1,-1
2019-12-25 15:15:03.958,12021,12022,12022,1,1
2019-12-25 15:15:10.594,12021,12022,12021,1,-1
2019-12-25 15:15:13.093,12021,12022,12022,1,1
2019-12-25 15:15:13.865,12021,12022,12022,1,1
2019-12-25 15:15:30.651,12021,12022,12022,1,1
2019-12-25 15:15:48.144,12021,12022,12022,5,5
2019-12-25 15:15:50.274,12021,12022,12022,1,1
2019-12-25 15:16:03.845,12021,12022,12021,1,-1
2019-12-25 15:16:04.850,12021,12022,12022,1,1
2019-12-25 15:17:13.962,12021,12022,12022,1,1
2019-12-25 15:17:13.969,12021,12022,12021,1,-1
2019-12-25 15:17:15.107,12021,12022,12021,3,-3
2019-12-25 15:17:24.968,12021,12022,12021,1,-1
2019-12-25 15:17:36.532,12021,12022,12021,1,-1
2019-12-25 15:18:09.163,12021,12022,12022,1,1
2019-12-25 15:18:12.825,12021,12022,12021,1,-1
2019-12-25 15:18:16.044,12021,12022,12021,1,-1
2019-12-25 15:18:25.847,12021,12022,12021,2,-2
2019-12-25 15:18:25.970,12021,12022,12021,1,-1
2019-12-25 15:18:56.727,12021,12022,12021,2,-2
2019-12-25 15:19:05.049,12021,12022,12021,2,-2
2019-12-25 15:19:05.475,12021,12022,12021,9,-9
2019-12-25 15:19:05.475,12021,12022,12020,1,-1
2019-12-25 15:19:34.047,12020,12021,12020,1,-1
2019-12-25 15:19:34.108,12020,12021,12020,9,-9
2019-12-25 15:19:35.971,12020,12021,12020,1,-1
2019-12-25 15:19:42.536,12020,12021,12020,1,-1
2019-12-25 15:19:51.379,12020,12021,12020,5,-5
2019-12-25 15:20:31.490,12020,12021,12020,1,-1
2019-12-25 15:20:38.823,12020,12021,12020,2,-2
2019-12-25 15:20:45.470,12020,12021,12020,1,-1
2019-12-25 15:20:54.170,12020,12021,12020,1,-1
2019-12-25 15:21:06.127,12020,12021,12020,1,-1
2019-12-25 15:21:13.202,12020,12021,12020,4,-4
2019-12-25 15:21:29.402,12019,12020,12019,8,-8
2019-12-25 15:21:32.294,12019,12020,12019,1,-1
2019-12-25 15:21:42.469,12019,12020,12019,1,-1
2019-12-25 15:21:46.842,12019,12020,12019,1,-1
2019-12-25 15:21:54.699,12019,12020,12019,1,-1
2019-12-25 15:21:56.076,12019,12020,12019,1,-1
2019-12-25 15:22:08.842,12019,12020,12019,1,-1
2019-12-25 15:23:05.595,12019,12020,12019,1,-1
2019-12-25 15:23:59.094,12019,12020,12019,1,-1
2019-12-25 15:23:59.244,12019,12020,12019,1,-1
2019-12-25 15:24:20.863,12019,12020,12019,5,-5
2019-12-25 15:24:21.757,12019,12020,12019,5,-5
2019-12-25 15:24:28.343,12019,12020,12019,5,-5
2019-12-25 15:24:31.737,12019,12020,12019,1,-1
2019-12-25 15:24:32.182,12019,12020,12019,3,-3
2019-12-25 15:24:32.182,12019,12020,12018,2,-2
2019-12-25 15:24:33.842,12018,12019,12019,1,1
2019-12-25 15:24:43.931,12018,12019,12019,1,1
2019-12-25 15:25:07.007,12018,12019,12018,5,-5
2019-12-25 15:25:08.095,12018,12019,12018,1,-1
2019-12-25 15:25:09.222,12018,12019,12018,5,-5
2019-12-25 15:25:11.526,12018,12019,12018,5,-5
2019-12-25 15:25:13.826,12018,12019,12018,1,-1
2019-12-25 15:25:15.594,12018,12019,12018,5,-5
2019-12-25 15:25:15.976,12018,12019,12018,5,-5
2019-12-25 15:25:24.133,12018,12019,12018,1,-1
2019-12-25 15:26:03.844,12018,12019,12018,1,-1
2019-12-25 15:26:04.272,12018,12019,12019,4,4
2019-12-25 15:26:04.347,12018,12019,12019,4,4
2019-12-25 15:26:10.694,12018,12019,12018,1,-1
2019-12-25 15:26:34.158,12018,12019,12018,1,-1
2019-12-25 15:26:38.107,12018,12019,12018,1,-1
2019-12-25 15:26:44.520,12018,12019,12018,1,-1
2019-12-25 15:27:23.050,12018,12019,12018,2,-2
2019-12-25 15:27:24.968,12018,12019,12018,5,-5
2019-12-25 15:27:24.994,12018,12019,12018,2,-2
2019-12-25 15:27:25.019,12018,12019,12018,2,-2
2019-12-25 15:27:25.044,12018,12019,12018,2,-2
2019-12-25 15:27:26.897,12017,12018,12018,1,1
2019-12-25 15:27:34.660,12017,12018,12018,1,1
2019-12-25 15:27:54.163,12018,12019,12019,2,2
2019-12-25 15:27:54.503,12018,12019,12018,1,-1
2019-12-25 15:27:54.515,12018,12019,12019,1,1
2019-12-25 15:27:54.734,12018,12019,12019,1,1
2019-12-25 15:27:54.926,12018,12019,12019,1,1
2019-12-25 15:27:58.194,12018,12019,12019,1,1
2019-12-25 15:28:02.177,12019,12020,12019,1,-1
2019-12-25 15:28:07.630,12019,12020,12020,2,2
2019-12-25 15:28:07.642,12019,12020,12020,1,1
2019-12-25 15:28:08.882,12019,12020,12020,2,2
2019-12-25 15:28:10.513,12019,12020,12020,2,2
2019-12-25 15:28:12.542,12019,12020,12020,2,2
2019-12-25 15:28:15.712,12019,12020,12020,1,1
2019-12-25 15:28:16.594,12019,12020,12019,1,-1
2019-12-25 15:28:16.767,12019,12020,12019,1,-1
2019-12-25 15:28:18.973,12019,12020,12020,1,1
2019-12-25 15:28:19.900,12019,12020,12020,2,2
2019-12-25 15:28:19.963,12019,12020,12020,2,2
2019-12-25 15:28:20.052,12019,12020,12020,2,2
2019-12-25 15:28:20.304,12019,12020,12020,2,2
2019-12-25 15:28:21.063,12019,12020,12020,1,1
2019-12-25 15:28:23.363,12020,12021,12021,2,2
2019-12-25 15:28:42.179,12020,12021,12020,1,-1
2019-12-25 15:28:42.217,12020,12021,12020,1,-1
2019-12-25 15:28:59.261,12019,12020,12020,1,1
2019-12-25 15:29:07.840,12019,12020,12019,2,-2
2019-12-25 15:29:07.843,12019,12020,12019,2,-2
2019-12-25 15:29:17.172,12018,12019,12018,1,-1
2019-12-25 15:29:17.218,12018,12019,12018,4,-4
2019-12-25 15:29:17.666,12018,12019,12018,1,-1
2019-12-25 15:29:17.717,12017,12018,12018,1,1
2019-12-25 15:29:34.431,12018,12019,12018,1,-1
2019-12-25 15:29:51.897,12018,12019,12018,1,-1
2019-12-25 15:29:53.258,12018,12019,12018,2,-2
2019-12-25 15:30:03.831,12018,12019,12018,1,-1
2019-12-25 15:30:04.010,12018,12019,12018,1,-1
2019-12-25 15:30:04.015,12018,12019,12018,1,-1
2019-12-25 15:30:06.999,12018,12019,12018,1,-1
2019-12-25 15:30:31.844,12018,12019,12018,1,-1
2019-12-25 15:30:59.045,12018,12019,12018,5,-5
2019-12-25 15:31:43.970,12018,12019,12018,1,-1
2019-12-25 15:32:56.595,12018,12019,12018,1,-1
2019-12-25 15:33:08.677,12018,12019,12019,1,1
2019-12-25 15:33:20.728,12018,12019,12019,2,2
2019-12-25 15:33:46.931,12018,12019,12018,1,-1
2019-12-25 15:33:47.511,12018,12019,12018,1,-1
2019-12-25 15:33:47.720,12018,12019,12018,1,-1
2019-12-25 15:34:22.568,12018,12019,12018,2,-2
2019-12-25 15:34:52.596,12018,12019,12018,1,-1
2019-12-25 15:35:16.219,12018,12019,12018,1,-1
2019-12-25 15:36:13.595,12018,12019,12018,1,-1
2019-12-25 15:37:24.095,12018,12019,12018,1,-1
2019-12-25 15:37:58.538,12018,12019,12018,2,-2
2019-12-25 15:38:19.170,12018,12019,12019,1,1
2019-12-25 15:38:19.219,12018,12019,12018,1,-1
2019-12-25 15:38:31.490,12018,12019,12019,1,1
2019-12-25 15:38:34.769,12018,12019,12019,1,1
2019-12-25 15:38:34.843,12018,12019,12019,1,1
2019-12-25 15:39:06.921,12019,12020,12019,1,-1
2019-12-25 15:39:29.831,12019,12020,12019,2,-2
2019-12-25 15:39:32.012,12019,12020,12019,1,-1
2019-12-25 15:39:41.621,12018,12019,12019,1,1
2019-12-25 15:39:49.899,12018,12019,12019,1,1
2019-12-25 15:39:59.065,12018,12019,12019,1,1
2019-12-25 15:40:03.340,12018,12019,12019,1,1
2019-12-25 15:40:28.345,12019,12020,12019,1,-1
2019-12-25 15:41:26.408,12019,12020,12019,1,-1
2019-12-25 15:41:35.597,12019,12020,12019,1,-1
2019-12-25 15:41:35.720,12019,12020,12019,1,-1
2019-12-25 15:42:23.625,12019,12020,12019,1,-1
2019-12-25 15:42:40.470,12018,12020,12018,1,-1
2019-12-25 15:43:11.967,12018,12019,12019,1,1
2019-12-25 15:43:46.073,12019,12020,12019,1,-1
2019-12-25 15:43:56.595,12019,12020,12019,1,-1
2019-12-25 15:44:04.842,12018,12019,12019,1,1
2019-12-25 15:44:14.092,12018,12019,12019,1,1
2019-12-25 15:44:22.342,12018,12019,12019,2,2
2019-12-25 15:44:22.343,12018,12019,12019,1,1
2019-12-25 15:44:22.343,12018,12019,12019,1,1
2019-12-25 15:44:22.343,12018,12019,12019,1,1
2019-12-25 15:45:03.971,12019,12020,12019,1,-1
2019-12-25 15:45:05.301,12019,12020,12020,2,2
2019-12-25 15:45:05.354,12019,12020,12020,2,2
2019-12-25 15:45:05.405,12019,12020,12020,2,2
2019-12-25 15:45:05.493,12019,12020,12020,1,1
2019-12-25 15:45:05.610,12019,12020,12020,1,1
2019-12-25 15:45:05.697,12019,12020,12020,1,1
2019-12-25 15:45:05.895,12019,12020,12020,1,1
2019-12-25 15:45:05.928,12019,12020,12020,1,1
2019-12-25 15:45:06.033,12019,12020,12020,2,2
2019-12-25 15:45:06.213,12019,12021,12021,1,1
2019-12-25 15:45:06.369,12019,12021,12021,1,1
2019-12-25 15:45:17.184,12019,12021,12021,1,1
2019-12-25 15:45:48.925,12019,12020,12020,1,1
2019-12-25 15:45:51.197,12020,12021,12021,1,1
2019-12-25 15:45:58.688,12020,12021,12021,1,1
2019-12-25 15:46:00.961,12020,12021,12021,1,1
2019-12-25 15:46:06.157,12020,12021,12020,1,-1
2019-12-25 15:46:11.495,12020,12021,12020,1,-1
2019-12-25 15:46:22.761,12020,12021,12020,1,-1
2019-12-25 15:46:32.443,12020,12021,12020,1,-1
2019-12-25 15:46:33.165,12020,12021,12020,1,-1
2019-12-25 15:47:03.595,12019,12020,12019,1,-1
2019-12-25 15:47:43.335,12019,12020,12019,1,-1
2019-12-25 15:47:47.550,12019,12020,12019,1,-1
2019-12-25 15:48:15.219,12019,12020,12019,1,-1
2019-12-25 15:48:15.857,12019,12020,12020,1,1
2019-12-25 15:48:55.468,12019,12020,12020,1,1
2019-12-25 15:49:16.070,12019,12020,12020,1,1
2019-12-25 15:49:16.470,12019,12020,12019,1,-1
2019-12-25 15:49:18.414,12019,12020,12020,1,1
2019-12-25 15:49:20.227,12019,12020,12020,3,3
2019-12-25 15:49:28.362,12019,12020,12020,1,1
2019-12-25 15:49:33.396,12019,12020,12020,3,3
2019-12-25 15:49:52.206,12020,12021,12020,1,-1
2019-12-25 15:50:00.728,12020,12021,12020,1,-1
2019-12-25 15:50:11.970,12020,12021,12020,1,-1
2019-12-25 15:50:19.377,12020,12021,12020,1,-1
2019-12-25 15:51:16.766,12019,12020,12020,1,1
2019-12-25 15:51:39.969,12019,12020,12019,1,-1
2019-12-25 15:52:38.845,12019,12020,12019,1,-1
2019-12-25 15:53:08.690,12019,12020,12019,1,-1
2019-12-25 15:53:58.592,12019,12020,12019,1,-1
2019-12-25 15:53:58.719,12019,12020,12019,1,-1
2019-12-25 15:54:08.540,12019,12020,12019,1,-1
2019-12-25 15:54:26.541,12019,12020,12019,1,-1
2019-12-25 15:54:45.243,12019,12020,12019,3,-3
2019-12-25 15:56:20.132,12019,12020,12019,1,-1
2019-12-25 15:56:20.219,12019,12020,12019,2,-2
2019-12-25 15:56:35.947,12019,12020,12019,2,-2
2019-12-25 15:57:21.219,12019,12020,12019,1,-1
2019-12-25 15:57:25.387,12019,12020,12019,1,-1
2019-12-25 15:57:29.013,12019,12020,12019,2,-2
2019-12-25 15:57:29.510,12019,12020,12019,1,-1
2019-12-25 15:58:21.720,12018,12020,12018,1,-1
2019-12-25 15:59:11.212,12018,12020,12018,2,-2
2019-12-25 15:59:11.220,12018,12020,12018,1,-1
2019-12-25 15:59:13.010,12019,12020,12019,1,1
2019-12-25 15:59:18.927,12018,12019,12018,1,-1
2019-12-25 15:59:50.324,12018,12019,12018,46,-46
2019-12-25 15:59:50.464,12017,12018,12018,4,4
2019-12-25 15:59:55.383,12017,12019,12019,1,1
2019-12-25 16:00:11.461,12018,12019,12019,1,1
2019-12-25 16:00:11.751,12018,12019,12018,2,-2
2019-12-25 16:00:11.844,12018,12019,12018,2,-2
2019-12-25 16:00:11.910,12018,12019,12018,2,-2
2019-12-25 16:00:12.080,12018,12019,12018,1,-1
2019-12-25 16:00:12.736,12018,12019,12018,3,-3
2019-12-25 16:00:12.736,12018,12019,12017,2,-2
2019-12-25 16:00:12.736,12018,12019,12017,5,-5
2019-12-25 16:00:12.860,12017,12019,12017,1,-1
2019-12-25 16:00:12.871,12017,12019,12019,2,2
2019-12-25 16:00:21.444,12018,12019,12018,1,-1
2019-12-25 16:00:21.444,12018,12019,12017,1,-1
2019-12-25 16:00:33.823,12017,12018,12018,1,1
2019-12-25 16:01:46.791,12018,12019,12019,1,1
2019-12-25 16:02:02.856,12018,12019,12019,1,1
2019-12-25 16:04:22.483,12018,12019,12019,1,1
2019-12-25 16:04:45.281,12018,12019,12019,1,1
2019-12-25 16:06:01.025,12018,12019,12018,14,-14
2019-12-25 16:06:01.135,12017,12018,12018,3,3
2019-12-25 16:06:01.323,12017,12018,12017,1,-1
2019-12-25 16:06:01.332,12017,12018,12017,1,-1
2019-12-25 16:06:01.373,12017,12018,12018,3,3
2019-12-25 16:06:18.311,12018,12019,12018,1,-1
2019-12-25 16:06:18.311,12018,12019,12017,1,-1
2019-12-25 16:07:05.982,12017,12018,12018,1,1
2019-12-25 16:07:06.789,12017,12019,12017,2,-2
2019-12-25 16:07:17.900,12018,12019,12018,2,2
2019-12-25 16:07:21.517,12018,12019,12018,2,-2
2019-12-25 16:07:32.840,12018,12019,12018,3,-3
2019-12-25 16:08:22.252,12018,12019,12019,1,1
2019-12-25 16:08:36.892,12018,12019,12018,5,-5
2019-12-25 16:08:39.784,12018,12019,12019,1,1
2019-12-25 16:08:55.126,12018,12019,12019,1,1
2019-12-25 16:08:59.447,12018,12019,12018,5,-5
2019-12-25 16:13:00.850,12018,12019,12018,1,-1
2019-12-25 16:13:09.346,12018,12019,12018,1,-1
2019-12-25 16:13:17.100,12018,12019,12018,1,-1
2019-12-25 16:13:20.474,12018,12019,12019,5,5
2019-12-25 16:13:34.213,12018,12019,12019,1,1
2019-12-25 16:13:35.849,12018,12019,12019,1,1
2019-12-25 16:14:23.935,12018,12019,12019,1,1
2019-12-25 16:15:16.133,12018,12019,12019,1,1
2019-12-25 16:15:16.647,12018,12019,12019,2,2
2019-12-25 16:15:16.647,12018,12019,12020,3,3
2019-12-25 16:15:16.647,12018,12019,12020,5,5
2019-12-25 16:16:17.917,12018,12019,12019,1,1
2019-12-25 16:17:31.138,12018,12019,12019,1,1
2019-12-25 16:17:52.063,12018,12019,12019,1,1
2019-12-25 16:18:46.438,12018,12020,12020,1,1
2019-12-25 16:18:48.720,12019,12020,12019,1,-1
2019-12-25 16:21:37.116,12019,12020,12020,1,1
2019-12-25 16:21:44.916,12019,12020,12020,1,1
2019-12-25 16:21:57.557,12019,12020,12019,2,-2
2019-12-25 16:22:14.600,12019,12020,12019,1,-1
2019-12-25 16:22:20.051,12019,12020,12019,2,-2
2019-12-25 16:22:55.561,12018,12019,12019,1,1
2019-12-25 16:23:17.336,12018,12019,12019,1,1
2019-12-25 16:23:22.770,12018,12019,12019,2,2
2019-12-25 16:24:49.082,12018,12019,12019,2,2
2019-12-25 16:25:15.548,12018,12020,12018,1,-1
2019-12-25 16:27:00.579,12018,12019,12019,1,1
2019-12-25 16:27:16.339,12018,12019,12019,1,1
2019-12-25 16:28:54.601,12019,12020,12019,2,-2
2019-12-25 16:28:55.108,12019,12020,12020,1,1
2019-12-25 16:29:16.382,12019,12020,12020,2,2
2019-12-25 16:30:00.120,12019,12020,12020,2,2
2019-12-25 16:30:00.718,12019,12020,12019,1,-1
2019-12-25 16:30:01.235,12019,12020,12020,1,1
2019-12-25 16:30:01.281,12019,12020,12020,1,1
2019-12-25 16:30:01.752,12019,12020,12020,2,2
2019-12-25 16:31:00.185,12019,12020,12019,10,-10
2019-12-25 16:31:11.361,12019,12020,12019,1,-1
2019-12-25 16:33:45.085,12019,12020,12019,1,-1
2019-12-25 16:34:27.908,12019,12020,12019,1,-1
2019-12-25 16:35:24.203,12019,12020,12020,1,1
2019-12-25 16:35:34.754,12019,12020,12020,7,7
2019-12-25 16:35:35.093,12019,12020,12020,11,11
2019-12-25 16:35:35.217,12019,12020,12020,7,7
2019-12-25 16:35:35.217,12019,12020,12020,9,9
2019-12-25 16:35:35.342,12019,12020,12020,1,1
2019-12-25 16:35:35.342,12019,12020,12020,4,4
2019-12-25 16:35:47.150,12019,12020,12020,1,1
2019-12-25 16:36:44.965,12020,12021,12020,1,-1
2019-12-25 16:36:52.069,12020,12021,12020,5,-5
2019-12-25 16:36:53.151,12019,12020,12020,3,3
2019-12-25 16:37:00.571,12019,12020,12020,3,3
2019-12-25 16:37:39.066,12020,12021,12020,2,-2
2019-12-25 16:37:44.093,12020,12021,12020,3,-3
2019-12-25 16:37:57.154,12020,12021,12020,1,-1
2019-12-25 16:38:38.569,12020,12021,12020,6,-6
2019-12-25 16:38:52.915,12019,12020,12020,1,1
2019-12-25 16:39:13.768,12019,12020,12020,1,1
2019-12-25 16:39:16.785,12019,12020,12020,1,1
2019-12-25 16:39:35.720,12019,12020,12020,1,1
2019-12-25 16:39:38.033,12019,12020,12020,1,1
2019-12-25 16:40:44.497,12020,12021,12020,3,-3
2019-12-25 16:41:26.120,12019,12020,12020,1,1
2019-12-25 16:42:19.987,12020,12021,12020,1,-1
2019-12-25 16:42:51.026,12020,12021,12021,4,4
2019-12-25 16:42:51.363,12019,12020,12020,1,1
2019-12-25 16:43:07.422,12019,12020,12020,1,1
2019-12-25 16:43:20.665,12019,12020,12020,2,2
2019-12-25 16:43:20.665,12019,12020,12021,2,2
2019-12-25 16:43:46.493,12020,12021,12021,1,1
2019-12-25 16:44:24.956,12020,12021,12020,1,-1
2019-12-25 16:46:04.986,12020,12021,12021,2,2
2019-12-25 16:46:04.989,12020,12021,12021,2,2
2019-12-25 16:46:15.462,12020,12021,12021,2,2
2019-12-25 16:46:20.205,12020,12021,12021,5,5
2019-12-25 16:46:49.961,12020,12021,12021,1,1
2019-12-25 16:47:18.717,12020,12021,12021,1,1
2019-12-25 16:47:28.529,12020,12021,12021,1,1
2019-12-25 16:49:54.801,12020,12021,12020,1,-1
2019-12-25 16:50:36.404,12020,12021,12020,1,-1
2019-12-25 16:51:16.981,12020,12021,12020,10,-10
2019-12-25 16:52:48.987,12019,12020,12019,1,-1
2019-12-25 16:54:17.818,12019,12020,12019,1,-1
2019-12-25 16:54:17.915,12019,12020,12020,1,1
2019-12-25 16:54:24.867,12019,12020,12019,1,-1
2019-12-25 16:54:32.933,12019,12020,12019,2,-2
2019-12-25 16:55:07.287,12019,12020,12019,1,-1
2019-12-25 16:55:11.057,12019,12020,12019,1,-1
2019-12-25 16:56:00.856,12019,12020,12019,20,-20
2019-12-25 16:57:00.154,12019,12020,12019,3,-3
2019-12-25 16:57:07.179,12019,12020,12019,3,-3
2019-12-25 16:57:13.617,12019,12020,12019,3,-3
2019-12-25 16:57:15.919,12019,12020,12019,5,-5
2019-12-25 16:57:27.391,12019,12020,12019,1,-1
2019-12-25 16:57:48.187,12019,12020,12019,1,-1
2019-12-25 16:59:03.704,12019,12020,12019,1,-1
2019-12-25 16:59:30.596,12019,12020,12019,1,-1
2019-12-25 17:00:24.045,12019,12020,12019,1,-1
2019-12-25 17:04:01.464,12019,12020,12019,1,-1
2019-12-25 17:04:01.466,12019,12020,12019,1,-1
2019-12-25 17:04:01.748,12019,12020,12019,1,-1
2019-12-25 17:04:01.983,12019,12020,12019,1,-1
2019-12-25 17:04:08.959,12019,12020,12019,1,-1
2019-12-25 17:04:11.012,12019,12020,12019,1,-1
2019-12-25 17:05:15.495,12019,12020,12020,1,1
2019-12-25 17:05:21.165,12019,12020,12020,1,1
2019-12-25 17:07:20.733,12019,12020,12020,3,3
2019-12-25 17:07:32.713,12019,12020,12020,1,1
2019-12-25 17:07:34.692,12019,12020,12020,1,1
2019-12-25 17:07:35.710,12019,12020,12020,1,1
2019-12-25 17:07:37.295,12019,12020,12019,1,-1
2019-12-25 17:07:42.590,12019,12020,12020,1,1
2019-12-25 17:08:29.002,12019,12020,12020,1,1
2019-12-25 17:09:33.953,12019,12020,12020,1,1
2019-12-25 17:10:10.323,12019,12020,12020,5,5
2019-12-25 17:10:18.925,12019,12020,12020,1,1
2019-12-25 17:12:49.062,12019,12020,12020,2,2
2019-12-25 17:12:57.040,12019,12020,12020,9,9
2019-12-25 17:13:16.776,12020,12021,12020,1,-1
2019-12-25 17:13:20.281,12020,12021,12020,1,-1
2019-12-25 17:13:30.870,12020,12021,12021,1,1
2019-12-25 17:13:44.249,12020,12021,12021,3,3
2019-12-25 17:14:06.482,12020,12021,12021,2,2
2019-12-25 17:14:43.075,12020,12021,12020,1,-1
2019-12-25 17:15:40.889,12020,12021,12020,1,-1
2019-12-25 17:17:58.152,12020,12021,12020,1,-1
2019-12-25 17:18:47.411,12020,12021,12021,1,1
2019-12-25 17:19:06.153,12020,12021,12021,1,1
2019-12-25 17:19:24.123,12020,12021,12021,3,3
2019-12-25 17:19:24.127,12020,12021,12020,1,-1
2019-12-25 17:19:26.189,12020,12021,12021,2,2
2019-12-25 17:19:56.368,12020,12021,12020,25,-25
2019-12-25 17:20:01.282,12020,12021,12020,1,-1
2019-12-25 17:20:19.764,12020,12021,12020,1,-1
2019-12-25 17:20:26.906,12020,12021,12020,1,-1
2019-12-25 17:20:28.044,12020,12021,12020,1,-1
2019-12-25 17:20:47.159,12020,12021,12020,1,-1
2019-12-25 17:21:52.750,12020,12021,12021,1,1
2019-12-25 17:22:57.638,12020,12021,12020,1,-1
2019-12-25 17:23:18.890,12020,12021,12020,2,-2
2019-12-25 17:23:23.404,12020,12021,12020,1,-1
2019-12-25 17:23:32.518,12020,12021,12020,1,-1
2019-12-25 17:24:06.260,12019,12020,12020,1,1
2019-12-25 17:24:28.104,12019,12020,12020,1,1
2019-12-25 17:25:52.760,12019,12020,12020,1,1
2019-12-25 17:25:52.873,12020,12021,12020,1,-1
2019-12-25 17:27:43.259,12020,12021,12020,2,-2
2019-12-25 17:28:15.215,12020,12021,12020,1,-1
2019-12-25 17:31:43.967,12020,12021,12020,3,-3
2019-12-25 17:32:20.242,12019,12020,12020,1,1
2019-12-25 17:33:16.332,12019,12021,12021,1,1
2019-12-25 17:36:57.682,12020,12021,12020,1,-1
2019-12-25 17:37:58.094,12020,12021,12020,1,-1
2019-12-25 17:38:02.665,12020,12021,12021,1,1
2019-12-25 17:38:05.081,12020,12021,12020,2,-2
2019-12-25 17:38:27.302,12020,12021,12020,3,-3
2019-12-25 17:39:24.976,12020,12021,12021,1,1
2019-12-25 17:39:42.249,12020,12021,12020,1,-1
2019-12-25 17:40:19.303,12020,12021,12020,1,-1
2019-12-25 17:40:19.992,12020,12021,12020,1,-1
2019-12-25 17:41:00.127,12020,12021,12021,5,5
2019-12-25 17:42:17.318,12020,12021,12020,1,-1
2019-12-25 17:46:08.151,12020,12021,12020,2,-2
2019-12-25 17:46:13.662,12019,12020,12020,1,1
2019-12-25 17:47:26.421,12020,12021,12020,1,-1
2019-12-25 17:48:17.591,12020,12021,12021,1,1
2019-12-25 17:48:42.657,12020,12021,12021,6,6
2019-12-25 17:48:51.510,12020,12021,12021,1,1
2019-12-25 17:50:13.990,12020,12021,12020,4,-4
2019-12-25 17:50:26.048,12020,12021,12020,1,-1
2019-12-25 17:50:45.632,12020,12021,12020,3,-3
2019-12-25 17:50:57.403,12019,12020,12020,1,1
2019-12-25 17:51:46.512,12020,12021,12020,1,-1
2019-12-25 17:54:54.342,12020,12021,12020,4,-4
2019-12-25 17:56:13.930,12019,12020,12020,1,1
2019-12-25 17:56:42.259,12019,12021,12019,1,-1
2019-12-25 17:56:43.063,12019,12021,12019,2,-2
2019-12-25 17:56:43.396,12019,12021,12019,2,-2
2019-12-25 17:57:33.552,12019,12020,12019,1,-1
2019-12-25 17:57:37.110,12019,12020,12019,1,-1
2019-12-25 17:57:40.117,12019,12020,12019,1,-1
2019-12-25 17:58:16.758,12019,12020,12019,1,-1
2019-12-25 17:58:35.599,12019,12020,12019,3,-3
2019-12-25 17:58:35.718,12019,12020,12019,4,-4
2019-12-25 17:58:48.528,12018,12019,12019,2,2
2019-12-25 17:59:11.672,12018,12019,12018,3,-3
2019-12-25 17:59:12.015,12018,12019,12018,1,-1
2019-12-25 17:59:13.479,12018,12019,12018,1,-1
2019-12-25 17:59:14.522,12018,12019,12018,4,-4
2019-12-25 17:59:16.619,12018,12019,12018,2,-2
2019-12-25 17:59:18.222,12018,12019,12019,3,3
2019-12-25 17:59:20.319,12018,12019,12019,1,1
2019-12-25 17:59:28.798,12019,12020,12020,2,2
2019-12-25 17:59:30.142,12019,12020,12020,2,2
2019-12-25 17:59:43.245,12019,12020,12020,2,2
2019-12-25 17:59:51.862,12019,12020,12020,3,3
2019-12-25 17:59:52.130,12019,12020,12020,1,1
2019-12-25 17:59:59.034,12019,12020,12020,2,2
2019-12-25 18:00:00.970,12020,12021,12021,1,1
2019-12-25 18:00:01.737,12020,12021,12021,1,1
2019-12-25 18:00:03.052,12020,12021,12021,1,1
2019-12-25 18:00:03.720,12020,12021,12021,1,1
2019-12-25 18:00:07.151,12020,12021,12021,2,2
2019-12-25 18:00:07.749,12020,12021,12021,2,2
2019-12-25 18:00:18.663,12020,12021,12021,1,1
2019-12-25 18:00:27.259,12020,12021,12020,1,-1
2019-12-25 18:00:28.342,12020,12021,12020,1,-1
2019-12-25 18:01:56.012,12019,12020,12020,2,2
2019-12-25 18:03:28.254,12019,12020,12019,1,-1
2019-12-25 18:04:40.709,12019,12020,12020,2,2
2019-12-25 18:05:24.092,12019,12020,12019,11,-11
2019-12-25 18:05:24.217,12019,12020,12019,6,-6
2019-12-25 18:05:54.292,12018,12019,12019,1,1
2019-12-25 18:06:13.898,12018,12019,12018,1,-1
2019-12-25 18:06:14.477,12018,12019,12018,1,-1
2019-12-25 18:06:14.699,12018,12019,12018,1,-1
2019-12-25 18:06:14.778,12018,12019,12018,1,-1
2019-12-25 18:06:14.950,12018,12019,12018,1,-1
2019-12-25 18:06:46.067,12018,12019,12018,1,-1
2019-12-25 18:06:59.990,12018,12019,12019,1,1
2019-12-25 18:07:14.268,12018,12019,12019,1,1
2019-12-25 18:07:44.259,12018,12019,12019,1,1
2019-12-25 18:09:52.088,12019,12020,12019,5,-5
2019-12-25 18:10:48.848,12019,12020,12019,1,-1
2019-12-25 18:11:20.788,12019,12020,12020,2,2
2019-12-25 18:17:44.633,12019,12020,12020,1,1
2019-12-25 18:22:08.191,12019,12020,12020,10,10
2019-12-25 18:26:21.412,12019,12020,12020,2,2
2019-12-25 18:31:05.640,12019,12020,12020,1,1
2019-12-25 18:35:14.210,12019,12020,12020,2,2
2019-12-25 18:41:46.488,12019,12020,12020,2,2
2019-12-25 18:45:46.521,12019,12020,12020,1,1
2019-12-25 18:45:47.384,12019,12020,12020,1,1
2019-12-25 18:49:00.527,12019,12020,12020,1,1
2019-12-25 18:52:06.806,12019,12020,12020,1,1
2019-12-25 18:53:15.180,12019,12020,12020,3,3
2019-12-25 18:55:01.291,12019,12020,12019,1,-1
2019-12-25 18:55:56.034,12019,12020,12020,3,3
2019-12-25 18:58:54.919,12019,12020,12019,1,-1
2019-12-25 18:59:45.993,12019,12020,12019,1,-1
2019-12-25 19:03:32.419,12019,12020,12020,1,1
2019-12-25 19:03:32.978,12019,12020,12019,1,-1
2019-12-25 19:03:45.520,12019,12020,12020,1,1
2019-12-25 19:10:37.251,12019,12020,12020,1,1
2019-12-25 19:12:55.385,12019,12020,12020,1,1
2019-12-25 19:14:05.603,12019,12020,12020,1,1
2019-12-25 19:14:05.997,12019,12020,12020,3,3
2019-12-25 19:14:06.158,12019,12020,12020,2,2
2019-12-25 19:14:06.178,12019,12020,12020,1,1
2019-12-25 19:14:06.522,12019,12020,12020,1,1
2019-12-25 19:17:16.048,12019,12020,12020,1,1
2019-12-25 19:19:15.820,12019,12020,12020,1,1
2019-12-25 19:21:26.438,12019,12020,12020,4,4
2019-12-25 19:26:43.714,12019,12020,12019,10,-10
2019-12-25 19:28:18.065,12019,12020,12019,10,-10
2019-12-25 19:28:18.391,12019,12020,12020,2,2
2019-12-25 19:31:42.114,12019,12020,12020,1,1
2019-12-25 19:34:02.685,12019,12020,12019,1,-1
2019-12-25 19:34:03.351,12019,12020,12019,1,-1
2019-12-25 19:34:03.459,12019,12020,12019,1,-1
2019-12-25 19:34:03.937,12019,12020,12019,1,-1
2019-12-25 19:35:28.463,12019,12020,12019,19,-19
2019-12-25 19:35:29.042,12018,12019,12019,1,1
2019-12-25 19:37:57.735,12019,12020,12019,2,-2
2019-12-25 19:38:22.949,12019,12020,12019,1,-1
2019-12-25 19:38:52.248,12019,12020,12019,4,-4
2019-12-25 19:39:15.041,12018,12019,12019,1,1
2019-12-25 19:39:52.485,12018,12019,12018,1,-1
2019-12-25 19:39:52.664,12018,12019,12018,2,-2
2019-12-25 19:39:52.670,12018,12019,12018,5,-5
2019-12-25 19:39:52.676,12018,12019,12018,4,-4
2019-12-25 19:39:52.686,12018,12019,12018,5,-5
2019-12-25 19:39:52.688,12018,12019,12018,5,-5
2019-12-25 19:39:52.812,12018,12019,12018,5,-5
2019-12-25 19:39:52.815,12018,12019,12018,2,-2
2019-12-25 19:39:52.861,12018,12019,12018,4,-4
2019-12-25 19:39:52.889,12018,12019,12018,5,-5
2019-12-25 19:39:52.924,12018,12019,12018,4,-4
2019-12-25 19:39:52.941,12018,12019,12018,4,-4
2019-12-25 19:39:52.947,12018,12019,12018,5,-5
2019-12-25 19:39:52.965,12018,12019,12018,2,-2
2019-12-25 19:39:52.970,12018,12019,12018,2,-2
2019-12-25 19:39:53.002,12018,12019,12018,1,-1
2019-12-25 19:39:53.073,12018,12019,12018,6,-6
2019-12-25 19:39:53.090,12018,12019,12018,1,-1
2019-12-25 19:39:53.281,12018,12019,12018,1,-1
2019-12-25 19:39:53.365,12018,12019,12018,1,-1
2019-12-25 19:39:53.549,12018,12019,12018,4,-4
2019-12-25 19:39:53.585,12018,12019,12018,1,-1
2019-12-25 19:39:53.777,12018,12019,12018,1,-1
2019-12-25 19:39:53.805,12018,12019,12018,1,-1
2019-12-25 19:39:53.999,12018,12019,12018,2,-2
2019-12-25 19:39:54.024,12018,12019,12018,2,-2
2019-12-25 19:39:54.186,12018,12019,12018,1,-1
2019-12-25 19:40:17.011,12018,12019,12019,1,1
2019-12-25 19:40:42.443,12018,12019,12018,1,-1
2019-12-25 19:41:03.633,12018,12019,12018,1,-1
2019-12-25 19:41:19.514,12018,12019,12019,1,1
2019-12-25 19:41:56.929,12018,12019,12019,1,1
2019-12-25 19:42:21.787,12018,12019,12019,1,1
2019-12-25 19:44:31.794,12018,12019,12018,1,-1
2019-12-25 19:44:44.462,12018,12019,12018,1,-1
2019-12-25 19:44:49.865,12018,12019,12018,1,-1
2019-12-25 19:45:12.629,12018,12019,12018,1,-1
2019-12-25 19:45:13.763,12018,12019,12018,2,-2
2019-12-25 19:46:46.209,12018,12019,12018,2,-2
2019-12-25 19:49:22.299,12018,12019,12019,1,1
2019-12-25 19:49:44.639,12018,12019,12018,1,-1
2019-12-25 19:50:30.618,12018,12019,12019,1,1
2019-12-25 19:50:31.696,12018,12019,12018,1,-1
2019-12-25 19:51:23.666,12018,12019,12019,5,5
2019-12-25 19:51:24.222,12018,12019,12019,5,5
2019-12-25 19:51:24.224,12018,12019,12019,2,2
2019-12-25 19:51:54.737,12018,12020,12020,1,1
2019-12-25 19:52:09.490,12019,12020,12020,1,1
2019-12-25 19:54:24.571,12019,12020,12020,3,3
2019-12-25 19:54:45.315,12019,12020,12019,3,-3
2019-12-25 19:54:45.315,12019,12020,12018,2,-2
2019-12-25 19:54:45.327,12019,12020,12018,2,-2
2019-12-25 19:56:37.768,12018,12019,12019,1,1
2019-12-25 19:57:21.735,12018,12019,12019,1,1
2019-12-25 19:57:31.794,12018,12019,12019,1,1
2019-12-25 19:57:35.328,12018,12019,12019,3,3
2019-12-25 19:59:12.650,12019,12020,12019,1,-1
2019-12-25 20:02:32.918,12019,12020,12020,1,1
2019-12-25 20:02:33.817,12019,12020,12020,2,2
2019-12-25 20:02:37.325,12019,12020,12019,1,-1
2019-12-25 20:02:37.532,12019,12020,12019,1,-1
2019-12-25 20:03:10.336,12018,12020,12018,1,-1
2019-12-25 20:03:58.727,12018,12019,12018,2,-2
2019-12-25 20:04:22.063,12018,12019,12018,1,-1
2019-12-25 20:04:27.418,12018,12019,12018,1,-1
2019-12-25 20:13:47.157,12018,12019,12019,1,1
2019-12-25 20:13:47.690,12018,12019,12018,1,-1
2019-12-25 20:20:17.961,12018,12019,12019,1,1
2019-12-25 20:24:19.812,12018,12019,12018,1,-1
2019-12-25 20:24:20.377,12018,12019,12018,1,-1
2019-12-25 20:25:01.311,12018,12019,12018,1,-1
2019-12-25 20:27:14.965,12018,12019,12018,2,-2
2019-12-25 20:32:32.103,12018,12019,12019,5,5
2019-12-25 20:32:32.733,12018,12019,12018,2,-2
2019-12-25 20:32:32.875,12018,12019,12018,4,-4
2019-12-25 20:32:33.526,12018,12019,12018,2,-2
2019-12-25 20:32:33.527,12018,12019,12018,2,-2
2019-12-25 20:32:34.169,12018,12019,12018,3,-3
2019-12-25 20:32:34.358,12018,12019,12018,2,-2
2019-12-25 20:32:35.669,12018,12019,12018,1,-1
2019-12-25 20:33:25.386,12018,12019,12019,1,1
2019-12-25 20:33:56.744,12018,12019,12019,1,1
2019-12-25 20:38:13.598,12018,12019,12018,1,-1
2019-12-25 20:38:25.514,12018,12019,12018,1,-1
2019-12-25 20:39:14.728,12018,12019,12019,1,1
2019-12-25 20:39:22.670,12018,12019,12019,5,5
2019-12-25 20:39:32.605,12018,12019,12019,2,2
2019-12-25 20:40:37.436,12018,12019,12019,1,1
2019-12-25 20:40:50.336,12018,12019,12018,1,-1
2019-12-25 20:43:15.364,12018,12019,12019,1,1
2019-12-25 20:44:27.456,12018,12019,12019,1,1
2019-12-25 20:45:27.616,12018,12019,12019,2,2
2019-12-25 20:47:39.317,12018,12019,12019,2,2
2019-12-25 20:48:30.729,12018,12019,12019,1,1
2019-12-25 20:49:51.261,12018,12019,12019,12,12
2019-12-25 20:49:54.951,12018,12019,12019,1,1
2019-12-25 20:50:04.344,12018,12019,12019,1,1
2019-12-25 20:52:02.099,12018,12019,12018,1,-1
2019-12-25 20:52:03.573,12018,12019,12018,1,-1
2019-12-25 20:52:22.119,12018,12019,12019,1,1
2019-12-25 20:52:42.044,12018,12019,12019,4,4
2019-12-25 20:55:02.859,12018,12019,12019,1,1
2019-12-25 20:55:04.420,12018,12019,12018,1,-1
2019-12-25 20:55:04.617,12018,12019,12019,1,1
2019-12-25 20:55:40.054,12018,12019,12018,1,-1
2019-12-25 20:55:52.920,12018,12019,12019,1,1
2019-12-25 20:56:20.890,12018,12019,12019,1,1
2019-12-25 20:57:27.761,12018,12019,12018,3,-3
2019-12-25 20:58:52.092,12018,12019,12018,1,-1
2019-12-25 20:59:05.167,12018,12019,12019,1,1
2019-12-25 20:59:47.804,12018,12019,12019,1,1
2019-12-25 21:00:14.148,12018,12019,12019,1,1
2019-12-25 21:00:35.915,12018,12019,12019,1,1
2019-12-25 21:04:07.723,12018,12019,12018,1,-1
2019-12-25 21:04:08.643,12018,12019,12018,1,-1
2019-12-25 21:05:29.851,12018,12019,12018,1,-1
2019-12-25 21:06:00.517,12018,12019,12018,1,-1
2019-12-25 21:06:03.163,12018,12019,12018,1,-1
2019-12-25 21:07:49.682,12018,12019,12019,1,1
2019-12-25 21:10:13.201,12018,12019,12019,4,4
2019-12-25 21:11:07.649,12018,12019,12019,1,1
2019-12-25 21:13:32.991,12018,12019,12019,1,1
2019-12-25 21:16:11.969,12018,12019,12019,2,2
2019-12-25 21:18:03.706,12018,12019,12019,1,1
2019-12-25 21:18:03.999,12018,12019,12019,1,1
2019-12-25 21:18:57.714,12018,12019,12019,8,8
2019-12-25 21:19:09.695,12018,12019,12018,1,-1
2019-12-25 21:19:09.871,12018,12019,12018,1,-1
2019-12-25 21:19:10.531,12018,12019,12018,1,-1
2019-12-25 21:19:10.877,12018,12019,12018,1,-1
2019-12-25 21:19:10.966,12018,12019,12018,1,-1
2019-12-25 21:21:37.216,12018,12019,12019,1,1
2019-12-25 21:25:11.956,12018,12019,12019,1,1
2019-12-25 21:25:45.116,12018,12019,12019,1,1
2019-12-25 21:25:47.953,12018,12019,12019,1,1
2019-12-25 21:25:56.666,12018,12019,12019,1,1
2019-12-25 21:26:07.736,12018,12019,12019,1,1
2019-12-25 21:26:11.212,12018,12019,12019,4,4
2019-12-25 21:26:16.198,12018,12019,12019,1,1
2019-12-25 21:27:38.489,12019,12020,12019,1,-1
2019-12-25 21:30:54.236,12019,12020,12019,9,-9
2019-12-25 21:31:36.848,12018,12019,12019,1,1
2019-12-25 21:33:32.669,12018,12019,12019,1,1
2019-12-25 21:34:11.148,12018,12019,12019,1,1
2019-12-25 21:34:44.149,12018,12019,12019,3,3
2019-12-25 21:35:11.342,12018,12019,12019,8,8
2019-12-25 21:35:36.138,12019,12020,12019,1,-1
2019-12-25 21:40:17.351,12019,12020,12020,2,2
2019-12-25 21:40:47.905,12019,12020,12020,1,1
2019-12-25 21:42:27.187,12019,12020,12019,1,-1
2019-12-25 21:42:33.081,12019,12020,12020,1,1
2019-12-25 21:42:35.316,12019,12020,12020,1,1
2019-12-25 21:42:37.908,12019,12020,12020,1,1
2019-12-25 21:45:39.944,12019,12020,12019,1,-1
2019-12-25 21:46:44.034,12019,12020,12019,1,-1
2019-12-25 21:46:45.962,12019,12020,12020,1,1
2019-12-25 21:49:01.437,12019,12020,12019,1,-1
2019-12-25 21:49:51.431,12019,12020,12020,1,1
2019-12-25 21:49:52.225,12019,12020,12020,1,1
2019-12-25 21:49:52.226,12019,12020,12020,1,1
2019-12-25 21:49:52.271,12019,12020,12020,1,1
2019-12-25 21:49:52.276,12019,12020,12020,1,1
2019-12-25 21:50:26.680,12019,12020,12019,2,-2
2019-12-25 21:52:19.081,12019,12020,12019,2,-2
2019-12-25 21:53:11.088,12019,12020,12019,14,-14
2019-12-25 21:53:20.327,12019,12020,12019,2,-2
2019-12-25 21:54:36.067,12019,12020,12019,1,-1
2019-12-25 21:54:51.490,12019,12020,12019,2,-2
2019-12-25 21:55:59.526,12019,12020,12019,3,-3
2019-12-25 21:57:08.687,12018,12020,12018,2,-2
2019-12-25 21:57:08.785,12018,12020,12018,1,-1
2019-12-25 21:57:08.786,12018,12020,12018,4,-4
2019-12-25 21:57:08.877,12018,12020,12018,2,-2
2019-12-25 21:57:08.878,12018,12020,12018,4,-4
2019-12-25 21:57:08.929,12018,12020,12018,4,-4
2019-12-25 21:57:09.598,12018,12020,12018,1,-1
2019-12-25 21:57:09.688,12018,12020,12018,1,-1
2019-12-25 21:57:09.731,12018,12020,12018,2,-2
2019-12-25 21:57:09.775,12018,12020,12018,1,-1
2019-12-25 21:57:09.801,12018,12020,12018,1,-1
2019-12-25 22:00:20.731,12018,12019,12019,3,3
2019-12-25 22:02:17.623,12018,12019,12019,10,10
2019-12-25 22:02:27.081,12018,12019,12019,1,1
2019-12-25 22:02:38.568,12018,12019,12019,3,3
2019-12-25 22:04:17.093,12018,12019,12019,3,3
2019-12-25 22:05:12.325,12018,12019,12019,9,9
2019-12-25 22:06:53.572,12018,12019,12019,1,1
2019-12-25 22:06:54.022,12018,12019,12018,2,-2
2019-12-25 22:07:15.867,12018,12019,12018,1,-1
2019-12-25 22:07:34.464,12018,12019,12018,1,-1
2019-12-25 22:08:34.986,12018,12019,12019,1,1
2019-12-25 22:09:03.301,12018,12019,12019,1,1
2019-12-25 22:10:47.862,12018,12019,12019,1,1
2019-12-25 22:11:56.118,12018,12019,12019,1,1
2019-12-25 22:14:44.426,12018,12019,12019,1,1
2019-12-25 22:16:51.861,12018,12019,12018,1,-1
2019-12-25 22:16:54.095,12018,12019,12018,5,-5
2019-12-25 22:17:20.385,12018,12019,12019,1,1
2019-12-25 22:17:30.398,12018,12019,12018,5,-5
2019-12-25 22:18:03.831,12018,12019,12018,1,-1
2019-12-25 22:20:17.839,12018,12019,12018,1,-1
2019-12-25 22:20:17.987,12018,12019,12019,4,4
2019-12-25 22:21:49.218,12018,12019,12019,3,3
2019-12-25 22:21:50.672,12018,12019,12018,2,-2
2019-12-25 22:22:06.812,12018,12019,12019,5,5
2019-12-25 22:22:20.226,12018,12019,12018,1,-1
2019-12-25 22:22:24.358,12018,12019,12019,1,1
2019-12-25 22:24:54.704,12018,12019,12018,1,-1
2019-12-25 22:25:21.088,12018,12019,12018,1,-1
2019-12-25 22:25:32.991,12018,12019,12018,2,-2
2019-12-25 22:26:24.306,12018,12019,12018,5,-5
2019-12-25 22:26:32.498,12018,12019,12018,2,-2
2019-12-25 22:29:29.682,12018,12019,12019,3,3
2019-12-25 22:29:41.844,12018,12019,12019,1,1
2019-12-25 22:31:56.481,12018,12019,12018,1,-1
2019-12-25 22:31:57.405,12018,12019,12019,1,1
2019-12-25 22:32:26.137,12018,12019,12018,1,-1
2019-12-25 22:32:27.742,12018,12019,12019,3,3
2019-12-25 22:32:49.767,12018,12019,12019,3,3
2019-12-25 22:33:16.456,12018,12019,12019,3,3
2019-12-25 22:33:33.293,12018,12019,12019,3,3
2019-12-25 22:33:50.040,12018,12019,12019,3,3
2019-12-25 22:34:57.049,12018,12019,12019,1,1
2019-12-25 22:34:58.909,12018,12019,12019,6,6
2019-12-25 22:37:46.946,12018,12019,12019,1,1
2019-12-25 22:38:09.886,12018,12019,12019,1,1
2019-12-25 22:40:21.321,12018,12019,12019,2,2
2019-12-25 22:40:42.409,12018,12019,12019,7,7
2019-12-25 22:41:13.605,12018,12019,12019,1,1
2019-12-25 22:41:13.947,12018,12019,12019,1,1
2019-12-25 22:41:26.040,12018,12019,12019,31,31
2019-12-25 22:41:31.595,12018,12020,12020,1,1
2019-12-25 22:41:32.146,12018,12020,12020,1,1
2019-12-25 22:41:32.438,12018,12020,12018,1,-1
2019-12-25 22:41:32.555,12018,12020,12020,4,4
2019-12-25 22:41:33.029,12018,12020,12020,1,1
2019-12-25 22:41:33.035,12018,12020,12020,1,1
2019-12-25 22:41:33.044,12018,12020,12020,2,2
2019-12-25 22:41:33.048,12018,12020,12020,1,1
2019-12-25 22:41:33.048,12018,12020,12020,2,2
2019-12-25 22:41:33.118,12018,12020,12020,2,2
2019-12-25 22:41:33.131,12018,12020,12020,1,1
2019-12-25 22:41:33.184,12018,12020,12020,1,1
2019-12-25 22:41:33.556,12019,12020,12019,1,-1
2019-12-25 22:43:35.418,12019,12020,12019,1,-1
2019-12-25 22:47:40.997,12019,12020,12019,1,-1
2019-12-25 22:49:18.986,12019,12020,12019,1,-1
2019-12-25 22:49:32.077,12019,12020,12020,1,1
2019-12-25 22:50:03.070,12019,12020,12019,1,-1
2019-12-25 22:50:52.537,12019,12020,12019,1,-1
2019-12-25 22:52:21.136,12019,12020,12019,2,-2
2019-12-25 22:54:41.358,12019,12020,12019,1,-1
2019-12-25 22:58:42.468,12019,12020,12020,1,1
2019-12-25 22:59:35.353,12019,12020,12020,3,3
2019-12-25 23:03:08.110,12019,12020,12020,1,1
2019-12-25 23:03:08.413,12019,12020,12020,10,10
2019-12-25 23:03:08.413,12019,12020,12020,1,1
2019-12-25 23:03:08.430,12019,12020,12020,4,4
2019-12-25 23:03:08.530,12019,12020,12020,2,2
2019-12-25 23:03:08.626,12019,12020,12020,1,1
2019-12-25 23:03:08.654,12019,12020,12020,2,2
2019-12-25 23:03:08.661,12019,12020,12020,5,5
2019-12-25 23:03:08.686,12019,12020,12020,3,3
2019-12-25 23:03:08.703,12019,12020,12020,3,3
2019-12-25 23:03:08.713,12019,12020,12020,3,3
2019-12-25 23:03:08.717,12019,12020,12020,1,1
2019-12-25 23:03:08.717,12019,12020,12020,13,13
2019-12-25 23:03:08.717,12019,12020,12020,2,2
2019-12-25 23:03:08.717,12019,12020,12020,4,4
2019-12-25 23:03:08.717,12019,12020,12020,4,4
2019-12-25 23:03:08.994,12019,12020,12020,4,4
2019-12-25 23:03:09.187,12019,12020,12020,1,1
2019-12-25 23:03:09.277,12019,12020,12020,1,1
2019-12-25 23:03:28.369,12019,12020,12020,2,2
2019-12-25 23:03:34.538,12019,12020,12020,1,1
2019-12-25 23:03:41.195,12019,12020,12020,1,1
2019-12-25 23:04:05.723,12019,12020,12020,1,1
2019-12-25 23:04:08.190,12019,12020,12020,1,1
2019-12-25 23:04:52.997,12019,12020,12020,1,1
2019-12-25 23:05:09.249,12019,12020,12019,7,-7
2019-12-25 23:08:05.083,12019,12020,12019,1,-1
2019-12-25 23:11:36.843,12019,12020,12020,1,1
2019-12-25 23:11:37.213,12019,12020,12020,1,1
2019-12-25 23:12:57.369,12019,12020,12020,1,1
2019-12-25 23:13:12.553,12019,12020,12019,1,-1
2019-12-25 23:17:18.220,12019,12020,12019,2,-2
2019-12-25 23:21:58.683,12019,12020,12020,1,1
2019-12-25 23:22:40.858,12019,12020,12020,1,1
2019-12-25 23:23:40.093,12019,12020,12019,3,-3
2019-12-25 23:24:42.234,12019,12020,12019,2,-2
2019-12-25 23:24:51.297,12019,12020,12019,2,-2
2019-12-25 23:28:21.938,12019,12020,12019,5,-5
2019-12-25 23:29:20.814,12019,12020,12020,2,2
2019-12-25 23:29:44.036,12019,12020,12020,3,3
2019-12-25 23:30:45.968,12019,12020,12020,1,1
2019-12-25 23:30:47.491,12019,12020,12020,1,1
2019-12-25 23:30:47.618,12019,12020,12020,1,1
2019-12-25 23:32:04.395,12019,12020,12020,10,10
2019-12-25 23:32:23.106,12019,12020,12020,6,6
2019-12-25 23:32:30.501,12019,12020,12020,1,1
2019-12-25 23:34:02.124,12019,12020,12020,1,1
2019-12-25 23:35:09.992,12019,12020,12019,1,-1
2019-12-25 23:36:10.014,12019,12020,12019,1,-1
2019-12-25 23:38:29.073,12019,12020,12019,40,-40
2019-12-25 23:38:51.748,12019,12020,12019,1,-1
2019-12-25 23:39:15.402,12019,12020,12020,1,1
2019-12-25 23:39:15.525,12019,12020,12020,2,2
2019-12-25 23:39:25.341,12019,12020,12020,1,1
2019-12-25 23:41:32.592,12019,12020,12020,4,4
2019-12-25 23:42:06.587,12019,12020,12020,1,1
2019-12-25 23:47:21.930,12019,12020,12020,1,1
2019-12-25 23:50:45.220,12019,12020,12020,5,5
2019-12-25 23:50:46.072,12019,12020,12019,5,-5
2019-12-25 23:51:21.806,12019,12020,12020,5,5
2019-12-25 23:51:22.201,12019,12020,12019,2,-2
2019-12-25 23:52:04.807,12019,12020,12020,5,5
2019-12-25 23:53:20.947,12019,12020,12020,2,2
2019-12-25 23:54:34.738,12019,12020,12019,1,-1
2019-12-25 23:54:35.141,12019,12020,12019,2,-2
2019-12-25 23:55:48.673,12019,12020,12019,1,-1
2019-12-25 23:55:48.809,12019,12020,12019,1,-1
2019-12-25 23:56:43.465,12019,12020,12020,1,1
2019-12-25 23:57:39.166,12019,12020,12019,1,-1
2019-12-25 23:57:39.247,12019,12020,12019,4,-4
2019-12-25 23:58:25.469,12019,12020,12019,1,-1
2019-12-25 23:58:45.108,12019,12020,12020,1,1
2019-12-25 23:58:55.097,12019,12020,12019,1,-1
2019-12-25 23:59:15.287,12019,12020,12020,1,1
2019-12-26 00:00:06.217,12019,12020,12019,18,-18
2019-12-26 00:00:06.342,12018,12019,12018,2,-2
2019-12-26 00:00:06.569,12018,12020,12018,4,-4
2019-12-26 00:00:06.705,12018,12020,12018,1,-1
2019-12-26 00:00:06.811,12018,12020,12018,1,-1
2019-12-26 00:00:06.815,12018,12020,12018,1,-1
2019-12-26 00:00:06.853,12018,12020,12018,1,-1
2019-12-26 00:00:06.854,12018,12020,12018,1,-1
2019-12-26 00:00:06.854,12018,12020,12018,1,-1
2019-12-26 00:00:06.859,12018,12020,12018,2,-2
2019-12-26 00:00:06.861,12018,12020,12018,1,-1
2019-12-26 00:00:06.862,12018,12020,12018,1,-1
2019-12-26 00:00:06.862,12018,12020,12018,1,-1
2019-12-26 00:00:06.862,12018,12020,12018,1,-1
2019-12-26 00:00:06.863,12018,12020,12018,1,-1
2019-12-26 00:00:06.865,12018,12020,12018,1,-1
2019-12-26 00:00:06.867,12018,12020,12018,1,-1
2019-12-26 00:00:06.867,12018,12020,12018,1,-1
2019-12-26 00:00:06.868,12018,12020,12018,1,-1
2019-12-26 00:00:06.868,12018,12020,12018,2,-2
2019-12-26 00:00:06.910,12018,12020,12018,1,-1
2019-12-26 00:00:06.913,12018,12020,12018,1,-1
2019-12-26 00:00:06.945,12018,12020,12018,2,-2
2019-12-26 00:00:06.961,12018,12020,12018,1,-1
2019-12-26 00:00:06.985,12018,12020,12018,16,-16
2019-12-26 00:00:06.989,12018,12020,12018,2,-2
2019-12-26 00:00:07.004,12018,12020,12018,1,-1
2019-12-26 00:00:07.055,12018,12020,12018,12,-12
2019-12-26 00:00:07.064,12018,12020,12018,12,-12
2019-12-26 00:00:07.110,12018,12019,12019,3,3
2019-12-26 00:00:07.157,12018,12019,12018,1,-1
2019-12-26 00:00:07.165,12018,12019,12018,1,-1
2019-12-26 00:00:07.187,12018,12019,12017,1,-1
2019-12-26 00:00:07.190,12018,12019,12017,1,-1
2019-12-26 00:00:07.192,12018,12019,12017,1,-1
2019-12-26 00:00:07.243,12017,12019,12017,1,-1
2019-12-26 00:00:07.308,12017,12019,12017,1,-1
2019-12-26 00:00:07.310,12017,12019,12017,1,-1
2019-12-26 00:00:07.318,12017,12019,12017,1,-1
2019-12-26 00:00:07.381,12017,12019,12017,8,-8
2019-12-26 00:00:07.441,12017,12019,12017,1,-1
2019-12-26 00:00:07.458,12017,12019,12017,1,-1
2019-12-26 00:00:07.513,12017,12019,12017,3,-3
2019-12-26 00:00:07.523,12017,12019,12017,1,-1
2019-12-26 00:00:07.534,12017,12019,12017,3,-3
2019-12-26 00:00:07.535,12017,12019,12017,1,-1
2019-12-26 00:00:07.536,12017,12019,12017,1,-1
2019-12-26 00:00:07.538,12017,12019,12017,1,-1
2019-12-26 00:00:07.632,12017,12019,12017,4,-4
2019-12-26 00:00:07.666,12017,12019,12017,1,-1
2019-12-26 00:00:07.675,12017,12019,12017,1,-1
2019-12-26 00:00:07.712,12017,12019,12017,2,-2
2019-12-26 00:00:07.768,12017,12019,12017,1,-1
2019-12-26 00:00:07.786,12017,12019,12017,2,-2
2019-12-26 00:00:07.827,12017,12019,12017,2,-2
2019-12-26 00:00:07.829,12017,12019,12017,3,-3
2019-12-26 00:00:07.838,12017,12019,12017,9,-9
2019-12-26 00:00:07.839,12017,12019,12017,1,-1
2019-12-26 00:00:07.839,12017,12019,12017,1,-1
2019-12-26 00:00:07.839,12017,12019,12016,2,-2
2019-12-26 00:00:07.847,12016,12019,12016,4,-4
2019-12-26 00:00:07.847,12016,12019,12016,1,-1
2019-12-26 00:00:07.847,12016,12019,12016,2,-2
2019-12-26 00:00:07.847,12016,12019,12016,2,-2
2019-12-26 00:00:07.847,12016,12019,12016,3,-3
2019-12-26 00:00:07.847,12016,12019,12016,7,-7
2019-12-26 00:00:07.879,12016,12019,12016,1,-1
2019-12-26 00:00:07.911,12016,12019,12016,3,-3
2019-12-26 00:00:07.917,12016,12019,12015,1,-1
2019-12-26 00:00:07.939,12016,12019,12015,1,-1
2019-12-26 00:00:07.939,12016,12019,12015,7,-7
2019-12-26 00:00:07.939,12016,12019,12015,3,-3
2019-12-26 00:00:07.951,12016,12019,12015,3,-3
2019-12-26 00:00:07.951,12016,12019,12015,2,-2
2019-12-26 00:00:07.988,12015,12019,12015,2,-2
2019-12-26 00:00:08.008,12015,12019,12015,1,-1
2019-12-26 00:00:08.019,12015,12019,12015,4,-4
2019-12-26 00:00:08.046,12015,12019,12015,5,-5
2019-12-26 00:00:08.048,12015,12019,12015,8,-8
2019-12-26 00:00:08.048,12015,12019,12015,5,-5
2019-12-26 00:00:08.048,12015,12019,12015,1,-1
2019-12-26 00:00:08.061,12015,12019,12015,1,-1
2019-12-26 00:00:08.181,12015,12019,12015,3,-3
2019-12-26 00:00:08.192,12015,12019,12015,1,-1
2019-12-26 00:00:08.236,12015,12019,12015,1,-1
2019-12-26 00:00:08.254,12015,12019,12015,2,-2
2019-12-26 00:00:08.265,12015,12019,12015,1,-1
2019-12-26 00:00:08.272,12015,12019,12015,2,-2
2019-12-26 00:00:08.284,12015,12019,12014,1,-1
2019-12-26 00:00:08.288,12015,12019,12014,2,-2
2019-12-26 00:00:08.300,12015,12019,12014,1,-1
2019-12-26 00:00:08.312,12015,12019,12014,2,-2
2019-12-26 00:00:08.382,12014,12019,12014,4,-4
2019-12-26 00:00:08.401,12014,12019,12014,1,-1
2019-12-26 00:00:08.413,12014,12019,12014,1,-1
2019-12-26 00:00:08.439,12014,12019,12014,3,-3
2019-12-26 00:00:08.457,12014,12019,12014,1,-1
2019-12-26 00:00:08.472,12014,12019,12014,2,-2
2019-12-26 00:00:08.501,12014,12019,12014,1,-1
2019-12-26 00:00:08.504,12014,12019,12014,1,-1
2019-12-26 00:00:08.528,12014,12019,12014,3,-3
2019-12-26 00:00:08.634,12014,12019,12014,5,-5
2019-12-26 00:00:08.641,12014,12019,12014,4,-4
2019-12-26 00:00:08.739,12014,12019,12014,3,-3
2019-12-26 00:00:08.757,12014,12019,12014,1,-1
2019-12-26 00:00:08.847,12014,12019,12014,1,-1
2019-12-26 00:00:08.997,12014,12019,12014,1,-1
2019-12-26 00:00:09.081,12014,12019,12014,4,-4
2019-12-26 00:00:09.321,12014,12019,12014,1,-1
2019-12-26 00:00:09.338,12014,12019,12014,1,-1
2019-12-26 00:00:09.505,12014,12019,12014,1,-1
2019-12-26 00:00:09.556,12014,12019,12014,2,-2
2019-12-26 00:00:09.558,12014,12019,12014,2,-2
2019-12-26 00:00:09.660,12013,12019,12013,2,-2
2019-12-26 00:00:09.737,12013,12019,12013,2,-2
2019-12-26 00:00:09.741,12013,12019,12013,1,-1
2019-12-26 00:00:09.801,12013,12019,12013,1,-1
2019-12-26 00:00:09.831,12013,12019,12013,2,-2
2019-12-26 00:00:09.942,12013,12019,12013,1,-1
2019-12-26 00:00:10.028,12013,12019,12013,1,-1
2019-12-26 00:00:10.376,12013,12019,12013,1,-1
2019-12-26 00:00:10.396,12013,12019,12013,1,-1
2019-12-26 00:00:10.608,12013,12019,12013,1,-1
2019-12-26 00:00:10.836,12013,12019,12013,1,-1
2019-12-26 00:00:11.142,12013,12019,12013,1,-1
2019-12-26 00:00:11.190,12013,12019,12013,1,-1
2019-12-26 00:00:48.285,12014,12019,12014,2,2
2019-12-26 00:01:20.216,12014,12016,12014,2,-2
2019-12-26 00:01:23.406,12014,12016,12016,1,1
2019-12-26 00:01:37.645,12014,12017,12017,1,1
2019-12-26 00:02:29.563,12015,12016,12016,1,1
2019-12-26 00:03:01.967,12015,12016,12015,12,-12
2019-12-26 00:03:03.462,12014,12016,12016,1,1
2019-12-26 00:03:07.087,12015,12016,12015,1,-1
2019-12-26 00:03:37.471,12014,12015,12015,1,1
2019-12-26 00:03:38.372,12014,12015,12015,10,10
2019-12-26 00:03:41.842,12015,12016,12015,1,-1
2019-12-26 00:03:50.967,12015,12016,12015,1,-1
2019-12-26 00:04:14.092,12015,12016,12015,1,-1
2019-12-26 00:04:14.467,12015,12016,12015,1,-1
2019-12-26 00:04:15.107,12014,12015,12015,5,5
2019-12-26 00:04:40.467,12015,12016,12015,1,-1
2019-12-26 00:04:51.799,12014,12016,12014,4,-4
2019-12-26 00:04:52.732,12014,12016,12014,1,-1
2019-12-26 00:05:01.400,12014,12016,12014,1,-1
2019-12-26 00:05:18.017,12014,12016,12014,4,-4
2019-12-26 00:05:34.086,12014,12016,12014,1,-1
2019-12-26 00:05:36.592,12014,12016,12014,5,-5
2019-12-26 00:06:03.342,12014,12016,12014,1,-1
2019-12-26 00:06:03.467,12014,12016,12014,1,-1
2019-12-26 00:06:03.907,12013,12016,12013,1,-1
2019-12-26 00:06:04.007,12013,12016,12013,8,-8
2019-12-26 00:06:04.111,12013,12016,12013,1,-1
2019-12-26 00:06:04.369,12013,12016,12013,1,-1
2019-12-26 00:06:04.641,12013,12016,12013,1,-1
2019-12-26 00:06:04.991,12013,12016,12013,1,-1
2019-12-26 00:06:05.171,12013,12016,12013,2,-2
2019-12-26 00:06:05.177,12013,12016,12013,1,-1
2019-12-26 00:06:06.276,12013,12016,12013,1,-1
2019-12-26 00:06:06.674,12013,12016,12013,1,-1
2019-12-26 00:06:10.967,12013,12015,12013,1,-1
2019-12-26 00:06:16.155,12013,12014,12014,1,1
2019-12-26 00:06:23.853,12013,12014,12014,5,5
2019-12-26 00:06:23.853,12013,12014,12015,2,2
2019-12-26 00:06:34.210,12013,12015,12015,6,6
2019-12-26 00:06:41.324,12013,12015,12015,1,1
2019-12-26 00:07:01.282,12014,12016,12014,1,-1
2019-12-26 00:07:12.967,12015,12016,12015,1,1
2019-12-26 00:07:21.658,12014,12015,12015,2,2
2019-12-26 00:08:27.591,12014,12015,12014,1,-1
2019-12-26 00:11:29.219,12014,12015,12014,1,-1
2019-12-26 00:11:29.665,12014,12015,12014,2,-2
2019-12-26 00:11:30.293,12013,12015,12013,1,-1
2019-12-26 00:11:30.600,12013,12015,12013,1,-1
2019-12-26 00:12:14.689,12013,12015,12013,1,-1
2019-12-26 00:12:44.225,12013,12014,12014,1,1
2019-12-26 00:13:44.557,12013,12015,12015,1,1
2019-12-26 00:14:59.468,12013,12015,12015,1,1
2019-12-26 00:14:59.618,12013,12015,12015,1,1
2019-12-26 00:16:43.712,12014,12015,12015,1,1
2019-12-26 00:16:44.180,12014,12015,12014,1,-1
2019-12-26 00:16:44.381,12014,12015,12014,1,-1
2019-12-26 00:16:44.830,12014,12015,12015,1,1
2019-12-26 00:16:47.424,12013,12015,12015,3,3
2019-12-26 00:16:47.424,12013,12015,12016,2,2
2019-12-26 00:16:47.444,12013,12015,12016,5,5
2019-12-26 00:17:23.191,12014,12015,12015,1,1
2019-12-26 00:19:56.217,12015,12016,12015,1,-1
2019-12-26 00:20:37.433,12014,12016,12014,8,-8
2019-12-26 00:21:09.391,12013,12014,12013,2,-2
2019-12-26 00:21:09.894,12013,12014,12013,1,-1
2019-12-26 00:21:10.112,12013,12014,12013,1,-1
2019-12-26 00:21:10.531,12013,12014,12013,1,-1
2019-12-26 00:21:10.692,12013,12014,12013,1,-1
2019-12-26 00:21:10.900,12013,12014,12013,1,-1
2019-12-26 00:21:28.128,12013,12014,12013,1,-1
2019-12-26 00:21:40.705,12013,12014,12013,7,-7
2019-12-26 00:21:44.469,12013,12015,12013,4,-4
2019-12-26 00:21:57.831,12013,12015,12013,1,-1
2019-12-26 00:23:48.717,12014,12015,12014,5,5
2019-12-26 00:24:02.452,12013,12014,12014,1,1
2019-12-26 00:24:09.903,12013,12015,12013,1,-1
2019-12-26 00:24:10.035,12013,12015,12013,1,-1
2019-12-26 00:24:16.924,12013,12015,12014,1,1
2019-12-26 00:24:24.985,12013,12014,12014,2,2
2019-12-26 00:25:53.440,12013,12014,12014,1,1
2019-12-26 00:26:09.695,12013,12014,12014,6,6
2019-12-26 00:26:22.986,12014,12015,12014,1,-1
2019-12-26 00:26:36.785,12013,12015,12013,3,-3
2019-12-26 00:26:42.592,12014,12015,12014,1,1
2019-12-26 00:27:30.923,12013,12014,12014,2,2
2019-12-26 00:28:23.230,12013,12014,12014,1,1
2019-12-26 00:28:25.993,12013,12014,12014,2,2
2019-12-26 00:28:50.562,12013,12015,12013,1,-1
2019-12-26 00:29:51.653,12013,12015,12013,1,-1
2019-12-26 00:30:02.389,12013,12015,12013,3,-3
2019-12-26 00:30:02.591,12013,12015,12013,3,-3
2019-12-26 00:30:02.725,12013,12015,12013,3,-3
2019-12-26 00:30:02.725,12013,12015,12012,2,-2
2019-12-26 00:30:02.725,12013,12015,12012,2,-2
2019-12-26 00:30:02.728,12013,12015,12012,2,-2
2019-12-26 00:30:02.731,12013,12015,12012,2,-2
2019-12-26 00:30:02.864,12012,12015,12012,2,-2
2019-12-26 00:30:02.873,12012,12015,12012,1,-1
2019-12-26 00:30:02.903,12012,12015,12012,1,-1
2019-12-26 00:30:02.905,12012,12015,12012,4,-4
2019-12-26 00:30:02.940,12012,12015,12012,3,-3
2019-12-26 00:30:02.946,12012,12015,12012,3,-3
2019-12-26 00:30:02.970,12012,12015,12012,1,-1
2019-12-26 00:30:03.022,12012,12015,12012,2,-2
2019-12-26 00:30:03.022,12012,12015,12012,3,-3
2019-12-26 00:30:03.023,12012,12015,12012,3,-3
2019-12-26 00:30:03.029,12012,12015,12012,2,-2
2019-12-26 00:30:03.029,12012,12015,12011,1,-1
2019-12-26 00:30:03.035,12012,12015,12011,3,-3
2019-12-26 00:30:03.037,12012,12015,12011,3,-3
2019-12-26 00:30:03.039,12012,12015,12011,3,-3
2019-12-26 00:30:03.052,12012,12015,12011,1,-1
2019-12-26 00:30:03.066,12012,12015,12011,1,-1
2019-12-26 00:30:03.120,12011,12015,12011,1,-1
2019-12-26 00:30:03.121,12011,12015,12011,1,-1
2019-12-26 00:30:03.123,12011,12015,12011,1,-1
2019-12-26 00:30:03.140,12011,12015,12011,5,-5
2019-12-26 00:30:03.147,12011,12015,12011,1,-1
2019-12-26 00:30:03.188,12011,12015,12011,2,-2
2019-12-26 00:30:03.200,12011,12015,12011,1,-1
2019-12-26 00:30:03.226,12011,12015,12011,1,-1
2019-12-26 00:30:03.269,12011,12015,12011,2,-2
2019-12-26 00:30:03.284,12011,12015,12011,1,-1
2019-12-26 00:30:03.315,12011,12015,12011,2,-2
2019-12-26 00:30:03.395,12011,12012,12012,1,1
2019-12-26 00:30:03.421,12011,12012,12011,2,-2
2019-12-26 00:30:03.435,12011,12012,12011,1,-1
2019-12-26 00:30:03.696,12011,12015,12011,1,-1
2019-12-26 00:30:03.766,12011,12015,12011,1,-1
2019-12-26 00:30:03.766,12011,12015,12010,1,-1
2019-12-26 00:30:03.771,12011,12015,12010,2,-2
2019-12-26 00:30:03.779,12011,12015,12010,4,-4
2019-12-26 00:30:03.788,12011,12015,12010,2,-2
2019-12-26 00:30:03.876,12010,12015,12010,1,-1
2019-12-26 00:30:03.907,12010,12015,12010,1,-1
2019-12-26 00:30:03.962,12010,12015,12010,1,-1
2019-12-26 00:30:04.191,12010,12015,12010,1,-1
2019-12-26 00:30:04.285,12010,12015,12010,1,-1
2019-12-26 00:30:04.717,12013,12015,12013,1,1
2019-12-26 00:30:05.004,12011,12015,12011,1,-1
2019-12-26 00:30:05.034,12011,12015,12010,1,-1
2019-12-26 00:30:05.094,12010,12015,12010,1,-1
2019-12-26 00:30:05.108,12010,12015,12010,2,-2
2019-12-26 00:30:05.124,12010,12015,12010,1,-1
2019-12-26 00:30:05.159,12010,12015,12010,1,-1
2019-12-26 00:30:05.363,12010,12014,12010,2,-2
2019-12-26 00:30:05.619,12010,12013,12010,1,-1
2019-12-26 00:30:08.217,12011,12013,12011,1,1
2019-12-26 00:30:08.304,12011,12013,12010,1,-1
2019-12-26 00:30:39.714,12011,12013,12011,1,1
2019-12-26 00:30:58.746,12011,12013,12011,2,-2
2019-12-26 00:31:47.967,12012,12013,12012,2,2
2019-12-26 00:32:02.618,12011,12012,12012,2,2
2019-12-26 00:32:02.818,12011,12012,12011,1,-1
2019-12-26 00:32:02.974,12011,12012,12011,1,-1
2019-12-26 00:32:10.704,12011,12012,12011,3,-3
2019-12-26 00:32:11.213,12011,12012,12011,1,-1
2019-12-26 00:32:28.952,12011,12012,12011,1,-1
2019-12-26 00:32:39.791,12011,12012,12011,2,-2
2019-12-26 00:32:44.548,12011,12012,12011,1,-1
2019-12-26 00:33:08.562,12011,12012,12012,2,2
2019-12-26 00:33:08.799,12011,12012,12011,1,-1
2019-12-26 00:33:09.065,12011,12012,12011,1,-1
2019-12-26 00:33:09.105,12011,12012,12011,1,-1
2019-12-26 00:34:06.787,12011,12012,12011,1,-1
2019-12-26 00:34:47.040,12011,12012,12011,3,-3
2019-12-26 00:35:24.294,12011,12012,12012,1,1
2019-12-26 00:35:45.670,12011,12012,12012,2,2
2019-12-26 00:35:59.739,12011,12012,12012,1,1
2019-12-26 00:36:14.176,12011,12012,12011,1,-1
2019-12-26 00:36:17.469,12011,12012,12011,2,-2
2019-12-26 00:36:33.328,12011,12012,12011,2,-2
2019-12-26 00:36:35.782,12011,12012,12011,1,-1
2019-12-26 00:37:03.931,12011,12012,12012,2,2
2019-12-26 00:37:18.665,12011,12012,12012,1,1
2019-12-26 00:37:24.196,12011,12012,12012,1,1
2019-12-26 00:37:36.080,12011,12012,12012,2,2
2019-12-26 00:38:04.045,12011,12012,12012,1,1
2019-12-26 00:39:52.603,12011,12012,12012,1,1
2019-12-26 00:40:07.120,12011,12012,12012,1,1
2019-12-26 00:40:07.506,12011,12012,12011,12,-12
2019-12-26 00:40:08.141,12011,12012,12011,1,-1
2019-12-26 00:40:09.919,12011,12012,12012,1,1
2019-12-26 00:40:21.618,12011,12012,12012,1,1
2019-12-26 00:40:31.188,12011,12012,12012,1,1
2019-12-26 00:40:35.928,12011,12012,12012,2,2
2019-12-26 00:41:07.882,12011,12012,12012,1,1
2019-12-26 00:41:21.175,12011,12012,12012,1,1
2019-12-26 00:42:41.721,12011,12012,12012,1,1
2019-12-26 00:43:00.392,12011,12012,12012,1,1
2019-12-26 00:43:23.567,12011,12012,12011,1,-1
2019-12-26 00:43:23.618,12011,12012,12011,1,-1
2019-12-26 00:45:05.035,12011,12012,12011,3,-3
2019-12-26 00:45:05.507,12011,12012,12011,2,-2
2019-12-26 00:45:12.406,12011,12012,12011,1,-1
2019-12-26 00:45:18.726,12011,12012,12011,3,-3
2019-12-26 00:45:21.902,12011,12012,12011,1,-1
2019-12-26 00:45:22.827,12011,12012,12011,1,-1
2019-12-26 00:45:23.884,12011,12012,12011,1,-1
2019-12-26 00:45:27.352,12011,12012,12011,1,-1
2019-12-26 00:45:35.918,12011,12012,12011,1,-1
2019-12-26 00:45:55.957,12011,12012,12011,1,-1
2019-12-26 00:46:20.030,12010,12012,12012,2,2
2019-12-26 00:46:57.955,12011,12012,12011,1,-1
2019-12-26 00:46:57.955,12011,12012,12010,40,-40
2019-12-26 00:46:58.482,12010,12011,12010,1,-1
2019-12-26 00:46:59.009,12010,12011,12011,1,1
2019-12-26 00:46:59.112,12010,12011,12010,1,-1
2019-12-26 00:46:59.171,12010,12011,12010,2,-2
2019-12-26 00:46:59.238,12010,12011,12010,1,-1
2019-12-26 00:46:59.244,12010,12011,12010,2,-2
2019-12-26 00:46:59.262,12010,12011,12010,2,-2
2019-12-26 00:46:59.264,12010,12011,12009,2,-2
2019-12-26 00:46:59.342,12009,12011,12009,1,-1
2019-12-26 00:46:59.345,12009,12011,12009,1,-1
2019-12-26 00:46:59.363,12009,12011,12009,1,-1
2019-12-26 00:46:59.383,12009,12011,12009,2,-2
2019-12-26 00:46:59.398,12009,12011,12009,2,-2
2019-12-26 00:46:59.428,12009,12011,12009,1,-1
2019-12-26 00:46:59.523,12009,12011,12009,1,-1
2019-12-26 00:46:59.529,12009,12011,12009,4,-4
2019-12-26 00:46:59.579,12009,12011,12008,1,-1
2019-12-26 00:46:59.619,12008,12009,12008,1,-1
2019-12-26 00:46:59.642,12008,12009,12008,1,-1
2019-12-26 00:46:59.767,12008,12009,12008,1,-1
2019-12-26 00:46:59.846,12008,12009,12008,2,-2
2019-12-26 00:46:59.889,12008,12009,12008,1,-1
2019-12-26 00:46:59.996,12008,12009,12008,1,-1
2019-12-26 00:47:00.218,12008,12009,12008,1,-1
2019-12-26 00:47:00.306,12008,12009,12009,1,1
2019-12-26 00:47:00.461,12008,12009,12008,1,-1
2019-12-26 00:47:10.905,12008,12009,12008,1,-1
2019-12-26 00:47:10.915,12008,12009,12008,1,-1
2019-12-26 00:47:15.866,12008,12009,12008,1,-1
2019-12-26 00:47:21.389,12008,12009,12009,1,1
2019-12-26 00:47:43.409,12008,12009,12008,1,-1
2019-12-26 00:47:46.805,12008,12009,12009,7,7
2019-12-26 00:47:47.358,12009,12011,12009,1,-1
2019-12-26 00:47:53.842,12008,12009,12009,1,1
2019-12-26 00:50:29.976,12009,12010,12010,1,1
2019-12-26 00:50:30.401,12009,12010,12009,1,-1
2019-12-26 00:50:30.473,12009,12010,12009,1,-1
2019-12-26 00:50:30.646,12009,12010,12009,1,-1
2019-12-26 00:50:30.652,12009,12010,12009,1,-1
2019-12-26 00:50:30.659,12009,12010,12009,2,-2
2019-12-26 00:50:30.734,12009,12010,12009,1,-1
2019-12-26 00:50:30.735,12009,12010,12009,2,-2
2019-12-26 00:50:30.736,12009,12010,12009,1,-1
2019-12-26 00:50:30.811,12009,12010,12009,3,-3
2019-12-26 00:50:30.881,12009,12010,12009,1,-1
2019-12-26 00:50:31.005,12009,12010,12009,1,-1
2019-12-26 00:50:31.199,12009,12010,12009,4,-4
2019-12-26 00:50:35.547,12009,12010,12009,1,-1
2019-12-26 00:51:04.460,12009,12010,12010,1,1
2019-12-26 00:51:14.245,12009,12010,12010,1,1
2019-12-26 00:52:33.619,12010,12011,12011,1,1
2019-12-26 00:52:57.955,12010,12011,12011,1,1
2019-12-26 00:53:11.078,12010,12011,12011,1,1
2019-12-26 00:53:11.325,12010,12012,12010,1,-1
2019-12-26 00:53:11.463,12010,12012,12010,1,-1
2019-12-26 00:53:32.717,12010,12011,12011,1,1
2019-12-26 00:54:20.516,12011,12012,12011,4,-4
2019-12-26 00:54:38.657,12011,12012,12011,1,-1
2019-12-26 00:57:26.536,12011,12012,12011,3,-3
2019-12-26 00:58:50.559,12011,12012,12012,5,5
2019-12-26 00:58:50.988,12011,12012,12012,1,1
2019-12-26 00:58:51.393,12011,12012,12012,1,1
2019-12-26 00:58:51.646,12011,12012,12012,1,1
2019-12-26 00:58:51.871,12011,12012,12012,1,1
2019-12-26 00:58:57.011,12011,12012,12012,3,3
2019-12-26 01:00:13.011,12011,12012,12011,1,-1
2019-12-26 01:00:13.544,12011,12012,12012,1,1
2019-12-26 01:00:14.092,12011,12012,12011,1,-1
2019-12-26 01:00:14.243,12011,12012,12011,1,-1
2019-12-26 01:00:14.245,12011,12012,12011,1,-1
2019-12-26 01:00:14.275,12011,12012,12011,3,-3
2019-12-26 01:00:16.001,12011,12012,12011,1,-1
2019-12-26 01:00:16.749,12010,12012,12010,1,-1
2019-12-26 01:00:16.976,12010,12012,12010,1,-1
2019-12-26 01:00:44.787,12010,12011,12010,1,-1
2019-12-26 01:01:51.796,12010,12011,12010,1,-1
2019-12-26 01:02:06.347,12010,12011,12011,1,1
2019-12-26 01:03:50.953,12010,12011,12011,1,1
2019-12-26 01:04:09.188,12010,12011,12011,1,1
2019-12-26 01:04:22.282,12010,12011,12011,1,1
2019-12-26 01:08:13.241,12011,12012,12012,1,1
2019-12-26 01:13:34.502,12011,12012,12011,4,-4
2019-12-26 01:13:34.617,12010,12011,12010,1,-1
2019-12-26 01:13:34.948,12010,12011,12010,8,-8
2019-12-26 01:13:35.045,12009,12011,12009,8,-8
2019-12-26 01:13:35.269,12009,12011,12009,1,-1
2019-12-26 01:13:35.515,12009,12011,12009,1,-1
2019-12-26 01:13:35.519,12009,12011,12009,10,-10
2019-12-26 01:13:35.532,12009,12011,12009,2,-2
2019-12-26 01:13:35.575,12009,12011,12008,1,-1
2019-12-26 01:13:35.663,12008,12009,12008,1,-1
2019-12-26 01:13:35.695,12008,12009,12008,2,-2
2019-12-26 01:13:35.743,12008,12009,12008,2,-2
2019-12-26 01:13:35.799,12008,12009,12008,1,-1
2019-12-26 01:13:35.901,12008,12009,12008,1,-1
2019-12-26 01:13:35.909,12008,12009,12008,3,-3
2019-12-26 01:13:35.925,12008,12009,12008,2,-2
2019-12-26 01:13:35.928,12008,12009,12008,3,-3
2019-12-26 01:13:35.975,12008,12009,12008,2,-2
2019-12-26 01:13:36.225,12008,12009,12008,3,-3
2019-12-26 01:13:36.275,12008,12009,12008,2,-2
2019-12-26 01:13:36.387,12008,12009,12008,1,-1
2019-12-26 01:13:36.571,12007,12009,12007,2,-2
2019-12-26 01:13:36.622,12007,12009,12007,1,-1
2019-12-26 01:13:36.672,12007,12009,12007,3,-3
2019-12-26 01:13:36.688,12007,12009,12007,1,-1
2019-12-26 01:13:36.878,12007,12009,12007,1,-1
2019-12-26 01:13:36.900,12007,12009,12007,1,-1
2019-12-26 01:13:37.017,12007,12009,12007,1,-1
2019-12-26 01:13:37.483,12007,12009,12007,2,-2
2019-12-26 01:13:37.896,12007,12009,12007,5,-5
2019-12-26 01:13:38.893,12007,12009,12007,3,-3
2019-12-26 01:14:09.744,12008,12009,12009,1,1
2019-12-26 01:14:10.687,12008,12009,12009,1,1
2019-12-26 01:15:02.059,12009,12010,12009,3,-3
2019-12-26 01:15:02.063,12009,12010,12008,3,-3
2019-12-26 01:15:02.085,12009,12010,12008,3,-3
2019-12-26 01:15:02.099,12008,12010,12008,3,-3
2019-12-26 01:15:02.266,12008,12010,12008,3,-3
2019-12-26 01:15:02.282,12008,12010,12008,3,-3
2019-12-26 01:15:02.288,12008,12010,12007,3,-3
2019-12-26 01:15:02.305,12008,12010,12007,3,-3
2019-12-26 01:16:25.400,12007,12008,12008,1,1
2019-12-26 01:16:25.787,12007,12008,12007,1,-1
2019-12-26 01:16:25.913,12007,12008,12007,2,-2
2019-12-26 01:16:25.930,12007,12008,12007,1,-1
2019-12-26 01:16:25.991,12007,12008,12007,2,-2
2019-12-26 01:16:26.222,12007,12008,12007,3,-3
2019-12-26 01:16:26.315,12007,12008,12007,3,-3
2019-12-26 01:16:26.573,12007,12008,12007,1,-1
2019-12-26 01:16:26.587,12007,12008,12006,1,-1
2019-12-26 01:16:26.673,12006,12008,12006,1,-1
2019-12-26 01:16:26.674,12006,12008,12006,5,-5
2019-12-26 01:16:26.772,12006,12008,12006,1,-1
2019-12-26 01:16:26.792,12006,12008,12006,2,-2
2019-12-26 01:16:26.949,12006,12008,12006,1,-1
2019-12-26 01:16:26.981,12006,12008,12006,1,-1
2019-12-26 01:16:27.006,12006,12008,12006,1,-1
2019-12-26 01:16:27.533,12006,12008,12006,1,-1
2019-12-26 01:16:32.354,12007,12008,12007,1,1
2019-12-26 01:17:01.137,12007,12008,12007,9,-9
2019-12-26 01:17:14.558,12006,12007,12007,1,1
2019-12-26 01:18:20.398,12006,12007,12007,1,1
2019-12-26 01:18:28.147,12006,12008,12006,1,-1
2019-12-26 01:18:36.405,12006,12008,12008,1,1
2019-12-26 01:18:37.704,12006,12008,12006,1,-1
2019-12-26 01:18:41.266,12006,12008,12006,1,-1
2019-12-26 01:18:47.966,12006,12007,12006,1,-1
2019-12-26 01:18:52.891,12006,12007,12007,1,1
2019-12-26 01:19:26.524,12006,12007,12007,1,1
2019-12-26 01:19:27.609,12007,12008,12007,1,-1
2019-12-26 01:19:54.487,12006,12007,12007,3,3
2019-12-26 01:20:19.819,12007,12008,12007,1,-1
2019-12-26 01:20:47.235,12006,12007,12007,1,1
2019-12-26 01:22:09.509,12006,12007,12007,1,1
2019-12-26 01:22:23.069,12006,12007,12007,2,2
2019-12-26 01:23:07.092,12006,12007,12007,5,5
2019-12-26 01:23:31.621,12007,12008,12007,1,-1
2019-12-26 01:23:52.004,12007,12008,12007,2,-2
2019-12-26 01:24:26.818,12007,12008,12008,10,10
2019-12-26 01:24:27.167,12007,12008,12007,8,-8
2019-12-26 01:24:27.666,12007,12008,12007,4,-4
2019-12-26 01:24:27.675,12007,12008,12007,1,-1
2019-12-26 01:24:27.675,12007,12008,12006,3,-3
2019-12-26 01:24:28.110,12006,12008,12006,8,-8
2019-12-26 01:24:28.132,12006,12008,12006,6,-6
2019-12-26 01:24:28.208,12006,12008,12006,1,-1
2019-12-26 01:24:54.880,12006,12007,12006,10,-10
2019-12-26 01:25:33.472,12006,12007,12007,1,1
2019-12-26 01:26:09.737,12007,12008,12008,1,1
2019-12-26 01:26:14.482,12007,12008,12007,1,-1
2019-12-26 01:26:17.108,12007,12008,12007,1,-1
2019-12-26 01:28:58.115,12007,12008,12007,1,-1
2019-12-26 01:29:22.034,12007,12008,12008,15,15
2019-12-26 01:29:30.052,12007,12008,12008,1,1
2019-12-26 01:29:35.464,12007,12008,12008,1,1
2019-12-26 01:29:59.502,12007,12009,12009,4,4
2019-12-26 01:29:59.502,12007,12009,12010,5,5
2019-12-26 01:31:24.678,12009,12010,12009,1,-1
2019-12-26 01:31:25.339,12008,12010,12010,1,1
2019-12-26 01:31:40.306,12008,12009,12008,3,-3
2019-12-26 01:33:53.232,12008,12010,12008,1,-1
2019-12-26 01:33:59.460,12008,12010,12008,1,-1
2019-12-26 01:35:30.159,12009,12010,12010,4,4
2019-12-26 01:35:45.137,12010,12011,12010,1,-1
2019-12-26 01:36:01.593,12010,12011,12011,1,1
2019-12-26 01:36:13.925,12010,12011,12011,3,3
2019-12-26 01:36:34.823,12010,12011,12011,2,2
2019-12-26 01:37:14.391,12010,12011,12011,3,3
2019-12-26 01:37:23.033,12010,12011,12011,3,3
2019-12-26 01:38:14.215,12010,12011,12011,1,1
2019-12-26 01:38:14.422,12010,12011,12010,2,-2
2019-12-26 01:38:14.865,12010,12011,12010,1,-1
2019-12-26 01:38:14.865,12010,12011,12010,1,-1
2019-12-26 01:38:58.864,12010,12011,12010,1,-1
2019-12-26 01:42:12.900,12010,12011,12011,1,1
2019-12-26 01:42:13.415,12010,12012,12010,1,-1
2019-12-26 01:42:13.420,12010,12012,12010,1,-1
2019-12-26 01:42:13.435,12010,12012,12010,1,-1
2019-12-26 01:42:13.442,12010,12012,12010,1,-1
2019-12-26 01:42:14.064,12010,12012,12010,1,-1
2019-12-26 01:42:14.126,12010,12012,12010,1,-1
2019-12-26 01:42:14.139,12010,12012,12010,1,-1
2019-12-26 01:42:30.543,12010,12011,12010,1,-1
2019-12-26 01:51:05.259,12010,12011,12011,1,1
2019-12-26 01:51:05.611,12010,12011,12010,3,-3
2019-12-26 01:51:08.813,12010,12011,12010,2,-2
2019-12-26 01:53:15.217,12010,12011,12010,5,-5
2019-12-26 01:59:49.664,12010,12011,12011,2,2
2019-12-26 02:04:37.283,12011,12012,12011,1,-1
2019-12-26 02:04:37.770,12011,12012,12011,1,-1
2019-12-26 02:04:37.770,12011,12012,12010,1,-1
2019-12-26 02:04:37.984,12010,12012,12012,1,1
2019-12-26 02:04:38.128,12010,12012,12010,1,-1
2019-12-26 02:04:38.673,12010,12012,12012,1,1
2019-12-26 02:04:38.740,12010,12012,12012,1,1
2019-12-26 02:08:07.047,12010,12011,12011,1,1
2019-12-26 02:11:24.831,12011,12012,12012,9,9
2019-12-26 02:12:33.589,12011,12013,12013,4,4
2019-12-26 02:12:33.757,12011,12013,12013,3,3
2019-12-26 02:12:33.757,12011,12013,12014,7,7
2019-12-26 02:12:33.776,12011,12013,12015,1,1
2019-12-26 02:12:33.927,12011,12015,12015,5,5
2019-12-26 02:12:34.465,12011,12015,12015,1,1
2019-12-26 02:13:34.493,12013,12015,12015,1,1
2019-12-26 02:13:38.915,12013,12015,12015,6,6
2019-12-26 02:14:19.900,12013,12015,12015,1,1
2019-12-26 02:15:02.104,12013,12015,12015,3,3
2019-12-26 02:15:02.104,12013,12015,12015,3,3
2019-12-26 02:15:02.107,12013,12015,12015,1,1
2019-12-26 02:15:02.107,12013,12015,12016,2,2
2019-12-26 02:15:02.107,12013,12015,12016,3,3
2019-12-26 02:15:02.252,12013,12016,12016,1,1
2019-12-26 02:15:02.310,12013,12016,12017,3,3
2019-12-26 02:15:02.475,12013,12017,12017,1,1
2019-12-26 02:15:02.479,12013,12017,12017,4,4
2019-12-26 02:15:02.479,12013,12017,12018,2,2
2019-12-26 02:15:02.622,12013,12018,12018,3,3
2019-12-26 02:15:02.625,12013,12018,12018,3,3
2019-12-26 02:15:02.639,12013,12018,12018,3,3
2019-12-26 02:15:18.440,12013,12016,12016,2,2
2019-12-26 02:15:47.592,12016,12017,12016,2,-2
2019-12-26 02:15:47.717,12016,12017,12016,5,-5
2019-12-26 02:16:27.761,12015,12016,12016,1,1
2019-12-26 02:16:28.345,12015,12016,12016,1,1
2019-12-26 02:16:28.386,12015,12016,12016,1,1
2019-12-26 02:16:28.703,12015,12016,12016,1,1
2019-12-26 02:19:07.921,12015,12016,12016,1,1
2019-12-26 02:21:23.516,12015,12016,12016,1,1
2019-12-26 02:21:24.242,12015,12016,12016,1,1
2019-12-26 02:26:15.636,12015,12016,12016,1,1
2019-12-26 02:26:29.986,12015,12016,12015,1,-1
2019-12-26 02:26:43.107,12015,12016,12015,1,-1
2019-12-26 02:34:40.208,12015,12016,12016,1,1
2019-12-26 02:34:40.646,12015,12016,12016,1,1
2019-12-26 02:34:40.652,12015,12016,12016,1,1
2019-12-26 02:35:49.347,12015,12017,12017,1,1
2019-12-26 02:43:56.304,12016,12017,12017,1,1
2019-12-26 02:43:57.139,12016,12017,12017,1,1
2019-12-26 02:45:47.593,12016,12018,12018,1,1
2019-12-26 02:45:47.827,12016,12018,12018,4,4
2019-12-26 02:45:47.832,12016,12018,12018,5,5
2019-12-26 02:45:47.843,12016,12018,12018,3,3
2019-12-26 02:45:47.843,12016,12018,12019,2,2
2019-12-26 02:45:47.843,12016,12018,12019,5,5
2019-12-26 02:45:47.955,12016,12018,12019,4,4
2019-12-26 02:45:47.956,12016,12018,12019,4,4
2019-12-26 02:45:48.007,12016,12019,12019,5,5
2019-12-26 02:45:48.011,12016,12019,12019,3,3
2019-12-26 02:45:48.011,12016,12019,12020,2,2
2019-12-26 02:45:48.034,12016,12019,12020,1,1
2019-12-26 02:45:48.057,12016,12019,12020,5,5
2019-12-26 02:45:48.060,12016,12019,12020,2,2
2019-12-26 02:45:48.153,12016,12020,12020,3,3
2019-12-26 02:45:48.154,12016,12020,12020,4,4
2019-12-26 02:45:48.189,12016,12020,12020,4,4
2019-12-26 02:45:48.189,12016,12020,12020,2,2
2019-12-26 02:45:48.202,12016,12020,12020,2,2
2019-12-26 02:45:48.205,12016,12020,12020,2,2
2019-12-26 02:45:48.237,12016,12020,12020,4,4
2019-12-26 02:45:48.511,12016,12020,12020,1,1
2019-12-26 02:45:48.524,12016,12020,12020,1,1
2019-12-26 02:45:48.524,12016,12020,12021,11,11
2019-12-26 02:45:48.529,12016,12020,12021,1,1
2019-12-26 02:45:48.548,12016,12020,12021,2,2
2019-12-26 02:45:48.599,12016,12021,12021,16,16
2019-12-26 02:45:48.630,12016,12021,12021,1,1
2019-12-26 02:45:48.678,12016,12021,12021,2,2
2019-12-26 02:45:48.702,12016,12021,12021,1,1
2019-12-26 02:45:48.753,12016,12021,12021,2,2
2019-12-26 02:45:48.803,12016,12021,12021,2,2
2019-12-26 02:45:48.834,12016,12021,12021,5,5
2019-12-26 02:45:48.853,12016,12021,12021,3,3
2019-12-26 02:45:48.926,12016,12021,12021,1,1
2019-12-26 02:45:48.939,12016,12021,12021,2,2
2019-12-26 02:45:48.949,12016,12021,12021,2,2
2019-12-26 02:45:48.951,12016,12021,12021,4,4
2019-12-26 02:45:48.957,12016,12021,12021,5,5
2019-12-26 02:45:48.959,12016,12021,12021,2,2
2019-12-26 02:45:48.960,12016,12021,12021,1,1
2019-12-26 02:45:48.964,12016,12021,12022,2,2
2019-12-26 02:45:48.965,12016,12021,12022,1,1
2019-12-26 02:45:48.974,12016,12022,12022,2,2
2019-12-26 02:45:49.034,12016,12022,12022,14,14
2019-12-26 02:45:49.065,12016,12022,12022,1,1
2019-12-26 02:45:49.080,12016,12022,12022,5,5
2019-12-26 02:45:49.093,12016,12022,12022,3,3
2019-12-26 02:45:49.145,12016,12022,12022,3,3
2019-12-26 02:45:49.151,12016,12022,12022,8,8
2019-12-26 02:45:49.156,12016,12022,12022,2,2
2019-12-26 02:45:49.156,12016,12022,12023,1,1
2019-12-26 02:45:49.156,12016,12022,12023,6,6
2019-12-26 02:45:49.161,12016,12022,12023,5,5
2019-12-26 02:45:49.167,12016,12022,12023,6,6
2019-12-26 02:45:49.203,12016,12022,12023,1,1
2019-12-26 02:45:49.207,12016,12022,12023,1,1
2019-12-26 02:45:49.228,12017,12023,12023,4,4
2019-12-26 02:45:49.283,12017,12023,12023,1,1
2019-12-26 02:45:49.349,12017,12023,12023,1,1
2019-12-26 02:45:49.349,12017,12023,12024,1,1
2019-12-26 02:45:49.355,12017,12023,12024,1,1
2019-12-26 02:45:49.363,12017,12023,12024,2,2
2019-12-26 02:45:49.371,12017,12023,12024,4,4
2019-12-26 02:45:49.379,12017,12023,12024,2,2
2019-12-26 02:45:49.408,12017,12023,12024,1,1
2019-12-26 02:45:49.424,12017,12023,12024,3,3
2019-12-26 02:45:49.427,12017,12023,12024,1,1
2019-12-26 02:45:49.443,12017,12023,12024,1,1
2019-12-26 02:45:49.445,12017,12023,12024,3,3
2019-12-26 02:45:49.464,12017,12023,12024,3,3
2019-12-26 02:45:49.528,12018,12024,12024,1,1
2019-12-26 02:45:49.548,12018,12024,12024,2,2
2019-12-26 02:45:49.549,12018,12024,12024,1,1
2019-12-26 02:45:49.549,12018,12024,12024,1,1
2019-12-26 02:45:49.549,12018,12024,12024,1,1
2019-12-26 02:45:49.549,12018,12024,12024,2,2
2019-12-26 02:45:49.576,12018,12024,12024,1,1
2019-12-26 02:45:49.581,12018,12024,12024,1,1
2019-12-26 02:45:49.581,12018,12024,12025,1,1
2019-12-26 02:45:49.590,12018,12024,12025,2,2
2019-12-26 02:45:49.595,12018,12025,12025,2,2
2019-12-26 02:45:49.600,12018,12025,12025,2,2
2019-12-26 02:45:49.662,12018,12025,12025,4,4
2019-12-26 02:45:49.776,12018,12025,12025,1,1
2019-12-26 02:45:49.776,12018,12025,12025,1,1
2019-12-26 02:45:49.844,12018,12025,12025,2,2
2019-12-26 02:45:49.855,12018,12025,12025,4,4
2019-12-26 02:45:49.858,12018,12025,12025,2,2
2019-12-26 02:45:49.905,12018,12025,12025,4,4
2019-12-26 02:45:49.958,12018,12025,12025,4,4
2019-12-26 02:45:50.028,12018,12025,12025,2,2
2019-12-26 02:45:50.080,12018,12025,12025,1,1
2019-12-26 02:45:50.081,12018,12025,12025,4,4
2019-12-26 02:45:50.083,12018,12025,12025,1,1
2019-12-26 02:45:50.327,12018,12025,12025,4,4
2019-12-26 02:45:50.338,12018,12025,12025,2,2
2019-12-26 02:45:50.339,12018,12025,12025,1,1
2019-12-26 02:45:50.406,12018,12025,12025,2,2
2019-12-26 02:45:50.605,12018,12025,12025,1,1
2019-12-26 02:45:50.715,12018,12025,12026,2,2
2019-12-26 02:45:51.036,12018,12026,12026,4,4
2019-12-26 02:45:51.889,12024,12026,12025,1,-1
2019-12-26 02:45:51.889,12024,12026,12026,1,1
2019-12-26 02:45:52.182,12024,12026,12026,1,1
2019-12-26 02:45:53.092,12025,12026,12025,1,-1
2019-12-26 02:45:53.592,12024,12026,12024,1,-1
2019-12-26 02:46:00.398,12018,12024,12024,1,1
2019-12-26 02:47:42.653,12020,12022,12020,1,-1
2019-12-26 02:47:57.204,12019,12022,12022,1,1
2019-12-26 02:50:29.107,12020,12022,12022,2,2
2019-12-26 02:50:29.736,12020,12023,12023,1,1
2019-12-26 02:52:48.683,12020,12022,12022,1,1
2019-12-26 02:54:56.920,12020,12022,12022,1,1
2019-12-26 02:54:57.292,12020,12022,12022,1,1
2019-12-26 02:54:57.295,12020,12022,12022,1,1
2019-12-26 02:54:57.302,12020,12022,12023,1,1
2019-12-26 02:54:57.309,12020,12022,12023,1,1
2019-12-26 02:54:57.397,12020,12023,12023,1,1
2019-12-26 02:58:04.987,12022,12023,12022,1,-1
2019-12-26 03:00:06.579,12020,12022,12022,3,3
2019-12-26 03:00:06.798,12020,12023,12023,2,2
2019-12-26 03:00:07.114,12020,12023,12023,1,1
2019-12-26 03:00:07.280,12020,12023,12023,1,1
2019-12-26 03:00:07.746,12020,12023,12023,2,2
2019-12-26 03:00:07.746,12020,12023,12024,2,2
2019-12-26 03:00:07.855,12020,12024,12020,2,-2
2019-12-26 03:00:08.055,12020,12024,12020,2,-2
2019-12-26 03:00:08.256,12020,12024,12020,2,-2
2019-12-26 03:00:08.464,12019,12024,12019,2,-2
2019-12-26 03:00:10.177,12019,12024,12019,2,-2
2019-12-26 03:00:10.177,12019,12024,12018,4,-4
2019-12-26 03:00:10.177,12019,12024,12017,1,-1
2019-12-26 03:00:10.177,12019,12024,12016,13,-13
2019-12-26 03:00:10.396,12016,12024,12016,2,-2
2019-12-26 03:00:10.592,12015,12017,12017,1,1
2019-12-26 03:00:10.676,12015,12017,12015,2,-2
2019-12-26 03:00:10.879,12016,12022,12016,2,2
2019-12-26 03:00:11.179,12016,12022,12016,2,-2
2019-12-26 03:00:11.210,12016,12022,12015,3,-3
2019-12-26 03:00:11.210,12016,12022,12014,1,-1
2019-12-26 03:02:29.422,12015,12021,12015,1,1
2019-12-26 03:02:57.370,12015,12020,12015,1,-1
2019-12-26 03:03:24.059,12015,12019,12019,1,1
2019-12-26 03:04:35.206,12019,12020,12019,2,-2
2019-12-26 03:04:35.860,12019,12020,12020,1,1
2019-12-26 03:10:07.621,12017,12019,12017,1,-1
2019-12-26 03:10:08.387,12016,12019,12019,1,1
2019-12-26 03:12:54.105,12017,12019,12019,1,1
2019-12-26 03:24:41.967,12017,12019,12019,2,2
2019-12-26 03:25:47.877,12019,12020,12020,4,4
2019-12-26 03:25:48.065,12019,12021,12021,2,2
2019-12-26 03:25:48.190,12019,12021,12021,1,1
2019-12-26 03:25:48.190,12019,12021,12022,1,1
2019-12-26 03:34:56.067,12020,12021,12021,1,1
2019-12-26 03:34:56.566,12020,12022,12022,2,2
2019-12-26 03:34:58.284,12020,12022,12022,1,1
2019-12-26 03:34:58.710,12020,12022,12022,1,1
2019-12-26 03:38:46.107,12020,12022,12020,1,-1
2019-12-26 03:38:46.120,12020,12022,12022,3,3
2019-12-26 03:38:47.333,12019,12020,12020,3,3
2019-12-26 03:38:47.333,12019,12020,12022,2,2
2019-12-26 03:39:50.437,12019,12020,12019,1,-1
2019-12-26 03:45:22.092,12019,12020,12020,7,7
2019-12-26 03:51:32.516,12019,12021,12021,3,3
2019-12-26 03:51:33.007,12021,12022,12022,1,1
2019-12-26 03:52:44.685,12021,12022,12021,1,-1
2019-12-26 03:53:11.816,12019,12022,12019,1,-1
2019-12-26 03:53:12.561,12019,12022,12019,1,-1
2019-12-26 03:59:29.801,12019,12021,12019,1,-1
2019-12-26 04:03:01.301,12019,12021,12019,1,-1
2019-12-26 04:08:59.557,12018,12021,12021,1,1
2019-12-26 04:09:07.181,12018,12021,12021,1,1
2019-12-26 04:09:30.824,12018,12021,12021,1,1
2019-12-26 04:10:06.169,12018,12022,12018,2,-2
2019-12-26 04:10:06.589,12018,12022,12018,2,-2
2019-12-26 04:10:06.663,12018,12022,12018,2,-2
2019-12-26 04:25:13.073,12018,12020,12018,3,-3
2019-12-26 04:25:13.261,12018,12020,12018,1,-1
2019-12-26 04:25:13.267,12018,12020,12018,1,-1
2019-12-26 04:25:13.376,12018,12020,12018,2,-2
2019-12-26 04:26:28.193,12018,12020,12018,1,-1
2019-12-26 04:28:14.973,12018,12020,12018,1,-1
2019-12-26 04:34:30.072,12018,12020,12020,3,3
2019-12-26 04:34:30.567,12018,12020,12018,1,-1
2019-12-26 04:34:30.962,12018,12020,12020,1,1
2019-12-26 04:34:31.036,12018,12020,12018,1,-1
2019-12-26 04:34:32.594,12017,12018,12017,2,-2
2019-12-26 04:34:33.316,12017,12018,12017,1,-1
2019-12-26 04:34:33.316,12017,12018,12016,2,-2
2019-12-26 04:34:34.333,12016,12020,12016,1,-1
2019-12-26 04:38:12.813,12017,12018,12017,1,1
2019-12-26 04:40:10.263,12017,12018,12018,1,1
2019-12-26 04:40:10.650,12017,12019,12017,1,-1
2019-12-26 04:40:11.224,12017,12019,12017,1,-1
2019-12-26 04:40:11.255,12017,12019,12017,1,-1
2019-12-26 04:46:08.580,12017,12019,12017,2,-2
2019-12-26 04:46:09.024,12017,12019,12017,1,-1
2019-12-26 04:46:09.184,12017,12019,12017,2,-2
2019-12-26 04:46:09.293,12017,12019,12017,1,-1
2019-12-26 04:46:09.310,12017,12019,12017,1,-1
2019-12-26 04:46:09.619,12017,12019,12017,1,-1
2019-12-26 04:47:37.614,12017,12018,12017,1,-1
2019-12-26 04:48:22.717,12017,12018,12018,1,1
2019-12-26 04:48:23.099,12017,12019,12017,2,-2
2019-12-26 04:48:23.099,12017,12019,12016,3,-3
2019-12-26 04:48:23.147,12017,12019,12019,4,4
2019-12-26 04:48:23.486,12016,12019,12016,1,-1
2019-12-26 04:48:23.529,12016,12019,12019,1,1
2019-12-26 04:48:24.027,12016,12019,12016,1,-1
2019-12-26 04:48:24.067,12016,12019,12016,2,-2
2019-12-26 04:48:24.756,12016,12019,12019,1,1
2019-12-26 04:48:57.247,12017,12019,12019,1,1
2019-12-26 04:49:09.578,12017,12019,12019,1,1
2019-12-26 04:50:09.509,12017,12019,12019,2,2
2019-12-26 04:50:09.829,12017,12020,12017,1,-1
2019-12-26 04:50:09.895,12017,12020,12020,1,1
2019-12-26 04:50:10.030,12017,12020,12017,1,-1
2019-12-26 04:50:10.142,12017,12020,12020,1,1
2019-12-26 04:50:10.754,12017,12020,12017,1,-1
2019-12-26 04:50:31.994,12018,12020,12018,1,1
2019-12-26 04:52:18.034,12019,12020,12020,2,2
2019-12-26 04:52:18.344,12019,12020,12019,2,-2
2019-12-26 04:52:18.383,12019,12020,12019,1,-1
2019-12-26 04:52:18.473,12019,12020,12019,1,-1
2019-12-26 04:52:18.961,12017,12020,12020,1,1
2019-12-26 04:52:28.643,12018,12020,12018,1,-1
2019-12-26 04:52:28.643,12018,12020,12017,4,-4
2019-12-26 04:53:22.477,12017,12019,12019,2,2
2019-12-26 04:53:22.891,12017,12019,12020,2,2
2019-12-26 04:53:22.909,12017,12019,12020,3,3
2019-12-26 04:53:23.007,12017,12020,12020,3,3
2019-12-26 04:53:23.217,12017,12020,12020,1,1
2019-12-26 04:53:23.273,12017,12020,12020,1,1
2019-12-26 04:54:03.079,12018,12019,12019,1,1
2019-12-26 04:54:03.329,12018,12020,12018,2,-2
2019-12-26 04:54:04.044,12018,12020,12020,1,1
2019-12-26 04:55:05.145,12018,12020,12020,1,1
2019-12-26 04:55:05.451,12018,12020,12018,1,-1
2019-12-26 04:56:58.024,12018,12020,12020,1,1
2019-12-26 04:56:58.460,12018,12020,12018,2,-2
2019-12-26 04:56:58.729,12018,12020,12018,1,-1
2019-12-26 04:56:58.731,12018,12020,12017,1,-1
2019-12-26 04:58:47.136,12018,12019,12019,1,1
2019-12-26 04:58:47.625,12018,12020,12018,1,-1
2019-12-26 04:58:47.626,12018,12020,12020,1,1
2019-12-26 04:58:47.675,12018,12020,12018,1,-1
2019-12-26 04:59:19.489,12018,12019,12018,2,-2
2019-12-26 04:59:20.236,12018,12019,12018,1,-1
2019-12-26 04:59:24.030,12018,12019,12018,1,-1
2019-12-26 04:59:28.346,12018,12019,12018,1,-1
2019-12-26 04:59:28.346,12018,12019,12017,1,-1
2019-12-26 04:59:33.584,12017,12019,12017,1,-1
2019-12-26 04:59:48.965,12017,12019,12017,2,-2
2019-12-26 04:59:56.844,12017,12019,12017,1,-1
2019-12-26 08:45:00.051,12027,12028,12029,227,227
2019-12-26 08:45:00.066,12029,12030,12030,1,1
2019-12-26 08:45:00.137,12028,12030,12030,2,2
2019-12-26 08:45:00.158,12028,12030,12030,1,1
2019-12-26 08:45:00.169,12028,12030,12030,1,1
2019-12-26 08:45:00.277,12028,12030,12030,10,10
2019-12-26 08:45:00.072,12029,12030,12029,2,-2
2019-12-26 08:45:00.282,12029,12030,12030,3,3
2019-12-26 08:45:00.293,12029,12030,12030,1,1
2019-12-26 08:45:00.320,12029,12030,12030,1,1
2019-12-26 08:45:00.347,12029,12030,12030,1,1
2019-12-26 08:45:00.364,12029,12030,12030,3,3
2019-12-26 08:45:00.375,12029,12030,12029,1,-1
2019-12-26 08:45:00.376,12029,12030,12029,1,-1
2019-12-26 08:45:00.377,12029,12030,12029,1,-1
2019-12-26 08:45:00.401,12029,12030,12029,1,-1
2019-12-26 08:45:00.410,12029,12030,12029,1,-1
2019-12-26 08:45:00.414,12029,12030,12028,1,-1
2019-12-26 08:45:00.428,12029,12030,12028,1,-1
2019-12-26 08:45:00.442,12029,12030,12030,3,3
2019-12-26 08:45:00.516,12029,12030,12029,2,-2
2019-12-26 08:45:00.530,12029,12030,12030,2,2
2019-12-26 08:45:00.530,12029,12030,12030,2,2
2019-12-26 08:45:00.530,12029,12030,12030,1,1
2019-12-26 08:45:00.537,12029,12030,12031,2,2
2019-12-26 08:45:00.546,12029,12030,12031,2,2
2019-12-26 08:45:00.552,12029,12030,12031,1,1
2019-12-26 08:45:00.579,12029,12030,12030,1,1
2019-12-26 08:45:00.643,12029,12030,12031,1,1
2019-12-26 08:45:00.658,12030,12031,12031,1,1
2019-12-26 08:45:00.663,12030,12031,12031,1,1
2019-12-26 08:45:00.667,12030,12031,12031,1,1
2019-12-26 08:45:00.668,12030,12031,12031,1,1
2019-12-26 08:45:00.668,12030,12031,12031,1,1
2019-12-26 08:45:00.671,12030,12031,12031,1,1
2019-12-26 08:45:00.672,12030,12031,12031,1,1
2019-12-26 08:45:00.672,12030,12031,12030,1,-1
2019-12-26 08:45:00.672,12030,12031,12029,1,-1
2019-12-26 08:45:00.672,12030,12031,12031,1,1
2019-12-26 08:45:00.673,12030,12031,12032,2,2
2019-12-26 08:45:00.673,12030,12031,12032,1,1
2019-12-26 08:45:00.677,12030,12031,12032,1,1
2019-12-26 08:45:00.677,12030,12031,12032,1,1
2019-12-26 08:45:00.677,12030,12031,12032,1,1
2019-12-26 08:45:00.678,12030,12031,12032,1,1
2019-12-26 08:45:00.678,12030,12031,12032,1,1
2019-12-26 08:45:00.695,12030,12031,12032,2,2
2019-12-26 08:45:00.719,12030,12031,12031,1,1
2019-12-26 08:45:00.739,12030,12031,12032,1,1
2019-12-26 08:45:00.741,12030,12031,12032,2,2
2019-12-26 08:45:00.748,12030,12031,12032,1,1
2019-12-26 08:45:00.757,12030,12031,12029,1,-1
2019-12-26 08:45:00.773,12030,12031,12029,1,-1
2019-12-26 08:45:00.826,12029,12032,12030,2,2
2019-12-26 08:45:00.830,12029,12032,12032,1,1
2019-12-26 08:45:00.831,12029,12032,12032,1,1
2019-12-26 08:45:00.834,12029,12032,12032,1,1
2019-12-26 08:45:00.857,12029,12032,12032,2,2
2019-12-26 08:45:00.868,12029,12032,12032,1,1
2019-12-26 08:45:00.898,12029,12032,12030,1,-1
2019-12-26 08:45:00.898,12029,12032,12029,3,-3
2019-12-26 08:45:00.907,12030,12033,12033,1,1
2019-12-26 08:45:00.934,12030,12033,12033,1,1
2019-12-26 08:45:00.934,12030,12033,12031,2,-2
2019-12-26 08:45:00.988,12030,12033,12032,3,3
2019-12-26 08:45:00.988,12030,12033,12033,1,1
2019-12-26 08:45:01.018,12030,12033,12030,1,-1
2019-12-26 08:45:01.029,12030,12033,12033,5,5
2019-12-26 08:45:01.037,12030,12033,12033,1,1
2019-12-26 08:45:01.049,12030,12033,12030,1,-1
2019-12-26 08:45:01.149,12030,12033,12033,1,1
2019-12-26 08:45:01.150,12030,12033,12033,1,1
2019-12-26 08:45:01.222,12031,12033,12032,1,-1
2019-12-26 08:45:01.242,12031,12033,12033,1,1
2019-12-26 08:45:01.247,12031,12033,12033,1,1
2019-12-26 08:45:01.250,12031,12033,12033,1,1
2019-12-26 08:45:01.257,12031,12033,12033,1,1
2019-12-26 08:45:01.258,12031,12033,12033,1,1
2019-12-26 08:45:01.262,12031,12033,12033,1,1
2019-12-26 08:45:01.262,12031,12033,12031,1,-1
2019-12-26 08:45:01.264,12031,12033,12033,1,1
2019-12-26 08:45:01.299,12031,12033,12031,1,-1
2019-12-26 08:45:01.308,12031,12033,12031,1,-1
2019-12-26 08:45:01.387,12031,12033,12033,1,1
2019-12-26 08:45:01.391,12031,12033,12031,1,-1
2019-12-26 08:45:01.430,12031,12033,12032,1,1
2019-12-26 08:45:01.461,12031,12033,12033,1,1
2019-12-26 08:45:01.489,12031,12033,12032,1,-1
2019-12-26 08:45:01.531,12032,12033,12033,1,1
2019-12-26 08:45:01.548,12032,12033,12033,1,1
2019-12-26 08:45:01.570,12032,12033,12033,2,2
2019-12-26 08:45:01.604,12032,12033,12033,1,1
2019-12-26 08:45:01.654,12032,12033,12033,1,1
2019-12-26 08:45:01.656,12032,12033,12033,7,7
2019-12-26 08:45:01.657,12032,12033,12033,1,1
2019-12-26 08:45:01.681,12032,12033,12034,1,1
2019-12-26 08:45:01.744,12032,12033,12033,2,2
2019-12-26 08:45:01.744,12032,12033,12034,2,2
2019-12-26 08:45:01.758,12032,12033,12032,1,-1
2019-12-26 08:45:01.806,12032,12034,12033,1,1
2019-12-26 08:45:01.819,12032,12034,12034,1,1
2019-12-26 08:45:01.854,12032,12034,12034,8,8
2019-12-26 08:45:01.855,12032,12034,12034,2,2
2019-12-26 08:45:01.911,12032,12034,12032,3,-3
2019-12-26 08:45:01.978,12032,12034,12034,11,11
2019-12-26 08:45:01.983,12032,12034,12034,13,13
2019-12-26 08:45:01.983,12032,12034,12035,1,1
2019-12-26 08:45:02.154,12033,12034,12034,1,1
2019-12-26 08:45:02.165,12033,12034,12035,1,1
2019-12-26 08:45:02.209,12033,12034,12035,2,2
2019-12-26 08:45:02.234,12033,12034,12035,4,4
2019-12-26 08:45:02.235,12033,12034,12033,1,-1
2019-12-26 08:45:02.236,12033,12034,12035,2,2
2019-12-26 08:45:02.237,12033,12034,12032,1,-1
2019-12-26 08:45:02.270,12033,12034,12034,1,1
2019-12-26 08:45:02.270,12033,12034,12035,2,2
2019-12-26 08:45:02.278,12033,12034,12035,2,2
2019-12-26 08:45:02.354,12032,12035,12033,1,-1
2019-12-26 08:45:02.386,12032,12035,12035,4,4
2019-12-26 08:45:02.447,12033,12035,12033,1,-1
2019-12-26 08:45:02.493,12033,12035,12035,1,1
2019-12-26 08:45:02.501,12033,12035,12033,1,-1
2019-12-26 08:45:02.501,12033,12035,12033,1,-1
2019-12-26 08:45:02.512,12033,12035,12034,1,1
2019-12-26 08:45:02.567,12033,12035,12033,1,-1
2019-12-26 08:45:02.575,12033,12035,12035,1,1
2019-12-26 08:45:02.576,12033,12035,12035,1,1
2019-12-26 08:45:02.576,12033,12035,12035,1,1
2019-12-26 08:45:02.576,12033,12035,12035,1,1
2019-12-26 08:45:02.593,12033,12035,12035,1,1
2019-12-26 08:45:02.615,12033,12035,12035,1,1
2019-12-26 08:45:02.653,12033,12035,12032,1,-1
2019-12-26 08:45:02.663,12032,12035,12035,1,1
2019-12-26 08:45:02.674,12032,12035,12032,1,-1
2019-12-26 08:45:02.732,12032,12035,12032,2,-2
2019-12-26 08:45:02.796,12032,12035,12034,1,1
2019-12-26 08:45:02.859,12032,12035,12034,1,-1
2019-12-26 08:45:02.896,12032,12035,12034,2,-2
2019-12-26 08:45:02.911,12032,12035,12035,1,1
2019-12-26 08:45:02.978,12032,12035,12035,1,1
2019-12-26 08:45:03.258,12032,12034,12033,1,-1
2019-12-26 08:45:03.276,12032,12034,12033,1,-1
2019-12-26 08:45:03.311,12033,12034,12033,1,-1
2019-12-26 08:45:03.405,12033,12034,12034,3,3
2019-12-26 08:45:03.407,12033,12034,12034,2,2
2019-12-26 08:45:03.484,12033,12034,12035,2,2
2019-12-26 08:45:03.537,12033,12035,12033,1,-1
2019-12-26 08:45:03.570,12033,12035,12033,1,-1
2019-12-26 08:45:03.575,12033,12035,12033,1,-1
2019-12-26 08:45:03.654,12034,12035,12034,1,1
2019-12-26 08:45:03.994,12033,12035,12034,1,-1
2019-12-26 08:45:04.004,12033,12035,12033,6,-6
2019-12-26 08:45:04.004,12033,12035,12032,12,-12
2019-12-26 08:45:04.155,12032,12033,12033,1,1
2019-12-26 08:45:04.205,12032,12033,12032,1,-1
2019-12-26 08:45:04.210,12032,12033,12032,1,-1
2019-12-26 08:45:04.211,12032,12033,12032,1,-1
2019-12-26 08:45:04.227,12032,12033,12033,2,2
2019-12-26 08:45:04.322,12032,12033,12032,4,-4
2019-12-26 08:45:04.322,12032,12033,12031,1,-1
2019-12-26 08:45:04.512,12031,12033,12033,1,1
2019-12-26 08:45:04.529,12032,12033,12032,1,-1
2019-12-26 08:45:04.535,12032,12033,12033,1,1
2019-12-26 08:45:04.572,12032,12033,12033,2,2
2019-12-26 08:45:04.691,12031,12033,12033,1,1
2019-12-26 08:45:04.992,12031,12033,12033,2,2
2019-12-26 08:45:05.038,12031,12033,12031,2,-2
2019-12-26 08:45:05.141,12031,12033,12033,1,1
2019-12-26 08:45:05.273,12030,12033,12032,1,-1
2019-12-26 08:45:05.280,12031,12032,12032,1,1
2019-12-26 08:45:05.598,12031,12032,12031,1,-1
2019-12-26 08:45:05.627,12031,12032,12031,1,-1
2019-12-26 08:45:05.720,12031,12032,12032,1,1
2019-12-26 08:45:05.779,12031,12032,12031,3,-3
2019-12-26 08:45:05.928,12030,12031,12031,1,1
2019-12-26 08:45:05.941,12030,12031,12031,5,5
2019-12-26 08:45:05.962,12030,12031,12030,4,-4
2019-12-26 08:45:05.998,12030,12031,12031,1,1
2019-12-26 08:45:06.020,12030,12031,12030,3,-3
2019-12-26 08:45:06.568,12029,12030,12030,10,10
2019-12-26 08:45:06.602,12029,12030,12029,5,-5
2019-12-26 08:45:06.603,12029,12030,12029,1,-1
2019-12-26 08:45:06.662,12029,12030,12030,1,1
2019-12-26 08:45:06.765,12029,12030,12030,1,1
2019-12-26 08:45:06.807,12029,12030,12029,6,-6
2019-12-26 08:45:06.981,12029,12030,12030,1,1
2019-12-26 08:45:07.032,12029,12030,12030,3,3
2019-12-26 08:45:07.123,12029,12030,12029,1,-1
2019-12-26 08:45:07.140,12029,12030,12029,1,-1
2019-12-26 08:45:07.193,12029,12030,12030,1,1
2019-12-26 08:45:07.446,12029,12030,12029,2,-2
2019-12-26 08:45:07.884,12029,12030,12030,1,1
2019-12-26 08:45:08.030,12029,12030,12030,3,3
2019-12-26 08:45:08.154,12029,12030,12030,1,1
2019-12-26 08:45:08.329,12029,12031,12031,1,1
2019-12-26 08:45:08.395,12029,12031,12030,1,-1
2019-12-26 08:45:08.406,12030,12031,12031,1,1
2019-12-26 08:45:08.472,12030,12031,12030,1,-1
2019-12-26 08:45:08.545,12030,12032,12030,2,-2
2019-12-26 08:45:08.559,12030,12032,12030,1,-1
2019-12-26 08:45:09.405,12031,12032,12032,4,4
2019-12-26 08:45:09.544,12031,12032,12032,1,1
2019-12-26 08:45:09.580,12031,12032,12031,1,-1
2019-12-26 08:45:09.622,12031,12032,12031,1,-1
2019-12-26 08:45:09.833,12031,12032,12032,1,1
2019-12-26 08:45:09.940,12031,12032,12032,1,1
2019-12-26 08:45:09.946,12031,12032,12032,1,1
2019-12-26 08:45:10.533,12031,12032,12031,2,-2
2019-12-26 08:45:10.893,12031,12032,12031,1,-1
2019-12-26 08:45:11.566,12031,12032,12031,1,-1
2019-12-26 08:45:11.672,12031,12032,12032,10,10
2019-12-26 08:45:11.696,12031,12032,12031,1,-1
2019-12-26 08:45:11.881,12031,12032,12032,2,2
2019-12-26 08:45:11.967,12031,12032,12032,3,3
2019-12-26 08:45:12.125,12031,12032,12031,1,-1
2019-12-26 08:45:12.169,12031,12032,12032,1,1
2019-12-26 08:45:12.655,12031,12032,12032,11,11
2019-12-26 08:45:12.910,12032,12033,12033,1,1
2019-12-26 08:45:13.042,12032,12033,12032,1,-1
2019-12-26 08:45:13.162,12032,12033,12033,1,1
2019-12-26 08:45:13.168,12032,12033,12033,1,1
2019-12-26 08:45:13.404,12032,12033,12033,1,1
2019-12-26 08:45:13.404,12032,12033,12033,1,1
2019-12-26 08:45:13.529,12032,12033,12033,1,1
2019-12-26 08:45:13.529,12032,12033,12033,1,1
2019-12-26 08:45:13.530,12032,12033,12033,1,1
2019-12-26 08:45:13.560,12032,12033,12032,1,-1
2019-12-26 08:45:13.678,12032,12034,12034,2,2
2019-12-26 08:45:14.154,12033,12034,12034,7,7
2019-12-26 08:45:14.454,12034,12035,12035,1,1
2019-12-26 08:45:14.618,12034,12035,12034,3,-3
2019-12-26 08:45:14.799,12034,12035,12035,1,1
2019-12-26 08:45:14.953,12034,12035,12034,1,-1
2019-12-26 08:45:16.100,12034,12035,12035,1,1
2019-12-26 08:45:16.138,12034,12035,12035,1,1
2019-12-26 08:45:16.309,12034,12035,12035,1,1
2019-12-26 08:45:16.512,12034,12035,12034,1,-1
2019-12-26 08:45:16.526,12034,12035,12034,1,-1
2019-12-26 08:45:17.065,12034,12035,12035,1,1
2019-12-26 08:45:17.086,12034,12035,12035,1,1
2019-12-26 08:45:17.388,12034,12035,12034,1,-1
2019-12-26 08:45:17.498,12034,12035,12035,2,2
2019-12-26 08:45:17.555,12034,12035,12035,1,1
2019-12-26 08:45:17.907,12034,12035,12035,5,5
2019-12-26 08:45:17.908,12034,12035,12035,2,2
2019-12-26 08:45:17.995,12034,12035,12035,1,1
2019-12-26 08:45:18.029,12034,12035,12035,3,3
2019-12-26 08:45:18.154,12034,12035,12035,1,1
2019-12-26 08:45:18.214,12034,12035,12034,1,-1
2019-12-26 08:45:18.332,12034,12035,12035,1,1
2019-12-26 08:45:18.332,12034,12035,12036,4,4
2019-12-26 08:45:18.431,12034,12036,12036,4,4
2019-12-26 08:45:18.463,12034,12036,12034,19,-19
2019-12-26 08:45:18.463,12034,12036,12033,14,-14
2019-12-26 08:45:18.528,12034,12036,12034,1,1
2019-12-26 08:45:18.528,12034,12036,12035,2,2
2019-12-26 08:45:18.604,12033,12035,12034,1,-1
2019-12-26 08:45:18.735,12033,12035,12034,1,-1
2019-12-26 08:45:18.959,12033,12034,12034,2,2
2019-12-26 08:45:19.162,12033,12034,12035,1,1
2019-12-26 08:45:19.322,12033,12035,12035,1,1
2019-12-26 08:45:19.480,12033,12035,12035,1,1
2019-12-26 08:45:19.530,12033,12034,12034,1,1
2019-12-26 08:45:19.661,12033,12035,12033,1,-1
2019-12-26 08:45:20.325,12033,12035,12035,2,2
2019-12-26 08:45:20.465,12033,12035,12035,1,1
2019-12-26 08:45:21.035,12034,12035,12035,2,2
2019-12-26 08:45:21.038,12034,12035,12035,1,1
2019-12-26 08:45:21.279,12034,12035,12035,7,7
