2023-02-02 15:00:00,15587,15587,15587,116,0
2023-02-02 15:00:00,15585,15585,15585,2,-2
2023-02-02 15:00:00,15585,15585,15585,4,0
2023-02-02 15:00:00,15583,15583,15583,2,-2
2023-02-02 15:00:00,15585,15585,15585,4,4
2023-02-02 15:00:00,15585,15585,15585,4,0
2023-02-02 15:00:00,15587,15587,15587,4,4
2023-02-02 15:00:00,15587,15587,15587,2,0
2023-02-02 15:00:00,15588,15588,15588,2,2
2023-02-02 15:00:00,15585,15585,15585,2,-2
2023-02-02 15:00:00,15587,15587,15587,2,2
2023-02-02 15:00:00,15586,15586,15586,2,-2
2023-02-02 15:00:01,15588,15588,15588,2,2
2023-02-02 15:00:01,15586,15586,15586,2,-2
2023-02-02 15:00:01,15588,15588,15588,2,2
2023-02-02 15:00:01,15587,15587,15587,2,-2
2023-02-02 15:00:02,15587,15587,15587,2,0
2023-02-02 15:00:02,15587,15587,15587,2,0
2023-02-02 15:00:02,15587,15587,15587,4,0
2023-02-02 15:00:02,15587,15587,15587,2,0
2023-02-02 15:00:02,15587,15587,15587,2,0
2023-02-02 15:00:02,15587,15587,15587,4,0
2023-02-02 15:00:02,15586,15586,15586,2,-2
2023-02-02 15:00:02,15586,15586,15586,2,0
2023-02-02 15:00:02,15586,15586,15586,4,0
2023-02-02 15:00:02,15586,15586,15586,2,0
2023-02-02 15:00:02,15586,15586,15586,2,0
2023-02-02 15:00:05,15587,15587,15587,8,8
2023-02-02 15:00:05,15588,15588,15588,2,2
2023-02-02 15:00:05,15587,15587,15587,2,-2
2023-02-02 15:00:05,15588,15588,15588,4,4
2023-02-02 15:00:05,15588,15588,15588,4,0
2023-02-02 15:00:05,15588,15588,15588,2,0
2023-02-02 15:00:05,15588,15588,15588,2,0
2023-02-02 15:00:06,15587,15587,15587,2,-2
2023-02-02 15:00:07,15586,15586,15586,2,-2
2023-02-02 15:00:07,15586,15586,15586,2,0
2023-02-02 15:00:07,15587,15587,15587,4,4
2023-02-02 15:00:09,15587,15587,15587,2,0
2023-02-02 15:00:09,15586,15586,15586,2,-2
2023-02-02 15:00:10,15586,15586,15586,2,0
2023-02-02 15:00:10,15586,15586,15586,2,0
2023-02-02 15:00:10,15586,15586,15586,2,0
2023-02-02 15:00:10,15586,15586,15586,2,0
2023-02-02 15:00:10,15586,15586,15586,2,0
2023-02-02 15:00:11,15587,15587,15587,4,4
2023-02-02 15:00:13,15586,15586,15586,2,-2
2023-02-02 15:00:14,15587,15587,15587,6,6
2023-02-02 15:00:15,15586,15586,15586,2,-2
2023-02-02 15:00:15,15585,15585,15585,2,-2
2023-02-02 15:00:16,15585,15585,15585,2,0
2023-02-02 15:00:16,15585,15585,15585,2,0
2023-02-02 15:00:16,15585,15585,15585,2,0
2023-02-02 15:00:19,15586,15586,15586,2,2
2023-02-02 15:00:20,15586,15586,15586,2,0
2023-02-02 15:00:22,15586,15586,15586,2,0
2023-02-02 15:00:27,15586,15586,15586,2,0
2023-02-02 15:00:28,15587,15587,15587,34,34
2023-02-02 15:00:29,15588,15588,15588,4,4
2023-02-02 15:00:29,15588,15588,15588,4,0
2023-02-02 15:00:29,15588,15588,15588,2,0
2023-02-02 15:00:30,15587,15587,15587,2,-2
2023-02-02 15:00:30,15586,15586,15586,4,-4
2023-02-02 15:00:30,15586,15586,15586,4,0
2023-02-02 15:00:30,15585,15585,15585,2,-2
2023-02-02 15:00:30,15585,15585,15585,2,0
2023-02-02 15:00:30,15585,15585,15585,2,0
2023-02-02 15:00:30,15584,15584,15584,2,-2
2023-02-02 15:00:31,15586,15586,15586,2,2
2023-02-02 15:00:34,15585,15585,15585,2,-2
2023-02-02 15:00:35,15587,15587,15587,8,8
2023-02-02 15:00:37,15585,15585,15585,2,-2
2023-02-02 15:00:37,15585,15585,15585,2,0
2023-02-02 15:00:38,15587,15587,15587,2,2
2023-02-02 15:00:40,15586,15586,15586,2,-2
2023-02-02 15:00:41,15585,15585,15585,2,-2
2023-02-02 15:00:42,15584,15584,15584,2,-2
2023-02-02 15:00:43,15584,15584,15584,2,0
2023-02-02 15:00:44,15584,15584,15584,2,0
2023-02-02 15:00:45,15584,15584,15584,4,0
2023-02-02 15:00:47,15584,15584,15584,2,0
2023-02-02 15:00:47,15584,15584,15584,2,0
2023-02-02 15:00:48,15583,15583,15583,2,-2
2023-02-02 15:00:49,15584,15584,15584,4,4
2023-02-02 15:00:55,15586,15586,15586,2,2
2023-02-02 15:00:59,15586,15586,15586,2,0
2023-02-02 15:00:59,15585,15585,15585,2,-2
2023-02-02 15:01:00,15586,15586,15586,2,2
2023-02-02 15:01:05,15587,15587,15587,2,2
2023-02-02 15:01:08,15586,15586,15586,10,-10
2023-02-02 15:01:08,15585,15585,15585,14,-14
2023-02-02 15:01:08,15585,15585,15585,2,0
2023-02-02 15:01:08,15585,15585,15585,2,0
2023-02-02 15:01:08,15585,15585,15585,4,0
2023-02-02 15:01:08,15585,15585,15585,2,0
2023-02-02 15:01:08,15585,15585,15585,2,0
2023-02-02 15:01:08,15585,15585,15585,4,0
2023-02-02 15:01:08,15585,15585,15585,2,0
2023-02-02 15:01:08,15585,15585,15585,2,0
2023-02-02 15:01:08,15585,15585,15585,2,0
2023-02-02 15:01:08,15584,15584,15584,2,-2
2023-02-02 15:01:08,15584,15584,15584,2,0
2023-02-02 15:01:08,15584,15584,15584,4,0
2023-02-02 15:01:08,15584,15584,15584,2,0
2023-02-02 15:01:08,15584,15584,15584,2,0
2023-02-02 15:01:08,15584,15584,15584,2,0
2023-02-02 15:01:08,15584,15584,15584,2,0
2023-02-02 15:01:08,15584,15584,15584,2,0
2023-02-02 15:01:08,15583,15583,15583,2,-2
2023-02-02 15:01:08,15583,15583,15583,2,0
2023-02-02 15:01:08,15583,15583,15583,2,0
2023-02-02 15:01:08,15583,15583,15583,2,0
2023-02-02 15:01:08,15583,15583,15583,2,0
2023-02-02 15:01:08,15583,15583,15583,6,0
2023-02-02 15:01:08,15583,15583,15583,4,0
2023-02-02 15:01:08,15585,15585,15585,2,2
2023-02-02 15:01:09,15583,15583,15583,2,-2
2023-02-02 15:01:09,15583,15583,15583,2,0
2023-02-02 15:01:09,15583,15583,15583,4,0
2023-02-02 15:01:09,15583,15583,15583,2,0
2023-02-02 15:01:09,15583,15583,15583,2,0
2023-02-02 15:01:13,15583,15583,15583,2,0
2023-02-02 15:01:17,15583,15583,15583,2,0
2023-02-02 15:01:18,15585,15585,15585,2,2
2023-02-02 15:01:18,15586,15586,15586,2,2
2023-02-02 15:01:18,15586,15586,15586,4,0
2023-02-02 15:01:18,15585,15585,15585,2,-2
2023-02-02 15:01:18,15585,15585,15585,2,0
2023-02-02 15:01:18,15585,15585,15585,2,0
2023-02-02 15:01:18,15585,15585,15585,2,0
2023-02-02 15:01:18,15584,15584,15584,2,-2
2023-02-02 15:01:18,15584,15584,15584,2,0
2023-02-02 15:01:18,15584,15584,15584,2,0
2023-02-02 15:01:18,15584,15584,15584,4,0
2023-02-02 15:01:18,15584,15584,15584,4,0
2023-02-02 15:01:18,15584,15584,15584,2,0
2023-02-02 15:01:22,15586,15586,15586,10,10
2023-02-02 15:01:24,15585,15585,15585,2,-2
2023-02-02 15:01:27,15586,15586,15586,8,8
2023-02-02 15:01:27,15585,15585,15585,2,-2
2023-02-02 15:01:27,15585,15585,15585,2,0
2023-02-02 15:01:29,15585,15585,15585,2,0
2023-02-02 15:01:32,15585,15585,15585,2,0
2023-02-02 15:01:32,15585,15585,15585,2,0
2023-02-02 15:01:32,15585,15585,15585,2,0
2023-02-02 15:01:32,15585,15585,15585,2,0
2023-02-02 15:01:32,15586,15586,15586,20,20
2023-02-02 15:01:32,15587,15587,15587,36,36
2023-02-02 15:01:32,15588,15588,15588,32,32
2023-02-02 15:01:32,15588,15588,15588,2,0
2023-02-02 15:01:32,15589,15589,15589,2,2
2023-02-02 15:01:32,15589,15589,15589,4,0
2023-02-02 15:01:33,15587,15587,15587,2,-2
2023-02-02 15:01:33,15587,15587,15587,2,0
2023-02-02 15:01:33,15587,15587,15587,2,0
2023-02-02 15:01:33,15587,15587,15587,2,0
2023-02-02 15:01:33,15587,15587,15587,2,0
2023-02-02 15:01:36,15587,15587,15587,2,0
2023-02-02 15:01:36,15587,15587,15587,2,0
2023-02-02 15:01:41,15587,15587,15587,2,0
2023-02-02 15:01:41,15586,15586,15586,4,-4
2023-02-02 15:01:41,15586,15586,15586,6,0
2023-02-02 15:01:41,15586,15586,15586,2,0
2023-02-02 15:01:45,15587,15587,15587,2,2
2023-02-02 15:01:45,15586,15586,15586,2,-2
2023-02-02 15:01:46,15586,15586,15586,2,0
2023-02-02 15:01:50,15587,15587,15587,4,4
2023-02-02 15:01:51,15587,15587,15587,2,0
2023-02-02 15:01:51,15586,15586,15586,2,-2
2023-02-02 15:01:52,15586,15586,15586,2,0
2023-02-02 15:01:52,15588,15588,15588,2,2
2023-02-02 15:01:56,15588,15588,15588,4,0
2023-02-02 15:01:56,15588,15588,15588,2,0
2023-02-02 15:01:56,15588,15588,15588,8,0
2023-02-02 15:01:56,15588,15588,15588,2,0
2023-02-02 15:01:56,15588,15588,15588,2,0
2023-02-02 15:01:56,15588,15588,15588,2,0
2023-02-02 15:01:56,15587,15587,15587,2,-2
2023-02-02 15:01:56,15587,15587,15587,2,0
2023-02-02 15:01:56,15587,15587,15587,4,0
2023-02-02 15:01:56,15587,15587,15587,2,0
2023-02-02 15:01:56,15587,15587,15587,2,0
2023-02-02 15:01:56,15588,15588,15588,2,2
2023-02-02 15:01:59,15587,15587,15587,2,-2
2023-02-02 15:01:59,15587,15587,15587,2,0
2023-02-02 15:01:59,15587,15587,15587,2,0
2023-02-02 15:02:09,15587,15587,15587,2,0
2023-02-02 15:02:09,15587,15587,15587,4,0
2023-02-02 15:02:09,15587,15587,15587,2,0
2023-02-02 15:02:09,15587,15587,15587,2,0
2023-02-02 15:02:09,15586,15586,15586,2,-2
2023-02-02 15:02:09,15586,15586,15586,2,0
2023-02-02 15:02:10,15585,15585,15585,2,-2
2023-02-02 15:02:10,15585,15585,15585,2,0
2023-02-02 15:02:19,15585,15585,15585,2,0
2023-02-02 15:02:25,15587,15587,15587,2,2
2023-02-02 15:02:32,15586,15586,15586,2,-2
2023-02-02 15:02:35,15587,15587,15587,8,8
2023-02-02 15:02:35,15586,15586,15586,2,-2
2023-02-02 15:02:39,15587,15587,15587,2,2
2023-02-02 15:02:45,15588,15588,15588,2,2
2023-02-02 15:02:48,15587,15587,15587,2,-2
2023-02-02 15:02:49,15587,15587,15587,2,0
2023-02-02 15:02:51,15587,15587,15587,10,0
2023-02-02 15:02:51,15588,15588,15588,4,4
2023-02-02 15:02:51,15586,15586,15586,2,-2
2023-02-02 15:02:51,15586,15586,15586,2,0
2023-02-02 15:02:56,15586,15586,15586,4,0
2023-02-02 15:02:56,15586,15586,15586,2,0
2023-02-02 15:02:58,15586,15586,15586,4,0
2023-02-02 15:02:58,15585,15585,15585,2,-2
2023-02-02 15:02:58,15585,15585,15585,4,0
2023-02-02 15:02:58,15585,15585,15585,2,0
2023-02-02 15:03:00,15586,15586,15586,2,2
2023-02-02 15:03:00,15586,15586,15586,6,0
2023-02-02 15:03:00,15586,15586,15586,2,0
2023-02-02 15:03:00,15586,15586,15586,2,0
2023-02-02 15:03:00,15586,15586,15586,2,0
2023-02-02 15:03:00,15587,15587,15587,2,2
2023-02-02 15:03:00,15587,15587,15587,2,0
2023-02-02 15:03:00,15587,15587,15587,4,0
2023-02-02 15:03:00,15587,15587,15587,4,0
2023-02-02 15:03:00,15587,15587,15587,2,0
2023-02-02 15:03:00,15587,15587,15587,2,0
2023-02-02 15:03:00,15587,15587,15587,2,0
2023-02-02 15:03:00,15587,15587,15587,2,0
2023-02-02 15:03:00,15587,15587,15587,2,0
2023-02-02 15:03:00,15587,15587,15587,8,0
2023-02-02 15:03:01,15586,15586,15586,2,-2
2023-02-02 15:03:01,15586,15586,15586,2,0
2023-02-02 15:03:01,15586,15586,15586,2,0
2023-02-02 15:03:04,15586,15586,15586,2,0
2023-02-02 15:03:05,15585,15585,15585,2,-2
2023-02-02 15:03:05,15585,15585,15585,2,0
2023-02-02 15:03:07,15586,15586,15586,2,2
2023-02-02 15:03:08,15584,15584,15584,2,-2
2023-02-02 15:03:18,15584,15584,15584,2,0
2023-02-02 15:03:18,15584,15584,15584,4,0
2023-02-02 15:03:19,15584,15584,15584,2,0
2023-02-02 15:03:23,15584,15584,15584,2,0
2023-02-02 15:03:23,15584,15584,15584,2,0
2023-02-02 15:03:27,15585,15585,15585,2,2
2023-02-02 15:03:29,15584,15584,15584,2,-2
2023-02-02 15:03:29,15584,15584,15584,6,0
2023-02-02 15:03:30,15585,15585,15585,4,4
2023-02-02 15:03:35,15584,15584,15584,2,-2
2023-02-02 15:03:35,15583,15583,15583,2,-2
2023-02-02 15:03:43,15584,15584,15584,2,2
2023-02-02 15:03:48,15584,15584,15584,2,0
2023-02-02 15:03:56,15584,15584,15584,2,0
2023-02-02 15:03:57,15585,15585,15585,8,8
2023-02-02 15:03:58,15584,15584,15584,2,-2
2023-02-02 15:03:58,15584,15584,15584,2,0
2023-02-02 15:04:09,15585,15585,15585,2,2
2023-02-02 15:04:09,15585,15585,15585,2,0
2023-02-02 15:04:13,15586,15586,15586,6,6
2023-02-02 15:04:14,15585,15585,15585,2,-2
2023-02-02 15:04:19,15586,15586,15586,2,2
2023-02-02 15:04:19,15586,15586,15586,2,0
2023-02-02 15:04:19,15587,15587,15587,2,2
2023-02-02 15:04:20,15587,15587,15587,2,0
2023-02-02 15:04:20,15587,15587,15587,4,0
2023-02-02 15:04:29,15586,15586,15586,4,-4
2023-02-02 15:04:29,15586,15586,15586,2,0
2023-02-02 15:04:29,15586,15586,15586,2,0
2023-02-02 15:04:29,15587,15587,15587,8,8
2023-02-02 15:04:35,15586,15586,15586,2,-2
2023-02-02 15:04:35,15586,15586,15586,2,0
2023-02-02 15:04:36,15586,15586,15586,2,0
2023-02-02 15:04:36,15586,15586,15586,2,0
2023-02-02 15:04:37,15586,15586,15586,2,0
2023-02-02 15:04:37,15586,15586,15586,2,0
2023-02-02 15:04:44,15587,15587,15587,4,4
2023-02-02 15:05:01,15585,15585,15585,2,-2
2023-02-02 15:05:22,15586,15586,15586,6,6
2023-02-02 15:05:22,15586,15586,15586,2,0
2023-02-02 15:05:28,15587,15587,15587,2,2
2023-02-02 15:05:29,15586,15586,15586,2,-2
2023-02-02 15:05:30,15586,15586,15586,2,0
2023-02-02 15:05:31,15587,15587,15587,2,2
2023-02-02 15:05:40,15587,15587,15587,4,0
2023-02-02 15:05:40,15587,15587,15587,2,0
2023-02-02 15:05:40,15587,15587,15587,6,0
2023-02-02 15:05:48,15587,15587,15587,2,0
2023-02-02 15:05:51,15587,15587,15587,2,0
2023-02-02 15:05:52,15587,15587,15587,2,0
2023-02-02 15:05:52,15587,15587,15587,2,0
2023-02-02 15:06:06,15587,15587,15587,2,0
2023-02-02 15:06:06,15587,15587,15587,2,0
2023-02-02 15:06:12,15587,15587,15587,2,0
2023-02-02 15:06:12,15587,15587,15587,2,0
2023-02-02 15:06:17,15587,15587,15587,2,0
2023-02-02 15:06:29,15587,15587,15587,2,0
2023-02-02 15:06:34,15587,15587,15587,2,0
2023-02-02 15:06:34,15587,15587,15587,2,0
2023-02-02 15:06:34,15587,15587,15587,2,0
2023-02-02 15:06:34,15587,15587,15587,2,0
2023-02-02 15:06:34,15587,15587,15587,2,0
2023-02-02 15:06:42,15587,15587,15587,2,0
2023-02-02 15:06:42,15587,15587,15587,2,0
2023-02-02 15:06:42,15587,15587,15587,2,0
2023-02-02 15:06:53,15587,15587,15587,2,0
2023-02-02 15:06:53,15587,15587,15587,2,0
2023-02-02 15:06:53,15587,15587,15587,2,0
2023-02-02 15:06:53,15587,15587,15587,2,0
2023-02-02 15:06:53,15587,15587,15587,2,0
2023-02-02 15:06:53,15586,15586,15586,2,-2
2023-02-02 15:06:53,15586,15586,15586,6,0
2023-02-02 15:06:53,15586,15586,15586,4,0
2023-02-02 15:06:59,15586,15586,15586,4,0
2023-02-02 15:07:00,15586,15586,15586,2,0
2023-02-02 15:07:20,15586,15586,15586,2,0
2023-02-02 15:07:21,15586,15586,15586,2,0
2023-02-02 15:07:21,15586,15586,15586,2,0
2023-02-02 15:07:21,15586,15586,15586,2,0
2023-02-02 15:07:21,15586,15586,15586,2,0
2023-02-02 15:07:21,15585,15585,15585,2,-2
2023-02-02 15:07:21,15585,15585,15585,8,0
2023-02-02 15:07:21,15585,15585,15585,2,0
2023-02-02 15:07:21,15585,15585,15585,2,0
2023-02-02 15:07:21,15585,15585,15585,2,0
2023-02-02 15:07:22,15584,15584,15584,2,-2
2023-02-02 15:07:22,15584,15584,15584,2,0
2023-02-02 15:07:35,15584,15584,15584,2,0
2023-02-02 15:07:36,15584,15584,15584,2,0
2023-02-02 15:07:38,15584,15584,15584,2,0
2023-02-02 15:07:38,15584,15584,15584,6,0
2023-02-02 15:07:39,15585,15585,15585,4,4
2023-02-02 15:07:44,15587,15587,15587,2,2
2023-02-02 15:07:48,15585,15585,15585,2,-2
2023-02-02 15:07:48,15585,15585,15585,2,0
2023-02-02 15:07:48,15585,15585,15585,2,0
2023-02-02 15:07:48,15584,15584,15584,2,-2
2023-02-02 15:07:49,15585,15585,15585,2,2
2023-02-02 15:07:54,15585,15585,15585,2,0
2023-02-02 15:07:58,15583,15583,15583,2,-2
2023-02-02 15:07:58,15583,15583,15583,2,0
2023-02-02 15:07:58,15583,15583,15583,2,0
2023-02-02 15:07:58,15583,15583,15583,2,0
2023-02-02 15:07:58,15583,15583,15583,2,0
2023-02-02 15:07:58,15583,15583,15583,2,0
2023-02-02 15:07:58,15583,15583,15583,2,0
2023-02-02 15:07:58,15583,15583,15583,2,0
2023-02-02 15:07:58,15583,15583,15583,2,0
2023-02-02 15:07:58,15583,15583,15583,2,0
2023-02-02 15:07:58,15583,15583,15583,2,0
2023-02-02 15:07:59,15583,15583,15583,4,0
2023-02-02 15:08:00,15583,15583,15583,2,0
2023-02-02 15:08:02,15583,15583,15583,2,0
2023-02-02 15:08:02,15583,15583,15583,2,0
2023-02-02 15:08:07,15582,15582,15582,2,-2
2023-02-02 15:08:07,15582,15582,15582,2,0
2023-02-02 15:08:07,15582,15582,15582,2,0
2023-02-02 15:08:07,15582,15582,15582,2,0
2023-02-02 15:08:07,15582,15582,15582,2,0
2023-02-02 15:08:07,15582,15582,15582,2,0
2023-02-02 15:08:07,15582,15582,15582,2,0
2023-02-02 15:08:07,15581,15581,15581,2,-2
2023-02-02 15:08:07,15581,15581,15581,2,0
2023-02-02 15:08:08,15582,15582,15582,4,4
2023-02-02 15:08:08,15583,15583,15583,2,2
2023-02-02 15:08:13,15582,15582,15582,2,-2
2023-02-02 15:08:17,15582,15582,15582,4,0
2023-02-02 15:08:20,15581,15581,15581,2,-2
2023-02-02 15:08:20,15581,15581,15581,28,0
2023-02-02 15:08:23,15582,15582,15582,4,4
2023-02-02 15:08:24,15581,15581,15581,12,-12
2023-02-02 15:08:24,15581,15581,15581,2,0
2023-02-02 15:08:24,15581,15581,15581,2,0
2023-02-02 15:08:24,15581,15581,15581,2,0
2023-02-02 15:08:24,15581,15581,15581,2,0
2023-02-02 15:08:24,15581,15581,15581,4,0
2023-02-02 15:08:24,15581,15581,15581,2,0
2023-02-02 15:08:24,15581,15581,15581,2,0
2023-02-02 15:08:24,15581,15581,15581,2,0
2023-02-02 15:08:25,15581,15581,15581,2,0
2023-02-02 15:08:25,15581,15581,15581,2,0
2023-02-02 15:08:27,15581,15581,15581,2,0
2023-02-02 15:08:27,15581,15581,15581,2,0
2023-02-02 15:08:27,15581,15581,15581,2,0
2023-02-02 15:08:32,15581,15581,15581,10,0
2023-02-02 15:08:32,15581,15581,15581,12,0
2023-02-02 15:08:32,15581,15581,15581,6,0
2023-02-02 15:08:32,15582,15582,15582,12,12
2023-02-02 15:08:33,15582,15582,15582,2,0
2023-02-02 15:08:33,15582,15582,15582,2,0
2023-02-02 15:08:33,15582,15582,15582,2,0
2023-02-02 15:08:33,15581,15581,15581,2,-2
2023-02-02 15:08:37,15581,15581,15581,2,0
2023-02-02 15:08:38,15581,15581,15581,2,0
2023-02-02 15:08:38,15581,15581,15581,2,0
2023-02-02 15:08:41,15581,15581,15581,2,0
2023-02-02 15:08:41,15582,15582,15582,4,4
2023-02-02 15:08:43,15582,15582,15582,8,0
2023-02-02 15:08:44,15581,15581,15581,2,-2
2023-02-02 15:08:44,15581,15581,15581,2,0
2023-02-02 15:08:48,15581,15581,15581,2,0
2023-02-02 15:08:49,15581,15581,15581,4,0
2023-02-02 15:08:56,15581,15581,15581,6,0
2023-02-02 15:08:58,15581,15581,15581,2,0
2023-02-02 15:09:04,15581,15581,15581,4,0
2023-02-02 15:09:11,15582,15582,15582,2,2
2023-02-02 15:09:11,15582,15582,15582,2,0
2023-02-02 15:09:11,15582,15582,15582,2,0
2023-02-02 15:09:11,15582,15582,15582,6,0
2023-02-02 15:09:12,15583,15583,15583,2,2
2023-02-02 15:09:13,15582,15582,15582,2,-2
2023-02-02 15:09:20,15582,15582,15582,2,0
2023-02-02 15:09:30,15582,15582,15582,2,0
2023-02-02 15:09:30,15582,15582,15582,2,0
2023-02-02 15:09:38,15582,15582,15582,2,0
2023-02-02 15:09:41,15582,15582,15582,2,0
2023-02-02 15:09:41,15582,15582,15582,2,0
2023-02-02 15:09:41,15582,15582,15582,2,0
2023-02-02 15:09:41,15582,15582,15582,2,0
2023-02-02 15:09:41,15582,15582,15582,2,0
2023-02-02 15:09:41,15581,15581,15581,2,-2
2023-02-02 15:09:41,15581,15581,15581,2,0
2023-02-02 15:09:44,15580,15580,15580,2,-2
2023-02-02 15:09:44,15580,15580,15580,2,0
2023-02-02 15:09:44,15580,15580,15580,2,0
2023-02-02 15:09:44,15580,15580,15580,2,0
2023-02-02 15:09:53,15581,15581,15581,2,2
2023-02-02 15:09:54,15581,15581,15581,2,0
2023-02-02 15:09:55,15582,15582,15582,4,4
2023-02-02 15:10:00,15580,15580,15580,4,-4
2023-02-02 15:10:00,15580,15580,15580,2,0
2023-02-02 15:10:00,15580,15580,15580,2,0
2023-02-02 15:10:01,15580,15580,15580,2,0
2023-02-02 15:10:03,15581,15581,15581,2,2
2023-02-02 15:10:03,15582,15582,15582,8,8
2023-02-02 15:10:04,15582,15582,15582,10,0
2023-02-02 15:10:05,15581,15581,15581,2,-2
2023-02-02 15:10:15,15582,15582,15582,4,4
2023-02-02 15:10:16,15582,15582,15582,2,0
2023-02-02 15:10:16,15583,15583,15583,2,2
2023-02-02 15:10:31,15582,15582,15582,6,-6
2023-02-02 15:10:42,15582,15582,15582,4,0
2023-02-02 15:10:42,15582,15582,15582,2,0
2023-02-02 15:10:42,15582,15582,15582,4,0
2023-02-02 15:10:42,15581,15581,15581,2,-2
2023-02-02 15:10:42,15581,15581,15581,2,0
2023-02-02 15:10:42,15581,15581,15581,2,0
2023-02-02 15:10:46,15582,15582,15582,2,2
2023-02-02 15:10:55,15581,15581,15581,2,-2
2023-02-02 15:10:57,15580,15580,15580,10,-10
2023-02-02 15:10:57,15580,15580,15580,20,0
2023-02-02 15:10:57,15580,15580,15580,2,0
2023-02-02 15:10:57,15580,15580,15580,2,0
2023-02-02 15:10:57,15580,15580,15580,4,0
2023-02-02 15:10:57,15580,15580,15580,2,0
2023-02-02 15:10:57,15580,15580,15580,2,0
2023-02-02 15:10:57,15580,15580,15580,4,0
2023-02-02 15:10:57,15580,15580,15580,6,0
2023-02-02 15:10:57,15580,15580,15580,4,0
2023-02-02 15:10:57,15580,15580,15580,2,0
2023-02-02 15:10:57,15580,15580,15580,2,0
2023-02-02 15:10:57,15580,15580,15580,2,0
2023-02-02 15:10:57,15580,15580,15580,2,0
2023-02-02 15:10:57,15579,15579,15579,4,-4
2023-02-02 15:10:57,15579,15579,15579,14,0
2023-02-02 15:10:57,15579,15579,15579,2,0
2023-02-02 15:10:57,15579,15579,15579,2,0
2023-02-02 15:10:57,15579,15579,15579,40,0
2023-02-02 15:10:57,15579,15579,15579,2,0
2023-02-02 15:10:57,15579,15579,15579,2,0
2023-02-02 15:10:57,15579,15579,15579,2,0
2023-02-02 15:10:57,15579,15579,15579,2,0
2023-02-02 15:10:57,15578,15578,15578,10,-10
2023-02-02 15:10:57,15578,15578,15578,2,0
2023-02-02 15:10:57,15578,15578,15578,2,0
2023-02-02 15:10:57,15578,15578,15578,2,0
2023-02-02 15:10:57,15578,15578,15578,2,0
2023-02-02 15:10:57,15578,15578,15578,2,0
2023-02-02 15:10:57,15578,15578,15578,2,0
2023-02-02 15:10:57,15578,15578,15578,2,0
2023-02-02 15:10:57,15577,15577,15577,2,-2
2023-02-02 15:10:57,15577,15577,15577,2,0
2023-02-02 15:10:57,15577,15577,15577,2,0
2023-02-02 15:10:57,15577,15577,15577,2,0
2023-02-02 15:10:57,15577,15577,15577,2,0
2023-02-02 15:10:57,15577,15577,15577,2,0
2023-02-02 15:10:57,15577,15577,15577,2,0
2023-02-02 15:10:57,15578,15578,15578,2,2
2023-02-02 15:10:57,15578,15578,15578,2,0
2023-02-02 15:10:57,15578,15578,15578,2,0
2023-02-02 15:10:57,15577,15577,15577,2,-2
2023-02-02 15:10:57,15577,15577,15577,4,0
2023-02-02 15:10:58,15579,15579,15579,12,12
2023-02-02 15:10:58,15579,15579,15579,2,0
2023-02-02 15:10:59,15578,15578,15578,2,-2
2023-02-02 15:11:02,15578,15578,15578,2,0
2023-02-02 15:11:03,15578,15578,15578,2,0
2023-02-02 15:11:03,15578,15578,15578,4,0
2023-02-02 15:11:05,15578,15578,15578,2,0
2023-02-02 15:11:07,15580,15580,15580,4,4
2023-02-02 15:11:07,15580,15580,15580,2,0
2023-02-02 15:11:07,15580,15580,15580,2,0
2023-02-02 15:11:07,15580,15580,15580,2,0
2023-02-02 15:11:07,15580,15580,15580,2,0
2023-02-02 15:11:07,15580,15580,15580,4,0
2023-02-02 15:11:07,15580,15580,15580,2,0
2023-02-02 15:11:07,15580,15580,15580,4,0
2023-02-02 15:11:07,15580,15580,15580,2,0
2023-02-02 15:11:07,15579,15579,15579,2,-2
2023-02-02 15:11:07,15579,15579,15579,2,0
2023-02-02 15:11:07,15579,15579,15579,2,0
2023-02-02 15:11:07,15579,15579,15579,2,0
2023-02-02 15:11:07,15579,15579,15579,2,0
2023-02-02 15:11:07,15579,15579,15579,2,0
2023-02-02 15:11:07,15579,15579,15579,4,0
2023-02-02 15:11:07,15579,15579,15579,4,0
2023-02-02 15:11:08,15579,15579,15579,2,0
2023-02-02 15:11:08,15579,15579,15579,2,0
2023-02-02 15:11:14,15580,15580,15580,2,2
2023-02-02 15:11:21,15580,15580,15580,2,0
2023-02-02 15:11:21,15580,15580,15580,2,0
2023-02-02 15:11:24,15580,15580,15580,2,0
2023-02-02 15:11:24,15580,15580,15580,2,0
2023-02-02 15:11:25,15581,15581,15581,2,2
2023-02-02 15:11:27,15581,15581,15581,2,0
2023-02-02 15:11:33,15581,15581,15581,2,0
2023-02-02 15:11:33,15581,15581,15581,4,0
2023-02-02 15:11:35,15580,15580,15580,4,-4
2023-02-02 15:11:35,15581,15581,15581,4,4
2023-02-02 15:11:41,15581,15581,15581,4,0
2023-02-02 15:11:45,15580,15580,15580,2,-2
2023-02-02 15:11:56,15580,15580,15580,2,0
2023-02-02 15:12:04,15581,15581,15581,10,10
2023-02-02 15:12:36,15582,15582,15582,2,2
2023-02-02 15:12:36,15582,15582,15582,2,0
2023-02-02 15:12:36,15582,15582,15582,12,0
2023-02-02 15:12:41,15583,15583,15583,24,24
2023-02-02 15:12:42,15582,15582,15582,2,-2
2023-02-02 15:12:42,15582,15582,15582,2,0
2023-02-02 15:12:43,15582,15582,15582,2,0
2023-02-02 15:12:43,15584,15584,15584,2,2
2023-02-02 15:12:53,15583,15583,15583,2,-2
2023-02-02 15:13:08,15582,15582,15582,2,-2
2023-02-02 15:13:08,15582,15582,15582,4,0
2023-02-02 15:13:08,15582,15582,15582,2,0
2023-02-02 15:13:08,15582,15582,15582,4,0
2023-02-02 15:13:08,15582,15582,15582,2,0
2023-02-02 15:13:08,15582,15582,15582,20,0
2023-02-02 15:13:08,15582,15582,15582,2,0
2023-02-02 15:13:09,15582,15582,15582,4,0
2023-02-02 15:13:12,15581,15581,15581,2,-2
2023-02-02 15:13:12,15581,15581,15581,4,0
2023-02-02 15:13:12,15581,15581,15581,2,0
2023-02-02 15:13:12,15581,15581,15581,2,0
2023-02-02 15:13:12,15581,15581,15581,2,0
2023-02-02 15:13:15,15581,15581,15581,2,0
2023-02-02 15:13:17,15582,15582,15582,4,4
2023-02-02 15:13:18,15582,15582,15582,4,0
2023-02-02 15:13:19,15583,15583,15583,4,4
2023-02-02 15:13:20,15581,15581,15581,6,-6
2023-02-02 15:13:22,15581,15581,15581,8,0
2023-02-02 15:13:25,15583,15583,15583,2,2
2023-02-02 15:13:32,15581,15581,15581,4,-4
2023-02-02 15:13:32,15581,15581,15581,2,0
2023-02-02 15:13:32,15581,15581,15581,2,0
2023-02-02 15:13:32,15581,15581,15581,2,0
2023-02-02 15:13:32,15581,15581,15581,4,0
2023-02-02 15:13:32,15581,15581,15581,2,0
2023-02-02 15:13:32,15581,15581,15581,2,0
2023-02-02 15:13:36,15580,15580,15580,2,-2
2023-02-02 15:13:36,15580,15580,15580,2,0
2023-02-02 15:13:36,15580,15580,15580,4,0
2023-02-02 15:13:36,15580,15580,15580,2,0
2023-02-02 15:13:36,15580,15580,15580,2,0
2023-02-02 15:13:36,15580,15580,15580,40,0
2023-02-02 15:13:36,15580,15580,15580,2,0
2023-02-02 15:13:45,15580,15580,15580,12,0
2023-02-02 15:13:46,15580,15580,15580,2,0
2023-02-02 15:13:49,15581,15581,15581,2,2
2023-02-02 15:13:50,15580,15580,15580,2,-2
2023-02-02 15:13:56,15580,15580,15580,2,0
2023-02-02 15:13:56,15580,15580,15580,2,0
2023-02-02 15:13:56,15580,15580,15580,2,0
2023-02-02 15:13:56,15580,15580,15580,2,0
2023-02-02 15:13:56,15580,15580,15580,2,0
2023-02-02 15:13:56,15580,15580,15580,2,0
2023-02-02 15:13:56,15580,15580,15580,6,0
2023-02-02 15:13:56,15580,15580,15580,2,0
2023-02-02 15:13:56,15580,15580,15580,2,0
2023-02-02 15:13:56,15580,15580,15580,2,0
2023-02-02 15:13:56,15580,15580,15580,2,0
2023-02-02 15:13:56,15580,15580,15580,4,0
2023-02-02 15:13:56,15580,15580,15580,6,0
2023-02-02 15:13:56,15580,15580,15580,2,0
2023-02-02 15:14:00,15580,15580,15580,2,0
2023-02-02 15:14:00,15580,15580,15580,2,0
2023-02-02 15:14:00,15580,15580,15580,2,0
2023-02-02 15:14:00,15580,15580,15580,4,0
2023-02-02 15:14:01,15580,15580,15580,2,0
2023-02-02 15:14:02,15580,15580,15580,2,0
2023-02-02 15:14:03,15580,15580,15580,2,0
2023-02-02 15:14:07,15580,15580,15580,2,0
2023-02-02 15:14:07,15580,15580,15580,4,0
2023-02-02 15:14:07,15580,15580,15580,2,0
2023-02-02 15:14:17,15579,15579,15579,2,-2
2023-02-02 15:14:17,15579,15579,15579,2,0
2023-02-02 15:14:17,15579,15579,15579,2,0
2023-02-02 15:14:17,15579,15579,15579,2,0
2023-02-02 15:14:17,15579,15579,15579,6,0
2023-02-02 15:14:17,15579,15579,15579,2,0
2023-02-02 15:14:17,15579,15579,15579,2,0
2023-02-02 15:14:17,15578,15578,15578,2,-2
2023-02-02 15:14:17,15578,15578,15578,2,0
2023-02-02 15:14:17,15578,15578,15578,2,0
2023-02-02 15:14:17,15578,15578,15578,2,0
2023-02-02 15:14:17,15578,15578,15578,2,0
2023-02-02 15:14:17,15577,15577,15577,2,-2
2023-02-02 15:14:18,15577,15577,15577,2,0
2023-02-02 15:14:18,15577,15577,15577,2,0
2023-02-02 15:14:18,15577,15577,15577,4,0
2023-02-02 15:14:18,15577,15577,15577,2,0
2023-02-02 15:14:18,15577,15577,15577,2,0
2023-02-02 15:14:18,15577,15577,15577,2,0
2023-02-02 15:14:18,15577,15577,15577,2,0
2023-02-02 15:14:18,15577,15577,15577,2,0
2023-02-02 15:14:18,15577,15577,15577,2,0
2023-02-02 15:14:18,15577,15577,15577,2,0
2023-02-02 15:14:18,15576,15576,15576,2,-2
2023-02-02 15:14:18,15576,15576,15576,2,0
2023-02-02 15:14:18,15576,15576,15576,2,0
2023-02-02 15:14:18,15576,15576,15576,2,0
2023-02-02 15:14:18,15576,15576,15576,2,0
2023-02-02 15:14:18,15576,15576,15576,2,0
2023-02-02 15:14:18,15576,15576,15576,2,0
2023-02-02 15:14:20,15577,15577,15577,2,2
2023-02-02 15:14:23,15578,15578,15578,2,2
2023-02-02 15:14:24,15578,15578,15578,2,0
2023-02-02 15:14:28,15578,15578,15578,2,0
2023-02-02 15:14:29,15578,15578,15578,2,0
2023-02-02 15:14:32,15577,15577,15577,2,-2
2023-02-02 15:14:43,15578,15578,15578,2,2
2023-02-02 15:15:02,15577,15577,15577,2,-2
2023-02-02 15:15:02,15577,15577,15577,2,0
2023-02-02 15:15:02,15577,15577,15577,2,0
2023-02-02 15:15:02,15577,15577,15577,2,0
2023-02-02 15:15:02,15577,15577,15577,2,0
2023-02-02 15:15:02,15577,15577,15577,2,0
2023-02-02 15:15:02,15576,15576,15576,2,-2
2023-02-02 15:15:02,15576,15576,15576,2,0
2023-02-02 15:15:02,15576,15576,15576,2,0
2023-02-02 15:15:02,15576,15576,15576,2,0
2023-02-02 15:15:02,15576,15576,15576,6,0
2023-02-02 15:15:02,15577,15577,15577,2,2
2023-02-02 15:15:09,15577,15577,15577,2,0
2023-02-02 15:15:16,15578,15578,15578,8,8
2023-02-02 15:15:19,15578,15578,15578,4,0
2023-02-02 15:15:19,15578,15578,15578,2,0
2023-02-02 15:15:29,15579,15579,15579,6,6
2023-02-02 15:15:30,15580,15580,15580,2,2
2023-02-02 15:15:39,15580,15580,15580,2,0
2023-02-02 15:15:48,15579,15579,15579,2,-2
2023-02-02 15:15:48,15579,15579,15579,4,0
2023-02-02 15:15:48,15579,15579,15579,4,0
2023-02-02 15:15:56,15578,15578,15578,2,-2
2023-02-02 15:15:56,15578,15578,15578,2,0
2023-02-02 15:15:56,15578,15578,15578,2,0
2023-02-02 15:15:56,15578,15578,15578,6,0
2023-02-02 15:15:57,15578,15578,15578,2,0
2023-02-02 15:16:00,15577,15577,15577,2,-2
2023-02-02 15:16:00,15577,15577,15577,2,0
2023-02-02 15:16:00,15577,15577,15577,2,0
2023-02-02 15:16:00,15577,15577,15577,2,0
2023-02-02 15:16:00,15577,15577,15577,2,0
2023-02-02 15:16:00,15577,15577,15577,2,0
2023-02-02 15:16:00,15577,15577,15577,2,0
2023-02-02 15:16:00,15578,15578,15578,2,2
2023-02-02 15:16:00,15578,15578,15578,2,0
2023-02-02 15:16:11,15576,15576,15576,2,-2
2023-02-02 15:16:15,15576,15576,15576,2,0
2023-02-02 15:16:15,15578,15578,15578,2,2
2023-02-02 15:16:29,15577,15577,15577,2,-2
2023-02-02 15:16:29,15577,15577,15577,2,0
2023-02-02 15:16:29,15577,15577,15577,4,0
2023-02-02 15:16:29,15577,15577,15577,2,0
2023-02-02 15:16:30,15576,15576,15576,2,-2
2023-02-02 15:16:30,15578,15578,15578,2,2
2023-02-02 15:16:30,15578,15578,15578,2,0
2023-02-02 15:16:35,15577,15577,15577,2,-2
2023-02-02 15:16:39,15577,15577,15577,2,0
2023-02-02 15:16:39,15578,15578,15578,4,4
2023-02-02 15:16:50,15577,15577,15577,2,-2
2023-02-02 15:16:50,15577,15577,15577,2,0
2023-02-02 15:17:08,15576,15576,15576,2,-2
2023-02-02 15:17:08,15576,15576,15576,2,0
2023-02-02 15:17:30,15578,15578,15578,10,10
2023-02-02 15:17:30,15577,15577,15577,2,-2
2023-02-02 15:17:31,15577,15577,15577,2,0
2023-02-02 15:17:31,15577,15577,15577,2,0
2023-02-02 15:17:31,15577,15577,15577,2,0
2023-02-02 15:17:31,15577,15577,15577,2,0
2023-02-02 15:17:31,15577,15577,15577,2,0
2023-02-02 15:17:31,15577,15577,15577,2,0
2023-02-02 15:17:32,15577,15577,15577,2,0
2023-02-02 15:17:33,15578,15578,15578,2,2
2023-02-02 15:17:33,15579,15579,15579,2,2
2023-02-02 15:17:36,15578,15578,15578,2,-2
2023-02-02 15:17:36,15577,15577,15577,2,-2
2023-02-02 15:17:36,15577,15577,15577,6,0
2023-02-02 15:17:36,15577,15577,15577,2,0
2023-02-02 15:17:36,15577,15577,15577,4,0
2023-02-02 15:17:36,15577,15577,15577,2,0
2023-02-02 15:17:36,15577,15577,15577,2,0
2023-02-02 15:17:36,15577,15577,15577,2,0
2023-02-02 15:17:36,15577,15577,15577,2,0
2023-02-02 15:17:36,15577,15577,15577,2,0
2023-02-02 15:17:36,15576,15576,15576,8,-8
2023-02-02 15:17:36,15576,15576,15576,6,0
2023-02-02 15:17:36,15576,15576,15576,4,0
2023-02-02 15:17:36,15576,15576,15576,2,0
2023-02-02 15:17:36,15576,15576,15576,2,0
2023-02-02 15:17:36,15576,15576,15576,2,0
2023-02-02 15:17:36,15576,15576,15576,2,0
2023-02-02 15:17:36,15576,15576,15576,2,0
2023-02-02 15:17:36,15576,15576,15576,6,0
2023-02-02 15:17:40,15578,15578,15578,2,2
2023-02-02 15:17:40,15578,15578,15578,2,0
2023-02-02 15:17:47,15577,15577,15577,2,-2
2023-02-02 15:17:50,15576,15576,15576,2,-2
2023-02-02 15:18:00,15577,15577,15577,2,2
2023-02-02 15:18:01,15577,15577,15577,2,0
2023-02-02 15:18:01,15577,15577,15577,2,0
2023-02-02 15:18:01,15577,15577,15577,2,0
2023-02-02 15:18:08,15577,15577,15577,2,0
2023-02-02 15:18:09,15578,15578,15578,2,2
2023-02-02 15:18:16,15578,15578,15578,2,0
2023-02-02 15:18:18,15578,15578,15578,2,0
2023-02-02 15:18:18,15578,15578,15578,2,0
2023-02-02 15:18:18,15578,15578,15578,2,0
2023-02-02 15:18:18,15577,15577,15577,2,-2
2023-02-02 15:18:26,15577,15577,15577,2,0
2023-02-02 15:18:26,15577,15577,15577,2,0
2023-02-02 15:18:26,15577,15577,15577,2,0
2023-02-02 15:18:26,15577,15577,15577,2,0
2023-02-02 15:18:26,15576,15576,15576,2,-2
2023-02-02 15:18:26,15576,15576,15576,2,0
2023-02-02 15:18:26,15576,15576,15576,2,0
2023-02-02 15:18:26,15576,15576,15576,2,0
2023-02-02 15:18:26,15576,15576,15576,2,0
2023-02-02 15:18:27,15576,15576,15576,2,0
2023-02-02 15:18:27,15575,15575,15575,2,-2
2023-02-02 15:18:27,15575,15575,15575,2,0
2023-02-02 15:18:27,15575,15575,15575,2,0
2023-02-02 15:18:27,15575,15575,15575,2,0
2023-02-02 15:18:27,15575,15575,15575,10,0
2023-02-02 15:18:27,15575,15575,15575,2,0
2023-02-02 15:18:27,15575,15575,15575,2,0
2023-02-02 15:18:27,15575,15575,15575,2,0
2023-02-02 15:18:27,15575,15575,15575,2,0
2023-02-02 15:18:33,15575,15575,15575,2,0
2023-02-02 15:18:33,15574,15574,15574,2,-2
2023-02-02 15:18:33,15574,15574,15574,2,0
2023-02-02 15:18:33,15574,15574,15574,2,0
2023-02-02 15:18:33,15574,15574,15574,2,0
2023-02-02 15:18:34,15574,15574,15574,2,0
2023-02-02 15:18:34,15574,15574,15574,2,0
2023-02-02 15:18:35,15575,15575,15575,4,4
2023-02-02 15:18:35,15575,15575,15575,2,0
2023-02-02 15:18:36,15575,15575,15575,2,0
2023-02-02 15:18:36,15574,15574,15574,2,-2
2023-02-02 15:18:39,15574,15574,15574,2,0
2023-02-02 15:18:39,15574,15574,15574,2,0
2023-02-02 15:18:39,15574,15574,15574,2,0
2023-02-02 15:18:39,15574,15574,15574,2,0
2023-02-02 15:18:47,15575,15575,15575,2,2
2023-02-02 15:18:51,15575,15575,15575,2,0
2023-02-02 15:18:51,15575,15575,15575,2,0
2023-02-02 15:18:51,15575,15575,15575,2,0
2023-02-02 15:18:57,15575,15575,15575,2,0
2023-02-02 15:18:57,15575,15575,15575,2,0
2023-02-02 15:19:00,15574,15574,15574,2,-2
2023-02-02 15:19:00,15574,15574,15574,2,0
2023-02-02 15:19:01,15575,15575,15575,2,2
2023-02-02 15:19:03,15574,15574,15574,2,-2
2023-02-02 15:19:03,15574,15574,15574,2,0
2023-02-02 15:19:03,15574,15574,15574,2,0
2023-02-02 15:19:03,15574,15574,15574,2,0
2023-02-02 15:19:06,15574,15574,15574,2,0
2023-02-02 15:19:08,15574,15574,15574,2,0
2023-02-02 15:19:09,15574,15574,15574,2,0
2023-02-02 15:19:10,15574,15574,15574,2,0
2023-02-02 15:19:11,15574,15574,15574,2,0
2023-02-02 15:19:13,15574,15574,15574,2,0
2023-02-02 15:19:18,15575,15575,15575,2,2
2023-02-02 15:19:18,15575,15575,15575,6,0
2023-02-02 15:19:29,15575,15575,15575,2,0
2023-02-02 15:19:30,15575,15575,15575,2,0
2023-02-02 15:19:31,15575,15575,15575,2,0
2023-02-02 15:19:38,15575,15575,15575,2,0
2023-02-02 15:19:46,15575,15575,15575,2,0
2023-02-02 15:19:49,15574,15574,15574,2,-2
2023-02-02 15:19:51,15574,15574,15574,2,0
2023-02-02 15:19:51,15574,15574,15574,2,0
2023-02-02 15:19:51,15574,15574,15574,2,0
2023-02-02 15:19:51,15574,15574,15574,2,0
2023-02-02 15:19:55,15574,15574,15574,2,0
2023-02-02 15:19:58,15573,15573,15573,2,-2
2023-02-02 15:19:58,15573,15573,15573,2,0
2023-02-02 15:19:58,15573,15573,15573,2,0
2023-02-02 15:19:58,15573,15573,15573,4,0
2023-02-02 15:19:58,15573,15573,15573,2,0
2023-02-02 15:19:58,15573,15573,15573,2,0
2023-02-02 15:19:58,15573,15573,15573,2,0
2023-02-02 15:19:58,15573,15573,15573,2,0
2023-02-02 15:19:58,15573,15573,15573,2,0
2023-02-02 15:19:59,15573,15573,15573,4,0
2023-02-02 15:20:00,15573,15573,15573,2,0
2023-02-02 15:20:00,15573,15573,15573,4,0
2023-02-02 15:20:00,15573,15573,15573,2,0
2023-02-02 15:20:00,15573,15573,15573,2,0
2023-02-02 15:20:00,15573,15573,15573,2,0
2023-02-02 15:20:00,15572,15572,15572,2,-2
2023-02-02 15:20:00,15572,15572,15572,2,0
2023-02-02 15:20:00,15572,15572,15572,2,0
2023-02-02 15:20:00,15572,15572,15572,4,0
2023-02-02 15:20:00,15572,15572,15572,2,0
2023-02-02 15:20:00,15572,15572,15572,2,0
2023-02-02 15:20:00,15572,15572,15572,2,0
2023-02-02 15:20:00,15572,15572,15572,4,0
2023-02-02 15:20:00,15572,15572,15572,2,0
2023-02-02 15:20:00,15572,15572,15572,4,0
2023-02-02 15:20:00,15572,15572,15572,2,0
2023-02-02 15:20:00,15572,15572,15572,2,0
2023-02-02 15:20:00,15572,15572,15572,2,0
2023-02-02 15:20:00,15572,15572,15572,2,0
2023-02-02 15:20:00,15572,15572,15572,2,0
2023-02-02 15:20:00,15572,15572,15572,2,0
2023-02-02 15:20:00,15572,15572,15572,2,0
2023-02-02 15:20:00,15571,15571,15571,4,-4
2023-02-02 15:20:01,15571,15571,15571,2,0
2023-02-02 15:20:01,15571,15571,15571,2,0
2023-02-02 15:20:01,15571,15571,15571,2,0
2023-02-02 15:20:01,15571,15571,15571,2,0
2023-02-02 15:20:01,15572,15572,15572,2,2
2023-02-02 15:20:01,15572,15572,15572,4,0
2023-02-02 15:20:03,15573,15573,15573,2,2
2023-02-02 15:20:03,15573,15573,15573,2,0
2023-02-02 15:20:03,15573,15573,15573,2,0
2023-02-02 15:20:04,15573,15573,15573,2,0
2023-02-02 15:20:04,15573,15573,15573,2,0
2023-02-02 15:20:05,15572,15572,15572,2,-2
2023-02-02 15:20:07,15573,15573,15573,2,2
2023-02-02 15:20:08,15573,15573,15573,2,0
2023-02-02 15:20:08,15573,15573,15573,2,0
2023-02-02 15:20:09,15572,15572,15572,2,-2
2023-02-02 15:20:12,15572,15572,15572,2,0
2023-02-02 15:20:12,15572,15572,15572,2,0
2023-02-02 15:20:14,15572,15572,15572,2,0
2023-02-02 15:20:15,15573,15573,15573,2,2
2023-02-02 15:20:18,15572,15572,15572,4,-4
2023-02-02 15:20:21,15572,15572,15572,2,0
2023-02-02 15:20:21,15572,15572,15572,2,0
2023-02-02 15:20:21,15571,15571,15571,2,-2
2023-02-02 15:20:21,15571,15571,15571,2,0
2023-02-02 15:20:21,15571,15571,15571,2,0
2023-02-02 15:20:21,15571,15571,15571,2,0
2023-02-02 15:20:21,15572,15572,15572,2,2
2023-02-02 15:20:21,15573,15573,15573,2,2
2023-02-02 15:20:22,15572,15572,15572,2,-2
2023-02-02 15:20:22,15571,15571,15571,2,-2
2023-02-02 15:20:22,15571,15571,15571,2,0
2023-02-02 15:20:25,15571,15571,15571,2,0
2023-02-02 15:20:26,15572,15572,15572,2,2
2023-02-02 15:20:27,15571,15571,15571,2,-2
2023-02-02 15:20:31,15573,15573,15573,2,2
2023-02-02 15:20:31,15571,15571,15571,2,-2
2023-02-02 15:20:36,15571,15571,15571,2,0
2023-02-02 15:20:36,15571,15571,15571,2,0
2023-02-02 15:20:39,15571,15571,15571,2,0
2023-02-02 15:20:46,15571,15571,15571,2,0
2023-02-02 15:20:46,15571,15571,15571,2,0
2023-02-02 15:20:46,15571,15571,15571,2,0
2023-02-02 15:20:46,15571,15571,15571,2,0
2023-02-02 15:20:50,15571,15571,15571,2,0
2023-02-02 15:20:51,15570,15570,15570,2,-2
2023-02-02 15:20:51,15570,15570,15570,2,0
2023-02-02 15:20:51,15570,15570,15570,2,0
2023-02-02 15:20:51,15570,15570,15570,2,0
2023-02-02 15:20:51,15570,15570,15570,2,0
2023-02-02 15:20:51,15570,15570,15570,4,0
2023-02-02 15:20:51,15570,15570,15570,2,0
2023-02-02 15:20:51,15570,15570,15570,2,0
2023-02-02 15:20:51,15570,15570,15570,2,0
2023-02-02 15:20:51,15570,15570,15570,2,0
2023-02-02 15:20:51,15570,15570,15570,2,0
2023-02-02 15:20:51,15570,15570,15570,2,0
2023-02-02 15:20:51,15570,15570,15570,2,0
2023-02-02 15:20:52,15569,15569,15569,2,-2
2023-02-02 15:20:52,15569,15569,15569,2,0
2023-02-02 15:20:52,15568,15568,15568,2,-2
2023-02-02 15:20:52,15568,15568,15568,2,0
2023-02-02 15:20:52,15568,15568,15568,2,0
2023-02-02 15:20:52,15568,15568,15568,2,0
2023-02-02 15:20:52,15568,15568,15568,2,0
2023-02-02 15:20:52,15569,15569,15569,2,2
2023-02-02 15:20:52,15568,15568,15568,2,-2
2023-02-02 15:20:52,15568,15568,15568,2,0
2023-02-02 15:20:52,15568,15568,15568,2,0
2023-02-02 15:20:52,15568,15568,15568,2,0
2023-02-02 15:20:52,15568,15568,15568,2,0
2023-02-02 15:20:52,15568,15568,15568,2,0
2023-02-02 15:20:52,15568,15568,15568,2,0
2023-02-02 15:20:52,15568,15568,15568,2,0
2023-02-02 15:20:52,15568,15568,15568,2,0
2023-02-02 15:20:56,15569,15569,15569,2,2
2023-02-02 15:20:57,15569,15569,15569,2,0
2023-02-02 15:20:57,15569,15569,15569,2,0
2023-02-02 15:20:57,15568,15568,15568,2,-2
2023-02-02 15:21:00,15569,15569,15569,4,4
2023-02-02 15:21:00,15569,15569,15569,2,0
2023-02-02 15:21:01,15568,15568,15568,2,-2
2023-02-02 15:21:04,15568,15568,15568,2,0
2023-02-02 15:21:06,15569,15569,15569,6,6
2023-02-02 15:21:06,15569,15569,15569,4,0
2023-02-02 15:21:06,15569,15569,15569,4,0
2023-02-02 15:21:06,15569,15569,15569,4,0
2023-02-02 15:21:06,15569,15569,15569,10,0
2023-02-02 15:21:06,15569,15569,15569,2,0
2023-02-02 15:21:08,15569,15569,15569,2,0
2023-02-02 15:21:08,15569,15569,15569,2,0
2023-02-02 15:21:08,15569,15569,15569,2,0
2023-02-02 15:21:08,15568,15568,15568,6,-6
2023-02-02 15:21:08,15568,15568,15568,4,0
2023-02-02 15:21:08,15568,15568,15568,2,0
2023-02-02 15:21:08,15568,15568,15568,2,0
2023-02-02 15:21:08,15568,15568,15568,2,0
2023-02-02 15:21:08,15568,15568,15568,2,0
2023-02-02 15:21:08,15568,15568,15568,2,0
2023-02-02 15:21:08,15567,15567,15567,2,-2
2023-02-02 15:21:08,15567,15567,15567,2,0
2023-02-02 15:21:08,15567,15567,15567,2,0
2023-02-02 15:21:08,15567,15567,15567,4,0
2023-02-02 15:21:08,15568,15568,15568,2,2
2023-02-02 15:21:08,15566,15566,15566,2,-2
2023-02-02 15:21:08,15568,15568,15568,2,2
2023-02-02 15:21:09,15566,15566,15566,4,-4
2023-02-02 15:21:11,15567,15567,15567,2,2
2023-02-02 15:21:12,15566,15566,15566,2,-2
2023-02-02 15:21:13,15566,15566,15566,2,0
2023-02-02 15:21:13,15566,15566,15566,4,0
2023-02-02 15:21:13,15566,15566,15566,4,0
2023-02-02 15:21:14,15566,15566,15566,2,0
2023-02-02 15:21:14,15566,15566,15566,2,0
2023-02-02 15:21:14,15566,15566,15566,2,0
2023-02-02 15:21:14,15566,15566,15566,2,0
2023-02-02 15:21:15,15565,15565,15565,2,-2
2023-02-02 15:21:15,15565,15565,15565,2,0
2023-02-02 15:21:15,15565,15565,15565,4,0
2023-02-02 15:21:15,15565,15565,15565,2,0
2023-02-02 15:21:15,15565,15565,15565,2,0
2023-02-02 15:21:15,15565,15565,15565,2,0
2023-02-02 15:21:15,15565,15565,15565,2,0
2023-02-02 15:21:15,15565,15565,15565,2,0
2023-02-02 15:21:15,15565,15565,15565,2,0
2023-02-02 15:21:15,15565,15565,15565,2,0
2023-02-02 15:21:15,15565,15565,15565,2,0
2023-02-02 15:21:15,15565,15565,15565,2,0
2023-02-02 15:21:15,15565,15565,15565,2,0
2023-02-02 15:21:15,15566,15566,15566,8,8
2023-02-02 15:21:17,15566,15566,15566,2,0
2023-02-02 15:21:17,15567,15567,15567,2,2
2023-02-02 15:21:17,15567,15567,15567,4,0
2023-02-02 15:21:18,15567,15567,15567,2,0
2023-02-02 15:21:20,15567,15567,15567,2,0
2023-02-02 15:21:20,15567,15567,15567,2,0
2023-02-02 15:21:21,15567,15567,15567,2,0
2023-02-02 15:21:23,15566,15566,15566,2,-2
2023-02-02 15:21:25,15566,15566,15566,2,0
2023-02-02 15:21:25,15566,15566,15566,2,0
2023-02-02 15:21:25,15566,15566,15566,2,0
2023-02-02 15:21:25,15566,15566,15566,2,0
2023-02-02 15:21:25,15565,15565,15565,2,-2
2023-02-02 15:21:28,15565,15565,15565,2,0
2023-02-02 15:21:28,15565,15565,15565,2,0
2023-02-02 15:21:29,15565,15565,15565,8,0
2023-02-02 15:21:29,15565,15565,15565,4,0
2023-02-02 15:21:29,15565,15565,15565,12,0
2023-02-02 15:21:29,15565,15565,15565,2,0
2023-02-02 15:21:29,15565,15565,15565,2,0
2023-02-02 15:21:30,15565,15565,15565,2,0
2023-02-02 15:21:30,15564,15564,15564,2,-2
2023-02-02 15:21:30,15564,15564,15564,2,0
2023-02-02 15:21:30,15564,15564,15564,2,0
2023-02-02 15:21:30,15564,15564,15564,2,0
2023-02-02 15:21:30,15564,15564,15564,2,0
2023-02-02 15:21:30,15564,15564,15564,6,0
2023-02-02 15:21:30,15564,15564,15564,2,0
2023-02-02 15:21:30,15563,15563,15563,2,-2
2023-02-02 15:21:30,15563,15563,15563,2,0
2023-02-02 15:21:30,15563,15563,15563,2,0
2023-02-02 15:21:30,15563,15563,15563,2,0
2023-02-02 15:21:30,15563,15563,15563,4,0
2023-02-02 15:21:30,15562,15562,15562,2,-2
2023-02-02 15:21:30,15562,15562,15562,2,0
2023-02-02 15:21:30,15562,15562,15562,2,0
2023-02-02 15:21:30,15562,15562,15562,2,0
2023-02-02 15:21:30,15562,15562,15562,4,0
2023-02-02 15:21:30,15563,15563,15563,2,2
2023-02-02 15:21:30,15562,15562,15562,2,-2
2023-02-02 15:21:30,15564,15564,15564,2,2
2023-02-02 15:21:30,15562,15562,15562,2,-2
2023-02-02 15:21:30,15562,15562,15562,2,0
2023-02-02 15:21:30,15564,15564,15564,2,2
2023-02-02 15:21:31,15563,15563,15563,2,-2
2023-02-02 15:21:32,15564,15564,15564,8,8
2023-02-02 15:21:32,15564,15564,15564,2,0
2023-02-02 15:21:32,15564,15564,15564,2,0
2023-02-02 15:21:32,15564,15564,15564,18,0
2023-02-02 15:21:32,15564,15564,15564,2,0
2023-02-02 15:21:32,15564,15564,15564,2,0
2023-02-02 15:21:33,15563,15563,15563,2,-2
2023-02-02 15:21:35,15564,15564,15564,2,2
2023-02-02 15:21:35,15564,15564,15564,2,0
2023-02-02 15:21:36,15564,15564,15564,2,0
2023-02-02 15:21:36,15564,15564,15564,2,0
2023-02-02 15:21:37,15565,15565,15565,10,10
2023-02-02 15:21:37,15565,15565,15565,4,0
2023-02-02 15:21:38,15565,15565,15565,2,0
2023-02-02 15:21:38,15564,15564,15564,2,-2
2023-02-02 15:21:38,15564,15564,15564,2,0
2023-02-02 15:21:41,15565,15565,15565,2,2
2023-02-02 15:21:43,15566,15566,15566,2,2
2023-02-02 15:21:44,15565,15565,15565,2,-2
2023-02-02 15:21:49,15565,15565,15565,2,0
2023-02-02 15:21:49,15565,15565,15565,2,0
2023-02-02 15:21:50,15565,15565,15565,2,0
2023-02-02 15:21:55,15565,15565,15565,6,0
2023-02-02 15:22:00,15565,15565,15565,2,0
2023-02-02 15:22:02,15565,15565,15565,2,0
2023-02-02 15:22:05,15565,15565,15565,2,0
2023-02-02 15:22:06,15565,15565,15565,6,0
2023-02-02 15:22:06,15565,15565,15565,2,0
2023-02-02 15:22:06,15565,15565,15565,2,0
2023-02-02 15:22:07,15565,15565,15565,2,0
2023-02-02 15:22:07,15565,15565,15565,8,0
2023-02-02 15:22:08,15566,15566,15566,2,2
2023-02-02 15:22:08,15565,15565,15565,2,-2
2023-02-02 15:22:10,15564,15564,15564,2,-2
2023-02-02 15:22:10,15564,15564,15564,2,0
2023-02-02 15:22:11,15565,15565,15565,8,8
2023-02-02 15:22:12,15564,15564,15564,2,-2
2023-02-02 15:22:12,15564,15564,15564,2,0
2023-02-02 15:22:13,15565,15565,15565,2,2
2023-02-02 15:22:14,15564,15564,15564,2,-2
2023-02-02 15:22:14,15564,15564,15564,2,0
2023-02-02 15:22:15,15564,15564,15564,2,0
2023-02-02 15:22:19,15564,15564,15564,2,0
2023-02-02 15:22:19,15564,15564,15564,2,0
2023-02-02 15:22:19,15564,15564,15564,2,0
2023-02-02 15:22:19,15564,15564,15564,2,0
2023-02-02 15:22:20,15564,15564,15564,6,0
2023-02-02 15:22:22,15564,15564,15564,2,0
2023-02-02 15:22:23,15563,15563,15563,2,-2
2023-02-02 15:22:23,15563,15563,15563,2,0
2023-02-02 15:22:23,15563,15563,15563,2,0
2023-02-02 15:22:24,15563,15563,15563,2,0
2023-02-02 15:22:25,15564,15564,15564,2,2
2023-02-02 15:22:37,15564,15564,15564,2,0
2023-02-02 15:22:43,15565,15565,15565,16,16
2023-02-02 15:22:43,15565,15565,15565,2,0
2023-02-02 15:22:43,15565,15565,15565,2,0
2023-02-02 15:22:44,15566,15566,15566,10,10
2023-02-02 15:22:45,15566,15566,15566,4,0
2023-02-02 15:22:50,15566,15566,15566,2,0
2023-02-02 15:22:50,15566,15566,15566,2,0
2023-02-02 15:22:51,15565,15565,15565,2,-2
2023-02-02 15:22:53,15565,15565,15565,2,0
2023-02-02 15:22:56,15566,15566,15566,2,2
2023-02-02 15:22:58,15566,15566,15566,2,0
2023-02-02 15:22:58,15566,15566,15566,2,0
2023-02-02 15:23:01,15566,15566,15566,2,0
2023-02-02 15:23:03,15566,15566,15566,2,0
2023-02-02 15:23:03,15565,15565,15565,2,-2
2023-02-02 15:23:03,15566,15566,15566,2,2
2023-02-02 15:23:07,15567,15567,15567,10,10
2023-02-02 15:23:07,15567,15567,15567,2,0
2023-02-02 15:23:07,15567,15567,15567,4,0
2023-02-02 15:23:07,15567,15567,15567,2,0
2023-02-02 15:23:07,15567,15567,15567,2,0
2023-02-02 15:23:07,15567,15567,15567,2,0
2023-02-02 15:23:07,15567,15567,15567,2,0
2023-02-02 15:23:12,15568,15568,15568,2,2
2023-02-02 15:23:13,15568,15568,15568,2,0
2023-02-02 15:23:14,15567,15567,15567,2,-2
2023-02-02 15:23:18,15568,15568,15568,2,2
2023-02-02 15:23:19,15568,15568,15568,2,0
2023-02-02 15:23:21,15567,15567,15567,4,-4
2023-02-02 15:23:21,15567,15567,15567,2,0
2023-02-02 15:23:21,15567,15567,15567,2,0
2023-02-02 15:23:27,15567,15567,15567,2,0
2023-02-02 15:23:34,15567,15567,15567,2,0
2023-02-02 15:23:34,15568,15568,15568,2,2
2023-02-02 15:23:41,15568,15568,15568,2,0
2023-02-02 15:23:45,15568,15568,15568,2,0
2023-02-02 15:23:47,15568,15568,15568,2,0
2023-02-02 15:23:48,15568,15568,15568,4,0
2023-02-02 15:23:48,15568,15568,15568,2,0
2023-02-02 15:23:48,15568,15568,15568,2,0
2023-02-02 15:23:48,15568,15568,15568,2,0
2023-02-02 15:23:52,15568,15568,15568,2,0
2023-02-02 15:23:52,15568,15568,15568,2,0
2023-02-02 15:24:01,15569,15569,15569,4,4
2023-02-02 15:24:01,15569,15569,15569,14,0
2023-02-02 15:24:03,15569,15569,15569,2,0
2023-02-02 15:24:12,15570,15570,15570,2,2
2023-02-02 15:24:12,15570,15570,15570,2,0
2023-02-02 15:24:12,15570,15570,15570,6,0
2023-02-02 15:24:12,15571,15571,15571,2,2
2023-02-02 15:24:12,15571,15571,15571,4,0
2023-02-02 15:24:15,15570,15570,15570,2,-2
2023-02-02 15:24:15,15570,15570,15570,2,0
2023-02-02 15:24:15,15571,15571,15571,2,2
2023-02-02 15:24:16,15571,15571,15571,2,0
2023-02-02 15:24:16,15571,15571,15571,20,0
2023-02-02 15:24:18,15570,15570,15570,2,-2
2023-02-02 15:24:22,15571,15571,15571,2,2
2023-02-02 15:24:24,15571,15571,15571,2,0
2023-02-02 15:24:28,15571,15571,15571,2,0
2023-02-02 15:24:29,15570,15570,15570,2,-2
2023-02-02 15:24:29,15571,15571,15571,2,2
2023-02-02 15:24:29,15570,15570,15570,2,-2
2023-02-02 15:24:29,15570,15570,15570,2,0
2023-02-02 15:24:29,15570,15570,15570,2,0
2023-02-02 15:24:29,15570,15570,15570,2,0
2023-02-02 15:24:29,15570,15570,15570,2,0
2023-02-02 15:24:29,15570,15570,15570,4,0
2023-02-02 15:24:29,15570,15570,15570,2,0
2023-02-02 15:24:29,15570,15570,15570,2,0
2023-02-02 15:24:29,15570,15570,15570,2,0
2023-02-02 15:24:29,15570,15570,15570,2,0
2023-02-02 15:24:35,15570,15570,15570,2,0
2023-02-02 15:24:35,15570,15570,15570,4,0
2023-02-02 15:24:38,15569,15569,15569,2,-2
2023-02-02 15:24:38,15569,15569,15569,2,0
2023-02-02 15:24:38,15569,15569,15569,2,0
2023-02-02 15:24:38,15569,15569,15569,2,0
2023-02-02 15:24:38,15569,15569,15569,2,0
2023-02-02 15:24:38,15569,15569,15569,2,0
2023-02-02 15:24:40,15568,15568,15568,2,-2
2023-02-02 15:24:50,15568,15568,15568,2,0
2023-02-02 15:24:50,15568,15568,15568,2,0
2023-02-02 15:24:50,15568,15568,15568,2,0
2023-02-02 15:24:50,15568,15568,15568,2,0
2023-02-02 15:24:54,15567,15567,15567,2,-2
2023-02-02 15:24:58,15567,15567,15567,2,0
2023-02-02 15:25:07,15567,15567,15567,6,0
2023-02-02 15:25:07,15567,15567,15567,2,0
2023-02-02 15:25:07,15567,15567,15567,2,0
2023-02-02 15:25:07,15567,15567,15567,2,0
2023-02-02 15:25:07,15567,15567,15567,2,0
2023-02-02 15:25:07,15567,15567,15567,2,0
2023-02-02 15:25:07,15567,15567,15567,2,0
2023-02-02 15:25:07,15567,15567,15567,2,0
2023-02-02 15:25:07,15567,15567,15567,2,0
2023-02-02 15:25:14,15568,15568,15568,10,10
2023-02-02 15:25:14,15568,15568,15568,2,0
2023-02-02 15:25:14,15568,15568,15568,2,0
2023-02-02 15:25:16,15568,15568,15568,2,0
2023-02-02 15:25:18,15568,15568,15568,2,0
2023-02-02 15:25:18,15568,15568,15568,2,0
2023-02-02 15:25:23,15569,15569,15569,2,2
2023-02-02 15:25:24,15569,15569,15569,2,0
2023-02-02 15:25:32,15569,15569,15569,2,0
2023-02-02 15:25:33,15568,15568,15568,2,-2
2023-02-02 15:25:34,15568,15568,15568,2,0
2023-02-02 15:25:34,15569,15569,15569,2,2
2023-02-02 15:25:34,15569,15569,15569,2,0
2023-02-02 15:25:37,15569,15569,15569,2,0
2023-02-02 15:25:37,15570,15570,15570,2,2
2023-02-02 15:25:39,15570,15570,15570,2,0
2023-02-02 15:25:42,15570,15570,15570,4,0
2023-02-02 15:25:42,15571,15571,15571,2,2
2023-02-02 15:25:42,15571,15571,15571,6,0
2023-02-02 15:25:45,15572,15572,15572,2,2
2023-02-02 15:25:45,15572,15572,15572,2,0
2023-02-02 15:25:45,15572,15572,15572,2,0
2023-02-02 15:25:46,15572,15572,15572,2,0
2023-02-02 15:25:47,15572,15572,15572,6,0
2023-02-02 15:25:49,15572,15572,15572,2,0
2023-02-02 15:25:49,15573,15573,15573,2,2
2023-02-02 15:25:50,15573,15573,15573,2,0
2023-02-02 15:25:50,15573,15573,15573,2,0
2023-02-02 15:25:50,15572,15572,15572,2,-2
2023-02-02 15:25:51,15573,15573,15573,2,2
2023-02-02 15:25:53,15572,15572,15572,2,-2
2023-02-02 15:25:53,15574,15574,15574,6,6
2023-02-02 15:25:55,15574,15574,15574,8,0
2023-02-02 15:26:03,15574,15574,15574,2,0
2023-02-02 15:26:07,15574,15574,15574,4,0
2023-02-02 15:26:07,15575,15575,15575,2,2
2023-02-02 15:26:11,15574,15574,15574,12,-12
2023-02-02 15:26:11,15574,15574,15574,2,0
2023-02-02 15:26:12,15574,15574,15574,2,0
2023-02-02 15:26:15,15574,15574,15574,2,0
2023-02-02 15:26:18,15573,15573,15573,4,-4
2023-02-02 15:26:18,15573,15573,15573,4,0
2023-02-02 15:26:18,15573,15573,15573,2,0
2023-02-02 15:26:18,15573,15573,15573,2,0
2023-02-02 15:26:20,15573,15573,15573,2,0
2023-02-02 15:26:26,15572,15572,15572,2,-2
2023-02-02 15:26:26,15573,15573,15573,2,2
2023-02-02 15:26:29,15572,15572,15572,2,-2
2023-02-02 15:26:29,15573,15573,15573,2,2
2023-02-02 15:26:29,15573,15573,15573,2,0
2023-02-02 15:26:30,15573,15573,15573,2,0
2023-02-02 15:26:32,15572,15572,15572,2,-2
2023-02-02 15:26:33,15572,15572,15572,2,0
2023-02-02 15:26:35,15574,15574,15574,8,8
2023-02-02 15:26:36,15575,15575,15575,6,6
2023-02-02 15:26:38,15575,15575,15575,2,0
2023-02-02 15:26:41,15575,15575,15575,4,0
2023-02-02 15:26:41,15575,15575,15575,2,0
2023-02-02 15:26:43,15575,15575,15575,2,0
2023-02-02 15:26:48,15575,15575,15575,4,0
2023-02-02 15:26:48,15575,15575,15575,2,0
2023-02-02 15:26:52,15575,15575,15575,4,0
2023-02-02 15:26:58,15575,15575,15575,2,0
2023-02-02 15:26:59,15575,15575,15575,2,0
2023-02-02 15:27:00,15575,15575,15575,2,0
2023-02-02 15:27:05,15574,15574,15574,2,-2
2023-02-02 15:27:15,15575,15575,15575,2,2
2023-02-02 15:27:17,15575,15575,15575,4,0
2023-02-02 15:27:20,15575,15575,15575,2,0
2023-02-02 15:27:23,15574,15574,15574,2,-2
2023-02-02 15:27:23,15576,15576,15576,2,2
2023-02-02 15:27:23,15574,15574,15574,2,-2
2023-02-02 15:27:26,15576,15576,15576,4,4
2023-02-02 15:27:26,15576,15576,15576,2,0
2023-02-02 15:27:26,15576,15576,15576,2,0
2023-02-02 15:27:26,15576,15576,15576,2,0
2023-02-02 15:27:26,15576,15576,15576,6,0
2023-02-02 15:27:26,15576,15576,15576,4,0
2023-02-02 15:27:39,15576,15576,15576,2,0
2023-02-02 15:27:41,15576,15576,15576,2,0
2023-02-02 15:27:45,15577,15577,15577,14,14
2023-02-02 15:27:45,15577,15577,15577,4,0
2023-02-02 15:27:52,15578,15578,15578,2,2
2023-02-02 15:27:52,15577,15577,15577,2,-2
2023-02-02 15:28:03,15578,15578,15578,4,4
2023-02-02 15:28:03,15578,15578,15578,2,0
2023-02-02 15:28:03,15578,15578,15578,10,0
2023-02-02 15:28:03,15578,15578,15578,8,0
2023-02-02 15:28:03,15578,15578,15578,4,0
2023-02-02 15:28:07,15578,15578,15578,2,0
2023-02-02 15:28:07,15578,15578,15578,2,0
2023-02-02 15:28:07,15578,15578,15578,4,0
2023-02-02 15:28:07,15578,15578,15578,4,0
2023-02-02 15:28:07,15577,15577,15577,2,-2
2023-02-02 15:28:07,15577,15577,15577,2,0
2023-02-02 15:28:07,15577,15577,15577,2,0
2023-02-02 15:28:07,15577,15577,15577,2,0
2023-02-02 15:28:08,15577,15577,15577,2,0
2023-02-02 15:28:09,15578,15578,15578,2,2
2023-02-02 15:28:10,15577,15577,15577,2,-2
2023-02-02 15:28:15,15576,15576,15576,2,-2
2023-02-02 15:28:18,15576,15576,15576,2,0
2023-02-02 15:28:25,15576,15576,15576,2,0
2023-02-02 15:28:25,15576,15576,15576,4,0
2023-02-02 15:28:25,15576,15576,15576,6,0
2023-02-02 15:28:25,15576,15576,15576,2,0
2023-02-02 15:28:25,15576,15576,15576,2,0
2023-02-02 15:28:25,15576,15576,15576,2,0
2023-02-02 15:28:25,15576,15576,15576,2,0
2023-02-02 15:28:28,15576,15576,15576,2,0
2023-02-02 15:28:31,15575,15575,15575,2,-2
2023-02-02 15:28:31,15575,15575,15575,2,0
2023-02-02 15:28:31,15575,15575,15575,2,0
2023-02-02 15:28:31,15575,15575,15575,2,0
2023-02-02 15:28:36,15575,15575,15575,2,0
2023-02-02 15:28:42,15575,15575,15575,2,0
2023-02-02 15:28:44,15575,15575,15575,2,0
2023-02-02 15:28:48,15575,15575,15575,2,0
2023-02-02 15:28:48,15575,15575,15575,2,0
2023-02-02 15:28:54,15574,15574,15574,2,-2
2023-02-02 15:28:56,15574,15574,15574,2,0
2023-02-02 15:28:56,15575,15575,15575,2,2
2023-02-02 15:28:57,15574,15574,15574,2,-2
2023-02-02 15:28:59,15574,15574,15574,2,0
2023-02-02 15:28:59,15574,15574,15574,2,0
2023-02-02 15:29:00,15574,15574,15574,2,0
2023-02-02 15:29:21,15573,15573,15573,2,-2
2023-02-02 15:29:21,15573,15573,15573,20,0
2023-02-02 15:29:21,15573,15573,15573,2,0
2023-02-02 15:29:22,15572,15572,15572,2,-2
2023-02-02 15:29:22,15572,15572,15572,2,0
2023-02-02 15:29:22,15574,15574,15574,2,2
2023-02-02 15:29:25,15574,15574,15574,2,0
2023-02-02 15:29:31,15573,15573,15573,2,-2
2023-02-02 15:29:34,15574,15574,15574,6,6
2023-02-02 15:29:53,15572,15572,15572,2,-2
2023-02-02 15:30:00,15573,15573,15573,18,18
2023-02-02 15:30:00,15574,15574,15574,8,8
2023-02-02 15:30:00,15575,15575,15575,6,6
2023-02-02 15:30:00,15575,15575,15575,4,0
2023-02-02 15:30:03,15575,15575,15575,12,0
2023-02-02 15:30:03,15575,15575,15575,2,0
2023-02-02 15:30:03,15575,15575,15575,2,0
2023-02-02 15:30:06,15575,15575,15575,2,0
2023-02-02 15:30:09,15575,15575,15575,4,0
2023-02-02 15:30:09,15575,15575,15575,4,0
2023-02-02 15:30:09,15575,15575,15575,2,0
2023-02-02 15:30:12,15572,15572,15572,2,-2
2023-02-02 15:30:13,15572,15572,15572,2,0
2023-02-02 15:30:14,15572,15572,15572,2,0
2023-02-02 15:30:16,15572,15572,15572,2,0
2023-02-02 15:30:19,15572,15572,15572,2,0
2023-02-02 15:30:20,15572,15572,15572,2,0
2023-02-02 15:30:21,15573,15573,15573,2,2
2023-02-02 15:30:21,15572,15572,15572,2,-2
2023-02-02 15:30:21,15572,15572,15572,2,0
2023-02-02 15:30:21,15572,15572,15572,2,0
2023-02-02 15:30:22,15572,15572,15572,2,0
2023-02-02 15:30:37,15572,15572,15572,2,0
2023-02-02 15:30:38,15572,15572,15572,2,0
2023-02-02 15:30:38,15572,15572,15572,2,0
2023-02-02 15:30:42,15573,15573,15573,2,2
2023-02-02 15:30:43,15572,15572,15572,2,-2
2023-02-02 15:30:45,15572,15572,15572,2,0
2023-02-02 15:30:51,15572,15572,15572,2,0
2023-02-02 15:30:59,15572,15572,15572,10,0
2023-02-02 15:31:00,15572,15572,15572,2,0
2023-02-02 15:31:02,15571,15571,15571,2,-2
2023-02-02 15:31:02,15572,15572,15572,6,6
2023-02-02 15:31:02,15571,15571,15571,2,-2
2023-02-02 15:31:02,15571,15571,15571,2,0
2023-02-02 15:31:02,15571,15571,15571,2,0
2023-02-02 15:31:02,15571,15571,15571,2,0
2023-02-02 15:31:02,15571,15571,15571,2,0
2023-02-02 15:31:03,15571,15571,15571,2,0
2023-02-02 15:31:04,15570,15570,15570,2,-2
2023-02-02 15:31:04,15570,15570,15570,2,0
2023-02-02 15:31:04,15570,15570,15570,2,0
2023-02-02 15:31:04,15570,15570,15570,2,0
2023-02-02 15:31:04,15570,15570,15570,4,0
2023-02-02 15:31:04,15570,15570,15570,2,0
2023-02-02 15:31:06,15570,15570,15570,2,0
2023-02-02 15:31:12,15570,15570,15570,2,0
2023-02-02 15:31:14,15568,15568,15568,2,-2
2023-02-02 15:31:14,15568,15568,15568,2,0
2023-02-02 15:31:18,15569,15569,15569,6,6
2023-02-02 15:31:18,15570,15570,15570,4,4
2023-02-02 15:31:21,15569,15569,15569,2,-2
2023-02-02 15:31:22,15570,15570,15570,6,6
2023-02-02 15:31:24,15570,15570,15570,6,0
2023-02-02 15:31:30,15570,15570,15570,6,0
2023-02-02 15:31:31,15569,15569,15569,2,-2
2023-02-02 15:31:31,15568,15568,15568,2,-2
2023-02-02 15:31:31,15568,15568,15568,2,0
2023-02-02 15:31:31,15568,15568,15568,2,0
2023-02-02 15:31:31,15568,15568,15568,2,0
2023-02-02 15:31:31,15568,15568,15568,10,0
2023-02-02 15:31:31,15568,15568,15568,2,0
2023-02-02 15:31:31,15568,15568,15568,2,0
2023-02-02 15:31:31,15568,15568,15568,2,0
2023-02-02 15:31:31,15568,15568,15568,6,0
2023-02-02 15:31:34,15568,15568,15568,2,0
2023-02-02 15:31:36,15568,15568,15568,2,0
2023-02-02 15:31:36,15569,15569,15569,4,4
2023-02-02 15:31:37,15567,15567,15567,2,-2
2023-02-02 15:31:37,15567,15567,15567,2,0
2023-02-02 15:31:37,15567,15567,15567,4,0
2023-02-02 15:31:37,15567,15567,15567,4,0
2023-02-02 15:31:37,15567,15567,15567,2,0
2023-02-02 15:31:38,15568,15568,15568,2,2
2023-02-02 15:31:41,15567,15567,15567,2,-2
2023-02-02 15:31:41,15567,15567,15567,2,0
2023-02-02 15:31:41,15567,15567,15567,2,0
2023-02-02 15:31:43,15567,15567,15567,2,0
2023-02-02 15:31:44,15566,15566,15566,2,-2
2023-02-02 15:31:44,15566,15566,15566,2,0
2023-02-02 15:31:44,15566,15566,15566,2,0
2023-02-02 15:31:44,15567,15567,15567,4,4
2023-02-02 15:31:44,15568,15568,15568,2,2
2023-02-02 15:31:44,15566,15566,15566,2,-2
2023-02-02 15:31:45,15567,15567,15567,2,2
2023-02-02 15:31:45,15567,15567,15567,2,0
2023-02-02 15:31:49,15566,15566,15566,2,-2
2023-02-02 15:31:49,15566,15566,15566,2,0
2023-02-02 15:31:51,15567,15567,15567,2,2
2023-02-02 15:31:52,15567,15567,15567,6,0
2023-02-02 15:31:53,15567,15567,15567,2,0
2023-02-02 15:31:53,15567,15567,15567,2,0
2023-02-02 15:31:55,15566,15566,15566,2,-2
2023-02-02 15:31:56,15567,15567,15567,2,2
2023-02-02 15:31:56,15566,15566,15566,2,-2
2023-02-02 15:32:00,15566,15566,15566,2,0
2023-02-02 15:32:00,15565,15565,15565,2,-2
2023-02-02 15:32:00,15565,15565,15565,2,0
2023-02-02 15:32:00,15565,15565,15565,2,0
2023-02-02 15:32:00,15565,15565,15565,2,0
2023-02-02 15:32:01,15565,15565,15565,2,0
2023-02-02 15:32:01,15565,15565,15565,2,0
2023-02-02 15:32:01,15565,15565,15565,2,0
2023-02-02 15:32:01,15565,15565,15565,2,0
2023-02-02 15:32:01,15565,15565,15565,2,0
2023-02-02 15:32:01,15565,15565,15565,4,0
2023-02-02 15:32:02,15566,15566,15566,6,6
2023-02-02 15:32:03,15565,15565,15565,2,-2
2023-02-02 15:32:03,15565,15565,15565,2,0
2023-02-02 15:32:03,15565,15565,15565,2,0
2023-02-02 15:32:03,15565,15565,15565,2,0
2023-02-02 15:32:03,15565,15565,15565,2,0
2023-02-02 15:32:05,15565,15565,15565,2,0
2023-02-02 15:32:06,15566,15566,15566,2,2
2023-02-02 15:32:06,15566,15566,15566,2,0
2023-02-02 15:32:06,15566,15566,15566,2,0
2023-02-02 15:32:12,15566,15566,15566,4,0
2023-02-02 15:32:22,15566,15566,15566,6,0
2023-02-02 15:32:23,15566,15566,15566,2,0
2023-02-02 15:32:23,15566,15566,15566,2,0
2023-02-02 15:32:24,15566,15566,15566,6,0
2023-02-02 15:32:25,15565,15565,15565,2,-2
2023-02-02 15:32:25,15565,15565,15565,4,0
2023-02-02 15:32:25,15565,15565,15565,2,0
2023-02-02 15:32:25,15565,15565,15565,2,0
2023-02-02 15:32:25,15565,15565,15565,2,0
2023-02-02 15:32:25,15565,15565,15565,2,0
2023-02-02 15:32:28,15565,15565,15565,2,0
2023-02-02 15:32:31,15564,15564,15564,2,-2
2023-02-02 15:32:32,15565,15565,15565,2,2
2023-02-02 15:32:33,15565,15565,15565,6,0
2023-02-02 15:32:33,15564,15564,15564,2,-2
2023-02-02 15:32:38,15565,15565,15565,6,6
2023-02-02 15:32:39,15564,15564,15564,2,-2
2023-02-02 15:32:39,15564,15564,15564,2,0
2023-02-02 15:32:40,15564,15564,15564,4,0
2023-02-02 15:32:41,15564,15564,15564,2,0
2023-02-02 15:32:41,15564,15564,15564,2,0
2023-02-02 15:32:41,15564,15564,15564,2,0
2023-02-02 15:32:42,15564,15564,15564,2,0
2023-02-02 15:32:42,15564,15564,15564,2,0
2023-02-02 15:32:44,15564,15564,15564,2,0
2023-02-02 15:32:45,15563,15563,15563,4,-4
2023-02-02 15:32:48,15563,15563,15563,2,0
2023-02-02 15:32:48,15563,15563,15563,2,0
2023-02-02 15:32:49,15563,15563,15563,2,0
2023-02-02 15:32:49,15563,15563,15563,2,0
2023-02-02 15:32:49,15563,15563,15563,2,0
2023-02-02 15:32:49,15563,15563,15563,2,0
2023-02-02 15:32:49,15563,15563,15563,2,0
2023-02-02 15:32:49,15563,15563,15563,2,0
2023-02-02 15:32:50,15563,15563,15563,2,0
2023-02-02 15:32:50,15562,15562,15562,2,-2
2023-02-02 15:32:50,15562,15562,15562,2,0
2023-02-02 15:32:50,15562,15562,15562,2,0
2023-02-02 15:32:50,15562,15562,15562,2,0
2023-02-02 15:32:51,15562,15562,15562,2,0
2023-02-02 15:32:51,15562,15562,15562,2,0
2023-02-02 15:32:51,15562,15562,15562,2,0
2023-02-02 15:32:51,15562,15562,15562,2,0
2023-02-02 15:32:52,15562,15562,15562,2,0
2023-02-02 15:32:54,15563,15563,15563,2,2
2023-02-02 15:32:54,15563,15563,15563,2,0
2023-02-02 15:32:54,15563,15563,15563,2,0
2023-02-02 15:32:54,15563,15563,15563,2,0
2023-02-02 15:32:54,15563,15563,15563,2,0
2023-02-02 15:32:58,15563,15563,15563,2,0
2023-02-02 15:32:58,15563,15563,15563,2,0
2023-02-02 15:32:58,15564,15564,15564,4,4
2023-02-02 15:33:00,15564,15564,15564,2,0
2023-02-02 15:33:01,15563,15563,15563,2,-2
2023-02-02 15:33:05,15564,15564,15564,2,2
2023-02-02 15:33:05,15565,15565,15565,4,4
2023-02-02 15:33:05,15565,15565,15565,2,0
2023-02-02 15:33:05,15565,15565,15565,2,0
2023-02-02 15:33:05,15565,15565,15565,4,0
2023-02-02 15:33:05,15565,15565,15565,4,0
2023-02-02 15:33:05,15566,15566,15566,4,4
2023-02-02 15:33:08,15566,15566,15566,2,0
2023-02-02 15:33:08,15566,15566,15566,2,0
2023-02-02 15:33:12,15567,15567,15567,2,2
2023-02-02 15:33:14,15567,15567,15567,2,0
2023-02-02 15:33:18,15566,15566,15566,2,-2
2023-02-02 15:33:18,15566,15566,15566,4,0
2023-02-02 15:33:18,15566,15566,15566,4,0
2023-02-02 15:33:20,15565,15565,15565,4,-4
2023-02-02 15:33:20,15565,15565,15565,2,0
2023-02-02 15:33:20,15565,15565,15565,2,0
2023-02-02 15:33:20,15565,15565,15565,2,0
2023-02-02 15:33:20,15565,15565,15565,2,0
2023-02-02 15:33:20,15565,15565,15565,2,0
2023-02-02 15:33:21,15565,15565,15565,6,0
2023-02-02 15:33:21,15564,15564,15564,2,-2
2023-02-02 15:33:21,15564,15564,15564,2,0
2023-02-02 15:33:21,15564,15564,15564,2,0
2023-02-02 15:33:21,15564,15564,15564,2,0
2023-02-02 15:33:26,15564,15564,15564,4,0
2023-02-02 15:33:26,15565,15565,15565,2,2
2023-02-02 15:33:26,15563,15563,15563,2,-2
2023-02-02 15:33:26,15563,15563,15563,2,0
2023-02-02 15:33:26,15563,15563,15563,2,0
2023-02-02 15:33:26,15563,15563,15563,2,0
2023-02-02 15:33:26,15563,15563,15563,2,0
2023-02-02 15:33:26,15564,15564,15564,4,4
2023-02-02 15:33:26,15563,15563,15563,2,-2
2023-02-02 15:33:32,15563,15563,15563,4,0
2023-02-02 15:33:32,15563,15563,15563,2,0
2023-02-02 15:33:32,15563,15563,15563,2,0
2023-02-02 15:33:32,15563,15563,15563,2,0
2023-02-02 15:33:32,15563,15563,15563,2,0
2023-02-02 15:33:32,15563,15563,15563,2,0
2023-02-02 15:33:40,15562,15562,15562,2,-2
2023-02-02 15:33:41,15562,15562,15562,2,0
2023-02-02 15:33:42,15563,15563,15563,2,2
2023-02-02 15:33:44,15562,15562,15562,2,-2
2023-02-02 15:33:46,15562,15562,15562,2,0
2023-02-02 15:33:47,15562,15562,15562,2,0
2023-02-02 15:33:55,15563,15563,15563,18,18
2023-02-02 15:33:55,15564,15564,15564,2,2
2023-02-02 15:33:55,15564,15564,15564,2,0
2023-02-02 15:33:56,15565,15565,15565,2,2
2023-02-02 15:34:06,15565,15565,15565,2,0
2023-02-02 15:34:09,15565,15565,15565,32,0
2023-02-02 15:34:14,15566,15566,15566,8,8
2023-02-02 15:34:14,15567,15567,15567,2,2
2023-02-02 15:34:14,15567,15567,15567,6,0
2023-02-02 15:34:14,15567,15567,15567,2,0
2023-02-02 15:34:14,15567,15567,15567,2,0
2023-02-02 15:34:14,15567,15567,15567,2,0
2023-02-02 15:34:17,15566,15566,15566,2,-2
2023-02-02 15:34:17,15566,15566,15566,2,0
2023-02-02 15:34:17,15566,15566,15566,4,0
2023-02-02 15:34:17,15566,15566,15566,2,0
2023-02-02 15:34:17,15566,15566,15566,4,0
2023-02-02 15:34:17,15566,15566,15566,2,0
2023-02-02 15:34:17,15566,15566,15566,2,0
2023-02-02 15:34:19,15566,15566,15566,2,0
2023-02-02 15:34:20,15565,15565,15565,2,-2
2023-02-02 15:34:24,15566,15566,15566,2,2
2023-02-02 15:34:31,15567,15567,15567,2,2
2023-02-02 15:34:32,15567,15567,15567,2,0
2023-02-02 15:34:32,15567,15567,15567,2,0
2023-02-02 15:34:32,15567,15567,15567,2,0
2023-02-02 15:34:36,15568,15568,15568,2,2
2023-02-02 15:34:39,15567,15567,15567,2,-2
2023-02-02 15:34:46,15568,15568,15568,2,2
2023-02-02 15:34:47,15568,15568,15568,4,0
2023-02-02 15:34:52,15568,15568,15568,2,0
2023-02-02 15:34:56,15569,15569,15569,4,4
2023-02-02 15:34:57,15568,15568,15568,2,-2
2023-02-02 15:34:58,15570,15570,15570,2,2
2023-02-02 15:34:59,15570,15570,15570,2,0
2023-02-02 15:35:02,15569,15569,15569,4,-4
2023-02-02 15:35:02,15569,15569,15569,2,0
2023-02-02 15:35:02,15569,15569,15569,2,0
2023-02-02 15:35:02,15569,15569,15569,2,0
2023-02-02 15:35:02,15569,15569,15569,4,0
2023-02-02 15:35:02,15568,15568,15568,2,-2
2023-02-02 15:35:05,15570,15570,15570,2,2
2023-02-02 15:35:08,15570,15570,15570,2,0
2023-02-02 15:35:08,15569,15569,15569,2,-2
2023-02-02 15:35:08,15569,15569,15569,4,0
2023-02-02 15:35:08,15568,15568,15568,2,-2
2023-02-02 15:35:08,15567,15567,15567,2,-2
2023-02-02 15:35:09,15567,15567,15567,2,0
2023-02-02 15:35:09,15567,15567,15567,2,0
2023-02-02 15:35:09,15567,15567,15567,2,0
2023-02-02 15:35:15,15567,15567,15567,2,0
2023-02-02 15:35:19,15567,15567,15567,2,0
2023-02-02 15:35:27,15566,15566,15566,2,-2
2023-02-02 15:35:27,15567,15567,15567,4,4
2023-02-02 15:35:28,15567,15567,15567,6,0
2023-02-02 15:35:31,15567,15567,15567,10,0
2023-02-02 15:35:32,15568,15568,15568,2,2
2023-02-02 15:35:32,15568,15568,15568,2,0
2023-02-02 15:35:33,15567,15567,15567,2,-2
2023-02-02 15:35:37,15570,15570,15570,6,6
2023-02-02 15:35:39,15568,15568,15568,2,-2
2023-02-02 15:35:43,15569,15569,15569,2,2
2023-02-02 15:35:46,15569,15569,15569,2,0
2023-02-02 15:35:58,15569,15569,15569,2,0
2023-02-02 15:36:00,15569,15569,15569,2,0
2023-02-02 15:36:09,15569,15569,15569,2,0
2023-02-02 15:36:12,15570,15570,15570,2,2
2023-02-02 15:36:13,15570,15570,15570,4,0
2023-02-02 15:36:14,15571,15571,15571,2,2
2023-02-02 15:36:18,15570,15570,15570,2,-2
2023-02-02 15:36:21,15570,15570,15570,2,0
2023-02-02 15:36:21,15570,15570,15570,2,0
2023-02-02 15:36:22,15569,15569,15569,2,-2
2023-02-02 15:36:22,15569,15569,15569,2,0
2023-02-02 15:36:24,15569,15569,15569,4,0
2023-02-02 15:36:24,15569,15569,15569,2,0
2023-02-02 15:36:25,15570,15570,15570,2,2
2023-02-02 15:36:28,15568,15568,15568,2,-2
2023-02-02 15:36:30,15570,15570,15570,6,6
2023-02-02 15:36:32,15570,15570,15570,6,0
2023-02-02 15:36:36,15570,15570,15570,6,0
2023-02-02 15:36:41,15569,15569,15569,2,-2
2023-02-02 15:36:41,15570,15570,15570,4,4
2023-02-02 15:36:45,15569,15569,15569,2,-2
2023-02-02 15:36:52,15570,15570,15570,6,6
2023-02-02 15:37:02,15569,15569,15569,4,-4
2023-02-02 15:37:05,15569,15569,15569,2,0
2023-02-02 15:37:22,15568,15568,15568,2,-2
2023-02-02 15:37:22,15568,15568,15568,2,0
2023-02-02 15:37:23,15568,15568,15568,14,0
2023-02-02 15:37:23,15568,15568,15568,4,0
2023-02-02 15:37:23,15568,15568,15568,2,0
2023-02-02 15:37:23,15568,15568,15568,2,0
2023-02-02 15:37:23,15568,15568,15568,2,0
2023-02-02 15:37:23,15568,15568,15568,2,0
2023-02-02 15:37:23,15568,15568,15568,2,0
2023-02-02 15:37:23,15568,15568,15568,2,0
2023-02-02 15:37:23,15567,15567,15567,2,-2
2023-02-02 15:37:23,15567,15567,15567,2,0
2023-02-02 15:37:24,15568,15568,15568,2,2
2023-02-02 15:37:28,15568,15568,15568,6,0
2023-02-02 15:37:43,15569,15569,15569,2,2
2023-02-02 15:37:45,15570,15570,15570,4,4
2023-02-02 15:37:46,15571,15571,15571,6,6
2023-02-02 15:37:48,15571,15571,15571,6,0
2023-02-02 15:37:49,15571,15571,15571,4,0
2023-02-02 15:37:50,15571,15571,15571,6,0
2023-02-02 15:37:55,15570,15570,15570,2,-2
2023-02-02 15:37:58,15570,15570,15570,2,0
2023-02-02 15:37:58,15570,15570,15570,2,0
2023-02-02 15:38:01,15570,15570,15570,2,0
2023-02-02 15:38:01,15570,15570,15570,4,0
2023-02-02 15:38:01,15570,15570,15570,4,0
2023-02-02 15:38:01,15570,15570,15570,2,0
2023-02-02 15:38:04,15569,15569,15569,2,-2
2023-02-02 15:38:10,15571,15571,15571,2,2
2023-02-02 15:38:16,15571,15571,15571,4,0
2023-02-02 15:38:18,15571,15571,15571,2,0
2023-02-02 15:38:19,15571,15571,15571,2,0
2023-02-02 15:38:21,15571,15571,15571,2,0
2023-02-02 15:38:25,15570,15570,15570,2,-2
2023-02-02 15:38:34,15570,15570,15570,2,0
2023-02-02 15:38:39,15570,15570,15570,2,0
2023-02-02 15:38:39,15570,15570,15570,4,0
2023-02-02 15:38:39,15570,15570,15570,2,0
2023-02-02 15:38:41,15571,15571,15571,2,2
2023-02-02 15:38:44,15571,15571,15571,2,0
2023-02-02 15:38:49,15570,15570,15570,10,-10
2023-02-02 15:39:10,15569,15569,15569,2,-2
2023-02-02 15:39:11,15569,15569,15569,2,0
2023-02-02 15:39:11,15569,15569,15569,2,0
2023-02-02 15:39:15,15571,15571,15571,2,2
2023-02-02 15:39:23,15570,15570,15570,4,-4
2023-02-02 15:39:35,15570,15570,15570,4,0
2023-02-02 15:39:35,15570,15570,15570,4,0
2023-02-02 15:39:35,15570,15570,15570,2,0
2023-02-02 15:39:35,15569,15569,15569,2,-2
2023-02-02 15:39:35,15569,15569,15569,2,0
2023-02-02 15:39:35,15568,15568,15568,2,-2
2023-02-02 15:39:35,15568,15568,15568,4,0
2023-02-02 15:39:35,15568,15568,15568,4,0
2023-02-02 15:39:36,15567,15567,15567,2,-2
2023-02-02 15:39:37,15568,15568,15568,2,2
2023-02-02 15:39:37,15568,15568,15568,2,0
2023-02-02 15:39:37,15568,15568,15568,2,0
2023-02-02 15:39:37,15568,15568,15568,2,0
2023-02-02 15:39:40,15567,15567,15567,4,-4
2023-02-02 15:39:40,15567,15567,15567,2,0
2023-02-02 15:39:40,15567,15567,15567,2,0
2023-02-02 15:39:40,15567,15567,15567,2,0
2023-02-02 15:39:40,15567,15567,15567,2,0
2023-02-02 15:39:40,15567,15567,15567,6,0
2023-02-02 15:39:40,15567,15567,15567,2,0
2023-02-02 15:39:40,15567,15567,15567,2,0
2023-02-02 15:39:40,15567,15567,15567,2,0
2023-02-02 15:39:40,15567,15567,15567,6,0
2023-02-02 15:39:40,15567,15567,15567,2,0
2023-02-02 15:39:40,15567,15567,15567,2,0
2023-02-02 15:39:41,15568,15568,15568,2,2
2023-02-02 15:39:47,15567,15567,15567,2,-2
2023-02-02 15:39:55,15567,15567,15567,2,0
2023-02-02 15:40:06,15569,15569,15569,2,2
2023-02-02 15:40:07,15567,15567,15567,2,-2
2023-02-02 15:40:13,15569,15569,15569,2,2
2023-02-02 15:40:19,15569,15569,15569,2,0
2023-02-02 15:40:20,15568,15568,15568,2,-2
2023-02-02 15:40:20,15568,15568,15568,2,0
2023-02-02 15:40:20,15568,15568,15568,4,0
2023-02-02 15:40:20,15568,15568,15568,2,0
2023-02-02 15:40:23,15568,15568,15568,2,0
2023-02-02 15:40:26,15568,15568,15568,2,0
2023-02-02 15:40:26,15567,15567,15567,2,-2
2023-02-02 15:40:26,15567,15567,15567,2,0
2023-02-02 15:40:26,15567,15567,15567,4,0
2023-02-02 15:40:26,15567,15567,15567,2,0
2023-02-02 15:40:26,15567,15567,15567,2,0
2023-02-02 15:40:26,15567,15567,15567,2,0
2023-02-02 15:40:26,15567,15567,15567,2,0
2023-02-02 15:40:26,15567,15567,15567,2,0
2023-02-02 15:40:26,15567,15567,15567,6,0
2023-02-02 15:40:26,15567,15567,15567,2,0
2023-02-02 15:40:26,15567,15567,15567,2,0
2023-02-02 15:40:27,15567,15567,15567,2,0
2023-02-02 15:40:27,15568,15568,15568,6,6
2023-02-02 15:40:28,15569,15569,15569,6,6
2023-02-02 15:40:40,15570,15570,15570,6,6
2023-02-02 15:40:50,15570,15570,15570,6,0
2023-02-02 15:40:50,15570,15570,15570,10,0
2023-02-02 15:40:59,15570,15570,15570,2,0
2023-02-02 15:41:05,15571,15571,15571,2,2
2023-02-02 15:41:16,15571,15571,15571,2,0
2023-02-02 15:41:17,15572,15572,15572,2,2
2023-02-02 15:41:18,15572,15572,15572,8,0
2023-02-02 15:41:24,15573,15573,15573,2,2
2023-02-02 15:41:24,15573,15573,15573,2,0
2023-02-02 15:41:26,15572,15572,15572,2,-2
2023-02-02 15:41:27,15572,15572,15572,2,0
2023-02-02 15:41:29,15573,15573,15573,2,2
2023-02-02 15:41:32,15572,15572,15572,2,-2
2023-02-02 15:41:35,15572,15572,15572,2,0
2023-02-02 15:41:37,15573,15573,15573,2,2
2023-02-02 15:41:46,15572,15572,15572,2,-2
2023-02-02 15:41:46,15572,15572,15572,2,0
2023-02-02 15:41:46,15572,15572,15572,4,0
2023-02-02 15:41:46,15572,15572,15572,2,0
2023-02-02 15:41:46,15572,15572,15572,2,0
2023-02-02 15:41:55,15572,15572,15572,2,0
2023-02-02 15:42:08,15572,15572,15572,2,0
2023-02-02 15:42:09,15572,15572,15572,2,0
2023-02-02 15:42:10,15572,15572,15572,6,0
2023-02-02 15:42:12,15571,15571,15571,2,-2
2023-02-02 15:42:12,15572,15572,15572,4,4
2023-02-02 15:42:12,15573,15573,15573,2,2
2023-02-02 15:42:13,15572,15572,15572,2,-2
2023-02-02 15:42:27,15572,15572,15572,2,0
2023-02-02 15:42:28,15571,15571,15571,2,-2
2023-02-02 15:42:28,15571,15571,15571,2,0
2023-02-02 15:42:29,15572,15572,15572,2,2
2023-02-02 15:42:31,15572,15572,15572,2,0
2023-02-02 15:42:31,15572,15572,15572,2,0
2023-02-02 15:42:43,15571,15571,15571,2,-2
2023-02-02 15:42:43,15571,15571,15571,2,0
2023-02-02 15:42:43,15571,15571,15571,2,0
2023-02-02 15:42:43,15571,15571,15571,2,0
2023-02-02 15:42:43,15571,15571,15571,2,0
2023-02-02 15:42:44,15572,15572,15572,8,8
2023-02-02 15:42:55,15570,15570,15570,2,-2
2023-02-02 15:42:55,15570,15570,15570,2,0
2023-02-02 15:42:55,15570,15570,15570,2,0
2023-02-02 15:42:55,15570,15570,15570,2,0
2023-02-02 15:42:55,15569,15569,15569,2,-2
2023-02-02 15:42:55,15569,15569,15569,2,0
2023-02-02 15:43:05,15568,15568,15568,2,-2
2023-02-02 15:43:15,15568,15568,15568,2,0
2023-02-02 15:43:19,15568,15568,15568,2,0
2023-02-02 15:43:21,15568,15568,15568,2,0
2023-02-02 15:43:24,15568,15568,15568,2,0
2023-02-02 15:43:24,15568,15568,15568,2,0
2023-02-02 15:43:25,15569,15569,15569,2,2
2023-02-02 15:43:38,15569,15569,15569,2,0
2023-02-02 15:43:39,15568,15568,15568,2,-2
2023-02-02 15:43:39,15568,15568,15568,2,0
2023-02-02 15:43:39,15568,15568,15568,2,0
2023-02-02 15:43:53,15568,15568,15568,2,0
2023-02-02 15:43:53,15568,15568,15568,2,0
2023-02-02 15:43:53,15568,15568,15568,2,0
2023-02-02 15:43:53,15568,15568,15568,4,0
2023-02-02 15:43:57,15569,15569,15569,6,6
2023-02-02 15:43:57,15568,15568,15568,2,-2
2023-02-02 15:43:58,15569,15569,15569,2,2
2023-02-02 15:44:00,15568,15568,15568,2,-2
2023-02-02 15:44:00,15568,15568,15568,2,0
2023-02-02 15:44:00,15568,15568,15568,2,0
2023-02-02 15:44:00,15568,15568,15568,2,0
2023-02-02 15:44:17,15568,15568,15568,2,0
2023-02-02 15:44:17,15567,15567,15567,2,-2
2023-02-02 15:44:17,15567,15567,15567,2,0
2023-02-02 15:44:17,15567,15567,15567,2,0
2023-02-02 15:44:17,15567,15567,15567,2,0
2023-02-02 15:44:17,15566,15566,15566,2,-2
2023-02-02 15:44:17,15566,15566,15566,2,0
2023-02-02 15:44:17,15566,15566,15566,2,0
2023-02-02 15:44:17,15566,15566,15566,2,0
2023-02-02 15:44:17,15566,15566,15566,2,0
2023-02-02 15:44:17,15566,15566,15566,2,0
2023-02-02 15:44:17,15566,15566,15566,2,0
2023-02-02 15:44:17,15566,15566,15566,2,0
2023-02-02 15:44:17,15566,15566,15566,2,0
2023-02-02 15:44:17,15566,15566,15566,2,0
2023-02-02 15:44:17,15566,15566,15566,2,0
2023-02-02 15:44:22,15567,15567,15567,2,2
2023-02-02 15:44:23,15567,15567,15567,2,0
2023-02-02 15:44:25,15567,15567,15567,4,0
2023-02-02 15:44:36,15566,15566,15566,2,-2
2023-02-02 15:44:47,15566,15566,15566,2,0
2023-02-02 15:44:48,15566,15566,15566,2,0
2023-02-02 15:44:52,15565,15565,15565,2,-2
2023-02-02 15:44:52,15565,15565,15565,6,0
2023-02-02 15:44:52,15565,15565,15565,2,0
2023-02-02 15:44:52,15565,15565,15565,2,0
2023-02-02 15:44:52,15565,15565,15565,10,0
2023-02-02 15:44:52,15565,15565,15565,2,0
2023-02-02 15:44:52,15565,15565,15565,2,0
2023-02-02 15:44:52,15565,15565,15565,4,0
2023-02-02 15:44:52,15565,15565,15565,2,0
2023-02-02 15:44:52,15565,15565,15565,2,0
2023-02-02 15:44:53,15565,15565,15565,4,0
2023-02-02 15:44:57,15564,15564,15564,2,-2
2023-02-02 15:44:57,15564,15564,15564,2,0
2023-02-02 15:44:57,15565,15565,15565,2,2
2023-02-02 15:45:00,15564,15564,15564,4,-4
2023-02-02 15:45:00,15564,15564,15564,4,0
2023-02-02 15:45:00,15564,15564,15564,2,0
2023-02-02 15:45:00,15564,15564,15564,2,0
2023-02-02 15:45:00,15564,15564,15564,2,0
2023-02-02 15:45:00,15564,15564,15564,2,0
2023-02-02 15:45:00,15563,15563,15563,2,-2
2023-02-02 15:45:00,15563,15563,15563,2,0
2023-02-02 15:45:00,15563,15563,15563,2,0
2023-02-02 15:45:00,15563,15563,15563,2,0
2023-02-02 15:45:00,15563,15563,15563,2,0
2023-02-02 15:45:00,15563,15563,15563,2,0
2023-02-02 15:45:00,15563,15563,15563,2,0
2023-02-02 15:45:00,15563,15563,15563,2,0
2023-02-02 15:45:01,15563,15563,15563,2,0
2023-02-02 15:45:01,15563,15563,15563,2,0
2023-02-02 15:45:01,15563,15563,15563,6,0
2023-02-02 15:45:01,15563,15563,15563,2,0
2023-02-02 15:45:03,15564,15564,15564,2,2
2023-02-02 15:45:11,15564,15564,15564,2,0
2023-02-02 15:45:13,15563,15563,15563,2,-2
2023-02-02 15:45:19,15565,15565,15565,12,12
2023-02-02 15:45:19,15565,15565,15565,38,0
2023-02-02 15:45:20,15565,15565,15565,2,0
2023-02-02 15:45:29,15567,15567,15567,4,4
2023-02-02 15:45:29,15566,15566,15566,2,-2
2023-02-02 15:45:29,15566,15566,15566,2,0
2023-02-02 15:45:34,15568,15568,15568,6,6
2023-02-02 15:45:38,15568,15568,15568,6,0
2023-02-02 15:45:43,15566,15566,15566,2,-2
2023-02-02 15:45:47,15567,15567,15567,2,2
2023-02-02 15:45:49,15567,15567,15567,2,0
2023-02-02 15:45:53,15567,15567,15567,2,0
2023-02-02 15:46:04,15567,15567,15567,2,0
2023-02-02 15:46:07,15568,15568,15568,6,6
2023-02-02 15:46:07,15569,15569,15569,4,4
2023-02-02 15:46:07,15567,15567,15567,2,-2
2023-02-02 15:46:14,15569,15569,15569,10,10
2023-02-02 15:46:16,15568,15568,15568,2,-2
2023-02-02 15:46:18,15567,15567,15567,4,-4
2023-02-02 15:46:18,15567,15567,15567,4,0
2023-02-02 15:46:18,15567,15567,15567,6,0
2023-02-02 15:46:18,15567,15567,15567,2,0
2023-02-02 15:46:18,15567,15567,15567,2,0
2023-02-02 15:46:20,15566,15566,15566,2,-2
2023-02-02 15:46:20,15566,15566,15566,2,0
2023-02-02 15:46:20,15566,15566,15566,2,0
2023-02-02 15:46:25,15567,15567,15567,2,2
2023-02-02 15:46:25,15567,15567,15567,2,0
2023-02-02 15:46:28,15567,15567,15567,2,0
2023-02-02 15:46:32,15567,15567,15567,2,0
2023-02-02 15:46:33,15567,15567,15567,2,0
2023-02-02 15:46:37,15568,15568,15568,2,2
2023-02-02 15:46:44,15568,15568,15568,2,0
2023-02-02 15:46:45,15569,15569,15569,6,6
2023-02-02 15:47:00,15570,15570,15570,4,4
2023-02-02 15:47:00,15570,15570,15570,2,0
2023-02-02 15:47:00,15570,15570,15570,2,0
2023-02-02 15:47:01,15571,15571,15571,2,2
2023-02-02 15:47:02,15570,15570,15570,2,-2
2023-02-02 15:47:02,15570,15570,15570,2,0
2023-02-02 15:47:10,15571,15571,15571,2,2
2023-02-02 15:47:15,15571,15571,15571,2,0
2023-02-02 15:47:15,15572,15572,15572,4,4
2023-02-02 15:47:20,15570,15570,15570,2,-2
2023-02-02 15:47:27,15570,15570,15570,2,0
2023-02-02 15:47:27,15570,15570,15570,2,0
2023-02-02 15:47:30,15570,15570,15570,2,0
2023-02-02 15:47:30,15570,15570,15570,2,0
2023-02-02 15:47:30,15570,15570,15570,2,0
2023-02-02 15:47:30,15570,15570,15570,2,0
2023-02-02 15:47:30,15570,15570,15570,2,0
2023-02-02 15:47:30,15570,15570,15570,2,0
2023-02-02 15:47:30,15570,15570,15570,2,0
2023-02-02 15:47:30,15570,15570,15570,2,0
2023-02-02 15:47:30,15570,15570,15570,2,0
2023-02-02 15:47:30,15570,15570,15570,2,0
2023-02-02 15:47:30,15569,15569,15569,2,-2
2023-02-02 15:47:30,15569,15569,15569,6,0
2023-02-02 15:47:30,15569,15569,15569,2,0
2023-02-02 15:47:30,15569,15569,15569,2,0
2023-02-02 15:47:30,15569,15569,15569,4,0
2023-02-02 15:47:30,15569,15569,15569,2,0
2023-02-02 15:47:38,15568,15568,15568,2,-2
2023-02-02 15:47:54,15568,15568,15568,2,0
2023-02-02 15:47:54,15568,15568,15568,2,0
2023-02-02 15:47:54,15568,15568,15568,2,0
2023-02-02 15:48:02,15568,15568,15568,2,0
2023-02-02 15:48:04,15568,15568,15568,2,0
2023-02-02 15:48:04,15568,15568,15568,2,0
2023-02-02 15:48:04,15568,15568,15568,2,0
2023-02-02 15:48:04,15568,15568,15568,2,0
2023-02-02 15:48:05,15568,15568,15568,2,0
2023-02-02 15:48:12,15568,15568,15568,10,0
2023-02-02 15:48:13,15569,15569,15569,2,2
2023-02-02 15:48:15,15568,15568,15568,2,-2
2023-02-02 15:48:16,15568,15568,15568,2,0
2023-02-02 15:48:33,15568,15568,15568,2,0
2023-02-02 15:48:37,15568,15568,15568,2,0
2023-02-02 15:48:37,15568,15568,15568,2,0
2023-02-02 15:48:37,15568,15568,15568,2,0
2023-02-02 15:48:39,15566,15566,15566,2,-2
2023-02-02 15:48:40,15566,15566,15566,2,0
2023-02-02 15:48:41,15567,15567,15567,2,2
2023-02-02 15:48:43,15565,15565,15565,2,-2
2023-02-02 15:48:43,15565,15565,15565,2,0
2023-02-02 15:48:43,15565,15565,15565,2,0
2023-02-02 15:48:50,15566,15566,15566,2,2
2023-02-02 15:48:50,15566,15566,15566,4,0
2023-02-02 15:48:50,15566,15566,15566,2,0
2023-02-02 15:48:50,15566,15566,15566,2,0
2023-02-02 15:48:50,15566,15566,15566,2,0
2023-02-02 15:48:50,15565,15565,15565,2,-2
2023-02-02 15:49:15,15565,15565,15565,6,0
2023-02-02 15:49:15,15565,15565,15565,2,0
2023-02-02 15:49:15,15565,15565,15565,2,0
2023-02-02 15:49:15,15565,15565,15565,4,0
2023-02-02 15:49:18,15564,15564,15564,2,-2
2023-02-02 15:49:18,15564,15564,15564,2,0
2023-02-02 15:49:20,15564,15564,15564,2,0
2023-02-02 15:49:22,15564,15564,15564,2,0
2023-02-02 15:49:22,15564,15564,15564,2,0
2023-02-02 15:49:22,15564,15564,15564,4,0
2023-02-02 15:49:26,15564,15564,15564,2,0
2023-02-02 15:49:34,15564,15564,15564,2,0
2023-02-02 15:49:43,15567,15567,15567,2,2
2023-02-02 15:49:43,15568,15568,15568,4,4
2023-02-02 15:49:44,15568,15568,15568,12,0
2023-02-02 15:49:44,15569,15569,15569,14,14
2023-02-02 15:49:44,15567,15567,15567,4,-4
2023-02-02 15:49:45,15568,15568,15568,6,6
2023-02-02 15:49:47,15568,15568,15568,6,0
2023-02-02 15:49:49,15567,15567,15567,2,-2
2023-02-02 15:49:49,15567,15567,15567,2,0
2023-02-02 15:49:55,15567,15567,15567,2,0
2023-02-02 15:49:55,15567,15567,15567,2,0
2023-02-02 15:49:56,15567,15567,15567,2,0
2023-02-02 15:49:56,15567,15567,15567,2,0
2023-02-02 15:49:56,15567,15567,15567,2,0
2023-02-02 15:49:59,15568,15568,15568,2,2
2023-02-02 15:50:00,15567,15567,15567,2,-2
2023-02-02 15:50:00,15569,15569,15569,6,6
2023-02-02 15:50:00,15569,15569,15569,4,0
2023-02-02 15:50:02,15567,15567,15567,2,-2
2023-02-02 15:50:03,15567,15567,15567,2,0
2023-02-02 15:50:05,15567,15567,15567,2,0
2023-02-02 15:50:07,15567,15567,15567,2,0
2023-02-02 15:50:07,15569,15569,15569,2,2
2023-02-02 15:50:14,15569,15569,15569,2,0
2023-02-02 15:50:19,15568,15568,15568,2,-2
2023-02-02 15:50:19,15568,15568,15568,2,0
2023-02-02 15:50:39,15567,15567,15567,2,-2
2023-02-02 15:50:43,15567,15567,15567,2,0
2023-02-02 15:50:43,15567,15567,15567,2,0
2023-02-02 15:50:43,15567,15567,15567,2,0
2023-02-02 15:50:43,15567,15567,15567,2,0
2023-02-02 15:50:49,15566,15566,15566,2,-2
2023-02-02 15:50:50,15566,15566,15566,2,0
2023-02-02 15:50:51,15565,15565,15565,2,-2
2023-02-02 15:50:51,15565,15565,15565,4,0
2023-02-02 15:51:00,15567,15567,15567,2,2
2023-02-02 15:51:14,15566,15566,15566,2,-2
2023-02-02 15:51:15,15566,15566,15566,2,0
2023-02-02 15:51:18,15568,15568,15568,2,2
2023-02-02 15:51:34,15569,15569,15569,2,2
2023-02-02 15:51:41,15568,15568,15568,2,-2
2023-02-02 15:51:41,15568,15568,15568,2,0
2023-02-02 15:51:41,15568,15568,15568,2,0
2023-02-02 15:51:50,15568,15568,15568,2,0
2023-02-02 15:51:51,15567,15567,15567,2,-2
2023-02-02 15:52:22,15567,15567,15567,2,0
2023-02-02 15:52:22,15567,15567,15567,2,0
2023-02-02 15:52:22,15567,15567,15567,2,0
2023-02-02 15:52:22,15567,15567,15567,2,0
2023-02-02 15:52:22,15567,15567,15567,2,0
2023-02-02 15:52:22,15567,15567,15567,2,0
2023-02-02 15:52:27,15567,15567,15567,2,0
2023-02-02 15:52:32,15568,15568,15568,4,4
2023-02-02 15:52:33,15567,15567,15567,2,-2
2023-02-02 15:52:33,15567,15567,15567,2,0
2023-02-02 15:53:01,15567,15567,15567,2,0
2023-02-02 15:53:02,15567,15567,15567,2,0
2023-02-02 15:53:04,15567,15567,15567,2,0
2023-02-02 15:53:05,15567,15567,15567,2,0
2023-02-02 15:53:05,15567,15567,15567,2,0
2023-02-02 15:53:05,15567,15567,15567,2,0
2023-02-02 15:53:40,15569,15569,15569,2,2
2023-02-02 15:53:40,15568,15568,15568,2,-2
2023-02-02 15:53:47,15570,15570,15570,20,20
2023-02-02 15:54:04,15570,15570,15570,2,0
2023-02-02 15:54:16,15571,15571,15571,4,4
2023-02-02 15:54:16,15570,15570,15570,2,-2
2023-02-02 15:54:21,15570,15570,15570,2,0
2023-02-02 15:54:21,15570,15570,15570,4,0
2023-02-02 15:54:29,15571,15571,15571,4,4
2023-02-02 15:54:39,15571,15571,15571,2,0
2023-02-02 15:54:40,15571,15571,15571,8,0
2023-02-02 15:54:41,15570,15570,15570,2,-2
2023-02-02 15:54:52,15570,15570,15570,2,0
2023-02-02 15:55:00,15571,15571,15571,2,2
2023-02-02 15:55:05,15570,15570,15570,2,-2
2023-02-02 15:55:07,15570,15570,15570,2,0
2023-02-02 15:55:07,15570,15570,15570,2,0
2023-02-02 15:55:07,15570,15570,15570,2,0
2023-02-02 15:55:07,15570,15570,15570,2,0
2023-02-02 15:55:07,15570,15570,15570,2,0
2023-02-02 15:55:07,15570,15570,15570,2,0
2023-02-02 15:55:12,15570,15570,15570,2,0
2023-02-02 15:55:20,15571,15571,15571,6,6
2023-02-02 15:55:20,15572,15572,15572,2,2
2023-02-02 15:55:20,15572,15572,15572,6,0
2023-02-02 15:55:20,15572,15572,15572,2,0
2023-02-02 15:55:26,15572,15572,15572,2,0
2023-02-02 15:55:28,15572,15572,15572,2,0
2023-02-02 15:55:32,15572,15572,15572,2,0
2023-02-02 15:55:35,15572,15572,15572,2,0
2023-02-02 15:55:35,15572,15572,15572,2,0
2023-02-02 15:55:35,15572,15572,15572,2,0
2023-02-02 15:55:55,15573,15573,15573,6,6
2023-02-02 15:55:55,15573,15573,15573,6,0
2023-02-02 15:56:05,15572,15572,15572,2,-2
2023-02-02 15:56:07,15572,15572,15572,2,0
2023-02-02 15:56:07,15572,15572,15572,2,0
2023-02-02 15:56:07,15572,15572,15572,2,0
2023-02-02 15:56:07,15572,15572,15572,2,0
2023-02-02 15:56:07,15572,15572,15572,4,0
2023-02-02 15:56:08,15572,15572,15572,4,0
2023-02-02 15:56:09,15572,15572,15572,2,0
2023-02-02 15:56:15,15572,15572,15572,2,0
2023-02-02 15:56:16,15571,15571,15571,2,-2
2023-02-02 15:56:17,15573,15573,15573,6,6
2023-02-02 15:56:36,15573,15573,15573,2,0
2023-02-02 15:56:38,15573,15573,15573,2,0
2023-02-02 15:56:41,15573,15573,15573,2,0
2023-02-02 15:56:41,15573,15573,15573,2,0
2023-02-02 15:56:51,15573,15573,15573,2,0
2023-02-02 15:56:52,15574,15574,15574,2,2
2023-02-02 15:56:52,15574,15574,15574,2,0
2023-02-02 15:56:52,15573,15573,15573,2,-2
2023-02-02 15:56:54,15574,15574,15574,2,2
2023-02-02 15:56:56,15573,15573,15573,2,-2
2023-02-02 15:57:03,15573,15573,15573,2,0
2023-02-02 15:57:03,15574,15574,15574,2,2
2023-02-02 15:57:08,15573,15573,15573,2,-2
2023-02-02 15:57:17,15573,15573,15573,2,0
2023-02-02 15:57:31,15573,15573,15573,2,0
2023-02-02 15:57:31,15573,15573,15573,2,0
2023-02-02 15:57:31,15573,15573,15573,2,0
2023-02-02 15:57:40,15573,15573,15573,2,0
2023-02-02 15:57:47,15573,15573,15573,2,0
2023-02-02 15:57:47,15573,15573,15573,2,0
2023-02-02 15:57:48,15573,15573,15573,2,0
2023-02-02 15:57:48,15573,15573,15573,2,0
2023-02-02 15:57:48,15573,15573,15573,2,0
2023-02-02 15:57:52,15574,15574,15574,2,2
2023-02-02 15:57:53,15573,15573,15573,2,-2
2023-02-02 15:57:58,15573,15573,15573,2,0
2023-02-02 15:57:59,15573,15573,15573,2,0
2023-02-02 15:57:59,15573,15573,15573,4,0
2023-02-02 15:57:59,15573,15573,15573,2,0
2023-02-02 15:57:59,15573,15573,15573,2,0
2023-02-02 15:58:00,15574,15574,15574,2,2
2023-02-02 15:58:01,15573,15573,15573,2,-2
2023-02-02 15:58:02,15573,15573,15573,2,0
2023-02-02 15:58:02,15572,15572,15572,2,-2
2023-02-02 15:58:02,15572,15572,15572,2,0
2023-02-02 15:58:02,15572,15572,15572,4,0
2023-02-02 15:58:02,15572,15572,15572,2,0
2023-02-02 15:58:02,15572,15572,15572,2,0
2023-02-02 15:58:09,15571,15571,15571,2,-2
2023-02-02 15:58:12,15572,15572,15572,2,2
2023-02-02 15:58:15,15571,15571,15571,2,-2
2023-02-02 15:58:15,15571,15571,15571,2,0
2023-02-02 15:58:15,15570,15570,15570,2,-2
2023-02-02 15:58:15,15570,15570,15570,4,0
2023-02-02 15:58:15,15571,15571,15571,6,6
2023-02-02 15:58:15,15572,15572,15572,4,4
2023-02-02 15:58:16,15570,15570,15570,4,-4
2023-02-02 15:58:18,15571,15571,15571,2,2
2023-02-02 15:58:29,15571,15571,15571,2,0
2023-02-02 15:58:38,15571,15571,15571,2,0
2023-02-02 15:58:40,15571,15571,15571,2,0
2023-02-02 15:58:43,15571,15571,15571,2,0
2023-02-02 15:58:50,15572,15572,15572,2,2
2023-02-02 15:58:59,15573,15573,15573,4,4
2023-02-02 15:59:04,15574,15574,15574,6,6
2023-02-02 15:59:05,15574,15574,15574,2,0
2023-02-02 15:59:05,15574,15574,15574,2,0
2023-02-02 15:59:05,15573,15573,15573,2,-2
2023-02-02 15:59:20,15574,15574,15574,2,2
2023-02-02 15:59:23,15574,15574,15574,2,0
2023-02-02 15:59:28,15574,15574,15574,2,0
2023-02-02 15:59:28,15574,15574,15574,2,0
2023-02-02 15:59:28,15575,15575,15575,2,2
2023-02-02 15:59:29,15575,15575,15575,4,0
2023-02-02 15:59:30,15575,15575,15575,2,0
2023-02-02 15:59:40,15574,15574,15574,2,-2
2023-02-02 15:59:49,15575,15575,15575,2,2
2023-02-02 15:59:49,15574,15574,15574,2,-2
2023-02-02 15:59:53,15574,15574,15574,2,0
2023-02-02 15:59:53,15574,15574,15574,2,0
2023-02-02 15:59:53,15574,15574,15574,2,0
2023-02-02 15:59:53,15574,15574,15574,2,0
2023-02-02 15:59:53,15574,15574,15574,2,0
2023-02-02 15:59:53,15574,15574,15574,2,0
2023-02-02 15:59:55,15573,15573,15573,2,-2
2023-02-02 15:59:55,15573,15573,15573,2,0
2023-02-02 15:59:55,15572,15572,15572,2,-2
2023-02-02 15:59:56,15573,15573,15573,10,10
2023-02-02 16:00:00,15573,15573,15573,2,0
2023-02-02 16:00:00,15575,15575,15575,2,2
2023-02-02 16:00:00,15575,15575,15575,2,0
2023-02-02 16:00:00,15575,15575,15575,2,0
2023-02-02 16:00:00,15575,15575,15575,4,0
2023-02-02 16:00:00,15574,15574,15574,2,-2
2023-02-02 16:00:00,15573,15573,15573,2,-2
2023-02-02 16:00:00,15572,15572,15572,2,-2
2023-02-02 16:00:00,15572,15572,15572,2,0
2023-02-02 16:00:00,15572,15572,15572,2,0
2023-02-02 16:00:00,15572,15572,15572,2,0
2023-02-02 16:00:01,15572,15572,15572,2,0
2023-02-02 16:00:05,15574,15574,15574,4,4
2023-02-02 16:00:05,15575,15575,15575,6,6
2023-02-02 16:00:06,15573,15573,15573,2,-2
2023-02-02 16:00:15,15572,15572,15572,2,-2
2023-02-02 16:00:16,15572,15572,15572,2,0
2023-02-02 16:00:19,15573,15573,15573,2,2
2023-02-02 16:00:25,15573,15573,15573,2,0
2023-02-02 16:00:25,15573,15573,15573,2,0
2023-02-02 16:00:26,15573,15573,15573,2,0
2023-02-02 16:00:34,15573,15573,15573,2,0
2023-02-02 16:00:34,15573,15573,15573,2,0
2023-02-02 16:00:34,15573,15573,15573,2,0
2023-02-02 16:00:34,15573,15573,15573,2,0
2023-02-02 16:00:37,15572,15572,15572,2,-2
2023-02-02 16:00:38,15573,15573,15573,6,6
2023-02-02 16:00:42,15573,15573,15573,2,0
2023-02-02 16:00:42,15573,15573,15573,2,0
2023-02-02 16:00:42,15573,15573,15573,2,0
2023-02-02 16:00:42,15573,15573,15573,2,0
2023-02-02 16:00:42,15573,15573,15573,2,0
2023-02-02 16:00:51,15574,15574,15574,10,10
2023-02-02 16:00:52,15575,15575,15575,18,18
2023-02-02 16:00:52,15575,15575,15575,4,0
2023-02-02 16:00:52,15575,15575,15575,2,0
2023-02-02 16:00:58,15575,15575,15575,2,0
2023-02-02 16:00:59,15575,15575,15575,2,0
2023-02-02 16:01:00,15575,15575,15575,4,0
2023-02-02 16:01:01,15575,15575,15575,2,0
2023-02-02 16:01:01,15574,15574,15574,2,-2
2023-02-02 16:01:03,15575,15575,15575,20,20
2023-02-02 16:01:07,15575,15575,15575,2,0
2023-02-02 16:01:13,15576,15576,15576,2,2
2023-02-02 16:01:13,15576,15576,15576,6,0
2023-02-02 16:01:13,15576,15576,15576,2,0
2023-02-02 16:01:13,15577,15577,15577,2,2
2023-02-02 16:01:20,15575,15575,15575,2,-2
2023-02-02 16:01:20,15575,15575,15575,4,0
2023-02-02 16:01:20,15575,15575,15575,2,0
2023-02-02 16:01:21,15575,15575,15575,6,0
2023-02-02 16:01:21,15576,15576,15576,22,22
2023-02-02 16:01:21,15575,15575,15575,2,-2
2023-02-02 16:01:24,15575,15575,15575,2,0
2023-02-02 16:01:25,15575,15575,15575,2,0
2023-02-02 16:01:28,15574,15574,15574,2,-2
2023-02-02 16:01:28,15574,15574,15574,4,0
2023-02-02 16:01:28,15574,15574,15574,2,0
2023-02-02 16:01:28,15574,15574,15574,2,0
2023-02-02 16:01:28,15574,15574,15574,2,0
2023-02-02 16:01:28,15574,15574,15574,2,0
2023-02-02 16:01:35,15575,15575,15575,6,6
2023-02-02 16:01:36,15575,15575,15575,2,0
2023-02-02 16:01:37,15575,15575,15575,2,0
2023-02-02 16:01:43,15575,15575,15575,2,0
2023-02-02 16:01:51,15576,15576,15576,4,4
2023-02-02 16:01:58,15576,15576,15576,2,0
2023-02-02 16:01:59,15576,15576,15576,2,0
2023-02-02 16:01:59,15576,15576,15576,2,0
2023-02-02 16:02:00,15576,15576,15576,2,0
2023-02-02 16:02:00,15576,15576,15576,2,0
2023-02-02 16:02:01,15577,15577,15577,12,12
2023-02-02 16:02:01,15577,15577,15577,2,0
2023-02-02 16:02:14,15576,15576,15576,2,-2
2023-02-02 16:02:15,15577,15577,15577,4,4
2023-02-02 16:02:18,15577,15577,15577,2,0
2023-02-02 16:02:20,15577,15577,15577,4,0
2023-02-02 16:02:22,15576,15576,15576,2,-2
2023-02-02 16:02:22,15577,15577,15577,4,4
2023-02-02 16:02:25,15577,15577,15577,2,0
2023-02-02 16:02:27,15576,15576,15576,2,-2
2023-02-02 16:02:27,15576,15576,15576,2,0
2023-02-02 16:02:27,15576,15576,15576,2,0
2023-02-02 16:02:27,15576,15576,15576,2,0
2023-02-02 16:02:27,15576,15576,15576,2,0
2023-02-02 16:02:28,15575,15575,15575,2,-2
2023-02-02 16:02:29,15575,15575,15575,2,0
2023-02-02 16:02:31,15577,15577,15577,2,2
2023-02-02 16:02:32,15576,15576,15576,2,-2
2023-02-02 16:02:33,15576,15576,15576,2,0
2023-02-02 16:02:34,15575,15575,15575,2,-2
2023-02-02 16:02:38,15577,15577,15577,6,6
2023-02-02 16:02:38,15577,15577,15577,2,0
2023-02-02 16:02:38,15577,15577,15577,2,0
2023-02-02 16:02:39,15576,15576,15576,2,-2
2023-02-02 16:02:40,15577,15577,15577,2,2
2023-02-02 16:02:40,15577,15577,15577,2,0
2023-02-02 16:02:40,15578,15578,15578,18,18
2023-02-02 16:02:40,15578,15578,15578,2,0
2023-02-02 16:02:44,15578,15578,15578,2,0
2023-02-02 16:02:44,15578,15578,15578,2,0
2023-02-02 16:02:50,15577,15577,15577,2,-2
2023-02-02 16:02:58,15577,15577,15577,2,0
2023-02-02 16:02:59,15577,15577,15577,2,0
2023-02-02 16:03:03,15577,15577,15577,2,0
2023-02-02 16:03:08,15576,15576,15576,2,-2
2023-02-02 16:03:08,15576,15576,15576,2,0
2023-02-02 16:03:13,15577,15577,15577,2,2
2023-02-02 16:03:19,15577,15577,15577,2,0
2023-02-02 16:03:19,15577,15577,15577,2,0
2023-02-02 16:03:20,15577,15577,15577,2,0
2023-02-02 16:03:21,15577,15577,15577,14,0
2023-02-02 16:03:25,15578,15578,15578,20,20
2023-02-02 16:03:26,15579,15579,15579,4,4
2023-02-02 16:03:26,15578,15578,15578,2,-2
2023-02-02 16:03:27,15579,15579,15579,8,8
2023-02-02 16:03:28,15577,15577,15577,26,-26
2023-02-02 16:03:28,15577,15577,15577,2,0
2023-02-02 16:03:28,15577,15577,15577,2,0
2023-02-02 16:03:28,15576,15576,15576,2,-2
2023-02-02 16:03:33,15576,15576,15576,2,0
2023-02-02 16:03:33,15577,15577,15577,2,2
2023-02-02 16:03:34,15577,15577,15577,4,0
2023-02-02 16:03:37,15578,15578,15578,2,2
2023-02-02 16:03:46,15580,15580,15580,4,4
2023-02-02 16:03:46,15580,15580,15580,2,0
2023-02-02 16:03:46,15580,15580,15580,6,0
2023-02-02 16:03:46,15580,15580,15580,2,0
2023-02-02 16:03:46,15580,15580,15580,32,0
2023-02-02 16:03:46,15580,15580,15580,2,0
2023-02-02 16:03:46,15580,15580,15580,14,0
2023-02-02 16:03:46,15580,15580,15580,2,0
2023-02-02 16:03:46,15580,15580,15580,16,0
2023-02-02 16:03:46,15580,15580,15580,2,0
2023-02-02 16:03:47,15580,15580,15580,2,0
2023-02-02 16:03:47,15580,15580,15580,2,0
2023-02-02 16:03:49,15580,15580,15580,2,0
2023-02-02 16:03:50,15581,15581,15581,2,2
2023-02-02 16:03:50,15581,15581,15581,4,0
2023-02-02 16:03:50,15581,15581,15581,2,0
2023-02-02 16:03:52,15581,15581,15581,4,0
2023-02-02 16:03:52,15581,15581,15581,6,0
2023-02-02 16:03:52,15581,15581,15581,2,0
2023-02-02 16:03:54,15581,15581,15581,2,0
2023-02-02 16:03:59,15582,15582,15582,4,4
2023-02-02 16:03:59,15582,15582,15582,2,0
2023-02-02 16:03:59,15582,15582,15582,2,0
2023-02-02 16:03:59,15582,15582,15582,6,0
2023-02-02 16:04:01,15583,15583,15583,4,4
2023-02-02 16:04:03,15582,15582,15582,2,-2
2023-02-02 16:04:07,15583,15583,15583,2,2
2023-02-02 16:04:09,15583,15583,15583,2,0
2023-02-02 16:04:09,15583,15583,15583,10,0
2023-02-02 16:04:09,15583,15583,15583,2,0
2023-02-02 16:04:09,15583,15583,15583,2,0
2023-02-02 16:04:11,15582,15582,15582,2,-2
2023-02-02 16:04:15,15584,15584,15584,2,2
2023-02-02 16:04:16,15584,15584,15584,16,0
2023-02-02 16:04:18,15584,15584,15584,4,0
2023-02-02 16:04:18,15583,15583,15583,2,-2
2023-02-02 16:04:20,15584,15584,15584,4,4
2023-02-02 16:04:20,15584,15584,15584,2,0
2023-02-02 16:04:21,15583,15583,15583,8,-8
2023-02-02 16:04:21,15583,15583,15583,2,0
2023-02-02 16:04:21,15583,15583,15583,4,0
2023-02-02 16:04:21,15584,15584,15584,2,2
2023-02-02 16:04:22,15583,15583,15583,2,-2
2023-02-02 16:04:22,15584,15584,15584,6,6
2023-02-02 16:04:28,15584,15584,15584,2,0
2023-02-02 16:04:30,15584,15584,15584,8,0
2023-02-02 16:04:34,15584,15584,15584,4,0
2023-02-02 16:04:34,15583,15583,15583,2,-2
2023-02-02 16:04:35,15583,15583,15583,2,0
2023-02-02 16:04:36,15584,15584,15584,4,4
2023-02-02 16:04:37,15584,15584,15584,4,0
2023-02-02 16:04:40,15584,15584,15584,2,0
2023-02-02 16:04:40,15584,15584,15584,4,0
2023-02-02 16:04:44,15584,15584,15584,2,0
2023-02-02 16:04:44,15584,15584,15584,6,0
2023-02-02 16:04:45,15584,15584,15584,2,0
2023-02-02 16:04:45,15584,15584,15584,4,0
2023-02-02 16:04:46,15583,15583,15583,4,-4
2023-02-02 16:04:46,15583,15583,15583,30,0
2023-02-02 16:04:46,15583,15583,15583,2,0
2023-02-02 16:04:46,15583,15583,15583,2,0
2023-02-02 16:04:46,15583,15583,15583,2,0
2023-02-02 16:04:46,15583,15583,15583,4,0
2023-02-02 16:04:47,15583,15583,15583,2,0
2023-02-02 16:04:51,15583,15583,15583,4,0
2023-02-02 16:04:53,15583,15583,15583,4,0
2023-02-02 16:04:56,15583,15583,15583,2,0
2023-02-02 16:04:59,15582,15582,15582,2,-2
2023-02-02 16:05:01,15582,15582,15582,2,0
2023-02-02 16:05:01,15583,15583,15583,2,2
2023-02-02 16:05:01,15583,15583,15583,2,0
2023-02-02 16:05:01,15582,15582,15582,2,-2
2023-02-02 16:05:04,15583,15583,15583,2,2
2023-02-02 16:05:04,15583,15583,15583,8,0
2023-02-02 16:05:06,15582,15582,15582,2,-2
2023-02-02 16:05:08,15582,15582,15582,2,0
2023-02-02 16:05:08,15582,15582,15582,2,0
2023-02-02 16:05:08,15582,15582,15582,2,0
2023-02-02 16:05:08,15582,15582,15582,2,0
2023-02-02 16:05:08,15582,15582,15582,2,0
2023-02-02 16:05:08,15582,15582,15582,2,0
2023-02-02 16:05:08,15582,15582,15582,4,0
2023-02-02 16:05:16,15582,15582,15582,2,0
2023-02-02 16:05:17,15582,15582,15582,2,0
2023-02-02 16:05:29,15581,15581,15581,2,-2
2023-02-02 16:05:29,15581,15581,15581,2,0
2023-02-02 16:05:30,15581,15581,15581,2,0
2023-02-02 16:05:30,15581,15581,15581,2,0
2023-02-02 16:05:30,15581,15581,15581,2,0
2023-02-02 16:05:31,15581,15581,15581,2,0
2023-02-02 16:05:37,15581,15581,15581,4,0
2023-02-02 16:05:37,15581,15581,15581,2,0
2023-02-02 16:05:38,15582,15582,15582,2,2
2023-02-02 16:05:39,15582,15582,15582,2,0
2023-02-02 16:05:40,15582,15582,15582,6,0
2023-02-02 16:05:42,15582,15582,15582,2,0
2023-02-02 16:05:42,15581,15581,15581,2,-2
2023-02-02 16:05:49,15583,15583,15583,6,6
2023-02-02 16:05:51,15583,15583,15583,2,0
2023-02-02 16:05:52,15583,15583,15583,2,0
2023-02-02 16:05:53,15583,15583,15583,2,0
2023-02-02 16:05:58,15583,15583,15583,2,0
2023-02-02 16:06:01,15583,15583,15583,2,0
2023-02-02 16:06:06,15582,15582,15582,2,-2
2023-02-02 16:06:12,15582,15582,15582,2,0
2023-02-02 16:06:12,15582,15582,15582,2,0
2023-02-02 16:06:12,15582,15582,15582,2,0
2023-02-02 16:06:16,15582,15582,15582,2,0
2023-02-02 16:06:18,15583,15583,15583,2,2
2023-02-02 16:06:24,15583,15583,15583,4,0
2023-02-02 16:06:25,15582,15582,15582,2,-2
2023-02-02 16:06:25,15582,15582,15582,4,0
2023-02-02 16:06:26,15581,15581,15581,2,-2
2023-02-02 16:06:26,15581,15581,15581,4,0
2023-02-02 16:06:26,15581,15581,15581,2,0
2023-02-02 16:06:26,15581,15581,15581,2,0
2023-02-02 16:06:31,15580,15580,15580,2,-2
2023-02-02 16:06:31,15580,15580,15580,4,0
2023-02-02 16:06:33,15580,15580,15580,2,0
2023-02-02 16:06:33,15580,15580,15580,2,0
2023-02-02 16:06:33,15580,15580,15580,2,0
2023-02-02 16:06:33,15580,15580,15580,6,0
2023-02-02 16:06:33,15580,15580,15580,2,0
2023-02-02 16:06:33,15580,15580,15580,2,0
2023-02-02 16:06:33,15580,15580,15580,2,0
2023-02-02 16:06:33,15580,15580,15580,2,0
2023-02-02 16:06:33,15580,15580,15580,2,0
2023-02-02 16:06:33,15580,15580,15580,2,0
2023-02-02 16:06:38,15580,15580,15580,2,0
2023-02-02 16:06:38,15580,15580,15580,2,0
2023-02-02 16:06:43,15580,15580,15580,2,0
2023-02-02 16:06:48,15580,15580,15580,2,0
2023-02-02 16:06:53,15580,15580,15580,2,0
2023-02-02 16:07:02,15580,15580,15580,2,0
