2024-04-10 15:00:00.044,20860,20861,20859,64,-64
2024-04-10 15:00:00.047,20857,20859,20857,2,-2
2024-04-10 15:00:00.047,20857,20859,20856,1,-1
2024-04-10 15:00:00.056,20857,20859,20859,1,1
2024-04-10 15:00:00.057,20857,20859,20855,1,-1
2024-04-10 15:00:00.058,20857,20859,20855,1,-1
2024-04-10 15:00:00.079,20854,20858,20858,1,1
2024-04-10 15:00:00.088,20854,20858,20859,9,9
2024-04-10 15:00:00.088,20854,20858,20858,1,1
2024-04-10 15:00:00.090,20854,20858,20854,5,-5
2024-04-10 15:00:00.095,20853,20858,20858,1,1
2024-04-10 15:00:00.111,20853,20858,20856,1,1
2024-04-10 15:00:00.173,20855,20858,20857,1,1
2024-04-10 15:00:00.228,20856,20858,20858,1,1
2024-04-10 15:00:00.228,20856,20858,20859,3,3
2024-04-10 15:00:00.237,20856,20858,20859,1,1
2024-04-10 15:00:00.339,20856,20859,20859,1,1
2024-04-10 15:00:00.598,20855,20857,20855,1,-1
2024-04-10 15:00:00.716,20854,20856,20856,1,1
2024-04-10 15:00:00.734,20854,20856,20854,1,-1
2024-04-10 15:00:00.734,20854,20856,20853,2,-2
2024-04-10 15:00:00.804,20854,20856,20853,1,-1
2024-04-10 15:00:00.811,20854,20856,20853,1,-1
2024-04-10 15:00:00.845,20853,20856,20853,2,-2
2024-04-10 15:00:01.406,20853,20856,20854,1,-1
2024-04-10 15:00:01.406,20853,20856,20856,5,5
2024-04-10 15:00:01.406,20853,20856,20854,1,-1
2024-04-10 15:00:01.406,20853,20856,20853,2,-2
2024-04-10 15:00:01.407,20853,20856,20853,1,-1
2024-04-10 15:00:01.591,20853,20856,20853,1,-1
2024-04-10 15:00:01.707,20854,20856,20856,1,1
2024-04-10 15:00:01.712,20854,20856,20856,2,2
2024-04-10 15:00:02.057,20855,20856,20855,1,-1
2024-04-10 15:00:02.443,20855,20856,20856,2,2
2024-04-10 15:00:02.768,20854,20856,20856,2,2
2024-04-10 15:00:03.271,20855,20856,20855,4,-4
2024-04-10 15:00:03.272,20855,20856,20855,1,-1
2024-04-10 15:00:03.619,20854,20856,20856,1,1
2024-04-10 15:00:03.620,20854,20856,20856,4,4
2024-04-10 15:00:03.844,20855,20857,20857,1,1
2024-04-10 15:00:03.993,20856,20857,20857,1,1
2024-04-10 15:00:04.003,20856,20857,20857,1,1
2024-04-10 15:00:04.013,20856,20857,20857,1,1
2024-04-10 15:00:04.020,20856,20857,20856,1,-1
2024-04-10 15:00:04.044,20856,20857,20857,1,1
2024-04-10 15:00:04.053,20856,20857,20857,2,2
2024-04-10 15:00:04.104,20856,20857,20857,1,1
2024-04-10 15:00:04.104,20856,20857,20858,4,4
2024-04-10 15:00:04.366,20856,20858,20856,2,-2
2024-04-10 15:00:04.629,20856,20858,20856,1,-1
2024-04-10 15:00:05.027,20856,20858,20858,1,1
2024-04-10 15:00:06.220,20856,20857,20857,1,1
2024-04-10 15:00:06.691,20856,20857,20857,1,1
2024-04-10 15:00:07.385,20856,20857,20857,1,1
2024-04-10 15:00:07.622,20856,20858,20856,1,-1
2024-04-10 15:00:07.744,20856,20857,20857,2,2
2024-04-10 15:00:08.031,20856,20858,20857,3,3
2024-04-10 15:00:08.031,20856,20858,20858,2,2
2024-04-10 15:00:08.576,20857,20858,20858,1,1
2024-04-10 15:00:08.576,20857,20858,20858,16,16
2024-04-10 15:00:08.598,20857,20858,20858,1,1
2024-04-10 15:00:08.598,20857,20858,20857,5,-5
2024-04-10 15:00:09.219,20856,20857,20858,1,1
2024-04-10 15:00:09.219,20856,20857,20857,1,1
2024-04-10 15:00:09.597,20856,20858,20856,7,-7
2024-04-10 15:00:10.368,20855,20857,20857,1,1
2024-04-10 15:00:12.089,20855,20857,20857,6,6
2024-04-10 15:00:12.688,20855,20857,20855,2,-2
2024-04-10 15:00:12.859,20854,20856,20856,1,1
2024-04-10 15:00:14.642,20854,20855,20855,1,1
2024-04-10 15:00:15.110,20854,20856,20854,1,-1
2024-04-10 15:00:15.133,20854,20856,20854,3,-3
2024-04-10 15:00:17.392,20854,20855,20854,1,-1
2024-04-10 15:00:18.101,20854,20855,20855,2,2
2024-04-10 15:00:18.273,20854,20855,20854,4,-4
2024-04-10 15:00:18.375,20854,20855,20854,2,-2
2024-04-10 15:00:18.454,20853,20854,20853,1,-1
2024-04-10 15:00:18.455,20853,20854,20854,1,1
2024-04-10 15:00:18.768,20854,20855,20854,6,-6
2024-04-10 15:00:18.768,20854,20855,20853,7,-7
2024-04-10 15:00:19.111,20853,20855,20854,1,-1
2024-04-10 15:00:19.275,20853,20855,20853,10,-10
2024-04-10 15:00:19.417,20854,20855,20854,3,-3
2024-04-10 15:00:19.522,20854,20855,20854,1,-1
2024-04-10 15:00:20.216,20854,20855,20855,3,3
2024-04-10 15:00:20.248,20854,20855,20855,1,1
2024-04-10 15:00:22.039,20854,20855,20854,1,-1
2024-04-10 15:00:25.915,20853,20854,20854,2,2
2024-04-10 15:00:26.362,20853,20854,20853,1,-1
2024-04-10 15:00:26.363,20853,20854,20853,2,-2
2024-04-10 15:00:26.363,20853,20854,20853,1,-1
2024-04-10 15:00:28.867,20853,20855,20855,10,10
2024-04-10 15:00:28.868,20853,20855,20855,1,1
2024-04-10 15:00:28.868,20853,20855,20855,1,1
2024-04-10 15:00:29.053,20854,20856,20855,1,1
2024-04-10 15:00:29.054,20854,20856,20854,10,-10
2024-04-10 15:00:30.053,20854,20856,20854,3,-3
2024-04-10 15:00:32.386,20854,20856,20856,2,2
2024-04-10 15:00:32.386,20854,20856,20856,3,3
2024-04-10 15:00:32.386,20854,20856,20856,1,1
2024-04-10 15:00:34.796,20855,20856,20855,1,-1
2024-04-10 15:00:37.697,20854,20855,20855,1,1
2024-04-10 15:00:38.349,20854,20856,20854,2,-2
2024-04-10 15:00:38.582,20854,20856,20856,2,2
2024-04-10 15:00:40.212,20854,20855,20855,1,1
2024-04-10 15:00:41.331,20854,20856,20856,3,3
2024-04-10 15:00:41.332,20854,20856,20856,2,2
2024-04-10 15:00:41.333,20854,20856,20855,2,2
2024-04-10 15:00:41.333,20854,20856,20855,1,1
2024-04-10 15:00:41.333,20854,20856,20855,2,2
2024-04-10 15:00:41.333,20854,20856,20855,2,2
2024-04-10 15:00:47.435,20855,20856,20855,1,-1
2024-04-10 15:00:48.938,20854,20856,20854,2,-2
2024-04-10 15:00:49.003,20853,20855,20853,4,-4
2024-04-10 15:00:49.067,20853,20855,20855,1,1
2024-04-10 15:00:49.084,20853,20855,20855,1,1
2024-04-10 15:00:49.126,20853,20855,20855,1,1
2024-04-10 15:00:49.201,20853,20855,20853,1,-1
2024-04-10 15:00:50.002,20853,20855,20853,2,-2
2024-04-10 15:00:50.720,20853,20855,20854,1,-1
2024-04-10 15:00:50.877,20853,20854,20853,1,-1
2024-04-10 15:00:53.311,20853,20854,20853,3,-3
2024-04-10 15:00:56.020,20851,20853,20853,2,2
2024-04-10 15:00:57.257,20851,20853,20851,3,-3
2024-04-10 15:00:57.410,20851,20853,20851,13,-13
2024-04-10 15:00:57.433,20851,20853,20850,13,-13
2024-04-10 15:01:00.251,20850,20852,20852,3,3
2024-04-10 15:01:00.334,20851,20852,20852,1,1
2024-04-10 15:01:00.334,20851,20852,20852,1,1
2024-04-10 15:01:00.334,20851,20852,20852,1,1
2024-04-10 15:01:00.334,20851,20852,20853,1,1
2024-04-10 15:01:00.368,20851,20852,20853,1,1
2024-04-10 15:01:00.368,20851,20852,20853,1,1
2024-04-10 15:01:00.368,20851,20852,20853,1,1
2024-04-10 15:01:00.369,20851,20852,20853,1,1
2024-04-10 15:01:00.523,20852,20853,20853,3,3
2024-04-10 15:01:00.524,20852,20853,20853,2,2
2024-04-10 15:01:00.628,20852,20854,20854,3,3
2024-04-10 15:01:00.726,20852,20854,20854,1,1
2024-04-10 15:01:00.989,20851,20853,20851,7,-7
2024-04-10 15:01:02.145,20850,20851,20850,15,-15
2024-04-10 15:01:02.146,20850,20851,20850,2,-2
2024-04-10 15:01:02.146,20850,20851,20850,6,-6
2024-04-10 15:01:02.146,20850,20851,20850,1,-1
2024-04-10 15:01:02.146,20850,20851,20850,1,-1
2024-04-10 15:01:02.146,20850,20851,20850,1,-1
2024-04-10 15:01:02.146,20850,20851,20850,1,-1
2024-04-10 15:01:02.147,20850,20851,20850,1,-1
2024-04-10 15:01:02.197,20850,20851,20851,1,1
2024-04-10 15:01:02.801,20850,20851,20850,3,-3
2024-04-10 15:01:02.801,20850,20851,20850,1,-1
2024-04-10 15:01:02.801,20850,20851,20850,1,-1
2024-04-10 15:01:02.801,20850,20851,20850,1,-1
2024-04-10 15:01:03.330,20850,20851,20851,1,1
2024-04-10 15:01:03.637,20850,20851,20850,4,-4
2024-04-10 15:01:04.507,20850,20851,20850,1,-1
2024-04-10 15:01:04.846,20850,20851,20850,1,-1
2024-04-10 15:01:05.481,20850,20851,20851,1,1
2024-04-10 15:01:06.452,20850,20851,20851,6,6
2024-04-10 15:01:06.786,20851,20852,20851,3,-3
2024-04-10 15:01:10.653,20851,20852,20851,2,-2
2024-04-10 15:01:10.987,20851,20852,20852,1,1
2024-04-10 15:01:10.988,20851,20852,20852,1,1
2024-04-10 15:01:11.712,20851,20852,20851,1,-1
2024-04-10 15:01:11.803,20851,20852,20851,3,-3
2024-04-10 15:01:12.244,20851,20852,20852,1,1
2024-04-10 15:01:14.917,20851,20852,20851,2,-2
2024-04-10 15:01:16.577,20851,20852,20851,6,-6
2024-04-10 15:01:17.843,20850,20852,20850,3,-3
2024-04-10 15:01:20.721,20850,20851,20851,1,1
2024-04-10 15:01:20.821,20850,20852,20852,1,1
2024-04-10 15:01:20.822,20850,20852,20852,1,1
2024-04-10 15:01:20.822,20850,20852,20852,1,1
2024-04-10 15:01:20.823,20850,20852,20852,1,1
2024-04-10 15:01:20.823,20850,20852,20852,1,1
2024-04-10 15:01:20.823,20850,20852,20852,2,2
2024-04-10 15:01:21.585,20850,20852,20852,5,5
2024-04-10 15:01:23.062,20850,20852,20852,5,5
2024-04-10 15:01:30.781,20851,20852,20852,1,1
2024-04-10 15:01:33.650,20851,20852,20851,1,-1
2024-04-10 15:01:33.697,20851,20852,20852,1,1
2024-04-10 15:01:37.842,20851,20852,20852,1,1
2024-04-10 15:01:38.274,20851,20852,20852,10,10
2024-04-10 15:01:39.496,20851,20852,20852,1,1
2024-04-10 15:01:39.780,20851,20852,20851,1,-1
2024-04-10 15:01:42.097,20851,20852,20852,1,1
2024-04-10 15:01:47.269,20851,20852,20851,1,-1
2024-04-10 15:01:50.881,20851,20852,20852,1,1
2024-04-10 15:01:50.947,20851,20852,20852,1,1
2024-04-10 15:02:00.224,20851,20852,20852,5,5
2024-04-10 15:02:00.449,20851,20852,20851,1,-1
2024-04-10 15:02:01.066,20851,20852,20851,15,-15
2024-04-10 15:02:03.504,20850,20852,20852,1,1
2024-04-10 15:02:08.023,20851,20852,20852,1,1
2024-04-10 15:02:08.025,20851,20852,20853,2,2
2024-04-10 15:02:08.025,20851,20852,20853,1,1
2024-04-10 15:02:08.025,20851,20852,20853,2,2
2024-04-10 15:02:08.066,20851,20852,20852,1,1
2024-04-10 15:02:08.858,20852,20854,20852,1,-1
2024-04-10 15:02:09.017,20852,20854,20852,2,-2
2024-04-10 15:02:12.163,20852,20853,20853,2,2
2024-04-10 15:02:12.526,20853,20854,20853,1,-1
2024-04-10 15:02:17.115,20853,20854,20854,2,2
2024-04-10 15:02:17.115,20853,20854,20854,3,3
2024-04-10 15:02:19.588,20854,20855,20855,1,1
2024-04-10 15:02:19.588,20854,20855,20855,1,1
2024-04-10 15:02:19.588,20854,20855,20855,4,4
2024-04-10 15:02:20.252,20854,20856,20856,2,2
2024-04-10 15:02:23.212,20855,20856,20856,1,1
2024-04-10 15:02:27.487,20855,20857,20855,1,-1
2024-04-10 15:02:27.487,20855,20857,20855,3,-3
2024-04-10 15:02:27.487,20855,20857,20855,3,-3
2024-04-10 15:02:29.294,20854,20856,20856,2,2
2024-04-10 15:02:36.610,20855,20856,20856,1,1
2024-04-10 15:02:38.610,20855,20857,20857,9,9
2024-04-10 15:02:39.481,20857,20858,20858,2,2
2024-04-10 15:02:39.481,20857,20858,20858,4,4
2024-04-10 15:02:39.481,20857,20858,20858,1,1
2024-04-10 15:02:39.481,20857,20858,20858,1,1
2024-04-10 15:02:39.481,20857,20858,20858,2,2
2024-04-10 15:02:40.856,20857,20859,20857,1,-1
2024-04-10 15:02:43.126,20856,20857,20857,2,2
2024-04-10 15:02:46.799,20857,20859,20859,1,1
2024-04-10 15:02:46.851,20857,20859,20859,2,2
2024-04-10 15:02:48.234,20858,20859,20859,1,1
2024-04-10 15:02:48.234,20858,20859,20859,2,2
2024-04-10 15:02:49.078,20858,20859,20859,2,2
2024-04-10 15:02:50.844,20857,20859,20859,3,3
2024-04-10 15:02:51.551,20857,20859,20857,1,-1
2024-04-10 15:02:51.646,20857,20859,20859,1,1
2024-04-10 15:02:52.643,20857,20859,20859,1,1
2024-04-10 15:02:53.413,20857,20858,20857,7,-7
2024-04-10 15:02:53.414,20857,20858,20857,1,-1
2024-04-10 15:02:53.527,20856,20858,20858,1,1
2024-04-10 15:02:53.691,20856,20858,20858,1,1
2024-04-10 15:02:54.404,20857,20858,20858,1,1
2024-04-10 15:02:57.146,20858,20859,20858,2,-2
2024-04-10 15:02:57.146,20858,20859,20858,1,-1
2024-04-10 15:02:57.220,20857,20859,20857,2,-2
2024-04-10 15:02:57.639,20856,20858,20858,1,1
2024-04-10 15:03:00.844,20856,20857,20857,1,1
2024-04-10 15:03:02.100,20856,20857,20857,1,1
2024-04-10 15:03:03.726,20856,20857,20857,2,2
2024-04-10 15:03:03.764,20856,20857,20857,1,1
2024-04-10 15:03:09.429,20857,20858,20857,3,-3
2024-04-10 15:03:09.429,20857,20858,20857,1,-1
2024-04-10 15:03:10.133,20856,20857,20856,1,-1
2024-04-10 15:03:16.944,20855,20856,20856,1,1
2024-04-10 15:03:21.946,20855,20856,20855,1,-1
2024-04-10 15:03:21.946,20855,20856,20855,6,-6
2024-04-10 15:03:21.946,20855,20856,20855,6,-6
2024-04-10 15:03:22.002,20855,20856,20856,1,1
2024-04-10 15:03:27.529,20853,20854,20854,1,1
2024-04-10 15:03:27.840,20854,20855,20855,1,1
2024-04-10 15:03:28.454,20854,20856,20856,5,5
2024-04-10 15:03:31.522,20854,20856,20854,2,-2
2024-04-10 15:03:34.816,20854,20856,20856,1,1
2024-04-10 15:03:35.712,20855,20856,20855,5,-5
2024-04-10 15:03:45.597,20854,20855,20854,1,-1
2024-04-10 15:03:51.978,20853,20855,20853,9,-9
2024-04-10 15:03:54.962,20853,20854,20853,1,-1
2024-04-10 15:03:55.937,20853,20854,20853,1,-1
2024-04-10 15:03:56.275,20853,20854,20853,1,-1
2024-04-10 15:03:56.756,20852,20854,20852,1,-1
2024-04-10 15:03:56.862,20852,20854,20852,1,-1
2024-04-10 15:03:57.400,20852,20854,20852,1,-1
2024-04-10 15:03:58.012,20852,20854,20852,1,-1
2024-04-10 15:03:59.967,20852,20853,20852,1,-1
2024-04-10 15:04:00.494,20852,20853,20853,1,1
2024-04-10 15:04:01.125,20852,20853,20852,1,-1
2024-04-10 15:04:06.210,20852,20853,20852,2,-2
2024-04-10 15:04:10.472,20852,20853,20853,1,1
2024-04-10 15:04:11.408,20852,20853,20852,1,-1
2024-04-10 15:04:20.302,20851,20852,20852,1,1
2024-04-10 15:04:26.072,20851,20852,20851,6,-6
2024-04-10 15:04:27.406,20850,20851,20850,4,-4
2024-04-10 15:04:27.406,20850,20851,20850,1,-1
2024-04-10 15:04:27.406,20850,20851,20850,3,-3
2024-04-10 15:04:27.680,20850,20851,20850,3,-3
2024-04-10 15:04:28.782,20850,20851,20851,1,1
2024-04-10 15:04:29.534,20850,20851,20850,1,-1
2024-04-10 15:04:30.888,20850,20851,20851,1,1
2024-04-10 15:04:54.435,20850,20851,20851,1,1
2024-04-10 15:04:54.435,20850,20851,20851,2,2
2024-04-10 15:04:55.623,20850,20851,20851,1,1
2024-04-10 15:04:56.233,20851,20852,20851,3,-3
2024-04-10 15:05:00.133,20851,20852,20852,1,1
2024-04-10 15:05:00.133,20851,20852,20852,2,2
2024-04-10 15:05:00.133,20851,20852,20852,4,4
2024-04-10 15:05:00.133,20851,20852,20852,4,4
2024-04-10 15:05:00.487,20852,20853,20853,1,1
2024-04-10 15:05:00.487,20852,20853,20854,2,2
2024-04-10 15:05:00.519,20852,20853,20852,2,-2
2024-04-10 15:05:01.017,20852,20854,20852,1,-1
2024-04-10 15:05:09.851,20852,20853,20854,1,1
2024-04-10 15:05:11.586,20853,20854,20854,1,1
2024-04-10 15:05:14.754,20853,20854,20853,1,-1
2024-04-10 15:05:17.074,20852,20853,20852,1,-1
2024-04-10 15:05:19.127,20851,20853,20853,1,1
2024-04-10 15:05:19.388,20852,20853,20853,2,2
2024-04-10 15:05:19.781,20852,20854,20854,1,1
2024-04-10 15:05:21.779,20852,20854,20854,1,1
2024-04-10 15:05:28.129,20853,20854,20854,1,1
2024-04-10 15:05:30.309,20853,20854,20853,1,-1
2024-04-10 15:05:31.545,20853,20854,20854,3,3
2024-04-10 15:05:31.545,20853,20854,20854,1,1
2024-04-10 15:05:39.286,20853,20855,20855,1,1
2024-04-10 15:05:45.118,20853,20854,20854,1,1
2024-04-10 15:05:52.570,20854,20855,20855,11,11
2024-04-10 15:05:56.074,20854,20856,20854,1,-1
2024-04-10 15:05:59.295,20853,20855,20853,3,-3
2024-04-10 15:06:03.171,20853,20854,20853,2,-2
2024-04-10 15:06:07.097,20852,20854,20854,3,3
2024-04-10 15:06:07.454,20852,20854,20854,1,1
2024-04-10 15:06:07.724,20852,20854,20853,1,1
2024-04-10 15:06:08.298,20853,20855,20855,3,3
2024-04-10 15:06:09.372,20853,20855,20855,3,3
2024-04-10 15:06:10.065,20853,20855,20853,1,-1
2024-04-10 15:06:18.726,20852,20854,20852,1,-1
2024-04-10 15:06:22.828,20853,20854,20854,5,5
2024-04-10 15:06:23.064,20853,20855,20855,1,1
2024-04-10 15:06:31.668,20853,20855,20855,1,1
2024-04-10 15:06:33.398,20853,20855,20854,1,1
2024-04-10 15:06:41.274,20853,20854,20853,1,-1
2024-04-10 15:06:45.412,20854,20855,20854,1,-1
2024-04-10 15:06:48.629,20853,20854,20853,1,-1
2024-04-10 15:06:48.629,20853,20854,20852,1,-1
2024-04-10 15:07:00.220,20852,20853,20852,1,-1
2024-04-10 15:07:01.055,20851,20853,20851,9,-9
2024-04-10 15:07:20.596,20851,20853,20851,1,-1
2024-04-10 15:07:22.387,20851,20853,20853,1,1
2024-04-10 15:07:26.208,20852,20853,20852,1,-1
2024-04-10 15:07:38.715,20851,20852,20851,2,-2
2024-04-10 15:07:38.715,20851,20852,20851,1,-1
2024-04-10 15:07:38.715,20851,20852,20851,1,-1
2024-04-10 15:07:38.715,20851,20852,20851,1,-1
2024-04-10 15:07:38.716,20851,20852,20851,1,-1
2024-04-10 15:07:38.716,20851,20852,20851,3,-3
2024-04-10 15:07:50.958,20851,20852,20852,1,1
2024-04-10 15:07:58.572,20851,20852,20851,1,-1
2024-04-10 15:08:00.391,20850,20851,20850,1,-1
2024-04-10 15:08:00.492,20850,20851,20850,3,-3
2024-04-10 15:08:01.445,20850,20851,20851,1,1
2024-04-10 15:08:01.808,20850,20851,20850,1,-1
2024-04-10 15:08:05.307,20850,20851,20851,1,1
2024-04-10 15:08:13.956,20850,20851,20850,1,-1
2024-04-10 15:08:14.347,20850,20851,20851,1,1
2024-04-10 15:08:15.407,20850,20851,20850,3,-3
2024-04-10 15:08:20.217,20850,20851,20850,7,-7
2024-04-10 15:08:20.386,20850,20851,20851,1,1
2024-04-10 15:08:25.956,20850,20851,20850,1,-1
2024-04-10 15:08:25.956,20850,20851,20850,4,-4
2024-04-10 15:08:25.956,20850,20851,20850,1,-1
2024-04-10 15:08:25.957,20850,20851,20850,1,-1
2024-04-10 15:08:25.957,20850,20851,20850,1,-1
2024-04-10 15:08:25.957,20850,20851,20850,3,-3
2024-04-10 15:08:25.957,20850,20851,20850,4,-4
2024-04-10 15:08:25.957,20850,20851,20850,1,-1
2024-04-10 15:08:25.957,20850,20851,20850,4,-4
2024-04-10 15:08:25.957,20850,20851,20850,1,-1
2024-04-10 15:08:25.957,20850,20851,20850,1,-1
2024-04-10 15:08:25.958,20850,20851,20850,1,-1
2024-04-10 15:08:25.958,20850,20851,20850,1,-1
2024-04-10 15:08:25.958,20850,20851,20850,1,-1
2024-04-10 15:08:25.959,20850,20851,20850,20,-20
2024-04-10 15:08:28.428,20849,20850,20848,2,-2
2024-04-10 15:08:28.428,20849,20850,20849,1,-1
2024-04-10 15:08:32.063,20848,20850,20848,2,-2
2024-04-10 15:08:32.881,20848,20849,20849,1,1
2024-04-10 15:08:40.233,20848,20849,20848,7,-7
2024-04-10 15:08:40.553,20847,20849,20849,1,1
2024-04-10 15:08:42.768,20847,20849,20847,1,-1
2024-04-10 15:08:42.824,20847,20849,20847,1,-1
2024-04-10 15:08:42.832,20847,20849,20847,2,-2
2024-04-10 15:08:42.932,20847,20849,20847,1,-1
2024-04-10 15:08:50.715,20848,20849,20848,5,-5
2024-04-10 15:08:57.051,20848,20849,20848,3,-3
2024-04-10 15:08:57.051,20848,20849,20848,1,-1
2024-04-10 15:08:57.513,20847,20849,20847,5,-5
2024-04-10 15:08:58.162,20847,20849,20848,1,-1
2024-04-10 15:09:00.222,20848,20849,20848,3,-3
2024-04-10 15:09:00.223,20848,20849,20848,2,-2
2024-04-10 15:09:00.389,20847,20849,20847,1,-1
2024-04-10 15:09:00.460,20847,20848,20847,1,-1
2024-04-10 15:09:00.476,20847,20848,20847,1,-1
2024-04-10 15:09:04.584,20847,20848,20847,4,-4
2024-04-10 15:09:05.992,20847,20848,20847,1,-1
2024-04-10 15:09:06.070,20847,20848,20847,1,-1
2024-04-10 15:09:06.616,20846,20848,20846,1,-1
2024-04-10 15:09:06.840,20846,20848,20846,1,-1
2024-04-10 15:09:13.881,20846,20847,20846,1,-1
2024-04-10 15:09:14.530,20846,20847,20846,1,-1
2024-04-10 15:09:20.232,20846,20847,20846,7,-7
2024-04-10 15:09:23.191,20846,20847,20846,1,-1
2024-04-10 15:09:25.376,20846,20847,20847,3,3
2024-04-10 15:09:28.832,20847,20848,20848,3,3
2024-04-10 15:09:28.832,20847,20848,20848,3,3
2024-04-10 15:09:35.791,20847,20849,20848,1,1
2024-04-10 15:09:35.792,20847,20849,20848,2,2
2024-04-10 15:09:38.061,20848,20849,20848,1,-1
2024-04-10 15:09:42.699,20848,20849,20848,2,-2
2024-04-10 15:09:52.165,20848,20849,20849,2,2
2024-04-10 15:09:59.556,20849,20850,20850,1,1
2024-04-10 15:10:00.242,20850,20851,20851,1,1
2024-04-10 15:10:00.415,20850,20851,20851,1,1
2024-04-10 15:10:00.671,20850,20851,20850,1,-1
2024-04-10 15:10:02.164,20850,20851,20850,3,-3
2024-04-10 15:10:14.961,20849,20850,20850,2,2
2024-04-10 15:10:16.945,20850,20851,20851,1,1
2024-04-10 15:10:20.348,20850,20852,20850,2,-2
2024-04-10 15:10:30.625,20850,20851,20851,1,1
2024-04-10 15:10:37.755,20850,20852,20850,1,-1
2024-04-10 15:10:38.813,20850,20852,20852,2,2
2024-04-10 15:10:39.210,20850,20852,20851,1,1
2024-04-10 15:10:43.235,20851,20852,20852,9,9
2024-04-10 15:10:44.584,20851,20852,20852,1,1
2024-04-10 15:10:45.890,20851,20852,20851,1,-1
2024-04-10 15:10:48.796,20850,20851,20851,1,1
2024-04-10 15:10:50.843,20850,20851,20851,1,1
2024-04-10 15:10:52.361,20850,20851,20850,1,-1
2024-04-10 15:10:57.098,20850,20851,20851,1,1
2024-04-10 15:10:58.219,20850,20851,20850,1,-1
2024-04-10 15:11:06.771,20850,20851,20850,1,-1
2024-04-10 15:11:19.540,20850,20851,20850,2,-2
2024-04-10 15:11:21.703,20850,20851,20850,2,-2
2024-04-10 15:11:21.822,20849,20850,20849,1,-1
2024-04-10 15:11:30.357,20849,20850,20850,1,1
2024-04-10 15:11:33.052,20849,20850,20850,1,1
2024-04-10 15:11:38.875,20849,20850,20849,3,-3
2024-04-10 15:11:41.534,20848,20849,20849,1,1
2024-04-10 15:11:47.143,20848,20849,20848,3,-3
2024-04-10 15:11:47.144,20848,20849,20848,1,-1
2024-04-10 15:11:47.144,20848,20849,20848,1,-1
2024-04-10 15:11:47.145,20848,20849,20848,3,-3
2024-04-10 15:11:47.613,20847,20848,20847,3,-3
2024-04-10 15:11:55.974,20847,20848,20847,1,-1
2024-04-10 15:11:59.186,20847,20848,20848,1,1
2024-04-10 15:12:00.526,20847,20848,20847,1,-1
2024-04-10 15:12:03.188,20847,20848,20847,2,-2
2024-04-10 15:12:03.189,20847,20848,20847,1,-1
2024-04-10 15:12:07.493,20846,20847,20847,1,1
2024-04-10 15:12:08.263,20846,20847,20847,1,1
2024-04-10 15:12:08.657,20846,20847,20846,10,-10
2024-04-10 15:12:10.212,20845,20846,20846,1,1
2024-04-10 15:12:15.131,20845,20846,20845,4,-4
2024-04-10 15:12:15.131,20845,20846,20845,1,-1
2024-04-10 15:12:15.131,20845,20846,20845,4,-4
2024-04-10 15:12:15.131,20845,20846,20845,1,-1
2024-04-10 15:12:15.131,20845,20846,20845,1,-1
2024-04-10 15:12:15.132,20845,20846,20845,2,-2
2024-04-10 15:12:15.132,20845,20846,20845,1,-1
2024-04-10 15:12:15.132,20845,20846,20845,1,-1
2024-04-10 15:12:15.322,20844,20846,20844,1,-1
2024-04-10 15:12:15.657,20844,20846,20844,5,-5
2024-04-10 15:12:19.906,20844,20845,20845,1,1
2024-04-10 15:12:20.210,20845,20846,20845,1,-1
2024-04-10 15:12:23.127,20845,20847,20845,1,-1
2024-04-10 15:12:27.032,20846,20847,20846,1,-1
2024-04-10 15:12:31.288,20846,20848,20847,1,-1
2024-04-10 15:12:33.035,20847,20848,20848,11,11
2024-04-10 15:12:33.209,20847,20849,20849,14,14
2024-04-10 15:12:34.024,20849,20850,20849,6,-6
2024-04-10 15:12:36.569,20847,20849,20849,15,15
2024-04-10 15:12:36.569,20847,20849,20850,5,5
2024-04-10 15:12:39.910,20848,20849,20849,3,3
2024-04-10 15:12:39.910,20848,20849,20850,17,17
2024-04-10 15:12:42.409,20849,20850,20850,3,3
2024-04-10 15:12:43.938,20849,20851,20849,3,-3
2024-04-10 15:12:44.777,20849,20851,20850,1,-1
2024-04-10 15:12:47.993,20849,20851,20851,1,1
2024-04-10 15:12:48.177,20849,20851,20851,20,20
2024-04-10 15:12:49.261,20849,20851,20851,12,12
2024-04-10 15:12:49.261,20849,20851,20852,8,8
2024-04-10 15:12:50.721,20850,20852,20852,16,16
2024-04-10 15:12:50.722,20850,20852,20852,4,4
2024-04-10 15:12:53.483,20851,20852,20853,4,4
2024-04-10 15:12:53.483,20851,20852,20852,2,2
2024-04-10 15:12:56.417,20851,20852,20852,5,5
2024-04-10 15:13:01.295,20851,20853,20853,10,10
2024-04-10 15:13:03.507,20853,20854,20854,1,1
2024-04-10 15:13:11.899,20853,20854,20854,1,1
2024-04-10 15:13:15.739,20853,20854,20854,5,5
2024-04-10 15:13:15.739,20853,20854,20854,9,9
2024-04-10 15:13:15.759,20853,20854,20854,2,2
2024-04-10 15:13:18.734,20853,20854,20853,2,-2
2024-04-10 15:13:22.311,20853,20854,20853,1,-1
2024-04-10 15:13:22.624,20853,20854,20854,2,2
2024-04-10 15:13:25.835,20853,20854,20853,2,-2
2024-04-10 15:13:26.375,20852,20853,20853,1,1
2024-04-10 15:13:28.804,20852,20853,20853,2,2
2024-04-10 15:13:31.763,20853,20854,20853,2,-2
2024-04-10 15:13:43.664,20853,20854,20853,1,-1
2024-04-10 15:13:43.749,20853,20854,20854,3,3
2024-04-10 15:13:49.147,20853,20854,20854,1,1
2024-04-10 15:13:51.057,20853,20854,20854,2,2
2024-04-10 15:13:51.057,20853,20854,20854,1,1
2024-04-10 15:14:01.560,20853,20854,20854,5,5
2024-04-10 15:14:01.560,20853,20854,20854,4,4
2024-04-10 15:14:01.560,20853,20854,20854,3,3
2024-04-10 15:14:01.713,20854,20855,20854,1,-1
2024-04-10 15:14:02.033,20854,20855,20855,1,1
2024-04-10 15:14:02.214,20854,20855,20855,1,1
2024-04-10 15:14:02.376,20854,20855,20855,1,1
2024-04-10 15:14:02.523,20854,20855,20855,1,1
2024-04-10 15:14:02.733,20854,20855,20855,1,1
2024-04-10 15:14:02.899,20854,20855,20855,1,1
2024-04-10 15:14:03.060,20854,20855,20855,1,1
2024-04-10 15:14:03.262,20854,20855,20855,1,1
2024-04-10 15:14:03.263,20854,20855,20855,13,13
2024-04-10 15:14:03.416,20854,20856,20856,1,1
2024-04-10 15:14:03.578,20854,20856,20856,1,1
2024-04-10 15:14:03.768,20854,20856,20856,1,1
2024-04-10 15:14:03.926,20855,20856,20856,1,1
2024-04-10 15:14:04.097,20855,20856,20856,1,1
2024-04-10 15:14:04.261,20855,20856,20856,1,1
2024-04-10 15:14:04.440,20855,20856,20856,1,1
2024-04-10 15:14:05.609,20855,20857,20856,2,2
2024-04-10 15:14:06.147,20856,20857,20857,12,12
2024-04-10 15:14:06.469,20856,20858,20858,12,12
2024-04-10 15:14:06.730,20857,20858,20857,1,-1
2024-04-10 15:14:06.805,20857,20858,20858,7,7
2024-04-10 15:14:06.825,20858,20859,20858,5,-5
2024-04-10 15:14:07.158,20857,20859,20857,1,-1
2024-04-10 15:14:07.232,20857,20859,20857,1,-1
2024-04-10 15:14:08.914,20858,20859,20859,16,16
2024-04-10 15:14:09.523,20859,20860,20860,5,5
2024-04-10 15:14:09.523,20859,20860,20860,3,3
2024-04-10 15:14:09.523,20859,20860,20860,2,2
2024-04-10 15:14:09.523,20859,20860,20860,4,4
2024-04-10 15:14:09.574,20860,20861,20861,1,1
2024-04-10 15:14:09.623,20860,20861,20861,1,1
2024-04-10 15:14:09.694,20860,20861,20861,3,3
2024-04-10 15:14:09.694,20860,20861,20861,1,1
2024-04-10 15:14:09.695,20860,20861,20861,3,3
2024-04-10 15:14:09.695,20860,20861,20861,2,2
2024-04-10 15:14:10.549,20861,20862,20862,24,24
2024-04-10 15:14:10.761,20862,20863,20863,1,1
2024-04-10 15:14:10.865,20862,20863,20863,1,1
2024-04-10 15:14:11.018,20862,20863,20863,3,3
2024-04-10 15:14:11.019,20862,20863,20863,1,1
2024-04-10 15:14:11.052,20862,20863,20864,1,1
2024-04-10 15:14:11.140,20863,20864,20864,1,1
2024-04-10 15:14:12.580,20863,20864,20864,3,3
2024-04-10 15:14:12.580,20863,20864,20864,1,1
2024-04-10 15:14:12.580,20863,20864,20864,2,2
2024-04-10 15:14:15.189,20863,20864,20864,2,2
2024-04-10 15:14:15.191,20863,20864,20863,4,-4
2024-04-10 15:14:15.191,20863,20864,20863,1,-1
2024-04-10 15:14:16.787,20863,20864,20864,1,1
2024-04-10 15:14:18.921,20863,20864,20864,1,1
2024-04-10 15:14:19.085,20863,20864,20864,1,1
2024-04-10 15:14:19.682,20863,20864,20864,1,1
2024-04-10 15:14:19.888,20863,20864,20864,1,1
2024-04-10 15:14:19.933,20863,20864,20864,1,1
2024-04-10 15:14:19.976,20863,20865,20865,1,1
2024-04-10 15:14:20.179,20863,20865,20865,1,1
2024-04-10 15:14:21.317,20864,20866,20865,23,23
2024-04-10 15:14:21.467,20864,20865,20864,1,-1
2024-04-10 15:14:21.873,20864,20865,20864,1,-1
2024-04-10 15:14:24.934,20864,20865,20865,1,1
2024-04-10 15:14:26.829,20863,20865,20865,2,2
2024-04-10 15:14:27.278,20863,20865,20865,1,1
2024-04-10 15:14:28.654,20863,20864,20863,5,-5
2024-04-10 15:14:30.938,20862,20864,20862,1,-1
2024-04-10 15:14:31.409,20862,20863,20863,1,1
2024-04-10 15:14:33.180,20862,20863,20863,3,3
2024-04-10 15:14:33.334,20862,20864,20862,2,-2
2024-04-10 15:14:33.983,20862,20864,20864,8,8
2024-04-10 15:14:36.153,20863,20864,20864,1,1
2024-04-10 15:14:37.019,20864,20865,20864,2,-2
2024-04-10 15:14:37.256,20864,20865,20865,5,5
2024-04-10 15:14:37.278,20864,20865,20864,1,-1
2024-04-10 15:14:38.046,20864,20865,20864,1,-1
2024-04-10 15:14:45.864,20864,20865,20865,5,5
2024-04-10 15:14:45.865,20864,20865,20865,5,5
2024-04-10 15:14:45.865,20864,20865,20865,5,5
2024-04-10 15:14:48.079,20865,20866,20866,21,21
2024-04-10 15:14:48.130,20865,20866,20867,6,6
2024-04-10 15:14:48.132,20865,20866,20868,10,10
2024-04-10 15:14:48.132,20865,20866,20868,2,2
2024-04-10 15:14:48.132,20865,20866,20868,1,1
2024-04-10 15:14:48.132,20865,20866,20868,7,7
2024-04-10 15:14:48.134,20865,20866,20869,11,11
2024-04-10 15:14:48.134,20865,20866,20869,1,1
2024-04-10 15:14:48.152,20865,20866,20869,5,5
2024-04-10 15:14:48.152,20865,20866,20868,5,5
2024-04-10 15:14:48.152,20865,20866,20869,5,5
2024-04-10 15:14:48.153,20865,20866,20869,1,1
2024-04-10 15:14:48.154,20865,20866,20869,2,2
2024-04-10 15:14:48.218,20868,20870,20870,1,1
2024-04-10 15:14:48.230,20868,20870,20870,1,1
2024-04-10 15:14:48.238,20868,20870,20870,8,8
2024-04-10 15:14:48.291,20868,20870,20870,2,2
2024-04-10 15:14:48.300,20868,20870,20871,1,1
2024-04-10 15:14:48.305,20868,20870,20871,1,1
2024-04-10 15:14:48.452,20870,20871,20871,1,1
2024-04-10 15:14:48.559,20870,20871,20870,6,-6
2024-04-10 15:14:48.559,20870,20871,20869,2,-2
2024-04-10 15:14:48.710,20869,20870,20869,1,-1
2024-04-10 15:14:48.714,20869,20870,20869,1,-1
2024-04-10 15:14:48.826,20869,20870,20869,1,-1
2024-04-10 15:14:49.038,20868,20869,20868,1,-1
2024-04-10 15:14:49.252,20868,20869,20869,1,1
2024-04-10 15:14:50.027,20868,20869,20869,1,1
2024-04-10 15:14:52.881,20868,20869,20868,1,-1
2024-04-10 15:14:52.935,20868,20869,20868,7,-7
2024-04-10 15:14:53.907,20867,20868,20868,1,1
2024-04-10 15:14:55.262,20867,20868,20867,5,-5
2024-04-10 15:14:56.218,20867,20868,20868,2,2
2024-04-10 15:14:56.883,20867,20868,20868,1,1
2024-04-10 15:14:57.478,20867,20868,20868,1,1
2024-04-10 15:14:59.050,20867,20868,20867,1,-1
2024-04-10 15:15:01.473,20867,20868,20868,1,1
2024-04-10 15:15:01.622,20867,20868,20867,1,-1
2024-04-10 15:15:01.879,20867,20868,20868,2,2
2024-04-10 15:15:01.914,20867,20868,20868,1,1
2024-04-10 15:15:02.197,20867,20868,20868,2,2
2024-04-10 15:15:02.722,20867,20868,20867,1,-1
2024-04-10 15:15:02.723,20867,20868,20867,1,-1
2024-04-10 15:15:03.346,20866,20867,20867,1,1
2024-04-10 15:15:03.766,20866,20867,20866,1,-1
2024-04-10 15:15:06.618,20866,20867,20866,1,-1
2024-04-10 15:15:08.704,20866,20867,20866,1,-1
2024-04-10 15:15:11.207,20865,20867,20867,1,1
2024-04-10 15:15:11.302,20865,20867,20867,1,1
2024-04-10 15:15:12.927,20865,20867,20867,1,1
2024-04-10 15:15:16.099,20866,20867,20866,1,-1
2024-04-10 15:15:16.396,20866,20867,20866,1,-1
2024-04-10 15:15:17.592,20865,20866,20866,1,1
2024-04-10 15:15:25.663,20865,20866,20866,2,2
2024-04-10 15:15:25.696,20865,20866,20866,1,1
2024-04-10 15:15:25.697,20865,20866,20866,1,1
2024-04-10 15:15:25.697,20865,20866,20866,1,1
2024-04-10 15:15:25.697,20865,20866,20866,1,1
2024-04-10 15:15:25.697,20865,20866,20866,1,1
2024-04-10 15:15:26.786,20866,20867,20866,1,-1
2024-04-10 15:15:27.234,20866,20867,20866,1,-1
2024-04-10 15:15:27.321,20865,20867,20867,1,1
2024-04-10 15:15:27.321,20865,20867,20867,1,1
2024-04-10 15:15:27.552,20865,20867,20867,1,1
2024-04-10 15:15:28.157,20865,20867,20867,1,1
2024-04-10 15:15:30.132,20865,20866,20866,1,1
2024-04-10 15:15:30.335,20865,20866,20866,1,1
2024-04-10 15:15:31.186,20865,20866,20866,5,5
2024-04-10 15:15:31.187,20865,20866,20866,4,4
2024-04-10 15:15:31.831,20865,20866,20866,1,1
2024-04-10 15:15:31.831,20865,20866,20867,1,1
2024-04-10 15:15:34.769,20865,20866,20866,1,1
2024-04-10 15:15:36.106,20865,20866,20866,2,2
2024-04-10 15:15:37.897,20865,20866,20865,2,-2
2024-04-10 15:15:38.212,20865,20866,20865,4,-4
2024-04-10 15:15:41.598,20864,20865,20864,2,-2
2024-04-10 15:15:43.929,20863,20864,20864,1,1
2024-04-10 15:15:47.329,20864,20866,20864,1,-1
2024-04-10 15:15:53.011,20864,20865,20864,1,-1
2024-04-10 15:15:53.869,20864,20865,20865,2,2
2024-04-10 15:15:55.533,20864,20866,20864,1,-1
2024-04-10 15:15:58.442,20864,20865,20865,1,1
2024-04-10 15:16:01.351,20864,20865,20865,1,1
2024-04-10 15:16:02.534,20865,20866,20865,1,-1
2024-04-10 15:16:05.631,20865,20866,20866,1,1
2024-04-10 15:16:12.993,20865,20866,20866,2,2
2024-04-10 15:16:12.994,20865,20866,20866,7,7
2024-04-10 15:16:13.306,20866,20867,20866,1,-1
2024-04-10 15:16:13.322,20866,20867,20866,1,-1
2024-04-10 15:16:14.007,20865,20866,20866,1,1
2024-04-10 15:16:14.735,20865,20866,20866,1,1
2024-04-10 15:16:20.298,20866,20867,20866,1,-1
2024-04-10 15:16:32.625,20865,20867,20865,5,-5
2024-04-10 15:16:32.697,20864,20866,20866,1,1
2024-04-10 15:16:37.264,20865,20866,20865,1,-1
2024-04-10 15:16:42.779,20864,20866,20864,2,-2
2024-04-10 15:16:49.502,20863,20864,20864,1,1
2024-04-10 15:16:51.001,20863,20864,20864,1,1
2024-04-10 15:16:54.653,20863,20864,20864,1,1
2024-04-10 15:16:54.654,20863,20864,20864,1,1
2024-04-10 15:16:56.896,20864,20866,20864,1,-1
2024-04-10 15:16:59.993,20865,20866,20865,1,-1
2024-04-10 15:17:05.196,20864,20865,20864,1,-1
2024-04-10 15:17:09.378,20863,20864,20864,2,2
2024-04-10 15:17:10.769,20863,20865,20864,1,1
2024-04-10 15:17:12.636,20863,20864,20864,2,2
2024-04-10 15:17:19.203,20863,20864,20864,1,1
2024-04-10 15:17:23.016,20863,20864,20863,1,-1
2024-04-10 15:17:27.066,20863,20864,20863,1,-1
2024-04-10 15:17:27.880,20863,20864,20864,1,1
2024-04-10 15:17:29.873,20864,20865,20864,1,-1
2024-04-10 15:17:34.574,20863,20864,20863,1,-1
2024-04-10 15:17:35.217,20863,20864,20863,5,-5
2024-04-10 15:17:38.599,20862,20863,20863,1,1
2024-04-10 15:17:41.566,20863,20864,20863,1,-1
2024-04-10 15:17:45.819,20863,20864,20863,1,-1
2024-04-10 15:17:47.958,20862,20863,20863,1,1
2024-04-10 15:17:50.924,20862,20863,20862,1,-1
2024-04-10 15:18:00.439,20862,20863,20862,2,-2
2024-04-10 15:18:05.849,20862,20863,20863,1,1
2024-04-10 15:18:05.946,20862,20863,20863,1,1
2024-04-10 15:18:06.150,20862,20863,20862,1,-1
2024-04-10 15:18:08.936,20862,20863,20863,5,5
2024-04-10 15:18:08.936,20862,20863,20864,3,3
2024-04-10 15:18:08.946,20863,20864,20864,1,1
2024-04-10 15:18:13.005,20863,20864,20863,1,-1
2024-04-10 15:18:18.886,20862,20864,20862,3,-3
2024-04-10 15:18:18.887,20862,20864,20862,7,-7
2024-04-10 15:18:23.131,20861,20862,20862,1,1
2024-04-10 15:18:25.406,20861,20863,20861,1,-1
2024-04-10 15:18:33.353,20862,20863,20863,1,1
2024-04-10 15:18:34.156,20862,20863,20862,1,-1
2024-04-10 15:18:35.034,20861,20863,20861,2,-2
2024-04-10 15:18:43.728,20862,20863,20863,2,2
2024-04-10 15:18:44.305,20862,20863,20862,2,-2
2024-04-10 15:18:45.524,20862,20863,20862,1,-1
2024-04-10 15:18:51.605,20862,20864,20862,2,-2
2024-04-10 15:18:51.957,20862,20864,20864,2,2
2024-04-10 15:19:18.552,20861,20863,20863,1,1
2024-04-10 15:19:18.585,20861,20863,20863,10,10
2024-04-10 15:19:19.552,20862,20864,20864,1,1
2024-04-10 15:19:20.049,20862,20864,20864,1,1
2024-04-10 15:19:20.368,20862,20864,20862,1,-1
2024-04-10 15:19:21.309,20862,20864,20864,1,1
2024-04-10 15:19:21.316,20862,20864,20864,1,1
2024-04-10 15:19:23.346,20863,20864,20864,1,1
2024-04-10 15:19:36.543,20863,20864,20864,5,5
2024-04-10 15:19:36.552,20863,20864,20864,1,1
2024-04-10 15:19:36.553,20863,20864,20864,5,5
2024-04-10 15:19:41.448,20864,20865,20865,9,9
2024-04-10 15:19:41.449,20864,20865,20865,1,1
2024-04-10 15:19:42.123,20865,20866,20865,6,-6
2024-04-10 15:19:42.123,20865,20866,20864,17,-17
2024-04-10 15:19:42.124,20865,20866,20864,4,-4
2024-04-10 15:19:42.223,20864,20866,20866,1,1
2024-04-10 15:19:49.576,20864,20865,20865,1,1
2024-04-10 15:19:49.831,20864,20866,20866,2,2
2024-04-10 15:19:51.146,20864,20866,20866,1,1
2024-04-10 15:19:53.410,20865,20866,20866,1,1
2024-04-10 15:19:55.173,20865,20866,20865,1,-1
2024-04-10 15:19:58.008,20864,20865,20865,1,1
2024-04-10 15:20:03.446,20864,20865,20864,1,-1
2024-04-10 15:20:03.594,20863,20865,20863,1,-1
2024-04-10 15:20:03.626,20863,20865,20863,1,-1
2024-04-10 15:20:03.658,20863,20865,20863,1,-1
2024-04-10 15:20:04.207,20862,20864,20864,1,1
2024-04-10 15:20:04.321,20862,20864,20864,1,1
2024-04-10 15:20:04.465,20863,20864,20864,1,1
2024-04-10 15:20:06.533,20862,20863,20862,2,-2
2024-04-10 15:20:09.420,20861,20862,20862,1,1
2024-04-10 15:20:09.736,20861,20862,20861,1,-1
2024-04-10 15:20:09.736,20861,20862,20861,1,-1
2024-04-10 15:20:09.736,20861,20862,20861,1,-1
2024-04-10 15:20:09.736,20861,20862,20861,3,-3
2024-04-10 15:20:09.736,20861,20862,20861,4,-4
2024-04-10 15:20:09.736,20861,20862,20861,2,-2
2024-04-10 15:20:12.633,20860,20861,20861,2,2
2024-04-10 15:20:12.633,20860,20861,20862,1,1
2024-04-10 15:20:14.419,20860,20862,20860,2,-2
2024-04-10 15:20:14.612,20860,20862,20860,1,-1
2024-04-10 15:20:14.619,20860,20862,20860,1,-1
2024-04-10 15:20:14.642,20860,20862,20860,1,-1
2024-04-10 15:20:16.957,20860,20861,20861,1,1
2024-04-10 15:20:16.957,20860,20861,20862,2,2
2024-04-10 15:20:17.284,20860,20862,20862,1,1
2024-04-10 15:20:19.768,20860,20861,20860,1,-1
2024-04-10 15:20:20.228,20860,20861,20860,7,-7
2024-04-10 15:20:24.013,20860,20861,20860,1,-1
2024-04-10 15:20:31.645,20859,20860,20860,3,3
2024-04-10 15:20:31.731,20860,20862,20860,1,-1
2024-04-10 15:20:45.604,20860,20861,20860,5,-5
2024-04-10 15:20:52.820,20860,20861,20860,2,-2
2024-04-10 15:21:01.047,20859,20860,20860,1,1
2024-04-10 15:21:07.569,20860,20861,20861,1,1
2024-04-10 15:21:11.218,20860,20861,20861,1,1
2024-04-10 15:21:15.248,20861,20862,20862,1,1
2024-04-10 15:21:15.250,20861,20862,20862,2,2
2024-04-10 15:21:17.557,20862,20863,20862,1,-1
2024-04-10 15:21:25.273,20862,20863,20862,1,-1
2024-04-10 15:21:39.011,20862,20863,20862,1,-1
2024-04-10 15:21:39.011,20862,20863,20862,1,-1
2024-04-10 15:21:49.329,20861,20862,20862,9,9
2024-04-10 15:22:09.699,20861,20862,20862,3,3
2024-04-10 15:22:09.700,20861,20862,20862,1,1
2024-04-10 15:22:32.522,20862,20863,20862,2,-2
2024-04-10 15:22:32.573,20861,20862,20861,1,-1
2024-04-10 15:22:32.773,20861,20862,20861,1,-1
2024-04-10 15:22:59.078,20861,20862,20861,14,-14
2024-04-10 15:22:59.348,20860,20861,20860,2,-2
2024-04-10 15:22:59.348,20860,20861,20860,4,-4
2024-04-10 15:22:59.348,20860,20861,20860,2,-2
2024-04-10 15:22:59.348,20860,20861,20860,1,-1
2024-04-10 15:23:01.292,20859,20860,20859,11,-11
2024-04-10 15:23:04.728,20858,20860,20858,1,-1
2024-04-10 15:23:08.318,20859,20860,20859,1,-1
2024-04-10 15:23:10.182,20858,20859,20859,1,1
2024-04-10 15:23:14.620,20859,20860,20860,1,1
2024-04-10 15:23:16.794,20859,20860,20859,1,-1
2024-04-10 15:23:18.834,20859,20860,20859,1,-1
2024-04-10 15:23:36.506,20859,20860,20859,1,-1
2024-04-10 15:23:51.171,20859,20860,20860,2,2
2024-04-10 15:23:52.964,20859,20860,20859,2,-2
2024-04-10 15:24:04.652,20859,20860,20860,1,1
2024-04-10 15:24:04.653,20859,20860,20860,1,1
2024-04-10 15:24:10.929,20860,20861,20861,4,4
2024-04-10 15:24:11.232,20860,20862,20860,2,-2
2024-04-10 15:24:13.414,20860,20862,20860,4,-4
2024-04-10 15:24:19.018,20860,20861,20860,2,-2
2024-04-10 15:24:23.252,20859,20860,20859,6,-6
2024-04-10 15:24:23.555,20859,20860,20859,1,-1
2024-04-10 15:24:23.555,20859,20860,20858,5,-5
2024-04-10 15:24:25.106,20858,20860,20858,1,-1
2024-04-10 15:24:27.315,20858,20860,20860,3,3
2024-04-10 15:24:27.950,20858,20860,20858,6,-6
2024-04-10 15:24:28.251,20858,20860,20858,6,-6
2024-04-10 15:24:28.559,20858,20859,20858,6,-6
2024-04-10 15:24:33.136,20857,20859,20857,4,-4
2024-04-10 15:24:54.288,20858,20859,20859,1,1
2024-04-10 15:24:54.288,20858,20859,20859,1,1
2024-04-10 15:25:15.265,20858,20859,20859,1,1
2024-04-10 15:25:22.237,20859,20860,20859,1,-1
2024-04-10 15:25:27.343,20858,20859,20858,4,-4
2024-04-10 15:25:41.262,20858,20859,20858,1,-1
2024-04-10 15:25:41.426,20858,20859,20858,1,-1
2024-04-10 15:25:49.468,20858,20859,20858,1,-1
2024-04-10 15:25:50.922,20858,20859,20859,1,1
2024-04-10 15:26:07.986,20859,20860,20860,11,11
2024-04-10 15:26:10.251,20860,20861,20860,2,-2
2024-04-10 15:26:22.426,20860,20861,20860,2,-2
2024-04-10 15:26:28.185,20859,20860,20860,1,1
2024-04-10 15:26:28.185,20859,20860,20860,3,3
2024-04-10 15:26:33.618,20860,20861,20861,2,2
2024-04-10 15:26:33.734,20861,20862,20862,13,13
2024-04-10 15:26:33.734,20861,20862,20862,1,1
2024-04-10 15:26:36.152,20862,20863,20863,1,1
2024-04-10 15:27:00.440,20863,20864,20864,1,1
2024-04-10 15:27:00.441,20863,20864,20864,10,10
2024-04-10 15:27:01.180,20864,20865,20865,1,1
2024-04-10 15:27:04.997,20864,20865,20865,1,1
2024-04-10 15:27:05.160,20864,20865,20865,1,1
2024-04-10 15:27:07.452,20864,20865,20865,1,1
2024-04-10 15:27:10.840,20863,20864,20864,1,1
2024-04-10 15:27:11.750,20863,20865,20865,1,1
2024-04-10 15:27:14.195,20864,20865,20864,2,-2
2024-04-10 15:27:14.366,20863,20865,20865,1,1
2024-04-10 15:27:15.947,20864,20865,20864,1,-1
2024-04-10 15:27:16.027,20864,20865,20865,1,1
2024-04-10 15:27:18.057,20863,20865,20865,1,1
2024-04-10 15:27:23.471,20864,20865,20865,1,1
2024-04-10 15:27:27.970,20864,20865,20865,3,3
2024-04-10 15:27:27.970,20864,20865,20865,2,2
2024-04-10 15:27:30.326,20865,20866,20865,3,-3
2024-04-10 15:27:31.004,20865,20866,20865,1,-1
2024-04-10 15:27:31.067,20865,20866,20865,1,-1
2024-04-10 15:27:32.366,20865,20866,20866,10,10
2024-04-10 15:27:38.723,20866,20867,20866,1,-1
2024-04-10 15:27:41.179,20866,20867,20867,1,1
2024-04-10 15:27:41.892,20866,20867,20867,16,16
2024-04-10 15:27:41.892,20866,20867,20867,1,1
2024-04-10 15:27:41.892,20866,20867,20867,2,2
2024-04-10 15:27:44.394,20867,20868,20867,1,-1
2024-04-10 15:27:45.558,20867,20868,20868,5,5
2024-04-10 15:27:45.576,20867,20868,20868,1,1
2024-04-10 15:27:46.702,20867,20868,20868,1,1
2024-04-10 15:27:49.783,20867,20868,20868,1,1
2024-04-10 15:27:53.102,20867,20868,20868,1,1
2024-04-10 15:27:57.234,20867,20868,20868,2,2
2024-04-10 15:28:09.382,20867,20868,20867,1,-1
2024-04-10 15:28:09.383,20867,20868,20867,1,-1
2024-04-10 15:28:09.481,20867,20868,20867,1,-1
2024-04-10 15:28:09.590,20867,20868,20868,1,1
2024-04-10 15:28:14.008,20867,20868,20868,1,1
2024-04-10 15:28:16.257,20867,20868,20868,4,4
2024-04-10 15:28:18.362,20867,20868,20868,1,1
2024-04-10 15:28:19.050,20867,20868,20867,1,-1
2024-04-10 15:28:22.750,20867,20868,20867,1,-1
2024-04-10 15:28:25.233,20867,20868,20868,7,7
2024-04-10 15:28:25.234,20867,20868,20868,1,1
2024-04-10 15:28:25.276,20867,20868,20869,4,4
2024-04-10 15:28:25.276,20867,20868,20869,1,1
2024-04-10 15:28:25.276,20867,20868,20869,1,1
2024-04-10 15:28:25.276,20867,20868,20869,1,1
2024-04-10 15:28:25.277,20867,20868,20869,1,1
2024-04-10 15:28:25.277,20867,20868,20869,1,1
2024-04-10 15:28:25.277,20867,20868,20869,1,1
2024-04-10 15:28:25.277,20867,20868,20869,5,5
2024-04-10 15:28:26.909,20869,20870,20870,1,1
2024-04-10 15:28:27.040,20869,20870,20870,1,1
2024-04-10 15:28:27.190,20869,20870,20870,1,1
2024-04-10 15:28:27.304,20869,20870,20870,1,1
2024-04-10 15:28:27.422,20869,20870,20870,1,1
2024-04-10 15:28:27.572,20869,20870,20870,1,1
2024-04-10 15:28:27.708,20869,20870,20870,1,1
2024-04-10 15:28:27.838,20869,20870,20870,1,1
2024-04-10 15:28:27.989,20869,20870,20870,1,1
2024-04-10 15:28:28.105,20869,20870,20870,1,1
2024-04-10 15:28:28.271,20869,20870,20870,1,1
2024-04-10 15:28:28.404,20869,20870,20870,1,1
2024-04-10 15:28:28.538,20869,20870,20870,1,1
2024-04-10 15:28:28.691,20869,20870,20870,1,1
2024-04-10 15:28:28.839,20869,20870,20870,1,1
2024-04-10 15:28:28.973,20869,20870,20870,1,1
2024-04-10 15:28:29.105,20869,20870,20870,1,1
2024-04-10 15:28:29.257,20869,20870,20870,1,1
2024-04-10 15:28:29.371,20869,20870,20870,1,1
2024-04-10 15:28:29.538,20869,20870,20870,1,1
2024-04-10 15:28:29.605,20869,20870,20870,1,1
2024-04-10 15:28:30.988,20869,20870,20869,1,-1
2024-04-10 15:28:31.121,20869,20870,20869,1,-1
2024-04-10 15:28:31.255,20869,20870,20869,1,-1
2024-04-10 15:28:31.290,20869,20870,20870,1,1
2024-04-10 15:28:31.404,20869,20870,20869,1,-1
2024-04-10 15:28:31.538,20868,20870,20868,1,-1
2024-04-10 15:28:31.670,20868,20870,20868,1,-1
2024-04-10 15:28:31.804,20868,20870,20868,1,-1
2024-04-10 15:28:31.926,20868,20870,20870,3,3
2024-04-10 15:28:31.957,20868,20870,20868,1,-1
2024-04-10 15:28:32.090,20869,20870,20869,1,-1
2024-04-10 15:28:32.239,20869,20870,20869,1,-1
2024-04-10 15:28:32.354,20868,20870,20868,1,-1
2024-04-10 15:28:32.489,20868,20870,20868,1,-1
2024-04-10 15:28:32.638,20869,20870,20869,1,-1
2024-04-10 15:28:32.754,20869,20870,20869,1,-1
2024-04-10 15:28:32.824,20869,20870,20869,1,-1
2024-04-10 15:28:32.904,20869,20870,20869,1,-1
2024-04-10 15:28:33.038,20868,20870,20868,1,-1
2024-04-10 15:28:34.210,20868,20869,20869,1,1
2024-04-10 15:28:35.280,20868,20869,20869,2,2
2024-04-10 15:28:36.019,20869,20870,20869,1,-1
2024-04-10 15:28:37.229,20869,20870,20869,2,-2
2024-04-10 15:28:39.432,20869,20870,20869,1,-1
2024-04-10 15:28:42.137,20869,20870,20870,2,2
2024-04-10 15:28:43.145,20869,20870,20869,1,-1
2024-04-10 15:28:47.273,20869,20870,20869,1,-1
2024-04-10 15:28:51.998,20869,20870,20870,1,1
2024-04-10 15:28:52.865,20869,20870,20869,1,-1
2024-04-10 15:28:58.602,20869,20870,20869,1,-1
2024-04-10 15:29:00.263,20869,20870,20870,1,1
2024-04-10 15:29:00.749,20869,20870,20870,1,1
2024-04-10 15:29:00.878,20869,20870,20870,2,2
2024-04-10 15:29:00.913,20869,20870,20870,1,1
2024-04-10 15:29:01.047,20869,20870,20870,1,1
2024-04-10 15:29:01.180,20869,20870,20870,1,1
2024-04-10 15:29:01.312,20869,20870,20870,1,1
2024-04-10 15:29:01.463,20869,20870,20870,1,1
2024-04-10 15:29:01.576,20869,20870,20869,1,-1
2024-04-10 15:29:01.598,20869,20870,20870,1,1
2024-04-10 15:29:01.729,20869,20870,20870,1,1
2024-04-10 15:29:02.024,20869,20870,20870,2,2
2024-04-10 15:29:09.575,20869,20870,20870,4,4
2024-04-10 15:29:09.575,20869,20870,20870,1,1
2024-04-10 15:29:09.575,20869,20870,20870,7,7
2024-04-10 15:29:09.686,20869,20870,20871,14,14
2024-04-10 15:29:09.787,20871,20872,20872,1,1
2024-04-10 15:29:09.788,20871,20872,20872,8,8
2024-04-10 15:29:09.835,20872,20873,20873,1,1
2024-04-10 15:29:09.847,20872,20873,20873,1,1
2024-04-10 15:29:09.847,20872,20873,20873,4,4
2024-04-10 15:29:09.849,20872,20873,20873,1,1
2024-04-10 15:29:09.849,20872,20873,20873,4,4
2024-04-10 15:29:09.965,20872,20873,20873,1,1
2024-04-10 15:29:09.999,20872,20873,20873,1,1
2024-04-10 15:29:10.046,20872,20873,20873,1,1
2024-04-10 15:29:10.052,20872,20873,20873,1,1
2024-04-10 15:29:10.061,20872,20873,20873,1,1
2024-04-10 15:29:10.093,20872,20873,20873,1,1
2024-04-10 15:29:10.266,20872,20873,20872,1,-1
2024-04-10 15:29:10.366,20872,20873,20873,1,1
2024-04-10 15:29:10.548,20872,20873,20873,1,1
2024-04-10 15:29:10.615,20872,20873,20873,1,1
2024-04-10 15:29:10.654,20872,20873,20873,1,1
2024-04-10 15:29:11.187,20872,20873,20873,1,1
2024-04-10 15:29:16.298,20873,20874,20873,1,-1
2024-04-10 15:29:20.650,20873,20874,20873,1,-1
2024-04-10 15:29:21.164,20873,20874,20874,1,1
2024-04-10 15:29:21.212,20873,20874,20874,3,3
2024-04-10 15:29:21.891,20873,20874,20874,3,3
2024-04-10 15:29:22.891,20873,20874,20874,2,2
2024-04-10 15:29:23.193,20873,20874,20874,2,2
2024-04-10 15:29:26.764,20873,20874,20873,6,-6
2024-04-10 15:29:27.153,20872,20873,20873,5,5
2024-04-10 15:29:27.965,20872,20873,20873,1,1
2024-04-10 15:29:27.966,20872,20873,20873,1,1
2024-04-10 15:29:28.004,20872,20873,20873,1,1
2024-04-10 15:29:29.522,20872,20873,20872,1,-1
2024-04-10 15:29:29.704,20872,20873,20872,1,-1
2024-04-10 15:29:30.144,20871,20872,20871,1,-1
2024-04-10 15:29:31.017,20871,20872,20871,1,-1
2024-04-10 15:29:31.017,20871,20872,20871,1,-1
2024-04-10 15:29:31.842,20870,20871,20871,1,1
2024-04-10 15:29:31.843,20870,20871,20871,1,1
2024-04-10 15:29:32.834,20871,20872,20872,1,1
2024-04-10 15:29:34.045,20871,20872,20871,1,-1
2024-04-10 15:29:35.203,20870,20872,20872,1,1
2024-04-10 15:29:40.083,20871,20872,20872,1,1
2024-04-10 15:29:44.772,20871,20872,20872,1,1
2024-04-10 15:29:50.604,20871,20872,20872,1,1
2024-04-10 15:29:55.219,20871,20872,20871,1,-1
2024-04-10 15:29:55.398,20871,20872,20871,1,-1
2024-04-10 15:29:56.900,20870,20871,20871,1,1
2024-04-10 15:29:59.014,20871,20872,20871,1,-1
2024-04-10 15:30:02.707,20871,20872,20872,1,1
2024-04-10 15:30:03.053,20871,20872,20871,2,-2
2024-04-10 15:30:03.203,20871,20872,20872,1,1
2024-04-10 15:30:03.212,20871,20872,20872,1,1
2024-04-10 15:30:03.221,20871,20872,20872,2,2
2024-04-10 15:30:03.245,20871,20872,20873,1,1
2024-04-10 15:30:13.388,20871,20872,20871,1,-1
2024-04-10 15:30:14.675,20871,20872,20872,1,1
2024-04-10 15:30:14.895,20871,20872,20872,1,1
2024-04-10 15:30:14.896,20871,20872,20872,1,1
2024-04-10 15:30:18.351,20871,20872,20870,1,-1
2024-04-10 15:30:21.529,20871,20872,20871,2,-2
2024-04-10 15:30:21.572,20871,20872,20872,1,1
2024-04-10 15:30:21.577,20871,20872,20872,1,1
2024-04-10 15:30:23.084,20871,20872,20872,1,1
2024-04-10 15:30:23.402,20871,20873,20871,1,-1
2024-04-10 15:30:27.001,20872,20873,20872,1,-1
2024-04-10 15:30:27.927,20871,20872,20872,1,1
2024-04-10 15:30:28.072,20871,20872,20872,1,1
2024-04-10 15:30:29.766,20871,20872,20872,2,2
2024-04-10 15:30:30.708,20871,20872,20871,1,-1
2024-04-10 15:30:30.849,20871,20872,20871,2,-2
2024-04-10 15:30:34.432,20870,20872,20870,4,-4
2024-04-10 15:30:35.245,20870,20871,20871,1,1
2024-04-10 15:30:40.217,20870,20871,20871,1,1
2024-04-10 15:30:41.033,20871,20872,20871,1,-1
2024-04-10 15:30:43.947,20870,20872,20870,1,-1
2024-04-10 15:30:44.889,20870,20872,20870,1,-1
2024-04-10 15:30:50.111,20870,20871,20870,5,-5
2024-04-10 15:30:50.600,20870,20871,20871,2,2
2024-04-10 15:30:50.600,20870,20871,20871,1,1
2024-04-10 15:30:56.880,20870,20871,20871,1,1
2024-04-10 15:30:56.946,20870,20871,20871,1,1
2024-04-10 15:31:05.333,20870,20872,20872,2,2
2024-04-10 15:31:35.672,20871,20872,20871,1,-1
2024-04-10 15:31:36.742,20871,20872,20871,3,-3
2024-04-10 15:31:37.342,20870,20872,20872,2,2
2024-04-10 15:31:42.003,20871,20872,20871,1,-1
2024-04-10 15:31:50.302,20870,20871,20871,1,1
2024-04-10 15:31:51.545,20870,20872,20872,1,1
2024-04-10 15:31:54.287,20871,20872,20872,2,2
2024-04-10 15:32:03.856,20871,20872,20872,1,1
2024-04-10 15:32:03.857,20871,20872,20872,4,4
2024-04-10 15:32:24.097,20872,20873,20872,1,-1
2024-04-10 15:32:24.926,20872,20873,20872,1,-1
2024-04-10 15:32:27.041,20872,20873,20873,1,1
2024-04-10 15:32:28.603,20872,20873,20873,5,5
2024-04-10 15:32:29.679,20872,20873,20872,3,-3
2024-04-10 15:32:29.680,20872,20873,20872,2,-2
2024-04-10 15:32:29.680,20872,20873,20872,2,-2
2024-04-10 15:32:29.680,20872,20873,20872,1,-1
2024-04-10 15:32:30.874,20871,20873,20873,1,1
2024-04-10 15:32:31.195,20871,20873,20871,2,-2
2024-04-10 15:32:32.738,20871,20872,20872,2,2
2024-04-10 15:32:37.152,20872,20873,20872,1,-1
2024-04-10 15:32:39.595,20872,20873,20872,7,-7
2024-04-10 15:32:40.901,20871,20872,20872,4,4
2024-04-10 15:32:44.836,20871,20872,20871,1,-1
2024-04-10 15:32:49.803,20870,20871,20870,1,-1
2024-04-10 15:32:49.804,20870,20871,20870,3,-3
2024-04-10 15:33:02.430,20869,20870,20870,2,2
2024-04-10 15:33:12.702,20870,20871,20870,1,-1
2024-04-10 15:33:13.427,20870,20871,20870,1,-1
2024-04-10 15:33:14.770,20869,20871,20869,4,-4
2024-04-10 15:33:14.770,20869,20871,20868,23,-23
2024-04-10 15:33:15.441,20868,20870,20870,4,4
2024-04-10 15:33:17.640,20868,20870,20868,4,-4
2024-04-10 15:33:22.274,20867,20868,20867,1,-1
2024-04-10 15:33:24.598,20867,20868,20867,1,-1
2024-04-10 15:33:25.654,20867,20868,20867,1,-1
2024-04-10 15:33:26.659,20867,20868,20867,1,-1
2024-04-10 15:33:27.163,20867,20868,20867,1,-1
2024-04-10 15:33:37.801,20867,20868,20867,5,-5
2024-04-10 15:33:46.660,20866,20868,20866,2,-2
2024-04-10 15:33:53.135,20866,20868,20866,1,-1
2024-04-10 15:34:04.377,20866,20867,20866,1,-1
2024-04-10 15:34:15.459,20866,20867,20866,4,-4
2024-04-10 15:34:15.622,20865,20866,20866,1,1
2024-04-10 15:34:26.935,20865,20866,20865,1,-1
2024-04-10 15:34:27.013,20865,20866,20865,2,-2
2024-04-10 15:34:31.420,20865,20866,20865,1,-1
2024-04-10 15:34:32.118,20865,20866,20865,2,-2
2024-04-10 15:34:34.502,20865,20866,20865,3,-3
2024-04-10 15:34:36.650,20864,20865,20864,2,-2
2024-04-10 15:34:41.397,20864,20865,20864,1,-1
2024-04-10 15:34:45.301,20864,20865,20864,2,-2
2024-04-10 15:34:47.780,20864,20865,20864,1,-1
2024-04-10 15:34:48.812,20864,20865,20865,3,3
2024-04-10 15:34:48.812,20864,20865,20865,1,1
2024-04-10 15:34:48.812,20864,20865,20865,1,1
2024-04-10 15:34:49.076,20865,20866,20865,1,-1
2024-04-10 15:34:50.216,20865,20866,20866,1,1
2024-04-10 15:34:51.557,20865,20866,20866,1,1
2024-04-10 15:34:51.807,20865,20866,20866,1,1
2024-04-10 15:34:56.074,20865,20866,20866,2,2
2024-04-10 15:35:00.899,20866,20867,20866,1,-1
2024-04-10 15:35:02.734,20866,20867,20867,13,13
2024-04-10 15:35:02.734,20866,20867,20868,1,1
2024-04-10 15:35:03.057,20866,20867,20867,1,1
2024-04-10 15:35:03.057,20866,20867,20868,13,13
2024-04-10 15:35:14.424,20866,20868,20866,5,-5
2024-04-10 15:35:15.730,20866,20868,20866,5,-5
2024-04-10 15:35:31.761,20867,20868,20867,1,-1
2024-04-10 15:35:34.725,20867,20868,20868,2,2
2024-04-10 15:35:45.315,20867,20869,20867,1,-1
2024-04-10 15:35:48.576,20867,20868,20868,1,1
2024-04-10 15:35:48.576,20867,20868,20868,1,1
2024-04-10 15:35:52.199,20868,20869,20868,1,-1
2024-04-10 15:36:02.604,20867,20868,20868,2,2
2024-04-10 15:36:03.356,20867,20868,20868,2,2
2024-04-10 15:36:04.729,20868,20869,20869,1,1
2024-04-10 15:36:07.862,20868,20869,20868,4,-4
2024-04-10 15:36:13.709,20867,20868,20868,1,1
2024-04-10 15:36:34.985,20868,20869,20868,2,-2
2024-04-10 15:36:39.000,20867,20868,20867,4,-4
2024-04-10 15:36:39.001,20867,20868,20867,1,-1
2024-04-10 15:36:39.001,20867,20868,20867,2,-2
2024-04-10 15:36:40.218,20866,20867,20866,3,-3
2024-04-10 15:36:50.096,20866,20868,20866,1,-1
2024-04-10 15:36:54.595,20866,20867,20866,3,-3
2024-04-10 15:37:16.915,20866,20868,20866,1,-1
2024-04-10 15:37:30.572,20867,20868,20867,1,-1
2024-04-10 15:37:33.699,20867,20868,20867,1,-1
2024-04-10 15:37:35.326,20867,20868,20868,1,1
2024-04-10 15:37:38.410,20867,20868,20867,1,-1
2024-04-10 15:38:16.888,20867,20868,20867,4,-4
2024-04-10 15:38:18.896,20866,20867,20866,6,-6
2024-04-10 15:38:19.774,20865,20866,20866,2,2
2024-04-10 15:38:19.808,20865,20866,20865,1,-1
2024-04-10 15:38:19.808,20865,20866,20865,3,-3
2024-04-10 15:38:22.333,20864,20865,20865,3,3
2024-04-10 15:38:26.910,20864,20865,20865,1,1
2024-04-10 15:38:32.325,20864,20865,20865,2,2
2024-04-10 15:38:32.325,20864,20865,20865,1,1
2024-04-10 15:38:43.284,20866,20867,20866,1,-1
2024-04-10 15:38:57.376,20866,20868,20866,1,-1
2024-04-10 15:39:10.435,20867,20868,20867,1,-1
2024-04-10 15:39:11.474,20867,20868,20867,1,-1
2024-04-10 15:39:13.540,20867,20868,20867,3,-3
2024-04-10 15:39:14.353,20866,20868,20866,1,-1
2024-04-10 15:39:20.570,20866,20868,20866,1,-1
2024-04-10 15:39:52.221,20866,20867,20866,2,-2
2024-04-10 15:39:52.275,20866,20867,20866,1,-1
2024-04-10 15:39:52.619,20866,20867,20866,1,-1
2024-04-10 15:40:00.224,20865,20866,20865,4,-4
2024-04-10 15:40:06.489,20864,20865,20864,6,-6
2024-04-10 15:40:23.959,20864,20865,20865,2,2
2024-04-10 15:40:53.698,20865,20866,20866,1,1
2024-04-10 15:40:56.453,20865,20866,20866,1,1
2024-04-10 15:40:56.453,20865,20866,20866,1,1
2024-04-10 15:40:59.194,20866,20867,20866,1,-1
2024-04-10 15:41:08.768,20866,20867,20866,1,-1
2024-04-10 15:41:11.307,20865,20866,20866,1,1
2024-04-10 15:41:13.653,20866,20867,20866,1,-1
2024-04-10 15:41:16.878,20866,20867,20866,1,-1
2024-04-10 15:41:20.718,20866,20867,20866,1,-1
2024-04-10 15:41:37.615,20866,20867,20866,1,-1
2024-04-10 15:41:42.666,20866,20867,20866,1,-1
2024-04-10 15:41:43.749,20866,20867,20866,1,-1
2024-04-10 15:41:46.182,20866,20867,20866,2,-2
2024-04-10 15:41:48.221,20865,20866,20865,2,-2
2024-04-10 15:41:49.524,20864,20866,20866,1,1
2024-04-10 15:42:05.212,20865,20866,20865,4,-4
2024-04-10 15:42:05.933,20864,20865,20865,4,4
2024-04-10 15:42:05.933,20864,20865,20865,2,2
2024-04-10 15:42:21.764,20865,20866,20866,2,2
2024-04-10 15:42:21.764,20865,20866,20866,1,1
2024-04-10 15:42:26.974,20866,20867,20867,1,1
2024-04-10 15:42:27.123,20866,20867,20867,1,1
2024-04-10 15:42:45.522,20866,20867,20866,2,-2
2024-04-10 15:42:45.522,20866,20867,20866,1,-1
2024-04-10 15:42:45.522,20866,20867,20866,2,-2
2024-04-10 15:42:58.100,20865,20867,20867,1,1
2024-04-10 15:43:11.977,20866,20867,20866,1,-1
2024-04-10 15:43:22.542,20865,20866,20866,1,1
2024-04-10 15:43:33.618,20865,20866,20866,1,1
2024-04-10 15:43:33.963,20865,20866,20866,1,1
2024-04-10 15:43:37.472,20865,20867,20865,1,-1
2024-04-10 15:43:42.417,20866,20867,20866,1,-1
2024-04-10 15:43:44.356,20866,20867,20866,1,-1
2024-04-10 15:43:45.747,20865,20866,20866,1,1
2024-04-10 15:43:45.747,20865,20866,20866,1,1
2024-04-10 15:43:50.056,20866,20867,20867,11,11
2024-04-10 15:43:50.276,20867,20868,20867,2,-2
2024-04-10 15:43:54.339,20867,20868,20868,3,3
2024-04-10 15:43:54.339,20867,20868,20868,2,2
2024-04-10 15:43:54.339,20867,20868,20868,6,6
2024-04-10 15:43:54.339,20867,20868,20868,1,1
2024-04-10 15:43:54.339,20867,20868,20868,3,3
2024-04-10 15:43:54.340,20867,20868,20868,2,2
2024-04-10 15:43:56.901,20867,20869,20868,1,1
2024-04-10 15:44:11.039,20868,20869,20869,1,1
2024-04-10 15:44:16.343,20868,20869,20869,1,1
2024-04-10 15:44:21.164,20868,20869,20869,1,1
2024-04-10 15:44:22.169,20869,20870,20869,2,-2
2024-04-10 15:44:22.170,20869,20870,20869,1,-1
2024-04-10 15:44:22.170,20869,20870,20869,2,-2
2024-04-10 15:44:25.695,20869,20870,20869,1,-1
2024-04-10 15:44:28.360,20869,20870,20870,5,5
2024-04-10 15:44:28.525,20869,20870,20870,5,5
2024-04-10 15:44:28.525,20869,20870,20871,2,2
2024-04-10 15:44:30.878,20869,20871,20869,1,-1
2024-04-10 15:44:37.900,20868,20870,20870,1,1
2024-04-10 15:44:43.755,20868,20871,20871,5,5
2024-04-10 15:44:46.853,20869,20871,20871,1,1
2024-04-10 15:44:48.074,20869,20871,20871,12,12
2024-04-10 15:44:50.256,20869,20871,20869,1,-1
2024-04-10 15:44:53.923,20869,20871,20869,1,-1
2024-04-10 15:44:55.621,20869,20871,20869,1,-1
2024-04-10 15:44:57.176,20869,20871,20869,1,-1
2024-04-10 15:45:09.741,20870,20871,20871,3,3
2024-04-10 15:45:09.864,20870,20872,20872,1,1
2024-04-10 15:45:09.864,20870,20872,20872,1,1
2024-04-10 15:45:09.864,20870,20872,20872,1,1
2024-04-10 15:45:09.864,20870,20872,20872,1,1
2024-04-10 15:45:09.972,20871,20872,20872,1,1
2024-04-10 15:45:10.000,20871,20872,20872,1,1
2024-04-10 15:45:10.071,20871,20872,20872,1,1
2024-04-10 15:45:10.071,20871,20872,20872,3,3
2024-04-10 15:45:10.071,20871,20872,20873,1,1
2024-04-10 15:45:10.072,20871,20872,20873,1,1
2024-04-10 15:45:10.430,20871,20873,20871,1,-1
2024-04-10 15:45:19.327,20870,20871,20871,1,1
2024-04-10 15:45:22.148,20870,20872,20872,1,1
2024-04-10 15:45:22.197,20870,20873,20873,1,1
2024-04-10 15:45:28.352,20871,20872,20872,1,1
2024-04-10 15:45:28.352,20871,20872,20873,5,5
2024-04-10 15:45:30.939,20871,20872,20872,1,1
2024-04-10 15:45:30.939,20871,20872,20873,5,5
2024-04-10 15:45:34.277,20871,20873,20873,1,1
2024-04-10 15:45:36.626,20871,20873,20873,1,1
2024-04-10 15:45:44.657,20871,20872,20872,1,1
2024-04-10 15:45:44.698,20871,20872,20872,1,1
2024-04-10 15:45:49.708,20871,20872,20871,1,-1
2024-04-10 15:46:00.123,20870,20871,20870,1,-1
2024-04-10 15:46:01.480,20869,20870,20870,1,1
2024-04-10 15:46:03.736,20870,20871,20870,1,-1
2024-04-10 15:46:30.226,20869,20870,20869,2,-2
2024-04-10 15:46:30.227,20869,20870,20869,1,-1
2024-04-10 15:46:33.536,20868,20869,20869,1,1
2024-04-10 15:46:33.536,20868,20869,20870,9,9
2024-04-10 15:46:34.603,20869,20871,20869,1,-1
2024-04-10 15:46:49.443,20869,20870,20870,1,1
2024-04-10 15:47:03.522,20869,20870,20869,1,-1
2024-04-10 15:47:04.359,20868,20869,20868,1,-1
2024-04-10 15:47:19.049,20868,20869,20868,1,-1
2024-04-10 15:47:24.172,20868,20869,20868,1,-1
2024-04-10 15:47:33.154,20868,20869,20868,1,-1
2024-04-10 15:47:34.791,20868,20869,20868,5,-5
2024-04-10 15:47:36.131,20867,20868,20868,1,1
2024-04-10 15:47:57.449,20867,20868,20867,2,-2
2024-04-10 15:48:00.218,20866,20867,20866,6,-6
2024-04-10 15:48:12.362,20866,20867,20866,4,-4
2024-04-10 15:48:12.496,20866,20867,20866,1,-1
2024-04-10 15:48:20.218,20865,20867,20865,1,-1
2024-04-10 15:48:39.159,20865,20866,20866,2,2
2024-04-10 15:48:43.509,20866,20867,20866,1,-1
2024-04-10 15:48:46.760,20866,20867,20866,1,-1
2024-04-10 15:48:54.866,20866,20867,20866,1,-1
2024-04-10 15:48:58.475,20866,20867,20866,1,-1
2024-04-10 15:49:05.563,20866,20867,20867,1,1
2024-04-10 15:49:05.564,20866,20867,20867,2,2
2024-04-10 15:49:27.740,20867,20868,20867,1,-1
2024-04-10 15:49:40.251,20867,20868,20867,1,-1
2024-04-10 15:49:44.127,20867,20868,20867,1,-1
2024-04-10 15:49:44.127,20867,20868,20867,1,-1
2024-04-10 15:49:46.825,20866,20867,20867,2,2
2024-04-10 15:49:46.825,20866,20867,20868,1,1
2024-04-10 15:49:55.111,20866,20868,20868,4,4
2024-04-10 15:49:59.231,20868,20869,20869,2,2
2024-04-10 15:50:02.405,20868,20869,20869,2,2
2024-04-10 15:50:03.077,20868,20870,20870,2,2
2024-04-10 15:50:38.590,20868,20870,20870,1,1
2024-04-10 15:50:49.251,20869,20870,20870,1,1
2024-04-10 15:50:57.504,20870,20871,20870,1,-1
2024-04-10 15:50:59.370,20869,20870,20870,1,1
2024-04-10 15:51:02.110,20869,20871,20871,1,1
2024-04-10 15:51:07.937,20870,20871,20871,6,6
2024-04-10 15:51:17.185,20871,20872,20872,1,1
2024-04-10 15:51:18.115,20871,20872,20871,1,-1
2024-04-10 15:51:23.692,20871,20872,20872,2,2
2024-04-10 15:51:23.692,20871,20872,20872,3,3
2024-04-10 15:51:25.863,20871,20872,20871,1,-1
2024-04-10 15:51:32.632,20871,20872,20871,1,-1
2024-04-10 15:51:35.508,20871,20872,20872,3,3
2024-04-10 15:51:37.585,20871,20872,20872,1,1
2024-04-10 15:52:04.405,20871,20872,20871,1,-1
2024-04-10 15:52:06.456,20870,20872,20871,1,-1
2024-04-10 15:52:16.099,20870,20872,20872,1,1
2024-04-10 15:52:17.996,20870,20872,20870,2,-2
2024-04-10 15:52:32.782,20869,20870,20869,1,-1
2024-04-10 15:52:40.206,20869,20870,20869,3,-3
2024-04-10 15:52:58.296,20869,20870,20869,1,-1
2024-04-10 15:52:58.296,20869,20870,20869,3,-3
2024-04-10 15:53:02.121,20869,20870,20870,2,2
2024-04-10 15:53:03.608,20869,20870,20869,1,-1
2024-04-10 15:53:13.567,20868,20869,20869,1,1
2024-04-10 15:53:18.654,20868,20869,20869,5,5
2024-04-10 15:53:18.655,20868,20869,20869,1,1
2024-04-10 15:53:19.931,20869,20870,20868,3,-3
2024-04-10 15:53:19.931,20869,20870,20868,1,-1
2024-04-10 15:53:19.931,20869,20870,20869,8,-8
2024-04-10 15:53:19.931,20869,20870,20868,14,-14
2024-04-10 15:53:28.455,20868,20869,20869,1,1
2024-04-10 15:53:39.806,20868,20869,20869,1,1
2024-04-10 15:54:30.235,20869,20870,20869,1,-1
2024-04-10 15:54:37.811,20868,20869,20868,3,-3
2024-04-10 15:54:47.623,20866,20867,20867,1,1
2024-04-10 15:54:53.174,20866,20867,20866,2,-2
2024-04-10 15:54:54.863,20866,20867,20866,1,-1
2024-04-10 15:55:11.675,20866,20867,20866,1,-1
2024-04-10 15:55:18.062,20865,20866,20865,2,-2
2024-04-10 15:55:20.219,20865,20866,20865,3,-3
2024-04-10 15:55:20.508,20865,20866,20865,1,-1
2024-04-10 15:55:20.911,20864,20865,20864,3,-3
2024-04-10 15:55:23.074,20864,20865,20864,2,-2
2024-04-10 15:55:29.820,20864,20865,20864,2,-2
2024-04-10 15:55:31.553,20864,20865,20865,1,1
2024-04-10 15:55:31.795,20864,20866,20864,2,-2
2024-04-10 15:55:32.358,20864,20866,20864,1,-1
2024-04-10 15:55:37.764,20864,20865,20865,2,2
2024-04-10 15:55:37.764,20864,20865,20865,2,2
2024-04-10 15:55:37.764,20864,20865,20865,1,1
2024-04-10 15:55:37.905,20864,20866,20865,1,1
2024-04-10 15:55:38.040,20865,20866,20865,1,-1
2024-04-10 15:55:38.107,20864,20866,20866,2,2
2024-04-10 15:55:39.097,20864,20866,20864,1,-1
2024-04-10 15:55:41.092,20864,20865,20865,1,1
2024-04-10 15:55:49.488,20865,20867,20865,1,-1
2024-04-10 15:56:04.299,20865,20866,20866,2,2
2024-04-10 15:56:04.299,20865,20866,20867,4,4
2024-04-10 15:56:04.553,20865,20867,20867,1,1
2024-04-10 15:56:20.554,20866,20867,20867,1,1
2024-04-10 15:56:22.205,20866,20867,20867,1,1
2024-04-10 15:56:43.225,20866,20867,20866,1,-1
2024-04-10 15:56:52.762,20867,20868,20868,5,5
2024-04-10 15:57:09.958,20867,20869,20868,1,1
2024-04-10 15:57:10.344,20867,20868,20867,8,-8
2024-04-10 15:57:11.345,20867,20868,20868,2,2
2024-04-10 15:57:11.447,20867,20868,20868,2,2
2024-04-10 15:57:11.644,20867,20868,20868,2,2
2024-04-10 15:57:12.048,20867,20868,20867,1,-1
2024-04-10 15:57:29.283,20867,20868,20867,1,-1
2024-04-10 15:57:33.647,20867,20868,20867,1,-1
2024-04-10 15:57:53.103,20867,20868,20867,1,-1
2024-04-10 15:57:53.103,20867,20868,20867,2,-2
2024-04-10 15:57:53.103,20867,20868,20867,2,-2
2024-04-10 15:57:53.157,20867,20868,20867,1,-1
2024-04-10 15:57:55.180,20866,20868,20868,5,5
2024-04-10 15:58:29.019,20866,20867,20867,2,2
2024-04-10 15:58:33.001,20867,20868,20867,1,-1
2024-04-10 15:59:05.698,20866,20867,20866,1,-1
2024-04-10 15:59:12.738,20866,20867,20866,2,-2
2024-04-10 15:59:12.739,20866,20867,20866,1,-1
2024-04-10 15:59:12.739,20866,20867,20866,3,-3
2024-04-10 15:59:12.739,20866,20867,20866,3,-3
2024-04-10 15:59:15.461,20865,20866,20865,2,-2
2024-04-10 15:59:19.049,20865,20866,20865,3,-3
2024-04-10 15:59:20.888,20865,20866,20866,9,9
2024-04-10 15:59:39.021,20866,20867,20867,2,2
2024-04-10 15:59:39.022,20866,20867,20867,7,7
2024-04-10 15:59:49.768,20867,20868,20867,1,-1
2024-04-10 15:59:49.768,20867,20868,20868,5,5
2024-04-10 15:59:59.647,20867,20868,20867,10,-10
2024-04-10 16:00:19.619,20867,20868,20868,1,1
2024-04-10 16:00:19.619,20867,20868,20869,1,1
2024-04-10 16:00:19.733,20867,20869,20869,2,2
2024-04-10 16:00:19.734,20867,20869,20869,1,1
2024-04-10 16:00:19.763,20867,20869,20870,1,1
2024-04-10 16:00:19.896,20868,20870,20870,1,1
2024-04-10 16:00:19.927,20868,20870,20870,1,1
2024-04-10 16:00:20.301,20868,20870,20870,1,1
2024-04-10 16:00:20.322,20868,20870,20870,1,1
2024-04-10 16:00:20.322,20868,20870,20870,1,1
2024-04-10 16:00:20.322,20868,20870,20870,1,1
2024-04-10 16:00:20.947,20868,20870,20870,2,2
2024-04-10 16:00:20.972,20868,20870,20870,2,2
2024-04-10 16:00:24.621,20869,20870,20869,1,-1
2024-04-10 16:00:24.621,20869,20870,20869,1,-1
2024-04-10 16:00:32.012,20868,20870,20870,3,3
2024-04-10 16:00:32.259,20869,20870,20869,2,-2
2024-04-10 16:00:38.265,20869,20870,20870,1,1
2024-04-10 16:00:38.265,20869,20870,20870,1,1
2024-04-10 16:00:38.265,20869,20870,20870,4,4
2024-04-10 16:00:38.265,20869,20870,20870,2,2
2024-04-10 16:00:38.265,20869,20870,20870,1,1
2024-04-10 16:00:40.945,20869,20871,20871,1,1
2024-04-10 16:00:42.017,20869,20871,20871,2,2
2024-04-10 16:00:45.068,20870,20871,20870,1,-1
2024-04-10 16:00:54.611,20869,20870,20870,1,1
2024-04-10 16:00:54.697,20869,20870,20870,1,1
2024-04-10 16:00:58.083,20869,20870,20869,1,-1
2024-04-10 16:00:58.083,20869,20870,20869,2,-2
2024-04-10 16:00:58.083,20869,20870,20869,1,-1
2024-04-10 16:01:02.228,20868,20869,20868,3,-3
2024-04-10 16:01:02.518,20867,20869,20869,1,1
2024-04-10 16:01:03.941,20867,20869,20869,2,2
2024-04-10 16:01:08.324,20867,20869,20869,4,4
2024-04-10 16:01:15.133,20869,20870,20870,1,1
2024-04-10 16:01:19.017,20869,20870,20869,5,-5
2024-04-10 16:01:20.219,20869,20870,20870,7,7
2024-04-10 16:01:27.237,20869,20871,20871,8,8
2024-04-10 16:01:27.314,20869,20871,20870,4,4
2024-04-10 16:01:28.414,20870,20872,20872,1,1
2024-04-10 16:01:29.440,20870,20872,20872,1,1
2024-04-10 16:01:29.586,20870,20872,20872,1,1
2024-04-10 16:01:38.979,20870,20871,20871,1,1
2024-04-10 16:01:38.979,20870,20871,20872,4,4
2024-04-10 16:02:01.643,20870,20871,20871,1,1
2024-04-10 16:02:05.772,20870,20871,20871,1,1
2024-04-10 16:02:06.205,20871,20872,20871,1,-1
2024-04-10 16:02:06.947,20871,20872,20872,2,2
2024-04-10 16:02:06.947,20871,20872,20872,7,7
2024-04-10 16:02:10.223,20872,20873,20872,3,-3
2024-04-10 16:02:11.577,20871,20873,20871,3,-3
2024-04-10 16:02:18.466,20872,20873,20872,1,-1
2024-04-10 16:02:20.211,20872,20873,20873,7,7
2024-04-10 16:02:20.255,20872,20873,20873,1,1
2024-04-10 16:02:20.325,20872,20873,20873,1,1
2024-04-10 16:02:20.833,20872,20873,20873,1,1
2024-04-10 16:02:21.960,20872,20873,20872,1,-1
2024-04-10 16:02:28.804,20872,20873,20872,2,-2
2024-04-10 16:02:35.805,20871,20872,20872,1,1
2024-04-10 16:02:40.175,20871,20872,20871,1,-1
2024-04-10 16:03:03.821,20869,20870,20869,1,-1
2024-04-10 16:03:06.268,20868,20869,20868,5,-5
2024-04-10 16:03:07.643,20868,20869,20868,1,-1
2024-04-10 16:03:07.911,20868,20869,20869,1,1
2024-04-10 16:03:12.524,20868,20869,20868,3,-3
2024-04-10 16:03:13.585,20867,20868,20867,4,-4
2024-04-10 16:03:14.027,20866,20868,20866,3,-3
2024-04-10 16:03:14.147,20866,20867,20866,1,-1
2024-04-10 16:03:15.544,20866,20868,20866,3,-3
2024-04-10 16:03:24.188,20866,20867,20867,1,1
2024-04-10 16:03:31.468,20866,20868,20867,1,1
2024-04-10 16:03:47.077,20866,20867,20866,1,-1
2024-04-10 16:03:47.331,20865,20867,20867,1,1
2024-04-10 16:03:58.998,20865,20866,20866,1,1
2024-04-10 16:04:23.144,20866,20867,20867,2,2
2024-04-10 16:04:23.385,20866,20868,20868,5,5
2024-04-10 16:04:23.734,20867,20869,20867,1,-1
2024-04-10 16:04:31.269,20867,20869,20869,1,1
2024-04-10 16:04:54.615,20867,20868,20867,1,-1
2024-04-10 16:04:54.615,20867,20868,20867,1,-1
2024-04-10 16:04:54.615,20867,20868,20867,1,-1
2024-04-10 16:04:54.616,20867,20868,20867,1,-1
2024-04-10 16:04:56.516,20866,20867,20867,1,1
2024-04-10 16:04:59.354,20866,20867,20866,2,-2
2024-04-10 16:05:06.018,20866,20867,20866,1,-1
2024-04-10 16:05:06.813,20866,20867,20867,2,2
2024-04-10 16:05:10.584,20866,20867,20867,1,1
2024-04-10 16:05:15.783,20866,20867,20867,1,1
2024-04-10 16:05:15.783,20866,20867,20867,1,1
2024-04-10 16:05:25.727,20867,20868,20867,2,-2
2024-04-10 16:05:37.287,20867,20868,20868,3,3
2024-04-10 16:05:49.131,20867,20868,20867,1,-1
2024-04-10 16:06:11.399,20867,20868,20867,1,-1
2024-04-10 16:06:17.084,20867,20868,20867,1,-1
2024-04-10 16:06:26.020,20867,20868,20867,2,-2
2024-04-10 16:06:26.020,20867,20868,20866,2,-2
2024-04-10 16:06:50.475,20866,20867,20867,1,1
2024-04-10 16:06:52.763,20866,20867,20867,1,1
2024-04-10 16:06:54.550,20866,20867,20866,10,-10
2024-04-10 16:07:01.227,20866,20867,20866,1,-1
2024-04-10 16:07:20.170,20866,20867,20866,1,-1
2024-04-10 16:07:20.170,20866,20867,20866,1,-1
2024-04-10 16:07:20.170,20866,20867,20866,1,-1
2024-04-10 16:07:25.921,20865,20866,20866,3,3
2024-04-10 16:07:27.923,20865,20867,20866,1,1
2024-04-10 16:07:29.284,20865,20866,20866,2,2
2024-04-10 16:07:32.309,20865,20866,20866,2,2
2024-04-10 16:07:37.573,20865,20866,20866,5,5
2024-04-10 16:07:51.044,20865,20866,20865,1,-1
2024-04-10 16:07:56.614,20865,20866,20865,1,-1
2024-04-10 16:07:58.463,20865,20866,20865,1,-1
2024-04-10 16:08:02.656,20865,20866,20865,11,-11
2024-04-10 16:08:02.657,20865,20866,20865,2,-2
2024-04-10 16:08:02.657,20865,20866,20865,3,-3
2024-04-10 16:08:02.657,20865,20866,20865,1,-1
2024-04-10 16:08:02.657,20865,20866,20865,2,-2
2024-04-10 16:08:02.657,20865,20866,20865,1,-1
2024-04-10 16:08:02.657,20865,20866,20865,8,-8
2024-04-10 16:08:02.657,20865,20866,20865,2,-2
2024-04-10 16:08:05.881,20864,20865,20864,1,-1
2024-04-10 16:08:09.154,20864,20865,20864,1,-1
2024-04-10 16:08:11.347,20864,20865,20864,2,-2
2024-04-10 16:08:16.675,20863,20864,20863,5,-5
2024-04-10 16:08:16.675,20863,20864,20863,2,-2
2024-04-10 16:08:16.827,20863,20864,20863,2,-2
2024-04-10 16:08:22.450,20863,20864,20863,1,-1
2024-04-10 16:08:22.657,20862,20863,20863,1,1
2024-04-10 16:08:27.485,20862,20864,20862,5,-5
2024-04-10 16:08:27.599,20862,20864,20862,8,-8
2024-04-10 16:08:31.710,20862,20863,20862,2,-2
2024-04-10 16:08:33.591,20862,20863,20862,2,-2
2024-04-10 16:08:33.591,20862,20863,20862,4,-4
2024-04-10 16:08:36.072,20861,20862,20862,1,1
2024-04-10 16:08:36.072,20861,20862,20862,1,1
2024-04-10 16:08:37.718,20861,20862,20861,5,-5
2024-04-10 16:08:37.719,20861,20862,20861,1,-1
2024-04-10 16:08:37.744,20861,20862,20862,1,1
2024-04-10 16:08:37.907,20861,20862,20862,1,1
2024-04-10 16:08:38.285,20861,20862,20861,5,-5
2024-04-10 16:08:38.286,20861,20862,20861,2,-2
2024-04-10 16:08:40.001,20861,20862,20861,1,-1
2024-04-10 16:08:40.219,20860,20861,20860,1,-1
2024-04-10 16:08:40.337,20860,20861,20860,1,-1
2024-04-10 16:08:42.000,20860,20861,20860,1,-1
2024-04-10 16:08:43.133,20860,20861,20860,1,-1
2024-04-10 16:08:44.848,20860,20861,20860,1,-1
2024-04-10 16:08:48.606,20860,20861,20860,1,-1
2024-04-10 16:08:49.601,20860,20861,20861,4,4
2024-04-10 16:08:54.891,20860,20861,20861,1,1
2024-04-10 16:08:57.165,20860,20861,20860,5,-5
2024-04-10 16:08:57.883,20860,20861,20860,2,-2
2024-04-10 16:09:02.581,20860,20861,20860,6,-6
2024-04-10 16:09:03.193,20859,20860,20859,1,-1
2024-04-10 16:09:03.456,20859,20860,20859,1,-1
2024-04-10 16:09:03.747,20859,20860,20859,1,-1
2024-04-10 16:09:03.895,20859,20860,20859,1,-1
2024-04-10 16:09:04.160,20859,20860,20859,1,-1
2024-04-10 16:09:04.368,20859,20860,20859,1,-1
2024-04-10 16:09:04.529,20859,20860,20859,1,-1
2024-04-10 16:09:04.729,20859,20860,20859,1,-1
2024-04-10 16:09:04.900,20859,20860,20859,1,-1
2024-04-10 16:09:05.066,20859,20860,20859,1,-1
2024-04-10 16:09:05.432,20859,20860,20859,1,-1
2024-04-10 16:09:05.616,20859,20860,20859,1,-1
2024-04-10 16:09:05.811,20859,20860,20859,1,-1
2024-04-10 16:09:05.924,20859,20860,20859,1,-1
2024-04-10 16:09:05.978,20858,20860,20858,1,-1
2024-04-10 16:09:06.143,20858,20860,20858,1,-1
2024-04-10 16:09:07.077,20859,20860,20859,1,-1
2024-04-10 16:09:07.733,20859,20860,20860,7,7
2024-04-10 16:09:10.149,20859,20860,20860,3,3
2024-04-10 16:09:10.149,20859,20860,20860,18,18
2024-04-10 16:09:10.257,20860,20861,20860,1,-1
2024-04-10 16:09:11.116,20860,20861,20860,2,-2
2024-04-10 16:09:12.119,20859,20861,20859,3,-3
2024-04-10 16:09:15.467,20859,20861,20859,1,-1
2024-04-10 16:09:15.648,20859,20861,20859,1,-1
2024-04-10 16:09:19.270,20860,20861,20860,1,-1
2024-04-10 16:09:21.786,20860,20861,20860,5,-5
2024-04-10 16:09:30.500,20860,20861,20861,1,1
2024-04-10 16:09:30.500,20860,20861,20861,2,2
2024-04-10 16:09:36.167,20860,20861,20861,1,1
2024-04-10 16:09:37.994,20860,20861,20861,1,1
2024-04-10 16:09:38.399,20861,20862,20861,1,-1
2024-04-10 16:09:39.636,20861,20862,20861,1,-1
2024-04-10 16:09:39.637,20861,20862,20861,5,-5
2024-04-10 16:09:42.729,20860,20861,20861,1,1
2024-04-10 16:09:48.286,20861,20862,20861,1,-1
2024-04-10 16:09:49.147,20861,20862,20861,1,-1
2024-04-10 16:09:50.852,20861,20862,20862,1,1
2024-04-10 16:09:55.117,20861,20862,20861,3,-3
2024-04-10 16:09:56.311,20861,20862,20861,3,-3
2024-04-10 16:09:57.673,20861,20862,20862,1,1
2024-04-10 16:09:57.696,20861,20862,20862,1,1
2024-04-10 16:09:59.678,20861,20862,20861,1,-1
2024-04-10 16:10:02.819,20861,20862,20862,3,3
2024-04-10 16:10:07.005,20861,20862,20862,1,1
2024-04-10 16:10:08.892,20861,20862,20862,1,1
2024-04-10 16:10:17.376,20862,20863,20862,10,-10
2024-04-10 16:10:22.988,20862,20863,20862,1,-1
2024-04-10 16:10:23.472,20862,20863,20862,1,-1
2024-04-10 16:10:40.845,20861,20862,20862,1,1
2024-04-10 16:10:46.127,20861,20862,20862,1,1
2024-04-10 16:10:47.371,20861,20862,20861,4,-4
2024-04-10 16:10:52.010,20861,20862,20861,1,-1
2024-04-10 16:10:55.438,20861,20862,20861,5,-5
2024-04-10 16:10:56.565,20861,20862,20862,3,3
2024-04-10 16:11:00.433,20861,20862,20862,4,4
2024-04-10 16:11:05.787,20861,20862,20862,1,1
2024-04-10 16:11:06.882,20861,20862,20862,2,2
2024-04-10 16:11:14.826,20862,20863,20863,3,3
2024-04-10 16:11:21.710,20862,20863,20862,3,-3
2024-04-10 16:11:22.996,20862,20863,20862,1,-1
2024-04-10 16:11:30.828,20862,20863,20862,3,-3
2024-04-10 16:11:52.772,20861,20862,20862,2,2
2024-04-10 16:11:54.096,20861,20863,20861,1,-1
2024-04-10 16:12:05.170,20861,20863,20861,3,-3
2024-04-10 16:12:06.291,20861,20863,20861,1,-1
2024-04-10 16:12:42.235,20861,20862,20862,1,1
2024-04-10 16:12:52.745,20861,20862,20862,1,1
2024-04-10 16:13:08.590,20861,20862,20862,1,1
2024-04-10 16:13:18.164,20861,20862,20861,2,-2
2024-04-10 16:13:18.164,20861,20862,20861,1,-1
2024-04-10 16:13:18.164,20861,20862,20861,2,-2
2024-04-10 16:13:20.579,20860,20862,20860,1,-1
2024-04-10 16:13:23.353,20860,20862,20860,3,-3
2024-04-10 16:13:43.820,20860,20861,20860,1,-1
2024-04-10 16:13:57.224,20860,20861,20860,2,-2
2024-04-10 16:13:58.744,20860,20861,20861,1,1
2024-04-10 16:14:03.289,20860,20861,20861,2,2
2024-04-10 16:14:07.050,20861,20862,20861,1,-1
2024-04-10 16:14:13.465,20861,20862,20861,2,-2
2024-04-10 16:14:16.164,20861,20862,20861,1,-1
2024-04-10 16:14:26.681,20861,20862,20862,1,1
2024-04-10 16:14:27.599,20861,20862,20862,1,1
2024-04-10 16:14:34.928,20861,20862,20862,1,1
2024-04-10 16:14:48.764,20861,20862,20862,1,1
2024-04-10 16:15:00.962,20861,20863,20863,1,1
2024-04-10 16:15:05.377,20861,20862,20861,3,-3
2024-04-10 16:15:08.654,20860,20862,20862,2,2
2024-04-10 16:15:13.138,20860,20862,20862,2,2
2024-04-10 16:15:31.939,20862,20863,20862,1,-1
2024-04-10 16:15:35.315,20862,20863,20862,1,-1
2024-04-10 16:15:35.315,20862,20863,20862,1,-1
2024-04-10 16:15:48.110,20861,20862,20862,1,1
2024-04-10 16:15:49.195,20861,20862,20862,1,1
2024-04-10 16:15:49.252,20861,20862,20863,16,16
2024-04-10 16:15:49.329,20863,20864,20864,2,2
2024-04-10 16:15:52.535,20863,20864,20864,3,3
2024-04-10 16:15:52.536,20863,20864,20864,3,3
2024-04-10 16:15:52.536,20863,20864,20864,4,4
2024-04-10 16:15:57.696,20863,20865,20865,1,1
2024-04-10 16:16:10.463,20863,20864,20863,2,-2
2024-04-10 16:16:10.574,20862,20863,20863,1,1
2024-04-10 16:16:10.941,20862,20864,20864,1,1
2024-04-10 16:16:11.500,20862,20864,20862,1,-1
2024-04-10 16:16:11.572,20862,20864,20864,1,1
2024-04-10 16:16:11.572,20862,20864,20864,1,1
2024-04-10 16:16:12.259,20862,20864,20862,1,-1
2024-04-10 16:16:12.315,20862,20864,20862,1,-1
2024-04-10 16:16:12.812,20862,20864,20864,1,1
2024-04-10 16:16:12.828,20862,20864,20862,1,-1
2024-04-10 16:16:12.872,20862,20864,20862,1,-1
2024-04-10 16:16:13.358,20862,20864,20864,1,1
2024-04-10 16:16:30.205,20863,20864,20863,1,-1
2024-04-10 16:16:50.461,20863,20864,20864,1,1
2024-04-10 16:16:50.570,20863,20864,20864,1,1
2024-04-10 16:16:50.571,20863,20864,20864,1,1
2024-04-10 16:16:50.571,20863,20864,20864,1,1
2024-04-10 16:16:50.571,20863,20864,20864,2,2
2024-04-10 16:16:50.571,20863,20864,20865,1,1
2024-04-10 16:16:50.571,20863,20864,20865,1,1
2024-04-10 16:16:50.572,20863,20864,20865,1,1
2024-04-10 16:16:50.572,20863,20864,20865,1,1
2024-04-10 16:16:50.572,20863,20864,20865,1,1
2024-04-10 16:16:50.572,20863,20864,20865,1,1
2024-04-10 16:16:50.578,20863,20864,20865,1,1
2024-04-10 16:16:50.595,20863,20864,20864,5,5
2024-04-10 16:17:39.021,20862,20863,20863,1,1
2024-04-10 16:17:39.072,20862,20863,20863,1,1
2024-04-10 16:17:39.072,20862,20863,20863,1,1
2024-04-10 16:17:39.078,20862,20863,20864,1,1
2024-04-10 16:18:09.453,20863,20864,20863,1,-1
2024-04-10 16:18:12.094,20863,20864,20863,1,-1
2024-04-10 16:18:12.094,20863,20864,20863,2,-2
2024-04-10 16:18:28.105,20863,20864,20864,5,5
2024-04-10 16:18:28.106,20863,20864,20864,1,1
2024-04-10 16:18:28.106,20863,20864,20864,1,1
2024-04-10 16:18:33.939,20863,20865,20863,1,-1
2024-04-10 16:18:33.997,20863,20864,20864,1,1
2024-04-10 16:19:13.726,20864,20865,20864,2,-2
2024-04-10 16:19:26.208,20863,20864,20864,2,2
2024-04-10 16:19:32.106,20864,20865,20864,1,-1
2024-04-10 16:19:35.392,20864,20865,20865,4,4
2024-04-10 16:19:35.392,20864,20865,20865,1,1
2024-04-10 16:19:35.392,20864,20865,20865,3,3
2024-04-10 16:19:35.392,20864,20865,20865,9,9
2024-04-10 16:19:44.688,20863,20865,20865,1,1
2024-04-10 16:20:29.460,20864,20865,20865,1,1
2024-04-10 16:20:39.885,20864,20865,20865,5,5
2024-04-10 16:20:56.376,20864,20865,20865,1,1
2024-04-10 16:20:56.420,20864,20865,20865,1,1
2024-04-10 16:20:56.646,20864,20865,20865,1,1
2024-04-10 16:21:03.638,20865,20866,20865,1,-1
2024-04-10 16:21:14.742,20864,20866,20866,1,1
2024-04-10 16:21:17.873,20864,20865,20864,2,-2
2024-04-10 16:21:34.738,20864,20865,20864,2,-2
2024-04-10 16:21:41.381,20864,20865,20865,1,1
2024-04-10 16:21:50.349,20864,20865,20864,2,-2
2024-04-10 16:22:01.286,20863,20864,20863,1,-1
2024-04-10 16:22:15.030,20863,20864,20863,1,-1
2024-04-10 16:22:18.499,20861,20862,20861,9,-9
2024-04-10 16:22:20.527,20860,20861,20860,1,-1
2024-04-10 16:22:20.528,20860,20861,20860,6,-6
2024-04-10 16:22:20.528,20860,20861,20860,4,-4
2024-04-10 16:22:20.528,20860,20861,20860,1,-1
2024-04-10 16:22:20.528,20860,20861,20860,2,-2
2024-04-10 16:22:21.500,20859,20861,20861,1,1
2024-04-10 16:22:23.437,20859,20860,20859,7,-7
2024-04-10 16:22:26.749,20858,20859,20858,1,-1
2024-04-10 16:22:28.354,20858,20859,20858,1,-1
2024-04-10 16:22:30.921,20858,20859,20858,1,-1
2024-04-10 16:22:40.219,20858,20859,20858,5,-5
2024-04-10 16:22:42.646,20858,20859,20858,5,-5
2024-04-10 16:22:48.552,20858,20859,20858,2,-2
2024-04-10 16:22:52.125,20857,20858,20858,2,2
2024-04-10 16:22:52.778,20858,20859,20859,7,7
2024-04-10 16:22:53.165,20858,20860,20858,5,-5
2024-04-10 16:23:00.222,20858,20859,20858,2,-2
2024-04-10 16:23:12.749,20858,20859,20859,1,1
2024-04-10 16:23:30.072,20858,20859,20859,1,1
2024-04-10 16:23:31.812,20859,20860,20860,5,5
2024-04-10 16:23:31.813,20859,20860,20860,2,2
2024-04-10 16:24:10.653,20859,20860,20859,1,-1
2024-04-10 16:24:10.862,20859,20860,20859,2,-2
2024-04-10 16:24:10.879,20859,20860,20859,1,-1
2024-04-10 16:24:10.961,20858,20860,20858,1,-1
2024-04-10 16:24:15.854,20858,20859,20859,1,1
2024-04-10 16:24:16.650,20858,20859,20859,1,1
2024-04-10 16:24:17.122,20858,20859,20858,1,-1
2024-04-10 16:24:18.642,20858,20859,20858,1,-1
2024-04-10 16:24:20.225,20858,20859,20858,1,-1
2024-04-10 16:24:20.225,20858,20859,20858,4,-4
2024-04-10 16:24:24.168,20857,20858,20857,7,-7
2024-04-10 16:24:24.168,20857,20858,20857,2,-2
2024-04-10 16:24:24.168,20857,20858,20857,1,-1
2024-04-10 16:24:24.276,20856,20857,20857,1,1
2024-04-10 16:24:24.912,20856,20857,20856,1,-1
2024-04-10 16:24:24.913,20856,20857,20856,6,-6
2024-04-10 16:24:24.913,20856,20857,20856,7,-7
2024-04-10 16:24:24.913,20856,20857,20856,1,-1
2024-04-10 16:24:24.913,20856,20857,20856,1,-1
2024-04-10 16:24:24.913,20856,20857,20856,1,-1
2024-04-10 16:24:26.955,20855,20857,20855,1,-1
2024-04-10 16:24:27.085,20855,20857,20855,1,-1
2024-04-10 16:24:27.092,20855,20857,20855,1,-1
2024-04-10 16:24:27.105,20855,20857,20855,1,-1
2024-04-10 16:24:27.139,20855,20857,20855,5,-5
2024-04-10 16:24:27.146,20855,20857,20855,1,-1
2024-04-10 16:24:28.779,20855,20857,20855,1,-1
2024-04-10 16:24:34.926,20856,20857,20856,1,-1
2024-04-10 16:24:35.183,20855,20857,20855,2,-2
2024-04-10 16:24:40.228,20855,20856,20855,4,-4
2024-04-10 16:24:41.334,20855,20856,20855,2,-2
2024-04-10 16:24:43.447,20855,20856,20855,1,-1
2024-04-10 16:24:47.997,20855,20856,20855,1,-1
2024-04-10 16:24:48.116,20855,20856,20855,1,-1
2024-04-10 16:24:49.544,20855,20856,20855,1,-1
2024-04-10 16:24:49.921,20854,20856,20856,1,1
2024-04-10 16:24:51.419,20854,20855,20854,1,-1
2024-04-10 16:24:51.479,20854,20855,20854,2,-2
2024-04-10 16:24:51.636,20854,20855,20854,1,-1
2024-04-10 16:24:51.640,20854,20855,20854,1,-1
2024-04-10 16:24:54.890,20854,20855,20854,1,-1
2024-04-10 16:25:01.580,20854,20855,20855,1,1
2024-04-10 16:25:01.581,20854,20855,20855,1,1
2024-04-10 16:25:01.976,20854,20856,20854,1,-1
2024-04-10 16:25:05.828,20854,20856,20854,5,-5
2024-04-10 16:25:07.887,20855,20856,20856,1,1
2024-04-10 16:25:08.375,20855,20857,20855,5,-5
2024-04-10 16:25:11.049,20855,20857,20855,5,-5
2024-04-10 16:25:12.840,20855,20857,20857,1,1
2024-04-10 16:25:13.467,20855,20857,20855,1,-1
2024-04-10 16:25:13.714,20855,20857,20855,5,-5
2024-04-10 16:25:13.780,20855,20857,20855,2,-2
2024-04-10 16:25:14.119,20855,20857,20857,1,1
2024-04-10 16:25:16.084,20855,20857,20855,5,-5
2024-04-10 16:25:18.731,20855,20857,20855,5,-5
2024-04-10 16:25:19.804,20855,20856,20856,1,1
2024-04-10 16:25:23.526,20856,20857,20855,3,-3
2024-04-10 16:25:23.526,20856,20857,20856,2,-2
2024-04-10 16:25:26.156,20855,20857,20855,5,-5
2024-04-10 16:25:28.367,20855,20857,20855,5,-5
2024-04-10 16:25:31.194,20856,20857,20856,1,-1
2024-04-10 16:25:31.194,20856,20857,20855,4,-4
2024-04-10 16:25:33.887,20856,20857,20856,5,-5
2024-04-10 16:25:42.367,20856,20857,20856,5,-5
2024-04-10 16:25:47.524,20856,20857,20856,5,-5
2024-04-10 16:25:49.954,20856,20857,20856,5,-5
2024-04-10 16:25:53.770,20856,20857,20857,1,1
2024-04-10 16:25:55.055,20856,20858,20856,3,-3
2024-04-10 16:25:59.087,20855,20856,20855,2,-2
2024-04-10 16:26:03.231,20855,20856,20856,1,1
2024-04-10 16:26:03.322,20855,20856,20856,1,1
2024-04-10 16:26:03.323,20855,20856,20856,1,1
2024-04-10 16:26:03.323,20855,20856,20856,1,1
2024-04-10 16:26:03.323,20855,20856,20856,8,8
2024-04-10 16:26:03.326,20855,20856,20857,1,1
2024-04-10 16:26:03.587,20856,20857,20855,3,-3
2024-04-10 16:26:03.587,20856,20857,20856,2,-2
2024-04-10 16:26:12.347,20856,20857,20857,1,1
2024-04-10 16:26:12.447,20856,20857,20857,1,1
2024-04-10 16:26:17.209,20857,20858,20858,1,1
2024-04-10 16:26:19.338,20857,20858,20857,4,-4
2024-04-10 16:26:28.465,20857,20858,20857,1,-1
2024-04-10 16:26:30.074,20857,20858,20857,5,-5
2024-04-10 16:26:30.404,20857,20858,20857,1,-1
2024-04-10 16:26:32.471,20857,20858,20857,3,-3
2024-04-10 16:26:42.607,20856,20857,20856,1,-1
2024-04-10 16:26:51.309,20856,20857,20856,1,-1
2024-04-10 16:26:55.176,20856,20857,20856,3,-3
2024-04-10 16:27:03.775,20856,20857,20856,1,-1
2024-04-10 16:27:09.191,20856,20857,20857,1,1
2024-04-10 16:27:14.706,20856,20857,20857,1,1
2024-04-10 16:27:15.754,20856,20857,20857,1,1
2024-04-10 16:27:16.197,20856,20857,20857,3,3
2024-04-10 16:27:21.188,20857,20858,20858,3,3
2024-04-10 16:27:21.188,20857,20858,20858,1,1
2024-04-10 16:27:21.189,20857,20858,20858,1,1
2024-04-10 16:27:21.846,20857,20859,20858,1,1
2024-04-10 16:27:30.119,20857,20858,20858,1,1
2024-04-10 16:27:33.485,20858,20859,20858,1,-1
2024-04-10 16:27:37.802,20858,20859,20858,1,-1
2024-04-10 16:27:42.011,20858,20859,20858,1,-1
2024-04-10 16:27:50.698,20857,20858,20858,1,1
2024-04-10 16:27:54.394,20857,20858,20858,1,1
2024-04-10 16:28:00.285,20858,20859,20858,1,-1
2024-04-10 16:28:00.285,20858,20859,20857,3,-3
2024-04-10 16:28:03.750,20857,20858,20858,1,1
2024-04-10 16:28:04.766,20858,20859,20859,2,2
2024-04-10 16:28:06.428,20858,20859,20858,1,-1
2024-04-10 16:28:06.998,20857,20859,20859,2,2
2024-04-10 16:28:13.737,20858,20859,20859,1,1
2024-04-10 16:28:18.135,20858,20859,20858,1,-1
2024-04-10 16:28:22.470,20858,20859,20859,1,1
2024-04-10 16:28:29.640,20858,20859,20858,1,-1
2024-04-10 16:28:50.728,20858,20859,20858,5,-5
2024-04-10 16:28:50.728,20858,20859,20858,10,-10
2024-04-10 16:28:52.473,20857,20858,20857,2,-2
2024-04-10 16:28:52.473,20857,20858,20857,5,-5
2024-04-10 16:28:52.473,20857,20858,20857,2,-2
2024-04-10 16:28:52.473,20857,20858,20857,3,-3
2024-04-10 16:28:52.473,20857,20858,20857,2,-2
2024-04-10 16:28:52.473,20857,20858,20857,3,-3
2024-04-10 16:29:01.129,20857,20858,20857,1,-1
2024-04-10 16:29:03.708,20856,20857,20857,1,1
2024-04-10 16:29:16.105,20856,20857,20857,1,1
2024-04-10 16:29:44.750,20857,20858,20857,2,-2
2024-04-10 16:29:49.057,20857,20858,20857,1,-1
2024-04-10 16:29:50.047,20856,20858,20858,1,1
2024-04-10 16:29:52.149,20856,20858,20858,1,1
2024-04-10 16:30:06.728,20857,20858,20858,1,1
2024-04-10 16:30:07.154,20857,20858,20857,1,-1
2024-04-10 16:30:07.166,20857,20858,20857,1,-1
2024-04-10 16:30:07.203,20857,20858,20857,1,-1
2024-04-10 16:30:07.551,20856,20858,20858,1,1
2024-04-10 16:30:13.063,20857,20858,20858,2,2
2024-04-10 16:30:55.903,20857,20859,20859,1,1
2024-04-10 16:31:02.191,20858,20859,20858,1,-1
2024-04-10 16:31:21.290,20858,20859,20859,1,1
2024-04-10 16:31:21.290,20858,20859,20859,4,4
2024-04-10 16:31:21.290,20858,20859,20859,4,4
2024-04-10 16:31:21.727,20859,20860,20860,1,1
2024-04-10 16:31:21.878,20859,20860,20860,2,2
2024-04-10 16:31:21.924,20859,20860,20860,1,1
2024-04-10 16:31:21.936,20859,20860,20860,1,1
2024-04-10 16:31:21.951,20859,20861,20861,1,1
2024-04-10 16:31:21.961,20859,20861,20861,1,1
2024-04-10 16:31:23.672,20859,20861,20861,3,3
2024-04-10 16:31:39.059,20860,20861,20861,1,1
2024-04-10 16:31:45.704,20860,20861,20861,1,1
2024-04-10 16:31:46.618,20860,20861,20861,1,1
2024-04-10 16:31:56.537,20860,20861,20861,1,1
2024-04-10 16:32:10.687,20860,20862,20860,2,-2
2024-04-10 16:32:15.176,20860,20861,20861,1,1
2024-04-10 16:32:24.110,20861,20862,20862,1,1
2024-04-10 16:32:26.338,20861,20863,20863,1,1
2024-04-10 16:32:28.050,20862,20863,20863,1,1
2024-04-10 16:32:30.990,20862,20863,20863,5,5
2024-04-10 16:32:32.905,20862,20863,20863,2,2
2024-04-10 16:32:34.629,20862,20863,20863,3,3
2024-04-10 16:32:35.365,20862,20863,20863,1,1
2024-04-10 16:32:35.427,20862,20863,20863,1,1
2024-04-10 16:32:35.674,20862,20863,20862,1,-1
2024-04-10 16:32:37.342,20862,20863,20863,3,3
2024-04-10 16:32:41.936,20862,20863,20863,1,1
2024-04-10 16:32:47.052,20862,20863,20862,1,-1
2024-04-10 16:32:51.341,20861,20863,20861,2,-2
2024-04-10 16:33:06.885,20861,20862,20862,1,1
2024-04-10 16:33:15.779,20861,20862,20862,1,1
2024-04-10 16:33:17.940,20861,20862,20862,1,1
2024-04-10 16:33:19.357,20861,20862,20862,1,1
2024-04-10 16:33:28.521,20861,20862,20862,2,2
2024-04-10 16:33:32.044,20861,20862,20861,2,-2
2024-04-10 16:33:32.045,20861,20862,20861,1,-1
2024-04-10 16:33:56.725,20860,20861,20861,2,2
2024-04-10 16:33:56.939,20860,20862,20862,1,1
2024-04-10 16:33:59.412,20860,20862,20862,1,1
2024-04-10 16:34:27.185,20860,20861,20860,3,-3
2024-04-10 16:34:34.454,20860,20861,20860,1,-1
2024-04-10 16:35:11.539,20858,20859,20859,2,2
2024-04-10 16:35:12.157,20858,20859,20858,1,-1
2024-04-10 16:35:12.208,20858,20859,20859,6,6
2024-04-10 16:35:12.228,20858,20859,20858,1,-1
2024-04-10 16:35:12.228,20858,20859,20858,1,-1
2024-04-10 16:35:12.278,20858,20859,20858,1,-1
2024-04-10 16:35:12.581,20858,20859,20859,1,1
2024-04-10 16:35:14.659,20858,20859,20858,1,-1
2024-04-10 16:35:16.420,20858,20859,20858,2,-2
2024-04-10 16:35:16.675,20858,20859,20858,1,-1
2024-04-10 16:35:16.722,20857,20858,20858,1,1
2024-04-10 16:35:17.115,20857,20858,20858,1,1
2024-04-10 16:35:22.988,20856,20858,20856,1,-1
2024-04-10 16:35:27.966,20856,20858,20856,1,-1
2024-04-10 16:35:29.083,20856,20858,20856,1,-1
2024-04-10 16:35:33.666,20857,20858,20857,4,-4
2024-04-10 16:35:35.695,20857,20859,20859,3,3
2024-04-10 16:35:39.667,20857,20859,20857,1,-1
2024-04-10 16:35:46.087,20857,20859,20859,1,1
2024-04-10 16:36:02.525,20857,20858,20858,1,1
2024-04-10 16:36:02.668,20857,20859,20859,1,1
2024-04-10 16:36:06.211,20858,20859,20859,1,1
2024-04-10 16:36:49.265,20858,20859,20858,1,-1
2024-04-10 16:36:50.758,20857,20858,20857,1,-1
2024-04-10 16:36:53.953,20856,20857,20857,1,1
2024-04-10 16:37:14.831,20857,20859,20859,1,1
2024-04-10 16:37:17.106,20857,20859,20858,1,1
2024-04-10 16:37:17.106,20857,20859,20857,10,-10
2024-04-10 16:37:17.107,20857,20859,20857,1,-1
2024-04-10 16:37:24.361,20856,20858,20858,1,1
2024-04-10 16:37:30.707,20857,20859,20857,3,-3
2024-04-10 16:37:46.047,20857,20858,20858,2,2
2024-04-10 16:37:54.917,20857,20859,20857,1,-1
2024-04-10 16:37:55.450,20857,20859,20857,3,-3
2024-04-10 16:38:27.798,20858,20859,20859,1,1
2024-04-10 16:38:33.317,20858,20859,20858,1,-1
2024-04-10 16:39:00.590,20856,20858,20858,1,1
2024-04-10 16:39:14.544,20858,20859,20859,1,1
2024-04-10 16:39:20.204,20859,20860,20859,1,-1
2024-04-10 16:40:00.380,20859,20860,20859,1,-1
2024-04-10 16:40:17.120,20859,20860,20859,1,-1
2024-04-10 16:40:26.337,20859,20860,20859,1,-1
2024-04-10 16:40:55.833,20858,20859,20859,1,1
2024-04-10 16:40:56.668,20858,20859,20858,1,-1
2024-04-10 16:41:00.832,20858,20859,20859,1,1
2024-04-10 16:41:20.625,20858,20859,20859,1,1
2024-04-10 16:41:44.663,20858,20859,20859,1,1
2024-04-10 16:41:59.877,20858,20860,20860,4,4
2024-04-10 16:42:15.872,20860,20862,20862,1,1
2024-04-10 16:42:28.454,20861,20862,20862,1,1
2024-04-10 16:42:30.231,20861,20862,20862,4,4
2024-04-10 16:42:44.864,20861,20862,20862,1,1
2024-04-10 16:42:56.928,20861,20862,20862,1,1
2024-04-10 16:44:00.732,20862,20863,20863,3,3
2024-04-10 16:44:11.830,20862,20863,20862,2,-2
2024-04-10 16:44:19.989,20861,20862,20861,5,-5
2024-04-10 16:44:24.437,20860,20861,20860,1,-1
2024-04-10 16:44:26.404,20860,20861,20861,1,1
2024-04-10 16:44:40.768,20861,20862,20861,1,-1
2024-04-10 16:44:40.768,20861,20862,20860,2,-2
2024-04-10 16:44:42.105,20860,20862,20860,3,-3
2024-04-10 16:44:43.218,20861,20862,20861,1,-1
2024-04-10 16:44:43.218,20861,20862,20860,2,-2
2024-04-10 16:45:00.364,20859,20861,20859,1,-1
2024-04-10 16:45:11.302,20859,20860,20859,1,-1
2024-04-10 16:45:11.302,20859,20860,20860,1,1
2024-04-10 16:45:20.769,20860,20862,20860,1,-1
2024-04-10 16:45:28.568,20860,20861,20861,1,1
2024-04-10 16:46:02.378,20860,20862,20861,1,1
2024-04-10 16:47:00.917,20859,20860,20860,1,1
2024-04-10 16:47:10.365,20859,20860,20859,3,-3
2024-04-10 16:47:10.366,20859,20860,20859,3,-3
2024-04-10 16:47:10.367,20859,20860,20858,2,-2
2024-04-10 16:47:19.847,20857,20858,20857,1,-1
2024-04-10 16:47:24.547,20856,20857,20856,1,-1
2024-04-10 16:47:26.188,20856,20857,20857,2,2
2024-04-10 16:47:31.405,20858,20860,20858,1,-1
2024-04-10 16:47:31.560,20857,20859,20857,1,-1
2024-04-10 16:47:32.612,20857,20859,20859,1,1
2024-04-10 16:47:37.928,20857,20858,20858,1,1
2024-04-10 16:47:37.928,20857,20858,20859,1,1
2024-04-10 16:47:53.233,20858,20860,20858,1,-1
2024-04-10 16:48:11.561,20858,20859,20859,1,1
2024-04-10 16:48:21.027,20860,20861,20861,2,2
2024-04-10 16:48:34.701,20861,20862,20861,1,-1
2024-04-10 16:49:00.312,20860,20862,20862,1,1
2024-04-10 16:49:00.678,20862,20863,20863,1,1
2024-04-10 16:49:05.273,20862,20863,20863,1,1
2024-04-10 16:49:06.951,20862,20863,20863,1,1
2024-04-10 16:49:28.475,20862,20863,20863,1,1
2024-04-10 16:49:34.369,20862,20864,20862,4,-4
2024-04-10 16:50:20.670,20863,20864,20863,1,-1
2024-04-10 16:50:27.653,20862,20864,20864,12,12
2024-04-10 16:50:27.762,20864,20865,20864,1,-1
2024-04-10 16:50:36.826,20863,20864,20864,1,1
2024-04-10 16:50:48.058,20864,20865,20865,1,1
2024-04-10 16:50:48.174,20864,20865,20864,1,-1
2024-04-10 16:50:55.684,20864,20865,20865,3,3
2024-04-10 16:50:55.685,20864,20865,20865,10,10
2024-04-10 16:51:16.710,20864,20865,20865,1,1
2024-04-10 16:51:18.189,20864,20865,20865,3,3
2024-04-10 16:51:18.941,20864,20865,20865,1,1
2024-04-10 16:51:19.923,20864,20865,20864,5,-5
2024-04-10 16:51:27.503,20864,20865,20864,2,-2
2024-04-10 16:51:37.022,20864,20865,20864,1,-1
2024-04-10 16:52:02.054,20864,20865,20865,4,4
2024-04-10 16:52:22.985,20865,20866,20865,1,-1
2024-04-10 16:52:35.860,20865,20866,20865,1,-1
2024-04-10 16:52:37.789,20865,20866,20865,1,-1
2024-04-10 16:52:48.170,20865,20866,20865,3,-3
2024-04-10 16:52:56.717,20864,20865,20865,1,1
2024-04-10 16:52:58.892,20864,20865,20865,1,1
2024-04-10 16:53:13.483,20865,20866,20866,1,1
2024-04-10 16:53:24.092,20865,20866,20866,12,12
2024-04-10 16:53:24.092,20865,20866,20866,1,1
2024-04-10 16:53:37.660,20866,20867,20866,2,-2
2024-04-10 16:53:44.331,20866,20867,20867,1,1
2024-04-10 16:53:44.331,20866,20867,20867,1,1
2024-04-10 16:53:44.331,20866,20867,20867,4,4
2024-04-10 16:53:44.331,20866,20867,20867,10,10
2024-04-10 16:53:44.331,20866,20867,20867,5,5
2024-04-10 16:53:44.331,20866,20867,20867,2,2
2024-04-10 16:53:44.331,20866,20867,20867,2,2
2024-04-10 16:53:44.462,20867,20868,20868,1,1
2024-04-10 16:53:44.577,20867,20868,20868,8,8
2024-04-10 16:53:44.578,20867,20868,20868,2,2
2024-04-10 16:53:49.643,20868,20869,20868,1,-1
2024-04-10 16:53:53.542,20867,20868,20868,1,1
2024-04-10 16:53:54.024,20867,20868,20868,1,1
2024-04-10 16:53:58.233,20867,20869,20869,1,1
2024-04-10 16:54:04.198,20868,20869,20868,2,-2
2024-04-10 16:54:11.434,20866,20868,20868,1,1
2024-04-10 16:54:12.132,20866,20868,20868,1,1
2024-04-10 16:54:12.197,20866,20868,20868,1,1
2024-04-10 16:54:12.386,20866,20868,20868,2,2
2024-04-10 16:54:12.450,20866,20868,20868,1,1
2024-04-10 16:54:25.846,20867,20868,20868,6,6
2024-04-10 16:54:26.463,20867,20868,20868,1,1
2024-04-10 16:54:26.572,20867,20868,20868,1,1
2024-04-10 16:54:26.572,20867,20868,20868,1,1
2024-04-10 16:54:34.100,20867,20868,20868,6,6
2024-04-10 16:54:36.660,20867,20868,20867,1,-1
2024-04-10 16:54:38.220,20867,20868,20868,1,1
2024-04-10 16:54:40.875,20867,20868,20868,3,3
2024-04-10 16:54:41.018,20867,20868,20867,1,-1
2024-04-10 16:54:42.876,20866,20868,20868,12,12
2024-04-10 16:54:42.876,20866,20868,20869,8,8
2024-04-10 16:54:43.111,20867,20868,20869,11,11
2024-04-10 16:54:43.111,20867,20868,20868,1,1
2024-04-10 16:54:43.176,20867,20868,20869,7,7
2024-04-10 16:54:43.177,20867,20868,20869,1,1
2024-04-10 16:54:43.177,20867,20868,20869,1,1
2024-04-10 16:54:50.807,20868,20869,20869,1,1
2024-04-10 16:54:52.749,20868,20869,20868,2,-2
2024-04-10 16:54:56.535,20868,20869,20868,1,-1
2024-04-10 16:55:01.031,20868,20869,20868,1,-1
2024-04-10 16:55:02.365,20868,20869,20869,4,4
2024-04-10 16:55:14.241,20868,20869,20869,1,1
2024-04-10 16:55:15.628,20868,20869,20869,1,1
2024-04-10 16:55:15.783,20868,20869,20869,1,1
2024-04-10 16:55:22.234,20868,20869,20868,1,-1
2024-04-10 16:55:24.135,20868,20869,20869,1,1
2024-04-10 16:55:31.789,20868,20869,20869,1,1
2024-04-10 16:55:33.881,20869,20870,20869,1,-1
2024-04-10 16:55:35.938,20868,20869,20869,1,1
2024-04-10 16:55:44.786,20868,20870,20868,1,-1
2024-04-10 16:55:48.307,20868,20870,20870,2,2
2024-04-10 16:55:48.307,20868,20870,20870,1,1
2024-04-10 16:55:48.307,20868,20870,20870,2,2
2024-04-10 16:55:48.307,20868,20870,20870,1,1
2024-04-10 16:55:48.307,20868,20870,20870,1,1
2024-04-10 16:55:48.307,20868,20870,20870,1,1
2024-04-10 16:55:48.307,20868,20870,20870,2,2
2024-04-10 16:55:48.401,20869,20870,20870,3,3
2024-04-10 16:55:50.291,20869,20870,20870,1,1
2024-04-10 16:55:52.817,20869,20870,20870,1,1
2024-04-10 16:55:53.727,20869,20870,20870,1,1
2024-04-10 16:55:58.643,20869,20870,20870,3,3
2024-04-10 16:55:59.990,20869,20870,20870,1,1
2024-04-10 16:56:04.157,20869,20870,20870,1,1
2024-04-10 16:56:04.176,20869,20870,20870,4,4
2024-04-10 16:56:04.177,20869,20870,20870,1,1
2024-04-10 16:56:04.177,20869,20870,20870,2,2
2024-04-10 16:56:04.177,20869,20870,20870,1,1
2024-04-10 16:56:04.216,20870,20871,20871,1,1
2024-04-10 16:56:04.450,20870,20871,20871,1,1
2024-04-10 16:56:05.574,20869,20870,20870,1,1
2024-04-10 16:56:10.867,20870,20871,20871,1,1
2024-04-10 16:56:13.334,20870,20871,20871,2,2
2024-04-10 16:56:17.419,20870,20871,20870,1,-1
2024-04-10 16:56:19.063,20869,20871,20871,1,1
2024-04-10 16:56:23.751,20869,20871,20871,1,1
2024-04-10 16:56:33.786,20869,20870,20870,1,1
2024-04-10 16:56:33.786,20869,20870,20871,7,7
2024-04-10 16:56:45.206,20870,20871,20871,1,1
2024-04-10 16:56:52.137,20870,20872,20872,1,1
2024-04-10 16:56:54.831,20870,20871,20871,1,1
2024-04-10 16:57:06.356,20871,20872,20871,1,-1
2024-04-10 16:57:11.731,20870,20871,20871,1,1
2024-04-10 16:57:19.201,20870,20871,20870,5,-5
2024-04-10 16:57:19.201,20870,20871,20870,5,-5
2024-04-10 16:57:19.201,20870,20871,20870,1,-1
2024-04-10 16:57:19.201,20870,20871,20870,1,-1
2024-04-10 16:57:30.380,20869,20870,20870,3,3
2024-04-10 16:57:38.846,20869,20870,20869,2,-2
2024-04-10 16:57:44.159,20869,20870,20869,2,-2
2024-04-10 16:57:45.645,20868,20869,20868,1,-1
2024-04-10 16:57:48.985,20868,20869,20868,2,-2
2024-04-10 16:57:55.453,20868,20869,20868,1,-1
2024-04-10 16:58:03.995,20868,20869,20869,1,1
2024-04-10 16:58:03.995,20868,20869,20870,19,19
2024-04-10 16:58:04.442,20868,20870,20870,9,9
2024-04-10 16:58:06.601,20870,20871,20871,2,2
2024-04-10 16:58:06.601,20870,20871,20870,1,-1
2024-04-10 16:58:11.954,20871,20872,20872,2,2
2024-04-10 16:58:14.201,20871,20872,20871,1,-1
2024-04-10 16:58:17.085,20870,20871,20871,1,1
2024-04-10 16:58:20.710,20870,20872,20872,1,1
2024-04-10 16:58:32.099,20870,20871,20871,4,4
2024-04-10 16:58:32.205,20870,20872,20872,3,3
2024-04-10 16:58:45.045,20870,20872,20872,4,4
2024-04-10 16:58:50.315,20870,20871,20871,5,5
2024-04-10 16:59:02.818,20870,20871,20871,1,1
2024-04-10 16:59:03.385,20870,20871,20870,3,-3
2024-04-10 16:59:04.284,20870,20871,20870,1,-1
2024-04-10 16:59:24.777,20868,20869,20869,1,1
2024-04-10 16:59:24.777,20868,20869,20869,1,1
2024-04-10 16:59:31.638,20868,20870,20868,3,-3
2024-04-10 16:59:32.991,20868,20870,20868,3,-3
2024-04-10 16:59:35.150,20868,20870,20868,1,-1
2024-04-10 16:59:45.589,20869,20870,20870,1,1
2024-04-10 16:59:45.589,20869,20870,20870,3,3
2024-04-10 16:59:45.589,20869,20870,20870,1,1
2024-04-10 16:59:45.589,20869,20870,20870,1,1
2024-04-10 17:00:00.210,20869,20871,20869,2,-2
2024-04-10 17:00:00.540,20869,20871,20871,1,1
2024-04-10 17:00:00.556,20869,20871,20871,1,1
2024-04-10 17:00:00.587,20869,20871,20871,3,3
2024-04-10 17:00:00.590,20869,20871,20871,1,1
2024-04-10 17:00:00.600,20869,20871,20871,1,1
2024-04-10 17:00:00.705,20869,20871,20871,1,1
2024-04-10 17:00:02.955,20869,20871,20871,10,10
2024-04-10 17:00:04.357,20870,20871,20871,1,1
2024-04-10 17:00:04.555,20870,20871,20871,1,1
2024-04-10 17:00:04.555,20870,20871,20871,3,3
2024-04-10 17:00:04.686,20870,20872,20872,1,1
2024-04-10 17:00:04.880,20870,20872,20872,1,1
2024-04-10 17:00:05.961,20870,20872,20872,8,8
2024-04-10 17:00:06.861,20870,20872,20872,1,1
2024-04-10 17:00:11.875,20870,20872,20872,1,1
2024-04-10 17:00:12.059,20870,20871,20871,1,1
2024-04-10 17:00:12.269,20870,20872,20872,2,2
2024-04-10 17:00:17.383,20870,20872,20872,4,4
2024-04-10 17:00:38.677,20871,20872,20872,1,1
2024-04-10 17:00:38.677,20871,20872,20872,1,1
2024-04-10 17:00:38.677,20871,20872,20872,2,2
2024-04-10 17:00:38.677,20871,20872,20872,1,1
2024-04-10 17:00:38.677,20871,20872,20872,14,14
2024-04-10 17:00:38.677,20871,20872,20872,1,1
2024-04-10 17:00:38.677,20871,20872,20872,1,1
2024-04-10 17:00:38.678,20871,20872,20872,1,1
2024-04-10 17:00:48.130,20872,20873,20873,1,1
2024-04-10 17:00:48.201,20872,20873,20873,1,1
2024-04-10 17:00:48.217,20872,20873,20873,1,1
2024-04-10 17:00:48.468,20872,20873,20873,1,1
2024-04-10 17:00:49.003,20872,20873,20873,1,1
2024-04-10 17:00:50.701,20872,20873,20873,1,1
2024-04-10 17:00:51.259,20872,20873,20873,1,1
2024-04-10 17:00:54.300,20872,20873,20873,1,1
2024-04-10 17:00:54.301,20872,20873,20873,3,3
2024-04-10 17:00:54.301,20872,20873,20873,2,2
2024-04-10 17:00:57.891,20873,20874,20873,1,-1
2024-04-10 17:01:05.771,20873,20874,20873,1,-1
2024-04-10 17:01:08.891,20873,20874,20873,2,-2
2024-04-10 17:01:08.892,20873,20874,20873,1,-1
2024-04-10 17:01:08.892,20873,20874,20873,4,-4
2024-04-10 17:01:09.129,20872,20873,20873,3,3
2024-04-10 17:01:10.331,20872,20873,20872,1,-1
