2019-09-12 15:00:00.000,10818,10819,10821,29,29
2019-09-12 15:00:00.089,10820,10821,10820,1,-1
2019-09-12 15:00:00.089,10820,10821,10819,3,-3
2019-09-12 15:00:00.192,10819,10821,10821,1,1
2019-09-12 15:00:00.206,10819,10821,10821,1,1
2019-09-12 15:00:00.215,10819,10821,10821,1,1
2019-09-12 15:00:00.260,10819,10821,10821,1,1
2019-09-12 15:00:00.279,10819,10821,10821,1,1
2019-09-12 15:00:00.293,10819,10821,10821,1,1
2019-09-12 15:00:00.796,10819,10821,10821,1,1
2019-09-12 15:00:00.878,10819,10821,10819,1,-1
2019-09-12 15:00:01.210,10820,10821,10820,2,2
2019-09-12 15:00:01.218,10820,10821,10820,2,-2
2019-09-12 15:00:01.237,10820,10821,10820,1,-1
2019-09-12 15:00:01.428,10819,10820,10820,1,1
2019-09-12 15:00:01.813,10820,10821,10820,2,-2
2019-09-12 15:00:03.801,10820,10821,10820,1,-1
2019-09-12 15:00:05.477,10820,10821,10820,1,-1
2019-09-12 15:00:05.573,10819,10821,10820,1,-1
2019-09-12 15:00:05.642,10819,10821,10820,1,-1
2019-09-12 15:00:07.412,10819,10821,10819,1,-1
2019-09-12 15:00:08.789,10820,10821,10821,1,1
2019-09-12 15:00:09.153,10820,10821,10820,1,-1
2019-09-12 15:00:09.937,10820,10821,10820,4,-4
2019-09-12 15:00:12.053,10820,10821,10821,1,1
2019-09-12 15:00:13.123,10820,10821,10821,1,1
2019-09-12 15:00:13.428,10820,10821,10821,1,1
2019-09-12 15:00:14.681,10820,10821,10821,1,1
2019-09-12 15:00:22.618,10820,10821,10821,5,5
2019-09-12 15:00:24.546,10820,10821,10820,3,-3
2019-09-12 15:00:27.003,10820,10821,10821,1,1
2019-09-12 15:00:29.710,10820,10821,10821,3,3
2019-09-12 15:00:30.163,10820,10822,10820,1,-1
2019-09-12 15:00:30.720,10820,10821,10821,1,1
2019-09-12 15:00:31.394,10820,10821,10821,3,3
2019-09-12 15:00:31.428,10820,10821,10821,2,2
2019-09-12 15:00:31.890,10821,10822,10821,2,-2
2019-09-12 15:00:35.286,10821,10822,10821,1,-1
2019-09-12 15:00:36.020,10821,10822,10822,6,6
2019-09-12 15:00:43.494,10821,10822,10821,2,-2
2019-09-12 15:00:43.579,10821,10822,10821,1,-1
2019-09-12 15:00:46.143,10821,10822,10822,2,2
2019-09-12 15:00:47.295,10822,10823,10822,1,-1
2019-09-12 15:00:47.894,10821,10822,10821,1,-1
2019-09-12 15:00:53.136,10821,10822,10821,1,-1
2019-09-12 15:00:54.671,10821,10822,10821,1,-1
2019-09-12 15:00:55.228,10821,10822,10821,1,-1
2019-09-12 15:00:55.576,10821,10822,10822,2,2
2019-09-12 15:00:58.363,10821,10822,10821,1,-1
2019-09-12 15:00:58.560,10821,10822,10822,1,1
2019-09-12 15:01:00.091,10821,10822,10821,1,-1
2019-09-12 15:01:00.166,10821,10822,10821,1,-1
2019-09-12 15:01:00.428,10821,10822,10822,1,1
2019-09-12 15:01:02.867,10821,10822,10822,4,4
2019-09-12 15:01:05.570,10821,10822,10822,1,1
2019-09-12 15:01:06.564,10821,10822,10822,1,1
2019-09-12 15:01:08.977,10821,10823,10823,6,6
2019-09-12 15:01:12.043,10821,10823,10822,1,-1
2019-09-12 15:01:23.770,10822,10823,10822,1,-1
2019-09-12 15:01:25.598,10822,10823,10822,8,-8
2019-09-12 15:01:27.362,10821,10822,10821,14,-14
2019-09-12 15:01:37.362,10820,10821,10821,1,1
2019-09-12 15:01:42.491,10820,10821,10821,1,1
2019-09-12 15:01:44.212,10820,10821,10821,1,1
2019-09-12 15:01:46.281,10820,10821,10821,1,1
2019-09-12 15:01:47.191,10820,10821,10820,1,-1
2019-09-12 15:01:48.259,10820,10821,10821,1,1
2019-09-12 15:01:50.141,10820,10821,10820,5,-5
2019-09-12 15:01:50.167,10820,10821,10820,2,-2
2019-09-12 15:01:50.175,10820,10821,10820,1,-1
2019-09-12 15:01:50.176,10820,10821,10820,1,-1
2019-09-12 15:01:50.176,10820,10821,10820,2,-2
2019-09-12 15:01:50.176,10820,10821,10820,11,-11
2019-09-12 15:01:50.178,10820,10821,10820,2,-2
2019-09-12 15:01:50.279,10820,10821,10820,1,-1
2019-09-12 15:01:53.629,10819,10820,10820,1,1
2019-09-12 15:01:55.016,10819,10820,10820,1,1
2019-09-12 15:01:57.208,10819,10820,10819,6,-6
2019-09-12 15:01:58.451,10818,10819,10818,1,-1
2019-09-12 15:01:58.871,10818,10819,10819,1,1
2019-09-12 15:02:03.805,10818,10819,10819,1,1
2019-09-12 15:02:04.681,10818,10819,10819,4,4
2019-09-12 15:02:04.681,10818,10819,10820,2,2
2019-09-12 15:02:04.906,10818,10819,10818,1,-1
2019-09-12 15:02:06.512,10818,10819,10818,9,-9
2019-09-12 15:02:09.465,10817,10818,10817,9,-9
2019-09-12 15:02:09.665,10816,10818,10816,1,-1
2019-09-12 15:02:10.487,10816,10818,10816,1,-1
2019-09-12 15:02:11.335,10816,10818,10816,1,-1
2019-09-12 15:02:12.494,10816,10817,10817,1,1
2019-09-12 15:02:14.084,10816,10817,10817,1,1
2019-09-12 15:02:14.485,10816,10817,10816,1,-1
2019-09-12 15:02:14.586,10816,10817,10816,5,-5
2019-09-12 15:02:14.718,10816,10817,10817,1,1
2019-09-12 15:02:15.777,10816,10817,10817,1,1
2019-09-12 15:02:16.735,10816,10817,10816,4,-4
2019-09-12 15:02:19.388,10816,10817,10816,4,-4
2019-09-12 15:02:21.160,10816,10817,10816,1,-1
2019-09-12 15:02:21.954,10816,10817,10816,1,-1
2019-09-12 15:02:22.666,10816,10817,10816,2,-2
2019-09-12 15:02:22.873,10816,10817,10816,3,-3
2019-09-12 15:02:25.648,10816,10817,10816,1,-1
2019-09-12 15:02:26.951,10816,10817,10816,5,-5
2019-09-12 15:02:28.773,10816,10817,10816,4,-4
2019-09-12 15:02:31.998,10816,10817,10816,1,-1
2019-09-12 15:02:32.485,10816,10817,10816,1,-1
2019-09-12 15:02:35.791,10816,10817,10816,1,-1
2019-09-12 15:02:36.931,10816,10817,10816,2,-2
2019-09-12 15:02:38.523,10816,10817,10816,1,-1
2019-09-12 15:02:46.970,10816,10817,10816,4,-4
2019-09-12 15:02:49.435,10816,10817,10816,1,-1
2019-09-12 15:02:49.670,10816,10817,10816,1,-1
2019-09-12 15:02:49.918,10816,10817,10816,1,-1
2019-09-12 15:02:50.150,10816,10817,10816,1,-1
2019-09-12 15:02:50.374,10816,10817,10816,1,-1
2019-09-12 15:03:00.540,10816,10817,10817,1,1
2019-09-12 15:03:03.277,10816,10817,10816,2,-2
2019-09-12 15:03:03.560,10816,10817,10816,2,-2
2019-09-12 15:03:03.868,10816,10817,10816,1,-1
2019-09-12 15:03:05.987,10816,10817,10816,2,-2
2019-09-12 15:03:18.872,10816,10817,10817,1,1
2019-09-12 15:03:23.774,10816,10817,10817,1,1
2019-09-12 15:03:25.241,10816,10817,10817,1,1
2019-09-12 15:03:28.579,10816,10817,10817,3,3
2019-09-12 15:03:28.585,10816,10817,10817,2,2
2019-09-12 15:03:28.590,10816,10817,10817,1,1
2019-09-12 15:03:28.678,10816,10817,10817,7,7
2019-09-12 15:03:34.190,10817,10818,10818,1,1
2019-09-12 15:03:34.446,10817,10818,10818,2,2
2019-09-12 15:03:34.516,10817,10818,10818,2,2
2019-09-12 15:03:34.553,10817,10818,10818,1,1
2019-09-12 15:03:35.025,10818,10819,10819,2,2
2019-09-12 15:03:35.045,10818,10819,10819,1,1
2019-09-12 15:03:35.674,10818,10819,10818,1,-1
2019-09-12 15:03:38.329,10818,10819,10818,1,-1
2019-09-12 15:03:41.905,10818,10819,10818,1,-1
2019-09-12 15:03:46.999,10818,10819,10818,1,-1
2019-09-12 15:03:59.495,10818,10819,10819,1,1
2019-09-12 15:04:10.619,10818,10819,10819,1,1
2019-09-12 15:04:11.160,10818,10819,10818,2,-2
2019-09-12 15:04:13.926,10818,10819,10818,10,-10
2019-09-12 15:04:16.793,10818,10819,10818,1,-1
2019-09-12 15:04:19.044,10818,10819,10818,1,-1
2019-09-12 15:04:20.432,10818,10819,10818,3,-3
2019-09-12 15:04:21.164,10818,10819,10818,1,-1
2019-09-12 15:04:22.265,10818,10819,10818,1,-1
2019-09-12 15:04:34.553,10818,10819,10818,5,-5
2019-09-12 15:04:50.556,10817,10818,10817,1,-1
2019-09-12 15:04:53.157,10817,10818,10817,1,-1
2019-09-12 15:04:54.454,10817,10818,10817,1,-1
2019-09-12 15:04:54.491,10817,10818,10817,1,-1
2019-09-12 15:05:02.839,10817,10818,10817,1,-1
2019-09-12 15:05:10.770,10817,10818,10817,2,-2
2019-09-12 15:05:10.798,10817,10818,10817,1,-1
2019-09-12 15:05:17.449,10817,10818,10818,1,1
2019-09-12 15:05:26.489,10817,10818,10817,1,-1
2019-09-12 15:05:37.635,10817,10818,10818,1,1
2019-09-12 15:05:37.795,10817,10818,10818,1,1
2019-09-12 15:05:40.068,10817,10818,10817,1,-1
2019-09-12 15:05:40.270,10817,10818,10817,1,-1
2019-09-12 15:05:40.389,10817,10818,10818,5,5
2019-09-12 15:05:40.551,10817,10818,10818,3,3
2019-09-12 15:06:02.829,10817,10818,10818,1,1
2019-09-12 15:06:03.264,10817,10818,10817,2,-2
2019-09-12 15:06:03.321,10817,10818,10817,2,-2
2019-09-12 15:06:05.739,10817,10818,10818,1,1
2019-09-12 15:06:13.554,10817,10818,10818,3,3
2019-09-12 15:06:17.746,10817,10818,10818,1,1
2019-09-12 15:06:20.121,10817,10818,10818,1,1
2019-09-12 15:06:20.389,10817,10818,10818,1,1
2019-09-12 15:06:23.159,10817,10818,10818,1,1
2019-09-12 15:06:31.927,10817,10818,10817,26,-26
2019-09-12 15:06:37.009,10816,10817,10816,2,-2
2019-09-12 15:06:37.053,10816,10817,10816,1,-1
2019-09-12 15:06:37.644,10816,10817,10816,19,-19
2019-09-12 15:06:38.602,10815,10816,10815,1,-1
2019-09-12 15:06:38.858,10815,10816,10815,1,-1
2019-09-12 15:06:38.890,10815,10816,10815,1,-1
2019-09-12 15:06:38.925,10815,10816,10815,1,-1
2019-09-12 15:06:39.198,10815,10816,10815,1,-1
2019-09-12 15:06:39.263,10815,10816,10815,1,-1
2019-09-12 15:06:39.399,10815,10816,10815,1,-1
2019-09-12 15:06:39.592,10815,10816,10815,1,-1
2019-09-12 15:06:39.756,10815,10816,10815,1,-1
2019-09-12 15:06:39.785,10815,10816,10815,2,-2
2019-09-12 15:06:39.944,10815,10816,10815,1,-1
2019-09-12 15:06:40.105,10815,10816,10815,1,-1
2019-09-12 15:06:40.260,10815,10816,10815,1,-1
2019-09-12 15:06:40.599,10815,10816,10815,1,-1
2019-09-12 15:06:41.394,10815,10816,10815,1,-1
2019-09-12 15:06:41.539,10815,10816,10815,1,-1
2019-09-12 15:06:41.852,10815,10816,10815,1,-1
2019-09-12 15:06:42.106,10815,10816,10816,1,1
2019-09-12 15:06:42.286,10815,10816,10816,1,1
2019-09-12 15:06:42.439,10815,10816,10815,1,-1
2019-09-12 15:06:43.318,10815,10816,10815,1,-1
2019-09-12 15:06:48.078,10815,10816,10816,2,2
2019-09-12 15:06:50.233,10816,10817,10816,1,-1
2019-09-12 15:06:52.242,10816,10818,10816,1,-1
2019-09-12 15:06:59.031,10816,10817,10817,1,1
2019-09-12 15:06:59.901,10817,10818,10817,1,-1
2019-09-12 15:07:03.479,10817,10818,10817,1,-1
2019-09-12 15:07:03.858,10817,10818,10818,1,1
2019-09-12 15:07:10.123,10817,10818,10817,2,-2
2019-09-12 15:07:24.308,10816,10817,10817,1,1
2019-09-12 15:07:32.448,10816,10817,10817,1,1
2019-09-12 15:07:32.861,10816,10817,10816,1,-1
2019-09-12 15:07:32.869,10816,10817,10816,1,-1
2019-09-12 15:07:34.742,10816,10817,10816,9,-9
2019-09-12 15:07:41.878,10815,10816,10815,1,-1
2019-09-12 15:07:44.436,10815,10816,10816,5,5
2019-09-12 15:07:54.156,10815,10816,10816,1,1
2019-09-12 15:07:56.834,10815,10816,10816,1,1
2019-09-12 15:08:01.879,10815,10816,10816,1,1
2019-09-12 15:08:01.918,10815,10816,10816,1,1
2019-09-12 15:08:02.983,10815,10816,10815,10,-10
2019-09-12 15:08:03.171,10815,10816,10815,10,-10
2019-09-12 15:08:03.179,10815,10816,10815,3,-3
2019-09-12 15:08:03.479,10814,10815,10815,1,1
2019-09-12 15:08:09.224,10814,10815,10814,1,-1
2019-09-12 15:08:09.326,10814,10815,10814,1,-1
2019-09-12 15:08:09.748,10814,10815,10814,1,-1
2019-09-12 15:08:09.810,10814,10815,10814,1,-1
2019-09-12 15:08:10.040,10814,10815,10814,1,-1
2019-09-12 15:08:10.045,10814,10815,10814,3,-3
2019-09-12 15:08:10.177,10814,10815,10814,1,-1
2019-09-12 15:08:10.178,10814,10815,10814,1,-1
2019-09-12 15:08:10.428,10813,10814,10814,1,1
2019-09-12 15:08:12.845,10813,10814,10814,1,1
2019-09-12 15:08:15.545,10813,10814,10814,2,2
2019-09-12 15:08:21.300,10814,10815,10814,1,-1
2019-09-12 15:08:21.644,10814,10815,10814,1,-1
2019-09-12 15:08:24.983,10814,10815,10815,33,33
2019-09-12 15:08:25.304,10815,10816,10816,2,2
2019-09-12 15:08:25.428,10815,10817,10816,1,-1
2019-09-12 15:08:25.442,10815,10817,10816,1,-1
2019-09-12 15:08:26.397,10815,10817,10815,1,-1
2019-09-12 15:08:37.938,10815,10816,10816,1,1
2019-09-12 15:08:41.927,10816,10817,10816,1,-1
2019-09-12 15:08:44.937,10816,10817,10816,1,-1
2019-09-12 15:08:45.349,10816,10817,10816,1,-1
2019-09-12 15:09:03.688,10815,10817,10815,3,-3
2019-09-12 15:09:04.160,10815,10817,10815,2,-2
2019-09-12 15:09:08.429,10815,10816,10815,4,-4
2019-09-12 15:09:28.338,10814,10815,10815,4,4
2019-09-12 15:09:30.350,10815,10816,10815,1,-1
2019-09-12 15:09:39.403,10815,10816,10815,4,-4
2019-09-12 15:09:42.138,10815,10816,10816,5,5
2019-09-12 15:09:49.096,10815,10816,10816,1,1
2019-09-12 15:09:50.037,10815,10816,10815,5,-5
2019-09-12 15:10:04.951,10815,10816,10816,1,1
2019-09-12 15:10:05.057,10815,10816,10815,1,-1
2019-09-12 15:10:05.781,10815,10816,10815,1,-1
2019-09-12 15:10:09.412,10815,10816,10815,1,-1
2019-09-12 15:10:10.056,10815,10816,10815,8,-8
2019-09-12 15:10:17.551,10814,10815,10814,1,-1
2019-09-12 15:10:18.861,10814,10815,10814,1,-1
2019-09-12 15:10:18.928,10814,10815,10814,3,-3
2019-09-12 15:10:21.979,10813,10815,10815,1,1
2019-09-12 15:10:23.061,10814,10815,10814,1,-1
2019-09-12 15:10:23.310,10813,10815,10813,1,-1
2019-09-12 15:10:23.466,10814,10815,10814,1,1
2019-09-12 15:10:23.532,10814,10815,10813,1,-1
2019-09-12 15:10:23.649,10813,10815,10813,2,-2
2019-09-12 15:10:23.680,10813,10815,10813,2,-2
2019-09-12 15:10:23.730,10813,10815,10813,4,-4
2019-09-12 15:10:23.742,10813,10815,10813,2,-2
2019-09-12 15:10:23.794,10813,10815,10813,2,-2
2019-09-12 15:10:23.803,10813,10815,10813,2,-2
2019-09-12 15:10:23.869,10813,10815,10813,2,-2
2019-09-12 15:10:23.890,10813,10815,10813,2,-2
2019-09-12 15:10:23.954,10813,10814,10813,2,-2
2019-09-12 15:10:23.985,10813,10814,10813,2,-2
2019-09-12 15:10:24.040,10813,10814,10813,2,-2
2019-09-12 15:10:24.044,10813,10814,10813,2,-2
2019-09-12 15:10:24.113,10813,10814,10813,1,-1
2019-09-12 15:10:24.113,10813,10814,10812,1,-1
2019-09-12 15:10:24.130,10813,10814,10812,2,-2
2019-09-12 15:10:24.196,10812,10814,10812,4,-4
2019-09-12 15:10:24.216,10812,10814,10812,4,-4
2019-09-12 15:10:24.273,10812,10814,10812,2,-2
2019-09-12 15:10:24.291,10812,10814,10812,4,-4
2019-09-12 15:10:24.317,10812,10814,10812,3,-3
2019-09-12 15:10:24.344,10812,10814,10812,4,-4
2019-09-12 15:10:24.368,10812,10814,10812,4,-4
2019-09-12 15:10:24.426,10812,10814,10812,4,-4
2019-09-12 15:10:24.454,10812,10813,10812,1,-1
2019-09-12 15:10:25.215,10812,10813,10813,4,4
2019-09-12 15:10:32.180,10813,10814,10814,1,1
2019-09-12 15:10:32.804,10813,10814,10814,3,3
2019-09-12 15:10:33.790,10813,10814,10814,1,1
2019-09-12 15:10:37.805,10813,10814,10814,1,1
2019-09-12 15:10:38.838,10813,10815,10813,1,-1
2019-09-12 15:10:41.285,10814,10815,10814,2,2
2019-09-12 15:10:45.025,10814,10815,10814,1,-1
2019-09-12 15:10:49.020,10814,10815,10815,1,1
2019-09-12 15:10:49.327,10814,10815,10814,5,-5
2019-09-12 15:11:04.715,10814,10815,10814,4,-4
2019-09-12 15:11:05.478,10813,10814,10813,2,-2
2019-09-12 15:11:11.539,10813,10814,10813,1,-1
2019-09-12 15:11:12.673,10813,10814,10813,1,-1
2019-09-12 15:11:13.930,10813,10814,10813,1,-1
2019-09-12 15:11:20.467,10813,10814,10813,2,-2
2019-09-12 15:11:21.155,10813,10814,10814,1,1
2019-09-12 15:11:25.314,10813,10814,10813,1,-1
2019-09-12 15:11:28.819,10813,10814,10814,1,1
2019-09-12 15:11:29.678,10813,10814,10814,4,4
2019-09-12 15:11:46.699,10813,10814,10814,1,1
2019-09-12 15:11:48.381,10813,10814,10814,1,1
2019-09-12 15:11:49.901,10813,10814,10814,1,1
2019-09-12 15:11:52.571,10813,10814,10813,5,-5
2019-09-12 15:11:56.197,10813,10814,10814,5,5
2019-09-12 15:12:05.418,10814,10815,10814,10,-10
2019-09-12 15:12:05.418,10814,10815,10814,2,-2
2019-09-12 15:12:05.428,10814,10815,10814,1,-1
2019-09-12 15:12:06.201,10813,10814,10814,1,1
2019-09-12 15:12:19.764,10813,10814,10813,2,-2
2019-09-12 15:12:23.182,10813,10814,10814,2,2
2019-09-12 15:12:32.078,10813,10814,10814,1,1
2019-09-12 15:12:34.830,10813,10814,10814,1,1
2019-09-12 15:12:37.162,10813,10814,10814,3,3
2019-09-12 15:12:42.211,10813,10814,10813,1,-1
2019-09-12 15:12:42.251,10813,10814,10814,1,1
2019-09-12 15:12:44.147,10813,10814,10813,1,-1
2019-09-12 15:12:44.190,10813,10814,10813,1,-1
2019-09-12 15:12:44.190,10813,10814,10813,1,-1
2019-09-12 15:12:44.190,10813,10814,10813,12,-12
2019-09-12 15:12:44.190,10813,10814,10813,2,-2
2019-09-12 15:12:44.190,10813,10814,10813,2,-2
2019-09-12 15:12:44.190,10813,10814,10813,1,-1
2019-09-12 15:12:44.880,10812,10813,10812,4,-4
2019-09-12 15:12:52.162,10812,10814,10812,5,-5
2019-09-12 15:12:52.694,10812,10814,10812,5,-5
2019-09-12 15:13:02.759,10812,10814,10812,6,-6
2019-09-12 15:13:15.248,10812,10813,10812,2,-2
2019-09-12 15:13:24.093,10812,10813,10812,2,-2
2019-09-12 15:13:24.623,10812,10813,10812,10,-10
2019-09-12 15:13:27.454,10812,10813,10812,3,-3
2019-09-12 15:13:28.219,10812,10813,10813,11,11
2019-09-12 15:13:28.564,10812,10813,10813,1,1
2019-09-12 15:13:30.803,10812,10813,10813,1,1
2019-09-12 15:13:31.009,10812,10814,10812,1,-1
2019-09-12 15:13:34.294,10812,10814,10814,1,1
2019-09-12 15:13:38.740,10812,10813,10813,1,1
2019-09-12 15:13:48.778,10812,10814,10814,3,3
2019-09-12 15:13:54.480,10813,10814,10814,2,2
2019-09-12 15:13:54.480,10813,10814,10815,3,3
2019-09-12 15:13:59.036,10813,10815,10815,1,1
2019-09-12 15:14:03.139,10814,10815,10815,1,1
2019-09-12 15:14:07.256,10814,10815,10814,1,-1
2019-09-12 15:14:07.455,10813,10814,10814,1,1
2019-09-12 15:14:11.430,10813,10814,10813,1,-1
2019-09-12 15:14:34.263,10813,10814,10814,2,2
2019-09-12 15:14:34.391,10813,10814,10814,1,1
2019-09-12 15:14:40.417,10813,10814,10814,3,3
2019-09-12 15:14:40.711,10814,10815,10814,1,-1
2019-09-12 15:14:51.013,10814,10815,10815,15,15
2019-09-12 15:14:59.505,10814,10815,10815,1,1
2019-09-12 15:15:18.147,10814,10815,10814,1,-1
2019-09-12 15:15:18.513,10814,10815,10814,2,-2
2019-09-12 15:15:18.587,10814,10815,10814,1,-1
2019-09-12 15:15:18.598,10814,10815,10814,1,-1
2019-09-12 15:15:18.631,10814,10815,10815,1,1
2019-09-12 15:15:19.419,10814,10815,10814,1,-1
2019-09-12 15:15:23.789,10814,10815,10814,1,-1
2019-09-12 15:15:25.999,10814,10815,10815,1,1
2019-09-12 15:15:27.538,10814,10815,10814,1,-1
2019-09-12 15:15:34.094,10814,10815,10815,1,1
2019-09-12 15:15:37.197,10814,10815,10814,1,-1
2019-09-12 15:15:37.742,10814,10815,10815,1,1
2019-09-12 15:15:39.282,10814,10815,10814,2,-2
2019-09-12 15:15:43.378,10814,10815,10815,4,4
2019-09-12 15:15:44.123,10814,10815,10815,1,1
2019-09-12 15:15:53.524,10814,10815,10815,2,2
2019-09-12 15:15:55.056,10814,10815,10815,1,1
2019-09-12 15:15:55.479,10814,10815,10815,1,1
2019-09-12 15:15:59.606,10814,10815,10815,2,2
2019-09-12 15:16:03.053,10814,10815,10815,2,2
2019-09-12 15:16:17.025,10815,10816,10815,1,-1
2019-09-12 15:16:26.673,10815,10816,10816,14,14
2019-09-12 15:16:43.013,10815,10816,10816,1,1
2019-09-12 15:16:54.519,10815,10816,10816,1,1
2019-09-12 15:17:00.469,10815,10816,10816,5,5
2019-09-12 15:17:00.820,10815,10816,10816,1,1
2019-09-12 15:17:01.802,10815,10816,10816,2,2
2019-09-12 15:17:02.219,10815,10816,10815,2,-2
2019-09-12 15:17:02.243,10815,10816,10815,2,-2
2019-09-12 15:17:02.257,10815,10816,10815,2,-2
2019-09-12 15:17:18.716,10815,10816,10815,1,-1
2019-09-12 15:17:19.542,10815,10816,10815,1,-1
2019-09-12 15:17:32.079,10815,10816,10815,5,-5
2019-09-12 15:17:32.116,10815,10816,10815,1,-1
2019-09-12 15:17:32.116,10815,10816,10815,5,-5
2019-09-12 15:17:32.482,10814,10815,10815,1,1
2019-09-12 15:17:37.600,10814,10815,10815,1,1
2019-09-12 15:17:38.957,10814,10815,10814,1,-1
2019-09-12 15:17:38.981,10814,10815,10814,1,-1
2019-09-12 15:17:39.030,10814,10815,10814,1,-1
2019-09-12 15:17:39.731,10814,10815,10815,1,1
2019-09-12 15:17:42.331,10814,10815,10814,1,-1
2019-09-12 15:17:44.288,10814,10815,10814,1,-1
2019-09-12 15:17:46.479,10814,10815,10814,1,-1
2019-09-12 15:17:48.306,10814,10815,10814,2,-2
2019-09-12 15:17:50.986,10813,10814,10814,1,1
2019-09-12 15:17:51.520,10813,10814,10813,1,-1
2019-09-12 15:17:55.992,10813,10814,10813,2,-2
2019-09-12 15:17:56.011,10813,10814,10813,2,-2
2019-09-12 15:17:56.062,10813,10814,10813,2,-2
2019-09-12 15:18:01.118,10812,10813,10813,1,1
2019-09-12 15:18:01.521,10812,10813,10813,6,6
2019-09-12 15:18:03.571,10812,10814,10812,1,-1
2019-09-12 15:18:03.699,10812,10814,10812,1,-1
2019-09-12 15:18:16.095,10812,10813,10813,1,1
2019-09-12 15:18:16.142,10812,10813,10812,1,-1
2019-09-12 15:18:22.222,10812,10813,10813,1,1
2019-09-12 15:18:24.110,10812,10813,10812,2,-2
2019-09-12 15:18:26.110,10812,10813,10813,11,11
2019-09-12 15:18:34.836,10813,10814,10813,1,-1
2019-09-12 15:18:34.865,10813,10814,10813,1,-1
2019-09-12 15:18:34.905,10813,10814,10813,1,-1
2019-09-12 15:18:43.520,10813,10814,10814,1,1
2019-09-12 15:18:45.003,10813,10814,10814,3,3
2019-09-12 15:19:03.179,10814,10815,10815,4,4
2019-09-12 15:19:10.276,10815,10816,10816,1,1
2019-09-12 15:19:10.564,10815,10816,10816,1,1
2019-09-12 15:19:12.175,10815,10816,10816,1,1
2019-09-12 15:19:24.198,10815,10816,10815,3,-3
2019-09-12 15:19:30.475,10814,10815,10814,1,-1
2019-09-12 15:19:32.884,10813,10814,10814,1,1
2019-09-12 15:19:37.526,10813,10814,10814,3,3
2019-09-12 15:19:40.587,10813,10815,10813,3,-3
2019-09-12 15:19:40.948,10813,10814,10814,1,1
2019-09-12 15:19:46.144,10814,10815,10815,2,2
2019-09-12 15:19:47.570,10814,10815,10814,2,-2
2019-09-12 15:20:00.179,10814,10815,10815,1,1
2019-09-12 15:20:07.092,10815,10816,10815,1,-1
2019-09-12 15:20:12.057,10814,10815,10815,1,1
2019-09-12 15:20:19.956,10814,10815,10814,1,-1
2019-09-12 15:20:20.376,10814,10815,10815,1,1
2019-09-12 15:20:20.567,10814,10815,10814,5,-5
2019-09-12 15:20:38.395,10814,10815,10815,2,2
2019-09-12 15:20:43.225,10814,10815,10815,3,3
2019-09-12 15:20:51.152,10815,10816,10816,1,1
2019-09-12 15:20:58.885,10815,10816,10815,1,-1
2019-09-12 15:21:08.868,10815,10816,10816,14,14
2019-09-12 15:21:12.266,10816,10817,10816,1,-1
2019-09-12 15:21:15.307,10816,10817,10816,1,-1
2019-09-12 15:21:16.505,10816,10817,10816,1,-1
2019-09-12 15:21:29.638,10816,10817,10816,1,-1
2019-09-12 15:21:36.605,10815,10816,10816,1,1
2019-09-12 15:21:44.700,10816,10817,10816,1,-1
2019-09-12 15:21:54.797,10816,10817,10816,1,-1
2019-09-12 15:22:05.914,10816,10817,10816,1,-1
2019-09-12 15:22:05.921,10816,10817,10816,1,-1
2019-09-12 15:22:27.039,10815,10816,10816,1,1
2019-09-12 15:23:04.157,10815,10816,10816,1,1
2019-09-12 15:23:05.994,10815,10816,10816,1,1
2019-09-12 15:23:31.919,10815,10816,10816,1,1
2019-09-12 15:23:39.067,10815,10816,10816,1,1
2019-09-12 15:24:11.132,10815,10816,10815,1,-1
2019-09-12 15:24:11.633,10815,10816,10815,5,-5
2019-09-12 15:24:11.633,10815,10816,10815,5,-5
2019-09-12 15:24:11.678,10815,10816,10815,9,-9
2019-09-12 15:24:11.678,10815,10816,10815,5,-5
2019-09-12 15:24:36.866,10814,10815,10815,1,1
2019-09-12 15:24:39.072,10814,10815,10815,3,3
2019-09-12 15:24:43.878,10815,10816,10816,5,5
2019-09-12 15:24:43.928,10815,10816,10816,8,8
2019-09-12 15:24:47.451,10816,10817,10817,1,1
2019-09-12 15:25:03.172,10816,10817,10817,1,1
2019-09-12 15:25:03.173,10816,10817,10817,15,15
2019-09-12 15:25:03.329,10817,10818,10818,11,11
2019-09-12 15:25:03.428,10817,10818,10818,2,2
2019-09-12 15:25:03.553,10817,10818,10818,7,7
2019-09-12 15:25:03.553,10817,10818,10818,1,1
2019-09-12 15:25:03.553,10817,10818,10818,6,6
2019-09-12 15:25:04.261,10818,10819,10819,22,22
2019-09-12 15:25:04.435,10819,10820,10820,2,2
2019-09-12 15:25:04.435,10819,10820,10820,2,2
2019-09-12 15:25:04.435,10819,10820,10820,1,1
2019-09-12 15:25:04.451,10819,10820,10820,2,2
2019-09-12 15:25:04.481,10819,10820,10820,2,2
2019-09-12 15:25:04.503,10819,10820,10820,2,2
2019-09-12 15:25:04.553,10819,10820,10820,2,2
2019-09-12 15:25:04.570,10819,10820,10820,4,4
2019-09-12 15:25:04.678,10819,10820,10820,1,1
2019-09-12 15:25:04.678,10819,10820,10820,1,1
2019-09-12 15:25:04.778,10819,10820,10820,1,1
2019-09-12 15:25:06.584,10819,10820,10819,2,-2
2019-09-12 15:25:06.584,10819,10820,10819,2,-2
2019-09-12 15:25:06.585,10819,10820,10819,4,-4
2019-09-12 15:25:06.902,10818,10819,10819,1,1
2019-09-12 15:25:08.456,10818,10819,10819,1,1
2019-09-12 15:25:09.053,10818,10819,10818,2,-2
2019-09-12 15:25:11.160,10818,10819,10819,3,3
2019-09-12 15:25:11.326,10819,10820,10820,8,8
2019-09-12 15:25:12.353,10819,10820,10820,1,1
2019-09-12 15:25:16.264,10820,10821,10821,7,7
2019-09-12 15:25:16.264,10820,10821,10821,7,7
2019-09-12 15:25:16.264,10820,10821,10821,8,8
2019-09-12 15:25:16.364,10821,10822,10822,11,11
2019-09-12 15:25:16.471,10822,10823,10823,10,10
2019-09-12 15:25:16.553,10822,10824,10823,1,-1
2019-09-12 15:25:16.559,10822,10824,10823,1,-1
2019-09-12 15:25:16.559,10822,10824,10823,1,-1
2019-09-12 15:25:16.560,10822,10824,10823,1,-1
2019-09-12 15:25:17.837,10822,10823,10822,1,-1
2019-09-12 15:25:17.859,10822,10823,10823,3,3
2019-09-12 15:25:20.057,10822,10823,10823,2,2
2019-09-12 15:25:20.739,10822,10823,10823,1,1
2019-09-12 15:25:21.277,10823,10824,10824,2,2
2019-09-12 15:25:21.277,10823,10824,10824,2,2
2019-09-12 15:25:21.278,10823,10824,10824,9,9
2019-09-12 15:25:21.278,10823,10824,10824,2,2
2019-09-12 15:25:21.279,10823,10824,10824,2,2
2019-09-12 15:25:21.281,10823,10824,10824,1,1
2019-09-12 15:25:21.373,10823,10825,10825,1,1
2019-09-12 15:25:21.431,10824,10825,10825,13,13
2019-09-12 15:25:22.110,10825,10826,10826,1,1
2019-09-12 15:25:22.140,10825,10826,10826,2,2
2019-09-12 15:25:22.196,10825,10826,10826,2,2
2019-09-12 15:25:22.321,10825,10826,10826,8,8
2019-09-12 15:25:22.321,10825,10826,10826,1,1
2019-09-12 15:25:22.429,10826,10827,10826,2,-2
2019-09-12 15:25:22.595,10826,10827,10827,10,10
2019-09-12 15:25:22.767,10826,10827,10827,8,8
2019-09-12 15:25:22.767,10826,10827,10827,2,2
2019-09-12 15:25:23.718,10827,10828,10827,1,-1
2019-09-12 15:25:23.905,10827,10828,10828,2,2
2019-09-12 15:25:23.985,10827,10828,10828,1,1
2019-09-12 15:25:24.186,10827,10828,10828,3,3
2019-09-12 15:25:24.252,10827,10828,10828,5,5
2019-09-12 15:25:24.803,10828,10829,10829,2,2
2019-09-12 15:25:25.127,10828,10829,10828,2,-2
2019-09-12 15:25:25.127,10828,10829,10828,1,-1
2019-09-12 15:25:25.127,10828,10829,10828,9,-9
2019-09-12 15:25:25.234,10827,10828,10828,2,2
2019-09-12 15:25:25.423,10827,10828,10828,1,1
2019-09-12 15:25:25.666,10827,10828,10828,1,1
2019-09-12 15:25:25.675,10827,10828,10827,2,-2
2019-09-12 15:25:25.928,10826,10827,10826,4,-4
2019-09-12 15:25:26.053,10826,10827,10826,1,-1
2019-09-12 15:25:26.053,10826,10827,10826,1,-1
2019-09-12 15:25:26.471,10825,10826,10826,1,1
2019-09-12 15:25:27.859,10825,10826,10826,2,2
2019-09-12 15:25:28.313,10825,10826,10826,1,1
2019-09-12 15:25:29.471,10825,10826,10825,3,-3
2019-09-12 15:25:29.510,10825,10826,10826,13,13
2019-09-12 15:25:31.050,10825,10826,10826,2,2
2019-09-12 15:25:31.553,10825,10826,10825,2,-2
2019-09-12 15:25:31.553,10825,10826,10825,1,-1
2019-09-12 15:25:32.093,10824,10825,10825,1,1
2019-09-12 15:25:32.173,10824,10825,10824,2,-2
2019-09-12 15:25:32.671,10824,10825,10825,5,5
2019-09-12 15:25:33.303,10824,10825,10824,1,-1
2019-09-12 15:25:34.137,10823,10824,10823,1,-1
2019-09-12 15:25:35.033,10823,10824,10824,1,1
2019-09-12 15:25:36.227,10823,10825,10824,1,-1
2019-09-12 15:25:37.428,10823,10824,10823,2,-2
2019-09-12 15:25:41.576,10823,10824,10823,1,-1
2019-09-12 15:25:44.842,10822,10823,10822,1,-1
2019-09-12 15:25:45.018,10822,10823,10823,1,1
2019-09-12 15:25:46.976,10822,10823,10823,1,1
2019-09-12 15:25:48.084,10822,10823,10823,2,2
2019-09-12 15:25:48.748,10822,10823,10823,1,1
2019-09-12 15:25:59.184,10822,10823,10823,1,1
2019-09-12 15:25:59.774,10822,10823,10822,15,-15
2019-09-12 15:25:59.884,10821,10823,10822,10,-10
2019-09-12 15:26:00.281,10821,10822,10822,3,3
2019-09-12 15:26:02.911,10821,10822,10822,3,3
2019-09-12 15:26:08.519,10822,10823,10822,5,-5
2019-09-12 15:26:13.678,10822,10823,10823,2,2
2019-09-12 15:26:13.953,10822,10823,10823,2,2
2019-09-12 15:26:14.053,10822,10823,10823,10,10
2019-09-12 15:26:17.601,10822,10823,10823,1,1
2019-09-12 15:26:17.601,10822,10823,10824,1,1
2019-09-12 15:26:17.895,10822,10823,10823,1,1
2019-09-12 15:26:17.895,10822,10823,10824,5,5
2019-09-12 15:26:20.791,10823,10824,10823,2,-2
2019-09-12 15:26:21.631,10822,10823,10823,1,1
2019-09-12 15:26:21.900,10822,10823,10823,1,1
2019-09-12 15:26:22.187,10822,10823,10822,2,-2
2019-09-12 15:26:23.153,10821,10822,10822,1,1
2019-09-12 15:26:23.627,10821,10823,10823,1,1
2019-09-12 15:26:26.796,10822,10823,10823,1,1
2019-09-12 15:26:31.109,10822,10823,10823,1,1
2019-09-12 15:26:33.970,10822,10823,10823,1,1
2019-09-12 15:26:39.342,10822,10823,10822,4,-4
2019-09-12 15:26:43.014,10821,10822,10822,1,1
2019-09-12 15:26:46.151,10821,10822,10822,1,1
2019-09-12 15:26:46.883,10821,10822,10822,5,5
2019-09-12 15:27:01.768,10821,10822,10822,1,1
2019-09-12 15:27:06.259,10821,10822,10821,10,-10
2019-09-12 15:27:06.375,10820,10822,10821,1,-1
2019-09-12 15:27:06.375,10820,10822,10821,1,-1
2019-09-12 15:27:06.375,10820,10822,10821,1,-1
2019-09-12 15:27:06.616,10820,10821,10821,2,2
2019-09-12 15:27:09.589,10820,10821,10820,10,-10
2019-09-12 15:27:10.981,10819,10820,10820,1,1
2019-09-12 15:27:13.053,10819,10820,10820,4,4
2019-09-12 15:27:13.053,10819,10820,10820,5,5
2019-09-12 15:27:15.471,10820,10821,10820,1,-1
2019-09-12 15:27:34.236,10820,10821,10821,1,1
2019-09-12 15:27:51.922,10821,10822,10821,1,-1
2019-09-12 15:27:53.539,10821,10822,10822,5,5
2019-09-12 15:27:55.443,10821,10822,10822,1,1
2019-09-12 15:28:03.155,10821,10822,10821,7,-7
2019-09-12 15:28:03.178,10821,10822,10821,1,-1
2019-09-12 15:28:10.720,10820,10821,10820,2,-2
2019-09-12 15:28:10.759,10820,10821,10821,5,5
2019-09-12 15:28:11.676,10820,10821,10820,2,-2
2019-09-12 15:28:20.558,10820,10821,10820,2,-2
2019-09-12 15:28:22.892,10820,10821,10820,1,-1
2019-09-12 15:28:26.758,10820,10821,10821,1,1
2019-09-12 15:28:39.866,10820,10821,10820,2,-2
2019-09-12 15:28:45.534,10820,10821,10820,2,-2
2019-09-12 15:29:10.239,10820,10821,10820,6,-6
2019-09-12 15:29:36.869,10819,10820,10820,1,1
2019-09-12 15:29:39.315,10819,10820,10820,5,5
2019-09-12 15:29:40.634,10819,10820,10820,1,1
2019-09-12 15:29:43.646,10820,10821,10820,1,-1
2019-09-12 15:29:45.327,10820,10821,10820,1,-1
2019-09-12 15:29:49.166,10820,10821,10820,1,-1
2019-09-12 15:29:57.670,10820,10821,10820,2,-2
2019-09-12 15:30:00.273,10820,10821,10821,6,6
2019-09-12 15:30:00.303,10820,10821,10821,1,1
2019-09-12 15:30:00.303,10820,10821,10821,9,9
2019-09-12 15:30:00.796,10821,10822,10821,1,-1
2019-09-12 15:30:00.865,10821,10822,10821,4,-4
2019-09-12 15:30:00.934,10821,10822,10821,1,-1
2019-09-12 15:30:00.983,10821,10822,10821,1,-1
2019-09-12 15:30:00.984,10821,10822,10821,1,-1
2019-09-12 15:30:01.015,10821,10822,10821,1,-1
2019-09-12 15:30:01.068,10821,10822,10821,2,-2
2019-09-12 15:30:01.073,10821,10822,10821,1,-1
2019-09-12 15:30:01.091,10821,10822,10820,1,-1
2019-09-12 15:30:05.058,10821,10822,10821,1,1
2019-09-12 15:30:05.668,10820,10821,10822,1,1
2019-09-12 15:30:05.675,10820,10821,10821,1,1
2019-09-12 15:30:05.946,10820,10821,10821,1,1
2019-09-12 15:30:05.947,10820,10821,10822,1,1
2019-09-12 15:30:12.428,10821,10822,10821,3,-3
2019-09-12 15:30:26.309,10820,10821,10821,7,7
2019-09-12 15:30:44.186,10820,10821,10821,1,1
2019-09-12 15:30:49.058,10820,10821,10821,1,1
2019-09-12 15:31:01.408,10820,10821,10821,1,1
2019-09-12 15:31:01.487,10820,10821,10821,1,1
2019-09-12 15:31:01.733,10820,10821,10820,5,-5
2019-09-12 15:31:10.178,10820,10821,10820,2,-2
2019-09-12 15:31:10.303,10820,10821,10820,13,-13
2019-09-12 15:31:25.304,10819,10820,10820,1,1
2019-09-12 15:31:31.961,10820,10821,10821,5,5
2019-09-12 15:31:37.241,10821,10822,10821,1,-1
2019-09-12 15:31:41.150,10821,10822,10822,7,7
2019-09-12 15:31:42.373,10822,10823,10822,10,-10
2019-09-12 15:32:00.709,10822,10823,10822,6,-6
2019-09-12 15:32:02.287,10821,10822,10822,3,3
2019-09-12 15:32:20.603,10821,10822,10822,2,2
2019-09-12 15:32:23.154,10821,10822,10821,3,-3
2019-09-12 15:32:24.277,10821,10822,10822,2,2
2019-09-12 15:32:28.812,10821,10822,10822,8,8
2019-09-12 15:32:28.812,10821,10822,10823,49,49
2019-09-12 15:32:28.929,10823,10824,10824,5,5
2019-09-12 15:32:31.750,10823,10824,10823,10,-10
2019-09-12 15:32:33.184,10823,10824,10823,1,-1
2019-09-12 15:32:35.298,10823,10824,10824,1,1
2019-09-12 15:32:35.592,10823,10824,10824,1,1
2019-09-12 15:32:43.703,10823,10824,10823,1,-1
2019-09-12 15:32:43.723,10823,10824,10823,1,-1
2019-09-12 15:32:46.799,10823,10824,10823,1,-1
2019-09-12 15:32:47.195,10823,10824,10824,1,1
2019-09-12 15:32:51.325,10823,10824,10824,34,34
2019-09-12 15:32:53.925,10824,10825,10825,3,3
2019-09-12 15:32:53.967,10824,10825,10825,5,5
2019-09-12 15:32:54.004,10824,10825,10825,5,5
2019-09-12 15:32:54.283,10824,10825,10824,2,-2
2019-09-12 15:33:08.118,10824,10825,10824,3,-3
2019-09-12 15:33:08.178,10824,10825,10824,10,-10
2019-09-12 15:33:12.810,10823,10824,10824,13,13
2019-09-12 15:33:24.283,10823,10824,10824,13,13
2019-09-12 15:33:24.303,10824,10825,10824,4,-4
2019-09-12 15:33:30.143,10823,10824,10824,2,2
2019-09-12 15:33:31.168,10824,10825,10824,1,-1
2019-09-12 15:33:31.195,10824,10825,10824,1,-1
2019-09-12 15:33:31.422,10824,10825,10824,2,-2
2019-09-12 15:33:32.647,10824,10825,10824,1,-1
2019-09-12 15:33:34.163,10823,10825,10823,4,-4
2019-09-12 15:33:48.726,10823,10824,10823,1,-1
2019-09-12 15:33:52.909,10823,10824,10823,6,-6
2019-09-12 15:33:58.234,10823,10824,10823,1,-1
2019-09-12 15:34:09.037,10823,10824,10824,15,15
2019-09-12 15:34:12.501,10823,10824,10823,1,-1
2019-09-12 15:34:28.494,10823,10824,10824,1,1
2019-09-12 15:34:33.947,10823,10824,10823,1,-1
2019-09-12 15:34:53.777,10823,10824,10823,5,-5
2019-09-12 15:35:03.744,10823,10824,10823,1,-1
2019-09-12 15:35:04.385,10823,10824,10824,1,1
2019-09-12 15:35:04.440,10823,10824,10824,1,1
2019-09-12 15:35:10.226,10823,10824,10823,1,-1
2019-09-12 15:35:32.591,10823,10824,10824,7,7
2019-09-12 15:35:36.443,10824,10825,10825,14,14
2019-09-12 15:35:36.553,10824,10825,10825,1,1
2019-09-12 15:35:36.553,10824,10825,10825,7,7
2019-09-12 15:35:40.974,10825,10826,10825,1,-1
2019-09-12 15:35:41.079,10825,10826,10826,1,1
2019-09-12 15:35:43.473,10825,10826,10825,1,-1
2019-09-12 15:35:44.465,10825,10826,10826,2,2
2019-09-12 15:35:55.611,10824,10825,10825,1,1
2019-09-12 15:35:59.715,10825,10826,10826,1,1
2019-09-12 15:36:01.266,10825,10826,10825,5,-5
2019-09-12 15:36:08.890,10825,10826,10825,1,-1
2019-09-12 15:36:09.157,10825,10826,10825,3,-3
2019-09-12 15:36:09.157,10825,10826,10824,1,-1
2019-09-12 15:36:13.935,10824,10825,10825,1,1
2019-09-12 15:36:16.917,10824,10825,10824,6,-6
2019-09-12 15:36:43.336,10824,10825,10824,1,-1
2019-09-12 15:36:43.730,10823,10825,10825,1,1
2019-09-12 15:36:43.918,10823,10825,10825,1,1
2019-09-12 15:36:47.448,10824,10825,10825,5,5
2019-09-12 15:36:55.652,10824,10825,10825,5,5
2019-09-12 15:37:00.057,10824,10825,10824,1,-1
2019-09-12 15:37:20.303,10823,10824,10824,1,1
2019-09-12 15:37:33.718,10824,10825,10824,2,-2
2019-09-12 15:37:54.480,10823,10824,10824,2,2
2019-09-12 15:37:58.474,10824,10825,10825,2,2
2019-09-12 15:37:58.506,10824,10825,10825,1,1
2019-09-12 15:37:58.553,10824,10825,10825,4,4
2019-09-12 15:38:00.939,10825,10826,10825,2,-2
2019-09-12 15:38:02.789,10824,10825,10825,1,1
2019-09-12 15:38:12.015,10824,10825,10825,1,1
2019-09-12 15:38:15.495,10824,10825,10825,1,1
2019-09-12 15:38:46.618,10824,10825,10825,1,1
2019-09-12 15:38:50.627,10824,10825,10825,1,1
2019-09-12 15:38:51.915,10825,10826,10825,1,-1
2019-09-12 15:39:05.804,10825,10826,10825,1,-1
2019-09-12 15:39:11.156,10825,10826,10826,1,1
2019-09-12 15:39:13.981,10825,10826,10826,16,16
2019-09-12 15:39:20.291,10825,10826,10826,2,2
2019-09-12 15:39:21.926,10825,10826,10826,1,1
2019-09-12 15:39:22.338,10825,10826,10826,5,5
2019-09-12 15:39:24.466,10825,10826,10826,1,1
2019-09-12 15:39:30.985,10825,10826,10826,2,2
2019-09-12 15:39:58.073,10825,10826,10826,5,5
2019-09-12 15:39:58.178,10825,10826,10826,10,10
2019-09-12 15:40:01.105,10826,10827,10827,1,1
2019-09-12 15:40:01.747,10826,10827,10827,3,3
2019-09-12 15:40:03.132,10826,10827,10826,1,-1
2019-09-12 15:40:14.563,10826,10827,10826,5,-5
2019-09-12 15:40:16.051,10826,10827,10826,1,-1
2019-09-12 15:40:18.390,10826,10827,10826,1,-1
2019-09-12 15:40:21.281,10826,10827,10826,1,-1
2019-09-12 15:40:29.181,10826,10827,10826,1,-1
2019-09-12 15:40:34.836,10826,10827,10826,1,-1
2019-09-12 15:40:39.213,10826,10827,10826,1,-1
2019-09-12 15:40:42.335,10826,10827,10826,1,-1
2019-09-12 15:40:51.889,10825,10826,10825,1,-1
2019-09-12 15:40:51.928,10825,10826,10825,5,-5
2019-09-12 15:41:09.835,10824,10825,10825,1,1
2019-09-12 15:41:22.976,10824,10825,10825,1,1
2019-09-12 15:41:23.811,10824,10825,10824,1,-1
2019-09-12 15:41:27.205,10824,10825,10825,1,1
2019-09-12 15:41:53.252,10824,10825,10824,1,-1
2019-09-12 15:41:54.280,10824,10825,10824,1,-1
2019-09-12 15:42:29.721,10824,10825,10824,2,-2
2019-09-12 15:42:44.189,10824,10825,10824,1,-1
2019-09-12 15:42:49.089,10824,10825,10824,22,-22
2019-09-12 15:42:49.090,10824,10825,10824,2,-2
2019-09-12 15:42:53.964,10823,10824,10824,2,2
2019-09-12 15:43:01.744,10823,10824,10824,1,1
2019-09-12 15:43:04.797,10823,10824,10824,1,1
2019-09-12 15:43:09.347,10823,10824,10824,1,1
2019-09-12 15:43:11.134,10823,10824,10824,4,4
2019-09-12 15:43:16.031,10824,10825,10824,2,-2
2019-09-12 15:43:16.043,10824,10825,10824,2,-2
2019-09-12 15:43:16.109,10824,10825,10824,2,-2
2019-09-12 15:43:18.276,10824,10825,10824,2,-2
2019-09-12 15:43:18.293,10824,10825,10824,2,-2
2019-09-12 15:43:18.360,10824,10825,10824,1,-1
2019-09-12 15:43:18.695,10823,10824,10824,1,1
2019-09-12 15:43:19.325,10824,10825,10824,1,-1
2019-09-12 15:43:28.447,10823,10824,10823,1,-1
2019-09-12 15:43:28.497,10823,10824,10824,10,10
2019-09-12 15:43:30.598,10823,10824,10823,1,-1
2019-09-12 15:43:33.019,10823,10824,10823,1,-1
2019-09-12 15:43:35.277,10823,10824,10823,1,-1
2019-09-12 15:43:41.232,10823,10824,10823,2,-2
2019-09-12 15:43:41.256,10823,10824,10823,2,-2
2019-09-12 15:43:41.322,10823,10824,10823,2,-2
2019-09-12 15:43:43.736,10823,10824,10823,2,-2
2019-09-12 15:43:43.757,10823,10824,10823,2,-2
2019-09-12 15:43:43.813,10823,10824,10823,2,-2
2019-09-12 15:43:44.775,10823,10824,10823,1,-1
2019-09-12 15:43:56.387,10823,10824,10823,14,-14
2019-09-12 15:44:21.393,10823,10824,10823,1,-1
2019-09-12 15:44:23.332,10822,10823,10822,14,-14
2019-09-12 15:44:24.056,10821,10823,10821,2,-2
2019-09-12 15:44:35.186,10821,10823,10821,2,-2
2019-09-12 15:44:44.651,10822,10823,10822,1,1
2019-09-12 15:44:58.358,10822,10823,10822,1,-1
2019-09-12 15:45:00.917,10822,10823,10822,3,-3
2019-09-12 15:45:31.283,10822,10823,10822,1,-1
2019-09-12 15:45:36.091,10822,10823,10822,1,-1
2019-09-12 15:46:09.585,10821,10822,10822,1,1
2019-09-12 15:46:19.110,10821,10822,10821,1,-1
2019-09-12 15:46:22.477,10821,10822,10822,4,4
2019-09-12 15:46:31.899,10821,10822,10822,2,2
2019-09-12 15:46:32.132,10821,10822,10822,1,1
2019-09-12 15:46:56.238,10822,10823,10822,1,-1
2019-09-12 15:47:01.493,10822,10823,10822,2,-2
2019-09-12 15:48:03.595,10821,10823,10821,1,-1
2019-09-12 15:48:16.585,10821,10822,10821,1,-1
2019-09-12 15:48:16.766,10821,10822,10822,2,2
2019-09-12 15:48:18.420,10821,10822,10821,1,-1
2019-09-12 15:48:35.045,10821,10822,10821,2,-2
2019-09-12 15:49:34.282,10822,10823,10822,2,2
2019-09-12 15:49:53.176,10822,10823,10822,2,-2
2019-09-12 15:50:17.075,10822,10823,10822,1,-1
2019-09-12 15:50:17.299,10821,10823,10823,1,1
2019-09-12 15:50:17.682,10821,10823,10821,4,-4
2019-09-12 15:51:24.940,10821,10822,10821,4,-4
2019-09-12 15:51:24.967,10821,10822,10821,5,-5
2019-09-12 15:51:25.865,10820,10821,10820,14,-14
2019-09-12 15:51:34.296,10820,10821,10821,1,1
2019-09-12 15:51:44.765,10820,10821,10821,1,1
2019-09-12 15:51:47.372,10821,10822,10821,2,-2
2019-09-12 15:52:00.563,10820,10821,10821,1,1
2019-09-12 15:52:13.736,10820,10821,10820,2,-2
2019-09-12 15:52:13.768,10820,10821,10820,21,-21
2019-09-12 15:52:16.680,10819,10820,10820,2,2
2019-09-12 15:52:55.044,10819,10820,10820,1,1
2019-09-12 15:53:08.993,10819,10820,10820,3,3
2019-09-12 15:53:36.936,10819,10820,10820,8,8
2019-09-12 15:53:36.937,10819,10820,10820,2,2
2019-09-12 15:53:36.937,10819,10820,10820,1,1
2019-09-12 15:53:37.053,10819,10820,10820,3,3
2019-09-12 15:54:02.801,10820,10821,10820,4,-4
2019-09-12 15:54:22.095,10820,10821,10820,7,-7
2019-09-12 15:54:38.801,10820,10821,10820,1,-1
2019-09-12 15:55:21.208,10820,10821,10821,1,1
2019-09-12 15:56:06.596,10820,10821,10821,1,1
2019-09-12 15:56:08.615,10820,10821,10820,1,-1
2019-09-12 15:56:26.492,10820,10821,10821,1,1
2019-09-12 15:56:44.002,10820,10821,10820,1,-1
2019-09-12 15:56:50.033,10820,10821,10821,5,5
2019-09-12 15:56:56.569,10820,10821,10821,1,1
2019-09-12 15:57:07.533,10820,10821,10820,8,-8
2019-09-12 15:57:07.553,10820,10821,10820,9,-9
2019-09-12 15:57:09.016,10819,10820,10820,2,2
2019-09-12 15:57:11.950,10819,10820,10820,1,1
2019-09-12 15:57:12.287,10819,10820,10819,1,-1
2019-09-12 15:57:12.388,10819,10820,10819,1,-1
2019-09-12 15:57:12.427,10819,10820,10819,1,-1
2019-09-12 15:57:19.519,10819,10820,10819,1,-1
2019-09-12 15:57:21.223,10819,10820,10819,1,-1
2019-09-12 15:57:21.562,10819,10820,10819,1,-1
2019-09-12 15:57:21.943,10819,10820,10819,1,-1
2019-09-12 15:57:26.209,10819,10820,10819,1,-1
2019-09-12 15:57:32.120,10819,10820,10820,1,1
2019-09-12 15:57:32.154,10819,10820,10820,1,1
2019-09-12 15:58:14.108,10819,10820,10820,2,2
2019-09-12 15:58:14.112,10819,10820,10820,1,1
2019-09-12 15:58:14.119,10819,10820,10820,1,1
2019-09-12 15:58:14.178,10819,10820,10820,3,3
2019-09-12 15:58:44.570,10819,10820,10820,1,1
2019-09-12 15:59:07.237,10819,10820,10820,1,1
2019-09-12 15:59:23.666,10819,10821,10821,2,2
2019-09-12 15:59:23.667,10819,10821,10821,1,1
2019-09-12 15:59:49.251,10819,10820,10820,1,1
2019-09-12 15:59:57.976,10819,10820,10820,2,2
2019-09-12 15:59:58.053,10820,10821,10820,1,-1
2019-09-12 16:00:57.715,10820,10821,10820,5,-5
2019-09-12 16:00:58.138,10820,10821,10820,2,-2
2019-09-12 16:00:58.205,10820,10821,10820,2,-2
2019-09-12 16:00:58.205,10820,10821,10819,2,-2
2019-09-12 16:00:58.206,10820,10821,10819,1,-1
2019-09-12 16:00:58.307,10819,10821,10819,2,-2
2019-09-12 16:00:58.307,10819,10821,10819,2,-2
2019-09-12 16:00:58.419,10819,10821,10819,8,-8
2019-09-12 16:00:58.572,10819,10820,10819,1,-1
2019-09-12 16:00:58.888,10819,10820,10819,1,-1
2019-09-12 16:01:25.425,10819,10821,10819,1,-1
2019-09-12 16:02:04.307,10819,10821,10821,5,5
2019-09-12 16:02:18.546,10820,10821,10820,2,-2
2019-09-12 16:02:54.229,10819,10820,10820,1,1
2019-09-12 16:03:02.241,10819,10820,10820,1,1
2019-09-12 16:03:06.158,10819,10820,10819,4,-4
2019-09-12 16:03:17.929,10818,10819,10818,4,-4
2019-09-12 16:03:18.117,10818,10819,10818,5,-5
2019-09-12 16:03:21.426,10818,10819,10818,2,-2
2019-09-12 16:03:23.229,10818,10819,10818,1,-1
2019-09-12 16:03:25.069,10818,10819,10818,1,-1
2019-09-12 16:03:25.814,10818,10819,10818,4,-4
2019-09-12 16:03:26.270,10818,10819,10818,1,-1
2019-09-12 16:03:27.344,10818,10819,10818,1,-1
2019-09-12 16:03:36.588,10817,10819,10817,5,-5
2019-09-12 16:03:36.795,10817,10819,10817,1,-1
2019-09-12 16:03:36.806,10817,10819,10817,2,-2
2019-09-12 16:03:36.934,10817,10818,10817,1,-1
2019-09-12 16:03:45.293,10817,10818,10817,5,-5
2019-09-12 16:03:49.001,10816,10817,10817,1,1
2019-09-12 16:03:49.875,10817,10818,10817,1,-1
2019-09-12 16:04:19.521,10817,10818,10817,1,-1
2019-09-12 16:04:27.118,10817,10818,10817,1,-1
2019-09-12 16:04:42.044,10817,10818,10818,1,1
2019-09-12 16:04:53.861,10817,10818,10817,2,-2
2019-09-12 16:04:53.861,10817,10818,10817,1,-1
2019-09-12 16:04:55.997,10816,10818,10818,1,1
2019-09-12 16:05:02.253,10816,10817,10817,1,1
2019-09-12 16:05:08.266,10816,10817,10817,1,1
2019-09-12 16:05:08.464,10816,10817,10816,1,-1
2019-09-12 16:05:08.481,10816,10817,10816,1,-1
2019-09-12 16:05:08.498,10816,10817,10816,1,-1
2019-09-12 16:05:08.515,10816,10817,10816,1,-1
2019-09-12 16:05:08.585,10816,10817,10816,3,-3
2019-09-12 16:05:08.607,10816,10817,10816,8,-8
2019-09-12 16:05:09.074,10816,10817,10816,2,-2
2019-09-12 16:05:12.640,10816,10817,10816,1,-1
2019-09-12 16:05:20.423,10816,10817,10816,1,-1
2019-09-12 16:05:21.628,10816,10817,10816,1,-1
2019-09-12 16:05:21.643,10816,10817,10816,1,-1
2019-09-12 16:05:21.660,10816,10817,10816,1,-1
2019-09-12 16:05:21.682,10816,10817,10816,1,-1
2019-09-12 16:05:21.700,10816,10817,10816,1,-1
2019-09-12 16:05:21.715,10816,10817,10816,1,-1
2019-09-12 16:05:24.386,10816,10817,10816,1,-1
2019-09-12 16:05:26.495,10816,10817,10816,1,-1
2019-09-12 16:05:34.076,10816,10817,10816,2,-2
2019-09-12 16:05:34.139,10816,10817,10816,1,-1
2019-09-12 16:05:34.154,10816,10817,10816,1,-1
2019-09-12 16:05:34.171,10816,10817,10816,1,-1
2019-09-12 16:05:34.187,10816,10817,10816,1,-1
2019-09-12 16:05:34.203,10816,10817,10816,1,-1
2019-09-12 16:05:34.219,10816,10817,10816,1,-1
2019-09-12 16:05:34.234,10816,10817,10816,1,-1
2019-09-12 16:05:34.251,10816,10817,10816,1,-1
2019-09-12 16:05:34.267,10816,10817,10816,1,-1
2019-09-12 16:05:34.283,10816,10817,10816,1,-1
2019-09-12 16:05:50.244,10816,10817,10816,1,-1
2019-09-12 16:05:53.889,10816,10817,10816,2,-2
2019-09-12 16:05:54.395,10816,10817,10816,3,-3
2019-09-12 16:05:56.250,10816,10817,10816,2,-2
2019-09-12 16:06:01.007,10815,10816,10815,1,-1
2019-09-12 16:06:01.250,10815,10816,10815,1,-1
2019-09-12 16:06:01.317,10815,10816,10815,5,-5
2019-09-12 16:06:03.786,10815,10816,10816,1,1
2019-09-12 16:06:09.684,10815,10816,10816,1,1
2019-09-12 16:06:10.492,10815,10816,10816,1,1
2019-09-12 16:06:13.185,10815,10816,10816,3,3
2019-09-12 16:06:13.870,10816,10817,10816,2,-2
2019-09-12 16:06:24.557,10816,10817,10816,2,-2
2019-09-12 16:06:31.307,10816,10817,10816,1,-1
2019-09-12 16:07:01.197,10816,10817,10816,1,-1
2019-09-12 16:07:02.987,10816,10817,10816,1,-1
2019-09-12 16:07:06.534,10816,10817,10816,2,-2
2019-09-12 16:07:09.872,10816,10817,10816,3,-3
2019-09-12 16:07:09.873,10816,10817,10816,1,-1
2019-09-12 16:07:13.712,10816,10817,10816,1,-1
2019-09-12 16:07:16.571,10816,10817,10816,2,-2
2019-09-12 16:07:19.208,10816,10817,10816,1,-1
2019-09-12 16:07:53.233,10816,10817,10817,1,1
2019-09-12 16:07:56.802,10816,10817,10817,1,1
2019-09-12 16:07:57.689,10816,10817,10816,10,-10
2019-09-12 16:08:34.310,10816,10817,10816,1,-1
2019-09-12 16:08:39.765,10816,10817,10816,5,-5
2019-09-12 16:08:40.324,10816,10817,10817,1,1
2019-09-12 16:08:47.923,10816,10817,10817,1,1
2019-09-12 16:09:12.215,10816,10817,10817,1,1
2019-09-12 16:09:13.676,10816,10817,10817,1,1
2019-09-12 16:09:27.753,10816,10817,10817,2,2
2019-09-12 16:09:27.753,10816,10817,10818,2,2
2019-09-12 16:09:28.127,10817,10818,10818,4,4
2019-09-12 16:09:33.632,10817,10818,10818,3,3
2019-09-12 16:09:38.531,10817,10818,10817,1,-1
2019-09-12 16:09:39.527,10816,10818,10818,1,1
2019-09-12 16:10:51.985,10817,10818,10817,2,-2
2019-09-12 16:10:54.829,10816,10817,10817,1,1
2019-09-12 16:11:07.642,10816,10818,10816,2,-2
2019-09-12 16:11:12.404,10817,10818,10817,3,3
2019-09-12 16:11:16.165,10816,10817,10816,5,-5
2019-09-12 16:11:34.477,10816,10817,10816,2,-2
2019-09-12 16:11:36.140,10816,10817,10817,1,1
2019-09-12 16:11:38.945,10816,10817,10816,1,-1
2019-09-12 16:12:07.516,10816,10817,10817,1,1
2019-09-12 16:12:39.136,10817,10818,10817,1,-1
2019-09-12 16:12:52.283,10817,10818,10817,2,-2
2019-09-12 16:13:18.520,10817,10818,10817,4,-4
2019-09-12 16:13:33.808,10817,10818,10817,1,-1
2019-09-12 16:14:13.523,10817,10818,10817,4,-4
2019-09-12 16:15:14.738,10817,10818,10818,2,2
2019-09-12 16:15:22.140,10817,10818,10817,2,-2
2019-09-12 16:15:42.288,10817,10818,10817,3,-3
2019-09-12 16:15:49.452,10817,10818,10817,1,-1
2019-09-12 16:15:52.004,10817,10818,10817,2,-2
2019-09-12 16:16:10.445,10817,10818,10817,1,-1
2019-09-12 16:16:23.803,10816,10817,10817,1,1
2019-09-12 16:16:56.197,10817,10818,10817,3,-3
2019-09-12 16:17:21.341,10816,10817,10817,1,1
2019-09-12 16:17:22.524,10816,10817,10817,1,1
2019-09-12 16:17:25.370,10816,10817,10817,1,1
2019-09-12 16:17:38.271,10816,10817,10817,1,1
2019-09-12 16:17:39.439,10816,10818,10818,1,1
2019-09-12 16:17:42.522,10817,10818,10817,1,-1
2019-09-12 16:18:12.003,10816,10817,10816,1,-1
2019-09-12 16:18:12.644,10816,10817,10817,1,1
2019-09-12 16:18:14.019,10816,10817,10817,1,1
2019-09-12 16:18:21.600,10816,10817,10817,1,1
2019-09-12 16:18:29.049,10817,10818,10817,2,-2
2019-09-12 16:18:35.522,10817,10818,10817,1,-1
2019-09-12 16:18:57.928,10817,10818,10817,3,-3
2019-09-12 16:19:14.690,10817,10818,10817,1,-1
2019-09-12 16:19:19.849,10817,10818,10817,1,-1
2019-09-12 16:19:26.539,10817,10818,10817,1,-1
2019-09-12 16:19:27.992,10817,10818,10818,2,2
2019-09-12 16:19:32.498,10817,10818,10818,2,2
2019-09-12 16:19:48.894,10817,10818,10818,1,1
2019-09-12 16:19:51.068,10817,10818,10817,3,-3
2019-09-12 16:19:51.068,10817,10818,10817,1,-1
2019-09-12 16:19:51.178,10817,10818,10817,6,-6
2019-09-12 16:19:52.333,10816,10818,10818,2,2
2019-09-12 16:20:19.192,10817,10818,10817,1,-1
2019-09-12 16:20:20.661,10817,10818,10817,1,-1
2019-09-12 16:20:41.877,10817,10818,10818,1,1
2019-09-12 16:20:58.140,10817,10818,10817,1,-1
2019-09-12 16:21:01.803,10817,10818,10817,10,-10
2019-09-12 16:21:04.827,10816,10817,10817,1,1
2019-09-12 16:21:32.022,10817,10818,10817,1,-1
2019-09-12 16:21:56.646,10816,10817,10817,1,1
2019-09-12 16:22:03.030,10816,10817,10817,2,2
2019-09-12 16:22:11.034,10816,10817,10817,2,2
2019-09-12 16:22:11.035,10816,10817,10817,2,2
2019-09-12 16:22:11.803,10817,10818,10817,12,-12
2019-09-12 16:22:33.053,10816,10817,10817,2,2
2019-09-12 16:23:03.931,10817,10818,10818,5,5
2019-09-12 16:23:04.190,10817,10818,10818,5,5
2019-09-12 16:23:15.709,10817,10818,10817,1,-1
2019-09-12 16:23:32.385,10817,10818,10818,1,1
2019-09-12 16:23:42.163,10817,10818,10818,1,1
2019-09-12 16:23:42.178,10818,10819,10818,1,-1
2019-09-12 16:23:42.178,10818,10819,10818,1,-1
2019-09-12 16:23:42.344,10817,10818,10817,1,-1
2019-09-12 16:23:44.939,10817,10818,10817,2,-2
2019-09-12 16:23:46.431,10817,10818,10817,4,-4
2019-09-12 16:23:46.431,10817,10818,10817,1,-1
2019-09-12 16:23:46.431,10817,10818,10817,2,-2
2019-09-12 16:23:46.432,10817,10818,10817,3,-3
2019-09-12 16:23:46.432,10817,10818,10817,2,-2
2019-09-12 16:23:58.053,10818,10819,10818,1,1
2019-09-12 16:24:04.749,10817,10818,10818,3,3
2019-09-12 16:24:04.928,10818,10819,10818,1,-1
2019-09-12 16:24:05.522,10818,10819,10818,1,-1
2019-09-12 16:24:07.336,10818,10819,10818,1,-1
2019-09-12 16:24:07.553,10818,10819,10818,1,-1
2019-09-12 16:24:07.803,10818,10819,10818,1,-1
2019-09-12 16:24:08.053,10818,10819,10818,1,-1
2019-09-12 16:24:16.928,10818,10819,10818,1,-1
2019-09-12 16:24:26.553,10818,10819,10818,1,-1
2019-09-12 16:24:37.112,10817,10818,10818,2,2
2019-09-12 16:24:49.540,10817,10818,10818,1,1
2019-09-12 16:24:51.137,10817,10818,10818,1,1
2019-09-12 16:24:51.574,10817,10818,10818,1,1
2019-09-12 16:25:19.461,10817,10818,10818,5,5
2019-09-12 16:25:21.129,10817,10818,10818,4,4
2019-09-12 16:25:21.178,10817,10818,10818,1,1
2019-09-12 16:25:27.553,10818,10819,10818,1,-1
2019-09-12 16:25:39.078,10817,10819,10819,1,1
2019-09-12 16:25:40.553,10818,10819,10818,1,-1
2019-09-12 16:25:50.029,10817,10818,10818,1,1
2019-09-12 16:26:13.007,10818,10819,10818,1,-1
2019-09-12 16:26:25.690,10818,10819,10819,1,1
2019-09-12 16:26:28.860,10818,10819,10818,2,-2
2019-09-12 16:26:39.350,10818,10819,10819,1,1
2019-09-12 16:26:40.087,10818,10819,10818,2,-2
2019-09-12 16:27:16.673,10818,10819,10819,9,9
2019-09-12 16:27:16.678,10818,10819,10819,1,1
2019-09-12 16:27:22.989,10818,10819,10818,10,-10
2019-09-12 16:27:23.803,10818,10819,10818,1,-1
2019-09-12 16:27:34.178,10818,10819,10818,2,-2
2019-09-12 16:27:56.635,10817,10819,10819,1,1
2019-09-12 16:28:03.489,10817,10819,10819,1,1
2019-09-12 16:28:07.766,10817,10819,10819,2,2
2019-09-12 16:28:11.803,10818,10819,10818,2,-2
2019-09-12 16:28:36.498,10817,10818,10818,3,3
2019-09-12 16:28:46.678,10818,10819,10818,4,-4
2019-09-12 16:28:46.678,10818,10819,10818,1,-1
2019-09-12 16:29:03.932,10817,10818,10818,1,1
2019-09-12 16:29:10.481,10818,10819,10818,2,-2
2019-09-12 16:29:23.203,10817,10818,10818,2,2
2019-09-12 16:29:28.305,10817,10818,10817,1,-1
2019-09-12 16:29:28.305,10817,10818,10817,2,-2
2019-09-12 16:29:31.858,10817,10818,10818,1,1
2019-09-12 16:30:01.035,10817,10818,10818,1,1
2019-09-12 16:30:11.897,10817,10818,10818,1,1
2019-09-12 16:30:36.186,10817,10818,10818,2,2
2019-09-12 16:30:37.464,10817,10818,10817,5,-5
2019-09-12 16:30:42.673,10817,10818,10818,1,1
2019-09-12 16:31:19.801,10817,10818,10818,1,1
2019-09-12 16:31:37.803,10817,10818,10817,12,-12
2019-09-12 16:31:37.929,10817,10818,10817,1,-1
2019-09-12 16:31:38.053,10816,10817,10817,1,1
2019-09-12 16:31:47.652,10817,10818,10817,1,-1
2019-09-12 16:32:04.027,10816,10817,10817,1,1
2019-09-12 16:32:04.534,10817,10818,10817,2,-2
2019-09-12 16:32:57.171,10817,10818,10818,1,1
2019-09-12 16:32:59.763,10817,10818,10818,1,1
2019-09-12 16:33:28.795,10817,10818,10818,1,1
2019-09-12 16:33:45.621,10817,10818,10817,2,-2
2019-09-12 16:33:45.678,10817,10818,10817,26,-26
2019-09-12 16:33:45.764,10817,10818,10817,2,-2
2019-09-12 16:33:54.553,10817,10818,10817,1,-1
2019-09-12 16:33:54.584,10817,10818,10817,2,-2
2019-09-12 16:33:54.664,10817,10818,10817,3,-3
2019-09-12 16:34:08.687,10816,10817,10816,1,-1
2019-09-12 16:34:25.627,10816,10817,10817,1,1
2019-09-12 16:34:37.116,10816,10817,10817,1,1
2019-09-12 16:35:09.761,10816,10817,10817,5,5
2019-09-12 16:35:19.471,10816,10817,10816,18,-18
2019-09-12 16:35:19.553,10816,10817,10816,16,-16
2019-09-12 16:35:19.553,10816,10817,10816,14,-14
2019-09-12 16:35:23.808,10815,10816,10815,1,-1
2019-09-12 16:35:24.083,10815,10816,10815,2,-2
2019-09-12 16:35:24.691,10815,10816,10815,1,-1
2019-09-12 16:35:24.947,10815,10816,10815,2,-2
2019-09-12 16:35:27.701,10815,10816,10815,1,-1
2019-09-12 16:35:30.364,10815,10816,10815,14,-14
2019-09-12 16:35:30.430,10815,10816,10815,2,-2
2019-09-12 16:35:30.553,10815,10816,10815,5,-5
2019-09-12 16:35:30.678,10815,10816,10815,6,-6
2019-09-12 16:35:30.678,10815,10816,10815,8,-8
2019-09-12 16:35:30.678,10815,10816,10815,1,-1
2019-09-12 16:35:30.678,10815,10816,10815,2,-2
2019-09-12 16:35:39.660,10814,10815,10815,2,2
2019-09-12 16:35:49.165,10814,10815,10815,1,1
2019-09-12 16:35:52.643,10814,10815,10815,1,1
2019-09-12 16:35:58.044,10814,10815,10814,12,-12
2019-09-12 16:35:58.157,10814,10815,10814,17,-17
2019-09-12 16:35:59.190,10814,10815,10815,2,2
2019-09-12 16:36:00.357,10814,10815,10815,1,1
2019-09-12 16:36:16.155,10814,10815,10814,12,-12
2019-09-12 16:36:25.615,10814,10815,10814,1,-1
2019-09-12 16:36:32.938,10814,10815,10814,1,-1
2019-09-12 16:36:33.477,10814,10815,10814,2,-2
2019-09-12 16:36:33.477,10814,10815,10813,10,-10
2019-09-12 16:36:33.593,10813,10815,10813,1,-1
2019-09-12 16:36:33.733,10813,10814,10813,1,-1
2019-09-12 16:36:33.761,10813,10814,10813,2,-2
2019-09-12 16:36:33.869,10813,10814,10814,1,1
2019-09-12 16:36:34.915,10813,10814,10814,1,1
2019-09-12 16:36:37.304,10813,10814,10814,1,1
2019-09-12 16:36:43.188,10813,10814,10814,2,2
2019-09-12 16:36:44.189,10813,10815,10813,1,-1
2019-09-12 16:36:44.398,10813,10815,10813,1,-1
2019-09-12 16:36:48.688,10813,10814,10813,1,-1
2019-09-12 16:36:57.145,10813,10814,10814,1,1
2019-09-12 16:36:58.951,10813,10814,10814,1,1
2019-09-12 16:36:59.489,10814,10815,10814,6,-6
2019-09-12 16:36:59.489,10814,10815,10813,1,-1
2019-09-12 16:37:01.585,10814,10815,10814,1,1
2019-09-12 16:37:01.823,10814,10815,10814,1,-1
2019-09-12 16:37:25.528,10814,10815,10814,5,-5
2019-09-12 16:37:32.196,10814,10815,10814,1,-1
2019-09-12 16:37:33.084,10813,10814,10813,3,-3
2019-09-12 16:37:37.763,10813,10814,10814,2,2
2019-09-12 16:37:43.840,10813,10814,10814,1,1
2019-09-12 16:37:44.015,10813,10814,10814,1,1
2019-09-12 16:37:48.982,10813,10814,10814,2,2
2019-09-12 16:37:49.393,10813,10814,10814,9,9
2019-09-12 16:37:52.535,10814,10815,10814,1,-1
2019-09-12 16:37:55.975,10813,10815,10813,1,-1
2019-09-12 16:37:58.023,10814,10815,10814,1,1
2019-09-12 16:38:11.394,10814,10815,10814,10,-10
2019-09-12 16:38:11.516,10814,10815,10814,1,-1
2019-09-12 16:38:12.226,10814,10815,10814,1,-1
2019-09-12 16:38:20.300,10814,10815,10814,2,-2
2019-09-12 16:38:23.077,10814,10815,10815,3,3
2019-09-12 16:38:50.023,10814,10815,10814,1,-1
2019-09-12 16:38:59.749,10814,10815,10814,1,-1
2019-09-12 16:39:01.044,10814,10815,10815,1,1
2019-09-12 16:39:11.086,10814,10815,10814,1,-1
2019-09-12 16:39:36.765,10814,10815,10814,1,-1
2019-09-12 16:39:37.015,10814,10815,10815,5,5
2019-09-12 16:40:01.306,10814,10815,10814,1,-1
2019-09-12 16:40:35.662,10814,10815,10815,1,1
2019-09-12 16:40:37.148,10814,10815,10815,2,2
2019-09-12 16:40:37.149,10814,10815,10815,1,1
2019-09-12 16:40:37.149,10814,10815,10815,9,9
2019-09-12 16:40:37.149,10814,10815,10815,1,1
2019-09-12 16:40:37.149,10814,10815,10815,2,2
2019-09-12 16:40:37.149,10814,10815,10815,8,8
2019-09-12 16:41:28.955,10815,10816,10815,1,-1
2019-09-12 16:41:29.053,10815,10816,10815,1,-1
2019-09-12 16:41:39.474,10814,10815,10814,1,-1
2019-09-12 16:41:48.479,10814,10815,10815,1,1
2019-09-12 16:42:21.862,10815,10816,10815,1,-1
2019-09-12 16:42:58.882,10815,10816,10815,4,-4
2019-09-12 16:43:29.680,10814,10815,10814,2,-2
2019-09-12 16:43:29.680,10814,10815,10814,14,-14
2019-09-12 16:43:29.690,10814,10815,10814,6,-6
2019-09-12 16:43:31.179,10813,10814,10813,66,-66
2019-09-12 16:43:42.876,10812,10813,10812,1,-1
2019-09-12 16:43:42.929,10812,10813,10812,25,-25
2019-09-12 16:43:42.950,10812,10813,10811,2,-2
2019-09-12 16:43:42.973,10812,10813,10811,8,-8
2019-09-12 16:43:42.980,10812,10813,10811,3,-3
2019-09-12 16:43:43.010,10812,10813,10811,2,-2
2019-09-12 16:43:43.230,10811,10812,10812,1,1
2019-09-12 16:43:43.261,10811,10812,10811,1,-1
2019-09-12 16:43:43.273,10811,10812,10811,4,-4
2019-09-12 16:43:43.355,10811,10812,10811,2,-2
2019-09-12 16:43:43.596,10811,10812,10811,1,-1
2019-09-12 16:43:43.605,10811,10812,10811,4,-4
2019-09-12 16:43:43.776,10811,10812,10811,1,-1
2019-09-12 16:43:45.181,10811,10812,10811,4,-4
2019-09-12 16:43:47.981,10811,10812,10811,2,-2
2019-09-12 16:43:47.981,10811,10812,10811,1,-1
2019-09-12 16:43:47.981,10811,10812,10811,4,-4
2019-09-12 16:43:47.981,10811,10812,10811,1,-1
2019-09-12 16:43:52.714,10810,10811,10811,1,1
2019-09-12 16:43:52.796,10810,10811,10811,1,1
2019-09-12 16:43:52.796,10810,10811,10811,2,2
2019-09-12 16:43:53.323,10810,10812,10810,1,-1
2019-09-12 16:43:53.635,10810,10812,10810,1,-1
2019-09-12 16:43:53.825,10810,10812,10810,1,-1
2019-09-12 16:43:54.292,10810,10812,10810,2,-2
2019-09-12 16:43:59.687,10810,10811,10811,1,1
2019-09-12 16:44:04.164,10810,10811,10810,10,-10
2019-09-12 16:44:07.018,10810,10811,10811,1,1
2019-09-12 16:44:10.595,10810,10811,10811,1,1
2019-09-12 16:44:13.975,10810,10811,10810,1,-1
2019-09-12 16:44:15.544,10810,10811,10810,1,-1
2019-09-12 16:44:17.204,10810,10811,10810,1,-1
2019-09-12 16:44:17.301,10810,10811,10810,1,-1
2019-09-12 16:44:18.895,10810,10811,10810,1,-1
2019-09-12 16:44:20.899,10810,10811,10810,1,-1
2019-09-12 16:44:21.518,10810,10811,10811,1,1
2019-09-12 16:44:23.984,10810,10811,10811,1,1
2019-09-12 16:44:24.869,10810,10811,10810,1,-1
2019-09-12 16:44:26.245,10810,10811,10810,1,-1
2019-09-12 16:44:27.840,10810,10811,10810,1,-1
2019-09-12 16:44:29.347,10810,10811,10810,1,-1
2019-09-12 16:44:41.949,10810,10811,10810,2,-2
2019-09-12 16:44:45.132,10810,10811,10810,1,-1
2019-09-12 16:44:47.163,10810,10811,10810,1,-1
2019-09-12 16:44:48.079,10810,10811,10810,1,-1
2019-09-12 16:44:48.889,10810,10811,10810,1,-1
2019-09-12 16:44:50.379,10810,10811,10810,1,-1
2019-09-12 16:44:52.372,10810,10811,10810,5,-5
2019-09-12 16:44:57.718,10810,10811,10810,1,-1
2019-09-12 16:44:57.733,10810,10811,10810,4,-4
2019-09-12 16:44:59.225,10810,10811,10810,1,-1
2019-09-12 16:45:01.418,10810,10811,10810,1,-1
2019-09-12 16:45:01.667,10810,10811,10811,2,2
2019-09-12 16:45:01.737,10810,10811,10810,1,-1
2019-09-12 16:45:02.785,10810,10811,10810,1,-1
2019-09-12 16:45:04.650,10810,10811,10810,1,-1
2019-09-12 16:45:05.056,10810,10811,10811,15,15
2019-09-12 16:45:10.296,10811,10812,10812,3,3
2019-09-12 16:45:10.900,10811,10812,10812,2,2
2019-09-12 16:45:12.776,10811,10812,10812,2,2
2019-09-12 16:45:12.803,10811,10812,10812,1,1
2019-09-12 16:45:13.053,10812,10813,10812,1,-1
2019-09-12 16:45:13.876,10812,10813,10812,1,-1
2019-09-12 16:45:13.876,10812,10813,10811,24,-24
2019-09-12 16:45:14.361,10810,10812,10812,1,1
2019-09-12 16:45:21.498,10811,10812,10812,1,1
2019-09-12 16:45:24.400,10811,10812,10812,1,1
2019-09-12 16:45:30.116,10811,10812,10812,1,1
2019-09-12 16:45:31.530,10811,10812,10812,1,1
2019-09-12 16:45:39.745,10811,10812,10812,1,1
2019-09-12 16:45:42.081,10811,10812,10812,1,1
2019-09-12 16:45:42.573,10811,10812,10812,1,1
2019-09-12 16:45:48.857,10812,10813,10812,1,-1
2019-09-12 16:45:49.830,10811,10812,10812,1,1
2019-09-12 16:45:53.022,10812,10813,10812,1,-1
2019-09-12 16:45:59.655,10812,10813,10812,3,-3
2019-09-12 16:45:59.656,10812,10813,10812,2,-2
2019-09-12 16:46:00.301,10811,10812,10812,1,1
2019-09-12 16:46:01.147,10811,10812,10811,9,-9
2019-09-12 16:46:01.648,10810,10811,10811,2,2
2019-09-12 16:46:12.220,10810,10811,10811,1,1
2019-09-12 16:46:13.106,10810,10811,10811,6,6
2019-09-12 16:46:16.159,10811,10812,10811,1,-1
2019-09-12 16:46:17.152,10811,10812,10812,2,2
2019-09-12 16:46:17.326,10811,10812,10812,1,1
2019-09-12 16:46:21.038,10811,10812,10811,1,-1
2019-09-12 16:46:35.625,10811,10812,10811,5,-5
2019-09-12 16:46:37.310,10811,10812,10811,8,-8
2019-09-12 16:46:37.565,10810,10812,10810,5,-5
2019-09-12 16:46:38.698,10810,10811,10811,5,5
2019-09-12 16:46:38.942,10810,10811,10811,2,2
2019-09-12 16:46:38.942,10810,10811,10812,44,44
2019-09-12 16:46:39.055,10811,10812,10812,3,3
2019-09-12 16:46:39.178,10811,10812,10812,2,2
2019-09-12 16:46:39.303,10812,10813,10813,5,5
2019-09-12 16:46:39.803,10811,10812,10812,1,1
2019-09-12 16:46:39.928,10812,10813,10813,2,2
2019-09-12 16:46:40.911,10812,10813,10812,1,-1
2019-09-12 16:46:52.817,10811,10812,10811,8,-8
2019-09-12 16:46:53.178,10811,10812,10811,1,-1
2019-09-12 16:46:58.991,10810,10811,10811,1,1
2019-09-12 16:46:59.394,10810,10812,10812,1,1
2019-09-12 16:47:11.428,10810,10811,10811,1,1
2019-09-12 16:47:16.523,10811,10812,10812,1,1
2019-09-12 16:47:17.724,10811,10812,10811,1,-1
2019-09-12 16:47:24.843,10811,10812,10811,1,-1
2019-09-12 16:47:32.929,10811,10812,10811,8,-8
2019-09-12 16:47:37.310,10811,10812,10811,1,-1
2019-09-12 16:47:48.279,10811,10812,10811,1,-1
2019-09-12 16:48:04.374,10811,10812,10811,1,-1
2019-09-12 16:48:04.374,10811,10812,10810,4,-4
2019-09-12 16:48:14.735,10811,10812,10811,1,1
2019-09-12 16:48:16.424,10811,10812,10811,5,-5
2019-09-12 16:48:17.106,10811,10812,10811,1,-1
2019-09-12 16:48:19.441,10811,10812,10811,1,-1
2019-09-12 16:48:21.742,10811,10812,10811,5,-5
2019-09-12 16:48:21.928,10811,10812,10811,1,-1
2019-09-12 16:48:24.042,10810,10811,10811,1,1
2019-09-12 16:48:42.673,10810,10811,10811,3,3
2019-09-12 16:48:57.039,10811,10812,10811,1,-1
2019-09-12 16:49:11.661,10811,10812,10811,1,-1
2019-09-12 16:49:12.657,10811,10812,10811,3,-3
2019-09-12 16:49:13.661,10811,10812,10811,5,-5
2019-09-12 16:49:31.641,10811,10812,10811,5,-5
2019-09-12 16:49:32.504,10811,10812,10811,1,-1
2019-09-12 16:49:57.103,10811,10812,10812,1,1
2019-09-12 16:50:17.711,10811,10812,10811,5,-5
2019-09-12 16:50:20.773,10811,10812,10812,1,1
2019-09-12 16:50:25.486,10811,10812,10812,2,2
2019-09-12 16:50:26.099,10811,10812,10812,1,1
2019-09-12 16:50:29.263,10811,10812,10812,10,10
2019-09-12 16:50:32.301,10812,10813,10812,1,-1
2019-09-12 16:50:38.396,10812,10813,10813,1,1
2019-09-12 16:50:49.663,10811,10813,10811,1,-1
2019-09-12 16:51:00.589,10811,10812,10812,1,1
2019-09-12 16:51:19.967,10812,10813,10812,2,-2
2019-09-12 16:51:31.401,10811,10812,10812,1,1
2019-09-12 16:51:39.183,10811,10812,10812,1,1
2019-09-12 16:51:40.618,10811,10812,10812,1,1
2019-09-12 16:52:05.845,10812,10813,10812,1,-1
2019-09-12 16:52:10.879,10812,10813,10812,2,-2
2019-09-12 16:52:55.285,10812,10813,10813,1,1
2019-09-12 16:53:17.757,10812,10813,10813,3,3
2019-09-12 16:53:23.424,10812,10813,10813,1,1
2019-09-12 16:53:28.161,10812,10813,10813,1,1
2019-09-12 16:53:28.795,10812,10813,10813,5,5
2019-09-12 16:53:31.398,10812,10813,10813,1,1
2019-09-12 16:53:45.302,10812,10813,10812,1,-1
2019-09-12 16:53:50.198,10812,10813,10813,1,1
2019-09-12 16:54:04.169,10813,10814,10813,1,-1
2019-09-12 16:54:09.003,10813,10814,10813,1,-1
2019-09-12 16:54:19.439,10812,10813,10813,1,1
2019-09-12 16:55:02.770,10812,10814,10812,1,-1
2019-09-12 16:55:12.807,10812,10813,10813,2,2
2019-09-12 16:55:17.926,10813,10814,10813,1,-1
2019-09-12 16:55:31.658,10812,10813,10812,2,-2
2019-09-12 16:56:37.561,10812,10813,10812,1,-1
2019-09-12 16:56:42.281,10812,10813,10812,8,-8
2019-09-12 16:56:42.288,10812,10813,10812,3,-3
2019-09-12 16:56:42.303,10812,10813,10812,2,-2
2019-09-12 16:56:42.303,10812,10813,10812,5,-5
2019-09-12 16:56:42.303,10812,10813,10812,2,-2
2019-09-12 16:57:03.499,10811,10812,10812,1,1
2019-09-12 16:57:21.975,10812,10813,10812,1,-1
2019-09-12 16:58:12.624,10811,10812,10812,1,1
2019-09-12 16:58:17.346,10811,10812,10812,2,2
2019-09-12 16:58:49.968,10811,10812,10812,1,1
2019-09-12 16:59:03.380,10811,10812,10812,1,1
2019-09-12 16:59:13.001,10811,10812,10811,1,-1
2019-09-12 16:59:13.590,10811,10812,10811,1,-1
2019-09-12 16:59:13.637,10811,10812,10811,1,-1
2019-09-12 16:59:13.957,10811,10812,10811,1,-1
2019-09-12 16:59:13.993,10811,10812,10811,1,-1
2019-09-12 16:59:14.653,10811,10812,10812,1,1
2019-09-12 16:59:15.625,10811,10812,10812,1,1
2019-09-12 16:59:30.645,10811,10812,10812,1,1
2019-09-12 16:59:34.803,10811,10812,10812,2,2
2019-09-12 16:59:35.500,10812,10813,10812,1,-1
2019-09-12 16:59:54.078,10812,10813,10813,1,1
2019-09-12 16:59:54.841,10812,10813,10813,13,13
2019-09-12 17:00:00.710,10813,10814,10814,1,1
2019-09-12 17:00:00.921,10813,10814,10813,3,-3
2019-09-12 17:00:01.295,10813,10814,10813,1,-1
2019-09-12 17:00:01.455,10813,10814,10813,1,-1
2019-09-12 17:00:01.884,10812,10814,10813,1,-1
2019-09-12 17:00:02.019,10812,10814,10814,1,1
2019-09-12 17:00:02.314,10813,10814,10813,1,-1
2019-09-12 17:00:07.564,10813,10814,10814,12,12
2019-09-12 17:00:09.820,10814,10815,10815,1,1
2019-09-12 17:00:09.868,10814,10815,10815,1,1
2019-09-12 17:00:09.907,10814,10815,10815,1,1
2019-09-12 17:00:09.955,10814,10815,10815,1,1
2019-09-12 17:00:10.056,10814,10815,10815,1,1
2019-09-12 17:00:10.356,10814,10815,10814,2,-2
2019-09-12 17:00:14.554,10814,10815,10814,1,-1
2019-09-12 17:00:28.560,10814,10815,10814,2,-2
2019-09-12 17:00:28.791,10814,10815,10815,1,1
2019-09-12 17:00:38.361,10814,10815,10815,1,1
2019-09-12 17:01:03.075,10814,10815,10815,1,1
2019-09-12 17:01:32.011,10814,10815,10815,1,1
2019-09-12 17:02:10.419,10814,10815,10814,2,-2
2019-09-12 17:02:10.419,10814,10815,10814,2,-2
2019-09-12 17:02:10.419,10814,10815,10814,5,-5
2019-09-12 17:02:10.419,10814,10815,10814,4,-4
2019-09-12 17:02:50.889,10813,10814,10813,1,-1
2019-09-12 17:02:56.797,10813,10814,10813,1,-1
2019-09-12 17:03:15.034,10813,10814,10813,1,-1
2019-09-12 17:03:23.912,10813,10814,10813,1,-1
2019-09-12 17:03:28.688,10813,10814,10814,1,1
2019-09-12 17:03:29.121,10813,10814,10814,1,1
2019-09-12 17:03:29.952,10813,10814,10814,1,1
2019-09-12 17:03:49.380,10813,10814,10814,2,2
2019-09-12 17:03:49.615,10814,10815,10814,2,-2
2019-09-12 17:03:59.889,10814,10815,10814,2,-2
2019-09-12 17:04:03.552,10814,10815,10815,1,1
2019-09-12 17:04:03.784,10814,10815,10815,1,1
2019-09-12 17:04:07.808,10814,10815,10814,1,-1
2019-09-12 17:04:50.876,10814,10815,10814,1,-1
2019-09-12 17:05:05.639,10814,10815,10815,26,26
2019-09-12 17:05:10.533,10815,10816,10815,1,-1
2019-09-12 17:05:21.958,10815,10816,10816,5,5
2019-09-12 17:05:22.134,10815,10816,10816,1,1
2019-09-12 17:05:22.284,10815,10816,10816,5,5
2019-09-12 17:05:22.890,10815,10816,10816,5,5
2019-09-12 17:05:23.099,10815,10817,10816,1,-1
2019-09-12 17:05:23.099,10815,10817,10816,1,-1
2019-09-12 17:05:23.178,10816,10817,10816,1,-1
2019-09-12 17:05:25.126,10816,10817,10817,5,5
2019-09-12 17:05:25.462,10816,10817,10817,5,5
2019-09-12 17:05:25.821,10816,10817,10817,5,5
2019-09-12 17:05:26.016,10816,10817,10817,5,5
2019-09-12 17:05:26.211,10816,10817,10817,5,5
2019-09-12 17:05:26.274,10816,10817,10816,1,-1
2019-09-12 17:05:30.904,10816,10817,10817,1,1
2019-09-12 17:05:53.137,10816,10817,10816,1,-1
2019-09-12 17:05:54.580,10816,10817,10817,3,3
2019-09-12 17:06:02.839,10816,10817,10817,2,2
2019-09-12 17:06:03.887,10816,10817,10816,1,-1
2019-09-12 17:06:04.674,10816,10817,10817,1,1
2019-09-12 17:06:18.745,10816,10817,10817,1,1
2019-09-12 17:06:18.822,10816,10817,10817,1,1
2019-09-12 17:06:41.322,10816,10817,10817,1,1
2019-09-12 17:06:48.544,10816,10817,10817,1,1
2019-09-12 17:07:04.856,10816,10817,10816,1,-1
2019-09-12 17:07:41.887,10816,10817,10816,1,-1
2019-09-12 17:08:29.699,10816,10817,10816,1,-1
2019-09-12 17:08:46.508,10816,10817,10817,5,5
2019-09-12 17:08:47.296,10816,10817,10816,1,-1
2019-09-12 17:09:01.198,10816,10817,10816,2,-2
2019-09-12 17:09:12.347,10816,10817,10817,6,6
2019-09-12 17:09:26.260,10816,10817,10817,1,1
2019-09-12 17:10:08.471,10816,10817,10817,1,1
2019-09-12 17:10:11.407,10816,10817,10817,1,1
2019-09-12 17:10:18.098,10816,10817,10816,1,-1
2019-09-12 17:10:39.850,10816,10817,10816,2,-2
2019-09-12 17:10:40.584,10816,10817,10816,1,-1
2019-09-12 17:10:57.010,10816,10817,10816,1,-1
2019-09-12 17:11:13.960,10816,10817,10816,1,-1
2019-09-12 17:11:19.108,10816,10817,10816,1,-1
2019-09-12 17:11:19.109,10816,10817,10816,1,-1
2019-09-12 17:11:19.109,10816,10817,10816,3,-3
2019-09-12 17:12:52.297,10815,10816,10815,1,-1
2019-09-12 17:13:02.251,10815,10816,10815,1,-1
2019-09-12 17:13:08.494,10815,10816,10815,5,-5
2019-09-12 17:13:37.701,10815,10816,10815,1,-1
2019-09-12 17:14:04.471,10815,10816,10815,1,-1
2019-09-12 17:15:28.662,10815,10816,10816,1,1
2019-09-12 17:15:42.369,10815,10816,10815,4,-4
2019-09-12 17:15:43.552,10814,10815,10815,4,4
2019-09-12 17:15:57.554,10814,10815,10815,2,2
2019-09-12 17:16:05.703,10814,10815,10815,1,1
2019-09-12 17:16:38.425,10814,10816,10816,1,1
2019-09-12 17:17:04.494,10815,10816,10815,15,-15
2019-09-12 17:17:06.449,10815,10816,10815,1,-1
2019-09-12 17:17:26.911,10815,10816,10816,1,1
2019-09-12 17:17:27.054,10815,10816,10816,5,5
2019-09-12 17:17:59.465,10815,10816,10815,5,-5
2019-09-12 17:18:01.032,10815,10816,10816,1,1
2019-09-12 17:18:01.653,10815,10816,10815,1,-1
2019-09-12 17:18:23.086,10815,10816,10815,1,-1
2019-09-12 17:18:23.087,10815,10816,10815,1,-1
2019-09-12 17:18:27.666,10814,10815,10814,7,-7
2019-09-12 17:19:03.170,10814,10815,10814,1,-1
2019-09-12 17:19:08.349,10813,10814,10814,1,1
2019-09-12 17:19:59.596,10813,10814,10814,2,2
2019-09-12 17:20:01.017,10813,10814,10814,1,1
2019-09-12 17:20:01.531,10813,10815,10813,6,-6
2019-09-12 17:20:01.598,10813,10815,10813,8,-8
2019-09-12 17:20:01.656,10813,10815,10813,4,-4
2019-09-12 17:20:08.805,10813,10814,10814,1,1
2019-09-12 17:20:08.806,10813,10814,10814,1,1
2019-09-12 17:20:27.936,10814,10815,10815,1,1
2019-09-12 17:20:38.782,10814,10815,10815,1,1
2019-09-12 17:21:09.224,10814,10815,10814,1,-1
2019-09-12 17:21:22.488,10813,10814,10813,1,-1
2019-09-12 17:21:33.271,10813,10814,10814,1,1
2019-09-12 17:21:47.133,10814,10815,10814,1,-1
2019-09-12 17:21:58.006,10814,10815,10814,1,-1
2019-09-12 17:22:02.631,10813,10814,10814,1,1
2019-09-12 17:22:02.678,10814,10815,10815,1,1
2019-09-12 17:22:02.678,10814,10815,10815,5,5
2019-09-12 17:22:02.678,10814,10815,10815,4,4
2019-09-12 17:22:02.679,10814,10815,10815,2,2
2019-09-12 17:22:02.680,10814,10815,10815,4,4
2019-09-12 17:22:07.180,10815,10816,10816,1,1
2019-09-12 17:22:46.972,10815,10816,10815,1,-1
2019-09-12 17:23:46.093,10815,10816,10815,1,-1
2019-09-12 17:23:56.621,10815,10816,10815,1,-1
2019-09-12 17:23:56.680,10814,10816,10815,1,-1
2019-09-12 17:23:56.685,10814,10816,10815,1,-1
2019-09-12 17:24:22.682,10815,10816,10815,1,-1
2019-09-12 17:25:07.116,10815,10816,10816,5,5
2019-09-12 17:25:21.455,10815,10816,10815,2,-2
2019-09-12 17:25:39.053,10814,10815,10815,2,2
2019-09-12 17:25:52.804,10814,10815,10815,1,1
2019-09-12 17:26:00.227,10814,10815,10815,1,1
2019-09-12 17:26:10.555,10814,10816,10816,1,1
2019-09-12 17:26:44.873,10815,10816,10816,1,1
2019-09-12 17:27:05.359,10815,10816,10816,1,1
2019-09-12 17:27:54.805,10815,10816,10816,1,1
2019-09-12 17:28:14.805,10815,10816,10816,1,1
2019-09-12 17:28:29.331,10815,10816,10816,1,1
2019-09-12 17:29:46.090,10815,10816,10816,15,15
2019-09-12 17:29:46.180,10815,10816,10816,1,1
2019-09-12 17:29:54.402,10815,10816,10816,2,2
2019-09-12 17:30:02.321,10815,10816,10816,1,1
2019-09-12 17:30:03.337,10815,10817,10815,1,-1
2019-09-12 17:31:20.822,10816,10817,10816,1,1
2019-09-12 17:31:20.822,10816,10817,10816,7,-7
2019-09-12 17:31:20.823,10816,10817,10816,2,-2
2019-09-12 17:31:51.179,10816,10817,10817,1,1
2019-09-12 17:31:51.550,10816,10817,10817,1,1
2019-09-12 17:32:10.305,10816,10817,10817,1,1
2019-09-12 17:32:33.324,10816,10817,10817,1,1
2019-09-12 17:32:38.646,10816,10817,10817,2,2
2019-09-12 17:32:54.243,10816,10817,10817,1,1
2019-09-12 17:33:10.944,10816,10817,10817,1,1
2019-09-12 17:33:37.679,10816,10817,10816,7,-7
2019-09-12 17:34:04.498,10816,10817,10816,5,-5
2019-09-12 17:34:09.499,10816,10817,10816,2,-2
2019-09-12 17:34:30.475,10815,10816,10816,1,1
2019-09-12 17:34:49.141,10815,10816,10816,1,1
2019-09-12 17:34:59.190,10815,10816,10815,1,-1
2019-09-12 17:35:15.428,10816,10817,10816,1,1
2019-09-12 17:35:29.178,10816,10817,10816,1,-1
2019-09-12 17:36:24.930,10815,10816,10816,1,1
2019-09-12 17:36:29.446,10815,10816,10816,1,1
2019-09-12 17:36:45.212,10815,10816,10816,1,1
2019-09-12 17:36:51.962,10815,10816,10816,1,1
2019-09-12 17:36:52.178,10816,10817,10816,6,-6
2019-09-12 17:36:52.303,10816,10817,10816,4,-4
2019-09-12 17:36:59.928,10816,10817,10816,5,-5
2019-09-12 17:37:19.697,10815,10816,10816,1,1
2019-09-12 17:37:33.355,10816,10817,10816,2,-2
2019-09-12 17:37:37.419,10816,10817,10816,1,-1
2019-09-12 17:37:42.248,10816,10817,10816,1,-1
2019-09-12 17:37:52.295,10816,10817,10816,1,-1
2019-09-12 17:38:11.056,10815,10816,10816,1,1
2019-09-12 17:38:59.501,10815,10816,10816,1,1
2019-09-12 17:39:12.915,10815,10816,10815,10,-10
2019-09-12 17:39:34.055,10815,10816,10816,1,1
2019-09-12 17:39:38.912,10815,10816,10815,3,-3
2019-09-12 17:39:51.472,10815,10816,10815,1,-1
2019-09-12 17:40:20.430,10815,10816,10816,1,1
2019-09-12 17:40:24.936,10815,10816,10816,1,1
2019-09-12 17:40:35.561,10815,10816,10816,2,2
2019-09-12 17:40:38.553,10816,10817,10816,1,-1
2019-09-12 17:40:58.507,10816,10817,10816,1,-1
2019-09-12 17:41:07.052,10816,10817,10816,5,-5
2019-09-12 17:41:46.680,10816,10817,10817,1,1
2019-09-12 17:42:08.805,10816,10817,10817,1,1
2019-09-12 17:42:22.922,10816,10817,10816,2,-2
2019-09-12 17:42:26.610,10815,10816,10815,4,-4
2019-09-12 17:42:26.670,10815,10816,10816,1,1
2019-09-12 17:42:46.236,10815,10816,10815,1,-1
2019-09-12 17:43:10.700,10815,10816,10815,7,-7
2019-09-12 17:44:15.821,10815,10816,10815,1,-1
2019-09-12 17:44:17.108,10815,10816,10815,2,-2
2019-09-12 17:44:50.484,10814,10815,10814,1,-1
2019-09-12 17:44:51.572,10814,10815,10814,1,-1
2019-09-12 17:45:04.933,10814,10815,10814,1,-1
2019-09-12 17:45:08.231,10814,10815,10814,3,-3
2019-09-12 17:45:19.345,10813,10814,10814,1,1
2019-09-12 17:45:23.026,10813,10814,10814,1,1
2019-09-12 17:45:36.681,10813,10814,10814,1,1
2019-09-12 17:45:45.467,10813,10814,10814,1,1
2019-09-12 17:45:51.315,10813,10814,10814,1,1
2019-09-12 17:45:52.047,10814,10815,10814,1,-1
2019-09-12 17:45:52.546,10813,10814,10813,19,-19
2019-09-12 17:45:52.778,10813,10814,10814,1,1
2019-09-12 17:46:02.526,10813,10814,10814,1,1
2019-09-12 17:46:22.609,10813,10814,10813,5,-5
2019-09-12 17:46:45.516,10813,10814,10813,4,-4
2019-09-12 17:46:49.631,10813,10814,10813,1,-1
2019-09-12 17:47:07.134,10812,10813,10812,9,-9
2019-09-12 17:47:07.244,10812,10813,10812,10,-10
2019-09-12 17:47:09.249,10812,10813,10812,1,-1
2019-09-12 17:47:10.127,10812,10813,10812,1,-1
2019-09-12 17:47:10.473,10812,10813,10812,1,-1
2019-09-12 17:47:10.678,10811,10812,10812,1,1
2019-09-12 17:47:25.982,10811,10812,10812,2,2
2019-09-12 17:47:25.996,10811,10812,10812,1,1
2019-09-12 17:47:26.026,10811,10812,10812,2,2
2019-09-12 17:47:26.042,10811,10812,10813,1,1
2019-09-12 17:47:26.228,10811,10812,10812,1,1
2019-09-12 17:47:26.322,10811,10813,10812,1,-1
2019-09-12 17:47:26.322,10811,10813,10813,2,2
2019-09-12 17:47:26.355,10811,10813,10812,1,-1
2019-09-12 17:47:26.355,10811,10813,10813,1,1
2019-09-12 17:47:56.650,10811,10812,10811,5,-5
2019-09-12 17:47:56.743,10811,10812,10811,15,-15
2019-09-12 17:47:57.843,10811,10812,10811,1,-1
2019-09-12 17:48:11.127,10811,10812,10811,2,-2
2019-09-12 17:48:13.055,10811,10812,10812,1,1
2019-09-12 17:48:15.661,10811,10812,10811,7,-7
2019-09-12 17:48:15.970,10811,10812,10811,1,-1
2019-09-12 17:48:16.280,10811,10812,10811,1,-1
2019-09-12 17:48:16.578,10811,10812,10811,7,-7
2019-09-12 17:48:17.081,10810,10811,10810,3,-3
2019-09-12 17:48:17.081,10810,10811,10810,4,-4
2019-09-12 17:48:17.090,10810,10811,10810,2,-2
2019-09-12 17:48:17.107,10810,10811,10810,2,-2
2019-09-12 17:48:17.165,10810,10811,10810,2,-2
2019-09-12 17:48:17.219,10810,10811,10810,2,-2
2019-09-12 17:48:17.226,10810,10811,10810,15,-15
2019-09-12 17:48:17.229,10810,10811,10810,5,-5
2019-09-12 17:48:17.232,10810,10811,10810,2,-2
2019-09-12 17:48:17.235,10810,10811,10810,1,-1
2019-09-12 17:48:17.241,10810,10811,10810,3,-3
2019-09-12 17:48:17.246,10810,10811,10810,1,-1
2019-09-12 17:48:17.250,10810,10811,10810,1,-1
2019-09-12 17:48:17.250,10810,10811,10810,3,-3
2019-09-12 17:48:17.256,10810,10811,10809,1,-1
2019-09-12 17:48:17.305,10809,10810,10810,1,1
2019-09-12 17:48:17.322,10809,10810,10809,2,-2
2019-09-12 17:48:17.359,10809,10810,10809,10,-10
2019-09-12 17:48:17.376,10809,10810,10809,1,-1
2019-09-12 17:48:17.403,10809,10810,10809,3,-3
2019-09-12 17:48:17.406,10809,10810,10809,2,-2
2019-09-12 17:48:17.406,10809,10810,10809,2,-2
2019-09-12 17:48:17.407,10809,10810,10808,2,-2
2019-09-12 17:48:17.412,10809,10810,10808,10,-10
2019-09-12 17:48:17.526,10808,10810,10809,1,1
2019-09-12 17:48:17.810,10808,10809,10808,1,-1
2019-09-12 17:48:17.850,10808,10809,10808,1,-1
2019-09-12 17:48:17.929,10808,10809,10808,1,-1
2019-09-12 17:48:17.934,10808,10809,10808,1,-1
2019-09-12 17:48:17.957,10808,10809,10808,1,-1
2019-09-12 17:48:17.959,10808,10809,10808,1,-1
2019-09-12 17:48:17.960,10808,10809,10808,1,-1
2019-09-12 17:48:17.982,10808,10809,10808,1,-1
2019-09-12 17:48:18.026,10808,10809,10809,1,1
2019-09-12 17:48:18.042,10808,10809,10808,1,-1
2019-09-12 17:48:18.084,10808,10810,10808,2,-2
2019-09-12 17:48:18.106,10808,10810,10808,1,-1
2019-09-12 17:48:18.132,10808,10810,10809,4,4
2019-09-12 17:48:18.169,10808,10810,10809,1,-1
2019-09-12 17:48:18.180,10808,10809,10809,2,2
2019-09-12 17:48:18.206,10808,10809,10808,1,-1
2019-09-12 17:48:18.249,10808,10809,10808,1,-1
2019-09-12 17:48:18.259,10808,10809,10808,2,-2
2019-09-12 17:48:18.261,10808,10809,10808,1,-1
2019-09-12 17:48:18.273,10808,10809,10808,2,-2
2019-09-12 17:48:18.409,10808,10809,10808,3,-3
2019-09-12 17:48:18.559,10808,10809,10808,1,-1
2019-09-12 17:48:18.559,10808,10809,10808,1,-1
2019-09-12 17:48:18.751,10808,10809,10808,1,-1
2019-09-12 17:48:18.769,10808,10809,10808,1,-1
2019-09-12 17:48:18.890,10808,10809,10808,1,-1
2019-09-12 17:48:19.165,10808,10809,10808,2,-2
2019-09-12 17:48:19.211,10808,10809,10808,2,-2
2019-09-12 17:48:19.305,10808,10809,10809,2,2
2019-09-12 17:48:19.319,10808,10809,10808,1,-1
2019-09-12 17:48:19.558,10808,10809,10808,1,-1
2019-09-12 17:48:19.761,10808,10809,10808,1,-1
2019-09-12 17:48:21.195,10808,10809,10808,1,-1
2019-09-12 17:48:21.231,10808,10809,10808,2,-2
2019-09-12 17:48:22.097,10808,10809,10808,1,-1
2019-09-12 17:48:30.644,10808,10809,10809,1,1
2019-09-12 17:48:31.059,10809,10810,10810,2,2
2019-09-12 17:48:43.218,10809,10810,10810,1,1
2019-09-12 17:48:51.682,10809,10810,10809,2,-2
2019-09-12 17:48:51.953,10809,10810,10809,2,-2
2019-09-12 17:48:52.169,10809,10810,10809,1,-1
2019-09-12 17:48:52.178,10809,10810,10809,1,-1
2019-09-12 17:48:54.202,10808,10809,10809,1,1
2019-09-12 17:48:56.394,10808,10809,10809,1,1
2019-09-12 17:49:00.893,10808,10809,10809,10,10
2019-09-12 17:49:03.250,10809,10810,10809,5,-5
2019-09-12 17:49:16.305,10809,10810,10810,1,1
2019-09-12 17:49:17.087,10809,10810,10810,2,2
2019-09-12 17:49:17.178,10809,10810,10810,4,4
2019-09-12 17:49:17.303,10809,10810,10810,8,8
2019-09-12 17:49:17.428,10809,10810,10810,2,2
2019-09-12 17:49:17.428,10809,10810,10810,2,2
2019-09-12 17:49:17.428,10809,10810,10810,5,5
2019-09-12 17:49:17.428,10809,10810,10810,1,1
2019-09-12 17:49:25.951,10810,10811,10811,2,2
2019-09-12 17:49:31.436,10810,10811,10811,1,1
2019-09-12 17:49:33.142,10810,10811,10811,2,2
2019-09-12 17:49:35.514,10810,10811,10811,1,1
2019-09-12 17:49:40.670,10810,10811,10810,2,-2
2019-09-12 17:49:47.481,10810,10811,10810,1,-1
2019-09-12 17:49:51.081,10810,10811,10810,17,-17
2019-09-12 17:49:51.537,10809,10810,10810,1,1
2019-09-12 17:49:51.739,10809,10810,10810,2,2
2019-09-12 17:49:58.817,10809,10811,10811,3,3
2019-09-12 17:49:59.817,10809,10811,10811,3,3
2019-09-12 17:50:03.004,10809,10811,10811,1,1
2019-09-12 17:50:03.566,10809,10811,10809,12,-12
2019-09-12 17:50:05.169,10809,10810,10810,1,1
2019-09-12 17:50:07.067,10809,10810,10810,1,1
2019-09-12 17:50:07.650,10809,10810,10809,2,-2
2019-09-12 17:50:08.658,10809,10810,10810,1,1
2019-09-12 17:50:18.127,10809,10810,10809,5,-5
2019-09-12 17:50:23.594,10809,10810,10809,1,-1
2019-09-12 17:50:26.503,10809,10810,10809,1,-1
2019-09-12 17:50:27.968,10809,10810,10809,7,-7
2019-09-12 17:50:28.304,10808,10809,10809,2,2
2019-09-12 17:50:28.309,10808,10809,10809,1,1
2019-09-12 17:50:28.338,10808,10809,10809,2,2
2019-09-12 17:50:29.928,10808,10809,10809,1,1
2019-09-12 17:50:48.886,10808,10809,10809,1,1
2019-09-12 17:50:49.071,10808,10809,10809,5,5
2019-09-12 17:51:03.881,10809,10810,10809,1,-1
2019-09-12 17:51:05.513,10809,10810,10809,1,-1
2019-09-12 17:51:06.181,10809,10810,10809,1,-1
2019-09-12 17:51:07.041,10809,10810,10809,1,-1
2019-09-12 17:51:07.786,10809,10810,10809,1,-1
2019-09-12 17:51:17.658,10809,10810,10809,5,-5
2019-09-12 17:51:19.304,10808,10810,10810,1,1
2019-09-12 17:51:52.680,10809,10810,10809,7,-7
2019-09-12 17:51:54.303,10808,10809,10809,2,2
2019-09-12 17:52:13.555,10809,10810,10810,1,1
2019-09-12 17:52:37.918,10809,10810,10810,1,1
2019-09-12 17:53:06.283,10809,10810,10810,1,1
2019-09-12 17:53:07.297,10809,10810,10810,1,1
2019-09-12 17:53:07.974,10809,10810,10810,1,1
2019-09-12 17:53:08.569,10809,10810,10810,1,1
2019-09-12 17:53:08.911,10809,10810,10810,1,1
2019-09-12 17:53:09.664,10809,10810,10810,1,1
2019-09-12 17:53:10.042,10809,10810,10810,1,1
2019-09-12 17:53:10.411,10809,10810,10810,1,1
2019-09-12 17:53:10.906,10809,10810,10810,1,1
2019-09-12 17:53:11.508,10809,10810,10810,1,1
2019-09-12 17:53:21.027,10809,10810,10810,5,5
2019-09-12 17:53:31.962,10809,10810,10810,1,1
2019-09-12 17:53:32.237,10809,10810,10810,1,1
2019-09-12 17:53:32.704,10809,10810,10810,1,1
2019-09-12 17:53:32.947,10809,10810,10810,1,1
2019-09-12 17:53:33.203,10809,10810,10810,1,1
2019-09-12 17:53:33.711,10809,10810,10810,1,1
2019-09-12 17:53:33.965,10809,10810,10810,1,1
2019-09-12 17:53:34.227,10809,10810,10810,1,1
2019-09-12 17:53:34.499,10809,10810,10810,1,1
2019-09-12 17:53:34.710,10809,10810,10810,1,1
2019-09-12 17:53:51.572,10809,10810,10810,1,1
2019-09-12 17:53:53.367,10809,10810,10810,1,1
2019-09-12 17:53:53.626,10809,10810,10810,1,1
2019-09-12 17:53:53.939,10809,10810,10810,1,1
2019-09-12 17:53:54.173,10809,10810,10810,1,1
2019-09-12 17:53:54.413,10809,10810,10810,1,1
2019-09-12 17:53:54.921,10809,10810,10810,1,1
2019-09-12 17:53:55.196,10809,10810,10810,1,1
2019-09-12 17:53:55.423,10809,10810,10809,1,-1
2019-09-12 17:53:55.526,10809,10810,10810,1,1
2019-09-12 17:53:56.381,10809,10810,10810,1,1
2019-09-12 17:53:56.717,10809,10810,10810,1,1
2019-09-12 17:53:57.026,10809,10810,10810,1,1
2019-09-12 17:54:01.049,10809,10810,10809,1,-1
2019-09-12 17:54:01.106,10809,10810,10809,5,-5
2019-09-12 17:54:01.275,10809,10810,10809,1,-1
2019-09-12 17:54:01.945,10809,10810,10810,1,1
2019-09-12 17:54:05.806,10809,10810,10810,1,1
2019-09-12 17:54:44.831,10809,10810,10810,1,1
2019-09-12 17:54:46.350,10809,10810,10810,1,1
2019-09-12 17:54:50.073,10809,10810,10810,1,1
2019-09-12 17:54:54.928,10809,10810,10810,1,1
2019-09-12 17:55:01.714,10809,10810,10810,1,1
2019-09-12 17:55:01.805,10809,10810,10810,1,1
2019-09-12 17:55:02.302,10809,10810,10809,1,-1
2019-09-12 17:55:02.318,10809,10810,10809,1,-1
2019-09-12 17:55:03.947,10809,10810,10810,1,1
2019-09-12 17:55:05.398,10809,10810,10810,1,1
2019-09-12 17:55:05.980,10809,10810,10810,1,1
2019-09-12 17:55:10.154,10809,10810,10810,1,1
2019-09-12 17:55:11.219,10809,10810,10810,1,1
2019-09-12 17:55:24.977,10809,10810,10809,10,-10
2019-09-12 17:55:25.053,10809,10810,10809,3,-3
2019-09-12 17:55:25.053,10809,10810,10809,2,-2
2019-09-12 17:55:25.053,10809,10810,10809,5,-5
2019-09-12 17:55:25.661,10808,10809,10809,1,1
2019-09-12 17:55:25.994,10808,10810,10810,1,1
2019-09-12 17:55:26.556,10808,10810,10810,1,1
2019-09-12 17:55:26.874,10808,10810,10810,1,1
2019-09-12 17:55:41.365,10808,10809,10809,1,1
2019-09-12 17:55:51.355,10808,10809,10809,1,1
2019-09-12 17:55:54.566,10809,10810,10809,1,-1
2019-09-12 17:55:56.073,10808,10809,10809,1,1
2019-09-12 17:55:56.840,10808,10809,10809,1,1
2019-09-12 17:56:01.066,10808,10809,10809,1,1
2019-09-12 17:56:08.410,10809,10810,10810,5,5
2019-09-12 17:56:08.431,10809,10810,10810,1,1
2019-09-12 17:56:22.253,10809,10810,10809,1,-1
2019-09-12 17:56:27.389,10809,10810,10810,5,5
2019-09-12 17:56:31.249,10809,10810,10810,1,1
2019-09-12 17:56:31.250,10809,10810,10810,1,1
2019-09-12 17:56:31.250,10809,10810,10810,1,1
2019-09-12 17:56:38.523,10810,10811,10811,1,1
2019-09-12 17:56:39.273,10810,10811,10811,1,1
2019-09-12 17:56:44.206,10810,10811,10810,20,-20
2019-09-12 17:57:12.430,10810,10811,10811,1,1
2019-09-12 17:57:15.588,10810,10811,10810,2,-2
2019-09-12 17:57:24.106,10810,10811,10810,4,-4
2019-09-12 17:57:24.860,10809,10810,10810,1,1
2019-09-12 17:57:42.028,10809,10810,10809,1,-1
2019-09-12 17:57:42.487,10809,10810,10810,2,2
2019-09-12 17:57:47.590,10809,10810,10810,1,1
2019-09-12 17:58:16.679,10809,10810,10810,1,1
2019-09-12 17:58:19.507,10809,10810,10810,2,2
2019-09-12 17:58:33.469,10809,10810,10810,1,1
2019-09-12 17:58:34.202,10809,10810,10810,1,1
2019-09-12 17:58:34.470,10809,10810,10810,1,1
2019-09-12 17:58:34.728,10809,10810,10810,1,1
2019-09-12 17:58:34.936,10809,10810,10810,1,1
2019-09-12 17:58:35.053,10809,10810,10810,10,10
2019-09-12 17:59:01.034,10810,10811,10810,1,-1
2019-09-12 17:59:08.184,10810,10811,10811,1,1
2019-09-12 17:59:08.416,10810,10811,10811,1,1
2019-09-12 17:59:13.053,10810,10811,10811,1,1
2019-09-12 17:59:13.394,10810,10811,10811,1,1
2019-09-12 17:59:13.429,10810,10811,10811,6,6
2019-09-12 17:59:19.930,10811,10812,10812,1,1
2019-09-12 17:59:31.175,10811,10812,10812,1,1
2019-09-12 17:59:31.400,10811,10812,10812,1,1
2019-09-12 17:59:31.622,10811,10812,10812,1,1
2019-09-12 17:59:31.838,10811,10812,10812,1,1
2019-09-12 17:59:32.089,10811,10812,10812,1,1
2019-09-12 17:59:44.040,10811,10812,10812,1,1
2019-09-12 17:59:44.368,10811,10812,10812,1,1
2019-09-12 17:59:44.428,10811,10812,10812,4,4
2019-09-12 17:59:57.555,10812,10813,10812,1,-1
2019-09-12 18:00:05.822,10812,10813,10812,4,-4
2019-09-12 18:00:06.463,10812,10813,10812,7,-7
2019-09-12 18:00:06.463,10812,10813,10811,3,-3
2019-09-12 18:00:06.829,10811,10812,10812,2,2
2019-09-12 18:00:17.083,10811,10813,10811,4,-4
2019-09-12 18:00:36.176,10811,10812,10812,2,2
2019-09-12 18:00:45.887,10811,10812,10812,5,5
2019-09-12 18:01:02.983,10811,10812,10812,1,1
2019-09-12 18:01:07.180,10811,10812,10812,1,1
2019-09-12 18:01:36.467,10811,10812,10812,4,4
2019-09-12 18:01:38.973,10811,10812,10811,1,-1
2019-09-12 18:01:58.631,10811,10812,10811,5,-5
2019-09-12 18:02:03.332,10811,10812,10811,4,-4
2019-09-12 18:02:06.995,10810,10811,10810,10,-10
2019-09-12 18:02:08.862,10810,10811,10810,2,-2
2019-09-12 18:02:13.950,10810,10811,10810,1,-1
2019-09-12 18:02:14.556,10810,10811,10811,1,1
2019-09-12 18:02:27.446,10810,10811,10810,2,-2
2019-09-12 18:02:31.985,10810,10811,10810,1,-1
2019-09-12 18:02:51.680,10810,10811,10811,1,1
2019-09-12 18:03:08.210,10810,10811,10811,1,1
2019-09-12 18:03:18.810,10810,10811,10811,1,1
2019-09-12 18:03:25.855,10810,10811,10811,1,1
2019-09-12 18:03:26.105,10810,10811,10811,1,1
2019-09-12 18:03:26.322,10810,10811,10811,1,1
2019-09-12 18:03:26.562,10810,10811,10811,1,1
2019-09-12 18:03:26.653,10810,10811,10811,1,1
2019-09-12 18:03:26.782,10810,10811,10811,1,1
2019-09-12 18:03:30.320,10810,10812,10812,1,1
2019-09-12 18:04:40.779,10811,10812,10812,5,5
2019-09-12 18:04:41.011,10811,10812,10812,5,5
2019-09-12 18:04:41.729,10811,10812,10812,1,1
2019-09-12 18:04:41.971,10811,10812,10812,1,1
2019-09-12 18:04:54.180,10811,10812,10812,1,1
2019-09-12 18:04:54.180,10811,10812,10812,1,1
2019-09-12 18:05:06.376,10811,10812,10811,1,-1
2019-09-12 18:05:33.928,10811,10812,10811,1,-1
2019-09-12 18:05:35.333,10811,10812,10811,1,-1
2019-09-12 18:05:55.543,10811,10812,10811,1,-1
2019-09-12 18:05:58.350,10811,10812,10812,8,8
2019-09-12 18:05:58.428,10811,10812,10812,3,3
2019-09-12 18:06:29.555,10812,10813,10813,1,1
2019-09-12 18:06:33.078,10812,10813,10813,3,3
2019-09-12 18:06:34.417,10812,10813,10813,1,1
2019-09-12 18:06:37.242,10812,10813,10813,1,1
2019-09-12 18:06:41.153,10812,10813,10813,1,1
2019-09-12 18:06:51.498,10812,10813,10813,2,2
2019-09-12 18:07:00.937,10812,10813,10813,1,1
2019-09-12 18:07:04.925,10812,10813,10813,1,1
2019-09-12 18:07:07.683,10812,10813,10813,1,1
2019-09-12 18:07:12.100,10812,10813,10813,1,1
2019-09-12 18:07:12.441,10812,10813,10813,2,2
2019-09-12 18:07:17.031,10812,10814,10814,1,1
2019-09-12 18:07:17.577,10812,10814,10812,2,-2
2019-09-12 18:07:31.303,10812,10813,10813,1,1
2019-09-12 18:07:33.772,10812,10813,10813,1,1
2019-09-12 18:07:41.314,10812,10813,10813,5,5
2019-09-12 18:08:02.748,10813,10814,10814,1,1
2019-09-12 18:08:03.744,10813,10814,10814,2,2
2019-09-12 18:08:13.553,10813,10814,10813,1,-1
2019-09-12 18:08:13.564,10813,10814,10813,1,-1
2019-09-12 18:08:30.767,10812,10813,10813,1,1
2019-09-12 18:08:44.680,10812,10813,10813,1,1
2019-09-12 18:08:57.216,10812,10813,10813,1,1
2019-09-12 18:09:13.152,10812,10813,10812,1,-1
2019-09-12 18:09:14.009,10812,10813,10812,2,-2
2019-09-12 18:09:56.488,10812,10813,10813,1,1
2019-09-12 18:09:57.495,10812,10813,10813,1,1
2019-09-12 18:09:58.943,10812,10813,10812,1,-1
2019-09-12 18:10:13.589,10812,10813,10813,2,2
2019-09-12 18:10:20.930,10812,10813,10813,1,1
2019-09-12 18:11:12.779,10812,10813,10813,9,9
2019-09-12 18:11:12.803,10813,10814,10813,1,-1
2019-09-12 18:12:00.803,10812,10813,10812,11,-11
2019-09-12 18:12:00.928,10812,10813,10812,1,-1
2019-09-12 18:12:00.928,10812,10813,10812,3,-3
2019-09-12 18:12:07.450,10811,10812,10812,2,2
2019-09-12 18:12:08.127,10811,10812,10812,2,2
2019-09-12 18:12:08.129,10811,10812,10812,3,3
2019-09-12 18:12:10.615,10812,10813,10813,1,1
2019-09-12 18:12:10.655,10812,10813,10812,1,-1
2019-09-12 18:12:10.679,10812,10813,10813,4,4
2019-09-12 18:12:10.687,10812,10813,10813,2,2
2019-09-12 18:12:23.055,10811,10813,10812,1,-1
2019-09-12 18:12:23.056,10811,10813,10813,1,1
2019-09-12 18:12:24.058,10812,10813,10813,1,1
2019-09-12 18:12:24.098,10812,10813,10812,4,-4
2019-09-12 18:12:33.296,10811,10812,10812,1,1
2019-09-12 18:12:48.923,10811,10812,10811,5,-5
2019-09-12 18:12:53.610,10811,10812,10811,2,-2
2019-09-12 18:12:55.308,10811,10812,10812,1,1
2019-09-12 18:13:05.092,10811,10812,10812,8,8
2019-09-12 18:13:05.092,10811,10812,10812,8,8
2019-09-12 18:13:05.092,10811,10812,10812,7,7
2019-09-12 18:13:05.092,10811,10812,10812,2,2
2019-09-12 18:13:26.907,10812,10813,10812,8,-8
2019-09-12 18:13:51.024,10811,10812,10812,1,1
2019-09-12 18:14:06.913,10811,10812,10812,5,5
2019-09-12 18:14:08.035,10811,10812,10812,5,5
2019-09-12 18:14:15.103,10811,10812,10812,1,1
2019-09-12 18:14:21.174,10811,10812,10811,5,-5
2019-09-12 18:14:21.248,10810,10811,10811,1,1
2019-09-12 18:14:22.413,10810,10811,10811,1,1
2019-09-12 18:14:22.445,10810,10811,10811,1,1
2019-09-12 18:14:32.187,10810,10811,10811,2,2
2019-09-12 18:14:40.413,10810,10811,10811,1,1
2019-09-12 18:14:46.376,10810,10812,10810,2,-2
2019-09-12 18:14:52.555,10810,10811,10811,1,1
2019-09-12 18:14:59.900,10810,10811,10811,1,1
2019-09-12 18:15:02.501,10811,10812,10812,1,1
2019-09-12 18:15:34.722,10810,10811,10810,30,-30
2019-09-12 18:15:34.723,10810,10811,10810,2,-2
2019-09-12 18:15:52.625,10809,10810,10809,1,-1
2019-09-12 18:15:52.722,10809,10810,10809,5,-5
2019-09-12 18:15:53.329,10809,10810,10809,1,-1
2019-09-12 18:16:25.681,10809,10810,10810,1,1
2019-09-12 18:16:25.804,10809,10810,10810,5,5
2019-09-12 18:16:26.765,10809,10811,10809,1,-1
2019-09-12 18:16:27.196,10809,10811,10811,1,1
2019-09-12 18:16:29.470,10810,10811,10811,1,1
2019-09-12 18:16:31.805,10810,10811,10811,1,1
2019-09-12 18:16:37.943,10810,10811,10811,1,1
2019-09-12 18:16:42.931,10810,10811,10811,1,1
2019-09-12 18:16:59.655,10810,10811,10811,1,1
2019-09-12 18:16:59.916,10810,10811,10811,1,1
2019-09-12 18:17:00.119,10810,10811,10811,1,1
2019-09-12 18:18:18.894,10811,10812,10811,1,-1
2019-09-12 18:18:18.931,10811,10812,10812,1,1
2019-09-12 18:18:19.154,10811,10812,10811,1,-1
2019-09-12 18:18:19.304,10811,10812,10811,3,-3
2019-09-12 18:18:34.180,10811,10812,10812,1,1
2019-09-12 18:20:00.681,10811,10812,10812,1,1
2019-09-12 18:20:00.828,10811,10812,10812,1,1
2019-09-12 18:20:22.690,10811,10812,10812,1,1
2019-09-12 18:20:31.180,10811,10812,10812,1,1
2019-09-12 18:20:31.180,10811,10812,10812,1,1
2019-09-12 18:21:51.526,10811,10812,10811,1,-1
2019-09-12 18:22:03.042,10811,10812,10812,1,1
2019-09-12 18:22:27.430,10811,10812,10812,1,1
2019-09-12 18:22:27.431,10811,10812,10812,1,1
2019-09-12 18:23:01.042,10811,10812,10811,1,-1
2019-09-12 18:23:01.042,10811,10812,10811,1,-1
2019-09-12 18:23:01.042,10811,10812,10811,1,-1
2019-09-12 18:23:01.042,10811,10812,10811,4,-4
2019-09-12 18:23:01.042,10811,10812,10811,1,-1
2019-09-12 18:23:01.042,10811,10812,10811,1,-1
2019-09-12 18:23:01.042,10811,10812,10811,3,-3
2019-09-12 18:23:01.178,10810,10811,10810,3,-3
2019-09-12 18:23:01.363,10810,10811,10810,2,-2
2019-09-12 18:23:01.391,10810,10811,10810,4,-4
2019-09-12 18:23:13.865,10809,10810,10809,1,-1
2019-09-12 18:23:13.994,10809,10810,10809,4,-4
2019-09-12 18:23:13.994,10809,10810,10808,6,-6
2019-09-12 18:23:14.066,10808,10809,10808,2,-2
2019-09-12 18:23:14.092,10808,10809,10808,4,-4
2019-09-12 18:23:14.172,10808,10809,10808,1,-1
2019-09-12 18:23:14.196,10808,10809,10808,1,-1
2019-09-12 18:23:14.260,10808,10809,10808,14,-14
2019-09-12 18:23:14.260,10808,10809,10807,6,-6
2019-09-12 18:23:14.350,10807,10809,10807,1,-1
2019-09-12 18:23:14.360,10807,10809,10807,1,-1
2019-09-12 18:23:14.397,10807,10809,10807,4,-4
2019-09-12 18:23:14.400,10807,10809,10807,1,-1
2019-09-12 18:23:14.479,10807,10809,10807,15,-15
2019-09-12 18:23:14.532,10807,10809,10807,1,-1
2019-09-12 18:23:14.557,10807,10808,10807,1,-1
2019-09-12 18:23:14.616,10807,10808,10807,1,-1
2019-09-12 18:23:14.766,10807,10808,10807,1,-1
2019-09-12 18:23:14.788,10807,10808,10807,1,-1
2019-09-12 18:23:14.932,10807,10808,10807,1,-1
2019-09-12 18:23:15.053,10807,10808,10807,2,-2
2019-09-12 18:23:15.144,10807,10808,10807,2,-2
2019-09-12 18:23:15.151,10807,10808,10807,1,-1
2019-09-12 18:23:15.322,10806,10808,10808,1,1
2019-09-12 18:23:27.189,10807,10808,10807,1,-1
2019-09-12 18:23:32.525,10807,10808,10808,5,5
2019-09-12 18:23:32.553,10807,10808,10808,7,7
2019-09-12 18:23:32.555,10807,10808,10808,2,2
2019-09-12 18:23:32.555,10807,10808,10808,1,1
2019-09-12 18:23:32.556,10807,10808,10808,2,2
2019-09-12 18:23:32.556,10807,10808,10808,3,3
2019-09-12 18:23:32.557,10807,10808,10808,2,2
2019-09-12 18:23:32.678,10807,10808,10808,1,1
2019-09-12 18:23:32.678,10807,10808,10808,4,4
2019-09-12 18:23:49.596,10808,10809,10809,1,1
2019-09-12 18:23:57.054,10808,10809,10809,1,1
2019-09-12 18:24:01.821,10808,10809,10809,1,1
2019-09-12 18:24:29.666,10809,10810,10810,1,1
2019-09-12 18:24:33.555,10809,10810,10810,2,2
2019-09-12 18:24:34.619,10809,10810,10810,1,1
2019-09-12 18:24:40.962,10809,10810,10810,1,1
2019-09-12 18:24:41.265,10809,10810,10810,3,3
2019-09-12 18:24:42.113,10809,10810,10810,1,1
2019-09-12 18:24:43.139,10809,10810,10810,7,7
2019-09-12 18:24:43.183,10810,10811,10811,8,8
2019-09-12 18:24:43.219,10810,10811,10811,1,1
2019-09-12 18:24:43.220,10810,10811,10811,2,2
2019-09-12 18:24:43.220,10810,10811,10811,5,5
2019-09-12 18:24:43.221,10810,10811,10811,4,4
2019-09-12 18:24:43.221,10810,10811,10811,3,3
2019-09-12 18:24:43.221,10810,10811,10811,2,2
2019-09-12 18:24:43.221,10810,10811,10811,2,2
2019-09-12 18:24:44.052,10811,10812,10812,1,1
2019-09-12 18:24:46.659,10811,10812,10812,1,1
2019-09-12 18:24:47.031,10811,10812,10812,1,1
2019-09-12 18:24:47.262,10811,10812,10812,1,1
2019-09-12 18:24:47.509,10811,10812,10812,1,1
2019-09-12 18:24:47.899,10811,10812,10812,1,1
2019-09-12 18:24:47.930,10811,10812,10812,2,2
2019-09-12 18:24:48.148,10811,10812,10812,1,1
2019-09-12 18:24:48.357,10811,10812,10812,1,1
2019-09-12 18:24:48.558,10811,10812,10812,1,1
2019-09-12 18:24:48.751,10811,10812,10812,1,1
2019-09-12 18:25:13.055,10811,10812,10812,1,1
2019-09-12 18:25:17.070,10811,10812,10812,1,1
2019-09-12 18:25:17.292,10811,10812,10812,1,1
2019-09-12 18:25:17.492,10811,10812,10812,1,1
2019-09-12 18:25:40.157,10812,10813,10812,1,-1
2019-09-12 18:25:40.776,10812,10813,10812,1,-1
2019-09-12 18:25:40.804,10811,10812,10811,3,-3
2019-09-12 18:25:41.437,10811,10812,10811,2,-2
2019-09-12 18:25:51.563,10811,10812,10811,2,-2
2019-09-12 18:26:12.107,10811,10812,10811,1,-1
2019-09-12 18:26:27.430,10811,10812,10812,1,1
2019-09-12 18:26:27.430,10811,10812,10812,1,1
2019-09-12 18:26:42.224,10811,10812,10811,12,-12
2019-09-12 18:27:52.244,10810,10811,10811,1,1
2019-09-12 18:27:52.478,10810,10811,10811,1,1
2019-09-12 18:27:52.734,10810,10811,10811,1,1
2019-09-12 18:27:52.936,10810,10811,10811,1,1
2019-09-12 18:27:53.140,10810,10811,10811,1,1
2019-09-12 18:27:57.828,10810,10811,10811,1,1
2019-09-12 18:27:57.998,10810,10811,10811,1,1
2019-09-12 18:27:58.191,10810,10811,10811,1,1
2019-09-12 18:27:58.392,10810,10811,10811,1,1
2019-09-12 18:27:58.593,10810,10811,10811,1,1
2019-09-12 18:28:42.403,10810,10811,10811,1,1
2019-09-12 18:28:42.722,10810,10811,10811,1,1
2019-09-12 18:28:43.559,10810,10811,10811,1,1
2019-09-12 18:28:43.775,10810,10811,10811,1,1
2019-09-12 18:28:59.263,10810,10811,10810,1,-1
2019-09-12 18:29:06.100,10810,10811,10810,4,-4
2019-09-12 18:29:06.100,10810,10811,10810,3,-3
2019-09-12 18:29:06.100,10810,10811,10810,1,-1
2019-09-12 18:29:06.100,10810,10811,10810,4,-4
2019-09-12 18:29:14.899,10809,10810,10809,1,-1
2019-09-12 18:29:14.988,10809,10810,10809,5,-5
2019-09-12 18:29:16.453,10808,10809,10809,2,2
2019-09-12 18:29:20.007,10809,10810,10809,5,-5
2019-09-12 18:29:26.081,10808,10810,10808,1,-1
2019-09-12 18:29:26.232,10808,10810,10808,5,-5
2019-09-12 18:29:26.590,10808,10810,10810,2,2
2019-09-12 18:29:31.626,10809,10810,10810,10,10
2019-09-12 18:29:31.627,10809,10810,10810,5,5
2019-09-12 18:29:31.627,10809,10810,10810,2,2
2019-09-12 18:29:31.627,10809,10810,10810,5,5
2019-09-12 18:29:31.627,10809,10810,10810,2,2
2019-09-12 18:29:36.983,10809,10811,10809,1,-1
2019-09-12 18:29:38.426,10809,10810,10809,1,-1
2019-09-12 18:29:39.989,10808,10809,10808,3,-3
2019-09-12 18:29:39.996,10808,10809,10808,3,-3
2019-09-12 18:29:39.999,10808,10809,10808,4,-4
2019-09-12 18:29:41.804,10806,10808,10807,2,-2
2019-09-12 18:29:41.995,10806,10807,10806,5,-5
2019-09-12 18:29:42.116,10806,10807,10806,15,-15
2019-09-12 18:29:42.257,10806,10807,10806,1,-1
2019-09-12 18:29:42.266,10806,10807,10806,1,-1
2019-09-12 18:29:42.267,10806,10807,10806,1,-1
2019-09-12 18:29:42.290,10806,10807,10806,1,-1
2019-09-12 18:29:42.393,10806,10807,10806,1,-1
2019-09-12 18:29:42.475,10806,10807,10806,1,-1
2019-09-12 18:29:42.743,10806,10807,10806,1,-1
2019-09-12 18:29:42.808,10806,10807,10806,12,-12
2019-09-12 18:29:42.955,10805,10806,10805,2,-2
2019-09-12 18:29:43.053,10805,10806,10805,12,-12
2019-09-12 18:29:43.053,10805,10806,10805,2,-2
2019-09-12 18:29:43.055,10805,10806,10805,6,-6
2019-09-12 18:29:43.120,10805,10806,10805,10,-10
2019-09-12 18:29:43.178,10805,10806,10805,2,-2
2019-09-12 18:29:43.178,10805,10806,10805,2,-2
2019-09-12 18:29:43.181,10805,10806,10805,2,-2
2019-09-12 18:29:43.187,10805,10806,10805,2,-2
2019-09-12 18:29:43.193,10805,10806,10805,2,-2
2019-09-12 18:29:43.330,10805,10806,10805,2,-2
2019-09-12 18:29:43.383,10805,10806,10805,9,-9
2019-09-12 18:29:43.383,10805,10806,10804,5,-5
2019-09-12 18:29:43.466,10804,10806,10804,4,-4
2019-09-12 18:29:43.469,10804,10806,10804,1,-1
2019-09-12 18:29:43.645,10804,10805,10804,1,-1
2019-09-12 18:29:43.854,10804,10805,10805,1,1
2019-09-12 18:29:44.002,10804,10805,10804,1,-1
2019-09-12 18:29:44.004,10804,10805,10804,1,-1
2019-09-12 18:29:44.317,10804,10805,10804,5,-5
2019-09-12 18:29:46.152,10805,10806,10805,3,3
2019-09-12 18:29:46.152,10805,10806,10804,2,-2
2019-09-12 18:29:46.253,10805,10806,10805,1,1
2019-09-12 18:29:46.815,10805,10806,10805,1,-1
2019-09-12 18:29:48.054,10806,10807,10806,1,1
2019-09-12 18:29:53.759,10805,10806,10805,1,-1
2019-09-12 18:29:54.304,10805,10806,10805,5,-5
2019-09-12 18:29:55.816,10804,10805,10804,1,-1
2019-09-12 18:29:56.967,10804,10805,10805,2,2
2019-09-12 18:30:03.247,10804,10805,10805,1,1
2019-09-12 18:30:03.755,10805,10806,10805,1,-1
2019-09-12 18:30:03.755,10805,10806,10804,1,-1
