2020-07-07 15:00:00,12010,12010,12010,166,166
2020-07-07 15:00:00,12010,12010,12010,2,2
2020-07-07 15:00:00,12009,12009,12009,2,-2
2020-07-07 15:00:00,12009,12009,12009,2,2
2020-07-07 15:00:00,12010,12010,12010,4,4
2020-07-07 15:00:00,12009,12009,12009,6,-6
2020-07-07 15:00:00,12009,12009,12009,2,2
2020-07-07 15:00:00,12008,12008,12008,2,-2
2020-07-07 15:00:00,12008,12008,12008,2,2
2020-07-07 15:00:00,12008,12008,12008,2,2
2020-07-07 15:00:00,12008,12008,12008,2,2
2020-07-07 15:00:00,12008,12008,12008,2,2
2020-07-07 15:00:00,12009,12009,12009,2,2
2020-07-07 15:00:00,12010,12010,12010,4,4
2020-07-07 15:00:00,12008,12008,12008,2,-2
2020-07-07 15:00:00,12009,12009,12009,6,6
2020-07-07 15:00:00,12008,12008,12008,2,-2
2020-07-07 15:00:00,12008,12008,12008,2,2
2020-07-07 15:00:00,12009,12009,12009,4,4
2020-07-07 15:00:00,12009,12009,12009,10,10
2020-07-07 15:00:00,12010,12010,12010,2,2
2020-07-07 15:00:00,12009,12009,12009,2,-2
2020-07-07 15:00:00,12009,12009,12009,2,2
2020-07-07 15:00:00,12008,12008,12008,2,-2
2020-07-07 15:00:00,12010,12010,12010,6,6
2020-07-07 15:00:00,12010,12010,12010,4,4
2020-07-07 15:00:00,12010,12010,12010,4,4
2020-07-07 15:00:00,12010,12010,12010,8,8
2020-07-07 15:00:00,12011,12011,12011,16,16
2020-07-07 15:00:00,12010,12010,12010,2,-2
2020-07-07 15:00:00,12010,12010,12010,4,4
2020-07-07 15:00:00,12010,12010,12010,4,4
2020-07-07 15:00:00,12010,12010,12010,2,2
2020-07-07 15:00:01,12010,12010,12010,2,2
2020-07-07 15:00:01,12009,12009,12009,2,-2
2020-07-07 15:00:01,12009,12009,12009,2,2
2020-07-07 15:00:01,12010,12010,12010,2,2
2020-07-07 15:00:01,12009,12009,12009,4,-4
2020-07-07 15:00:01,12009,12009,12009,2,2
2020-07-07 15:00:01,12009,12009,12009,2,2
2020-07-07 15:00:01,12011,12011,12011,2,2
2020-07-07 15:00:01,12009,12009,12009,6,-6
2020-07-07 15:00:01,12009,12009,12009,2,2
2020-07-07 15:00:01,12009,12009,12009,4,4
2020-07-07 15:00:01,12010,12010,12010,2,2
2020-07-07 15:00:01,12011,12011,12011,6,6
2020-07-07 15:00:01,12011,12011,12011,2,2
2020-07-07 15:00:01,12011,12011,12011,2,2
2020-07-07 15:00:01,12012,12012,12012,10,10
2020-07-07 15:00:01,12012,12012,12012,2,2
2020-07-07 15:00:01,12013,12013,12013,2,2
2020-07-07 15:00:01,12013,12013,12013,6,6
2020-07-07 15:00:01,12013,12013,12013,2,2
2020-07-07 15:00:01,12014,12014,12014,4,4
2020-07-07 15:00:01,12013,12013,12013,8,-8
2020-07-07 15:00:01,12013,12013,12013,2,2
2020-07-07 15:00:01,12012,12012,12012,2,-2
2020-07-07 15:00:01,12012,12012,12012,8,8
2020-07-07 15:00:02,12012,12012,12012,2,2
2020-07-07 15:00:02,12012,12012,12012,2,2
2020-07-07 15:00:02,12012,12012,12012,8,8
2020-07-07 15:00:02,12014,12014,12014,18,18
2020-07-07 15:00:02,12014,12014,12014,8,8
2020-07-07 15:00:02,12014,12014,12014,2,2
2020-07-07 15:00:02,12015,12015,12015,6,6
2020-07-07 15:00:03,12014,12014,12014,2,-2
2020-07-07 15:00:03,12015,12015,12015,2,2
2020-07-07 15:00:03,12015,12015,12015,4,4
2020-07-07 15:00:03,12015,12015,12015,4,4
2020-07-07 15:00:03,12016,12016,12016,18,18
2020-07-07 15:00:03,12016,12016,12016,2,2
2020-07-07 15:00:03,12016,12016,12016,14,14
2020-07-07 15:00:03,12016,12016,12016,2,2
2020-07-07 15:00:03,12017,12017,12017,6,6
2020-07-07 15:00:03,12017,12017,12017,2,2
2020-07-07 15:00:03,12017,12017,12017,2,2
2020-07-07 15:00:03,12017,12017,12017,2,2
2020-07-07 15:00:03,12016,12016,12016,10,-10
2020-07-07 15:00:03,12016,12016,12016,2,2
2020-07-07 15:00:03,12016,12016,12016,8,8
2020-07-07 15:00:03,12016,12016,12016,8,8
2020-07-07 15:00:04,12014,12014,12014,2,-2
2020-07-07 15:00:04,12015,12015,12015,4,4
2020-07-07 15:00:05,12016,12016,12016,2,2
2020-07-07 15:00:05,12015,12015,12015,2,-2
2020-07-07 15:00:05,12014,12014,12014,2,-2
2020-07-07 15:00:05,12014,12014,12014,4,4
2020-07-07 15:00:05,12013,12013,12013,2,-2
2020-07-07 15:00:05,12013,12013,12013,10,10
2020-07-07 15:00:05,12013,12013,12013,8,8
2020-07-07 15:00:05,12012,12012,12012,8,-8
2020-07-07 15:00:05,12012,12012,12012,6,6
2020-07-07 15:00:05,12012,12012,12012,2,2
2020-07-07 15:00:05,12012,12012,12012,2,2
2020-07-07 15:00:05,12011,12011,12011,8,-8
2020-07-07 15:00:05,12011,12011,12011,10,10
2020-07-07 15:00:05,12010,12010,12010,2,-2
2020-07-07 15:00:06,12011,12011,12011,2,2
2020-07-07 15:00:06,12011,12011,12011,2,2
2020-07-07 15:00:06,12011,12011,12011,4,4
2020-07-07 15:00:06,12011,12011,12011,4,4
2020-07-07 15:00:06,12011,12011,12011,2,2
2020-07-07 15:00:06,12011,12011,12011,6,6
2020-07-07 15:00:07,12010,12010,12010,2,-2
2020-07-07 15:00:07,12010,12010,12010,2,2
2020-07-07 15:00:07,12010,12010,12010,2,2
2020-07-07 15:00:07,12011,12011,12011,4,4
2020-07-07 15:00:07,12011,12011,12011,2,2
2020-07-07 15:00:08,12011,12011,12011,2,2
2020-07-07 15:00:08,12010,12010,12010,2,-2
2020-07-07 15:00:09,12010,12010,12010,2,2
2020-07-07 15:00:09,12011,12011,12011,2,2
2020-07-07 15:00:09,12012,12012,12012,2,2
2020-07-07 15:00:09,12012,12012,12012,2,2
2020-07-07 15:00:09,12010,12010,12010,10,-10
2020-07-07 15:00:10,12012,12012,12012,4,4
2020-07-07 15:00:10,12013,12013,12013,4,4
2020-07-07 15:00:10,12011,12011,12011,8,-8
2020-07-07 15:00:10,12011,12011,12011,2,2
2020-07-07 15:00:10,12011,12011,12011,2,2
2020-07-07 15:00:10,12011,12011,12011,2,2
2020-07-07 15:00:10,12012,12012,12012,2,2
2020-07-07 15:00:11,12012,12012,12012,8,8
2020-07-07 15:00:11,12012,12012,12012,2,2
2020-07-07 15:00:11,12012,12012,12012,2,2
2020-07-07 15:00:13,12012,12012,12012,6,6
2020-07-07 15:00:13,12012,12012,12012,2,2
2020-07-07 15:00:13,12012,12012,12012,2,2
2020-07-07 15:00:13,12012,12012,12012,4,4
2020-07-07 15:00:13,12012,12012,12012,4,4
2020-07-07 15:00:13,12012,12012,12012,2,2
2020-07-07 15:00:13,12011,12011,12011,2,-2
2020-07-07 15:00:14,12013,12013,12013,2,2
2020-07-07 15:00:14,12012,12012,12012,8,-8
2020-07-07 15:00:14,12012,12012,12012,2,2
2020-07-07 15:00:14,12012,12012,12012,2,2
2020-07-07 15:00:15,12011,12011,12011,2,-2
2020-07-07 15:00:15,12012,12012,12012,2,2
2020-07-07 15:00:15,12013,12013,12013,8,8
2020-07-07 15:00:15,12012,12012,12012,2,-2
2020-07-07 15:00:15,12013,12013,12013,12,12
2020-07-07 15:00:15,12014,12014,12014,2,2
2020-07-07 15:00:15,12013,12013,12013,2,-2
2020-07-07 15:00:15,12013,12013,12013,10,10
2020-07-07 15:00:15,12013,12013,12013,4,4
2020-07-07 15:00:16,12012,12012,12012,2,-2
2020-07-07 15:00:16,12013,12013,12013,2,2
2020-07-07 15:00:16,12013,12013,12013,4,4
2020-07-07 15:00:17,12013,12013,12013,2,2
2020-07-07 15:00:17,12012,12012,12012,2,-2
2020-07-07 15:00:17,12012,12012,12012,2,2
2020-07-07 15:00:17,12012,12012,12012,2,2
2020-07-07 15:00:17,12012,12012,12012,2,2
2020-07-07 15:00:18,12012,12012,12012,2,2
2020-07-07 15:00:18,12011,12011,12011,2,-2
2020-07-07 15:00:18,12011,12011,12011,2,2
2020-07-07 15:00:18,12012,12012,12012,4,4
2020-07-07 15:00:19,12012,12012,12012,2,2
2020-07-07 15:00:19,12010,12010,12010,2,-2
2020-07-07 15:00:19,12010,12010,12010,2,2
2020-07-07 15:00:20,12011,12011,12011,2,2
2020-07-07 15:00:21,12011,12011,12011,2,2
2020-07-07 15:00:23,12011,12011,12011,4,4
2020-07-07 15:00:23,12011,12011,12011,6,6
2020-07-07 15:00:23,12012,12012,12012,16,16
2020-07-07 15:00:24,12013,12013,12013,2,2
2020-07-07 15:00:25,12012,12012,12012,2,-2
2020-07-07 15:00:25,12012,12012,12012,2,2
2020-07-07 15:00:25,12013,12013,12013,2,2
2020-07-07 15:00:26,12013,12013,12013,6,6
2020-07-07 15:00:26,12013,12013,12013,4,4
2020-07-07 15:00:27,12013,12013,12013,2,2
2020-07-07 15:00:29,12014,12014,12014,2,2
2020-07-07 15:00:29,12013,12013,12013,2,-2
2020-07-07 15:00:29,12013,12013,12013,2,2
2020-07-07 15:00:29,12015,12015,12015,2,2
2020-07-07 15:00:29,12014,12014,12014,2,-2
2020-07-07 15:00:30,12013,12013,12013,2,-2
2020-07-07 15:00:30,12013,12013,12013,2,2
2020-07-07 15:00:30,12013,12013,12013,2,2
2020-07-07 15:00:30,12013,12013,12013,8,8
2020-07-07 15:00:30,12013,12013,12013,2,2
2020-07-07 15:00:30,12013,12013,12013,4,4
2020-07-07 15:00:31,12013,12013,12013,2,2
2020-07-07 15:00:31,12013,12013,12013,6,6
2020-07-07 15:00:31,12013,12013,12013,2,2
2020-07-07 15:00:31,12013,12013,12013,2,2
2020-07-07 15:00:31,12013,12013,12013,2,2
2020-07-07 15:00:31,12013,12013,12013,2,2
2020-07-07 15:00:31,12013,12013,12013,4,4
2020-07-07 15:00:31,12013,12013,12013,4,4
2020-07-07 15:00:32,12014,12014,12014,10,10
2020-07-07 15:00:32,12014,12014,12014,2,2
2020-07-07 15:00:34,12014,12014,12014,2,2
2020-07-07 15:00:34,12014,12014,12014,2,2
2020-07-07 15:00:36,12014,12014,12014,2,2
2020-07-07 15:00:37,12014,12014,12014,2,2
2020-07-07 15:00:37,12014,12014,12014,2,2
2020-07-07 15:00:38,12014,12014,12014,2,2
2020-07-07 15:00:38,12014,12014,12014,2,2
2020-07-07 15:00:38,12014,12014,12014,2,2
2020-07-07 15:00:38,12014,12014,12014,4,4
2020-07-07 15:00:38,12014,12014,12014,14,14
2020-07-07 15:00:41,12014,12014,12014,2,2
2020-07-07 15:00:41,12014,12014,12014,2,2
2020-07-07 15:00:41,12014,12014,12014,2,2
2020-07-07 15:00:41,12014,12014,12014,6,6
2020-07-07 15:00:46,12014,12014,12014,6,6
2020-07-07 15:00:47,12013,12013,12013,2,-2
2020-07-07 15:00:47,12013,12013,12013,4,4
2020-07-07 15:00:47,12014,12014,12014,4,4
2020-07-07 15:00:47,12013,12013,12013,4,-4
2020-07-07 15:00:47,12013,12013,12013,2,2
2020-07-07 15:00:47,12013,12013,12013,2,2
2020-07-07 15:00:47,12013,12013,12013,2,2
2020-07-07 15:00:47,12013,12013,12013,2,2
2020-07-07 15:00:47,12013,12013,12013,2,2
2020-07-07 15:00:48,12013,12013,12013,2,2
2020-07-07 15:00:49,12013,12013,12013,8,8
2020-07-07 15:00:50,12012,12012,12012,4,-4
2020-07-07 15:00:50,12012,12012,12012,2,2
2020-07-07 15:00:50,12012,12012,12012,2,2
2020-07-07 15:00:50,12012,12012,12012,2,2
2020-07-07 15:00:50,12011,12011,12011,2,-2
2020-07-07 15:00:50,12011,12011,12011,2,2
2020-07-07 15:00:50,12011,12011,12011,2,2
2020-07-07 15:00:50,12012,12012,12012,2,2
2020-07-07 15:00:51,12011,12011,12011,6,-6
2020-07-07 15:00:52,12011,12011,12011,4,4
2020-07-07 15:00:53,12012,12012,12012,10,10
2020-07-07 15:00:54,12012,12012,12012,2,2
2020-07-07 15:00:56,12011,12011,12011,2,-2
2020-07-07 15:00:56,12011,12011,12011,2,2
2020-07-07 15:00:56,12011,12011,12011,2,2
2020-07-07 15:00:56,12011,12011,12011,2,2
2020-07-07 15:00:56,12011,12011,12011,2,2
2020-07-07 15:00:56,12011,12011,12011,6,6
2020-07-07 15:00:57,12012,12012,12012,2,2
2020-07-07 15:00:58,12011,12011,12011,2,-2
2020-07-07 15:00:58,12011,12011,12011,2,2
2020-07-07 15:00:59,12012,12012,12012,4,4
2020-07-07 15:00:59,12011,12011,12011,4,-4
2020-07-07 15:00:59,12010,12010,12010,2,-2
2020-07-07 15:00:59,12010,12010,12010,4,4
2020-07-07 15:00:59,12010,12010,12010,2,2
2020-07-07 15:00:59,12010,12010,12010,4,4
2020-07-07 15:00:59,12010,12010,12010,2,2
2020-07-07 15:01:00,12011,12011,12011,2,2
2020-07-07 15:01:00,12011,12011,12011,2,2
2020-07-07 15:01:00,12011,12011,12011,2,2
2020-07-07 15:01:00,12012,12012,12012,2,2
2020-07-07 15:01:00,12010,12010,12010,2,-2
2020-07-07 15:01:03,12011,12011,12011,2,2
2020-07-07 15:01:04,12011,12011,12011,2,2
2020-07-07 15:01:04,12011,12011,12011,2,2
2020-07-07 15:01:04,12011,12011,12011,2,2
2020-07-07 15:01:04,12011,12011,12011,2,2
2020-07-07 15:01:04,12011,12011,12011,2,2
2020-07-07 15:01:04,12010,12010,12010,2,-2
2020-07-07 15:01:04,12010,12010,12010,2,2
2020-07-07 15:01:04,12010,12010,12010,2,2
2020-07-07 15:01:04,12010,12010,12010,2,2
2020-07-07 15:01:04,12010,12010,12010,2,2
2020-07-07 15:01:04,12010,12010,12010,2,2
2020-07-07 15:01:04,12010,12010,12010,2,2
2020-07-07 15:01:04,12010,12010,12010,4,4
2020-07-07 15:01:04,12010,12010,12010,2,2
2020-07-07 15:01:04,12010,12010,12010,4,4
2020-07-07 15:01:04,12010,12010,12010,2,2
2020-07-07 15:01:05,12009,12009,12009,2,-2
2020-07-07 15:01:05,12009,12009,12009,2,2
2020-07-07 15:01:05,12011,12011,12011,2,2
2020-07-07 15:01:06,12011,12011,12011,2,2
2020-07-07 15:01:07,12010,12010,12010,2,-2
2020-07-07 15:01:07,12009,12009,12009,4,-4
2020-07-07 15:01:07,12009,12009,12009,2,2
2020-07-07 15:01:07,12009,12009,12009,2,2
2020-07-07 15:01:07,12009,12009,12009,2,2
2020-07-07 15:01:07,12009,12009,12009,4,4
2020-07-07 15:01:07,12009,12009,12009,2,2
2020-07-07 15:01:07,12009,12009,12009,2,2
2020-07-07 15:01:07,12008,12008,12008,2,-2
2020-07-07 15:01:08,12008,12008,12008,2,2
2020-07-07 15:01:08,12008,12008,12008,2,2
2020-07-07 15:01:08,12008,12008,12008,2,2
2020-07-07 15:01:09,12009,12009,12009,2,2
2020-07-07 15:01:10,12008,12008,12008,16,-16
2020-07-07 15:01:10,12008,12008,12008,2,2
2020-07-07 15:01:11,12008,12008,12008,4,4
2020-07-07 15:01:11,12008,12008,12008,8,8
2020-07-07 15:01:11,12009,12009,12009,2,2
2020-07-07 15:01:11,12007,12007,12007,2,-2
2020-07-07 15:01:11,12007,12007,12007,2,2
2020-07-07 15:01:11,12007,12007,12007,2,2
2020-07-07 15:01:12,12008,12008,12008,4,4
2020-07-07 15:01:12,12007,12007,12007,2,-2
2020-07-07 15:01:12,12007,12007,12007,2,2
2020-07-07 15:01:12,12007,12007,12007,4,4
2020-07-07 15:01:12,12007,12007,12007,2,2
2020-07-07 15:01:12,12007,12007,12007,2,2
2020-07-07 15:01:12,12007,12007,12007,2,2
2020-07-07 15:01:13,12007,12007,12007,4,4
2020-07-07 15:01:14,12007,12007,12007,6,6
2020-07-07 15:01:15,12008,12008,12008,2,2
2020-07-07 15:01:15,12008,12008,12008,6,6
2020-07-07 15:01:18,12008,12008,12008,6,6
2020-07-07 15:01:18,12008,12008,12008,8,8
2020-07-07 15:01:18,12008,12008,12008,2,2
2020-07-07 15:01:18,12007,12007,12007,4,-4
2020-07-07 15:01:19,12008,12008,12008,2,2
2020-07-07 15:01:20,12008,12008,12008,2,2
2020-07-07 15:01:21,12008,12008,12008,2,2
2020-07-07 15:01:21,12009,12009,12009,2,2
2020-07-07 15:01:21,12008,12008,12008,2,-2
2020-07-07 15:01:22,12008,12008,12008,2,2
2020-07-07 15:01:22,12009,12009,12009,2,2
2020-07-07 15:01:23,12009,12009,12009,12,12
2020-07-07 15:01:28,12010,12010,12010,2,2
2020-07-07 15:01:30,12009,12009,12009,2,-2
2020-07-07 15:01:31,12010,12010,12010,2,2
2020-07-07 15:01:32,12009,12009,12009,4,-4
2020-07-07 15:01:35,12009,12009,12009,2,2
2020-07-07 15:01:37,12009,12009,12009,6,6
2020-07-07 15:01:39,12010,12010,12010,2,2
2020-07-07 15:01:39,12010,12010,12010,2,2
2020-07-07 15:01:42,12010,12010,12010,2,2
2020-07-07 15:01:43,12010,12010,12010,4,4
2020-07-07 15:01:44,12010,12010,12010,2,2
2020-07-07 15:01:44,12010,12010,12010,26,26
2020-07-07 15:01:44,12010,12010,12010,2,2
2020-07-07 15:01:52,12010,12010,12010,2,2
2020-07-07 15:01:53,12010,12010,12010,2,2
2020-07-07 15:01:56,12011,12011,12011,2,2
2020-07-07 15:01:57,12010,12010,12010,2,-2
2020-07-07 15:01:58,12011,12011,12011,6,6
2020-07-07 15:01:58,12011,12011,12011,2,2
2020-07-07 15:01:58,12011,12011,12011,6,6
2020-07-07 15:01:58,12011,12011,12011,2,2
2020-07-07 15:01:58,12011,12011,12011,2,2
2020-07-07 15:02:02,12011,12011,12011,8,8
2020-07-07 15:02:02,12011,12011,12011,4,4
2020-07-07 15:02:02,12011,12011,12011,2,2
2020-07-07 15:02:02,12011,12011,12011,2,2
2020-07-07 15:02:08,12011,12011,12011,2,2
2020-07-07 15:02:08,12010,12010,12010,2,-2
2020-07-07 15:02:08,12010,12010,12010,2,2
2020-07-07 15:02:09,12010,12010,12010,2,2
2020-07-07 15:02:09,12010,12010,12010,4,4
2020-07-07 15:02:10,12010,12010,12010,2,2
2020-07-07 15:02:10,12010,12010,12010,2,2
2020-07-07 15:02:11,12010,12010,12010,2,2
2020-07-07 15:02:11,12010,12010,12010,4,4
2020-07-07 15:02:11,12010,12010,12010,2,2
2020-07-07 15:02:11,12010,12010,12010,2,2
2020-07-07 15:02:11,12010,12010,12010,2,2
2020-07-07 15:02:11,12010,12010,12010,2,2
2020-07-07 15:02:11,12010,12010,12010,2,2
2020-07-07 15:02:15,12010,12010,12010,4,4
2020-07-07 15:02:17,12011,12011,12011,4,4
2020-07-07 15:02:17,12011,12011,12011,4,4
2020-07-07 15:02:17,12011,12011,12011,4,4
2020-07-07 15:02:17,12012,12012,12012,4,4
2020-07-07 15:02:17,12012,12012,12012,4,4
2020-07-07 15:02:17,12012,12012,12012,2,2
2020-07-07 15:02:20,12012,12012,12012,2,2
2020-07-07 15:02:21,12013,12013,12013,2,2
2020-07-07 15:02:21,12012,12012,12012,4,-4
2020-07-07 15:02:21,12012,12012,12012,2,2
2020-07-07 15:02:21,12012,12012,12012,2,2
2020-07-07 15:02:21,12012,12012,12012,6,6
2020-07-07 15:02:25,12013,12013,12013,2,2
2020-07-07 15:02:25,12013,12013,12013,2,2
2020-07-07 15:02:26,12013,12013,12013,4,4
2020-07-07 15:02:27,12013,12013,12013,2,2
2020-07-07 15:02:27,12013,12013,12013,2,2
2020-07-07 15:02:28,12013,12013,12013,2,2
2020-07-07 15:02:31,12013,12013,12013,2,2
2020-07-07 15:02:31,12012,12012,12012,2,-2
2020-07-07 15:02:31,12012,12012,12012,4,4
2020-07-07 15:02:31,12012,12012,12012,2,2
2020-07-07 15:02:31,12012,12012,12012,2,2
2020-07-07 15:02:32,12013,12013,12013,2,2
2020-07-07 15:02:34,12013,12013,12013,2,2
2020-07-07 15:02:34,12012,12012,12012,2,-2
2020-07-07 15:02:34,12012,12012,12012,2,2
2020-07-07 15:02:34,12012,12012,12012,4,4
2020-07-07 15:02:34,12012,12012,12012,2,2
2020-07-07 15:02:34,12010,12010,12010,8,-8
2020-07-07 15:02:35,12012,12012,12012,4,4
2020-07-07 15:02:35,12012,12012,12012,2,2
2020-07-07 15:02:37,12012,12012,12012,4,4
2020-07-07 15:02:37,12011,12011,12011,2,-2
2020-07-07 15:02:40,12010,12010,12010,4,-4
2020-07-07 15:02:40,12010,12010,12010,2,2
2020-07-07 15:02:42,12011,12011,12011,10,10
2020-07-07 15:02:44,12011,12011,12011,2,2
2020-07-07 15:02:45,12012,12012,12012,2,2
2020-07-07 15:02:45,12011,12011,12011,2,-2
2020-07-07 15:02:45,12011,12011,12011,2,2
2020-07-07 15:02:45,12011,12011,12011,2,2
2020-07-07 15:02:45,12011,12011,12011,2,2
2020-07-07 15:02:45,12011,12011,12011,2,2
2020-07-07 15:02:46,12011,12011,12011,2,2
2020-07-07 15:02:47,12010,12010,12010,2,-2
2020-07-07 15:02:48,12011,12011,12011,2,2
2020-07-07 15:02:51,12012,12012,12012,2,2
2020-07-07 15:02:51,12011,12011,12011,4,-4
2020-07-07 15:02:53,12011,12011,12011,2,2
2020-07-07 15:02:55,12011,12011,12011,2,2
2020-07-07 15:02:55,12011,12011,12011,4,4
2020-07-07 15:02:55,12011,12011,12011,2,2
2020-07-07 15:02:55,12011,12011,12011,2,2
2020-07-07 15:02:55,12011,12011,12011,2,2
2020-07-07 15:02:55,12011,12011,12011,2,2
2020-07-07 15:02:56,12011,12011,12011,2,2
2020-07-07 15:02:59,12012,12012,12012,6,6
2020-07-07 15:02:59,12012,12012,12012,8,8
2020-07-07 15:03:00,12012,12012,12012,2,2
2020-07-07 15:03:00,12012,12012,12012,2,2
2020-07-07 15:03:00,12013,12013,12013,2,2
2020-07-07 15:03:01,12012,12012,12012,8,-8
2020-07-07 15:03:01,12012,12012,12012,4,4
2020-07-07 15:03:01,12012,12012,12012,2,2
2020-07-07 15:03:01,12012,12012,12012,2,2
2020-07-07 15:03:01,12012,12012,12012,2,2
2020-07-07 15:03:01,12011,12011,12011,2,-2
2020-07-07 15:03:02,12013,12013,12013,16,16
2020-07-07 15:03:02,12012,12012,12012,2,-2
2020-07-07 15:03:02,12012,12012,12012,2,2
2020-07-07 15:03:03,12012,12012,12012,2,2
2020-07-07 15:03:03,12012,12012,12012,4,4
2020-07-07 15:03:05,12011,12011,12011,6,-6
2020-07-07 15:03:05,12011,12011,12011,2,2
2020-07-07 15:03:06,12013,12013,12013,2,2
2020-07-07 15:03:06,12011,12011,12011,2,-2
2020-07-07 15:03:07,12012,12012,12012,2,2
2020-07-07 15:03:08,12012,12012,12012,2,2
2020-07-07 15:03:08,12012,12012,12012,2,2
2020-07-07 15:03:08,12012,12012,12012,4,4
2020-07-07 15:03:08,12012,12012,12012,2,2
2020-07-07 15:03:08,12013,12013,12013,2,2
2020-07-07 15:03:09,12013,12013,12013,2,2
2020-07-07 15:03:09,12014,12014,12014,2,2
2020-07-07 15:03:10,12014,12014,12014,2,2
2020-07-07 15:03:10,12012,12012,12012,2,-2
2020-07-07 15:03:10,12013,12013,12013,2,2
2020-07-07 15:03:10,12012,12012,12012,2,-2
2020-07-07 15:03:10,12012,12012,12012,2,2
2020-07-07 15:03:10,12012,12012,12012,2,2
2020-07-07 15:03:10,12013,12013,12013,2,2
2020-07-07 15:03:11,12013,12013,12013,2,2
2020-07-07 15:03:11,12012,12012,12012,2,-2
2020-07-07 15:03:14,12013,12013,12013,2,2
2020-07-07 15:03:15,12012,12012,12012,2,-2
2020-07-07 15:03:15,12012,12012,12012,2,2
2020-07-07 15:03:15,12012,12012,12012,2,2
2020-07-07 15:03:16,12011,12011,12011,2,-2
2020-07-07 15:03:16,12012,12012,12012,2,2
2020-07-07 15:03:16,12013,12013,12013,2,2
2020-07-07 15:03:18,12013,12013,12013,2,2
2020-07-07 15:03:19,12012,12012,12012,2,-2
2020-07-07 15:03:21,12011,12011,12011,2,-2
2020-07-07 15:03:21,12011,12011,12011,2,2
2020-07-07 15:03:21,12011,12011,12011,2,2
2020-07-07 15:03:21,12011,12011,12011,4,4
2020-07-07 15:03:21,12011,12011,12011,2,2
2020-07-07 15:03:21,12011,12011,12011,2,2
2020-07-07 15:03:23,12011,12011,12011,2,2
2020-07-07 15:03:24,12010,12010,12010,2,-2
2020-07-07 15:03:24,12010,12010,12010,4,4
2020-07-07 15:03:24,12010,12010,12010,2,2
2020-07-07 15:03:24,12010,12010,12010,4,4
2020-07-07 15:03:24,12010,12010,12010,2,2
2020-07-07 15:03:24,12010,12010,12010,2,2
2020-07-07 15:03:24,12010,12010,12010,2,2
2020-07-07 15:03:24,12010,12010,12010,2,2
2020-07-07 15:03:25,12010,12010,12010,2,2
2020-07-07 15:03:25,12010,12010,12010,2,2
2020-07-07 15:03:26,12009,12009,12009,8,-8
2020-07-07 15:03:26,12009,12009,12009,2,2
2020-07-07 15:03:26,12009,12009,12009,2,2
2020-07-07 15:03:26,12009,12009,12009,2,2
2020-07-07 15:03:26,12009,12009,12009,2,2
2020-07-07 15:03:26,12009,12009,12009,2,2
2020-07-07 15:03:26,12009,12009,12009,12,12
2020-07-07 15:03:26,12009,12009,12009,2,2
2020-07-07 15:03:26,12009,12009,12009,2,2
2020-07-07 15:03:26,12009,12009,12009,2,2
2020-07-07 15:03:27,12009,12009,12009,2,2
2020-07-07 15:03:28,12008,12008,12008,2,-2
2020-07-07 15:03:28,12008,12008,12008,2,2
2020-07-07 15:03:28,12008,12008,12008,2,2
2020-07-07 15:03:28,12009,12009,12009,10,10
2020-07-07 15:03:28,12009,12009,12009,2,2
2020-07-07 15:03:28,12009,12009,12009,2,2
2020-07-07 15:03:30,12008,12008,12008,4,-4
2020-07-07 15:03:30,12008,12008,12008,2,2
2020-07-07 15:03:31,12009,12009,12009,6,6
2020-07-07 15:03:31,12009,12009,12009,6,6
2020-07-07 15:03:31,12009,12009,12009,2,2
2020-07-07 15:03:31,12009,12009,12009,2,2
2020-07-07 15:03:31,12009,12009,12009,4,4
2020-07-07 15:03:31,12010,12010,12010,2,2
2020-07-07 15:03:32,12009,12009,12009,2,-2
2020-07-07 15:03:35,12009,12009,12009,2,2
2020-07-07 15:03:35,12008,12008,12008,2,-2
2020-07-07 15:03:36,12009,12009,12009,2,2
2020-07-07 15:03:37,12009,12009,12009,2,2
2020-07-07 15:03:38,12009,12009,12009,8,8
2020-07-07 15:03:38,12009,12009,12009,4,4
2020-07-07 15:03:38,12009,12009,12009,2,2
2020-07-07 15:03:39,12009,12009,12009,2,2
2020-07-07 15:03:40,12009,12009,12009,2,2
2020-07-07 15:03:41,12008,12008,12008,2,-2
2020-07-07 15:03:41,12008,12008,12008,4,4
2020-07-07 15:03:41,12008,12008,12008,2,2
2020-07-07 15:03:41,12008,12008,12008,4,4
2020-07-07 15:03:41,12008,12008,12008,2,2
2020-07-07 15:03:41,12008,12008,12008,4,4
2020-07-07 15:03:41,12007,12007,12007,2,-2
2020-07-07 15:03:41,12007,12007,12007,2,2
2020-07-07 15:03:41,12007,12007,12007,2,2
2020-07-07 15:03:41,12007,12007,12007,4,4
2020-07-07 15:03:41,12007,12007,12007,2,2
2020-07-07 15:03:41,12007,12007,12007,4,4
2020-07-07 15:03:41,12008,12008,12008,2,2
2020-07-07 15:03:41,12007,12007,12007,4,-4
2020-07-07 15:03:41,12007,12007,12007,4,4
2020-07-07 15:03:41,12007,12007,12007,2,2
2020-07-07 15:03:44,12007,12007,12007,2,2
2020-07-07 15:03:44,12006,12006,12006,2,-2
2020-07-07 15:03:44,12006,12006,12006,2,2
2020-07-07 15:03:44,12007,12007,12007,2,2
2020-07-07 15:03:44,12006,12006,12006,2,-2
2020-07-07 15:03:44,12007,12007,12007,2,2
2020-07-07 15:03:45,12006,12006,12006,2,-2
2020-07-07 15:03:45,12006,12006,12006,4,4
2020-07-07 15:03:45,12006,12006,12006,2,2
2020-07-07 15:03:45,12006,12006,12006,2,2
2020-07-07 15:03:45,12006,12006,12006,2,2
2020-07-07 15:03:46,12005,12005,12005,2,-2
2020-07-07 15:03:46,12005,12005,12005,2,2
2020-07-07 15:03:46,12005,12005,12005,2,2
2020-07-07 15:03:46,12005,12005,12005,2,2
2020-07-07 15:03:46,12006,12006,12006,10,10
2020-07-07 15:03:47,12006,12006,12006,2,2
2020-07-07 15:03:48,12006,12006,12006,2,2
2020-07-07 15:03:49,12006,12006,12006,2,2
2020-07-07 15:03:49,12006,12006,12006,2,2
2020-07-07 15:03:50,12006,12006,12006,2,2
2020-07-07 15:03:50,12006,12006,12006,8,8
2020-07-07 15:03:50,12006,12006,12006,2,2
2020-07-07 15:03:50,12006,12006,12006,2,2
2020-07-07 15:03:50,12006,12006,12006,2,2
2020-07-07 15:03:50,12006,12006,12006,2,2
2020-07-07 15:03:50,12006,12006,12006,2,2
2020-07-07 15:03:50,12006,12006,12006,2,2
2020-07-07 15:03:50,12005,12005,12005,18,-18
2020-07-07 15:03:50,12005,12005,12005,2,2
2020-07-07 15:03:50,12005,12005,12005,6,6
2020-07-07 15:03:50,12005,12005,12005,2,2
2020-07-07 15:03:50,12005,12005,12005,2,2
2020-07-07 15:03:50,12005,12005,12005,2,2
2020-07-07 15:03:50,12005,12005,12005,2,2
2020-07-07 15:03:50,12005,12005,12005,4,4
2020-07-07 15:03:50,12004,12004,12004,2,-2
2020-07-07 15:03:50,12004,12004,12004,2,2
2020-07-07 15:03:51,12004,12004,12004,2,2
2020-07-07 15:03:51,12004,12004,12004,2,2
2020-07-07 15:03:51,12005,12005,12005,2,2
2020-07-07 15:03:51,12005,12005,12005,2,2
2020-07-07 15:03:52,12005,12005,12005,2,2
2020-07-07 15:03:53,12005,12005,12005,2,2
2020-07-07 15:03:53,12005,12005,12005,2,2
2020-07-07 15:03:53,12005,12005,12005,2,2
2020-07-07 15:03:53,12005,12005,12005,4,4
2020-07-07 15:03:53,12005,12005,12005,2,2
2020-07-07 15:03:55,12006,12006,12006,12,12
2020-07-07 15:03:55,12006,12006,12006,4,4
2020-07-07 15:03:55,12006,12006,12006,4,4
2020-07-07 15:03:55,12006,12006,12006,2,2
2020-07-07 15:03:56,12006,12006,12006,2,2
2020-07-07 15:04:00,12006,12006,12006,2,2
2020-07-07 15:04:00,12006,12006,12006,2,2
2020-07-07 15:04:01,12005,12005,12005,2,-2
2020-07-07 15:04:01,12006,12006,12006,2,2
2020-07-07 15:04:01,12005,12005,12005,2,-2
2020-07-07 15:04:01,12004,12004,12004,2,-2
2020-07-07 15:04:02,12004,12004,12004,2,2
2020-07-07 15:04:02,12004,12004,12004,2,2
2020-07-07 15:04:03,12004,12004,12004,6,6
2020-07-07 15:04:04,12004,12004,12004,2,2
2020-07-07 15:04:06,12005,12005,12005,2,2
2020-07-07 15:04:07,12004,12004,12004,2,-2
2020-07-07 15:04:08,12004,12004,12004,2,2
2020-07-07 15:04:08,12004,12004,12004,2,2
2020-07-07 15:04:09,12005,12005,12005,2,2
2020-07-07 15:04:10,12004,12004,12004,4,-4
2020-07-07 15:04:10,12004,12004,12004,2,2
2020-07-07 15:04:10,12004,12004,12004,4,4
2020-07-07 15:04:10,12004,12004,12004,2,2
2020-07-07 15:04:11,12004,12004,12004,2,2
2020-07-07 15:04:11,12004,12004,12004,2,2
2020-07-07 15:04:11,12004,12004,12004,2,2
2020-07-07 15:04:12,12004,12004,12004,2,2
2020-07-07 15:04:12,12004,12004,12004,8,8
2020-07-07 15:04:14,12004,12004,12004,2,2
2020-07-07 15:04:14,12004,12004,12004,2,2
2020-07-07 15:04:15,12004,12004,12004,2,2
2020-07-07 15:04:15,12004,12004,12004,6,6
2020-07-07 15:04:15,12004,12004,12004,2,2
2020-07-07 15:04:15,12004,12004,12004,2,2
2020-07-07 15:04:16,12005,12005,12005,6,6
2020-07-07 15:04:16,12005,12005,12005,10,10
2020-07-07 15:04:16,12005,12005,12005,8,8
2020-07-07 15:04:19,12004,12004,12004,2,-2
2020-07-07 15:04:19,12004,12004,12004,2,2
2020-07-07 15:04:19,12004,12004,12004,6,6
2020-07-07 15:04:21,12004,12004,12004,2,2
2020-07-07 15:04:23,12004,12004,12004,2,2
2020-07-07 15:04:23,12005,12005,12005,2,2
2020-07-07 15:04:25,12005,12005,12005,2,2
2020-07-07 15:04:29,12005,12005,12005,6,6
2020-07-07 15:04:29,12005,12005,12005,2,2
2020-07-07 15:04:29,12005,12005,12005,2,2
2020-07-07 15:04:31,12005,12005,12005,4,4
2020-07-07 15:04:31,12005,12005,12005,4,4
2020-07-07 15:04:32,12005,12005,12005,2,2
2020-07-07 15:04:32,12005,12005,12005,16,16
2020-07-07 15:04:32,12005,12005,12005,4,4
2020-07-07 15:04:33,12005,12005,12005,4,4
2020-07-07 15:04:34,12006,12006,12006,62,62
2020-07-07 15:04:34,12006,12006,12006,2,2
2020-07-07 15:04:34,12006,12006,12006,2,2
2020-07-07 15:04:34,12006,12006,12006,2,2
2020-07-07 15:04:34,12006,12006,12006,2,2
2020-07-07 15:04:34,12005,12005,12005,4,-4
2020-07-07 15:04:34,12005,12005,12005,8,8
2020-07-07 15:04:34,12005,12005,12005,2,2
2020-07-07 15:04:34,12005,12005,12005,2,2
2020-07-07 15:04:34,12005,12005,12005,2,2
2020-07-07 15:04:34,12005,12005,12005,6,6
2020-07-07 15:04:34,12005,12005,12005,2,2
2020-07-07 15:04:34,12005,12005,12005,2,2
2020-07-07 15:04:36,12005,12005,12005,4,4
2020-07-07 15:04:36,12005,12005,12005,2,2
2020-07-07 15:04:36,12005,12005,12005,2,2
2020-07-07 15:04:40,12006,12006,12006,2,2
2020-07-07 15:04:41,12005,12005,12005,2,-2
2020-07-07 15:04:41,12005,12005,12005,2,2
2020-07-07 15:04:42,12006,12006,12006,2,2
2020-07-07 15:04:43,12006,12006,12006,2,2
2020-07-07 15:04:45,12006,12006,12006,8,8
2020-07-07 15:04:47,12006,12006,12006,2,2
2020-07-07 15:04:49,12007,12007,12007,4,4
2020-07-07 15:04:49,12006,12006,12006,2,-2
2020-07-07 15:04:49,12007,12007,12007,2,2
2020-07-07 15:04:49,12006,12006,12006,2,-2
2020-07-07 15:04:49,12006,12006,12006,2,2
2020-07-07 15:04:51,12006,12006,12006,2,2
2020-07-07 15:04:59,12005,12005,12005,2,-2
2020-07-07 15:04:59,12005,12005,12005,2,2
2020-07-07 15:04:59,12005,12005,12005,4,4
2020-07-07 15:05:00,12005,12005,12005,2,2
2020-07-07 15:05:00,12005,12005,12005,2,2
2020-07-07 15:05:01,12006,12006,12006,2,2
2020-07-07 15:05:01,12005,12005,12005,2,-2
2020-07-07 15:05:01,12005,12005,12005,2,2
2020-07-07 15:05:02,12005,12005,12005,2,2
2020-07-07 15:05:02,12005,12005,12005,2,2
2020-07-07 15:05:02,12005,12005,12005,4,4
2020-07-07 15:05:02,12005,12005,12005,2,2
2020-07-07 15:05:02,12005,12005,12005,2,2
2020-07-07 15:05:02,12005,12005,12005,2,2
2020-07-07 15:05:03,12004,12004,12004,2,-2
2020-07-07 15:05:03,12004,12004,12004,2,2
2020-07-07 15:05:03,12004,12004,12004,2,2
2020-07-07 15:05:03,12004,12004,12004,2,2
2020-07-07 15:05:03,12004,12004,12004,2,2
2020-07-07 15:05:03,12004,12004,12004,2,2
2020-07-07 15:05:03,12004,12004,12004,2,2
2020-07-07 15:05:03,12004,12004,12004,2,2
2020-07-07 15:05:03,12004,12004,12004,34,34
2020-07-07 15:05:03,12004,12004,12004,2,2
2020-07-07 15:05:03,12003,12003,12003,2,-2
2020-07-07 15:05:03,12003,12003,12003,24,24
2020-07-07 15:05:03,12003,12003,12003,2,2
2020-07-07 15:05:03,12003,12003,12003,6,6
2020-07-07 15:05:03,12003,12003,12003,2,2
2020-07-07 15:05:03,12003,12003,12003,2,2
2020-07-07 15:05:03,12003,12003,12003,2,2
2020-07-07 15:05:03,12003,12003,12003,2,2
2020-07-07 15:05:03,12003,12003,12003,2,2
2020-07-07 15:05:03,12003,12003,12003,2,2
2020-07-07 15:05:03,12003,12003,12003,2,2
2020-07-07 15:05:03,12003,12003,12003,4,4
2020-07-07 15:05:03,12003,12003,12003,2,2
2020-07-07 15:05:03,12003,12003,12003,2,2
2020-07-07 15:05:03,12003,12003,12003,6,6
2020-07-07 15:05:03,12003,12003,12003,2,2
2020-07-07 15:05:03,12003,12003,12003,6,6
2020-07-07 15:05:03,12003,12003,12003,10,10
2020-07-07 15:05:03,12002,12002,12002,2,-2
2020-07-07 15:05:03,12002,12002,12002,2,2
2020-07-07 15:05:03,12002,12002,12002,2,2
2020-07-07 15:05:03,12002,12002,12002,2,2
2020-07-07 15:05:05,12002,12002,12002,4,4
2020-07-07 15:05:06,12002,12002,12002,2,2
2020-07-07 15:05:07,12003,12003,12003,10,10
2020-07-07 15:05:08,12002,12002,12002,2,-2
2020-07-07 15:05:09,12003,12003,12003,2,2
2020-07-07 15:05:10,12002,12002,12002,4,-4
2020-07-07 15:05:10,12002,12002,12002,8,8
2020-07-07 15:05:10,12002,12002,12002,2,2
2020-07-07 15:05:11,12002,12002,12002,2,2
2020-07-07 15:05:11,12002,12002,12002,2,2
2020-07-07 15:05:11,12003,12003,12003,6,6
2020-07-07 15:05:11,12003,12003,12003,2,2
2020-07-07 15:05:11,12003,12003,12003,4,4
2020-07-07 15:05:12,12003,12003,12003,2,2
2020-07-07 15:05:12,12003,12003,12003,8,8
2020-07-07 15:05:12,12004,12004,12004,2,2
2020-07-07 15:05:14,12003,12003,12003,2,-2
2020-07-07 15:05:15,12003,12003,12003,2,2
2020-07-07 15:05:17,12004,12004,12004,2,2
2020-07-07 15:05:20,12004,12004,12004,2,2
2020-07-07 15:05:20,12004,12004,12004,2,2
2020-07-07 15:05:21,12004,12004,12004,2,2
2020-07-07 15:05:22,12003,12003,12003,2,-2
2020-07-07 15:05:22,12003,12003,12003,2,2
2020-07-07 15:05:22,12003,12003,12003,2,2
2020-07-07 15:05:22,12003,12003,12003,2,2
2020-07-07 15:05:23,12003,12003,12003,2,2
2020-07-07 15:05:26,12002,12002,12002,2,-2
2020-07-07 15:05:26,12002,12002,12002,6,6
2020-07-07 15:05:26,12002,12002,12002,6,6
2020-07-07 15:05:26,12002,12002,12002,2,2
2020-07-07 15:05:26,12002,12002,12002,2,2
2020-07-07 15:05:26,12002,12002,12002,2,2
2020-07-07 15:05:26,12002,12002,12002,2,2
2020-07-07 15:05:26,12002,12002,12002,2,2
2020-07-07 15:05:26,12002,12002,12002,2,2
2020-07-07 15:05:26,12002,12002,12002,2,2
2020-07-07 15:05:26,12002,12002,12002,2,2
2020-07-07 15:05:26,12002,12002,12002,2,2
2020-07-07 15:05:26,12002,12002,12002,2,2
2020-07-07 15:05:26,12002,12002,12002,2,2
2020-07-07 15:05:26,12002,12002,12002,4,4
2020-07-07 15:05:26,12002,12002,12002,4,4
2020-07-07 15:05:26,12002,12002,12002,2,2
2020-07-07 15:05:26,12001,12001,12001,2,-2
2020-07-07 15:05:26,12001,12001,12001,10,10
2020-07-07 15:05:26,12001,12001,12001,6,6
2020-07-07 15:05:26,12001,12001,12001,2,2
2020-07-07 15:05:28,12001,12001,12001,2,2
2020-07-07 15:05:28,12001,12001,12001,2,2
2020-07-07 15:05:30,12001,12001,12001,2,2
2020-07-07 15:05:30,12001,12001,12001,6,6
2020-07-07 15:05:30,12001,12001,12001,2,2
2020-07-07 15:05:30,12001,12001,12001,2,2
2020-07-07 15:05:30,12001,12001,12001,2,2
2020-07-07 15:05:30,12001,12001,12001,2,2
2020-07-07 15:05:30,12001,12001,12001,2,2
2020-07-07 15:05:30,12001,12001,12001,2,2
2020-07-07 15:05:30,12001,12001,12001,2,2
2020-07-07 15:05:30,12001,12001,12001,2,2
2020-07-07 15:05:30,12001,12001,12001,2,2
2020-07-07 15:05:30,12001,12001,12001,2,2
2020-07-07 15:05:30,12001,12001,12001,2,2
2020-07-07 15:05:30,12001,12001,12001,2,2
2020-07-07 15:05:30,12001,12001,12001,2,2
2020-07-07 15:05:30,12001,12001,12001,14,14
2020-07-07 15:05:30,12000,12000,12000,2,-2
2020-07-07 15:05:31,12000,12000,12000,4,4
2020-07-07 15:05:31,12001,12001,12001,4,4
2020-07-07 15:05:31,12001,12001,12001,4,4
2020-07-07 15:05:31,12001,12001,12001,4,4
2020-07-07 15:05:31,12001,12001,12001,4,4
2020-07-07 15:05:31,12001,12001,12001,4,4
2020-07-07 15:05:31,12001,12001,12001,2,2
2020-07-07 15:05:31,12001,12001,12001,2,2
2020-07-07 15:05:31,12001,12001,12001,4,4
2020-07-07 15:05:31,12001,12001,12001,2,2
2020-07-07 15:05:32,12000,12000,12000,4,-4
2020-07-07 15:05:32,12000,12000,12000,2,2
2020-07-07 15:05:33,12000,12000,12000,18,18
2020-07-07 15:05:33,12000,12000,12000,2,2
2020-07-07 15:05:33,12000,12000,12000,2,2
2020-07-07 15:05:33,12000,12000,12000,2,2
2020-07-07 15:05:33,12000,12000,12000,2,2
2020-07-07 15:05:33,12000,12000,12000,6,6
2020-07-07 15:05:33,12000,12000,12000,10,10
2020-07-07 15:05:33,12000,12000,12000,4,4
2020-07-07 15:05:33,12000,12000,12000,4,4
2020-07-07 15:05:33,12000,12000,12000,2,2
2020-07-07 15:05:33,12000,12000,12000,2,2
2020-07-07 15:05:33,12000,12000,12000,2,2
2020-07-07 15:05:33,11999,11999,11999,2,-2
2020-07-07 15:05:33,11999,11999,11999,6,6
2020-07-07 15:05:33,11999,11999,11999,2,2
2020-07-07 15:05:33,11999,11999,11999,2,2
2020-07-07 15:05:33,11999,11999,11999,2,2
2020-07-07 15:05:33,11999,11999,11999,4,4
2020-07-07 15:05:33,11998,11998,11998,2,-2
2020-07-07 15:05:33,11998,11998,11998,2,2
2020-07-07 15:05:33,11998,11998,11998,2,2
2020-07-07 15:05:33,11998,11998,11998,2,2
2020-07-07 15:05:33,11998,11998,11998,2,2
2020-07-07 15:05:33,11998,11998,11998,2,2
2020-07-07 15:05:33,11998,11998,11998,2,2
2020-07-07 15:05:33,11998,11998,11998,2,2
2020-07-07 15:05:33,11998,11998,11998,2,2
2020-07-07 15:05:33,11998,11998,11998,2,2
2020-07-07 15:05:33,11997,11997,11997,2,-2
2020-07-07 15:05:33,11997,11997,11997,2,2
2020-07-07 15:05:33,11998,11998,11998,2,2
2020-07-07 15:05:34,11998,11998,11998,2,2
2020-07-07 15:05:34,11998,11998,11998,4,4
2020-07-07 15:05:35,11998,11998,11998,2,2
2020-07-07 15:05:35,11998,11998,11998,2,2
2020-07-07 15:05:35,11998,11998,11998,2,2
2020-07-07 15:05:37,11998,11998,11998,2,2
2020-07-07 15:05:38,11998,11998,11998,2,2
2020-07-07 15:05:38,11998,11998,11998,2,2
2020-07-07 15:05:38,11999,11999,11999,2,2
2020-07-07 15:05:38,11999,11999,11999,8,8
2020-07-07 15:05:38,11999,11999,11999,8,8
2020-07-07 15:05:39,11999,11999,11999,8,8
2020-07-07 15:05:39,11999,11999,11999,2,2
2020-07-07 15:05:42,11999,11999,11999,2,2
2020-07-07 15:05:42,11999,11999,11999,2,2
2020-07-07 15:05:42,11999,11999,11999,2,2
2020-07-07 15:05:42,11999,11999,11999,2,2
2020-07-07 15:05:42,11999,11999,11999,2,2
2020-07-07 15:05:42,11998,11998,11998,2,-2
2020-07-07 15:05:42,11998,11998,11998,2,2
2020-07-07 15:05:42,11999,11999,11999,2,2
2020-07-07 15:05:44,11999,11999,11999,2,2
2020-07-07 15:05:44,11999,11999,11999,2,2
2020-07-07 15:05:44,11999,11999,11999,2,2
2020-07-07 15:05:44,11999,11999,11999,2,2
2020-07-07 15:05:44,11999,11999,11999,2,2
2020-07-07 15:05:44,11998,11998,11998,2,-2
2020-07-07 15:05:44,11999,11999,11999,2,2
2020-07-07 15:05:47,11998,11998,11998,2,-2
2020-07-07 15:05:47,11998,11998,11998,4,4
2020-07-07 15:05:49,11999,11999,11999,18,18
2020-07-07 15:05:49,11999,11999,11999,2,2
2020-07-07 15:05:50,11999,11999,11999,2,2
2020-07-07 15:05:50,11998,11998,11998,2,-2
2020-07-07 15:05:50,11998,11998,11998,2,2
2020-07-07 15:05:50,11998,11998,11998,2,2
2020-07-07 15:05:50,11998,11998,11998,2,2
2020-07-07 15:05:50,11998,11998,11998,2,2
2020-07-07 15:05:51,11999,11999,11999,8,8
2020-07-07 15:05:54,11998,11998,11998,2,-2
2020-07-07 15:05:54,11999,11999,11999,2,2
2020-07-07 15:05:54,11998,11998,11998,2,-2
2020-07-07 15:05:54,11998,11998,11998,2,2
2020-07-07 15:05:54,11998,11998,11998,2,2
2020-07-07 15:05:54,11998,11998,11998,2,2
2020-07-07 15:05:56,11998,11998,11998,2,2
2020-07-07 15:05:56,11998,11998,11998,2,2
2020-07-07 15:05:56,11998,11998,11998,2,2
2020-07-07 15:05:56,11998,11998,11998,4,4
2020-07-07 15:05:57,11999,11999,11999,2,2
2020-07-07 15:05:58,11998,11998,11998,2,-2
2020-07-07 15:05:58,11998,11998,11998,2,2
2020-07-07 15:05:58,11998,11998,11998,2,2
2020-07-07 15:05:59,11998,11998,11998,2,2
2020-07-07 15:06:00,11999,11999,11999,56,56
2020-07-07 15:06:00,11999,11999,11999,2,2
2020-07-07 15:06:00,11999,11999,11999,2,2
2020-07-07 15:06:00,11999,11999,11999,2,2
2020-07-07 15:06:02,11999,11999,11999,2,2
2020-07-07 15:06:02,11999,11999,11999,2,2
2020-07-07 15:06:02,11999,11999,11999,2,2
2020-07-07 15:06:02,12000,12000,12000,6,6
2020-07-07 15:06:02,12000,12000,12000,28,28
2020-07-07 15:06:02,12001,12001,12001,2,2
2020-07-07 15:06:02,12001,12001,12001,6,6
2020-07-07 15:06:03,12000,12000,12000,2,-2
2020-07-07 15:06:03,12001,12001,12001,2,2
2020-07-07 15:06:04,12001,12001,12001,2,2
2020-07-07 15:06:05,12000,12000,12000,2,-2
2020-07-07 15:06:05,12001,12001,12001,2,2
2020-07-07 15:06:05,12002,12002,12002,2,2
2020-07-07 15:06:07,12002,12002,12002,2,2
2020-07-07 15:06:09,12002,12002,12002,2,2
2020-07-07 15:06:11,12001,12001,12001,2,-2
2020-07-07 15:06:13,12001,12001,12001,4,4
2020-07-07 15:06:13,12001,12001,12001,2,2
2020-07-07 15:06:13,12001,12001,12001,2,2
2020-07-07 15:06:13,12001,12001,12001,2,2
2020-07-07 15:06:13,12001,12001,12001,2,2
2020-07-07 15:06:13,12001,12001,12001,2,2
2020-07-07 15:06:14,12000,12000,12000,2,-2
2020-07-07 15:06:14,12000,12000,12000,2,2
2020-07-07 15:06:14,12001,12001,12001,10,10
2020-07-07 15:06:14,12001,12001,12001,2,2
2020-07-07 15:06:15,12000,12000,12000,2,-2
2020-07-07 15:06:19,12001,12001,12001,18,18
2020-07-07 15:06:20,12001,12001,12001,2,2
2020-07-07 15:06:20,12000,12000,12000,2,-2
2020-07-07 15:06:20,12000,12000,12000,2,2
2020-07-07 15:06:20,12000,12000,12000,2,2
2020-07-07 15:06:23,12001,12001,12001,2,2
2020-07-07 15:06:23,12001,12001,12001,2,2
2020-07-07 15:06:23,12000,12000,12000,2,-2
2020-07-07 15:06:23,12000,12000,12000,2,2
2020-07-07 15:06:25,12000,12000,12000,4,4
2020-07-07 15:06:25,12000,12000,12000,2,2
2020-07-07 15:06:25,12000,12000,12000,4,4
2020-07-07 15:06:25,12000,12000,12000,2,2
2020-07-07 15:06:25,12000,12000,12000,4,4
2020-07-07 15:06:25,12000,12000,12000,2,2
2020-07-07 15:06:25,12000,12000,12000,2,2
2020-07-07 15:06:25,12000,12000,12000,2,2
2020-07-07 15:06:25,12000,12000,12000,2,2
2020-07-07 15:06:25,12000,12000,12000,4,4
2020-07-07 15:06:25,12000,12000,12000,2,2
2020-07-07 15:06:25,12000,12000,12000,2,2
2020-07-07 15:06:25,12000,12000,12000,2,2
2020-07-07 15:06:25,12000,12000,12000,14,14
2020-07-07 15:06:27,12000,12000,12000,2,2
2020-07-07 15:06:28,12000,12000,12000,4,4
2020-07-07 15:06:29,12001,12001,12001,38,38
2020-07-07 15:06:29,12002,12002,12002,18,18
2020-07-07 15:06:29,12001,12001,12001,2,-2
2020-07-07 15:06:30,12001,12001,12001,2,2
2020-07-07 15:06:30,12001,12001,12001,2,2
2020-07-07 15:06:30,12001,12001,12001,2,2
2020-07-07 15:06:31,12001,12001,12001,2,2
2020-07-07 15:06:31,12001,12001,12001,2,2
2020-07-07 15:06:31,12001,12001,12001,2,2
2020-07-07 15:06:31,12001,12001,12001,8,8
2020-07-07 15:06:31,12001,12001,12001,2,2
2020-07-07 15:06:31,12001,12001,12001,2,2
2020-07-07 15:06:31,12001,12001,12001,2,2
2020-07-07 15:06:31,12001,12001,12001,2,2
2020-07-07 15:06:31,12000,12000,12000,16,-16
2020-07-07 15:06:31,12000,12000,12000,2,2
2020-07-07 15:06:32,12001,12001,12001,2,2
2020-07-07 15:06:32,12000,12000,12000,2,-2
2020-07-07 15:06:32,12000,12000,12000,2,2
2020-07-07 15:06:32,12000,12000,12000,2,2
2020-07-07 15:06:32,12002,12002,12002,2,2
2020-07-07 15:06:33,12002,12002,12002,2,2
2020-07-07 15:06:34,12001,12001,12001,6,-6
2020-07-07 15:06:34,12001,12001,12001,4,4
2020-07-07 15:06:36,12001,12001,12001,2,2
2020-07-07 15:06:37,12001,12001,12001,2,2
2020-07-07 15:06:38,12001,12001,12001,2,2
2020-07-07 15:06:38,12002,12002,12002,4,4
2020-07-07 15:06:39,12001,12001,12001,2,-2
2020-07-07 15:06:39,12000,12000,12000,2,-2
2020-07-07 15:06:39,12000,12000,12000,28,28
2020-07-07 15:06:39,12000,12000,12000,2,2
2020-07-07 15:06:39,12000,12000,12000,6,6
2020-07-07 15:06:40,12001,12001,12001,2,2
2020-07-07 15:06:40,12001,12001,12001,2,2
2020-07-07 15:06:42,12001,12001,12001,2,2
2020-07-07 15:06:47,12001,12001,12001,2,2
2020-07-07 15:06:47,12001,12001,12001,4,4
2020-07-07 15:06:48,12001,12001,12001,2,2
2020-07-07 15:06:48,12001,12001,12001,4,4
2020-07-07 15:06:49,12001,12001,12001,4,4
2020-07-07 15:06:51,12001,12001,12001,2,2
2020-07-07 15:06:52,12001,12001,12001,6,6
2020-07-07 15:06:52,12001,12001,12001,2,2
2020-07-07 15:06:52,12001,12001,12001,2,2
2020-07-07 15:06:53,12000,12000,12000,2,-2
2020-07-07 15:06:54,12000,12000,12000,10,10
2020-07-07 15:06:57,12001,12001,12001,2,2
2020-07-07 15:06:58,12000,12000,12000,2,-2
2020-07-07 15:07:00,12000,12000,12000,2,2
2020-07-07 15:07:04,12000,12000,12000,2,2
2020-07-07 15:07:07,12000,12000,12000,2,2
2020-07-07 15:07:07,12001,12001,12001,6,6
2020-07-07 15:07:07,12001,12001,12001,6,6
2020-07-07 15:07:07,12001,12001,12001,2,2
2020-07-07 15:07:08,12001,12001,12001,6,6
2020-07-07 15:07:09,12000,12000,12000,10,-10
2020-07-07 15:07:09,12000,12000,12000,4,4
2020-07-07 15:07:12,12001,12001,12001,2,2
2020-07-07 15:07:14,12001,12001,12001,4,4
2020-07-07 15:07:14,12001,12001,12001,2,2
2020-07-07 15:07:17,12001,12001,12001,2,2
2020-07-07 15:07:19,12000,12000,12000,8,-8
2020-07-07 15:07:19,12000,12000,12000,12,12
2020-07-07 15:07:19,12000,12000,12000,2,2
2020-07-07 15:07:19,12000,12000,12000,2,2
2020-07-07 15:07:19,12000,12000,12000,2,2
2020-07-07 15:07:19,12000,12000,12000,2,2
2020-07-07 15:07:19,12000,12000,12000,4,4
2020-07-07 15:07:19,12000,12000,12000,4,4
2020-07-07 15:07:19,12000,12000,12000,2,2
2020-07-07 15:07:21,12000,12000,12000,4,4
2020-07-07 15:07:21,12000,12000,12000,2,2
2020-07-07 15:07:22,12000,12000,12000,2,2
2020-07-07 15:07:24,12000,12000,12000,4,4
2020-07-07 15:07:24,11999,11999,11999,2,-2
2020-07-07 15:07:33,12000,12000,12000,4,4
2020-07-07 15:07:33,12000,12000,12000,8,8
2020-07-07 15:07:33,12000,12000,12000,12,12
2020-07-07 15:07:33,12000,12000,12000,18,18
2020-07-07 15:07:34,12000,12000,12000,2,2
2020-07-07 15:07:34,12000,12000,12000,2,2
2020-07-07 15:07:34,12000,12000,12000,4,4
2020-07-07 15:07:34,11999,11999,11999,2,-2
2020-07-07 15:07:34,11999,11999,11999,2,2
2020-07-07 15:07:36,12000,12000,12000,2,2
2020-07-07 15:07:37,12000,12000,12000,2,2
2020-07-07 15:07:37,11999,11999,11999,2,-2
2020-07-07 15:07:39,11999,11999,11999,2,2
2020-07-07 15:07:39,11999,11999,11999,2,2
2020-07-07 15:07:39,11999,11999,11999,2,2
2020-07-07 15:07:41,11999,11999,11999,2,2
2020-07-07 15:07:41,11999,11999,11999,2,2
2020-07-07 15:07:41,11999,11999,11999,2,2
2020-07-07 15:07:45,12000,12000,12000,2,2
2020-07-07 15:07:48,11999,11999,11999,2,-2
2020-07-07 15:07:48,11999,11999,11999,2,2
2020-07-07 15:07:49,11998,11998,11998,2,-2
2020-07-07 15:07:55,11998,11998,11998,18,18
2020-07-07 15:07:55,11998,11998,11998,4,4
2020-07-07 15:07:55,11998,11998,11998,2,2
2020-07-07 15:07:55,11998,11998,11998,2,2
2020-07-07 15:07:55,11998,11998,11998,2,2
2020-07-07 15:07:55,11998,11998,11998,2,2
2020-07-07 15:07:55,11998,11998,11998,12,12
2020-07-07 15:07:56,11998,11998,11998,2,2
2020-07-07 15:07:57,11998,11998,11998,6,6
2020-07-07 15:07:57,11998,11998,11998,2,2
2020-07-07 15:07:57,11997,11997,11997,6,-6
2020-07-07 15:07:57,11997,11997,11997,4,4
2020-07-07 15:07:57,11997,11997,11997,8,8
2020-07-07 15:07:57,11997,11997,11997,4,4
2020-07-07 15:07:57,11997,11997,11997,2,2
2020-07-07 15:07:57,11997,11997,11997,2,2
2020-07-07 15:07:57,11997,11997,11997,6,6
2020-07-07 15:07:57,11997,11997,11997,2,2
2020-07-07 15:07:57,11997,11997,11997,8,8
2020-07-07 15:07:57,11997,11997,11997,8,8
2020-07-07 15:07:57,11997,11997,11997,2,2
2020-07-07 15:07:57,11997,11997,11997,2,2
2020-07-07 15:07:57,11997,11997,11997,2,2
2020-07-07 15:07:57,11997,11997,11997,2,2
2020-07-07 15:07:57,11997,11997,11997,2,2
2020-07-07 15:07:57,11997,11997,11997,2,2
2020-07-07 15:07:57,11997,11997,11997,2,2
2020-07-07 15:07:57,11997,11997,11997,2,2
2020-07-07 15:07:57,11997,11997,11997,2,2
2020-07-07 15:07:57,11997,11997,11997,2,2
2020-07-07 15:07:58,11998,11998,11998,2,2
2020-07-07 15:07:58,11996,11996,11996,2,-2
2020-07-07 15:07:59,11996,11996,11996,2,2
2020-07-07 15:07:59,11996,11996,11996,2,2
2020-07-07 15:07:59,11996,11996,11996,2,2
2020-07-07 15:07:59,11996,11996,11996,2,2
2020-07-07 15:08:00,11997,11997,11997,2,2
2020-07-07 15:08:00,11996,11996,11996,2,-2
2020-07-07 15:08:00,11996,11996,11996,2,2
2020-07-07 15:08:00,11996,11996,11996,2,2
2020-07-07 15:08:00,11996,11996,11996,2,2
2020-07-07 15:08:02,11997,11997,11997,2,2
2020-07-07 15:08:03,11996,11996,11996,2,-2
2020-07-07 15:08:03,11996,11996,11996,2,2
2020-07-07 15:08:03,11996,11996,11996,2,2
2020-07-07 15:08:03,11996,11996,11996,2,2
2020-07-07 15:08:03,11996,11996,11996,2,2
2020-07-07 15:08:03,11996,11996,11996,2,2
2020-07-07 15:08:03,11996,11996,11996,4,4
2020-07-07 15:08:03,11996,11996,11996,2,2
2020-07-07 15:08:03,11996,11996,11996,8,8
2020-07-07 15:08:03,11996,11996,11996,2,2
2020-07-07 15:08:03,11996,11996,11996,4,4
2020-07-07 15:08:03,11996,11996,11996,8,8
2020-07-07 15:08:03,11996,11996,11996,2,2
2020-07-07 15:08:03,11996,11996,11996,10,10
2020-07-07 15:08:04,11997,11997,11997,2,2
2020-07-07 15:08:04,11996,11996,11996,2,-2
2020-07-07 15:08:04,11996,11996,11996,4,4
2020-07-07 15:08:04,11996,11996,11996,6,6
2020-07-07 15:08:04,11996,11996,11996,4,4
2020-07-07 15:08:04,11996,11996,11996,2,2
2020-07-07 15:08:04,11996,11996,11996,8,8
2020-07-07 15:08:04,11996,11996,11996,2,2
2020-07-07 15:08:04,11996,11996,11996,4,4
2020-07-07 15:08:04,11996,11996,11996,2,2
2020-07-07 15:08:04,11996,11996,11996,2,2
2020-07-07 15:08:06,11996,11996,11996,2,2
2020-07-07 15:08:07,11995,11995,11995,2,-2
2020-07-07 15:08:07,11995,11995,11995,2,2
2020-07-07 15:08:07,11995,11995,11995,8,8
2020-07-07 15:08:07,11995,11995,11995,2,2
2020-07-07 15:08:08,11995,11995,11995,2,2
2020-07-07 15:08:09,11996,11996,11996,16,16
2020-07-07 15:08:11,11997,11997,11997,2,2
2020-07-07 15:08:13,11997,11997,11997,2,2
2020-07-07 15:08:13,11997,11997,11997,2,2
2020-07-07 15:08:15,11997,11997,11997,2,2
2020-07-07 15:08:15,11997,11997,11997,2,2
2020-07-07 15:08:17,11997,11997,11997,2,2
2020-07-07 15:08:17,11997,11997,11997,2,2
2020-07-07 15:08:18,11997,11997,11997,4,4
2020-07-07 15:08:19,11997,11997,11997,4,4
2020-07-07 15:08:19,11997,11997,11997,2,2
2020-07-07 15:08:22,11997,11997,11997,4,4
2020-07-07 15:08:24,11997,11997,11997,4,4
2020-07-07 15:08:24,11997,11997,11997,2,2
2020-07-07 15:08:25,11997,11997,11997,2,2
2020-07-07 15:08:27,11997,11997,11997,2,2
2020-07-07 15:08:28,11996,11996,11996,2,-2
2020-07-07 15:08:28,11997,11997,11997,10,10
2020-07-07 15:08:29,11996,11996,11996,2,-2
2020-07-07 15:08:33,11996,11996,11996,2,2
2020-07-07 15:08:33,11996,11996,11996,2,2
2020-07-07 15:08:33,11996,11996,11996,2,2
2020-07-07 15:08:33,11996,11996,11996,2,2
2020-07-07 15:08:33,11996,11996,11996,8,8
2020-07-07 15:08:33,11996,11996,11996,2,2
2020-07-07 15:08:36,11995,11995,11995,2,-2
2020-07-07 15:08:36,11995,11995,11995,2,2
2020-07-07 15:08:36,11995,11995,11995,2,2
2020-07-07 15:08:36,11995,11995,11995,2,2
2020-07-07 15:08:36,11995,11995,11995,2,2
2020-07-07 15:08:36,11995,11995,11995,2,2
2020-07-07 15:08:37,11996,11996,11996,2,2
2020-07-07 15:08:38,11995,11995,11995,2,-2
2020-07-07 15:08:38,11995,11995,11995,2,2
2020-07-07 15:08:38,11995,11995,11995,2,2
2020-07-07 15:08:38,11995,11995,11995,2,2
2020-07-07 15:08:38,11995,11995,11995,2,2
2020-07-07 15:08:38,11995,11995,11995,2,2
2020-07-07 15:08:38,11995,11995,11995,2,2
2020-07-07 15:08:38,11995,11995,11995,2,2
2020-07-07 15:08:38,11995,11995,11995,2,2
2020-07-07 15:08:38,11995,11995,11995,2,2
2020-07-07 15:08:38,11995,11995,11995,2,2
2020-07-07 15:08:38,11995,11995,11995,2,2
2020-07-07 15:08:39,11995,11995,11995,2,2
2020-07-07 15:08:43,11995,11995,11995,2,2
2020-07-07 15:08:46,11995,11995,11995,2,2
2020-07-07 15:08:48,11995,11995,11995,2,2
2020-07-07 15:08:48,11995,11995,11995,2,2
2020-07-07 15:08:48,11995,11995,11995,6,6
2020-07-07 15:08:48,11995,11995,11995,4,4
2020-07-07 15:08:48,11995,11995,11995,2,2
2020-07-07 15:08:48,11995,11995,11995,2,2
2020-07-07 15:08:52,11994,11994,11994,4,-4
2020-07-07 15:08:52,11994,11994,11994,8,8
2020-07-07 15:08:52,11995,11995,11995,4,4
2020-07-07 15:08:53,11995,11995,11995,2,2
2020-07-07 15:08:53,11995,11995,11995,4,4
2020-07-07 15:08:53,11994,11994,11994,10,-10
2020-07-07 15:08:54,11994,11994,11994,2,2
2020-07-07 15:08:54,11994,11994,11994,2,2
2020-07-07 15:08:54,11995,11995,11995,4,4
2020-07-07 15:08:55,11994,11994,11994,2,-2
2020-07-07 15:08:55,11994,11994,11994,2,2
2020-07-07 15:08:55,11994,11994,11994,2,2
2020-07-07 15:08:59,11995,11995,11995,4,4
2020-07-07 15:09:00,11994,11994,11994,4,-4
2020-07-07 15:09:00,11994,11994,11994,2,2
2020-07-07 15:09:00,11994,11994,11994,2,2
2020-07-07 15:09:00,11994,11994,11994,2,2
2020-07-07 15:09:01,11995,11995,11995,6,6
2020-07-07 15:09:01,11994,11994,11994,2,-2
2020-07-07 15:09:01,11994,11994,11994,2,2
2020-07-07 15:09:02,11995,11995,11995,2,2
2020-07-07 15:09:02,11994,11994,11994,2,-2
2020-07-07 15:09:03,11995,11995,11995,8,8
2020-07-07 15:09:03,11995,11995,11995,2,2
2020-07-07 15:09:03,11995,11995,11995,10,10
2020-07-07 15:09:05,11994,11994,11994,2,-2
2020-07-07 15:09:05,11994,11994,11994,2,2
2020-07-07 15:09:05,11995,11995,11995,2,2
2020-07-07 15:09:06,11994,11994,11994,2,-2
2020-07-07 15:09:06,11994,11994,11994,2,2
2020-07-07 15:09:07,11995,11995,11995,2,2
2020-07-07 15:09:07,11994,11994,11994,2,-2
2020-07-07 15:09:08,11994,11994,11994,2,2
2020-07-07 15:09:08,11994,11994,11994,2,2
2020-07-07 15:09:09,11994,11994,11994,2,2
2020-07-07 15:09:09,11994,11994,11994,2,2
2020-07-07 15:09:10,11993,11993,11993,2,-2
2020-07-07 15:09:10,11993,11993,11993,2,2
2020-07-07 15:09:10,11993,11993,11993,2,2
2020-07-07 15:09:10,11993,11993,11993,2,2
2020-07-07 15:09:10,11993,11993,11993,2,2
2020-07-07 15:09:10,11993,11993,11993,2,2
2020-07-07 15:09:10,11993,11993,11993,2,2
2020-07-07 15:09:10,11993,11993,11993,2,2
2020-07-07 15:09:10,11993,11993,11993,2,2
2020-07-07 15:09:10,11993,11993,11993,2,2
2020-07-07 15:09:10,11993,11993,11993,2,2
2020-07-07 15:09:10,11993,11993,11993,2,2
2020-07-07 15:09:11,11994,11994,11994,2,2
2020-07-07 15:09:11,11993,11993,11993,2,-2
2020-07-07 15:09:11,11993,11993,11993,2,2
2020-07-07 15:09:11,11993,11993,11993,2,2
2020-07-07 15:09:11,11993,11993,11993,2,2
2020-07-07 15:09:12,11993,11993,11993,2,2
2020-07-07 15:09:12,11993,11993,11993,2,2
2020-07-07 15:09:13,11993,11993,11993,2,2
2020-07-07 15:09:14,11993,11993,11993,2,2
2020-07-07 15:09:14,11993,11993,11993,4,4
2020-07-07 15:09:14,11993,11993,11993,4,4
2020-07-07 15:09:18,11994,11994,11994,2,2
2020-07-07 15:09:23,11993,11993,11993,4,-4
2020-07-07 15:09:23,11993,11993,11993,4,4
2020-07-07 15:09:23,11993,11993,11993,6,6
2020-07-07 15:09:24,11993,11993,11993,2,2
2020-07-07 15:09:24,11993,11993,11993,2,2
2020-07-07 15:09:24,11993,11993,11993,2,2
2020-07-07 15:09:26,11994,11994,11994,2,2
2020-07-07 15:09:29,11994,11994,11994,10,10
2020-07-07 15:09:29,11994,11994,11994,4,4
2020-07-07 15:09:31,11995,11995,11995,2,2
2020-07-07 15:09:31,11995,11995,11995,2,2
2020-07-07 15:09:31,11995,11995,11995,2,2
2020-07-07 15:09:31,11995,11995,11995,22,22
2020-07-07 15:09:33,11994,11994,11994,2,-2
2020-07-07 15:09:33,11994,11994,11994,4,4
2020-07-07 15:09:33,11996,11996,11996,4,4
2020-07-07 15:09:34,11996,11996,11996,4,4
2020-07-07 15:09:34,11996,11996,11996,2,2
2020-07-07 15:09:34,11996,11996,11996,4,4
2020-07-07 15:09:35,11996,11996,11996,2,2
2020-07-07 15:09:37,11997,11997,11997,2,2
2020-07-07 15:09:38,11996,11996,11996,2,-2
2020-07-07 15:09:41,11997,11997,11997,8,8
2020-07-07 15:09:42,11996,11996,11996,2,-2
2020-07-07 15:09:42,11996,11996,11996,2,2
2020-07-07 15:09:45,11997,11997,11997,2,2
2020-07-07 15:09:46,11998,11998,11998,4,4
2020-07-07 15:09:46,11997,11997,11997,2,-2
2020-07-07 15:09:46,11997,11997,11997,6,6
2020-07-07 15:09:48,11998,11998,11998,4,4
2020-07-07 15:09:50,11999,11999,11999,2,2
2020-07-07 15:09:51,11999,11999,11999,2,2
2020-07-07 15:09:52,11999,11999,11999,2,2
2020-07-07 15:09:53,11998,11998,11998,2,-2
2020-07-07 15:09:53,11998,11998,11998,2,2
2020-07-07 15:09:53,11998,11998,11998,2,2
2020-07-07 15:09:54,11997,11997,11997,2,-2
2020-07-07 15:09:54,11997,11997,11997,2,2
2020-07-07 15:09:56,11998,11998,11998,2,2
2020-07-07 15:09:57,11998,11998,11998,6,6
2020-07-07 15:09:57,11998,11998,11998,4,4
2020-07-07 15:10:00,11998,11998,11998,14,14
2020-07-07 15:10:00,11998,11998,11998,2,2
2020-07-07 15:10:00,11998,11998,11998,2,2
2020-07-07 15:10:00,11998,11998,11998,2,2
2020-07-07 15:10:01,11998,11998,11998,2,2
2020-07-07 15:10:01,11997,11997,11997,2,-2
2020-07-07 15:10:01,11997,11997,11997,2,2
2020-07-07 15:10:01,11997,11997,11997,2,2
2020-07-07 15:10:01,11997,11997,11997,2,2
2020-07-07 15:10:07,11998,11998,11998,2,2
2020-07-07 15:10:08,11998,11998,11998,6,6
2020-07-07 15:10:08,11998,11998,11998,2,2
2020-07-07 15:10:08,11998,11998,11998,2,2
2020-07-07 15:10:10,11998,11998,11998,2,2
2020-07-07 15:10:13,11998,11998,11998,2,2
2020-07-07 15:10:14,11998,11998,11998,2,2
2020-07-07 15:10:15,11998,11998,11998,2,2
2020-07-07 15:10:19,11998,11998,11998,2,2
2020-07-07 15:10:21,11998,11998,11998,4,4
2020-07-07 15:10:22,11997,11997,11997,2,-2
2020-07-07 15:10:22,11998,11998,11998,2,2
2020-07-07 15:10:23,11997,11997,11997,2,-2
2020-07-07 15:10:23,11997,11997,11997,2,2
2020-07-07 15:10:23,11997,11997,11997,2,2
2020-07-07 15:10:23,11997,11997,11997,2,2
2020-07-07 15:10:23,11997,11997,11997,4,4
2020-07-07 15:10:24,11997,11997,11997,2,2
2020-07-07 15:10:26,11997,11997,11997,2,2
2020-07-07 15:10:27,11996,11996,11996,2,-2
2020-07-07 15:10:30,11997,11997,11997,2,2
2020-07-07 15:10:33,11997,11997,11997,2,2
2020-07-07 15:10:37,11997,11997,11997,2,2
2020-07-07 15:10:38,11996,11996,11996,2,-2
2020-07-07 15:10:44,11997,11997,11997,2,2
2020-07-07 15:10:46,11998,11998,11998,12,12
2020-07-07 15:10:47,11998,11998,11998,2,2
2020-07-07 15:10:48,11999,11999,11999,6,6
2020-07-07 15:10:53,11999,11999,11999,10,10
2020-07-07 15:10:53,11998,11998,11998,2,-2
2020-07-07 15:10:54,11999,11999,11999,2,2
2020-07-07 15:10:55,11999,11999,11999,2,2
2020-07-07 15:10:55,11999,11999,11999,2,2
2020-07-07 15:10:58,11999,11999,11999,4,4
2020-07-07 15:10:59,11999,11999,11999,2,2
2020-07-07 15:10:59,11998,11998,11998,6,-6
2020-07-07 15:10:59,11998,11998,11998,14,14
2020-07-07 15:10:59,11998,11998,11998,20,20
2020-07-07 15:11:00,11998,11998,11998,30,30
2020-07-07 15:11:00,11998,11998,11998,2,2
2020-07-07 15:11:01,11998,11998,11998,4,4
2020-07-07 15:11:01,11998,11998,11998,4,4
2020-07-07 15:11:02,11997,11997,11997,10,-10
2020-07-07 15:11:06,11997,11997,11997,2,2
2020-07-07 15:11:06,11997,11997,11997,2,2
2020-07-07 15:11:06,11997,11997,11997,4,4
2020-07-07 15:11:06,11997,11997,11997,2,2
2020-07-07 15:11:06,11997,11997,11997,4,4
2020-07-07 15:11:06,11996,11996,11996,2,-2
2020-07-07 15:11:06,11997,11997,11997,2,2
2020-07-07 15:11:06,11997,11997,11997,4,4
2020-07-07 15:11:06,11997,11997,11997,2,2
2020-07-07 15:11:06,11997,11997,11997,2,2
2020-07-07 15:11:06,11997,11997,11997,4,4
2020-07-07 15:11:15,11998,11998,11998,8,8
2020-07-07 15:11:15,11998,11998,11998,4,4
2020-07-07 15:11:15,11998,11998,11998,2,2
2020-07-07 15:11:15,11998,11998,11998,2,2
2020-07-07 15:11:18,11997,11997,11997,2,-2
2020-07-07 15:11:18,11997,11997,11997,2,2
2020-07-07 15:11:20,11997,11997,11997,8,8
2020-07-07 15:11:20,11997,11997,11997,8,8
2020-07-07 15:11:20,11997,11997,11997,2,2
2020-07-07 15:11:20,11997,11997,11997,2,2
2020-07-07 15:11:20,11997,11997,11997,2,2
2020-07-07 15:11:20,11997,11997,11997,2,2
2020-07-07 15:11:21,11996,11996,11996,4,-4
2020-07-07 15:11:21,11997,11997,11997,2,2
2020-07-07 15:11:24,11997,11997,11997,6,6
2020-07-07 15:11:28,11998,11998,11998,4,4
2020-07-07 15:11:29,11997,11997,11997,2,-2
2020-07-07 15:11:34,11997,11997,11997,22,22
2020-07-07 15:11:34,11997,11997,11997,4,4
2020-07-07 15:11:34,11997,11997,11997,4,4
2020-07-07 15:11:34,11997,11997,11997,4,4
2020-07-07 15:11:34,11996,11996,11996,4,-4
2020-07-07 15:11:34,11996,11996,11996,2,2
2020-07-07 15:11:34,11996,11996,11996,2,2
2020-07-07 15:11:34,11996,11996,11996,2,2
2020-07-07 15:11:34,11996,11996,11996,2,2
2020-07-07 15:11:34,11996,11996,11996,2,2
2020-07-07 15:11:34,11996,11996,11996,2,2
2020-07-07 15:11:34,11996,11996,11996,4,4
2020-07-07 15:11:34,11996,11996,11996,2,2
2020-07-07 15:11:34,11996,11996,11996,2,2
2020-07-07 15:11:34,11996,11996,11996,10,10
2020-07-07 15:11:34,11996,11996,11996,8,8
2020-07-07 15:11:34,11996,11996,11996,2,2
2020-07-07 15:11:34,11995,11995,11995,2,-2
2020-07-07 15:11:34,11995,11995,11995,2,2
2020-07-07 15:11:34,11995,11995,11995,2,2
2020-07-07 15:11:34,11995,11995,11995,2,2
2020-07-07 15:11:34,11995,11995,11995,2,2
2020-07-07 15:11:34,11995,11995,11995,2,2
2020-07-07 15:11:34,11995,11995,11995,2,2
2020-07-07 15:11:34,11995,11995,11995,2,2
2020-07-07 15:11:34,11995,11995,11995,2,2
2020-07-07 15:11:35,11996,11996,11996,4,4
2020-07-07 15:11:36,11995,11995,11995,2,-2
2020-07-07 15:11:39,11995,11995,11995,2,2
2020-07-07 15:11:39,11995,11995,11995,2,2
2020-07-07 15:11:43,11995,11995,11995,2,2
2020-07-07 15:11:44,11995,11995,11995,2,2
2020-07-07 15:11:45,11995,11995,11995,2,2
2020-07-07 15:11:46,11995,11995,11995,2,2
2020-07-07 15:11:46,11995,11995,11995,4,4
2020-07-07 15:11:52,11995,11995,11995,4,4
2020-07-07 15:11:52,11995,11995,11995,2,2
2020-07-07 15:11:54,11996,11996,11996,2,2
2020-07-07 15:11:55,11996,11996,11996,28,28
2020-07-07 15:11:55,11997,11997,11997,22,22
2020-07-07 15:11:56,11996,11996,11996,2,-2
2020-07-07 15:11:56,11996,11996,11996,2,2
2020-07-07 15:11:57,11996,11996,11996,6,6
2020-07-07 15:12:01,11996,11996,11996,6,6
2020-07-07 15:12:01,11996,11996,11996,2,2
2020-07-07 15:12:02,11996,11996,11996,2,2
2020-07-07 15:12:02,11996,11996,11996,2,2
2020-07-07 15:12:02,11996,11996,11996,2,2
2020-07-07 15:12:06,11996,11996,11996,4,4
2020-07-07 15:12:07,11996,11996,11996,2,2
2020-07-07 15:12:08,11996,11996,11996,2,2
2020-07-07 15:12:09,11995,11995,11995,4,-4
2020-07-07 15:12:10,11995,11995,11995,4,4
2020-07-07 15:12:12,11996,11996,11996,2,2
2020-07-07 15:12:15,11996,11996,11996,4,4
2020-07-07 15:12:16,11996,11996,11996,2,2
2020-07-07 15:12:19,11995,11995,11995,6,-6
2020-07-07 15:12:19,11995,11995,11995,4,4
2020-07-07 15:12:19,11995,11995,11995,2,2
2020-07-07 15:12:19,11995,11995,11995,2,2
2020-07-07 15:12:19,11995,11995,11995,2,2
2020-07-07 15:12:19,11995,11995,11995,6,6
2020-07-07 15:12:19,11995,11995,11995,6,6
2020-07-07 15:12:19,11995,11995,11995,2,2
2020-07-07 15:12:19,11995,11995,11995,2,2
2020-07-07 15:12:19,11995,11995,11995,2,2
2020-07-07 15:12:20,11995,11995,11995,4,4
2020-07-07 15:12:20,11995,11995,11995,2,2
2020-07-07 15:12:21,11995,11995,11995,2,2
2020-07-07 15:12:21,11994,11994,11994,2,-2
2020-07-07 15:12:24,11995,11995,11995,2,2
2020-07-07 15:12:25,11994,11994,11994,2,-2
2020-07-07 15:12:26,11994,11994,11994,2,2
2020-07-07 15:12:27,11995,11995,11995,2,2
2020-07-07 15:12:30,11995,11995,11995,10,10
2020-07-07 15:12:31,11995,11995,11995,8,8
2020-07-07 15:12:31,11995,11995,11995,6,6
2020-07-07 15:12:31,11995,11995,11995,2,2
2020-07-07 15:12:31,11995,11995,11995,2,2
2020-07-07 15:12:31,11995,11995,11995,2,2
2020-07-07 15:12:31,11995,11995,11995,2,2
2020-07-07 15:12:31,11995,11995,11995,8,8
2020-07-07 15:12:31,11995,11995,11995,2,2
2020-07-07 15:12:31,11995,11995,11995,2,2
2020-07-07 15:12:31,11995,11995,11995,2,2
2020-07-07 15:12:32,11994,11994,11994,2,-2
2020-07-07 15:12:33,11994,11994,11994,2,2
2020-07-07 15:12:39,11995,11995,11995,4,4
2020-07-07 15:12:41,11995,11995,11995,4,4
2020-07-07 15:12:41,11994,11994,11994,2,-2
2020-07-07 15:12:41,11994,11994,11994,2,2
2020-07-07 15:12:46,11995,11995,11995,2,2
2020-07-07 15:12:48,11995,11995,11995,4,4
2020-07-07 15:12:48,11994,11994,11994,2,-2
2020-07-07 15:12:48,11994,11994,11994,2,2
2020-07-07 15:12:50,11995,11995,11995,2,2
2020-07-07 15:12:50,11994,11994,11994,2,-2
2020-07-07 15:12:50,11995,11995,11995,2,2
2020-07-07 15:12:50,11995,11995,11995,12,12
2020-07-07 15:12:50,11995,11995,11995,2,2
2020-07-07 15:12:50,11995,11995,11995,2,2
2020-07-07 15:12:50,11995,11995,11995,2,2
2020-07-07 15:12:51,11995,11995,11995,2,2
2020-07-07 15:12:52,11996,11996,11996,2,2
2020-07-07 15:13:00,11996,11996,11996,2,2
2020-07-07 15:13:00,11995,11995,11995,2,-2
2020-07-07 15:13:00,11994,11994,11994,2,-2
2020-07-07 15:13:00,11994,11994,11994,4,4
2020-07-07 15:13:00,11994,11994,11994,4,4
2020-07-07 15:13:01,11995,11995,11995,2,2
2020-07-07 15:13:01,11994,11994,11994,2,-2
2020-07-07 15:13:04,11995,11995,11995,2,2
2020-07-07 15:13:05,11994,11994,11994,4,-4
2020-07-07 15:13:08,11995,11995,11995,8,8
2020-07-07 15:13:10,11995,11995,11995,4,4
2020-07-07 15:13:12,11996,11996,11996,2,2
2020-07-07 15:13:22,11996,11996,11996,2,2
2020-07-07 15:13:24,11996,11996,11996,2,2
2020-07-07 15:13:31,11996,11996,11996,2,2
2020-07-07 15:13:31,11996,11996,11996,4,4
2020-07-07 15:13:31,11996,11996,11996,2,2
2020-07-07 15:13:31,11996,11996,11996,4,4
2020-07-07 15:13:32,11996,11996,11996,2,2
2020-07-07 15:13:34,11996,11996,11996,4,4
2020-07-07 15:13:35,11996,11996,11996,4,4
2020-07-07 15:13:36,11997,11997,11997,2,2
2020-07-07 15:13:41,11996,11996,11996,4,-4
2020-07-07 15:13:42,11996,11996,11996,2,2
2020-07-07 15:13:45,11997,11997,11997,2,2
2020-07-07 15:13:45,11996,11996,11996,8,-8
2020-07-07 15:13:45,11996,11996,11996,2,2
2020-07-07 15:13:45,11996,11996,11996,2,2
2020-07-07 15:13:47,11997,11997,11997,2,2
2020-07-07 15:13:47,11997,11997,11997,54,54
2020-07-07 15:13:48,11997,11997,11997,2,2
2020-07-07 15:13:48,11998,11998,11998,6,6
2020-07-07 15:13:55,11998,11998,11998,2,2
2020-07-07 15:13:55,11998,11998,11998,2,2
2020-07-07 15:13:58,11998,11998,11998,2,2
2020-07-07 15:13:59,11998,11998,11998,2,2
2020-07-07 15:13:59,11998,11998,11998,2,2
2020-07-07 15:13:59,11998,11998,11998,8,8
2020-07-07 15:13:59,11998,11998,11998,2,2
2020-07-07 15:14:00,11999,11999,11999,2,2
2020-07-07 15:14:00,11999,11999,11999,22,22
2020-07-07 15:14:00,11999,11999,11999,12,12
2020-07-07 15:14:01,11999,11999,11999,2,2
2020-07-07 15:14:02,11999,11999,11999,2,2
2020-07-07 15:14:05,11999,11999,11999,2,2
2020-07-07 15:14:07,11999,11999,11999,20,20
2020-07-07 15:14:07,11999,11999,11999,20,20
2020-07-07 15:14:08,11998,11998,11998,2,-2
2020-07-07 15:14:10,12000,12000,12000,2,2
2020-07-07 15:14:14,11999,11999,11999,2,-2
2020-07-07 15:14:14,12000,12000,12000,2,2
2020-07-07 15:14:17,12000,12000,12000,2,2
2020-07-07 15:14:18,12000,12000,12000,4,4
2020-07-07 15:14:21,12000,12000,12000,2,2
2020-07-07 15:14:22,12000,12000,12000,2,2
2020-07-07 15:14:22,12000,12000,12000,2,2
2020-07-07 15:14:24,12000,12000,12000,2,2
2020-07-07 15:14:26,11999,11999,11999,2,-2
2020-07-07 15:14:27,11999,11999,11999,4,4
2020-07-07 15:14:29,12000,12000,12000,2,2
2020-07-07 15:14:29,12000,12000,12000,4,4
2020-07-07 15:14:29,12000,12000,12000,2,2
2020-07-07 15:14:31,12000,12000,12000,2,2
2020-07-07 15:14:33,11999,11999,11999,4,-4
2020-07-07 15:14:33,11999,11999,11999,2,2
2020-07-07 15:14:33,11999,11999,11999,2,2
2020-07-07 15:14:33,11999,11999,11999,2,2
2020-07-07 15:14:35,12000,12000,12000,2,2
2020-07-07 15:14:43,12000,12000,12000,2,2
2020-07-07 15:14:43,12000,12000,12000,2,2
2020-07-07 15:14:43,12000,12000,12000,2,2
2020-07-07 15:14:52,11999,11999,11999,2,-2
2020-07-07 15:14:57,11999,11999,11999,2,2
2020-07-07 15:15:01,11999,11999,11999,2,2
2020-07-07 15:15:01,11999,11999,11999,8,8
2020-07-07 15:15:01,11999,11999,11999,12,12
2020-07-07 15:15:01,11999,11999,11999,8,8
2020-07-07 15:15:01,11999,11999,11999,2,2
2020-07-07 15:15:01,11999,11999,11999,2,2
2020-07-07 15:15:01,11999,11999,11999,2,2
2020-07-07 15:15:01,11999,11999,11999,2,2
2020-07-07 15:15:01,11999,11999,11999,2,2
2020-07-07 15:15:01,11999,11999,11999,4,4
2020-07-07 15:15:01,11999,11999,11999,2,2
2020-07-07 15:15:01,11998,11998,11998,2,-2
2020-07-07 15:15:01,11998,11998,11998,2,2
2020-07-07 15:15:02,11998,11998,11998,4,4
2020-07-07 15:15:02,11998,11998,11998,2,2
2020-07-07 15:15:02,11998,11998,11998,2,2
2020-07-07 15:15:02,11998,11998,11998,2,2
2020-07-07 15:15:02,11998,11998,11998,2,2
2020-07-07 15:15:02,11998,11998,11998,2,2
2020-07-07 15:15:02,11998,11998,11998,2,2
2020-07-07 15:15:02,11998,11998,11998,2,2
2020-07-07 15:15:02,11998,11998,11998,2,2
2020-07-07 15:15:02,11999,11999,11999,2,2
2020-07-07 15:15:06,11998,11998,11998,2,-2
2020-07-07 15:15:08,11999,11999,11999,2,2
2020-07-07 15:15:10,11998,11998,11998,2,-2
2020-07-07 15:15:15,11999,11999,11999,8,8
2020-07-07 15:15:16,11999,11999,11999,2,2
2020-07-07 15:15:22,11999,11999,11999,4,4
2020-07-07 15:15:23,11998,11998,11998,2,-2
2020-07-07 15:15:23,11998,11998,11998,2,2
2020-07-07 15:15:23,11998,11998,11998,2,2
2020-07-07 15:15:26,11998,11998,11998,2,2
2020-07-07 15:15:30,11998,11998,11998,2,2
2020-07-07 15:15:30,11999,11999,11999,2,2
2020-07-07 15:15:38,11999,11999,11999,4,4
2020-07-07 15:15:39,11998,11998,11998,2,-2
2020-07-07 15:15:41,11999,11999,11999,6,6
2020-07-07 15:15:42,11999,11999,11999,2,2
2020-07-07 15:15:48,11999,11999,11999,8,8
2020-07-07 15:15:49,11999,11999,11999,2,2
2020-07-07 15:15:53,11999,11999,11999,2,2
2020-07-07 15:15:53,11999,11999,11999,4,4
2020-07-07 15:15:59,12000,12000,12000,2,2
2020-07-07 15:15:59,11999,11999,11999,2,-2
2020-07-07 15:16:01,11999,11999,11999,2,2
2020-07-07 15:16:01,11999,11999,11999,2,2
2020-07-07 15:16:01,11999,11999,11999,8,8
2020-07-07 15:16:02,11999,11999,11999,20,20
2020-07-07 15:16:02,11999,11999,11999,10,10
2020-07-07 15:16:02,11999,11999,11999,12,12
2020-07-07 15:16:02,11999,11999,11999,38,38
2020-07-07 15:16:04,11999,11999,11999,2,2
2020-07-07 15:16:04,12000,12000,12000,4,4
2020-07-07 15:16:07,12000,12000,12000,2,2
2020-07-07 15:16:12,12000,12000,12000,2,2
2020-07-07 15:16:17,12000,12000,12000,2,2
2020-07-07 15:16:18,11999,11999,11999,2,-2
2020-07-07 15:16:18,11999,11999,11999,2,2
2020-07-07 15:16:18,11999,11999,11999,2,2
2020-07-07 15:16:18,11999,11999,11999,4,4
2020-07-07 15:16:18,11999,11999,11999,2,2
2020-07-07 15:16:18,11999,11999,11999,2,2
2020-07-07 15:16:19,11999,11999,11999,2,2
2020-07-07 15:16:19,11998,11998,11998,4,-4
2020-07-07 15:16:20,12000,12000,12000,4,4
2020-07-07 15:16:24,12000,12000,12000,2,2
2020-07-07 15:16:26,12000,12000,12000,2,2
2020-07-07 15:16:28,12000,12000,12000,4,4
2020-07-07 15:16:29,12000,12000,12000,2,2
2020-07-07 15:16:31,12000,12000,12000,2,2
2020-07-07 15:16:37,12000,12000,12000,2,2
2020-07-07 15:16:43,11999,11999,11999,2,-2
2020-07-07 15:16:43,11999,11999,11999,2,2
2020-07-07 15:16:44,12000,12000,12000,6,6
2020-07-07 15:16:44,12000,12000,12000,48,48
2020-07-07 15:16:44,12000,12000,12000,8,8
2020-07-07 15:16:44,12000,12000,12000,12,12
2020-07-07 15:16:44,12000,12000,12000,12,12
2020-07-07 15:16:44,12000,12000,12000,2,2
2020-07-07 15:16:45,12000,12000,12000,2,2
2020-07-07 15:16:45,12000,12000,12000,2,2
2020-07-07 15:16:48,11999,11999,11999,2,-2
2020-07-07 15:16:50,11999,11999,11999,2,2
2020-07-07 15:16:55,11999,11999,11999,2,2
2020-07-07 15:16:55,11999,11999,11999,6,6
2020-07-07 15:16:55,11999,11999,11999,2,2
2020-07-07 15:16:55,11999,11999,11999,2,2
2020-07-07 15:16:55,11999,11999,11999,2,2
2020-07-07 15:16:57,12000,12000,12000,4,4
2020-07-07 15:16:59,12000,12000,12000,2,2
2020-07-07 15:17:02,11999,11999,11999,2,-2
2020-07-07 15:17:02,11999,11999,11999,2,2
2020-07-07 15:17:02,11999,11999,11999,2,2
2020-07-07 15:17:04,11999,11999,11999,2,2
2020-07-07 15:17:04,11999,11999,11999,2,2
2020-07-07 15:17:05,11999,11999,11999,2,2
2020-07-07 15:17:09,11999,11999,11999,2,2
2020-07-07 15:17:09,11999,11999,11999,2,2
2020-07-07 15:17:09,11999,11999,11999,2,2
2020-07-07 15:17:11,11999,11999,11999,2,2
2020-07-07 15:17:11,11999,11999,11999,2,2
2020-07-07 15:17:11,11999,11999,11999,2,2
2020-07-07 15:17:11,11999,11999,11999,2,2
2020-07-07 15:17:11,11999,11999,11999,2,2
2020-07-07 15:17:11,11999,11999,11999,4,4
2020-07-07 15:17:16,11999,11999,11999,8,8
2020-07-07 15:17:20,11999,11999,11999,2,2
2020-07-07 15:17:33,12000,12000,12000,42,42
2020-07-07 15:17:33,12000,12000,12000,44,44
2020-07-07 15:17:34,12000,12000,12000,2,2
2020-07-07 15:17:35,12000,12000,12000,2,2
2020-07-07 15:17:39,12001,12001,12001,26,26
2020-07-07 15:17:44,12001,12001,12001,2,2
2020-07-07 15:17:48,12002,12002,12002,2,2
2020-07-07 15:17:52,12001,12001,12001,2,-2
2020-07-07 15:17:52,12001,12001,12001,2,2
2020-07-07 15:17:58,12002,12002,12002,4,4
2020-07-07 15:17:58,12002,12002,12002,6,6
2020-07-07 15:17:58,12002,12002,12002,8,8
2020-07-07 15:17:58,12002,12002,12002,8,8
2020-07-07 15:17:58,12002,12002,12002,8,8
2020-07-07 15:18:00,12002,12002,12002,2,2
2020-07-07 15:18:00,12002,12002,12002,2,2
2020-07-07 15:18:00,12002,12002,12002,2,2
2020-07-07 15:18:02,12002,12002,12002,2,2
2020-07-07 15:18:03,12003,12003,12003,2,2
2020-07-07 15:18:03,12002,12002,12002,2,-2
2020-07-07 15:18:05,12003,12003,12003,2,2
2020-07-07 15:18:06,12002,12002,12002,2,-2
2020-07-07 15:18:06,12003,12003,12003,2,2
2020-07-07 15:18:09,12003,12003,12003,2,2
2020-07-07 15:18:09,12003,12003,12003,2,2
2020-07-07 15:18:09,12003,12003,12003,2,2
2020-07-07 15:18:09,12003,12003,12003,14,14
2020-07-07 15:18:09,12004,12004,12004,2,2
2020-07-07 15:18:10,12004,12004,12004,2,2
2020-07-07 15:18:10,12004,12004,12004,2,2
2020-07-07 15:18:10,12004,12004,12004,2,2
2020-07-07 15:18:10,12004,12004,12004,2,2
2020-07-07 15:18:10,12004,12004,12004,2,2
2020-07-07 15:18:11,12004,12004,12004,2,2
2020-07-07 15:18:11,12004,12004,12004,2,2
2020-07-07 15:18:11,12004,12004,12004,4,4
2020-07-07 15:18:11,12004,12004,12004,2,2
2020-07-07 15:18:11,12004,12004,12004,2,2
2020-07-07 15:18:11,12004,12004,12004,2,2
2020-07-07 15:18:12,12004,12004,12004,2,2
2020-07-07 15:18:12,12004,12004,12004,2,2
2020-07-07 15:18:12,12004,12004,12004,4,4
2020-07-07 15:18:13,12004,12004,12004,2,2
2020-07-07 15:18:13,12004,12004,12004,2,2
2020-07-07 15:18:13,12003,12003,12003,2,-2
2020-07-07 15:18:13,12004,12004,12004,2,2
2020-07-07 15:18:15,12004,12004,12004,2,2
2020-07-07 15:18:15,12004,12004,12004,2,2
2020-07-07 15:18:18,12004,12004,12004,2,2
2020-07-07 15:18:19,12004,12004,12004,2,2
2020-07-07 15:18:19,12004,12004,12004,2,2
2020-07-07 15:18:23,12004,12004,12004,2,2
2020-07-07 15:18:25,12004,12004,12004,4,4
2020-07-07 15:18:25,12004,12004,12004,8,8
2020-07-07 15:18:28,12004,12004,12004,2,2
2020-07-07 15:18:29,12005,12005,12005,2,2
2020-07-07 15:18:29,12005,12005,12005,2,2
2020-07-07 15:18:29,12005,12005,12005,2,2
2020-07-07 15:18:29,12004,12004,12004,2,-2
2020-07-07 15:18:29,12005,12005,12005,8,8
2020-07-07 15:18:29,12005,12005,12005,4,4
2020-07-07 15:18:29,12005,12005,12005,2,2
2020-07-07 15:18:30,12005,12005,12005,4,4
2020-07-07 15:18:30,12004,12004,12004,4,-4
2020-07-07 15:18:30,12004,12004,12004,2,2
2020-07-07 15:18:31,12005,12005,12005,4,4
2020-07-07 15:18:32,12005,12005,12005,16,16
2020-07-07 15:18:32,12005,12005,12005,2,2
2020-07-07 15:18:32,12005,12005,12005,2,2
2020-07-07 15:18:32,12005,12005,12005,2,2
2020-07-07 15:18:32,12005,12005,12005,2,2
2020-07-07 15:18:33,12005,12005,12005,4,4
2020-07-07 15:18:33,12005,12005,12005,24,24
2020-07-07 15:18:33,12005,12005,12005,12,12
2020-07-07 15:18:33,12005,12005,12005,20,20
2020-07-07 15:18:33,12005,12005,12005,2,2
2020-07-07 15:18:33,12005,12005,12005,30,30
2020-07-07 15:18:33,12005,12005,12005,2,2
2020-07-07 15:18:34,12006,12006,12006,4,4
2020-07-07 15:18:34,12006,12006,12006,2,2
2020-07-07 15:18:36,12006,12006,12006,2,2
2020-07-07 15:18:36,12006,12006,12006,2,2
2020-07-07 15:18:36,12006,12006,12006,2,2
2020-07-07 15:18:36,12006,12006,12006,2,2
2020-07-07 15:18:36,12006,12006,12006,2,2
2020-07-07 15:18:37,12006,12006,12006,6,6
2020-07-07 15:18:38,12007,12007,12007,4,4
2020-07-07 15:18:39,12006,12006,12006,2,-2
2020-07-07 15:18:39,12007,12007,12007,6,6
2020-07-07 15:18:39,12007,12007,12007,2,2
2020-07-07 15:18:40,12006,12006,12006,2,-2
2020-07-07 15:18:41,12006,12006,12006,2,2
2020-07-07 15:18:41,12006,12006,12006,4,4
2020-07-07 15:18:41,12006,12006,12006,2,2
2020-07-07 15:18:41,12006,12006,12006,2,2
2020-07-07 15:18:42,12006,12006,12006,2,2
2020-07-07 15:18:43,12006,12006,12006,2,2
2020-07-07 15:18:44,12006,12006,12006,2,2
2020-07-07 15:18:44,12006,12006,12006,4,4
2020-07-07 15:18:44,12006,12006,12006,2,2
2020-07-07 15:18:44,12006,12006,12006,2,2
2020-07-07 15:18:45,12007,12007,12007,8,8
2020-07-07 15:18:46,12006,12006,12006,2,-2
2020-07-07 15:18:47,12007,12007,12007,2,2
2020-07-07 15:18:48,12007,12007,12007,4,4
2020-07-07 15:18:50,12006,12006,12006,2,-2
2020-07-07 15:18:51,12007,12007,12007,2,2
2020-07-07 15:18:51,12007,12007,12007,4,4
2020-07-07 15:18:55,12007,12007,12007,2,2
2020-07-07 15:18:55,12007,12007,12007,14,14
2020-07-07 15:18:58,12007,12007,12007,2,2
2020-07-07 15:18:58,12007,12007,12007,2,2
2020-07-07 15:18:59,12007,12007,12007,8,8
2020-07-07 15:19:02,12006,12006,12006,2,-2
2020-07-07 15:19:02,12006,12006,12006,2,2
2020-07-07 15:19:02,12006,12006,12006,2,2
2020-07-07 15:19:02,12006,12006,12006,2,2
2020-07-07 15:19:02,12006,12006,12006,8,8
2020-07-07 15:19:02,12006,12006,12006,2,2
2020-07-07 15:19:02,12006,12006,12006,2,2
2020-07-07 15:19:02,12006,12006,12006,2,2
2020-07-07 15:19:05,12006,12006,12006,2,2
2020-07-07 15:19:05,12006,12006,12006,2,2
2020-07-07 15:19:05,12006,12006,12006,2,2
2020-07-07 15:19:05,12006,12006,12006,4,4
2020-07-07 15:19:08,12006,12006,12006,2,2
2020-07-07 15:19:10,12007,12007,12007,34,34
2020-07-07 15:19:12,12007,12007,12007,2,2
2020-07-07 15:19:13,12007,12007,12007,2,2
2020-07-07 15:19:19,12008,12008,12008,2,2
2020-07-07 15:19:20,12007,12007,12007,2,-2
2020-07-07 15:19:20,12007,12007,12007,8,8
2020-07-07 15:19:20,12007,12007,12007,4,4
2020-07-07 15:19:20,12007,12007,12007,4,4
2020-07-07 15:19:20,12007,12007,12007,2,2
2020-07-07 15:19:20,12007,12007,12007,2,2
2020-07-07 15:19:20,12007,12007,12007,4,4
2020-07-07 15:19:20,12007,12007,12007,2,2
2020-07-07 15:19:20,12007,12007,12007,2,2
2020-07-07 15:19:21,12007,12007,12007,2,2
2020-07-07 15:19:21,12007,12007,12007,2,2
2020-07-07 15:19:23,12007,12007,12007,2,2
2020-07-07 15:19:26,12007,12007,12007,6,6
2020-07-07 15:19:27,12007,12007,12007,2,2
2020-07-07 15:19:29,12007,12007,12007,2,2
2020-07-07 15:19:32,12007,12007,12007,4,4
2020-07-07 15:19:33,12007,12007,12007,2,2
2020-07-07 15:19:33,12006,12006,12006,2,-2
2020-07-07 15:19:33,12006,12006,12006,2,2
2020-07-07 15:19:33,12006,12006,12006,2,2
2020-07-07 15:19:33,12006,12006,12006,2,2
2020-07-07 15:19:33,12006,12006,12006,4,4
2020-07-07 15:19:33,12006,12006,12006,2,2
2020-07-07 15:19:33,12006,12006,12006,2,2
2020-07-07 15:19:33,12006,12006,12006,2,2
2020-07-07 15:19:33,12006,12006,12006,2,2
2020-07-07 15:19:34,12006,12006,12006,2,2
2020-07-07 15:19:35,12006,12006,12006,12,12
2020-07-07 15:19:38,12007,12007,12007,4,4
2020-07-07 15:19:39,12006,12006,12006,2,-2
2020-07-07 15:19:43,12007,12007,12007,2,2
2020-07-07 15:19:44,12006,12006,12006,4,-4
2020-07-07 15:19:46,12006,12006,12006,2,2
2020-07-07 15:19:46,12006,12006,12006,2,2
2020-07-07 15:19:46,12006,12006,12006,2,2
2020-07-07 15:19:49,12006,12006,12006,4,4
2020-07-07 15:19:50,12005,12005,12005,2,-2
2020-07-07 15:19:53,12006,12006,12006,2,2
2020-07-07 15:19:54,12006,12006,12006,2,2
2020-07-07 15:20:02,12006,12006,12006,2,2
2020-07-07 15:20:08,12006,12006,12006,2,2
2020-07-07 15:20:12,12006,12006,12006,2,2
2020-07-07 15:20:13,12006,12006,12006,2,2
2020-07-07 15:20:18,12006,12006,12006,2,2
2020-07-07 15:20:21,12007,12007,12007,2,2
2020-07-07 15:20:23,12006,12006,12006,2,-2
2020-07-07 15:20:24,12007,12007,12007,2,2
2020-07-07 15:20:27,12006,12006,12006,2,-2
2020-07-07 15:20:27,12006,12006,12006,2,2
2020-07-07 15:20:27,12006,12006,12006,2,2
2020-07-07 15:20:28,12006,12006,12006,2,2
2020-07-07 15:20:31,12006,12006,12006,2,2
2020-07-07 15:20:32,12006,12006,12006,2,2
2020-07-07 15:20:36,12005,12005,12005,6,-6
2020-07-07 15:20:36,12005,12005,12005,2,2
2020-07-07 15:20:36,12005,12005,12005,2,2
2020-07-07 15:20:36,12005,12005,12005,2,2
2020-07-07 15:20:36,12005,12005,12005,2,2
2020-07-07 15:20:36,12005,12005,12005,2,2
2020-07-07 15:20:36,12005,12005,12005,4,4
2020-07-07 15:20:36,12005,12005,12005,4,4
2020-07-07 15:20:36,12005,12005,12005,2,2
2020-07-07 15:20:36,12005,12005,12005,8,8
2020-07-07 15:20:36,12005,12005,12005,2,2
2020-07-07 15:20:36,12005,12005,12005,2,2
2020-07-07 15:20:36,12005,12005,12005,2,2
2020-07-07 15:20:37,12004,12004,12004,2,-2
2020-07-07 15:20:37,12004,12004,12004,4,4
2020-07-07 15:20:45,12006,12006,12006,2,2
2020-07-07 15:20:48,12005,12005,12005,2,-2
2020-07-07 15:20:48,12005,12005,12005,2,2
2020-07-07 15:20:51,12006,12006,12006,2,2
2020-07-07 15:20:56,12005,12005,12005,2,-2
2020-07-07 15:20:58,12005,12005,12005,2,2
2020-07-07 15:20:59,12005,12005,12005,2,2
2020-07-07 15:20:59,12005,12005,12005,2,2
2020-07-07 15:21:04,12004,12004,12004,6,-6
2020-07-07 15:21:05,12004,12004,12004,2,2
2020-07-07 15:21:11,12005,12005,12005,4,4
2020-07-07 15:21:11,12005,12005,12005,2,2
2020-07-07 15:21:11,12006,12006,12006,8,8
2020-07-07 15:21:11,12004,12004,12004,4,-4
2020-07-07 15:21:12,12005,12005,12005,2,2
2020-07-07 15:21:16,12005,12005,12005,2,2
2020-07-07 15:21:19,12004,12004,12004,2,-2
2020-07-07 15:21:22,12004,12004,12004,2,2
2020-07-07 15:21:23,12004,12004,12004,2,2
2020-07-07 15:21:23,12004,12004,12004,2,2
2020-07-07 15:21:23,12004,12004,12004,2,2
2020-07-07 15:21:23,12004,12004,12004,2,2
2020-07-07 15:21:23,12004,12004,12004,2,2
2020-07-07 15:21:23,12004,12004,12004,2,2
2020-07-07 15:21:23,12004,12004,12004,2,2
2020-07-07 15:21:23,12004,12004,12004,2,2
2020-07-07 15:21:23,12004,12004,12004,2,2
2020-07-07 15:21:23,12004,12004,12004,2,2
2020-07-07 15:21:23,12004,12004,12004,2,2
2020-07-07 15:21:23,12004,12004,12004,4,4
2020-07-07 15:21:24,12003,12003,12003,2,-2
2020-07-07 15:21:25,12004,12004,12004,4,4
2020-07-07 15:21:29,12004,12004,12004,2,2
2020-07-07 15:21:29,12004,12004,12004,2,2
2020-07-07 15:21:32,12004,12004,12004,2,2
2020-07-07 15:21:33,12004,12004,12004,2,2
2020-07-07 15:21:33,12004,12004,12004,2,2
2020-07-07 15:21:38,12005,12005,12005,2,2
2020-07-07 15:21:44,12004,12004,12004,4,-4
2020-07-07 15:21:45,12004,12004,12004,2,2
2020-07-07 15:21:45,12004,12004,12004,4,4
2020-07-07 15:21:52,12004,12004,12004,2,2
2020-07-07 15:21:53,12004,12004,12004,2,2
2020-07-07 15:21:53,12004,12004,12004,2,2
2020-07-07 15:21:55,12004,12004,12004,2,2
2020-07-07 15:21:56,12003,12003,12003,2,-2
2020-07-07 15:22:01,12003,12003,12003,2,2
2020-07-07 15:22:01,12003,12003,12003,2,2
2020-07-07 15:22:01,12003,12003,12003,2,2
2020-07-07 15:22:01,12003,12003,12003,2,2
2020-07-07 15:22:01,12003,12003,12003,2,2
2020-07-07 15:22:01,12003,12003,12003,2,2
2020-07-07 15:22:01,12003,12003,12003,2,2
2020-07-07 15:22:02,12004,12004,12004,2,2
2020-07-07 15:22:04,12004,12004,12004,2,2
2020-07-07 15:22:07,12003,12003,12003,2,-2
2020-07-07 15:22:07,12003,12003,12003,2,2
2020-07-07 15:22:10,12002,12002,12002,2,-2
2020-07-07 15:22:10,12002,12002,12002,4,4
2020-07-07 15:22:10,12002,12002,12002,2,2
2020-07-07 15:22:10,12002,12002,12002,2,2
2020-07-07 15:22:10,12002,12002,12002,2,2
2020-07-07 15:22:10,12002,12002,12002,2,2
2020-07-07 15:22:10,12002,12002,12002,2,2
2020-07-07 15:22:10,12001,12001,12001,8,-8
2020-07-07 15:22:10,12001,12001,12001,4,4
2020-07-07 15:22:10,12001,12001,12001,2,2
2020-07-07 15:22:10,12001,12001,12001,2,2
2020-07-07 15:22:10,12001,12001,12001,2,2
2020-07-07 15:22:10,12001,12001,12001,2,2
2020-07-07 15:22:10,12001,12001,12001,6,6
2020-07-07 15:22:10,12001,12001,12001,2,2
2020-07-07 15:22:10,12001,12001,12001,2,2
2020-07-07 15:22:10,12001,12001,12001,2,2
2020-07-07 15:22:10,12001,12001,12001,2,2
2020-07-07 15:22:10,12001,12001,12001,2,2
2020-07-07 15:22:10,12001,12001,12001,2,2
2020-07-07 15:22:10,12001,12001,12001,2,2
2020-07-07 15:22:10,12001,12001,12001,2,2
2020-07-07 15:22:10,12001,12001,12001,2,2
2020-07-07 15:22:10,12001,12001,12001,2,2
2020-07-07 15:22:10,12001,12001,12001,2,2
2020-07-07 15:22:10,12001,12001,12001,10,10
2020-07-07 15:22:10,12001,12001,12001,10,10
2020-07-07 15:22:10,12001,12001,12001,4,4
2020-07-07 15:22:10,12000,12000,12000,2,-2
2020-07-07 15:22:10,12000,12000,12000,4,4
2020-07-07 15:22:10,12000,12000,12000,2,2
2020-07-07 15:22:10,12000,12000,12000,2,2
2020-07-07 15:22:10,12000,12000,12000,2,2
2020-07-07 15:22:10,12000,12000,12000,4,4
2020-07-07 15:22:10,12000,12000,12000,2,2
2020-07-07 15:22:10,12000,12000,12000,4,4
2020-07-07 15:22:10,12000,12000,12000,4,4
2020-07-07 15:22:10,12000,12000,12000,2,2
2020-07-07 15:22:10,12000,12000,12000,2,2
2020-07-07 15:22:10,12000,12000,12000,2,2
2020-07-07 15:22:10,12000,12000,12000,2,2
2020-07-07 15:22:10,12000,12000,12000,2,2
2020-07-07 15:22:10,12000,12000,12000,2,2
2020-07-07 15:22:10,12000,12000,12000,8,8
2020-07-07 15:22:10,12000,12000,12000,2,2
2020-07-07 15:22:10,12000,12000,12000,2,2
2020-07-07 15:22:10,12000,12000,12000,10,10
2020-07-07 15:22:10,12000,12000,12000,2,2
2020-07-07 15:22:10,12000,12000,12000,2,2
2020-07-07 15:22:10,12000,12000,12000,2,2
2020-07-07 15:22:10,12000,12000,12000,2,2
2020-07-07 15:22:10,12000,12000,12000,2,2
2020-07-07 15:22:10,12000,12000,12000,10,10
2020-07-07 15:22:10,12000,12000,12000,10,10
2020-07-07 15:22:10,12000,12000,12000,10,10
2020-07-07 15:22:10,12000,12000,12000,10,10
2020-07-07 15:22:10,12000,12000,12000,2,2
2020-07-07 15:22:10,12000,12000,12000,2,2
2020-07-07 15:22:10,12000,12000,12000,2,2
2020-07-07 15:22:10,12000,12000,12000,2,2
2020-07-07 15:22:10,12000,12000,12000,2,2
2020-07-07 15:22:10,12000,12000,12000,2,2
2020-07-07 15:22:10,12000,12000,12000,4,4
2020-07-07 15:22:10,12000,12000,12000,2,2
2020-07-07 15:22:10,12000,12000,12000,2,2
2020-07-07 15:22:10,12000,12000,12000,2,2
2020-07-07 15:22:10,11999,11999,11999,4,-4
2020-07-07 15:22:10,11999,11999,11999,2,2
2020-07-07 15:22:10,11999,11999,11999,2,2
2020-07-07 15:22:10,11999,11999,11999,2,2
2020-07-07 15:22:10,11999,11999,11999,2,2
2020-07-07 15:22:10,11999,11999,11999,8,8
2020-07-07 15:22:10,11999,11999,11999,2,2
2020-07-07 15:22:10,11999,11999,11999,2,2
2020-07-07 15:22:10,11999,11999,11999,2,2
2020-07-07 15:22:10,11999,11999,11999,4,4
2020-07-07 15:22:10,11999,11999,11999,4,4
2020-07-07 15:22:10,11999,11999,11999,2,2
2020-07-07 15:22:11,11999,11999,11999,2,2
2020-07-07 15:22:11,11999,11999,11999,6,6
2020-07-07 15:22:14,12000,12000,12000,2,2
2020-07-07 15:22:14,12001,12001,12001,16,16
2020-07-07 15:22:14,12001,12001,12001,4,4
2020-07-07 15:22:15,12002,12002,12002,2,2
2020-07-07 15:22:16,12002,12002,12002,2,2
2020-07-07 15:22:16,12002,12002,12002,2,2
2020-07-07 15:22:25,12001,12001,12001,2,-2
2020-07-07 15:22:25,12001,12001,12001,10,10
2020-07-07 15:22:25,12001,12001,12001,2,2
2020-07-07 15:22:26,12000,12000,12000,2,-2
2020-07-07 15:22:27,12000,12000,12000,2,2
2020-07-07 15:22:29,11999,11999,11999,2,-2
2020-07-07 15:22:29,11998,11998,11998,2,-2
2020-07-07 15:22:32,11998,11998,11998,2,2
2020-07-07 15:22:32,11998,11998,11998,2,2
2020-07-07 15:22:37,11998,11998,11998,2,2
2020-07-07 15:22:37,11998,11998,11998,2,2
2020-07-07 15:22:37,11998,11998,11998,2,2
2020-07-07 15:22:37,11998,11998,11998,2,2
2020-07-07 15:22:37,11998,11998,11998,2,2
2020-07-07 15:22:37,11998,11998,11998,2,2
2020-07-07 15:22:38,11997,11997,11997,2,-2
2020-07-07 15:22:38,11997,11997,11997,2,2
2020-07-07 15:22:38,11997,11997,11997,2,2
2020-07-07 15:22:38,11997,11997,11997,2,2
2020-07-07 15:22:38,11997,11997,11997,2,2
2020-07-07 15:22:38,11997,11997,11997,2,2
2020-07-07 15:22:38,11997,11997,11997,2,2
2020-07-07 15:22:38,11998,11998,11998,6,6
2020-07-07 15:22:39,11997,11997,11997,2,-2
2020-07-07 15:22:40,11997,11997,11997,2,2
2020-07-07 15:22:41,11996,11996,11996,2,-2
2020-07-07 15:22:41,11996,11996,11996,2,2
2020-07-07 15:22:41,11996,11996,11996,2,2
2020-07-07 15:22:41,11996,11996,11996,2,2
2020-07-07 15:22:42,11996,11996,11996,2,2
2020-07-07 15:22:42,11997,11997,11997,6,6
2020-07-07 15:22:42,11998,11998,11998,14,14
2020-07-07 15:22:44,11996,11996,11996,2,-2
2020-07-07 15:22:45,11997,11997,11997,2,2
2020-07-07 15:22:46,11996,11996,11996,2,-2
2020-07-07 15:22:46,11996,11996,11996,2,2
2020-07-07 15:22:46,11996,11996,11996,2,2
2020-07-07 15:22:46,11995,11995,11995,4,-4
2020-07-07 15:22:46,11995,11995,11995,2,2
2020-07-07 15:22:46,11995,11995,11995,2,2
2020-07-07 15:22:46,11995,11995,11995,4,4
2020-07-07 15:22:46,11995,11995,11995,10,10
2020-07-07 15:22:46,11995,11995,11995,12,12
2020-07-07 15:22:46,11995,11995,11995,2,2
2020-07-07 15:22:46,11995,11995,11995,2,2
2020-07-07 15:22:46,11995,11995,11995,2,2
2020-07-07 15:22:46,11995,11995,11995,14,14
2020-07-07 15:22:47,11994,11994,11994,2,-2
2020-07-07 15:22:47,11994,11994,11994,4,4
2020-07-07 15:22:47,11994,11994,11994,4,4
2020-07-07 15:22:47,11994,11994,11994,2,2
2020-07-07 15:22:49,11994,11994,11994,2,2
2020-07-07 15:22:49,11994,11994,11994,2,2
2020-07-07 15:22:50,11995,11995,11995,2,2
2020-07-07 15:22:50,11995,11995,11995,2,2
2020-07-07 15:22:51,11995,11995,11995,6,6
2020-07-07 15:22:51,11994,11994,11994,2,-2
2020-07-07 15:22:52,11994,11994,11994,2,2
2020-07-07 15:22:52,11994,11994,11994,2,2
2020-07-07 15:22:52,11994,11994,11994,2,2
2020-07-07 15:22:52,11994,11994,11994,2,2
2020-07-07 15:22:52,11993,11993,11993,6,-6
2020-07-07 15:22:52,11993,11993,11993,2,2
2020-07-07 15:22:52,11993,11993,11993,2,2
2020-07-07 15:22:52,11993,11993,11993,2,2
2020-07-07 15:22:52,11993,11993,11993,4,4
2020-07-07 15:22:52,11993,11993,11993,4,4
2020-07-07 15:22:52,11993,11993,11993,2,2
2020-07-07 15:22:52,11993,11993,11993,2,2
2020-07-07 15:22:52,11993,11993,11993,2,2
2020-07-07 15:22:52,11993,11993,11993,2,2
2020-07-07 15:22:52,11993,11993,11993,2,2
2020-07-07 15:22:52,11993,11993,11993,6,6
2020-07-07 15:22:52,11993,11993,11993,2,2
2020-07-07 15:22:53,11993,11993,11993,2,2
2020-07-07 15:22:53,11993,11993,11993,2,2
2020-07-07 15:22:53,11992,11992,11992,2,-2
2020-07-07 15:22:53,11992,11992,11992,2,2
2020-07-07 15:22:53,11992,11992,11992,2,2
2020-07-07 15:22:53,11992,11992,11992,2,2
2020-07-07 15:22:53,11992,11992,11992,2,2
2020-07-07 15:22:53,11992,11992,11992,2,2
2020-07-07 15:22:53,11992,11992,11992,2,2
2020-07-07 15:22:53,11992,11992,11992,2,2
2020-07-07 15:22:53,11992,11992,11992,2,2
2020-07-07 15:22:53,11992,11992,11992,2,2
2020-07-07 15:22:53,11992,11992,11992,2,2
2020-07-07 15:22:53,11992,11992,11992,2,2
2020-07-07 15:22:53,11992,11992,11992,2,2
2020-07-07 15:22:53,11992,11992,11992,2,2
2020-07-07 15:22:53,11991,11991,11991,2,-2
2020-07-07 15:22:53,11992,11992,11992,4,4
2020-07-07 15:22:53,11991,11991,11991,2,-2
2020-07-07 15:22:53,11991,11991,11991,4,4
2020-07-07 15:22:53,11991,11991,11991,4,4
2020-07-07 15:22:53,11991,11991,11991,2,2
2020-07-07 15:22:53,11991,11991,11991,2,2
2020-07-07 15:22:53,11991,11991,11991,2,2
2020-07-07 15:22:53,11991,11991,11991,4,4
2020-07-07 15:22:53,11991,11991,11991,2,2
2020-07-07 15:22:53,11991,11991,11991,2,2
2020-07-07 15:22:53,11991,11991,11991,2,2
2020-07-07 15:22:53,11991,11991,11991,8,8
2020-07-07 15:22:53,11991,11991,11991,2,2
2020-07-07 15:22:53,11990,11990,11990,2,-2
2020-07-07 15:22:53,11990,11990,11990,18,18
2020-07-07 15:22:53,11990,11990,11990,14,14
2020-07-07 15:22:53,11991,11991,11991,2,2
2020-07-07 15:22:53,11991,11991,11991,2,2
2020-07-07 15:22:53,11992,11992,11992,4,4
2020-07-07 15:22:53,11991,11991,11991,2,-2
2020-07-07 15:22:53,11991,11991,11991,6,6
2020-07-07 15:22:53,11990,11990,11990,4,-4
2020-07-07 15:22:53,11990,11990,11990,2,2
2020-07-07 15:22:53,11990,11990,11990,6,6
2020-07-07 15:22:53,11990,11990,11990,10,10
2020-07-07 15:22:53,11990,11990,11990,2,2
2020-07-07 15:22:53,11990,11990,11990,4,4
2020-07-07 15:22:53,11990,11990,11990,2,2
2020-07-07 15:22:53,11990,11990,11990,2,2
2020-07-07 15:22:53,11990,11990,11990,2,2
2020-07-07 15:22:53,11990,11990,11990,2,2
2020-07-07 15:22:53,11990,11990,11990,2,2
2020-07-07 15:22:53,11990,11990,11990,2,2
2020-07-07 15:22:53,11990,11990,11990,2,2
2020-07-07 15:22:53,11990,11990,11990,2,2
2020-07-07 15:22:53,11990,11990,11990,2,2
2020-07-07 15:22:53,11990,11990,11990,2,2
2020-07-07 15:22:53,11990,11990,11990,4,4
2020-07-07 15:22:53,11990,11990,11990,2,2
2020-07-07 15:22:53,11990,11990,11990,12,12
2020-07-07 15:22:53,11990,11990,11990,2,2
2020-07-07 15:22:53,11990,11990,11990,2,2
2020-07-07 15:22:53,11990,11990,11990,2,2
2020-07-07 15:22:53,11990,11990,11990,2,2
2020-07-07 15:22:53,11990,11990,11990,8,8
2020-07-07 15:22:53,11989,11989,11989,2,-2
2020-07-07 15:22:53,11989,11989,11989,4,4
2020-07-07 15:22:53,11989,11989,11989,2,2
2020-07-07 15:22:53,11989,11989,11989,2,2
2020-07-07 15:22:53,11989,11989,11989,2,2
2020-07-07 15:22:53,11989,11989,11989,2,2
2020-07-07 15:22:54,11989,11989,11989,2,2
2020-07-07 15:22:54,11989,11989,11989,2,2
2020-07-07 15:22:54,11989,11989,11989,2,2
2020-07-07 15:22:54,11989,11989,11989,2,2
2020-07-07 15:22:54,11989,11989,11989,4,4
2020-07-07 15:22:54,11989,11989,11989,2,2
2020-07-07 15:22:54,11989,11989,11989,2,2
2020-07-07 15:22:54,11988,11988,11988,4,-4
2020-07-07 15:22:54,11989,11989,11989,4,4
2020-07-07 15:22:54,11988,11988,11988,2,-2
2020-07-07 15:22:54,11988,11988,11988,2,2
2020-07-07 15:22:54,11988,11988,11988,4,4
2020-07-07 15:22:54,11988,11988,11988,2,2
2020-07-07 15:22:54,11988,11988,11988,4,4
2020-07-07 15:22:54,11988,11988,11988,2,2
2020-07-07 15:22:54,11988,11988,11988,2,2
2020-07-07 15:22:54,11988,11988,11988,4,4
2020-07-07 15:22:54,11988,11988,11988,8,8
2020-07-07 15:22:54,11988,11988,11988,4,4
2020-07-07 15:22:54,11988,11988,11988,2,2
2020-07-07 15:22:54,11988,11988,11988,2,2
2020-07-07 15:22:54,11988,11988,11988,2,2
2020-07-07 15:22:54,11988,11988,11988,2,2
2020-07-07 15:22:54,11988,11988,11988,2,2
2020-07-07 15:22:54,11988,11988,11988,2,2
2020-07-07 15:22:54,11988,11988,11988,2,2
2020-07-07 15:22:54,11988,11988,11988,10,10
2020-07-07 15:22:54,11988,11988,11988,2,2
2020-07-07 15:22:54,11988,11988,11988,2,2
2020-07-07 15:22:54,11988,11988,11988,2,2
2020-07-07 15:22:54,11987,11987,11987,2,-2
2020-07-07 15:22:54,11987,11987,11987,20,20
2020-07-07 15:22:54,11987,11987,11987,10,10
2020-07-07 15:22:54,11987,11987,11987,4,4
2020-07-07 15:22:54,11987,11987,11987,10,10
2020-07-07 15:22:54,11987,11987,11987,6,6
2020-07-07 15:22:54,11987,11987,11987,4,4
2020-07-07 15:22:54,11987,11987,11987,2,2
2020-07-07 15:22:54,11987,11987,11987,2,2
2020-07-07 15:22:54,11987,11987,11987,8,8
2020-07-07 15:22:54,11987,11987,11987,4,4
2020-07-07 15:22:54,11987,11987,11987,2,2
2020-07-07 15:22:54,11987,11987,11987,2,2
2020-07-07 15:22:54,11987,11987,11987,4,4
2020-07-07 15:22:54,11987,11987,11987,6,6
2020-07-07 15:22:54,11987,11987,11987,2,2
2020-07-07 15:22:54,11986,11986,11986,2,-2
2020-07-07 15:22:54,11986,11986,11986,2,2
2020-07-07 15:22:54,11986,11986,11986,4,4
2020-07-07 15:22:54,11986,11986,11986,2,2
2020-07-07 15:22:54,11985,11985,11985,2,-2
2020-07-07 15:22:54,11985,11985,11985,2,2
2020-07-07 15:22:54,11985,11985,11985,2,2
2020-07-07 15:22:54,11985,11985,11985,2,2
2020-07-07 15:22:54,11985,11985,11985,4,4
2020-07-07 15:22:54,11985,11985,11985,4,4
2020-07-07 15:22:54,11985,11985,11985,2,2
2020-07-07 15:22:54,11985,11985,11985,2,2
2020-07-07 15:22:54,11985,11985,11985,2,2
2020-07-07 15:22:54,11985,11985,11985,2,2
2020-07-07 15:22:54,11985,11985,11985,2,2
2020-07-07 15:22:54,11985,11985,11985,2,2
2020-07-07 15:22:54,11985,11985,11985,2,2
2020-07-07 15:22:54,11985,11985,11985,4,4
2020-07-07 15:22:54,11985,11985,11985,4,4
2020-07-07 15:22:54,11985,11985,11985,2,2
2020-07-07 15:22:54,11985,11985,11985,2,2
2020-07-07 15:22:54,11985,11985,11985,4,4
2020-07-07 15:22:54,11987,11987,11987,2,2
2020-07-07 15:22:54,11985,11985,11985,2,-2
2020-07-07 15:22:54,11985,11985,11985,2,2
2020-07-07 15:22:54,11985,11985,11985,2,2
2020-07-07 15:22:54,11985,11985,11985,4,4
2020-07-07 15:22:54,11985,11985,11985,2,2
2020-07-07 15:22:54,11985,11985,11985,2,2
2020-07-07 15:22:54,11984,11984,11984,2,-2
2020-07-07 15:22:54,11984,11984,11984,4,4
2020-07-07 15:22:54,11984,11984,11984,2,2
2020-07-07 15:22:54,11984,11984,11984,2,2
2020-07-07 15:22:54,11984,11984,11984,2,2
2020-07-07 15:22:54,11984,11984,11984,4,4
2020-07-07 15:22:54,11984,11984,11984,2,2
2020-07-07 15:22:54,11984,11984,11984,2,2
2020-07-07 15:22:54,11984,11984,11984,4,4
2020-07-07 15:22:54,11984,11984,11984,4,4
2020-07-07 15:22:54,11983,11983,11983,2,-2
2020-07-07 15:22:54,11983,11983,11983,2,2
2020-07-07 15:22:54,11983,11983,11983,2,2
2020-07-07 15:22:54,11983,11983,11983,2,2
2020-07-07 15:22:54,11983,11983,11983,2,2
2020-07-07 15:22:54,11983,11983,11983,4,4
2020-07-07 15:22:54,11983,11983,11983,6,6
2020-07-07 15:22:54,11983,11983,11983,2,2
2020-07-07 15:22:54,11982,11982,11982,4,-4
2020-07-07 15:22:54,11982,11982,11982,2,2
2020-07-07 15:22:54,11982,11982,11982,2,2
2020-07-07 15:22:54,11982,11982,11982,4,4
2020-07-07 15:22:54,11982,11982,11982,2,2
2020-07-07 15:22:54,11982,11982,11982,4,4
2020-07-07 15:22:54,11982,11982,11982,4,4
2020-07-07 15:22:54,11982,11982,11982,2,2
2020-07-07 15:22:54,11982,11982,11982,2,2
2020-07-07 15:22:54,11982,11982,11982,2,2
2020-07-07 15:22:54,11981,11981,11981,2,-2
2020-07-07 15:22:54,11981,11981,11981,2,2
2020-07-07 15:22:54,11981,11981,11981,6,6
2020-07-07 15:22:54,11982,11982,11982,2,2
2020-07-07 15:22:54,11982,11982,11982,4,4
2020-07-07 15:22:54,11982,11982,11982,4,4
2020-07-07 15:22:54,11981,11981,11981,4,-4
2020-07-07 15:22:54,11981,11981,11981,2,2
2020-07-07 15:22:54,11981,11981,11981,2,2
2020-07-07 15:22:54,11981,11981,11981,2,2
2020-07-07 15:22:54,11981,11981,11981,2,2
2020-07-07 15:22:54,11981,11981,11981,2,2
2020-07-07 15:22:54,11981,11981,11981,4,4
2020-07-07 15:22:54,11981,11981,11981,4,4
2020-07-07 15:22:54,11983,11983,11983,2,2
2020-07-07 15:22:54,11981,11981,11981,2,-2
2020-07-07 15:22:54,11981,11981,11981,2,2
2020-07-07 15:22:54,11981,11981,11981,2,2
2020-07-07 15:22:54,11982,11982,11982,6,6
2020-07-07 15:22:54,11982,11982,11982,2,2
2020-07-07 15:22:54,11982,11982,11982,2,2
2020-07-07 15:22:54,11982,11982,11982,4,4
2020-07-07 15:22:54,11981,11981,11981,2,-2
2020-07-07 15:22:54,11981,11981,11981,4,4
2020-07-07 15:22:54,11981,11981,11981,2,2
2020-07-07 15:22:54,11982,11982,11982,2,2
2020-07-07 15:22:54,11981,11981,11981,2,-2
2020-07-07 15:22:54,11981,11981,11981,2,2
2020-07-07 15:22:54,11981,11981,11981,2,2
2020-07-07 15:22:54,11982,11982,11982,6,6
2020-07-07 15:22:54,11981,11981,11981,2,-2
2020-07-07 15:22:54,11981,11981,11981,2,2
2020-07-07 15:22:54,11981,11981,11981,2,2
2020-07-07 15:22:54,11981,11981,11981,4,4
2020-07-07 15:22:54,11981,11981,11981,2,2
2020-07-07 15:22:54,11982,11982,11982,2,2
2020-07-07 15:22:54,11982,11982,11982,4,4
2020-07-07 15:22:54,11982,11982,11982,2,2
2020-07-07 15:22:54,11981,11981,11981,2,-2
2020-07-07 15:22:54,11981,11981,11981,2,2
2020-07-07 15:22:54,11981,11981,11981,2,2
2020-07-07 15:22:54,11981,11981,11981,2,2
2020-07-07 15:22:54,11981,11981,11981,2,2
2020-07-07 15:22:54,11981,11981,11981,2,2
2020-07-07 15:22:54,11981,11981,11981,2,2
2020-07-07 15:22:54,11981,11981,11981,2,2
2020-07-07 15:22:54,11981,11981,11981,4,4
2020-07-07 15:22:54,11981,11981,11981,2,2
2020-07-07 15:22:54,11981,11981,11981,2,2
2020-07-07 15:22:54,11981,11981,11981,2,2
2020-07-07 15:22:54,11981,11981,11981,2,2
2020-07-07 15:22:54,11981,11981,11981,20,20
2020-07-07 15:22:54,11981,11981,11981,2,2
2020-07-07 15:22:54,11981,11981,11981,2,2
2020-07-07 15:22:54,11982,11982,11982,4,4
2020-07-07 15:22:54,11981,11981,11981,2,-2
2020-07-07 15:22:54,11981,11981,11981,4,4
2020-07-07 15:22:54,11981,11981,11981,2,2
2020-07-07 15:22:54,11981,11981,11981,2,2
2020-07-07 15:22:54,11981,11981,11981,2,2
2020-07-07 15:22:54,11981,11981,11981,2,2
2020-07-07 15:22:54,11981,11981,11981,2,2
2020-07-07 15:22:54,11981,11981,11981,2,2
2020-07-07 15:22:54,11981,11981,11981,2,2
2020-07-07 15:22:54,11981,11981,11981,2,2
2020-07-07 15:22:54,11980,11980,11980,2,-2
2020-07-07 15:22:54,11980,11980,11980,2,2
2020-07-07 15:22:54,11980,11980,11980,2,2
2020-07-07 15:22:54,11980,11980,11980,2,2
2020-07-07 15:22:54,11980,11980,11980,2,2
2020-07-07 15:22:54,11980,11980,11980,2,2
2020-07-07 15:22:54,11980,11980,11980,4,4
2020-07-07 15:22:54,11981,11981,11981,2,2
2020-07-07 15:22:54,11982,11982,11982,4,4
2020-07-07 15:22:54,11983,11983,11983,10,10
2020-07-07 15:22:54,11984,11984,11984,4,4
2020-07-07 15:22:54,11981,11981,11981,2,-2
2020-07-07 15:22:54,11981,11981,11981,2,2
2020-07-07 15:22:54,11981,11981,11981,4,4
2020-07-07 15:22:54,11980,11980,11980,2,-2
2020-07-07 15:22:54,11980,11980,11980,4,4
2020-07-07 15:22:54,11982,11982,11982,4,4
2020-07-07 15:22:54,11980,11980,11980,2,-2
2020-07-07 15:22:54,11982,11982,11982,8,8
2020-07-07 15:22:54,11983,11983,11983,2,2
2020-07-07 15:22:54,11980,11980,11980,2,-2
2020-07-07 15:22:54,11980,11980,11980,2,2
2020-07-07 15:22:54,11984,11984,11984,4,4
2020-07-07 15:22:54,11980,11980,11980,2,-2
2020-07-07 15:22:54,11980,11980,11980,2,2
2020-07-07 15:22:54,11980,11980,11980,4,4
2020-07-07 15:22:54,11980,11980,11980,2,2
2020-07-07 15:22:54,11980,11980,11980,2,2
2020-07-07 15:22:54,11980,11980,11980,2,2
2020-07-07 15:22:54,11980,11980,11980,2,2
2020-07-07 15:22:54,11981,11981,11981,2,2
2020-07-07 15:22:54,11981,11981,11981,2,2
2020-07-07 15:22:54,11981,11981,11981,2,2
2020-07-07 15:22:54,11981,11981,11981,2,2
2020-07-07 15:22:54,11981,11981,11981,2,2
2020-07-07 15:22:54,11980,11980,11980,2,-2
2020-07-07 15:22:55,11980,11980,11980,2,2
2020-07-07 15:22:55,11980,11980,11980,2,2
2020-07-07 15:22:55,11980,11980,11980,10,10
2020-07-07 15:22:55,11980,11980,11980,4,4
2020-07-07 15:22:55,11980,11980,11980,2,2
2020-07-07 15:22:55,11982,11982,11982,4,4
2020-07-07 15:22:55,11980,11980,11980,2,-2
2020-07-07 15:22:55,11980,11980,11980,2,2
2020-07-07 15:22:55,11980,11980,11980,2,2
2020-07-07 15:22:55,11980,11980,11980,2,2
2020-07-07 15:22:55,11980,11980,11980,2,2
2020-07-07 15:22:55,11980,11980,11980,2,2
2020-07-07 15:22:55,11980,11980,11980,2,2
2020-07-07 15:22:55,11980,11980,11980,2,2
2020-07-07 15:22:55,11980,11980,11980,2,2
2020-07-07 15:22:55,11980,11980,11980,2,2
2020-07-07 15:22:55,11980,11980,11980,2,2
2020-07-07 15:22:55,11980,11980,11980,20,20
2020-07-07 15:22:55,11980,11980,11980,2,2
2020-07-07 15:22:55,11979,11979,11979,2,-2
2020-07-07 15:22:55,11979,11979,11979,2,2
2020-07-07 15:22:55,11979,11979,11979,2,2
2020-07-07 15:22:55,11979,11979,11979,2,2
2020-07-07 15:22:55,11979,11979,11979,4,4
2020-07-07 15:22:55,11978,11978,11978,4,-4
2020-07-07 15:22:55,11978,11978,11978,4,4
2020-07-07 15:22:55,11978,11978,11978,2,2
2020-07-07 15:22:55,11978,11978,11978,2,2
2020-07-07 15:22:55,11978,11978,11978,4,4
2020-07-07 15:22:55,11978,11978,11978,2,2
2020-07-07 15:22:55,11978,11978,11978,2,2
2020-07-07 15:22:55,11978,11978,11978,2,2
2020-07-07 15:22:55,11978,11978,11978,4,4
2020-07-07 15:22:55,11981,11981,11981,10,10
2020-07-07 15:22:55,11981,11981,11981,2,2
2020-07-07 15:22:55,11981,11981,11981,2,2
2020-07-07 15:22:55,11981,11981,11981,4,4
2020-07-07 15:22:55,11981,11981,11981,2,2
2020-07-07 15:22:55,11979,11979,11979,4,-4
2020-07-07 15:22:55,11978,11978,11978,2,-2
2020-07-07 15:22:55,11979,11979,11979,2,2
2020-07-07 15:22:55,11979,11979,11979,4,4
2020-07-07 15:22:55,11979,11979,11979,8,8
2020-07-07 15:22:55,11978,11978,11978,2,-2
2020-07-07 15:22:55,11978,11978,11978,6,6
2020-07-07 15:22:55,11979,11979,11979,4,4
2020-07-07 15:22:55,11979,11979,11979,4,4
2020-07-07 15:22:55,11978,11978,11978,2,-2
2020-07-07 15:22:55,11978,11978,11978,2,2
2020-07-07 15:22:55,11978,11978,11978,4,4
2020-07-07 15:22:55,11978,11978,11978,8,8
2020-07-07 15:22:55,11977,11977,11977,2,-2
2020-07-07 15:22:55,11979,11979,11979,4,4
2020-07-07 15:22:55,11980,11980,11980,6,6
2020-07-07 15:22:55,11980,11980,11980,4,4
2020-07-07 15:22:55,11978,11978,11978,4,-4
2020-07-07 15:22:55,11980,11980,11980,2,2
2020-07-07 15:22:55,11980,11980,11980,2,2
2020-07-07 15:22:55,11980,11980,11980,2,2
2020-07-07 15:22:55,11980,11980,11980,4,4
2020-07-07 15:22:55,11981,11981,11981,2,2
2020-07-07 15:22:56,11981,11981,11981,6,6
2020-07-07 15:22:56,11982,11982,11982,10,10
2020-07-07 15:22:56,11982,11982,11982,2,2
