2020-10-12,15:00:00.098000,12910,12911,12911,50
2020-10-12,15:00:00.162000,12911,12914,12914,1
2020-10-12,15:00:00.196000,12911,12914,12912,1
2020-10-12,15:00:00.196000,12911,12914,12911,4
2020-10-12,15:00:00.206000,12911,12914,12910,1
2020-10-12,15:00:00.278000,12910,12913,12910,2
2020-10-12,15:00:00.385000,12910,12913,12910,3
2020-10-12,15:00:00.503000,12911,12913,12913,1
2020-10-12,15:00:00.964000,12911,12913,12913,1
2020-10-12,15:00:00.976000,12911,12913,12913,2
2020-10-12,15:00:00.995000,12911,12913,12914,1
2020-10-12,15:00:00.995000,12911,12913,12915,1
2020-10-12,15:00:01.119000,12911,12915,12915,2
2020-10-12,15:00:01.119000,12911,12915,12916,3
2020-10-12,15:00:01.207000,12914,12916,12914,2
2020-10-12,15:00:01.332000,12913,12915,12913,4
2020-10-12,15:00:01.388000,12913,12915,12913,2
2020-10-12,15:00:01.388000,12913,12915,12914,3
2020-10-12,15:00:01.610000,12911,12914,12914,1
2020-10-12,15:00:01.619000,12911,12914,12912,1
2020-10-12,15:00:01.629000,12911,12914,12915,2
2020-10-12,15:00:01.629000,12911,12914,12916,3
2020-10-12,15:00:01.795000,12912,12916,12916,1
2020-10-12,15:00:01.836000,12912,12916,12916,4
2020-10-12,15:00:01.836000,12912,12916,12917,1
2020-10-12,15:00:01.966000,12913,12916,12916,1
2020-10-12,15:00:02.207000,12912,12916,12912,5
2020-10-12,15:00:02.332000,12911,12913,12911,8
2020-10-12,15:00:02.457000,12911,12912,12911,1
2020-10-12,15:00:02.582000,12911,12913,12911,5
2020-10-12,15:00:02.582000,12911,12913,12910,6
2020-10-12,15:00:02.707000,12910,12911,12910,5
2020-10-12,15:00:03.332000,12909,12911,12909,8
2020-10-12,15:00:03.457000,12908,12910,12908,1
2020-10-12,15:00:03.509000,12908,12910,12909,1
2020-10-12,15:00:03.890000,12908,12910,12910,1
2020-10-12,15:00:04.415000,12908,12910,12908,1
2020-10-12,15:00:04.643000,12908,12910,12908,1
2020-10-12,15:00:04.651000,12908,12910,12910,1
2020-10-12,15:00:04.683000,12908,12910,12908,1
2020-10-12,15:00:04.806000,12908,12910,12910,2
2020-10-12,15:00:04.806000,12908,12910,12910,1
2020-10-12,15:00:07.081000,12909,12911,12911,1
2020-10-12,15:00:08.188000,12911,12913,12913,1
2020-10-12,15:00:10.459000,12912,12913,12912,1
2020-10-12,15:00:11.699000,12911,12913,12913,1
2020-10-12,15:00:11.746000,12911,12913,12913,1
2020-10-12,15:00:13.638000,12912,12913,12912,1
2020-10-12,15:00:13.638000,12912,12913,12911,1
2020-10-12,15:00:15.745000,12912,12913,12912,1
2020-10-12,15:00:17.765000,12911,12912,12911,1
2020-10-12,15:00:18.052000,12911,12912,12912,1
2020-10-12,15:00:18.353000,12911,12912,12911,1
2020-10-12,15:00:19.963000,12911,12912,12911,1
2020-10-12,15:00:21.558000,12910,12911,12911,1
2020-10-12,15:00:23.297000,12911,12912,12911,1
2020-10-12,15:00:23.877000,12911,12912,12911,1
2020-10-12,15:00:24.787000,12911,12912,12910,1
2020-10-12,15:00:26.102000,12910,12911,12911,1
2020-10-12,15:00:26.203000,12910,12911,12911,5
2020-10-12,15:00:26.203000,12910,12911,12910,12
2020-10-12,15:00:26.204000,12910,12911,12910,5
2020-10-12,15:00:26.204000,12910,12911,12910,3
2020-10-12,15:00:35.092000,12911,12912,12911,4
2020-10-12,15:00:35.092000,12911,12912,12910,12
2020-10-12,15:00:35.092000,12911,12912,12909,2
2020-10-12,15:00:38.224000,12910,12911,12910,1
2020-10-12,15:00:40.109000,12910,12911,12911,1
2020-10-12,15:00:41.153000,12910,12911,12910,1
2020-10-12,15:00:41.219000,12910,12911,12910,1
2020-10-12,15:00:41.739000,12910,12911,12910,3
2020-10-12,15:00:41.741000,12910,12911,12910,9
2020-10-12,15:00:41.741000,12910,12911,12910,2
2020-10-12,15:00:41.741000,12910,12911,12910,3
2020-10-12,15:00:42.378000,12909,12910,12910,3
2020-10-12,15:00:47.302000,12910,12911,12910,1
2020-10-12,15:00:47.509000,12910,12911,12910,1
2020-10-12,15:00:51.147000,12910,12911,12910,1
2020-10-12,15:00:51.177000,12910,12911,12910,1
2020-10-12,15:00:51.205000,12910,12911,12910,1
2020-10-12,15:00:51.224000,12910,12911,12910,1
2020-10-12,15:00:52.956000,12910,12911,12910,1
2020-10-12,15:00:56.326000,12910,12911,12910,1
2020-10-12,15:00:56.619000,12910,12911,12911,2
2020-10-12,15:00:57.738000,12910,12911,12910,1
2020-10-12,15:00:57.776000,12910,12911,12910,1
2020-10-12,15:00:58.712000,12910,12911,12911,1
2020-10-12,15:00:59.407000,12910,12911,12911,1
2020-10-12,15:00:59.978000,12910,12911,12911,1
2020-10-12,15:00:59.981000,12910,12911,12911,1
2020-10-12,15:01:00.020000,12910,12911,12911,1
2020-10-12,15:01:02.196000,12910,12911,12911,3
2020-10-12,15:01:02.196000,12910,12911,12911,1
2020-10-12,15:01:02.196000,12910,12911,12911,4
2020-10-12,15:01:02.197000,12910,12911,12911,16
2020-10-12,15:01:05.567000,12911,12912,12911,1
2020-10-12,15:01:05.738000,12911,12912,12911,1
2020-10-12,15:01:07.832000,12911,12912,12911,2
2020-10-12,15:01:07.954000,12911,12912,12912,1
2020-10-12,15:01:08.914000,12911,12912,12912,1
2020-10-12,15:01:15.098000,12911,12912,12912,1
2020-10-12,15:01:15.098000,12911,12912,12912,1
2020-10-12,15:01:15.098000,12911,12912,12912,1
2020-10-12,15:01:15.099000,12911,12912,12912,8
2020-10-12,15:01:19.289000,12912,12913,12912,1
2020-10-12,15:01:21.848000,12912,12913,12912,1
2020-10-12,15:01:22.535000,12911,12912,12912,1
2020-10-12,15:01:23.742000,12911,12912,12912,1
2020-10-12,15:01:26.843000,12911,12912,12912,2
2020-10-12,15:01:27.346000,12911,12912,12912,1
2020-10-12,15:01:34.499000,12912,12913,12912,1
2020-10-12,15:01:35.834000,12911,12913,12911,5
2020-10-12,15:01:38.531000,12911,12912,12912,1
2020-10-12,15:01:42.518000,12912,12913,12913,5
2020-10-12,15:01:42.518000,12912,12913,12913,5
2020-10-12,15:01:49.238000,12912,12913,12913,1
2020-10-12,15:01:50.734000,12913,12914,12914,1
2020-10-12,15:01:53.958000,12913,12914,12913,1
2020-10-12,15:01:54.454000,12912,12913,12913,1
2020-10-12,15:01:56.953000,12912,12914,12912,1
2020-10-12,15:02:01.949000,12912,12913,12912,1
2020-10-12,15:02:02.570000,12912,12913,12912,1
2020-10-12,15:02:02.623000,12912,12913,12913,1
2020-10-12,15:02:03.070000,12912,12913,12913,2
2020-10-12,15:02:03.149000,12912,12913,12912,1
2020-10-12,15:02:03.149000,12912,12913,12912,3
2020-10-12,15:02:04.861000,12912,12913,12912,1
2020-10-12,15:02:06.660000,12911,12912,12912,1
2020-10-12,15:02:06.750000,12911,12912,12912,1
2020-10-12,15:02:06.751000,12911,12912,12912,1
2020-10-12,15:02:07.623000,12911,12913,12913,1
2020-10-12,15:02:09.819000,12912,12913,12912,1
2020-10-12,15:02:11.250000,12912,12913,12912,1
2020-10-12,15:02:14.921000,12912,12913,12912,1
2020-10-12,15:02:17.774000,12911,12912,12912,1
2020-10-12,15:02:22.029000,12912,12913,12912,1
2020-10-12,15:02:22.492000,12912,12913,12912,1
2020-10-12,15:02:22.492000,12912,12913,12911,6
2020-10-12,15:02:24.921000,12911,12912,12912,1
2020-10-12,15:02:24.921000,12911,12912,12912,1
2020-10-12,15:02:24.922000,12911,12912,12912,10
2020-10-12,15:02:27.019000,12911,12913,12912,1
2020-10-12,15:02:30.887000,12911,12913,12912,1
2020-10-12,15:02:32.824000,12912,12913,12913,1
2020-10-12,15:02:34.640000,12912,12913,12912,1
2020-10-12,15:02:44.268000,12912,12913,12912,1
2020-10-12,15:02:44.650000,12912,12913,12913,1
2020-10-12,15:02:49.078000,12912,12913,12913,3
2020-10-12,15:02:56.906000,12912,12913,12913,1
2020-10-12,15:02:58.666000,12912,12913,12913,1
2020-10-12,15:02:59.025000,12912,12913,12913,1
2020-10-12,15:02:59.239000,12912,12913,12913,2
2020-10-12,15:03:02.251000,12912,12913,12913,2
2020-10-12,15:03:02.892000,12912,12913,12913,1
2020-10-12,15:03:03.704000,12912,12913,12913,1
2020-10-12,15:03:05.079000,12913,12914,12913,1
2020-10-12,15:03:05.550000,12912,12914,12914,2
2020-10-12,15:03:07.887000,12913,12914,12913,1
2020-10-12,15:03:10.623000,12912,12913,12913,1
2020-10-12,15:03:12.708000,12912,12913,12913,2
2020-10-12,15:03:14.242000,12912,12913,12913,2
2020-10-12,15:03:14.702000,12912,12913,12913,2
2020-10-12,15:03:15.901000,12912,12913,12913,1
2020-10-12,15:03:18.254000,12912,12913,12913,1
2020-10-12,15:03:19.074000,12912,12913,12913,1
2020-10-12,15:03:19.223000,12912,12913,12913,1
2020-10-12,15:03:19.343000,12912,12913,12913,1
2020-10-12,15:03:19.365000,12912,12913,12913,1
2020-10-12,15:03:23.577000,12912,12913,12913,1
2020-10-12,15:03:28.513000,12912,12913,12913,1
2020-10-12,15:03:30.863000,12912,12913,12912,5
2020-10-12,15:03:36.324000,12911,12912,12912,1
2020-10-12,15:03:36.675000,12911,12913,12913,1
2020-10-12,15:03:40.502000,12911,12913,12913,1
2020-10-12,15:03:44.852000,12911,12913,12913,1
2020-10-12,15:04:01.159000,12911,12913,12913,1
2020-10-12,15:04:01.161000,12911,12913,12913,1
2020-10-12,15:04:01.165000,12911,12913,12913,2
2020-10-12,15:04:05.504000,12911,12912,12911,1
2020-10-12,15:04:11.270000,12911,12912,12912,1
2020-10-12,15:04:12.377000,12911,12912,12912,1
2020-10-12,15:04:14.619000,12911,12912,12911,1
2020-10-12,15:04:15.375000,12911,12912,12912,1
2020-10-12,15:04:15.703000,12911,12912,12911,1
2020-10-12,15:04:16.554000,12911,12912,12912,1
2020-10-12,15:04:18.052000,12911,12913,12912,1
2020-10-12,15:04:19.025000,12911,12912,12912,4
2020-10-12,15:04:22.850000,12911,12912,12912,1
2020-10-12,15:04:33.318000,12911,12912,12912,1
2020-10-12,15:04:33.978000,12911,12912,12911,1
2020-10-12,15:04:37.152000,12911,12912,12912,1
2020-10-12,15:04:38.585000,12911,12912,12911,1
2020-10-12,15:04:43.911000,12911,12912,12912,1
2020-10-12,15:04:46.304000,12911,12912,12911,15
2020-10-12,15:04:48.956000,12911,12912,12912,1
2020-10-12,15:04:53.023000,12911,12912,12911,8
2020-10-12,15:04:57.097000,12910,12911,12911,1
2020-10-12,15:05:02.314000,12910,12911,12911,4
2020-10-12,15:05:03.603000,12910,12911,12911,1
2020-10-12,15:05:03.944000,12910,12911,12910,3
2020-10-12,15:05:10.878000,12910,12911,12910,2
2020-10-12,15:05:10.878000,12910,12911,12910,1
2020-10-12,15:05:10.878000,12910,12911,12910,1
2020-10-12,15:05:10.878000,12910,12911,12910,1
2020-10-12,15:05:10.879000,12910,12911,12910,9
2020-10-12,15:05:10.879000,12910,12911,12910,7
2020-10-12,15:05:10.879000,12910,12911,12910,3
2020-10-12,15:05:10.879000,12910,12911,12910,1
2020-10-12,15:05:10.879000,12910,12911,12910,9
2020-10-12,15:05:14.618000,12909,12910,12909,5
2020-10-12,15:05:16.110000,12908,12909,12908,1
2020-10-12,15:05:16.630000,12908,12909,12908,3
2020-10-12,15:05:16.873000,12908,12909,12908,1
2020-10-12,15:05:17.668000,12908,12909,12908,1
2020-10-12,15:05:18.011000,12908,12909,12908,1
2020-10-12,15:05:18.655000,12908,12909,12908,2
2020-10-12,15:05:19.163000,12908,12909,12908,1
2020-10-12,15:05:20.191000,12908,12909,12908,1
2020-10-12,15:05:21.555000,12907,12908,12908,1
2020-10-12,15:05:29.211000,12907,12908,12908,4
2020-10-12,15:05:35.096000,12907,12908,12908,10
2020-10-12,15:05:40.602000,12908,12909,12909,1
2020-10-12,15:05:45.318000,12908,12909,12909,3
2020-10-12,15:05:46.488000,12908,12909,12908,1
2020-10-12,15:05:52.796000,12908,12909,12909,10
2020-10-12,15:05:54.744000,12908,12910,12908,3
2020-10-12,15:05:55.401000,12909,12910,12909,1
2020-10-12,15:05:59.273000,12909,12910,12909,4
2020-10-12,15:05:59.273000,12909,12910,12908,1
2020-10-12,15:06:00.336000,12908,12909,12909,9
2020-10-12,15:06:01.152000,12909,12910,12909,1
2020-10-12,15:06:03.140000,12909,12910,12909,4
2020-10-12,15:06:03.140000,12909,12910,12908,1
2020-10-12,15:06:06.030000,12909,12910,12909,1
2020-10-12,15:06:07.254000,12908,12910,12908,2
2020-10-12,15:06:11.797000,12908,12909,12908,5
2020-10-12,15:06:16.549000,12908,12909,12908,1
2020-10-12,15:06:17.005000,12908,12909,12908,1
2020-10-12,15:06:17.645000,12908,12909,12908,2
2020-10-12,15:06:20.430000,12908,12909,12909,8
2020-10-12,15:06:20.624000,12909,12910,12910,4
2020-10-12,15:06:20.862000,12909,12910,12910,1
2020-10-12,15:06:25.431000,12909,12910,12910,8
2020-10-12,15:06:28.357000,12910,12911,12910,1
2020-10-12,15:06:30.434000,12909,12910,12910,2
2020-10-12,15:06:41.169000,12909,12911,12910,1
2020-10-12,15:06:50.532000,12910,12911,12911,1
2020-10-12,15:06:54.197000,12910,12911,12911,1
2020-10-12,15:06:54.848000,12910,12911,12910,4
2020-10-12,15:06:56.636000,12910,12911,12910,12
2020-10-12,15:06:56.768000,12909,12910,12910,1
2020-10-12,15:06:58.405000,12909,12910,12909,1
2020-10-12,15:06:58.525000,12909,12910,12910,1
2020-10-12,15:06:59.536000,12909,12910,12909,6
2020-10-12,15:07:02.278000,12908,12909,12908,1
2020-10-12,15:07:02.761000,12908,12909,12908,7
2020-10-12,15:07:03.020000,12907,12908,12907,1
2020-10-12,15:07:03.023000,12907,12908,12907,1
2020-10-12,15:07:03.111000,12907,12908,12907,2
2020-10-12,15:07:03.157000,12907,12908,12908,1
2020-10-12,15:07:04.339000,12907,12908,12908,1
2020-10-12,15:07:04.524000,12907,12908,12907,2
2020-10-12,15:07:04.548000,12907,12908,12906,3
2020-10-12,15:07:04.710000,12906,12907,12906,2
2020-10-12,15:07:05.769000,12906,12908,12908,2
2020-10-12,15:07:06.528000,12906,12908,12906,6
2020-10-12,15:07:06.531000,12906,12908,12906,1
2020-10-12,15:07:06.680000,12905,12907,12907,4
2020-10-12,15:07:07.031000,12906,12908,12908,1
2020-10-12,15:07:07.087000,12906,12908,12908,1
2020-10-12,15:07:11.089000,12906,12908,12906,1
2020-10-12,15:07:11.652000,12906,12908,12908,1
2020-10-12,15:07:13.897000,12907,12908,12908,4
2020-10-12,15:07:18.815000,12907,12908,12907,1
2020-10-12,15:07:19.423000,12907,12908,12908,1
2020-10-12,15:07:20.627000,12907,12908,12907,3
2020-10-12,15:07:20.627000,12907,12908,12906,3
2020-10-12,15:07:20.699000,12907,12908,12906,1
2020-10-12,15:07:20.890000,12906,12907,12907,2
2020-10-12,15:07:22.473000,12907,12908,12907,2
2020-10-12,15:07:23.050000,12906,12908,12908,1
2020-10-12,15:07:25.406000,12906,12908,12908,1
2020-10-12,15:07:33.858000,12907,12908,12907,1
2020-10-12,15:07:34.119000,12906,12907,12907,1
2020-10-12,15:07:35.725000,12906,12907,12907,1
2020-10-12,15:07:38.297000,12906,12907,12907,1
2020-10-12,15:07:38.297000,12906,12907,12908,2
2020-10-12,15:07:38.407000,12906,12908,12908,1
2020-10-12,15:07:40.185000,12906,12908,12908,1
2020-10-12,15:07:40.519000,12906,12908,12908,4
2020-10-12,15:07:51.601000,12907,12908,12908,5
2020-10-12,15:07:51.733000,12908,12909,12908,5
2020-10-12,15:07:54.739000,12907,12908,12908,1
2020-10-12,15:08:01.348000,12907,12908,12907,1
2020-10-12,15:08:01.779000,12906,12907,12906,2
2020-10-12,15:08:02.230000,12906,12907,12906,3
2020-10-12,15:08:02.770000,12905,12906,12906,1
2020-10-12,15:08:02.854000,12905,12906,12906,1
2020-10-12,15:08:04.474000,12905,12906,12906,5
2020-10-12,15:08:04.889000,12906,12907,12907,2
2020-10-12,15:08:06.233000,12906,12908,12906,1
2020-10-12,15:08:09.268000,12906,12907,12907,1
2020-10-12,15:08:09.723000,12906,12908,12906,1
2020-10-12,15:08:09.742000,12906,12908,12906,1
2020-10-12,15:08:12.456000,12906,12908,12908,3
2020-10-12,15:08:23.575000,12906,12908,12908,9
2020-10-12,15:08:23.575000,12906,12908,12909,1
2020-10-12,15:08:24.935000,12907,12909,12909,1
2020-10-12,15:08:37.753000,12908,12909,12909,1
2020-10-12,15:08:45.268000,12908,12909,12908,5
2020-10-12,15:08:48.199000,12908,12909,12909,8
2020-10-12,15:08:48.199000,12908,12909,12910,17
2020-10-12,15:09:00.856000,12909,12910,12910,1
2020-10-12,15:09:09.887000,12909,12910,12910,2
2020-10-12,15:09:10.662000,12909,12911,12911,1
2020-10-12,15:09:12.267000,12909,12911,12910,1
2020-10-12,15:09:14.735000,12910,12911,12911,4
2020-10-12,15:09:14.735000,12910,12911,12911,11
2020-10-12,15:09:21.981000,12911,12912,12911,1
2020-10-12,15:09:22.147000,12910,12912,12912,1
2020-10-12,15:09:22.219000,12910,12912,12910,2
2020-10-12,15:09:22.251000,12910,12912,12910,2
2020-10-12,15:09:23.437000,12909,12911,12911,1
2020-10-12,15:09:41.577000,12910,12911,12911,3
2020-10-12,15:09:43.837000,12911,12912,12911,1
2020-10-12,15:09:43.880000,12911,12912,12911,1
2020-10-12,15:09:51.177000,12911,12912,12911,1
2020-10-12,15:09:51.190000,12911,12912,12911,1
2020-10-12,15:09:51.563000,12910,12911,12911,1
2020-10-12,15:09:58.709000,12910,12911,12911,3
2020-10-12,15:10:03.664000,12910,12912,12911,2
2020-10-12,15:10:14.168000,12911,12912,12912,9
2020-10-12,15:10:16.371000,12911,12913,12912,1
2020-10-12,15:10:22.855000,12912,12913,12913,1
2020-10-12,15:10:27.297000,12912,12913,12913,1
2020-10-12,15:10:28.221000,12912,12913,12913,1
2020-10-12,15:10:28.221000,12912,12913,12913,1
2020-10-12,15:10:28.490000,12913,12914,12913,3
2020-10-12,15:10:28.490000,12913,12914,12912,14
2020-10-12,15:10:28.492000,12913,12914,12912,16
2020-10-12,15:10:28.493000,12913,12914,12912,2
2020-10-12,15:10:28.493000,12913,12914,12912,2
2020-10-12,15:10:28.538000,12913,12914,12911,1
2020-10-12,15:10:28.563000,12913,12914,12911,1
2020-10-12,15:10:28.583000,12911,12912,12911,1
2020-10-12,15:10:28.609000,12911,12912,12911,1
2020-10-12,15:10:28.634000,12911,12912,12911,1
2020-10-12,15:10:28.660000,12911,12912,12911,1
2020-10-12,15:10:28.707000,12910,12911,12911,1
2020-10-12,15:10:29.261000,12910,12912,12912,1
2020-10-12,15:10:29.359000,12911,12913,12911,1
2020-10-12,15:10:31.014000,12912,12913,12912,2
2020-10-12,15:10:33.779000,12911,12913,12913,3
2020-10-12,15:10:35.383000,12912,12913,12912,1
2020-10-12,15:10:35.403000,12912,12913,12911,4
2020-10-12,15:10:36.133000,12911,12913,12911,1
2020-10-12,15:10:38.750000,12911,12912,12911,1
2020-10-12,15:10:42.126000,12911,12912,12911,2
2020-10-12,15:10:42.512000,12911,12912,12911,1
2020-10-12,15:10:46.826000,12911,12912,12911,2
2020-10-12,15:10:48.707000,12910,12911,12911,1
2020-10-12,15:11:02.060000,12911,12912,12912,1
2020-10-12,15:11:06.564000,12911,12912,12911,1
2020-10-12,15:11:11.827000,12910,12911,12910,10
2020-10-12,15:11:12.001000,12910,12911,12911,6
2020-10-12,15:11:12.001000,12910,12911,12912,4
2020-10-12,15:11:16.833000,12910,12911,12910,2
2020-10-12,15:11:16.834000,12910,12911,12910,1
2020-10-12,15:11:16.834000,12910,12911,12910,4
2020-10-12,15:11:24.511000,12909,12910,12910,1
2020-10-12,15:11:25.897000,12909,12910,12909,1
2020-10-12,15:11:25.898000,12909,12910,12909,2
2020-10-12,15:11:27.888000,12908,12909,12908,1
2020-10-12,15:11:27.888000,12908,12909,12908,1
2020-10-12,15:11:27.889000,12908,12909,12908,2
2020-10-12,15:11:28.045000,12907,12909,12907,1
2020-10-12,15:11:30.025000,12906,12907,12907,2
2020-10-12,15:11:33.207000,12907,12908,12907,1
2020-10-12,15:11:34.779000,12906,12907,12907,1
2020-10-12,15:11:41.247000,12906,12907,12906,2
2020-10-12,15:11:44.573000,12906,12907,12907,3
2020-10-12,15:11:44.574000,12906,12907,12907,2
2020-10-12,15:11:45.656000,12907,12908,12907,1
2020-10-12,15:11:50.448000,12907,12908,12907,1
2020-10-12,15:11:58.478000,12907,12908,12908,1
2020-10-12,15:12:02.188000,12907,12908,12908,1
2020-10-12,15:12:11.337000,12908,12909,12908,1
2020-10-12,15:12:11.638000,12908,12909,12908,1
2020-10-12,15:12:13.318000,12908,12909,12909,2
2020-10-12,15:12:17.165000,12908,12910,12908,5
2020-10-12,15:12:23.508000,12908,12909,12909,4
2020-10-12,15:12:23.538000,12908,12909,12909,2
2020-10-12,15:12:24.409000,12909,12910,12910,1
2020-10-12,15:12:29.136000,12910,12911,12910,2
2020-10-12,15:12:52.678000,12909,12910,12910,1
2020-10-12,15:12:54.760000,12909,12910,12910,1
2020-10-12,15:12:55.469000,12909,12910,12909,1
2020-10-12,15:12:56.640000,12909,12910,12909,2
2020-10-12,15:12:56.641000,12909,12910,12909,1
2020-10-12,15:13:02.320000,12909,12910,12910,2
2020-10-12,15:13:03.671000,12909,12910,12909,1
2020-10-12,15:13:41.540000,12909,12910,12909,2
2020-10-12,15:13:50.048000,12909,12910,12910,2
2020-10-12,15:13:53.612000,12909,12910,12910,1
2020-10-12,15:13:55.288000,12909,12911,12909,1
2020-10-12,15:13:58.672000,12910,12911,12910,1
2020-10-12,15:14:12.005000,12909,12911,12909,1
2020-10-12,15:14:12.129000,12909,12911,12911,1
2020-10-12,15:14:12.341000,12909,12911,12911,1
2020-10-12,15:14:26.545000,12910,12911,12910,1
2020-10-12,15:14:54.687000,12910,12911,12911,5
2020-10-12,15:14:56.891000,12911,12912,12911,1
2020-10-12,15:14:59.100000,12911,12912,12911,1
2020-10-12,15:15:06.575000,12911,12912,12911,4
2020-10-12,15:15:15.013000,12910,12912,12910,2
2020-10-12,15:15:16.045000,12910,12911,12910,2
2020-10-12,15:15:16.754000,12910,12911,12911,1
2020-10-12,15:15:17.903000,12910,12911,12910,2
2020-10-12,15:15:25.557000,12910,12911,12910,1
2020-10-12,15:15:34.435000,12910,12911,12911,1
2020-10-12,15:15:44.159000,12911,12912,12912,1
2020-10-12,15:15:44.159000,12911,12912,12912,2
2020-10-12,15:15:44.159000,12911,12912,12912,4
2020-10-12,15:15:44.160000,12911,12912,12912,20
2020-10-12,15:15:44.209000,12912,12913,12913,1
2020-10-12,15:15:47.059000,12912,12913,12912,2
2020-10-12,15:15:48.177000,12912,12913,12912,2
2020-10-12,15:16:24.847000,12912,12913,12913,3
2020-10-12,15:16:24.847000,12912,12913,12913,3
2020-10-12,15:16:29.275000,12913,12914,12914,3
2020-10-12,15:16:30.756000,12914,12915,12915,10
2020-10-12,15:16:34.004000,12914,12915,12915,1
2020-10-12,15:16:38.579000,12914,12915,12914,2
2020-10-12,15:16:41.786000,12914,12915,12915,2
2020-10-12,15:16:42.697000,12914,12916,12914,1
2020-10-12,15:16:43.964000,12915,12916,12915,1
2020-10-12,15:16:47.568000,12914,12916,12916,1
2020-10-12,15:16:53.696000,12915,12916,12916,1
2020-10-12,15:16:54.361000,12915,12916,12916,2
2020-10-12,15:16:55.505000,12915,12916,12916,1
2020-10-12,15:16:56.127000,12915,12916,12916,5
2020-10-12,15:16:57.847000,12916,12917,12917,1
2020-10-12,15:16:57.936000,12916,12917,12917,2
2020-10-12,15:16:58.184000,12916,12917,12917,4
2020-10-12,15:16:58.184000,12916,12917,12918,1
2020-10-12,15:16:58.351000,12916,12918,12916,2
2020-10-12,15:17:02.169000,12916,12917,12917,2
2020-10-12,15:17:02.170000,12916,12917,12917,2
2020-10-12,15:17:03.553000,12916,12917,12917,1
2020-10-12,15:17:03.635000,12916,12917,12916,1
2020-10-12,15:17:07.602000,12916,12917,12916,1
2020-10-12,15:17:14.062000,12916,12917,12917,1
2020-10-12,15:17:14.638000,12916,12917,12917,1
2020-10-12,15:17:14.883000,12916,12917,12917,1
2020-10-12,15:17:17.775000,12916,12917,12917,1
2020-10-12,15:17:18.598000,12916,12917,12917,1
2020-10-12,15:17:19.551000,12916,12917,12917,1
2020-10-12,15:17:21.078000,12916,12917,12917,1
2020-10-12,15:17:24.134000,12916,12917,12917,1
2020-10-12,15:17:25.816000,12916,12917,12916,16
2020-10-12,15:17:25.816000,12916,12917,12915,28
2020-10-12,15:17:25.817000,12916,12917,12915,2
2020-10-12,15:17:25.818000,12916,12917,12915,2
2020-10-12,15:17:25.818000,12916,12917,12915,3
2020-10-12,15:17:25.819000,12916,12917,12915,1
2020-10-12,15:17:25.819000,12916,12917,12915,2
2020-10-12,15:17:25.819000,12916,12917,12915,2
2020-10-12,15:17:44.387000,12915,12916,12916,1
2020-10-12,15:17:46.854000,12915,12916,12916,1
2020-10-12,15:17:51.039000,12915,12916,12916,2
2020-10-12,15:17:53.420000,12915,12916,12916,4
2020-10-12,15:17:56.521000,12916,12917,12917,1
2020-10-12,15:17:57.239000,12916,12917,12917,2
2020-10-12,15:18:07.441000,12916,12917,12916,9
2020-10-12,15:18:07.441000,12916,12917,12916,1
2020-10-12,15:18:07.913000,12915,12916,12916,2
2020-10-12,15:18:08.139000,12915,12916,12916,3
2020-10-12,15:18:12.640000,12916,12917,12916,1
2020-10-12,15:18:14.699000,12915,12916,12915,2
2020-10-12,15:18:14.759000,12915,12916,12916,1
2020-10-12,15:18:32.586000,12916,12917,12916,4
2020-10-12,15:18:32.586000,12916,12917,12915,28
2020-10-12,15:18:36.691000,12915,12916,12916,1
2020-10-12,15:18:38.407000,12915,12916,12916,1
2020-10-12,15:18:39.912000,12915,12917,12915,8
2020-10-12,15:18:39.912000,12915,12917,12915,1
2020-10-12,15:18:39.913000,12915,12917,12915,3
2020-10-12,15:18:43.825000,12915,12916,12916,8
2020-10-12,15:18:43.825000,12915,12916,12917,6
2020-10-12,15:18:43.994000,12915,12917,12917,2
2020-10-12,15:18:44.068000,12915,12917,12917,2
2020-10-12,15:18:48.441000,12916,12917,12916,3
2020-10-12,15:19:02.227000,12916,12917,12917,1
2020-10-12,15:19:20.105000,12917,12918,12918,1
2020-10-12,15:19:20.313000,12917,12918,12917,2
2020-10-12,15:19:23.896000,12917,12918,12918,17
2020-10-12,15:19:28.250000,12918,12919,12919,1
2020-10-12,15:19:37.307000,12918,12919,12918,1
2020-10-12,15:19:38.511000,12918,12919,12919,1
2020-10-12,15:19:38.585000,12918,12919,12919,1
2020-10-12,15:19:38.832000,12918,12919,12918,2
2020-10-12,15:19:42.847000,12918,12919,12919,6
2020-10-12,15:19:46.105000,12918,12919,12919,1
2020-10-12,15:19:48.835000,12918,12919,12919,1
2020-10-12,15:19:52.002000,12918,12919,12919,13
2020-10-12,15:19:54.601000,12919,12920,12919,1
2020-10-12,15:19:59.457000,12919,12920,12920,1
2020-10-12,15:19:59.686000,12919,12920,12920,1
2020-10-12,15:20:01.658000,12919,12920,12920,1
2020-10-12,15:20:01.884000,12919,12920,12920,1
2020-10-12,15:20:01.889000,12919,12920,12920,25
2020-10-12,15:20:01.893000,12919,12920,12920,1
2020-10-12,15:20:01.899000,12919,12920,12920,3
2020-10-12,15:20:01.899000,12919,12920,12921,9
2020-10-12,15:20:01.996000,12919,12921,12921,2
2020-10-12,15:20:02.029000,12919,12921,12921,2
2020-10-12,15:20:02.204000,12920,12921,12921,1
2020-10-12,15:20:02.371000,12920,12921,12921,1
2020-10-12,15:20:02.416000,12920,12921,12921,2
2020-10-12,15:20:02.492000,12920,12921,12921,1
2020-10-12,15:20:03.082000,12920,12921,12920,1
2020-10-12,15:20:04.888000,12919,12920,12920,1
2020-10-12,15:20:05.092000,12919,12920,12920,1
2020-10-12,15:20:05.098000,12919,12920,12921,1
2020-10-12,15:20:06.129000,12919,12921,12921,1
2020-10-12,15:20:07.836000,12920,12921,12920,1
2020-10-12,15:20:12.914000,12919,12920,12920,1
2020-10-12,15:20:14.311000,12919,12920,12919,1
2020-10-12,15:20:15.326000,12919,12920,12920,1
2020-10-12,15:20:28.582000,12919,12920,12920,3
2020-10-12,15:20:33.842000,12919,12920,12920,1
2020-10-12,15:20:33.842000,12919,12920,12920,4
2020-10-12,15:20:34.933000,12920,12921,12920,1
2020-10-12,15:20:49.661000,12920,12921,12920,11
2020-10-12,15:20:50.317000,12919,12920,12920,1
2020-10-12,15:20:51.338000,12919,12920,12919,2
2020-10-12,15:20:51.525000,12918,12919,12919,1
2020-10-12,15:20:54.897000,12918,12919,12919,9
2020-10-12,15:20:54.897000,12918,12919,12920,57
2020-10-12,15:20:54.897000,12918,12919,12920,2
2020-10-12,15:20:55.091000,12918,12920,12919,1
2020-10-12,15:20:59.739000,12918,12919,12919,2
2020-10-12,15:21:00.205000,12918,12920,12920,1
2020-10-12,15:21:05.110000,12919,12920,12920,3
2020-10-12,15:21:05.357000,12919,12920,12920,1
2020-10-12,15:21:05.476000,12919,12920,12919,3
2020-10-12,15:21:05.773000,12919,12920,12920,1
2020-10-12,15:21:08.589000,12919,12920,12919,1
2020-10-12,15:21:08.746000,12918,12919,12919,1
2020-10-12,15:21:09.366000,12918,12920,12920,1
2020-10-12,15:21:10.659000,12918,12920,12920,2
2020-10-12,15:21:10.801000,12918,12920,12920,1
2020-10-12,15:21:12.341000,12918,12919,12919,1
2020-10-12,15:21:24.359000,12919,12920,12919,1
2020-10-12,15:21:25.419000,12919,12920,12919,1
2020-10-12,15:21:31.339000,12919,12920,12919,1
2020-10-12,15:21:32.019000,12919,12920,12919,5
2020-10-12,15:21:34.457000,12918,12919,12919,1
2020-10-12,15:21:39.326000,12918,12919,12919,1
2020-10-12,15:21:50.100000,12919,12920,12919,1
2020-10-12,15:21:55.503000,12919,12920,12919,1
2020-10-12,15:21:56.560000,12919,12920,12919,1
2020-10-12,15:22:01.015000,12918,12919,12919,1
2020-10-12,15:22:22.965000,12918,12919,12919,4
2020-10-12,15:22:22.965000,12918,12919,12919,1
2020-10-12,15:22:25.471000,12918,12919,12919,1
2020-10-12,15:22:39.322000,12918,12919,12919,6
2020-10-12,15:22:42.772000,12918,12919,12918,23
2020-10-12,15:22:42.786000,12918,12919,12917,2
2020-10-12,15:22:42.952000,12916,12917,12916,1
2020-10-12,15:22:43.098000,12916,12917,12916,2
2020-10-12,15:22:43.100000,12916,12917,12916,1
2020-10-12,15:22:45.919000,12916,12917,12917,1
2020-10-12,15:22:56.288000,12916,12917,12917,2
2020-10-12,15:22:56.386000,12916,12917,12917,1
2020-10-12,15:22:57.268000,12916,12918,12918,2
2020-10-12,15:22:57.324000,12916,12918,12918,1
2020-10-12,15:23:02.586000,12918,12919,12919,4
2020-10-12,15:23:04.711000,12918,12919,12918,2
2020-10-12,15:23:20.191000,12918,12919,12918,1
2020-10-12,15:23:24.618000,12918,12919,12918,1
2020-10-12,15:23:45.886000,12917,12918,12917,2
2020-10-12,15:23:45.982000,12917,12918,12918,1
2020-10-12,15:23:46.649000,12918,12919,12918,1
2020-10-12,15:23:51.133000,12918,12919,12918,1
2020-10-12,15:24:02.254000,12918,12919,12919,10
2020-10-12,15:24:04.269000,12918,12919,12919,1
2020-10-12,15:24:07.772000,12918,12919,12919,2
2020-10-12,15:24:13.488000,12918,12919,12919,1
2020-10-12,15:24:16.101000,12919,12920,12919,1
2020-10-12,15:24:29.377000,12918,12919,12919,1
2020-10-12,15:24:35.117000,12919,12920,12919,1
2020-10-12,15:24:49.941000,12919,12920,12919,1
2020-10-12,15:24:58.263000,12918,12919,12919,1
2020-10-12,15:25:07.422000,12919,12920,12919,1
2020-10-12,15:25:10.356000,12918,12919,12919,5
2020-10-12,15:25:15.053000,12919,12920,12919,1
2020-10-12,15:25:18.424000,12918,12919,12919,1
2020-10-12,15:25:20.755000,12919,12920,12919,1
2020-10-12,15:25:21.892000,12919,12920,12919,1
2020-10-12,15:25:26.332000,12919,12920,12920,16
2020-10-12,15:25:27.761000,12919,12921,12919,1
2020-10-12,15:25:28.533000,12919,12921,12919,1
2020-10-12,15:25:31.133000,12920,12921,12920,1
2020-10-12,15:25:33.673000,12919,12920,12919,2
2020-10-12,15:25:33.674000,12919,12920,12919,3
2020-10-12,15:25:33.695000,12919,12920,12919,1
2020-10-12,15:25:33.891000,12919,12920,12919,3
2020-10-12,15:25:38.131000,12919,12920,12920,1
2020-10-12,15:25:38.362000,12920,12921,12920,1
2020-10-12,15:25:38.379000,12920,12921,12920,1
2020-10-12,15:25:38.497000,12920,12921,12920,2
2020-10-12,15:25:38.523000,12920,12921,12920,4
2020-10-12,15:25:40.263000,12920,12921,12920,1
2020-10-12,15:25:41.420000,12920,12921,12920,1
2020-10-12,15:25:43.364000,12920,12921,12920,1
2020-10-12,15:25:43.364000,12920,12921,12920,3
2020-10-12,15:25:48.674000,12919,12920,12920,1
2020-10-12,15:25:49.457000,12919,12920,12920,1
2020-10-12,15:25:51.520000,12919,12920,12920,1
2020-10-12,15:25:54.179000,12919,12920,12920,1
2020-10-12,15:25:58.194000,12919,12920,12920,1
2020-10-12,15:26:02.362000,12919,12920,12919,1
2020-10-12,15:26:02.363000,12919,12920,12919,8
2020-10-12,15:26:02.676000,12918,12919,12918,2
2020-10-12,15:26:04.640000,12918,12919,12918,2
2020-10-12,15:26:05.170000,12918,12919,12918,1
2020-10-12,15:26:06.630000,12918,12919,12918,1
2020-10-12,15:26:08.429000,12918,12919,12919,1
2020-10-12,15:26:08.486000,12918,12919,12918,2
2020-10-12,15:26:09.272000,12917,12919,12917,1
2020-10-12,15:26:25.958000,12917,12918,12917,1
2020-10-12,15:26:26.172000,12917,12918,12918,1
2020-10-12,15:26:33.014000,12918,12919,12918,2
2020-10-12,15:26:36.154000,12917,12918,12917,1
2020-10-12,15:26:41.815000,12917,12918,12918,3
2020-10-12,15:26:48.728000,12917,12918,12917,2
2020-10-12,15:27:02.207000,12917,12918,12917,2
2020-10-12,15:27:24.633000,12917,12918,12917,5
2020-10-12,15:27:47.218000,12917,12918,12917,1
2020-10-12,15:27:48.639000,12917,12918,12917,1
2020-10-12,15:27:48.640000,12917,12918,12917,11
2020-10-12,15:27:48.640000,12917,12918,12917,4
2020-10-12,15:27:48.640000,12917,12918,12917,3
2020-10-12,15:27:48.640000,12917,12918,12917,9
2020-10-12,15:27:52.147000,12916,12917,12916,3
2020-10-12,15:27:56.775000,12916,12917,12916,1
2020-10-12,15:27:56.775000,12916,12917,12915,1
2020-10-12,15:27:58.904000,12916,12917,12916,1
2020-10-12,15:28:00.990000,12916,12917,12917,1
2020-10-12,15:28:01.052000,12916,12917,12917,3
2020-10-12,15:28:01.300000,12917,12918,12917,1
2020-10-12,15:28:28.281000,12917,12918,12917,2
2020-10-12,15:28:29.609000,12916,12917,12917,1
2020-10-12,15:28:35.015000,12916,12917,12916,3
2020-10-12,15:28:35.016000,12916,12917,12916,3
2020-10-12,15:28:39.694000,12915,12916,12916,2
2020-10-12,15:28:39.836000,12916,12917,12916,2
2020-10-12,15:28:41.456000,12915,12916,12916,1
2020-10-12,15:28:45.355000,12915,12916,12916,1
2020-10-12,15:28:47.428000,12915,12916,12915,2
2020-10-12,15:28:53.595000,12916,12917,12916,1
2020-10-12,15:29:03.265000,12915,12917,12915,1
2020-10-12,15:29:16.293000,12916,12917,12916,3
2020-10-12,15:29:31.572000,12916,12917,12916,1
2020-10-12,15:29:35.009000,12915,12917,12917,3
2020-10-12,15:29:52.804000,12916,12917,12917,1
2020-10-12,15:29:53.103000,12916,12917,12917,7
2020-10-12,15:30:11.518000,12916,12918,12916,4
2020-10-12,15:30:11.519000,12916,12918,12916,2
2020-10-12,15:30:11.519000,12916,12918,12916,1
2020-10-12,15:30:11.937000,12915,12916,12915,2
2020-10-12,15:30:12.040000,12915,12916,12916,4
2020-10-12,15:30:12.228000,12915,12917,12915,4
2020-10-12,15:30:12.395000,12915,12917,12915,4
2020-10-12,15:30:12.600000,12914,12916,12914,4
2020-10-12,15:30:12.706000,12914,12916,12914,2
2020-10-12,15:30:20.258000,12914,12916,12915,2
2020-10-12,15:30:30.014000,12914,12915,12915,1
2020-10-12,15:30:32.368000,12914,12915,12914,1
2020-10-12,15:30:48.853000,12914,12915,12914,1
2020-10-12,15:30:49.438000,12914,12915,12914,4
2020-10-12,15:30:49.439000,12914,12915,12914,1
2020-10-12,15:30:52.449000,12913,12915,12915,2
2020-10-12,15:31:46.980000,12914,12915,12915,1
2020-10-12,15:31:47.904000,12914,12915,12915,1
2020-10-12,15:31:47.959000,12914,12915,12915,1
2020-10-12,15:31:50.634000,12914,12916,12916,4
2020-10-12,15:31:52.236000,12915,12917,12915,2
2020-10-12,15:32:00.273000,12915,12917,12917,1
2020-10-12,15:32:00.351000,12915,12917,12917,5
2020-10-12,15:32:00.351000,12915,12917,12917,1
2020-10-12,15:32:00.351000,12915,12917,12918,4
2020-10-12,15:32:07.300000,12917,12918,12917,1
2020-10-12,15:32:11.392000,12917,12918,12918,3
2020-10-12,15:32:16.034000,12917,12919,12917,2
2020-10-12,15:32:25.606000,12917,12918,12918,1
2020-10-12,15:32:27.211000,12917,12919,12917,2
2020-10-12,15:32:51.631000,12917,12918,12917,2
2020-10-12,15:32:51.708000,12917,12918,12918,1
2020-10-12,15:33:20.593000,12917,12918,12918,1
2020-10-12,15:34:00.708000,12917,12918,12918,2
2020-10-12,15:34:09.212000,12917,12918,12918,3
2020-10-12,15:34:15.110000,12918,12919,12918,2
2020-10-12,15:34:28.288000,12918,12919,12919,1
2020-10-12,15:34:35.626000,12918,12919,12919,1
2020-10-12,15:34:36.873000,12918,12919,12919,2
2020-10-12,15:34:38.784000,12918,12919,12919,2
2020-10-12,15:34:38.784000,12918,12919,12920,1
2020-10-12,15:34:38.921000,12918,12920,12920,1
2020-10-12,15:34:52.488000,12919,12920,12919,1
2020-10-12,15:34:55.873000,12919,12920,12920,1
2020-10-12,15:35:02.138000,12919,12920,12920,1
2020-10-12,15:35:03.333000,12919,12920,12920,1
2020-10-12,15:35:03.582000,12919,12920,12920,2
2020-10-12,15:35:09.524000,12919,12920,12920,2
2020-10-12,15:35:09.584000,12920,12921,12920,1
2020-10-12,15:35:14.747000,12920,12921,12920,11
2020-10-12,15:35:19.026000,12919,12921,12920,13
2020-10-12,15:35:19.139000,12919,12921,12920,1
2020-10-12,15:35:19.516000,12919,12920,12920,1
2020-10-12,15:35:21.971000,12920,12921,12920,2
2020-10-12,15:35:24.028000,12920,12921,12920,8
2020-10-12,15:35:25.286000,12919,12921,12921,2
2020-10-12,15:35:33.574000,12920,12921,12920,2
2020-10-12,15:35:35.107000,12920,12921,12920,1
2020-10-12,15:35:35.382000,12920,12921,12920,23
2020-10-12,15:35:46.822000,12920,12921,12920,1
2020-10-12,15:35:49.032000,12920,12921,12920,1
2020-10-12,15:35:52.225000,12919,12920,12920,1
2020-10-12,15:35:52.278000,12919,12920,12920,4
2020-10-12,15:36:06.527000,12920,12921,12920,1
2020-10-12,15:36:15.096000,12920,12921,12920,4
2020-10-12,15:36:25.987000,12919,12920,12920,1
2020-10-12,15:36:26.641000,12919,12920,12920,1
2020-10-12,15:36:33.035000,12919,12920,12919,2
2020-10-12,15:36:49.219000,12919,12920,12920,1
2020-10-12,15:37:08.221000,12919,12920,12920,1
2020-10-12,15:37:11.842000,12919,12920,12920,1
2020-10-12,15:37:24.027000,12919,12920,12919,2
2020-10-12,15:37:38.983000,12918,12919,12918,1
2020-10-12,15:37:57.776000,12917,12919,12918,1
2020-10-12,15:38:02.881000,12917,12918,12918,1
2020-10-12,15:38:07.387000,12917,12918,12917,2
2020-10-12,15:38:13.257000,12915,12917,12915,1
2020-10-12,15:38:16.896000,12915,12917,12915,16
2020-10-12,15:38:16.897000,12915,12917,12915,2
2020-10-12,15:38:16.897000,12915,12917,12915,1
2020-10-12,15:38:16.897000,12915,12917,12915,1
2020-10-12,15:38:24.162000,12915,12917,12915,1
2020-10-12,15:38:55.413000,12916,12917,12916,1
2020-10-12,15:39:32.035000,12915,12916,12916,1
2020-10-12,15:39:47.736000,12915,12916,12915,2
2020-10-12,15:39:48.669000,12915,12916,12916,1
2020-10-12,15:40:13.797000,12915,12916,12915,1
2020-10-12,15:40:13.798000,12915,12916,12915,2
2020-10-12,15:40:26.021000,12915,12916,12915,1
2020-10-12,15:40:40.233000,12914,12915,12915,1
2020-10-12,15:40:42.870000,12914,12915,12915,2
2020-10-12,15:40:43.530000,12914,12916,12916,1
2020-10-12,15:41:09.372000,12915,12916,12915,1
2020-10-12,15:41:12.369000,12914,12915,12914,1
2020-10-12,15:41:14.700000,12914,12915,12915,1
2020-10-12,15:41:16.788000,12914,12915,12915,1
2020-10-12,15:41:22.552000,12914,12915,12915,1
2020-10-12,15:41:42.143000,12914,12916,12916,2
2020-10-12,15:41:48.613000,12914,12916,12914,15
2020-10-12,15:41:48.614000,12914,12916,12914,1
2020-10-12,15:41:48.614000,12914,12916,12914,4
2020-10-12,15:41:48.761000,12913,12915,12915,1
2020-10-12,15:42:13.795000,12914,12915,12914,1
2020-10-12,15:42:14.404000,12914,12915,12914,1
2020-10-12,15:42:15.074000,12913,12915,12913,1
2020-10-12,15:42:59.506000,12913,12914,12913,1
2020-10-12,15:43:01.363000,12913,12914,12913,1
2020-10-12,15:43:02.216000,12913,12914,12913,2
2020-10-12,15:43:11.171000,12913,12914,12913,1
2020-10-12,15:43:24.634000,12913,12914,12914,4
2020-10-12,15:43:24.634000,12913,12914,12914,3
2020-10-12,15:43:40.275000,12914,12915,12914,5
2020-10-12,15:43:57.939000,12914,12915,12915,3
2020-10-12,15:44:04.587000,12915,12916,12915,1
2020-10-12,15:44:04.587000,12915,12916,12914,2
2020-10-12,15:44:15.006000,12914,12915,12914,2
2020-10-12,15:44:15.007000,12914,12915,12914,1
2020-10-12,15:44:23.530000,12914,12915,12914,3
2020-10-12,15:44:26.582000,12914,12915,12915,1
2020-10-12,15:44:30.139000,12914,12916,12914,3
2020-10-12,15:44:39.506000,12914,12916,12914,3
2020-10-12,15:44:48.442000,12914,12915,12914,1
2020-10-12,15:44:51.935000,12914,12915,12914,3
2020-10-12,15:45:02.270000,12913,12914,12913,1
2020-10-12,15:45:02.659000,12913,12914,12913,1
2020-10-12,15:45:08.682000,12913,12914,12913,4
2020-10-12,15:45:08.683000,12913,12914,12913,3
2020-10-12,15:45:08.683000,12913,12914,12913,2
2020-10-12,15:45:09.870000,12912,12913,12913,1
2020-10-12,15:45:18.775000,12912,12913,12913,1
2020-10-12,15:45:24.332000,12912,12913,12913,1
2020-10-12,15:45:27.192000,12912,12913,12913,1
2020-10-12,15:46:09.330000,12913,12914,12913,2
2020-10-12,15:46:45.843000,12913,12914,12913,2
2020-10-12,15:46:45.843000,12913,12914,12913,2
2020-10-12,15:46:46.773000,12912,12913,12913,1
2020-10-12,15:46:48.166000,12913,12914,12913,1
2020-10-12,15:46:48.576000,12913,12914,12913,1
2020-10-12,15:46:56.409000,12913,12914,12913,1
2020-10-12,15:47:34.800000,12913,12914,12913,1
2020-10-12,15:47:42.685000,12913,12914,12913,2
2020-10-12,15:47:59.169000,12913,12914,12913,1
2020-10-12,15:48:00.075000,12913,12914,12914,1
2020-10-12,15:48:01.703000,12913,12914,12914,1
2020-10-12,15:48:02.277000,12913,12914,12913,1
2020-10-12,15:48:06.878000,12913,12914,12914,4
2020-10-12,15:48:06.878000,12913,12914,12914,3
2020-10-12,15:48:16.347000,12914,12915,12915,3
2020-10-12,15:48:16.347000,12914,12915,12915,3
2020-10-12,15:48:16.347000,12914,12915,12915,4
2020-10-12,15:48:16.347000,12914,12915,12915,2
2020-10-12,15:48:16.348000,12914,12915,12915,3
2020-10-12,15:48:16.348000,12914,12915,12915,26
2020-10-12,15:48:19.043000,12915,12916,12916,1
2020-10-12,15:48:19.464000,12915,12916,12916,2
2020-10-12,15:48:19.570000,12915,12916,12916,1
2020-10-12,15:48:19.570000,12915,12916,12916,1
2020-10-12,15:48:19.653000,12915,12916,12916,1
2020-10-12,15:48:19.670000,12915,12916,12917,1
2020-10-12,15:48:19.707000,12915,12917,12917,2
2020-10-12,15:48:19.730000,12915,12917,12917,1
2020-10-12,15:48:19.762000,12915,12917,12917,1
2020-10-12,15:48:20.289000,12916,12917,12917,1
2020-10-12,15:48:38.652000,12916,12917,12917,1
2020-10-12,15:48:45.695000,12916,12917,12917,1
2020-10-12,15:48:45.976000,12916,12917,12917,1
2020-10-12,15:48:52.207000,12916,12917,12917,1
2020-10-12,15:48:52.207000,12916,12917,12918,4
2020-10-12,15:48:52.221000,12916,12917,12918,5
2020-10-12,15:48:52.236000,12916,12917,12918,5
2020-10-12,15:48:54.304000,12917,12919,12917,1
2020-10-12,15:49:02.831000,12918,12919,12918,1
2020-10-12,15:49:35.007000,12917,12918,12917,2
2020-10-12,15:49:59.642000,12916,12917,12917,1
2020-10-12,15:50:02.286000,12916,12917,12917,2
2020-10-12,15:50:12.963000,12916,12917,12916,2
2020-10-12,15:50:21.033000,12916,12917,12916,1
2020-10-12,15:50:27.650000,12915,12916,12915,1
2020-10-12,15:50:36.226000,12915,12916,12915,1
2020-10-12,15:50:41.905000,12915,12916,12915,1
2020-10-12,15:51:13.342000,12915,12916,12915,1
2020-10-12,15:51:43.067000,12915,12916,12915,1
2020-10-12,15:51:43.928000,12915,12916,12915,3
2020-10-12,15:52:26.809000,12915,12916,12916,1
2020-10-12,15:52:28.579000,12915,12916,12916,2
2020-10-12,15:52:36.278000,12916,12917,12917,1
2020-10-12,15:52:58.549000,12916,12917,12917,3
2020-10-12,15:52:58.549000,12916,12917,12917,2
2020-10-12,15:52:58.549000,12916,12917,12917,2
2020-10-12,15:53:19.646000,12917,12918,12918,2
2020-10-12,15:53:19.993000,12917,12918,12918,2
2020-10-12,15:53:28.895000,12917,12919,12919,1
2020-10-12,15:53:40.513000,12917,12919,12919,1
2020-10-12,15:53:41.062000,12917,12919,12919,1
2020-10-12,15:53:53.837000,12917,12918,12918,1
2020-10-12,15:53:57.872000,12917,12918,12918,1
2020-10-12,15:54:07.133000,12918,12919,12918,5
2020-10-12,15:54:07.313000,12917,12918,12918,1
2020-10-12,15:54:11.099000,12917,12918,12918,1
2020-10-12,15:54:16.236000,12918,12919,12918,1
2020-10-12,15:54:25.286000,12917,12918,12918,1
2020-10-12,15:54:27.356000,12917,12918,12917,4
2020-10-12,15:54:27.357000,12917,12918,12917,12
2020-10-12,15:54:27.594000,12915,12917,12917,1
2020-10-12,15:54:51.533000,12916,12917,12916,4
2020-10-12,15:54:51.533000,12916,12917,12916,1
2020-10-12,15:54:53.681000,12915,12917,12916,1
2020-10-12,15:55:10.145000,12915,12916,12915,1
2020-10-12,15:55:20.216000,12915,12916,12916,3
2020-10-12,15:55:21.916000,12915,12917,12915,1
2020-10-12,15:55:53.856000,12915,12916,12915,1
2020-10-12,15:55:55.906000,12915,12916,12916,1
2020-10-12,15:55:56.726000,12915,12917,12917,1
2020-10-12,15:55:58.064000,12915,12917,12917,1
2020-10-12,15:56:07.376000,12915,12917,12916,1
2020-10-12,15:56:17.921000,12915,12917,12915,2
2020-10-12,15:56:21.205000,12915,12916,12915,2
2020-10-12,15:56:36.126000,12914,12915,12914,4
2020-10-12,15:56:36.127000,12914,12915,12914,1
2020-10-12,15:56:36.244000,12913,12914,12914,1
2020-10-12,15:56:37.060000,12913,12915,12913,2
2020-10-12,15:56:37.269000,12913,12915,12913,1
2020-10-12,15:56:37.289000,12913,12915,12913,4
2020-10-12,15:56:37.331000,12913,12915,12913,2
2020-10-12,15:56:37.369000,12912,12914,12912,4
2020-10-12,15:56:37.412000,12912,12914,12912,1
2020-10-12,15:56:37.430000,12912,12914,12912,1
2020-10-12,15:56:37.451000,12912,12914,12912,2
2020-10-12,15:56:37.515000,12912,12913,12912,1
2020-10-12,15:56:37.522000,12912,12913,12913,1
2020-10-12,15:56:37.528000,12912,12913,12912,1
2020-10-12,15:56:37.596000,12911,12913,12911,1
2020-10-12,15:56:37.714000,12911,12913,12911,1
2020-10-12,15:56:37.725000,12911,12913,12911,1
2020-10-12,15:56:37.851000,12911,12913,12911,1
2020-10-12,15:56:37.940000,12911,12913,12911,1
2020-10-12,15:56:38.007000,12911,12913,12911,2
2020-10-12,15:56:38.109000,12911,12913,12911,5
2020-10-12,15:56:38.109000,12911,12913,12910,5
2020-10-12,15:56:39.080000,12910,12912,12910,1
2020-10-12,15:56:39.183000,12910,12912,12910,1
2020-10-12,15:56:40.146000,12911,12912,12911,2
2020-10-12,15:56:40.387000,12911,12913,12911,2
2020-10-12,15:56:41.352000,12911,12913,12911,2
2020-10-12,15:56:47.490000,12912,12913,12912,1
2020-10-12,15:56:52.750000,12912,12913,12912,1
2020-10-12,15:58:11.089000,12914,12915,12915,1
2020-10-12,15:58:15.497000,12915,12916,12916,2
2020-10-12,15:58:19.451000,12915,12916,12916,2
2020-10-12,15:58:28.973000,12916,12917,12916,1
2020-10-12,15:58:39.987000,12916,12917,12916,1
2020-10-12,15:59:03.513000,12916,12917,12916,4
2020-10-12,15:59:04.923000,12916,12917,12916,1
2020-10-12,15:59:08.059000,12916,12917,12917,2
2020-10-12,15:59:12.774000,12917,12918,12917,1
2020-10-12,15:59:13.146000,12916,12917,12917,3
2020-10-12,15:59:25.322000,12917,12918,12918,2
2020-10-12,15:59:32.707000,12917,12918,12918,2
2020-10-12,15:59:42.137000,12917,12918,12918,1
2020-10-12,15:59:42.297000,12917,12918,12918,1
2020-10-12,15:59:51.397000,12917,12918,12918,1
2020-10-12,15:59:51.758000,12917,12918,12917,1
2020-10-12,16:00:04.865000,12917,12918,12917,4
2020-10-12,16:00:04.865000,12917,12918,12917,2
2020-10-12,16:00:05.560000,12916,12917,12916,1
2020-10-12,16:00:06.155000,12916,12917,12917,1
2020-10-12,16:00:06.255000,12916,12917,12917,1
2020-10-12,16:00:06.261000,12916,12917,12917,1
2020-10-12,16:00:08.091000,12916,12917,12917,3
2020-10-12,16:01:21.183000,12917,12918,12917,2
2020-10-12,16:01:36.811000,12916,12917,12916,1
2020-10-12,16:02:07.065000,12916,12917,12916,1
2020-10-12,16:02:17.554000,12916,12917,12916,1
2020-10-12,16:02:19.832000,12915,12916,12916,1
2020-10-12,16:02:38.441000,12916,12917,12917,2
2020-10-12,16:03:02.296000,12917,12918,12918,2
2020-10-12,16:03:05.979000,12917,12919,12919,1
2020-10-12,16:03:17.063000,12918,12919,12919,1
2020-10-12,16:03:17.063000,12918,12919,12919,3
2020-10-12,16:03:17.063000,12918,12919,12919,4
2020-10-12,16:03:25.920000,12919,12920,12919,1
2020-10-12,16:03:43.388000,12919,12920,12920,4
2020-10-12,16:03:43.388000,12919,12920,12920,1
2020-10-12,16:03:43.834000,12919,12920,12920,2
2020-10-12,16:03:54.082000,12919,12920,12920,1
2020-10-12,16:04:15.965000,12920,12921,12920,5
2020-10-12,16:04:24.120000,12920,12921,12921,5
2020-10-12,16:04:24.280000,12920,12921,12921,2
2020-10-12,16:04:24.332000,12920,12921,12921,9
2020-10-12,16:04:24.332000,12920,12921,12921,18
2020-10-12,16:04:24.493000,12921,12922,12922,2
2020-10-12,16:04:24.771000,12921,12922,12922,2
2020-10-12,16:04:24.893000,12921,12922,12922,2
2020-10-12,16:04:35.961000,12921,12922,12922,1
2020-10-12,16:04:36.084000,12921,12922,12922,3
2020-10-12,16:04:36.084000,12921,12922,12922,11
2020-10-12,16:04:36.084000,12921,12922,12922,4
2020-10-12,16:04:36.084000,12921,12922,12922,1
2020-10-12,16:04:36.084000,12921,12922,12922,13
2020-10-12,16:04:36.085000,12921,12922,12923,1
2020-10-12,16:04:36.085000,12921,12922,12923,1
2020-10-12,16:04:36.085000,12921,12922,12923,1
2020-10-12,16:04:36.086000,12921,12922,12923,1
2020-10-12,16:04:36.086000,12921,12922,12923,1
2020-10-12,16:04:36.086000,12921,12922,12923,1
2020-10-12,16:04:36.086000,12921,12922,12923,1
2020-10-12,16:04:36.088000,12921,12922,12923,1
2020-10-12,16:04:36.208000,12922,12923,12923,3
2020-10-12,16:04:36.209000,12922,12923,12923,1
2020-10-12,16:04:36.211000,12922,12923,12923,1
2020-10-12,16:04:36.212000,12922,12923,12923,1
2020-10-12,16:04:36.212000,12922,12923,12923,1
2020-10-12,16:04:36.212000,12922,12923,12923,4
2020-10-12,16:04:36.212000,12922,12923,12923,2
2020-10-12,16:04:36.212000,12922,12923,12923,1
2020-10-12,16:04:36.213000,12922,12923,12923,3
2020-10-12,16:04:36.251000,12922,12923,12924,1
2020-10-12,16:04:36.269000,12922,12923,12924,1
2020-10-12,16:04:36.494000,12923,12924,12923,7
2020-10-12,16:04:36.595000,12922,12923,12923,1
2020-10-12,16:04:36.895000,12922,12923,12923,1
2020-10-12,16:04:36.982000,12922,12923,12923,1
2020-10-12,16:04:36.983000,12922,12923,12924,1
2020-10-12,16:04:37.120000,12922,12924,12924,1
2020-10-12,16:04:37.164000,12922,12924,12924,1
2020-10-12,16:04:37.185000,12922,12924,12924,1
2020-10-12,16:04:37.208000,12922,12924,12924,2
2020-10-12,16:04:37.209000,12922,12924,12924,1
2020-10-12,16:04:37.209000,12922,12924,12924,1
2020-10-12,16:04:37.209000,12922,12924,12924,1
2020-10-12,16:04:37.210000,12922,12924,12924,1
2020-10-12,16:04:37.210000,12922,12924,12924,1
2020-10-12,16:04:37.210000,12922,12924,12924,1
2020-10-12,16:04:37.210000,12922,12924,12924,1
2020-10-12,16:04:37.211000,12922,12924,12924,1
2020-10-12,16:04:37.211000,12922,12924,12924,1
2020-10-12,16:04:37.211000,12922,12924,12924,1
2020-10-12,16:04:38.875000,12923,12924,12924,2
2020-10-12,16:04:40.446000,12923,12924,12924,1
2020-10-12,16:04:40.850000,12923,12924,12924,1
2020-10-12,16:04:44.450000,12923,12924,12923,1
2020-10-12,16:04:45.599000,12923,12924,12923,1
2020-10-12,16:04:45.900000,12921,12923,12923,2
2020-10-12,16:04:46.132000,12921,12923,12923,1
2020-10-12,16:04:46.372000,12921,12923,12923,1
2020-10-12,16:04:47.051000,12922,12924,12924,19
2020-10-12,16:04:47.051000,12922,12924,12925,1
2020-10-12,16:04:47.486000,12923,12924,12924,1
2020-10-12,16:04:50.146000,12923,12924,12924,1
2020-10-12,16:04:50.610000,12923,12924,12923,1
2020-10-12,16:04:51.367000,12923,12924,12924,1
2020-10-12,16:04:51.558000,12923,12925,12923,1
2020-10-12,16:04:53.580000,12923,12925,12925,1
2020-10-12,16:04:53.625000,12923,12925,12924,1
2020-10-12,16:05:00.725000,12923,12924,12924,1
2020-10-12,16:05:02.324000,12923,12924,12924,2
2020-10-12,16:05:02.592000,12924,12925,12924,1
2020-10-12,16:05:02.702000,12924,12925,12924,1
2020-10-12,16:05:05.062000,12923,12924,12924,2
2020-10-12,16:05:05.326000,12923,12924,12924,1
2020-10-12,16:05:05.939000,12924,12925,12924,1
2020-10-12,16:05:06.236000,12924,12925,12924,2
2020-10-12,16:05:06.834000,12923,12925,12924,1
2020-10-12,16:05:08.081000,12924,12925,12924,1
2020-10-12,16:05:09.689000,12924,12925,12924,2
2020-10-12,16:05:11.278000,12923,12924,12924,2
2020-10-12,16:05:11.339000,12923,12924,12924,2
2020-10-12,16:05:21.680000,12924,12925,12924,2
2020-10-12,16:05:21.743000,12924,12925,12925,1
2020-10-12,16:05:23.106000,12924,12925,12924,5
2020-10-12,16:05:26.612000,12924,12925,12924,1
2020-10-12,16:05:27.211000,12924,12925,12925,5
2020-10-12,16:05:27.547000,12924,12925,12924,1
2020-10-12,16:05:29.545000,12924,12925,12924,5
2020-10-12,16:05:30.368000,12924,12925,12924,5
2020-10-12,16:05:30.369000,12924,12925,12924,3
2020-10-12,16:05:30.997000,12923,12924,12924,1
2020-10-12,16:05:35.590000,12924,12925,12924,1
2020-10-12,16:05:37.756000,12923,12924,12924,1
2020-10-12,16:05:37.791000,12923,12924,12923,5
2020-10-12,16:05:38.899000,12923,12924,12924,1
2020-10-12,16:05:39.743000,12923,12924,12923,4
2020-10-12,16:05:39.782000,12923,12924,12923,1
2020-10-12,16:05:43.510000,12922,12924,12922,5
2020-10-12,16:05:44.380000,12922,12923,12922,5
2020-10-12,16:05:47.805000,12921,12923,12921,3
2020-10-12,16:05:48.907000,12921,12922,12921,2
2020-10-12,16:05:49.842000,12921,12922,12921,1
2020-10-12,16:06:02.224000,12921,12922,12921,1
2020-10-12,16:06:02.651000,12920,12921,12921,1
2020-10-12,16:06:03.263000,12921,12922,12922,1
2020-10-12,16:06:03.536000,12921,12922,12921,2
2020-10-12,16:06:04.270000,12920,12922,12922,1
2020-10-12,16:06:09.667000,12921,12922,12921,1
2020-10-12,16:06:15.828000,12921,12922,12921,1
2020-10-12,16:06:31.094000,12921,12922,12921,30
2020-10-12,16:06:31.094000,12921,12922,12920,12
2020-10-12,16:06:43.730000,12920,12922,12921,1
2020-10-12,16:06:50.207000,12921,12922,12921,1
2020-10-12,16:06:59.887000,12921,12922,12921,1
2020-10-12,16:07:02.477000,12921,12922,12922,7
2020-10-12,16:07:04.696000,12922,12923,12923,1
2020-10-12,16:07:25.152000,12922,12923,12923,6
2020-10-12,16:07:25.153000,12922,12923,12923,1
2020-10-12,16:07:30.486000,12922,12923,12923,2
2020-10-12,16:07:39.041000,12923,12924,12923,1
2020-10-12,16:07:44.818000,12922,12923,12923,1
2020-10-12,16:07:48.426000,12923,12924,12924,1
2020-10-12,16:07:48.615000,12923,12924,12924,1
2020-10-12,16:07:52.386000,12923,12924,12923,1
2020-10-12,16:07:53.436000,12922,12923,12924,1
2020-10-12,16:08:02.287000,12922,12923,12923,5
2020-10-12,16:08:02.523000,12922,12923,12923,1
2020-10-12,16:08:02.697000,12922,12924,12924,1
2020-10-12,16:08:05.720000,12922,12923,12923,2
2020-10-12,16:08:15.120000,12922,12923,12922,12
2020-10-12,16:08:21.265000,12921,12922,12921,4
2020-10-12,16:08:26.426000,12920,12921,12921,1
2020-10-12,16:08:34.069000,12920,12921,12920,3
2020-10-12,16:08:35.114000,12919,12921,12919,1
2020-10-12,16:08:35.232000,12919,12921,12919,2
2020-10-12,16:08:44.056000,12920,12921,12920,1
2020-10-12,16:08:57.583000,12919,12920,12920,1
2020-10-12,16:08:59.713000,12919,12920,12920,1
2020-10-12,16:09:17.837000,12920,12921,12921,1
2020-10-12,16:09:17.880000,12920,12921,12921,1
2020-10-12,16:09:17.880000,12920,12921,12921,4
2020-10-12,16:09:17.880000,12920,12921,12921,3
2020-10-12,16:09:17.880000,12920,12921,12921,6
2020-10-12,16:09:17.880000,12920,12921,12921,3
2020-10-12,16:09:17.880000,12920,12921,12921,1
2020-10-12,16:09:17.880000,12920,12921,12921,2
2020-10-12,16:09:17.880000,12920,12921,12921,4
2020-10-12,16:09:17.880000,12920,12921,12921,1
2020-10-12,16:09:18.478000,12921,12922,12922,1
2020-10-12,16:09:43.966000,12921,12922,12921,1
2020-10-12,16:09:50.572000,12920,12921,12921,1
2020-10-12,16:09:50.572000,12920,12921,12921,1
2020-10-12,16:09:51.597000,12921,12922,12921,1
2020-10-12,16:09:51.597000,12921,12922,12920,6
2020-10-12,16:09:51.598000,12921,12922,12921,1
2020-10-12,16:09:51.623000,12921,12922,12921,1
2020-10-12,16:09:51.649000,12921,12922,12921,1
2020-10-12,16:09:53.114000,12921,12922,12921,1
2020-10-12,16:09:57.207000,12920,12922,12920,7
2020-10-12,16:10:13.465000,12920,12921,12920,2
2020-10-12,16:10:17.938000,12920,12921,12920,1
2020-10-12,16:10:21.677000,12919,12920,12920,5
2020-10-12,16:10:22.208000,12920,12921,12920,1
2020-10-12,16:10:22.209000,12920,12921,12920,1
2020-10-12,16:10:29.049000,12919,12921,12920,1
2020-10-12,16:10:49.067000,12919,12920,12920,1
2020-10-12,16:10:52.578000,12919,12920,12920,2
2020-10-12,16:10:54.113000,12919,12920,12920,1
2020-10-12,16:11:14.532000,12920,12921,12920,1
2020-10-12,16:11:19.629000,12920,12921,12920,1
2020-10-12,16:11:28.965000,12920,12921,12921,1
2020-10-12,16:11:38.263000,12920,12921,12921,1
2020-10-12,16:11:42.629000,12920,12921,12921,1
2020-10-12,16:11:46.319000,12921,12922,12921,1
2020-10-12,16:11:48.731000,12921,12922,12921,1
2020-10-12,16:11:51.355000,12920,12921,12921,1
2020-10-12,16:11:51.398000,12920,12921,12921,1
2020-10-12,16:12:05.870000,12920,12921,12920,5
2020-10-12,16:12:06.287000,12920,12921,12920,2
2020-10-12,16:12:06.327000,12920,12921,12920,5
2020-10-12,16:12:26.784000,12920,12921,12921,2
2020-10-12,16:12:30.306000,12921,12922,12922,10
2020-10-12,16:12:31.745000,12921,12922,12921,1
2020-10-12,16:12:34.845000,12920,12922,12920,3
2020-10-12,16:12:48.358000,12921,12922,12921,2
2020-10-12,16:12:54.611000,12921,12922,12921,1
2020-10-12,16:13:06.200000,12920,12921,12920,5
2020-10-12,16:13:07.783000,12920,12921,12921,1
2020-10-12,16:13:08.633000,12920,12921,12921,1
2020-10-12,16:13:14.688000,12920,12921,12920,1
2020-10-12,16:13:15.606000,12919,12921,12919,1
2020-10-12,16:13:21.177000,12919,12921,12921,1
2020-10-12,16:13:38.386000,12919,12920,12919,3
2020-10-12,16:13:39.700000,12919,12920,12920,1
2020-10-12,16:14:02.209000,12919,12920,12919,4
2020-10-12,16:14:03.173000,12919,12920,12919,1
2020-10-12,16:14:11.159000,12919,12920,12919,1
2020-10-12,16:14:12.311000,12919,12920,12919,1
2020-10-12,16:14:17.955000,12918,12919,12919,1
2020-10-12,16:14:19.788000,12918,12919,12918,5
2020-10-12,16:14:24.378000,12917,12918,12917,1
2020-10-12,16:14:24.544000,12917,12918,12917,1
2020-10-12,16:14:24.700000,12917,12918,12918,2
2020-10-12,16:14:33.614000,12918,12919,12918,1
2020-10-12,16:14:56.364000,12917,12918,12917,1
2020-10-12,16:15:08.973000,12917,12918,12917,1
2020-10-12,16:15:09.455000,12917,12918,12918,1
2020-10-12,16:15:09.533000,12917,12918,12918,1
2020-10-12,16:15:09.546000,12917,12918,12918,1
2020-10-12,16:15:09.585000,12917,12918,12918,1
2020-10-12,16:15:09.614000,12917,12918,12918,2
2020-10-12,16:15:09.681000,12917,12918,12918,1
2020-10-12,16:15:09.877000,12917,12918,12918,4
2020-10-12,16:15:09.905000,12917,12918,12919,1
2020-10-12,16:15:09.928000,12917,12918,12920,1
2020-10-12,16:15:14.213000,12918,12920,12918,1
2020-10-12,16:15:19.361000,12918,12920,12918,1
2020-10-12,16:15:37.762000,12918,12919,12919,1
2020-10-12,16:15:38.865000,12918,12919,12919,3
2020-10-12,16:15:44.432000,12919,12920,12919,1
2020-10-12,16:15:44.683000,12919,12920,12919,3
2020-10-12,16:15:44.683000,12919,12920,12919,3
2020-10-12,16:15:44.683000,12919,12920,12919,2
2020-10-12,16:15:44.684000,12919,12920,12919,2
2020-10-12,16:15:53.516000,12918,12919,12919,1
2020-10-12,16:15:58.599000,12918,12920,12918,2
2020-10-12,16:16:08.397000,12919,12920,12919,1
2020-10-12,16:16:09.838000,12918,12919,12919,1
2020-10-12,16:16:12.206000,12918,12919,12918,1
2020-10-12,16:16:22.861000,12918,12919,12919,1
2020-10-12,16:16:26.136000,12918,12920,12918,1
2020-10-12,16:16:26.209000,12918,12920,12920,1
2020-10-12,16:16:30.889000,12918,12919,12919,1
2020-10-12,16:16:30.959000,12919,12920,12920,1
2020-10-12,16:17:02.165000,12919,12920,12920,5
2020-10-12,16:17:05.686000,12919,12921,12919,5
2020-10-12,16:17:08.305000,12920,12921,12920,1
2020-10-12,16:17:08.306000,12920,12921,12920,1
2020-10-12,16:17:50.035000,12919,12920,12920,6
2020-10-12,16:18:00.396000,12920,12921,12921,1
2020-10-12,16:18:00.396000,12920,12921,12921,1
2020-10-12,16:18:00.396000,12920,12921,12921,4
2020-10-12,16:18:00.402000,12920,12921,12922,3
2020-10-12,16:18:00.604000,12921,12923,12923,1
2020-10-12,16:18:00.718000,12921,12923,12923,2
2020-10-12,16:18:01.210000,12921,12923,12921,1
2020-10-12,16:18:26.565000,12921,12922,12922,1
2020-10-12,16:18:26.566000,12921,12922,12922,1
2020-10-12,16:18:33.397000,12922,12923,12922,3
2020-10-12,16:18:35.397000,12922,12923,12923,4
2020-10-12,16:18:35.397000,12922,12923,12923,4
2020-10-12,16:18:35.398000,12922,12923,12923,4
2020-10-12,16:18:39.268000,12922,12924,12923,1
2020-10-12,16:18:46.334000,12922,12923,12922,2
2020-10-12,16:18:49.231000,12921,12922,12921,1
2020-10-12,16:18:49.231000,12921,12922,12921,10
2020-10-12,16:18:54.022000,12920,12921,12921,1
2020-10-12,16:18:58.979000,12920,12922,12920,1
2020-10-12,16:19:06.909000,12921,12922,12921,1
2020-10-12,16:19:28.163000,12921,12922,12922,1
2020-10-12,16:19:33.697000,12922,12923,12922,1
2020-10-12,16:19:45.101000,12921,12922,12922,1
2020-10-12,16:19:49.017000,12921,12922,12922,1
2020-10-12,16:20:02.390000,12921,12922,12921,7
2020-10-12,16:20:02.391000,12921,12922,12921,1
2020-10-12,16:20:04.539000,12920,12922,12920,1
2020-10-12,16:20:10.849000,12920,12922,12920,1
2020-10-12,16:20:20.127000,12920,12921,12921,1
2020-10-12,16:20:20.891000,12921,12922,12921,1
2020-10-12,16:20:49.670000,12920,12921,12920,4
2020-10-12,16:20:52.119000,12920,12921,12920,2
2020-10-12,16:20:56.784000,12920,12921,12920,1
2020-10-12,16:20:58.612000,12920,12921,12920,1
2020-10-12,16:20:59.699000,12920,12921,12920,1
2020-10-12,16:21:01.075000,12920,12921,12920,1
2020-10-12,16:21:02.291000,12920,12921,12920,6
2020-10-12,16:21:04.625000,12920,12921,12921,2
2020-10-12,16:21:06.625000,12920,12921,12920,2
2020-10-12,16:21:08.431000,12920,12921,12920,1
2020-10-12,16:21:23.476000,12920,12921,12920,5
2020-10-12,16:21:47.868000,12920,12921,12920,2
2020-10-12,16:21:49.319000,12920,12921,12920,1
2020-10-12,16:21:50.362000,12920,12921,12921,9
2020-10-12,16:21:54.154000,12921,12922,12922,1
2020-10-12,16:22:03.854000,12921,12922,12922,1
2020-10-12,16:22:05.999000,12921,12922,12922,2
2020-10-12,16:22:08.736000,12922,12923,12923,3
2020-10-12,16:22:09.265000,12922,12924,12922,1
2020-10-12,16:22:10.566000,12922,12924,12924,1
2020-10-12,16:22:10.605000,12922,12924,12924,1
2020-10-12,16:22:12.534000,12923,12924,12923,1
2020-10-12,16:22:22.410000,12923,12924,12923,1
2020-10-12,16:22:29.676000,12923,12924,12924,1
2020-10-12,16:22:32.248000,12923,12924,12924,1
2020-10-12,16:22:34.369000,12923,12924,12924,1
2020-10-12,16:22:36.593000,12923,12924,12924,3
2020-10-12,16:22:37.873000,12923,12924,12924,1
2020-10-12,16:22:39.162000,12923,12924,12924,1
2020-10-12,16:22:40.069000,12923,12924,12924,1
2020-10-12,16:22:40.272000,12923,12924,12924,1
2020-10-12,16:22:40.273000,12923,12924,12924,4
2020-10-12,16:22:42.651000,12924,12925,12924,1
2020-10-12,16:22:42.651000,12924,12925,12924,3
2020-10-12,16:22:54.270000,12923,12924,12924,2
2020-10-12,16:23:01.624000,12923,12924,12924,1
2020-10-12,16:23:02.405000,12923,12924,12924,3
2020-10-12,16:23:10.554000,12924,12925,12924,2
2020-10-12,16:23:10.554000,12924,12925,12923,1
2020-10-12,16:23:15.703000,12923,12924,12924,1
2020-10-12,16:23:20.349000,12924,12925,12924,1
2020-10-12,16:23:21.944000,12924,12925,12925,2
2020-10-12,16:23:21.998000,12924,12925,12925,4
2020-10-12,16:23:22.011000,12924,12925,12925,2
2020-10-12,16:23:30.076000,12924,12925,12925,1
2020-10-12,16:23:31.246000,12924,12925,12924,2
2020-10-12,16:23:42.669000,12924,12925,12924,1
2020-10-12,16:23:46.287000,12924,12925,12924,1
2020-10-12,16:23:49.769000,12924,12925,12925,10
2020-10-12,16:23:53.481000,12925,12926,12926,1
2020-10-12,16:23:53.482000,12925,12926,12926,1
2020-10-12,16:23:53.482000,12925,12926,12926,4
2020-10-12,16:23:53.482000,12925,12926,12926,19
2020-10-12,16:23:53.696000,12926,12927,12927,1
2020-10-12,16:23:53.742000,12926,12927,12927,1
2020-10-12,16:23:53.748000,12926,12927,12927,19
2020-10-12,16:23:53.748000,12926,12927,12928,6
2020-10-12,16:23:53.757000,12926,12927,12928,12
2020-10-12,16:23:53.924000,12927,12929,12929,2
2020-10-12,16:23:53.965000,12927,12929,12929,2
2020-10-12,16:23:54.036000,12927,12929,12929,1
2020-10-12,16:23:54.053000,12927,12929,12929,1
2020-10-12,16:23:54.064000,12927,12929,12929,1
2020-10-12,16:23:54.205000,12928,12929,12929,1
2020-10-12,16:23:54.218000,12928,12929,12929,3
2020-10-12,16:23:54.233000,12928,12929,12929,1
2020-10-12,16:23:54.344000,12928,12929,12929,1
2020-10-12,16:23:54.369000,12928,12929,12929,1
2020-10-12,16:23:54.378000,12928,12929,12929,2
2020-10-12,16:23:54.428000,12928,12929,12929,1
2020-10-12,16:23:54.437000,12928,12929,12928,1
2020-10-12,16:23:54.443000,12928,12929,12929,1
2020-10-12,16:23:54.466000,12927,12929,12929,1
2020-10-12,16:23:54.490000,12927,12929,12929,1
2020-10-12,16:23:54.771000,12927,12929,12929,1
2020-10-12,16:23:54.872000,12927,12929,12929,1
2020-10-12,16:23:55.268000,12927,12929,12929,2
2020-10-12,16:23:55.325000,12927,12929,12929,1
2020-10-12,16:23:56.146000,12927,12929,12929,2
2020-10-12,16:23:56.147000,12927,12929,12929,1
2020-10-12,16:23:56.188000,12927,12929,12929,1
2020-10-12,16:23:56.188000,12927,12929,12929,1
2020-10-12,16:23:56.188000,12927,12929,12929,2
2020-10-12,16:23:56.611000,12927,12929,12929,1
2020-10-12,16:23:56.612000,12927,12929,12929,6
2020-10-12,16:24:01.829000,12927,12929,12929,1
2020-10-12,16:24:03.315000,12927,12928,12927,1
2020-10-12,16:24:04.758000,12927,12929,12929,3
2020-10-12,16:24:05.757000,12928,12929,12929,2
2020-10-12,16:24:06.331000,12928,12929,12929,1
2020-10-12,16:24:06.579000,12928,12929,12928,1
2020-10-12,16:24:06.643000,12927,12928,12928,1
2020-10-12,16:24:06.836000,12927,12928,12928,13
2020-10-12,16:24:07.597000,12927,12929,12929,1
2020-10-12,16:24:07.942000,12927,12929,12929,2
2020-10-12,16:24:07.967000,12927,12929,12929,2
2020-10-12,16:24:11.961000,12928,12929,12928,1
2020-10-12,16:24:12.481000,12927,12928,12928,2
2020-10-12,16:24:16.874000,12927,12928,12927,1
2020-10-12,16:24:19.867000,12927,12928,12928,2
2020-10-12,16:24:19.882000,12927,12928,12928,1
2020-10-12,16:24:19.958000,12928,12929,12929,1
2020-10-12,16:24:20.491000,12927,12929,12927,1
2020-10-12,16:24:20.686000,12927,12929,12927,1
2020-10-12,16:24:23.329000,12928,12929,12928,1
2020-10-12,16:24:25.403000,12927,12929,12929,1
2020-10-12,16:24:29.348000,12928,12929,12929,5
2020-10-12,16:24:29.549000,12928,12929,12929,1
2020-10-12,16:24:33.028000,12928,12929,12929,1
2020-10-12,16:24:35.497000,12928,12929,12928,1
2020-10-12,16:24:37.727000,12928,12929,12929,1
2020-10-12,16:24:40.576000,12928,12929,12928,1
2020-10-12,16:24:44.404000,12928,12929,12929,1
2020-10-12,16:24:44.559000,12928,12929,12929,1
2020-10-12,16:24:47.524000,12928,12929,12929,1
2020-10-12,16:24:48.433000,12928,12929,12929,1
2020-10-12,16:24:49.373000,12928,12929,12928,5
2020-10-12,16:24:51.742000,12928,12929,12929,4
2020-10-12,16:24:53.259000,12928,12929,12929,1
2020-10-12,16:24:53.891000,12928,12929,12929,2
2020-10-12,16:24:56.618000,12929,12930,12929,1
2020-10-12,16:24:58.138000,12929,12930,12930,1
2020-10-12,16:24:58.139000,12929,12930,12930,18
2020-10-12,16:24:58.139000,12929,12930,12930,3
2020-10-12,16:24:58.139000,12929,12930,12930,1
2020-10-12,16:24:58.139000,12929,12930,12930,5
2020-10-12,16:24:58.139000,12929,12930,12930,5
2020-10-12,16:25:00.111000,12930,12931,12931,1
2020-10-12,16:25:00.227000,12930,12931,12931,1
2020-10-12,16:25:00.229000,12930,12931,12931,1
2020-10-12,16:25:00.430000,12930,12931,12930,2
2020-10-12,16:25:00.678000,12930,12931,12930,1
2020-10-12,16:25:00.940000,12930,12931,12931,1
2020-10-12,16:25:03.786000,12930,12931,12931,1
2020-10-12,16:25:04.442000,12930,12931,12931,2
2020-10-12,16:25:04.663000,12930,12931,12931,3
2020-10-12,16:25:08.392000,12930,12931,12930,1
2020-10-12,16:25:09.419000,12930,12931,12931,1
2020-10-12,16:25:09.617000,12930,12931,12931,5
2020-10-12,16:25:09.617000,12930,12931,12932,1
2020-10-12,16:25:09.843000,12930,12932,12932,1
2020-10-12,16:25:09.898000,12930,12932,12932,1
2020-10-12,16:25:10.703000,12931,12932,12932,1
2020-10-12,16:25:11.439000,12931,12932,12932,1
2020-10-12,16:25:12.017000,12931,12932,12931,1
2020-10-12,16:25:12.058000,12931,12932,12930,1
2020-10-12,16:25:12.890000,12930,12932,12932,1
2020-10-12,16:25:15.385000,12931,12932,12932,1
2020-10-12,16:25:17.250000,12931,12932,12931,1
2020-10-12,16:25:17.586000,12930,12931,12931,2
2020-10-12,16:25:20.024000,12930,12931,12931,1
2020-10-12,16:25:20.789000,12930,12931,12930,3
2020-10-12,16:25:21.177000,12930,12931,12931,1
2020-10-12,16:25:21.452000,12930,12931,12930,3
2020-10-12,16:25:27.243000,12930,12931,12930,2
2020-10-12,16:25:28.463000,12930,12931,12930,39
2020-10-12,16:25:28.464000,12930,12931,12930,2
2020-10-12,16:25:31.561000,12929,12931,12929,7
2020-10-12,16:25:31.562000,12929,12931,12929,1
2020-10-12,16:25:31.562000,12929,12931,12929,2
2020-10-12,16:25:32.394000,12929,12931,12930,1
2020-10-12,16:25:37.509000,12929,12930,12930,1
2020-10-12,16:25:40.558000,12929,12930,12930,1
2020-10-12,16:25:46.834000,12929,12930,12930,1
2020-10-12,16:25:50.585000,12929,12930,12930,2
2020-10-12,16:26:02.311000,12929,12930,12930,1
2020-10-12,16:26:02.503000,12929,12930,12930,1
2020-10-12,16:26:02.614000,12929,12930,12930,1
2020-10-12,16:26:05.461000,12929,12930,12929,1
2020-10-12,16:26:07.886000,12929,12930,12930,1
2020-10-12,16:26:08.071000,12929,12930,12930,2
2020-10-12,16:26:08.676000,12930,12931,12930,1
2020-10-12,16:26:09.208000,12930,12931,12930,1
2020-10-12,16:26:15.063000,12929,12930,12929,1
2020-10-12,16:26:22.727000,12929,12930,12930,2
2020-10-12,16:26:22.727000,12929,12930,12931,4
2020-10-12,16:26:24.127000,12929,12931,12929,1
2020-10-12,16:26:27.724000,12929,12930,12930,1
2020-10-12,16:26:27.724000,12929,12930,12930,4
2020-10-12,16:26:27.724000,12929,12930,12930,1
2020-10-12,16:26:28.418000,12930,12931,12930,1
2020-10-12,16:26:32.497000,12930,12931,12930,1
2020-10-12,16:26:34.103000,12929,12930,12930,5
2020-10-12,16:26:35.809000,12929,12930,12930,2
2020-10-12,16:26:37.954000,12930,12931,12930,1
2020-10-12,16:26:43.465000,12930,12931,12930,1
2020-10-12,16:26:44.737000,12930,12931,12931,2
2020-10-12,16:26:50.543000,12930,12931,12931,1
2020-10-12,16:26:56.044000,12930,12931,12931,1
2020-10-12,16:27:00.727000,12930,12931,12930,5
2020-10-12,16:27:01.945000,12930,12931,12930,1
2020-10-12,16:27:02.231000,12930,12931,12930,2
2020-10-12,16:27:02.746000,12930,12931,12931,1
2020-10-12,16:27:03.877000,12930,12931,12930,1
2020-10-12,16:27:06.826000,12930,12931,12931,1
2020-10-12,16:27:06.955000,12930,12931,12930,1
2020-10-12,16:27:07.696000,12930,12931,12930,3
2020-10-12,16:27:07.849000,12930,12931,12930,2
2020-10-12,16:27:10.284000,12930,12931,12931,3
2020-10-12,16:27:10.284000,12930,12931,12931,5
2020-10-12,16:27:10.284000,12930,12931,12931,1
2020-10-12,16:27:15.676000,12931,12932,12931,1
2020-10-12,16:27:15.786000,12930,12932,12930,1
2020-10-12,16:27:21.993000,12930,12931,12931,1
2020-10-12,16:27:22.527000,12930,12931,12930,1
2020-10-12,16:27:22.786000,12930,12931,12931,1
2020-10-12,16:27:22.943000,12930,12931,12931,1
2020-10-12,16:27:23.305000,12930,12932,12930,1
2020-10-12,16:27:23.931000,12930,12931,12930,1
2020-10-12,16:27:26.547000,12930,12931,12931,1
2020-10-12,16:27:26.547000,12930,12931,12931,1
2020-10-12,16:27:31.022000,12931,12932,12931,1
2020-10-12,16:27:37.119000,12931,12932,12932,1
2020-10-12,16:27:39.064000,12931,12932,12931,1
2020-10-12,16:27:40.268000,12930,12931,12931,1
2020-10-12,16:27:44.845000,12931,12932,12931,1
2020-10-12,16:27:50.923000,12931,12932,12931,1
2020-10-12,16:27:51.181000,12931,12932,12932,1
2020-10-12,16:27:52.615000,12931,12932,12931,2
2020-10-12,16:27:52.972000,12931,12932,12932,1
2020-10-12,16:27:54.643000,12931,12932,12931,1
2020-10-12,16:27:57.080000,12931,12932,12932,3
2020-10-12,16:28:05.033000,12931,12932,12932,1
2020-10-12,16:28:06.419000,12931,12932,12932,1
2020-10-12,16:28:10.313000,12931,12932,12931,1
2020-10-12,16:28:10.313000,12931,12932,12931,9
2020-10-12,16:28:10.313000,12931,12932,12931,4
2020-10-12,16:28:10.313000,12931,12932,12931,9
2020-10-12,16:28:16.358000,12930,12931,12931,8
2020-10-12,16:28:17.355000,12931,12932,12931,1
2020-10-12,16:28:20.536000,12931,12932,12931,3
2020-10-12,16:28:25.619000,12930,12931,12931,1
2020-10-12,16:28:27.555000,12930,12932,12930,3
2020-10-12,16:28:36.118000,12931,12932,12931,1
2020-10-12,16:28:47.308000,12931,12932,12931,1
2020-10-12,16:28:47.521000,12931,12932,12932,3
2020-10-12,16:28:47.550000,12931,12932,12932,3
2020-10-12,16:28:49.659000,12931,12932,12932,1
2020-10-12,16:29:01.032000,12931,12932,12932,1
2020-10-12,16:29:01.876000,12931,12932,12932,1
2020-10-12,16:29:03.123000,12931,12932,12932,2
2020-10-12,16:29:03.277000,12931,12932,12932,1
2020-10-12,16:29:10.816000,12931,12932,12931,1
2020-10-12,16:29:15.528000,12931,12932,12932,1
2020-10-12,16:29:15.734000,12931,12932,12931,2
2020-10-12,16:29:21.118000,12931,12932,12932,1
2020-10-12,16:29:22.781000,12931,12932,12931,1
2020-10-12,16:29:22.931000,12931,12932,12931,1
2020-10-12,16:29:26.638000,12931,12932,12931,10
2020-10-12,16:29:31.419000,12931,12932,12931,1
2020-10-12,16:29:32.894000,12931,12932,12931,4
2020-10-12,16:29:32.895000,12931,12932,12931,7
2020-10-12,16:29:33.292000,12930,12931,12930,3
2020-10-12,16:29:33.404000,12930,12931,12931,3
2020-10-12,16:29:37.352000,12930,12931,12931,1
2020-10-12,16:29:40.514000,12930,12931,12931,1
2020-10-12,16:29:42.312000,12930,12931,12931,2
2020-10-12,16:29:44.649000,12930,12931,12931,3
2020-10-12,16:29:44.909000,12930,12931,12931,1
2020-10-12,16:29:46.789000,12930,12931,12931,11
2020-10-12,16:29:46.789000,12930,12931,12931,1
2020-10-12,16:29:47.322000,12930,12931,12931,1
2020-10-12,16:29:53.096000,12930,12931,12931,1
2020-10-12,16:29:54.604000,12930,12931,12930,1
2020-10-12,16:29:58.154000,12930,12931,12930,2
2020-10-12,16:30:00.035000,12930,12931,12930,1
2020-10-12,16:30:00.210000,12930,12931,12931,1
2020-10-12,16:30:00.269000,12930,12931,12931,1
2020-10-12,16:30:00.269000,12930,12931,12931,5
2020-10-12,16:30:00.270000,12930,12931,12931,2
2020-10-12,16:30:00.287000,12930,12931,12932,2
2020-10-12,16:30:00.295000,12930,12931,12931,1
2020-10-12,16:30:00.327000,12930,12931,12931,2
2020-10-12,16:30:00.360000,12930,12932,12931,2
2020-10-12,16:30:00.373000,12930,12932,12932,2
2020-10-12,16:30:00.386000,12930,12932,12931,2
2020-10-12,16:30:00.411000,12930,12932,12931,2
2020-10-12,16:30:00.436000,12930,12932,12931,2
2020-10-12,16:30:00.458000,12931,12932,12931,2
2020-10-12,16:30:00.483000,12931,12932,12931,1
2020-10-12,16:30:00.507000,12931,12932,12932,2
2020-10-12,16:30:00.509000,12931,12932,12931,1
2020-10-12,16:30:00.529000,12931,12932,12932,1
2020-10-12,16:30:00.723000,12931,12932,12932,1
2020-10-12,16:30:00.742000,12931,12932,12933,1
2020-10-12,16:30:00.911000,12932,12933,12933,1
2020-10-12,16:30:01.036000,12932,12933,12933,2
2020-10-12,16:30:01.083000,12932,12933,12933,1
2020-10-12,16:30:01.085000,12932,12933,12933,1
2020-10-12,16:30:01.086000,12932,12933,12933,1
2020-10-12,16:30:01.106000,12932,12933,12933,1
2020-10-12,16:30:01.573000,12932,12933,12933,1
2020-10-12,16:30:01.603000,12932,12933,12932,1
2020-10-12,16:30:01.987000,12932,12933,12933,1
2020-10-12,16:30:01.988000,12932,12933,12933,15
2020-10-12,16:30:02.083000,12932,12934,12933,1
2020-10-12,16:30:02.109000,12932,12934,12933,1
2020-10-12,16:30:02.169000,12932,12934,12933,1
2020-10-12,16:30:02.189000,12932,12934,12932,4
2020-10-12,16:30:02.516000,12932,12933,12933,1
2020-10-12,16:30:02.542000,12932,12933,12933,1
2020-10-12,16:30:02.567000,12932,12933,12933,1
2020-10-12,16:30:02.629000,12932,12934,12933,1
2020-10-12,16:30:02.956000,12932,12933,12933,1
2020-10-12,16:30:03.163000,12932,12934,12932,1
2020-10-12,16:30:03.163000,12932,12934,12934,1
2020-10-12,16:30:03.264000,12932,12934,12934,4
2020-10-12,16:30:03.476000,12933,12934,12934,1
2020-10-12,16:30:03.876000,12933,12934,12934,1
2020-10-12,16:30:03.882000,12933,12934,12934,1
2020-10-12,16:30:03.889000,12933,12934,12934,1
2020-10-12,16:30:03.911000,12933,12934,12934,1
2020-10-12,16:30:03.920000,12933,12934,12934,1
2020-10-12,16:30:03.950000,12933,12934,12934,1
2020-10-12,16:30:04.589000,12933,12934,12934,1
2020-10-12,16:30:06.180000,12933,12934,12934,1
2020-10-12,16:30:06.230000,12933,12934,12934,1
2020-10-12,16:30:06.231000,12933,12934,12934,1
2020-10-12,16:30:06.397000,12933,12934,12934,3
2020-10-12,16:30:06.651000,12933,12934,12934,2
2020-10-12,16:30:08.548000,12933,12934,12934,3
2020-10-12,16:30:08.584000,12933,12934,12934,1
2020-10-12,16:30:10.335000,12932,12934,12934,1
2020-10-12,16:30:17.645000,12932,12933,12933,1
2020-10-12,16:30:19.710000,12932,12933,12933,4
2020-10-12,16:30:21.617000,12932,12933,12933,1
2020-10-12,16:30:22.286000,12932,12933,12933,1
2020-10-12,16:30:27.552000,12932,12934,12933,1
2020-10-12,16:30:35.305000,12933,12934,12933,1
2020-10-12,16:30:40.785000,12933,12934,12933,1
2020-10-12,16:30:42.996000,12933,12934,12933,1
2020-10-12,16:30:43.084000,12933,12934,12934,1
2020-10-12,16:30:43.084000,12933,12934,12934,1
2020-10-12,16:30:43.085000,12933,12934,12934,1
2020-10-12,16:30:43.085000,12933,12934,12934,1
2020-10-12,16:30:43.085000,12933,12934,12934,1
2020-10-12,16:30:43.085000,12933,12934,12934,1
2020-10-12,16:30:43.085000,12933,12934,12934,3
2020-10-12,16:30:43.085000,12933,12934,12934,2
2020-10-12,16:30:43.762000,12934,12935,12935,1
2020-10-12,16:30:43.836000,12934,12935,12935,3
2020-10-12,16:30:43.971000,12934,12935,12934,7
2020-10-12,16:30:43.982000,12934,12935,12935,1
2020-10-12,16:30:43.994000,12934,12935,12935,1
2020-10-12,16:30:44.173000,12934,12935,12935,1
2020-10-12,16:30:44.218000,12934,12935,12935,1
2020-10-12,16:30:44.285000,12934,12935,12935,2
2020-10-12,16:30:44.369000,12934,12935,12935,1
2020-10-12,16:30:45.854000,12934,12935,12935,9
2020-10-12,16:30:48.489000,12935,12936,12936,1
2020-10-12,16:30:48.931000,12935,12936,12936,2
2020-10-12,16:30:48.937000,12935,12936,12936,1
2020-10-12,16:30:49.267000,12935,12936,12936,1
2020-10-12,16:30:49.682000,12935,12936,12936,1
2020-10-12,16:30:50.039000,12935,12936,12936,1
2020-10-12,16:30:50.254000,12935,12936,12935,1
2020-10-12,16:30:51.638000,12935,12936,12936,1
2020-10-12,16:30:52.019000,12935,12936,12936,4
2020-10-12,16:30:52.844000,12935,12937,12935,1
2020-10-12,16:30:53.744000,12935,12937,12937,2
2020-10-12,16:30:54.174000,12936,12937,12937,1
2020-10-12,16:30:54.295000,12936,12937,12937,1
2020-10-12,16:30:54.834000,12936,12937,12937,1
2020-10-12,16:30:55.264000,12936,12937,12937,3
2020-10-12,16:30:58.283000,12936,12938,12936,1
2020-10-12,16:30:58.289000,12936,12938,12937,2
2020-10-12,16:30:58.289000,12936,12938,12938,1
2020-10-12,16:30:58.539000,12936,12938,12938,1
2020-10-12,16:30:59.006000,12936,12937,12937,1
2020-10-12,16:30:59.295000,12936,12938,12938,1
2020-10-12,16:30:59.329000,12936,12938,12937,1
2020-10-12,16:31:04.628000,12936,12937,12937,2
2020-10-12,16:31:04.629000,12936,12937,12937,1
2020-10-12,16:31:04.629000,12936,12937,12937,1
2020-10-12,16:31:04.789000,12936,12938,12938,10
2020-10-12,16:31:04.912000,12936,12938,12938,1
2020-10-12,16:31:06.040000,12936,12937,12936,1
2020-10-12,16:31:07.475000,12936,12937,12936,1
2020-10-12,16:31:09.135000,12936,12937,12937,1
2020-10-12,16:31:12.957000,12937,12938,12937,4
2020-10-12,16:31:16.082000,12936,12937,12936,10
2020-10-12,16:31:16.190000,12936,12937,12936,2
2020-10-12,16:31:16.456000,12935,12936,12936,1
2020-10-12,16:31:17.009000,12935,12936,12936,1
2020-10-12,16:31:19.641000,12935,12936,12935,1
2020-10-12,16:31:21.980000,12935,12936,12936,1
2020-10-12,16:31:22.306000,12935,12936,12936,3
2020-10-12,16:31:22.582000,12936,12937,12936,7
2020-10-12,16:31:24.002000,12935,12936,12936,1
2020-10-12,16:31:33.332000,12935,12936,12935,9
2020-10-12,16:31:33.333000,12935,12936,12935,3
2020-10-12,16:31:33.333000,12935,12936,12935,2
2020-10-12,16:31:39.027000,12934,12935,12934,4
2020-10-12,16:31:39.028000,12934,12935,12934,1
2020-10-12,16:31:39.147000,12933,12935,12935,1
2020-10-12,16:31:45.211000,12934,12935,12934,1
2020-10-12,16:31:45.211000,12934,12935,12934,4
2020-10-12,16:31:47.580000,12934,12935,12934,1
2020-10-12,16:31:49.909000,12933,12934,12934,1
2020-10-12,16:31:54.638000,12933,12935,12935,3
2020-10-12,16:31:55.128000,12933,12934,12934,1
2020-10-12,16:31:56.213000,12933,12934,12934,2
2020-10-12,16:31:56.426000,12933,12935,12935,3
2020-10-12,16:31:56.718000,12933,12935,12935,1
2020-10-12,16:32:03.043000,12933,12935,12933,2
2020-10-12,16:32:03.174000,12933,12935,12933,1
2020-10-12,16:32:04.249000,12933,12935,12935,3
2020-10-12,16:32:11.240000,12933,12935,12935,3
2020-10-12,16:32:15.879000,12934,12935,12935,2
2020-10-12,16:32:15.987000,12934,12935,12934,1
2020-10-12,16:32:16.472000,12933,12935,12934,1
2020-10-12,16:32:16.845000,12933,12935,12933,1
2020-10-12,16:32:18.342000,12933,12934,12934,1
2020-10-12,16:32:18.821000,12934,12935,12934,1
2020-10-12,16:32:20.260000,12934,12935,12935,3
2020-10-12,16:32:20.488000,12934,12935,12934,10
2020-10-12,16:32:21.991000,12934,12935,12935,1
2020-10-12,16:32:22.342000,12934,12935,12935,4
2020-10-12,16:32:23.851000,12934,12935,12934,1
2020-10-12,16:32:27.829000,12934,12935,12935,1
2020-10-12,16:32:27.829000,12934,12935,12936,2
2020-10-12,16:32:29.653000,12934,12935,12935,3
2020-10-12,16:32:36.794000,12934,12935,12934,1
2020-10-12,16:32:42.534000,12934,12935,12935,1
2020-10-12,16:32:53.157000,12934,12935,12935,2
2020-10-12,16:32:58.369000,12934,12935,12935,1
2020-10-12,16:33:03.076000,12934,12935,12934,4
2020-10-12,16:33:03.210000,12933,12934,12934,1
2020-10-12,16:33:03.751000,12933,12934,12934,1
2020-10-12,16:33:05.046000,12933,12934,12934,2
2020-10-12,16:33:07.408000,12933,12935,12935,1
2020-10-12,16:33:07.997000,12933,12935,12935,2
2020-10-12,16:33:15.028000,12934,12935,12935,1
2020-10-12,16:33:16.695000,12934,12935,12935,1
2020-10-12,16:33:21.265000,12934,12935,12935,1
2020-10-12,16:33:49.980000,12934,12935,12934,1
2020-10-12,16:34:11.756000,12934,12935,12934,1
2020-10-12,16:34:15.557000,12934,12935,12934,2
2020-10-12,16:34:15.558000,12934,12935,12934,2
2020-10-12,16:34:15.558000,12934,12935,12934,1
2020-10-12,16:34:16.516000,12933,12934,12934,1
2020-10-12,16:34:21.684000,12933,12934,12933,1
2020-10-12,16:34:21.852000,12933,12934,12934,1
2020-10-12,16:34:21.943000,12933,12934,12934,1
2020-10-12,16:34:22.042000,12933,12934,12934,1
2020-10-12,16:34:22.220000,12933,12934,12934,1
2020-10-12,16:34:26.077000,12933,12934,12934,1
2020-10-12,16:34:26.263000,12934,12935,12935,1
2020-10-12,16:34:26.445000,12934,12935,12934,1
2020-10-12,16:34:26.445000,12934,12935,12933,1
2020-10-12,16:34:28.623000,12933,12935,12935,1
2020-10-12,16:34:36.432000,12933,12934,12934,1
2020-10-12,16:34:39.167000,12933,12934,12934,2
2020-10-12,16:34:39.167000,12933,12934,12935,1
2020-10-12,16:34:57.263000,12934,12935,12934,1
2020-10-12,16:35:05.020000,12933,12935,12935,4
2020-10-12,16:35:13.377000,12934,12935,12935,1
2020-10-12,16:35:16.001000,12934,12935,12934,1
2020-10-12,16:35:29.421000,12933,12935,12933,1
2020-10-12,16:35:34.337000,12933,12934,12934,1
2020-10-12,16:35:38.252000,12933,12934,12934,1
2020-10-12,16:35:40.760000,12933,12934,12933,1
2020-10-12,16:35:42.418000,12933,12934,12934,5
2020-10-12,16:35:46.147000,12934,12935,12934,1
2020-10-12,16:35:47.772000,12934,12935,12935,2
2020-10-12,16:35:48.514000,12934,12935,12934,1
2020-10-12,16:35:54.094000,12934,12935,12934,1
2020-10-12,16:36:00.693000,12934,12935,12934,5
2020-10-12,16:36:02.631000,12934,12935,12934,1
2020-10-12,16:36:03.544000,12934,12935,12935,1
2020-10-12,16:36:05.254000,12934,12935,12934,1
2020-10-12,16:36:05.909000,12934,12935,12934,1
2020-10-12,16:36:11.727000,12934,12935,12934,1
2020-10-12,16:36:17.449000,12934,12935,12934,1
2020-10-12,16:36:18.308000,12934,12935,12934,1
2020-10-12,16:36:18.308000,12934,12935,12934,11
2020-10-12,16:36:18.308000,12934,12935,12934,4
2020-10-12,16:36:18.309000,12934,12935,12934,1
2020-10-12,16:36:18.309000,12934,12935,12934,2
2020-10-12,16:36:21.133000,12933,12934,12934,1
2020-10-12,16:36:21.244000,12933,12935,12933,1
2020-10-12,16:36:29.763000,12933,12935,12934,1
2020-10-12,16:36:36.613000,12933,12935,12934,1
2020-10-12,16:36:38.648000,12934,12935,12934,1
2020-10-12,16:36:47.203000,12933,12935,12934,1
2020-10-12,16:36:55.361000,12934,12935,12935,1
2020-10-12,16:37:07.100000,12934,12935,12935,1
2020-10-12,16:37:15.280000,12934,12935,12934,1
2020-10-12,16:37:15.401000,12934,12935,12935,1
2020-10-12,16:37:15.517000,12934,12935,12935,1
2020-10-12,16:37:15.654000,12934,12935,12935,1
2020-10-12,16:37:18.644000,12934,12935,12934,1
2020-10-12,16:37:29.961000,12934,12935,12934,1
2020-10-12,16:37:33.122000,12934,12935,12934,1
2020-10-12,16:37:45.086000,12934,12935,12934,1
2020-10-12,16:37:50.274000,12934,12935,12934,1
2020-10-12,16:37:57.312000,12934,12935,12934,1
2020-10-12,16:37:58.358000,12933,12935,12933,3
2020-10-12,16:38:11.632000,12933,12934,12933,3
2020-10-12,16:38:13.487000,12933,12934,12933,1
2020-10-12,16:38:28.349000,12933,12934,12933,1
2020-10-12,16:38:37.232000,12933,12934,12934,1
2020-10-12,16:38:38.923000,12933,12934,12933,2
2020-10-12,16:38:43.244000,12933,12934,12933,1
2020-10-12,16:38:49.706000,12933,12934,12933,1
2020-10-12,16:38:51.184000,12933,12934,12933,1
2020-10-12,16:38:51.184000,12933,12934,12933,1
2020-10-12,16:38:51.184000,12933,12934,12933,4
2020-10-12,16:38:51.184000,12933,12934,12933,1
2020-10-12,16:38:51.184000,12933,12934,12933,2
2020-10-12,16:38:51.184000,12933,12934,12933,4
2020-10-12,16:38:51.184000,12933,12934,12933,5
2020-10-12,16:38:51.184000,12933,12934,12933,1
2020-10-12,16:38:51.185000,12933,12934,12933,3
2020-10-12,16:38:51.185000,12933,12934,12933,15
2020-10-12,16:38:51.185000,12933,12934,12933,5
2020-10-12,16:38:51.185000,12933,12934,12933,1
2020-10-12,16:38:51.185000,12933,12934,12933,4
2020-10-12,16:38:51.185000,12933,12934,12933,5
2020-10-12,16:38:58.963000,12932,12933,12933,2
2020-10-12,16:39:03.366000,12933,12934,12933,1
2020-10-12,16:39:04.802000,12933,12934,12933,1
2020-10-12,16:39:11.812000,12932,12933,12933,7
2020-10-12,16:39:14.119000,12933,12934,12933,2
2020-10-12,16:39:19.835000,12932,12933,12933,2
2020-10-12,16:39:23.584000,12933,12934,12933,1
2020-10-12,16:39:40.399000,12933,12934,12933,1
2020-10-12,16:39:52.727000,12932,12934,12932,1
2020-10-12,16:39:53.097000,12932,12934,12934,2
2020-10-12,16:40:00.043000,12932,12933,12933,1
2020-10-12,16:40:01.108000,12932,12933,12932,1
2020-10-12,16:40:02.258000,12932,12933,12932,2
2020-10-12,16:40:12.389000,12932,12933,12932,1
2020-10-12,16:40:20.707000,12932,12933,12932,1
2020-10-12,16:40:23.887000,12932,12933,12932,1
2020-10-12,16:40:24.209000,12932,12933,12932,1
2020-10-12,16:40:26.626000,12932,12933,12932,9
2020-10-12,16:40:26.628000,12932,12933,12932,1
2020-10-12,16:40:28.531000,12931,12932,12931,1
2020-10-12,16:40:28.531000,12931,12932,12931,1
2020-10-12,16:40:28.557000,12931,12932,12931,1
2020-10-12,16:40:28.582000,12931,12932,12931,1
2020-10-12,16:40:28.582000,12931,12932,12931,1
2020-10-12,16:40:28.606000,12931,12932,12931,6
2020-10-12,16:40:28.608000,12931,12932,12931,1
2020-10-12,16:40:28.656000,12931,12932,12931,4
2020-10-12,16:40:29.614000,12931,12932,12931,1
2020-10-12,16:40:35.666000,12931,12932,12931,3
2020-10-12,16:40:36.692000,12931,12932,12931,1
2020-10-12,16:40:38.163000,12931,12932,12931,1
2020-10-12,16:40:39.006000,12931,12932,12931,3
2020-10-12,16:40:39.006000,12931,12932,12931,2
2020-10-12,16:40:39.006000,12931,12932,12931,4
2020-10-12,16:40:39.007000,12931,12932,12931,2
2020-10-12,16:40:39.007000,12931,12932,12931,5
2020-10-12,16:40:39.052000,12931,12932,12931,1
2020-10-12,16:40:41.259000,12931,12932,12931,1
2020-10-12,16:40:46.452000,12931,12932,12931,2
2020-10-12,16:41:07.289000,12930,12931,12931,1
2020-10-12,16:41:08.246000,12930,12931,12931,1
2020-10-12,16:41:11.178000,12930,12931,12930,1
2020-10-12,16:41:11.184000,12930,12931,12931,2
2020-10-12,16:41:17.510000,12930,12931,12931,1
2020-10-12,16:41:28.602000,12930,12931,12930,3
2020-10-12,16:41:30.703000,12930,12931,12930,1
2020-10-12,16:41:30.703000,12930,12931,12930,2
2020-10-12,16:41:30.704000,12930,12931,12930,12
2020-10-12,16:41:30.704000,12930,12931,12930,5
2020-10-12,16:41:30.704000,12930,12931,12930,1
2020-10-12,16:41:30.704000,12930,12931,12930,13
2020-10-12,16:41:30.704000,12930,12931,12930,4
2020-10-12,16:41:30.704000,12930,12931,12930,2
2020-10-12,16:41:30.704000,12930,12931,12930,4
2020-10-12,16:41:30.748000,12930,12931,12930,1
2020-10-12,16:41:30.773000,12930,12931,12930,1
2020-10-12,16:41:30.798000,12930,12931,12930,1
2020-10-12,16:41:30.824000,12930,12931,12930,1
2020-10-12,16:41:30.849000,12930,12931,12930,1
2020-10-12,16:41:30.849000,12930,12931,12930,1
2020-10-12,16:41:30.874000,12930,12931,12930,1
2020-10-12,16:41:31.338000,12930,12931,12930,5
2020-10-12,16:41:31.339000,12930,12931,12930,47
2020-10-12,16:41:31.792000,12929,12930,12929,2
2020-10-12,16:41:31.858000,12929,12930,12929,2
2020-10-12,16:41:31.914000,12929,12930,12929,5
2020-10-12,16:41:31.951000,12929,12930,12929,1
2020-10-12,16:41:32.058000,12929,12930,12929,1
2020-10-12,16:41:33.955000,12929,12930,12930,4
2020-10-12,16:41:37.001000,12929,12930,12929,1
2020-10-12,16:41:43.260000,12929,12930,12929,1
2020-10-12,16:41:43.923000,12929,12930,12929,1
2020-10-12,16:41:44.671000,12929,12930,12929,1
2020-10-12,16:41:45.048000,12929,12930,12929,1
2020-10-12,16:41:50.491000,12929,12930,12930,4
2020-10-12,16:41:50.724000,12930,12931,12930,2
2020-10-12,16:41:54.952000,12930,12931,12931,1
2020-10-12,16:41:54.953000,12930,12931,12931,2
2020-10-12,16:41:57.570000,12930,12932,12931,1
2020-10-12,16:42:02.314000,12930,12931,12930,5
2020-10-12,16:42:07.934000,12930,12931,12930,1
2020-10-12,16:42:08.999000,12930,12931,12930,1
2020-10-12,16:42:09.230000,12930,12931,12930,3
2020-10-12,16:42:13.090000,12930,12931,12930,1
2020-10-12,16:42:13.936000,12930,12931,12930,1
2020-10-12,16:42:15.931000,12930,12931,12930,3
2020-10-12,16:42:22.218000,12930,12931,12930,1
2020-10-12,16:42:32.674000,12930,12931,12930,1
2020-10-12,16:42:33.606000,12930,12931,12930,2
2020-10-12,16:42:35.181000,12930,12931,12930,1
2020-10-12,16:42:50.696000,12929,12930,12929,1
2020-10-12,16:42:56.215000,12929,12930,12929,1
2020-10-12,16:43:01.256000,12929,12930,12929,2
2020-10-12,16:43:01.256000,12929,12930,12929,4
2020-10-12,16:43:01.257000,12929,12930,12929,2
2020-10-12,16:43:01.259000,12929,12930,12929,1
2020-10-12,16:43:02.131000,12928,12930,12928,5
2020-10-12,16:43:02.359000,12928,12929,12929,2
2020-10-12,16:43:03.148000,12928,12930,12928,3
2020-10-12,16:43:03.543000,12928,12929,12929,1
2020-10-12,16:43:08.510000,12928,12929,12929,1
2020-10-12,16:43:13.952000,12929,12930,12929,2
2020-10-12,16:43:17.598000,12928,12929,12929,1
2020-10-12,16:43:25.316000,12928,12929,12928,1
2020-10-12,16:43:31.914000,12928,12929,12928,2
2020-10-12,16:43:33.562000,12928,12929,12928,1
2020-10-12,16:43:57.621000,12928,12929,12929,1
2020-10-12,16:44:05.581000,12928,12929,12929,3
2020-10-12,16:44:10.107000,12928,12929,12929,2
2020-10-12,16:44:11.530000,12928,12929,12929,1
2020-10-12,16:45:10.725000,12929,12930,12929,1
2020-10-12,16:45:11.065000,12929,12930,12930,1
2020-10-12,16:45:12.021000,12929,12930,12929,1
2020-10-12,16:45:12.236000,12929,12930,12929,1
2020-10-12,16:45:12.337000,12929,12930,12929,11
2020-10-12,16:45:12.337000,12929,12930,12928,4
2020-10-12,16:45:18.209000,12928,12929,12928,4
2020-10-12,16:45:18.210000,12928,12929,12928,2
2020-10-12,16:45:20.038000,12927,12928,12928,1
2020-10-12,16:45:21.741000,12927,12928,12928,1
2020-10-12,16:45:23.082000,12927,12928,12927,3
2020-10-12,16:45:24.355000,12926,12927,12927,2
2020-10-12,16:45:26.239000,12926,12927,12927,2
2020-10-12,16:45:27.517000,12927,12928,12927,3
2020-10-12,16:45:29.304000,12927,12928,12927,1
2020-10-12,16:45:31.897000,12926,12927,12926,2
2020-10-12,16:45:31.983000,12926,12927,12926,1
2020-10-12,16:45:32.094000,12926,12927,12926,1
2020-10-12,16:45:35.347000,12926,12927,12927,1
2020-10-12,16:45:38.794000,12926,12927,12926,1
2020-10-12,16:45:39.523000,12926,12927,12926,1
2020-10-12,16:45:39.524000,12926,12927,12926,3
2020-10-12,16:45:39.583000,12925,12927,12927,1
2020-10-12,16:45:40.070000,12925,12927,12925,3
2020-10-12,16:45:40.105000,12925,12927,12925,1
2020-10-12,16:45:40.135000,12925,12927,12925,2
2020-10-12,16:45:40.281000,12925,12927,12927,1
2020-10-12,16:45:40.288000,12925,12927,12925,1
2020-10-12,16:45:44.700000,12925,12927,12926,1
2020-10-12,16:45:45.067000,12925,12927,12925,3
2020-10-12,16:45:47.207000,12925,12926,12926,1
2020-10-12,16:45:51.158000,12926,12927,12926,1
2020-10-12,16:45:51.574000,12926,12927,12926,1
2020-10-12,16:45:53.633000,12926,12927,12926,2
2020-10-12,16:45:54.625000,12926,12927,12926,7
2020-10-12,16:45:54.625000,12926,12927,12925,3
2020-10-12,16:45:55.832000,12926,12927,12927,12
2020-10-12,16:45:56.742000,12926,12928,12927,2
2020-10-12,16:45:59.557000,12926,12928,12927,1
2020-10-12,16:45:59.558000,12926,12928,12927,1
2020-10-12,16:46:05.527000,12927,12928,12927,1
2020-10-12,16:46:07.282000,12926,12928,12928,1
2020-10-12,16:46:08.374000,12926,12928,12928,1
2020-10-12,16:46:08.773000,12926,12927,12927,1
2020-10-12,16:46:11.110000,12927,12928,12927,1
2020-10-12,16:46:14.781000,12927,12928,12927,1
2020-10-12,16:46:17.510000,12926,12927,12927,1
2020-10-12,16:46:18.742000,12926,12927,12927,1
2020-10-12,16:46:19.996000,12926,12927,12927,1
2020-10-12,16:46:33.534000,12926,12927,12927,1
2020-10-12,16:46:37.956000,12926,12927,12927,1
2020-10-12,16:46:37.975000,12926,12927,12927,5
2020-10-12,16:46:52.398000,12926,12927,12927,3
2020-10-12,16:46:52.398000,12926,12927,12927,3
2020-10-12,16:46:57.630000,12927,12928,12927,1
2020-10-12,16:46:59.109000,12926,12928,12926,1
2020-10-12,16:46:59.527000,12926,12928,12926,1
2020-10-12,16:46:59.775000,12926,12928,12926,1
2020-10-12,16:47:03.237000,12926,12927,12926,1
2020-10-12,16:47:04.247000,12926,12927,12926,1
2020-10-12,16:47:04.843000,12926,12927,12926,1
2020-10-12,16:47:09.071000,12926,12927,12927,1
2020-10-12,16:47:12.427000,12926,12927,12927,1
2020-10-12,16:47:12.427000,12926,12927,12927,1
2020-10-12,16:47:14.544000,12927,12928,12927,1
2020-10-12,16:47:17.105000,12927,12928,12928,1
2020-10-12,16:47:18.723000,12927,12928,12928,2
2020-10-12,16:47:20.513000,12927,12928,12927,1
2020-10-12,16:47:25.404000,12927,12928,12928,1
2020-10-12,16:47:37.190000,12927,12928,12928,1
2020-10-12,16:47:45.216000,12927,12928,12928,1
2020-10-12,16:47:46.935000,12927,12928,12928,1
2020-10-12,16:47:48.402000,12927,12928,12927,1
2020-10-12,16:47:50.442000,12927,12928,12928,2
2020-10-12,16:47:50.443000,12927,12928,12928,7
2020-10-12,16:47:50.443000,12927,12928,12928,3
2020-10-12,16:47:51.750000,12928,12929,12928,1
2020-10-12,16:47:57.640000,12927,12928,12927,1
2020-10-12,16:47:59.433000,12927,12928,12928,1
2020-10-12,16:47:59.595000,12928,12929,12928,5
2020-10-12,16:48:04.203000,12927,12928,12928,2
2020-10-12,16:48:04.257000,12928,12929,12928,1
2020-10-12,16:48:04.257000,12928,12929,12928,1
2020-10-12,16:48:04.385000,12927,12929,12927,1
2020-10-12,16:48:12.207000,12927,12928,12928,1
2020-10-12,16:48:20.094000,12928,12929,12929,1
2020-10-12,16:48:30.245000,12928,12929,12929,1
2020-10-12,16:48:43.805000,12928,12930,12929,1
2020-10-12,16:48:55.580000,12928,12929,12929,1
2020-10-12,16:48:57.012000,12928,12929,12929,1
2020-10-12,16:49:00.931000,12928,12929,12929,1
2020-10-12,16:49:02.969000,12928,12929,12928,12
2020-10-12,16:49:07.156000,12927,12928,12928,1
2020-10-12,16:49:11.924000,12927,12929,12928,1
2020-10-12,16:49:20.708000,12928,12929,12928,1
2020-10-12,16:49:29.404000,12928,12929,12928,1
2020-10-12,16:49:45.391000,12927,12928,12927,1
2020-10-12,16:49:45.416000,12927,12928,12927,1
2020-10-12,16:49:45.442000,12927,12928,12927,1
2020-10-12,16:49:45.462000,12927,12928,12927,1
2020-10-12,16:49:45.487000,12927,12928,12927,1
2020-10-12,16:49:45.487000,12927,12928,12927,4
2020-10-12,16:49:45.488000,12927,12928,12927,3
2020-10-12,16:49:47.482000,12926,12927,12926,1
2020-10-12,16:49:50.762000,12926,12927,12927,1
2020-10-12,16:49:51.867000,12926,12928,12926,1
2020-10-12,16:49:56.849000,12927,12928,12927,1
2020-10-12,16:49:57.915000,12926,12927,12926,2
2020-10-12,16:50:03.737000,12926,12927,12926,1
2020-10-12,16:50:06.011000,12926,12927,12926,1
2020-10-12,16:50:08.714000,12926,12927,12927,1
2020-10-12,16:50:24.474000,12926,12927,12927,1
2020-10-12,16:50:24.918000,12926,12927,12927,1
2020-10-12,16:50:32.135000,12926,12927,12926,1
2020-10-12,16:50:34.702000,12926,12927,12926,13
2020-10-12,16:50:42.785000,12925,12926,12925,5
2020-10-12,16:50:42.787000,12925,12926,12925,31
2020-10-12,16:50:42.914000,12924,12925,12924,1
2020-10-12,16:50:43.001000,12924,12925,12924,5
2020-10-12,16:50:43.001000,12924,12925,12924,2
2020-10-12,16:50:43.093000,12924,12925,12924,1
2020-10-12,16:50:43.391000,12924,12925,12924,1
2020-10-12,16:50:43.391000,12924,12925,12923,1
2020-10-12,16:50:43.562000,12923,12925,12923,1
2020-10-12,16:50:43.660000,12923,12925,12923,1
2020-10-12,16:50:44.275000,12923,12925,12923,1
2020-10-12,16:50:48.778000,12923,12925,12925,1
2020-10-12,16:50:50.029000,12924,12926,12924,1
2020-10-12,16:50:57.623000,12923,12924,12924,1
2020-10-12,16:50:57.628000,12923,12924,12924,1
2020-10-12,16:50:58.394000,12923,12925,12924,1
2020-10-12,16:51:01.909000,12924,12925,12924,3
2020-10-12,16:51:02.644000,12923,12924,12924,1
2020-10-12,16:51:06.557000,12923,12924,12923,4
2020-10-12,16:51:07.143000,12923,12924,12923,6
2020-10-12,16:51:07.512000,12923,12924,12924,1
2020-10-12,16:51:08.317000,12923,12924,12923,1
2020-10-12,16:51:11.426000,12923,12924,12924,3
2020-10-12,16:51:13.464000,12923,12924,12924,1
2020-10-12,16:51:18.621000,12924,12925,12924,1
2020-10-12,16:51:21.376000,12924,12925,12924,3
2020-10-12,16:51:21.376000,12924,12925,12923,2
2020-10-12,16:51:24.620000,12923,12924,12924,1
2020-10-12,16:51:24.621000,12923,12924,12924,1
2020-10-12,16:51:26.065000,12923,12924,12924,1
2020-10-12,16:51:29.679000,12923,12924,12924,1
2020-10-12,16:51:33.467000,12924,12925,12924,4
2020-10-12,16:51:33.707000,12923,12924,12924,1
2020-10-12,16:51:44.773000,12924,12925,12924,2
2020-10-12,16:51:48.255000,12923,12924,12924,1
2020-10-12,16:51:54.620000,12923,12924,12924,1
2020-10-12,16:51:54.621000,12923,12924,12924,1
2020-10-12,16:51:59.774000,12924,12925,12924,1
2020-10-12,16:51:59.775000,12924,12925,12924,1
2020-10-12,16:52:00.336000,12924,12925,12924,1
2020-10-12,16:52:01.011000,12924,12925,12924,1
2020-10-12,16:52:06.034000,12924,12925,12924,1
2020-10-12,16:52:06.328000,12924,12925,12924,1
2020-10-12,16:52:09.550000,12924,12925,12924,1
2020-10-12,16:52:10.725000,12924,12925,12924,1
2020-10-12,16:52:12.580000,12923,12925,12925,1
2020-10-12,16:52:13.014000,12923,12925,12924,1
2020-10-12,16:52:20.873000,12924,12925,12924,1
2020-10-12,16:52:22.807000,12924,12925,12924,1
2020-10-12,16:52:28.151000,12924,12925,12924,1
2020-10-12,16:52:32.483000,12924,12925,12924,1
2020-10-12,16:52:39.274000,12923,12924,12923,10
2020-10-12,16:52:48.610000,12923,12924,12923,3
2020-10-12,16:52:49.765000,12923,12924,12923,1
2020-10-12,16:52:53.927000,12923,12924,12923,1
2020-10-12,16:52:55.546000,12922,12923,12922,1
2020-10-12,16:52:55.633000,12922,12923,12923,1
2020-10-12,16:52:55.644000,12922,12923,12922,2
2020-10-12,16:52:56.757000,12922,12924,12922,1
2020-10-12,16:52:56.871000,12922,12924,12923,1
2020-10-12,16:52:58.986000,12922,12924,12922,2
2020-10-12,16:53:03.504000,12922,12923,12922,1
2020-10-12,16:53:03.810000,12922,12923,12922,1
2020-10-12,16:53:04.122000,12922,12923,12922,1
2020-10-12,16:53:04.422000,12922,12923,12922,1
2020-10-12,16:53:04.729000,12922,12923,12922,1
2020-10-12,16:53:05.031000,12922,12923,12922,1
2020-10-12,16:53:05.339000,12922,12923,12922,1
2020-10-12,16:53:05.646000,12922,12923,12922,1
2020-10-12,16:53:05.955000,12922,12923,12922,1
2020-10-12,16:53:05.955000,12922,12923,12922,3
2020-10-12,16:53:06.205000,12921,12922,12921,1
2020-10-12,16:53:06.230000,12921,12922,12921,1
2020-10-12,16:53:06.473000,12921,12922,12921,2
2020-10-12,16:53:08.700000,12921,12922,12921,3
2020-10-12,16:53:08.700000,12921,12922,12921,6
2020-10-12,16:53:08.709000,12920,12922,12920,1
2020-10-12,16:53:08.893000,12920,12921,12920,3
2020-10-12,16:53:11.382000,12921,12922,12921,1
2020-10-12,16:53:11.382000,12921,12922,12921,1
2020-10-12,16:53:12.149000,12920,12922,12920,1
2020-10-12,16:53:15.433000,12920,12922,12920,1
2020-10-12,16:53:18.394000,12920,12922,12920,1
2020-10-12,16:53:24.413000,12920,12922,12920,1
2020-10-12,16:53:25.120000,12920,12922,12920,1
2020-10-12,16:53:27.631000,12920,12922,12920,1
2020-10-12,16:53:28.342000,12920,12922,12920,1
2020-10-12,16:53:30.115000,12920,12922,12920,1
2020-10-12,16:53:30.231000,12920,12922,12920,1
2020-10-12,16:53:31.330000,12920,12922,12920,1
2020-10-12,16:53:31.442000,12920,12922,12920,3
2020-10-12,16:53:32.218000,12920,12922,12920,1
2020-10-12,16:53:41.604000,12920,12921,12920,1
2020-10-12,16:53:45.115000,12920,12921,12920,1
2020-10-12,16:53:53.957000,12920,12921,12921,7
2020-10-12,16:53:55.268000,12921,12922,12922,2
2020-10-12,16:53:56.294000,12921,12923,12921,1
2020-10-12,16:53:58.123000,12921,12923,12921,1
2020-10-12,16:54:07.055000,12921,12923,12921,5
2020-10-12,16:54:07.099000,12921,12922,12922,2
2020-10-12,16:54:19.418000,12921,12922,12922,1
2020-10-12,16:54:23.237000,12921,12922,12922,1
2020-10-12,16:54:23.517000,12921,12922,12921,2
2020-10-12,16:54:23.561000,12921,12922,12921,2
2020-10-12,16:54:24.302000,12920,12922,12922,1
2020-10-12,16:54:24.332000,12920,12922,12922,3
2020-10-12,16:54:34.971000,12920,12922,12922,2
2020-10-12,16:54:41.406000,12921,12922,12922,1
2020-10-12,16:54:42.036000,12921,12922,12921,1
2020-10-12,16:54:42.036000,12921,12922,12921,1
2020-10-12,16:54:42.036000,12921,12922,12921,1
2020-10-12,16:54:43.532000,12920,12921,12921,1
2020-10-12,16:54:55.267000,12921,12922,12921,1
2020-10-12,16:55:04.558000,12920,12921,12921,2
2020-10-12,16:55:11.105000,12920,12921,12921,1
2020-10-12,16:55:12.834000,12920,12921,12920,6
2020-10-12,16:55:13.228000,12920,12921,12920,3
2020-10-12,16:55:13.229000,12920,12921,12920,1
2020-10-12,16:55:13.785000,12919,12920,12921,1
2020-10-12,16:55:22.084000,12919,12921,12919,10
2020-10-12,16:55:22.300000,12918,12920,12918,1
2020-10-12,16:55:22.320000,12918,12920,12918,1
2020-10-12,16:55:22.484000,12918,12920,12918,1
2020-10-12,16:55:22.524000,12918,12920,12918,6
2020-10-12,16:55:22.524000,12918,12920,12918,1
2020-10-12,16:55:27.505000,12918,12919,12918,1
2020-10-12,16:55:30.860000,12918,12919,12918,1
2020-10-12,16:55:31.521000,12918,12919,12919,2
2020-10-12,16:55:31.622000,12918,12919,12919,5
2020-10-12,16:55:33.143000,12919,12920,12920,3
2020-10-12,16:55:41.640000,12919,12921,12921,1
2020-10-12,16:55:47.112000,12919,12921,12921,1
2020-10-12,16:55:59.606000,12919,12920,12920,5
2020-10-12,16:56:01.083000,12919,12920,12920,1
2020-10-12,16:56:02.240000,12919,12920,12919,1
2020-10-12,16:56:02.459000,12919,12920,12919,1
2020-10-12,16:56:04.407000,12918,12920,12918,10
2020-10-12,16:56:13.151000,12918,12920,12918,1
2020-10-12,16:56:13.655000,12918,12920,12918,1
2020-10-12,16:56:20.582000,12919,12920,12919,1
2020-10-12,16:56:20.583000,12919,12920,12919,4
2020-10-12,16:56:20.839000,12918,12920,12918,2
2020-10-12,16:56:29.483000,12919,12920,12919,1
2020-10-12,16:56:37.389000,12919,12920,12920,1
2020-10-12,16:56:37.758000,12919,12920,12919,1
2020-10-12,16:56:43.671000,12918,12919,12919,1
2020-10-12,16:56:44.882000,12918,12919,12919,2
2020-10-12,16:56:59.615000,12918,12920,12919,1
2020-10-12,16:57:00.448000,12919,12920,12919,1
2020-10-12,16:57:02.146000,12919,12920,12919,1
2020-10-12,16:57:05.344000,12918,12920,12919,1
2020-10-12,16:57:13.676000,12918,12919,12919,2
2020-10-12,16:57:17.494000,12918,12919,12918,1
2020-10-12,16:57:17.494000,12918,12919,12918,5
2020-10-12,16:57:17.494000,12918,12919,12918,1
2020-10-12,16:57:17.551000,12918,12919,12918,1
2020-10-12,16:57:18.130000,12917,12919,12917,1
2020-10-12,16:57:19.312000,12918,12919,12919,1
2020-10-12,16:57:22.329000,12918,12919,12918,1
