2020-05-06 15:00:00.006,10773,10774,10774,97
2020-05-06 15:00:00.008,10773,10774,10773,1
2020-05-06 15:00:00.008,10773,10774,10774,1
2020-05-06 15:00:00.008,10773,10774,10774,19
2020-05-06 15:00:00.008,10773,10774,10775,13
2020-05-06 15:00:00.117,10774,10776,10774,1
2020-05-06 15:00:00.286,10774,10775,10775,2
2020-05-06 15:00:00.375,10774,10775,10774,1
2020-05-06 15:00:00.401,10774,10775,10775,1
2020-05-06 15:00:00.402,10774,10775,10774,1
2020-05-06 15:00:00.495,10774,10775,10775,1
2020-05-06 15:00:00.536,10774,10775,10774,1
2020-05-06 15:00:00.536,10774,10775,10773,1
2020-05-06 15:00:00.576,10774,10775,10773,1
2020-05-06 15:00:00.608,10774,10775,10775,1
2020-05-06 15:00:00.633,10773,10775,10775,1
2020-05-06 15:00:00.663,10773,10775,10775,1
2020-05-06 15:00:00.665,10773,10775,10775,2
2020-05-06 15:00:00.691,10773,10775,10776,4
2020-05-06 15:00:00.698,10773,10775,10774,2
2020-05-06 15:00:00.709,10773,10775,10775,1
2020-05-06 15:00:00.761,10774,10775,10775,1
2020-05-06 15:00:00.829,10774,10775,10776,2
2020-05-06 15:00:00.839,10774,10775,10776,1
2020-05-06 15:00:00.842,10774,10775,10777,1
2020-05-06 15:00:00.885,10775,10777,10777,3
2020-05-06 15:00:00.893,10775,10777,10777,1
2020-05-06 15:00:00.955,10775,10777,10777,1
2020-05-06 15:00:00.958,10775,10777,10777,1
2020-05-06 15:00:00.973,10775,10777,10777,3
2020-05-06 15:00:00.994,10775,10777,10777,1
2020-05-06 15:00:01.017,10776,10778,10778,1
2020-05-06 15:00:01.050,10776,10778,10778,1
2020-05-06 15:00:01.058,10776,10778,10776,3
2020-05-06 15:00:01.058,10776,10778,10775,3
2020-05-06 15:00:01.069,10776,10778,10777,3
2020-05-06 15:00:01.097,10776,10778,10778,1
2020-05-06 15:00:01.107,10776,10778,10778,1
2020-05-06 15:00:01.110,10776,10778,10778,1
2020-05-06 15:00:01.114,10776,10778,10778,1
2020-05-06 15:00:01.114,10776,10778,10778,2
2020-05-06 15:00:01.121,10776,10778,10778,1
2020-05-06 15:00:01.128,10776,10778,10778,2
2020-05-06 15:00:01.152,10776,10778,10778,2
2020-05-06 15:00:01.160,10776,10778,10778,8
2020-05-06 15:00:01.160,10776,10778,10779,7
2020-05-06 15:00:01.176,10776,10778,10779,4
2020-05-06 15:00:01.188,10776,10778,10779,1
2020-05-06 15:00:01.215,10776,10778,10779,1
2020-05-06 15:00:01.219,10776,10778,10777,1
2020-05-06 15:00:01.223,10776,10778,10779,4
2020-05-06 15:00:01.266,10777,10779,10779,1
2020-05-06 15:00:01.294,10777,10779,10780,8
2020-05-06 15:00:01.373,10777,10779,10780,2
2020-05-06 15:00:01.381,10778,10780,10778,1
2020-05-06 15:00:01.398,10778,10780,10778,2
2020-05-06 15:00:01.402,10778,10780,10778,2
2020-05-06 15:00:01.405,10778,10780,10777,1
2020-05-06 15:00:01.407,10778,10780,10779,1
2020-05-06 15:00:01.407,10778,10780,10780,9
2020-05-06 15:00:01.420,10778,10780,10780,1
2020-05-06 15:00:01.423,10778,10780,10780,2
2020-05-06 15:00:01.437,10778,10780,10780,5
2020-05-06 15:00:01.439,10778,10780,10780,4
2020-05-06 15:00:01.471,10778,10780,10780,1
2020-05-06 15:00:01.481,10778,10780,10780,1
2020-05-06 15:00:01.516,10778,10780,10780,1
2020-05-06 15:00:01.531,10778,10780,10780,2
2020-05-06 15:00:01.548,10778,10780,10780,4
2020-05-06 15:00:01.595,10778,10780,10781,1
2020-05-06 15:00:01.606,10778,10780,10781,1
2020-05-06 15:00:01.612,10778,10780,10781,5
2020-05-06 15:00:01.612,10778,10780,10781,3
2020-05-06 15:00:01.644,10780,10782,10782,4
2020-05-06 15:00:01.644,10780,10782,10782,1
2020-05-06 15:00:01.648,10780,10782,10782,1
2020-05-06 15:00:01.657,10780,10782,10782,1
2020-05-06 15:00:01.658,10780,10782,10782,1
2020-05-06 15:00:01.658,10780,10782,10783,4
2020-05-06 15:00:01.658,10780,10782,10784,2
2020-05-06 15:00:01.658,10780,10782,10785,1
2020-05-06 15:00:01.677,10780,10782,10781,5
2020-05-06 15:00:01.679,10780,10782,10783,2
2020-05-06 15:00:01.695,10780,10782,10784,1
2020-05-06 15:00:01.695,10780,10782,10785,4
2020-05-06 15:00:01.696,10780,10782,10785,2
2020-05-06 15:00:01.711,10780,10782,10784,1
2020-05-06 15:00:01.711,10780,10782,10785,1
2020-05-06 15:00:01.717,10780,10782,10785,5
2020-05-06 15:00:01.727,10780,10782,10785,1
2020-05-06 15:00:01.727,10780,10782,10786,4
2020-05-06 15:00:01.728,10780,10782,10786,1
2020-05-06 15:00:01.730,10780,10782,10786,1
2020-05-06 15:00:01.738,10780,10782,10787,5
2020-05-06 15:00:01.743,10780,10782,10788,5
2020-05-06 15:00:01.755,10780,10782,10788,2
2020-05-06 15:00:01.756,10788,10789,10788,2
2020-05-06 15:00:01.756,10788,10789,10788,1
2020-05-06 15:00:01.762,10788,10789,10789,5
2020-05-06 15:00:01.764,10788,10789,10789,1
2020-05-06 15:00:01.770,10788,10789,10790,2
2020-05-06 15:00:01.786,10788,10789,10790,4
2020-05-06 15:00:01.798,10788,10789,10789,1
2020-05-06 15:00:01.798,10788,10789,10790,3
2020-05-06 15:00:01.813,10788,10789,10790,1
2020-05-06 15:00:01.813,10788,10789,10790,1
2020-05-06 15:00:01.821,10788,10789,10790,1
2020-05-06 15:00:01.821,10788,10789,10791,1
2020-05-06 15:00:01.826,10788,10789,10791,1
2020-05-06 15:00:01.826,10788,10789,10792,1
2020-05-06 15:00:01.826,10788,10789,10793,2
2020-05-06 15:00:01.835,10788,10789,10792,1
2020-05-06 15:00:01.835,10788,10789,10793,2
2020-05-06 15:00:01.854,10788,10789,10793,1
2020-05-06 15:00:01.878,10788,10789,10793,1
2020-05-06 15:00:01.881,10788,10793,10788,1
2020-05-06 15:00:01.886,10788,10793,10793,1
2020-05-06 15:00:01.892,10788,10793,10794,2
2020-05-06 15:00:01.903,10788,10793,10794,1
2020-05-06 15:00:01.920,10788,10793,10794,1
2020-05-06 15:00:01.920,10788,10793,10795,2
2020-05-06 15:00:01.922,10788,10793,10794,1
2020-05-06 15:00:01.925,10788,10793,10795,2
2020-05-06 15:00:01.941,10788,10793,10795,2
2020-05-06 15:00:01.962,10788,10793,10795,1
2020-05-06 15:00:01.966,10788,10793,10795,1
2020-05-06 15:00:01.985,10788,10793,10795,1
2020-05-06 15:00:01.985,10788,10793,10796,1
2020-05-06 15:00:02.001,10788,10793,10796,1
2020-05-06 15:00:02.017,10787,10796,10796,1
2020-05-06 15:00:02.030,10787,10796,10796,1
2020-05-06 15:00:02.036,10787,10796,10796,4
2020-05-06 15:00:02.057,10787,10796,10796,2
2020-05-06 15:00:02.061,10787,10796,10797,5
2020-05-06 15:00:02.062,10787,10796,10797,2
2020-05-06 15:00:02.062,10787,10796,10798,3
2020-05-06 15:00:02.062,10787,10796,10798,1
2020-05-06 15:00:02.069,10787,10796,10797,1
2020-05-06 15:00:02.069,10787,10796,10798,1
2020-05-06 15:00:02.070,10787,10796,10797,1
2020-05-06 15:00:02.070,10787,10796,10798,3
2020-05-06 15:00:02.082,10787,10796,10788,1
2020-05-06 15:00:02.096,10787,10796,10795,1
2020-05-06 15:00:02.103,10787,10796,10796,1
2020-05-06 15:00:02.137,10790,10795,10795,1
2020-05-06 15:00:02.183,10790,10795,10799,2
2020-05-06 15:00:02.188,10790,10795,10799,2
2020-05-06 15:00:02.200,10790,10795,10799,4
2020-05-06 15:00:02.202,10790,10795,10799,2
2020-05-06 15:00:02.232,10790,10795,10800,2
2020-05-06 15:00:02.271,10790,10800,10799,1
2020-05-06 15:00:02.278,10790,10800,10800,1
2020-05-06 15:00:02.295,10790,10800,10800,1
2020-05-06 15:00:02.332,10790,10800,10799,1
2020-05-06 15:00:02.332,10790,10800,10799,1
2020-05-06 15:00:02.351,10790,10800,10800,1
2020-05-06 15:00:02.353,10790,10800,10800,2
2020-05-06 15:00:02.368,10790,10800,10790,1
2020-05-06 15:00:02.401,10787,10797,10794,1
2020-05-06 15:00:02.401,10787,10797,10795,1
2020-05-06 15:00:02.419,10787,10797,10790,1
2020-05-06 15:00:02.420,10787,10797,10790,1
2020-05-06 15:00:02.420,10787,10797,10790,1
2020-05-06 15:00:02.420,10787,10797,10790,1
2020-05-06 15:00:02.421,10787,10797,10790,1
2020-05-06 15:00:02.430,10787,10797,10790,1
2020-05-06 15:00:02.439,10787,10797,10790,2
2020-05-06 15:00:02.451,10787,10797,10790,1
2020-05-06 15:00:02.453,10787,10797,10800,1
2020-05-06 15:00:02.455,10787,10797,10800,2
2020-05-06 15:00:02.461,10787,10797,10800,3
2020-05-06 15:00:02.492,10787,10797,10800,1
2020-05-06 15:00:02.509,10791,10800,10800,1
2020-05-06 15:00:02.516,10791,10800,10791,1
2020-05-06 15:00:02.519,10791,10800,10790,2
2020-05-06 15:00:02.519,10791,10800,10789,2
2020-05-06 15:00:02.529,10791,10800,10792,1
2020-05-06 15:00:02.529,10791,10800,10791,1
2020-05-06 15:00:02.548,10791,10800,10799,1
2020-05-06 15:00:02.548,10791,10800,10800,1
2020-05-06 15:00:02.550,10791,10800,10792,1
2020-05-06 15:00:02.550,10791,10800,10791,2
2020-05-06 15:00:02.563,10791,10800,10790,4
2020-05-06 15:00:02.590,10791,10800,10790,2
2020-05-06 15:00:02.621,10791,10800,10790,2
2020-05-06 15:00:02.632,10788,10790,10790,1
2020-05-06 15:00:02.635,10788,10790,10790,4
2020-05-06 15:00:02.636,10788,10790,10800,1
2020-05-06 15:00:02.636,10788,10790,10801,1
2020-05-06 15:00:02.700,10788,10790,10797,1
2020-05-06 15:00:02.708,10788,10790,10798,1
2020-05-06 15:00:02.708,10788,10790,10799,1
2020-05-06 15:00:02.708,10788,10790,10800,1
2020-05-06 15:00:02.718,10788,10790,10801,1
2020-05-06 15:00:02.718,10788,10790,10802,1
2020-05-06 15:00:02.745,10788,10790,10800,3
2020-05-06 15:00:02.747,10788,10790,10789,1
2020-05-06 15:00:02.747,10788,10790,10788,3
2020-05-06 15:00:02.747,10788,10790,10788,1
2020-05-06 15:00:02.749,10788,10790,10802,1
2020-05-06 15:00:02.772,10786,10802,10802,2
2020-05-06 15:00:02.772,10786,10802,10803,1
2020-05-06 15:00:02.772,10786,10802,10804,1
2020-05-06 15:00:02.793,10786,10802,10804,1
2020-05-06 15:00:02.794,10786,10802,10804,3
2020-05-06 15:00:02.794,10786,10802,10805,1
2020-05-06 15:00:02.812,10786,10802,10805,1
2020-05-06 15:00:02.812,10786,10802,10806,1
2020-05-06 15:00:02.886,10787,10800,10787,1
2020-05-06 15:00:02.896,10787,10800,10799,1
2020-05-06 15:00:02.896,10787,10800,10800,1
2020-05-06 15:00:02.896,10787,10800,10808,2
2020-05-06 15:00:02.912,10787,10800,10788,2
2020-05-06 15:00:02.941,10787,10800,10788,1
2020-05-06 15:00:02.943,10787,10800,10788,2
2020-05-06 15:00:02.943,10787,10800,10788,2
2020-05-06 15:00:02.943,10787,10800,10788,2
2020-05-06 15:00:02.943,10787,10800,10788,3
2020-05-06 15:00:02.943,10787,10800,10788,5
2020-05-06 15:00:02.993,10787,10800,10806,1
2020-05-06 15:00:03.008,10787,10807,10807,1
2020-05-06 15:00:03.008,10787,10807,10809,1
2020-05-06 15:00:03.008,10787,10807,10810,1
2020-05-06 15:00:03.038,10787,10807,10809,1
2020-05-06 15:00:03.064,10787,10807,10805,1
2020-05-06 15:00:03.064,10787,10807,10794,1
2020-05-06 15:00:03.076,10787,10807,10787,1
2020-05-06 15:00:03.107,10787,10807,10794,1
2020-05-06 15:00:03.107,10787,10807,10794,1
2020-05-06 15:00:03.118,10787,10807,10794,1
2020-05-06 15:00:03.125,10787,10807,10793,1
2020-05-06 15:00:03.129,10787,10807,10794,2
2020-05-06 15:00:03.139,10787,10794,10794,1
2020-05-06 15:00:03.139,10787,10794,10810,3
2020-05-06 15:00:03.145,10787,10794,10810,1
2020-05-06 15:00:03.152,10787,10794,10810,1
2020-05-06 15:00:03.168,10787,10794,10813,3
2020-05-06 15:00:03.212,10787,10794,10808,2
2020-05-06 15:00:03.212,10787,10794,10789,1
2020-05-06 15:00:03.268,10789,10813,10813,1
2020-05-06 15:00:03.268,10789,10813,10814,1
2020-05-06 15:00:03.305,10789,10813,10787,1
2020-05-06 15:00:03.318,10789,10813,10814,1
2020-05-06 15:00:03.369,10789,10813,10810,1
2020-05-06 15:00:03.447,10795,10809,10804,1
2020-05-06 15:00:03.524,10795,10804,10802,2
2020-05-06 15:00:03.531,10795,10804,10802,1
2020-05-06 15:00:03.536,10795,10804,10795,1
2020-05-06 15:00:03.551,10795,10804,10796,1
2020-05-06 15:00:03.551,10795,10804,10793,2
2020-05-06 15:00:03.577,10795,10804,10803,3
2020-05-06 15:00:03.580,10795,10804,10794,1
2020-05-06 15:00:03.644,10792,10803,10792,3
2020-05-06 15:00:03.644,10792,10803,10791,1
2020-05-06 15:00:03.689,10792,10803,10796,1
2020-05-06 15:00:03.706,10792,10803,10796,1
2020-05-06 15:00:03.706,10792,10803,10797,2
2020-05-06 15:00:03.709,10792,10803,10801,1
2020-05-06 15:00:03.710,10792,10803,10800,2
2020-05-06 15:00:03.833,10792,10800,10793,1
2020-05-06 15:00:03.872,10792,10800,10800,2
2020-05-06 15:00:04.003,10792,10801,10799,2
2020-05-06 15:00:04.003,10792,10801,10800,1
2020-05-06 15:00:04.003,10792,10801,10801,1
2020-05-06 15:00:04.021,10793,10800,10793,1
2020-05-06 15:00:04.021,10793,10800,10792,1
2020-05-06 15:00:04.047,10793,10800,10800,1
2020-05-06 15:00:04.048,10793,10800,10800,1
2020-05-06 15:00:04.048,10793,10800,10801,1
2020-05-06 15:00:04.048,10793,10800,10790,1
2020-05-06 15:00:04.153,10789,10801,10789,1
2020-05-06 15:00:04.184,10789,10801,10797,2
2020-05-06 15:00:04.248,10789,10801,10797,1
2020-05-06 15:00:04.274,10789,10798,10789,1
2020-05-06 15:00:04.323,10789,10798,10789,1
2020-05-06 15:00:04.335,10789,10798,10796,2
2020-05-06 15:00:04.393,10789,10798,10791,1
2020-05-06 15:00:04.510,10789,10796,10789,1
2020-05-06 15:00:04.524,10789,10796,10796,1
2020-05-06 15:00:04.551,10789,10796,10797,2
2020-05-06 15:00:04.578,10789,10796,10789,1
2020-05-06 15:00:04.753,10788,10797,10796,2
2020-05-06 15:00:04.778,10789,10796,10789,1
2020-05-06 15:00:04.847,10789,10796,10789,2
2020-05-06 15:00:04.853,10789,10796,10790,1
2020-05-06 15:00:04.881,10788,10790,10788,2
2020-05-06 15:00:04.928,10788,10790,10786,1
2020-05-06 15:00:05.008,10786,10790,10786,1
2020-05-06 15:00:05.026,10786,10790,10786,1
2020-05-06 15:00:05.203,10786,10790,10787,1
2020-05-06 15:00:05.236,10786,10790,10790,1
2020-05-06 15:00:05.271,10786,10790,10786,2
2020-05-06 15:00:05.301,10786,10790,10784,2
2020-05-06 15:00:05.355,10786,10790,10789,1
2020-05-06 15:00:05.386,10787,10789,10787,1
2020-05-06 15:00:05.386,10787,10789,10786,2
2020-05-06 15:00:05.407,10787,10789,10785,1
2020-05-06 15:00:05.424,10787,10789,10785,2
2020-05-06 15:00:05.445,10787,10789,10786,1
2020-05-06 15:00:05.466,10787,10789,10790,1
2020-05-06 15:00:05.499,10787,10789,10789,1
2020-05-06 15:00:05.503,10787,10789,10788,1
2020-05-06 15:00:05.503,10787,10789,10787,3
2020-05-06 15:00:05.559,10788,10790,10788,1
2020-05-06 15:00:05.559,10788,10790,10787,2
2020-05-06 15:00:05.559,10788,10790,10786,2
2020-05-06 15:00:05.609,10788,10790,10785,1
2020-05-06 15:00:05.633,10785,10788,10788,1
2020-05-06 15:00:05.675,10785,10788,10787,1
2020-05-06 15:00:05.755,10785,10788,10787,1
2020-05-06 15:00:05.755,10785,10788,10787,1
2020-05-06 15:00:05.851,10785,10787,10785,1
2020-05-06 15:00:05.856,10785,10787,10787,1
2020-05-06 15:00:05.887,10784,10787,10784,1
2020-05-06 15:00:05.958,10784,10787,10787,1
2020-05-06 15:00:06.036,10784,10787,10784,1
2020-05-06 15:00:06.043,10784,10787,10787,1
2020-05-06 15:00:06.270,10784,10789,10784,1
2020-05-06 15:00:06.361,10784,10789,10784,1
2020-05-06 15:00:06.442,10784,10785,10784,1
2020-05-06 15:00:06.467,10784,10785,10785,2
2020-05-06 15:00:06.468,10784,10785,10786,2
2020-05-06 15:00:06.492,10784,10785,10785,1
2020-05-06 15:00:06.502,10784,10785,10785,1
2020-05-06 15:00:06.679,10784,10786,10784,1
2020-05-06 15:00:06.903,10784,10786,10784,1
2020-05-06 15:00:06.978,10784,10786,10784,1
2020-05-06 15:00:07.330,10783,10784,10783,1
2020-05-06 15:00:07.381,10783,10784,10784,1
2020-05-06 15:00:07.530,10784,10786,10784,2
2020-05-06 15:00:07.585,10784,10786,10785,1
2020-05-06 15:00:07.686,10784,10786,10786,2
2020-05-06 15:00:07.702,10784,10786,10784,2
2020-05-06 15:00:07.713,10784,10786,10784,2
2020-05-06 15:00:07.742,10784,10786,10785,2
2020-05-06 15:00:07.859,10783,10785,10784,1
2020-05-06 15:00:07.859,10783,10785,10783,1
2020-05-06 15:00:07.887,10783,10784,10784,1
2020-05-06 15:00:07.887,10783,10784,10785,1
2020-05-06 15:00:07.887,10783,10784,10786,1
2020-05-06 15:00:07.957,10783,10784,10783,1
2020-05-06 15:00:07.992,10783,10784,10785,1
2020-05-06 15:00:08.010,10783,10785,10783,2
2020-05-06 15:00:08.104,10783,10785,10785,1
2020-05-06 15:00:08.104,10783,10785,10785,1
2020-05-06 15:00:08.150,10783,10786,10783,1
2020-05-06 15:00:08.317,10783,10785,10785,1
2020-05-06 15:00:08.334,10783,10785,10783,1
2020-05-06 15:00:08.417,10783,10786,10784,1
2020-05-06 15:00:08.572,10783,10784,10783,1
2020-05-06 15:00:08.586,10783,10784,10783,7
2020-05-06 15:00:08.587,10783,10784,10782,10
2020-05-06 15:00:08.587,10783,10784,10781,8
2020-05-06 15:00:08.588,10783,10784,10780,5
2020-05-06 15:00:08.589,10783,10784,10780,1
2020-05-06 15:00:08.715,10778,10780,10780,4
2020-05-06 15:00:08.844,10779,10781,10781,3
2020-05-06 15:00:08.973,10782,10784,10782,3
2020-05-06 15:00:08.973,10782,10784,10781,2
2020-05-06 15:00:09.211,10781,10783,10779,1
2020-05-06 15:00:09.474,10778,10780,10778,1
2020-05-06 15:00:10.029,10778,10780,10778,1
2020-05-06 15:00:10.204,10778,10780,10779,2
2020-05-06 15:00:10.235,10778,10780,10780,1
2020-05-06 15:00:10.622,10778,10780,10778,2
2020-05-06 15:00:10.818,10778,10780,10778,1
2020-05-06 15:00:10.936,10777,10780,10779,1
2020-05-06 15:00:10.945,10777,10780,10779,2
2020-05-06 15:00:11.311,10777,10778,10777,2
2020-05-06 15:00:11.462,10776,10778,10778,1
2020-05-06 15:00:11.464,10776,10778,10778,1
2020-05-06 15:00:11.783,10778,10780,10778,1
2020-05-06 15:00:11.857,10778,10780,10777,1
2020-05-06 15:00:11.868,10778,10780,10777,1
2020-05-06 15:00:12.065,10776,10778,10779,2
2020-05-06 15:00:12.156,10777,10780,10780,5
2020-05-06 15:00:12.156,10777,10780,10781,1
2020-05-06 15:00:12.299,10778,10781,10779,2
2020-05-06 15:00:12.299,10778,10781,10778,3
2020-05-06 15:00:13.087,10779,10781,10780,1
2020-05-06 15:00:13.426,10779,10781,10780,1
2020-05-06 15:00:13.533,10779,10781,10781,1
2020-05-06 15:00:13.587,10779,10781,10780,2
2020-05-06 15:00:13.725,10780,10781,10780,1
2020-05-06 15:00:13.725,10780,10781,10779,1
2020-05-06 15:00:13.797,10779,10781,10779,1
2020-05-06 15:00:13.826,10779,10781,10780,1
2020-05-06 15:00:13.913,10779,10781,10781,2
2020-05-06 15:00:13.994,10779,10781,10781,2
2020-05-06 15:00:14.137,10780,10781,10781,5
2020-05-06 15:00:14.355,10780,10782,10782,6
2020-05-06 15:00:14.519,10782,10783,10782,1
2020-05-06 15:00:14.684,10781,10783,10781,1
2020-05-06 15:00:14.695,10781,10783,10783,1
2020-05-06 15:00:14.695,10781,10783,10783,2
2020-05-06 15:00:14.697,10781,10783,10783,3
2020-05-06 15:00:14.697,10781,10783,10784,1
2020-05-06 15:00:14.697,10781,10783,10784,1
2020-05-06 15:00:14.763,10783,10784,10784,2
2020-05-06 15:00:14.763,10783,10784,10784,4
2020-05-06 15:00:14.764,10783,10784,10785,2
2020-05-06 15:00:14.764,10783,10784,10784,2
2020-05-06 15:00:14.801,10783,10784,10783,1
2020-05-06 15:00:15.594,10783,10785,10785,1
2020-05-06 15:00:15.637,10784,10786,10786,1
2020-05-06 15:00:15.989,10784,10786,10784,1
2020-05-06 15:00:16.184,10784,10786,10786,1
2020-05-06 15:00:16.459,10784,10785,10785,1
2020-05-06 15:00:16.631,10784,10785,10785,2
2020-05-06 15:00:16.635,10784,10785,10786,3
2020-05-06 15:00:16.637,10784,10785,10787,8
2020-05-06 15:00:17.049,10786,10788,10786,1
2020-05-06 15:00:17.075,10786,10788,10785,1
2020-05-06 15:00:17.210,10785,10788,10786,1
2020-05-06 15:00:17.263,10785,10786,10786,1
2020-05-06 15:00:17.273,10785,10786,10788,1
2020-05-06 15:00:17.337,10785,10786,10788,1
2020-05-06 15:00:17.545,10786,10788,10789,2
2020-05-06 15:00:17.570,10786,10788,10789,2
2020-05-06 15:00:17.755,10787,10789,10787,1
2020-05-06 15:00:17.976,10787,10789,10789,1
2020-05-06 15:00:18.455,10787,10789,10787,3
2020-05-06 15:00:18.455,10787,10789,10786,2
2020-05-06 15:00:18.619,10786,10788,10788,1
2020-05-06 15:00:18.710,10786,10788,10786,1
2020-05-06 15:00:18.851,10786,10788,10787,1
2020-05-06 15:00:19.152,10786,10788,10787,1
2020-05-06 15:00:19.238,10786,10788,10787,2
2020-05-06 15:00:19.238,10786,10788,10786,5
2020-05-06 15:00:19.238,10786,10788,10785,18
2020-05-06 15:00:19.267,10784,10786,10784,4
2020-05-06 15:00:19.436,10784,10786,10786,1
2020-05-06 15:00:20.004,10784,10786,10784,1
2020-05-06 15:00:20.158,10784,10785,10784,1
2020-05-06 15:00:20.419,10783,10784,10784,1
2020-05-06 15:00:20.474,10783,10784,10784,1
2020-05-06 15:00:20.821,10783,10785,10785,1
2020-05-06 15:00:20.934,10783,10785,10783,1
2020-05-06 15:00:21.178,10783,10784,10783,2
2020-05-06 15:00:21.371,10782,10783,10782,2
2020-05-06 15:00:22.257,10780,10782,10780,2
2020-05-06 15:00:22.365,10780,10782,10781,1
2020-05-06 15:00:22.561,10780,10781,10781,1
2020-05-06 15:00:22.705,10780,10781,10780,2
2020-05-06 15:00:23.799,10780,10781,10781,7
2020-05-06 15:00:23.996,10781,10782,10782,2
2020-05-06 15:00:24.038,10781,10783,10781,10
2020-05-06 15:00:24.915,10781,10782,10782,1
2020-05-06 15:00:25.209,10781,10782,10782,1
2020-05-06 15:00:25.291,10781,10782,10782,1
2020-05-06 15:00:25.549,10782,10783,10782,1
2020-05-06 15:00:25.654,10782,10783,10783,1
2020-05-06 15:00:25.915,10782,10783,10783,2
2020-05-06 15:00:26.472,10783,10784,10784,3
2020-05-06 15:00:26.628,10783,10784,10784,1
2020-05-06 15:00:27.005,10783,10784,10783,2
2020-05-06 15:00:27.252,10783,10784,10783,1
2020-05-06 15:00:27.323,10783,10784,10782,1
2020-05-06 15:00:27.989,10782,10784,10782,2
2020-05-06 15:00:28.131,10782,10783,10783,1
2020-05-06 15:00:28.131,10782,10783,10784,1
2020-05-06 15:00:28.418,10782,10784,10782,1
2020-05-06 15:00:28.997,10782,10784,10783,1
2020-05-06 15:00:29.107,10782,10784,10784,1
2020-05-06 15:00:29.163,10782,10784,10782,1
2020-05-06 15:00:29.881,10782,10784,10784,1
2020-05-06 15:00:30.362,10782,10784,10784,1
2020-05-06 15:00:30.522,10782,10784,10782,1
2020-05-06 15:00:30.906,10782,10784,10782,3
2020-05-06 15:00:30.906,10782,10784,10781,1
2020-05-06 15:00:31.355,10782,10784,10782,1
2020-05-06 15:00:31.443,10782,10784,10784,1
2020-05-06 15:00:31.847,10782,10784,10783,5
2020-05-06 15:00:31.847,10782,10784,10784,5
2020-05-06 15:00:32.624,10782,10784,10782,5
2020-05-06 15:00:34.000,10782,10784,10782,1
2020-05-06 15:00:34.796,10782,10784,10783,2
2020-05-06 15:00:35.144,10782,10783,10782,3
2020-05-06 15:00:35.255,10782,10783,10783,1
2020-05-06 15:00:35.274,10782,10783,10782,4
2020-05-06 15:00:36.263,10782,10783,10782,2
2020-05-06 15:00:36.263,10782,10783,10782,22
2020-05-06 15:00:36.902,10781,10782,10781,1
2020-05-06 15:00:37.883,10781,10782,10782,2
2020-05-06 15:00:37.883,10781,10782,10783,1
2020-05-06 15:00:38.015,10781,10783,10781,1
2020-05-06 15:00:38.109,10781,10783,10783,2
2020-05-06 15:00:38.143,10781,10783,10783,1
2020-05-06 15:00:38.844,10781,10783,10781,1
2020-05-06 15:00:39.528,10781,10782,10782,2
2020-05-06 15:00:39.588,10781,10782,10781,1
2020-05-06 15:00:39.928,10781,10783,10781,1
2020-05-06 15:00:40.323,10781,10782,10781,1
2020-05-06 15:00:40.541,10781,10782,10781,3
2020-05-06 15:00:41.239,10781,10782,10782,1
2020-05-06 15:00:41.241,10781,10782,10782,1
2020-05-06 15:00:41.298,10781,10782,10782,1
2020-05-06 15:00:41.417,10781,10782,10781,1
2020-05-06 15:00:41.583,10781,10782,10782,1
2020-05-06 15:00:41.673,10781,10782,10782,1
2020-05-06 15:00:42.057,10781,10782,10782,1
2020-05-06 15:00:42.057,10781,10782,10782,1
2020-05-06 15:00:43.113,10782,10783,10782,1
2020-05-06 15:00:43.138,10781,10783,10783,1
2020-05-06 15:00:43.138,10781,10783,10783,2
2020-05-06 15:00:43.154,10781,10783,10782,2
2020-05-06 15:00:44.430,10781,10782,10782,1
2020-05-06 15:00:44.505,10781,10782,10782,1
2020-05-06 15:00:44.619,10782,10783,10782,1
2020-05-06 15:00:44.704,10782,10783,10782,1
2020-05-06 15:00:44.915,10782,10783,10783,1
2020-05-06 15:00:45.243,10782,10783,10782,1
2020-05-06 15:00:45.720,10782,10784,10782,1
2020-05-06 15:00:46.146,10782,10784,10782,1
2020-05-06 15:00:46.165,10782,10784,10782,5
2020-05-06 15:00:46.174,10782,10784,10784,3
2020-05-06 15:00:46.931,10782,10783,10783,1
2020-05-06 15:00:47.228,10782,10783,10783,1
2020-05-06 15:00:47.425,10782,10784,10782,1
2020-05-06 15:00:47.753,10782,10784,10782,1
2020-05-06 15:00:47.898,10782,10784,10782,1
2020-05-06 15:00:47.929,10782,10784,10782,1
2020-05-06 15:00:48.113,10782,10784,10782,1
2020-05-06 15:00:48.272,10782,10783,10782,1
2020-05-06 15:00:48.457,10782,10783,10782,1
2020-05-06 15:00:48.632,10782,10783,10782,1
2020-05-06 15:00:48.699,10782,10783,10782,1
2020-05-06 15:00:48.832,10782,10783,10782,1
2020-05-06 15:00:49.016,10782,10783,10782,1
2020-05-06 15:00:49.216,10782,10783,10782,1
2020-05-06 15:00:49.699,10782,10783,10782,4
2020-05-06 15:00:49.835,10781,10782,10782,1
2020-05-06 15:00:49.871,10781,10782,10783,1
2020-05-06 15:00:50.228,10782,10783,10782,2
2020-05-06 15:00:50.966,10782,10783,10783,1
2020-05-06 15:00:52.400,10782,10783,10782,1
2020-05-06 15:00:52.431,10782,10783,10783,2
2020-05-06 15:00:53.188,10782,10783,10783,1
2020-05-06 15:00:54.202,10782,10783,10783,3
2020-05-06 15:00:54.364,10782,10783,10783,1
2020-05-06 15:00:55.665,10782,10783,10783,3
2020-05-06 15:00:56.363,10782,10783,10783,1
2020-05-06 15:00:56.827,10782,10783,10783,10
2020-05-06 15:00:56.864,10782,10783,10782,2
2020-05-06 15:00:56.929,10782,10783,10782,1
2020-05-06 15:00:57.492,10782,10783,10783,1
2020-05-06 15:00:58.181,10782,10783,10782,7
2020-05-06 15:00:58.193,10782,10783,10782,1
2020-05-06 15:00:58.658,10781,10782,10782,1
2020-05-06 15:00:58.811,10781,10783,10783,6
2020-05-06 15:00:59.653,10781,10782,10782,2
2020-05-06 15:00:59.653,10781,10782,10783,1
2020-05-06 15:00:59.693,10781,10782,10782,1
2020-05-06 15:00:59.700,10781,10782,10784,1
2020-05-06 15:00:59.897,10782,10784,10782,1
2020-05-06 15:00:59.904,10782,10784,10782,2
2020-05-06 15:00:59.905,10782,10784,10782,1
2020-05-06 15:01:00.000,10782,10784,10783,2
2020-05-06 15:01:00.013,10782,10784,10784,1
2020-05-06 15:01:00.044,10782,10784,10784,5
2020-05-06 15:01:00.051,10782,10784,10784,1
2020-05-06 15:01:00.054,10782,10784,10784,5
2020-05-06 15:01:00.055,10782,10784,10784,1
2020-05-06 15:01:00.058,10782,10784,10784,2
2020-05-06 15:01:00.067,10782,10784,10784,3
2020-05-06 15:01:00.092,10782,10784,10785,1
2020-05-06 15:01:00.093,10782,10784,10785,2
2020-05-06 15:01:00.095,10782,10784,10785,3
2020-05-06 15:01:00.097,10782,10784,10785,4
2020-05-06 15:01:00.097,10782,10784,10785,9
2020-05-06 15:01:00.098,10782,10784,10785,4
2020-05-06 15:01:00.098,10782,10784,10785,2
2020-05-06 15:01:00.104,10782,10784,10785,3
2020-05-06 15:01:00.116,10782,10784,10785,4
2020-05-06 15:01:00.116,10782,10784,10785,9
2020-05-06 15:01:00.126,10782,10784,10786,1
2020-05-06 15:01:00.212,10785,10786,10786,2
2020-05-06 15:01:00.215,10785,10786,10786,1
2020-05-06 15:01:00.300,10784,10786,10784,1
2020-05-06 15:01:00.579,10784,10786,10784,1
2020-05-06 15:01:00.662,10784,10785,10784,2
2020-05-06 15:01:00.722,10784,10785,10783,1
2020-05-06 15:01:01.320,10783,10785,10783,6
2020-05-06 15:01:01.344,10783,10785,10783,2
2020-05-06 15:01:01.348,10783,10785,10783,4
2020-05-06 15:01:01.363,10783,10785,10783,2
2020-05-06 15:01:01.392,10783,10784,10784,2
2020-05-06 15:01:01.400,10783,10784,10785,3
2020-05-06 15:01:01.401,10783,10784,10785,1
2020-05-06 15:01:01.403,10783,10784,10786,1
2020-05-06 15:01:01.404,10783,10784,10786,1
2020-05-06 15:01:01.405,10783,10784,10786,4
2020-05-06 15:01:01.512,10784,10786,10784,1
2020-05-06 15:01:01.515,10784,10786,10786,1
2020-05-06 15:01:01.517,10784,10786,10784,1
2020-05-06 15:01:01.521,10784,10786,10786,1
2020-05-06 15:01:01.524,10784,10786,10786,1
2020-05-06 15:01:01.538,10784,10786,10786,1
2020-05-06 15:01:01.559,10784,10786,10786,1
2020-05-06 15:01:01.632,10784,10786,10784,1
2020-05-06 15:01:02.060,10785,10786,10785,3
2020-05-06 15:01:02.107,10785,10786,10784,1
2020-05-06 15:01:02.109,10785,10786,10784,1
2020-05-06 15:01:02.983,10785,10786,10785,2
2020-05-06 15:01:03.129,10784,10785,10785,1
2020-05-06 15:01:03.138,10783,10785,10783,1
2020-05-06 15:01:03.535,10783,10785,10783,2
2020-05-06 15:01:03.602,10783,10785,10785,2
2020-05-06 15:01:03.652,10783,10785,10785,3
2020-05-06 15:01:03.728,10783,10785,10784,4
2020-05-06 15:01:03.728,10783,10785,10783,1
2020-05-06 15:01:03.735,10783,10785,10785,3
2020-05-06 15:01:04.345,10783,10785,10785,3
2020-05-06 15:01:04.345,10783,10785,10786,5
2020-05-06 15:01:05.312,10784,10786,10786,6
2020-05-06 15:01:05.414,10785,10786,10785,4
2020-05-06 15:01:05.426,10785,10786,10784,1
2020-05-06 15:01:05.857,10784,10785,10785,1
2020-05-06 15:01:05.952,10785,10786,10785,9
2020-05-06 15:01:06.507,10784,10785,10785,2
2020-05-06 15:01:06.946,10784,10785,10784,4
2020-05-06 15:01:06.946,10784,10785,10783,1
2020-05-06 15:01:07.149,10783,10785,10783,1
2020-05-06 15:01:07.690,10784,10785,10784,3
2020-05-06 15:01:08.179,10784,10785,10784,5
2020-05-06 15:01:08.700,10783,10784,10784,1
2020-05-06 15:01:09.110,10783,10784,10783,7
2020-05-06 15:01:09.333,10783,10784,10784,1
2020-05-06 15:01:09.737,10783,10784,10784,2
2020-05-06 15:01:09.755,10783,10784,10784,3
2020-05-06 15:01:09.755,10783,10784,10785,2
2020-05-06 15:01:10.334,10783,10784,10784,1
2020-05-06 15:01:10.334,10783,10784,10784,1
2020-05-06 15:01:10.348,10783,10784,10784,1
2020-05-06 15:01:10.758,10784,10785,10784,1
2020-05-06 15:01:12.093,10783,10784,10783,1
2020-05-06 15:01:12.966,10783,10784,10784,1
2020-05-06 15:01:13.789,10783,10784,10783,1
2020-05-06 15:01:15.071,10783,10784,10783,5
2020-05-06 15:01:15.595,10783,10784,10784,1
2020-05-06 15:01:17.214,10783,10784,10784,1
2020-05-06 15:01:17.318,10783,10784,10783,5
2020-05-06 15:01:17.319,10783,10784,10783,9
2020-05-06 15:01:17.320,10783,10784,10782,21
2020-05-06 15:01:17.320,10783,10784,10782,1
2020-05-06 15:01:17.381,10782,10783,10782,1
2020-05-06 15:01:17.616,10781,10783,10783,6
2020-05-06 15:01:18.132,10782,10784,10782,4
2020-05-06 15:01:18.132,10782,10784,10781,1
2020-05-06 15:01:18.197,10782,10784,10781,4
2020-05-06 15:01:18.423,10782,10783,10783,3
2020-05-06 15:01:18.519,10782,10783,10783,1
2020-05-06 15:01:19.000,10782,10783,10783,1
2020-05-06 15:01:19.000,10782,10783,10784,1
2020-05-06 15:01:19.034,10782,10784,10783,1
2020-05-06 15:01:21.596,10782,10783,10783,3
2020-05-06 15:01:22.838,10783,10784,10783,1
2020-05-06 15:01:24.984,10782,10783,10782,1
2020-05-06 15:01:25.429,10781,10783,10783,1
2020-05-06 15:01:26.067,10782,10783,10783,1
2020-05-06 15:01:26.786,10782,10783,10783,1
2020-05-06 15:01:26.917,10782,10783,10782,1
2020-05-06 15:01:27.131,10782,10783,10783,1
2020-05-06 15:01:28.314,10782,10783,10783,1
2020-05-06 15:01:28.345,10782,10783,10783,4
2020-05-06 15:01:28.345,10782,10783,10783,1
2020-05-06 15:01:28.346,10782,10783,10783,1
2020-05-06 15:01:28.346,10782,10783,10783,1
2020-05-06 15:01:28.519,10782,10784,10784,1
2020-05-06 15:01:29.590,10782,10783,10783,2
2020-05-06 15:01:29.590,10782,10783,10784,1
2020-05-06 15:01:29.968,10782,10784,10782,1
2020-05-06 15:01:32.999,10782,10783,10782,2
2020-05-06 15:01:33.129,10781,10782,10782,2
2020-05-06 15:01:33.331,10781,10782,10782,1
2020-05-06 15:01:33.925,10782,10783,10782,1
2020-05-06 15:01:34.056,10782,10783,10782,1
2020-05-06 15:01:34.817,10782,10783,10783,1
2020-05-06 15:01:35.282,10782,10783,10782,4
2020-05-06 15:01:36.818,10782,10783,10783,5
2020-05-06 15:01:37.990,10783,10784,10784,2
2020-05-06 15:01:37.990,10783,10784,10784,4
2020-05-06 15:01:37.990,10783,10784,10784,1
2020-05-06 15:01:37.990,10783,10784,10784,3
2020-05-06 15:01:37.990,10783,10784,10784,1
2020-05-06 15:01:39.075,10783,10784,10784,1
2020-05-06 15:01:39.075,10783,10784,10785,1
2020-05-06 15:01:40.237,10784,10785,10785,1
2020-05-06 15:01:40.309,10784,10785,10785,5
2020-05-06 15:01:40.310,10784,10785,10785,2
2020-05-06 15:01:40.847,10784,10786,10784,2
2020-05-06 15:01:40.956,10784,10786,10786,1
2020-05-06 15:01:41.657,10784,10786,10784,2
2020-05-06 15:01:43.694,10784,10786,10784,1
2020-05-06 15:01:45.753,10784,10785,10784,1
2020-05-06 15:01:46.148,10784,10785,10784,1
2020-05-06 15:01:48.589,10784,10785,10784,1
2020-05-06 15:01:48.919,10784,10785,10785,2
2020-05-06 15:01:49.432,10784,10785,10784,2
2020-05-06 15:01:49.629,10784,10785,10784,1
2020-05-06 15:01:49.640,10783,10785,10783,1
2020-05-06 15:01:50.445,10783,10784,10784,1
2020-05-06 15:01:51.149,10783,10784,10783,16
2020-05-06 15:01:51.150,10783,10784,10783,2
2020-05-06 15:01:52.416,10782,10783,10783,1
2020-05-06 15:01:52.537,10782,10783,10782,1
2020-05-06 15:01:52.790,10782,10783,10783,1
2020-05-06 15:01:54.098,10782,10784,10784,1
2020-05-06 15:01:55.191,10782,10783,10783,1
2020-05-06 15:01:56.039,10782,10783,10782,2
2020-05-06 15:01:56.039,10782,10783,10782,19
2020-05-06 15:01:56.131,10781,10782,10781,9
2020-05-06 15:01:56.384,10780,10781,10781,1
2020-05-06 15:01:56.521,10780,10781,10781,3
2020-05-06 15:01:56.521,10780,10781,10782,2
2020-05-06 15:01:56.545,10780,10781,10782,1
2020-05-06 15:01:57.450,10780,10782,10780,1
2020-05-06 15:01:59.881,10781,10782,10781,1
2020-05-06 15:02:00.034,10780,10782,10782,2
2020-05-06 15:02:00.057,10780,10782,10782,2
2020-05-06 15:02:00.321,10781,10782,10782,1
2020-05-06 15:02:00.323,10781,10782,10782,1
2020-05-06 15:02:00.469,10781,10782,10782,3
2020-05-06 15:02:00.470,10781,10782,10782,1
2020-05-06 15:02:00.475,10781,10782,10782,1
2020-05-06 15:02:00.475,10781,10782,10781,1
2020-05-06 15:02:00.539,10781,10782,10782,4
2020-05-06 15:02:00.539,10781,10782,10782,4
2020-05-06 15:02:00.821,10782,10783,10782,1
2020-05-06 15:02:01.066,10782,10783,10783,1
2020-05-06 15:02:02.166,10782,10783,10783,1
2020-05-06 15:02:03.541,10783,10784,10783,1
2020-05-06 15:02:03.726,10783,10784,10783,5
2020-05-06 15:02:04.351,10782,10783,10782,1
2020-05-06 15:02:05.731,10782,10783,10783,1
2020-05-06 15:02:06.073,10782,10783,10783,7
2020-05-06 15:02:07.187,10783,10784,10784,7
2020-05-06 15:02:10.013,10784,10785,10784,1
2020-05-06 15:02:10.096,10784,10785,10784,1
2020-05-06 15:02:10.748,10783,10784,10784,1
2020-05-06 15:02:10.961,10783,10785,10785,5
2020-05-06 15:02:12.653,10783,10785,10785,1
2020-05-06 15:02:14.155,10783,10785,10785,1
2020-05-06 15:02:15.294,10783,10785,10785,1
2020-05-06 15:02:15.325,10783,10785,10784,1
2020-05-06 15:02:16.021,10784,10785,10785,1
2020-05-06 15:02:16.843,10784,10785,10784,1
2020-05-06 15:02:23.167,10783,10785,10785,2
2020-05-06 15:02:23.377,10784,10785,10784,1
2020-05-06 15:02:26.366,10784,10785,10784,1
2020-05-06 15:02:27.459,10784,10785,10784,1
2020-05-06 15:02:29.306,10784,10785,10784,3
2020-05-06 15:02:29.527,10784,10785,10784,6
2020-05-06 15:02:29.528,10784,10785,10784,3
2020-05-06 15:02:29.528,10784,10785,10784,1
2020-05-06 15:02:30.032,10783,10784,10784,1
2020-05-06 15:02:30.187,10783,10785,10784,1
2020-05-06 15:02:34.183,10783,10784,10784,1
2020-05-06 15:02:35.177,10783,10784,10783,6
2020-05-06 15:02:35.178,10783,10784,10783,8
2020-05-06 15:02:35.178,10783,10784,10783,3
2020-05-06 15:02:35.178,10783,10784,10783,1
2020-05-06 15:02:35.442,10782,10783,10783,1
2020-05-06 15:02:37.462,10782,10783,10783,1
2020-05-06 15:02:38.928,10782,10783,10782,2
2020-05-06 15:02:39.154,10782,10783,10782,2
2020-05-06 15:02:39.412,10781,10782,10782,1
2020-05-06 15:02:39.436,10781,10782,10782,1
2020-05-06 15:02:39.749,10781,10783,10782,1
2020-05-06 15:02:43.419,10782,10783,10783,4
2020-05-06 15:02:46.129,10783,10784,10783,2
2020-05-06 15:02:46.508,10783,10784,10783,1
2020-05-06 15:02:46.983,10782,10784,10782,3
2020-05-06 15:02:48.457,10783,10784,10783,4
2020-05-06 15:02:48.457,10783,10784,10782,6
2020-05-06 15:02:50.104,10782,10783,10783,1
2020-05-06 15:02:52.180,10783,10784,10784,5
2020-05-06 15:02:52.180,10783,10784,10784,5
2020-05-06 15:02:53.398,10784,10785,10785,9
2020-05-06 15:02:53.400,10784,10785,10786,1
2020-05-06 15:02:53.401,10784,10785,10786,1
2020-05-06 15:02:53.401,10784,10785,10786,3
2020-05-06 15:02:53.401,10784,10785,10786,1
2020-05-06 15:02:53.401,10784,10785,10786,1
2020-05-06 15:02:53.401,10784,10785,10786,3
2020-05-06 15:02:53.401,10784,10785,10786,1
2020-05-06 15:02:53.401,10784,10785,10786,2
2020-05-06 15:02:53.402,10784,10785,10786,1
2020-05-06 15:02:53.770,10785,10786,10785,1
2020-05-06 15:02:53.775,10785,10786,10785,1
2020-05-06 15:02:53.919,10785,10786,10785,1
2020-05-06 15:02:54.795,10785,10786,10786,3
2020-05-06 15:02:55.300,10785,10787,10787,1
2020-05-06 15:02:55.424,10786,10787,10787,2
2020-05-06 15:02:55.676,10786,10787,10786,1
2020-05-06 15:02:55.996,10786,10787,10786,1
2020-05-06 15:02:56.141,10786,10787,10786,1
2020-05-06 15:02:56.144,10786,10787,10786,1
2020-05-06 15:02:56.144,10786,10787,10786,1
2020-05-06 15:02:56.539,10786,10787,10786,1
2020-05-06 15:02:56.831,10786,10787,10787,1
2020-05-06 15:02:57.210,10785,10787,10787,13
2020-05-06 15:02:57.210,10785,10787,10788,16
2020-05-06 15:02:57.657,10787,10788,10788,1
2020-05-06 15:02:57.728,10787,10788,10787,1
2020-05-06 15:02:57.834,10787,10788,10787,1
2020-05-06 15:02:58.494,10786,10787,10786,1
2020-05-06 15:02:59.175,10786,10787,10787,1
2020-05-06 15:02:59.239,10786,10787,10786,1
2020-05-06 15:02:59.262,10786,10787,10787,1
2020-05-06 15:03:00.075,10786,10787,10787,3
2020-05-06 15:03:00.075,10786,10787,10788,3
2020-05-06 15:03:00.455,10786,10788,10788,1
2020-05-06 15:03:00.457,10786,10788,10788,1
2020-05-06 15:03:00.500,10786,10788,10788,4
2020-05-06 15:03:00.986,10787,10788,10787,2
2020-05-06 15:03:00.996,10787,10788,10788,1
2020-05-06 15:03:01.117,10787,10788,10787,2
2020-05-06 15:03:01.117,10787,10788,10786,1
2020-05-06 15:03:01.489,10786,10787,10787,2
2020-05-06 15:03:01.489,10786,10787,10788,1
2020-05-06 15:03:01.637,10787,10788,10788,3
2020-05-06 15:03:01.802,10787,10788,10788,4
2020-05-06 15:03:01.917,10787,10789,10789,4
2020-05-06 15:03:02.388,10786,10788,10786,3
2020-05-06 15:03:03.046,10785,10786,10786,1
2020-05-06 15:03:03.830,10785,10786,10786,3
2020-05-06 15:03:03.830,10785,10786,10786,1
2020-05-06 15:03:03.831,10785,10786,10786,2
2020-05-06 15:03:03.865,10785,10786,10787,1
2020-05-06 15:03:04.879,10786,10788,10787,1
2020-05-06 15:03:07.291,10786,10788,10788,1
2020-05-06 15:03:09.255,10786,10787,10787,1
2020-05-06 15:03:09.477,10786,10787,10787,1
2020-05-06 15:03:09.846,10786,10787,10787,1
2020-05-06 15:03:13.049,10786,10787,10787,1
2020-05-06 15:03:14.162,10786,10787,10786,1
2020-05-06 15:03:14.985,10786,10787,10787,1
2020-05-06 15:03:15.345,10786,10787,10787,3
2020-05-06 15:03:16.635,10786,10787,10787,1
2020-05-06 15:03:17.993,10786,10787,10787,1
2020-05-06 15:03:18.042,10786,10788,10788,3
2020-05-06 15:03:18.370,10786,10788,10786,7
2020-05-06 15:03:19.085,10786,10787,10787,2
2020-05-06 15:03:19.909,10787,10788,10787,3
2020-05-06 15:03:20.366,10787,10788,10788,5
2020-05-06 15:03:20.879,10787,10788,10788,5
2020-05-06 15:03:21.179,10787,10788,10788,1
2020-05-06 15:03:21.241,10787,10788,10788,3
2020-05-06 15:03:21.241,10787,10788,10789,7
2020-05-06 15:03:22.777,10788,10789,10789,2
2020-05-06 15:03:23.281,10788,10789,10789,8
2020-05-06 15:03:24.594,10789,10790,10790,4
2020-05-06 15:03:24.631,10789,10790,10790,11
2020-05-06 15:03:24.632,10789,10790,10790,1
2020-05-06 15:03:25.082,10790,10791,10791,1
2020-05-06 15:03:25.209,10790,10791,10791,2
2020-05-06 15:03:25.218,10790,10791,10791,6
2020-05-06 15:03:25.462,10790,10792,10792,1
2020-05-06 15:03:26.078,10790,10792,10790,1
2020-05-06 15:03:27.406,10790,10791,10791,1
2020-05-06 15:03:28.026,10790,10792,10791,1
2020-05-06 15:03:28.488,10790,10791,10791,1
2020-05-06 15:03:29.645,10790,10791,10791,2
2020-05-06 15:03:30.321,10790,10791,10791,1
2020-05-06 15:03:30.654,10790,10791,10790,4
2020-05-06 15:03:30.752,10790,10791,10790,1
2020-05-06 15:03:31.235,10789,10790,10789,4
2020-05-06 15:03:31.649,10788,10789,10789,2
2020-05-06 15:03:32.398,10788,10789,10789,1
2020-05-06 15:03:32.696,10788,10789,10788,1
2020-05-06 15:03:32.841,10788,10789,10789,3
2020-05-06 15:03:32.889,10788,10789,10789,1
2020-05-06 15:03:33.343,10788,10789,10789,1
2020-05-06 15:03:33.535,10788,10789,10788,9
2020-05-06 15:03:33.593,10788,10789,10788,1
2020-05-06 15:03:35.480,10787,10788,10788,1
2020-05-06 15:03:35.627,10787,10788,10788,1
2020-05-06 15:03:35.898,10787,10788,10788,1
2020-05-06 15:03:36.732,10787,10788,10787,1
2020-05-06 15:03:37.071,10787,10788,10787,10
2020-05-06 15:03:37.071,10787,10788,10787,11
2020-05-06 15:03:37.073,10787,10788,10786,5
2020-05-06 15:03:37.073,10787,10788,10786,5
2020-05-06 15:03:37.073,10787,10788,10786,2
2020-05-06 15:03:37.540,10785,10786,10786,1
2020-05-06 15:03:37.578,10785,10786,10786,1
2020-05-06 15:03:38.198,10785,10786,10786,3
2020-05-06 15:03:38.198,10785,10786,10787,2
2020-05-06 15:03:41.183,10785,10786,10785,9
2020-05-06 15:03:41.247,10785,10786,10784,1
2020-05-06 15:03:42.028,10783,10784,10784,1
2020-05-06 15:03:42.028,10783,10784,10785,1
2020-05-06 15:03:42.450,10783,10785,10784,1
2020-05-06 15:03:43.281,10783,10784,10784,1
2020-05-06 15:03:44.446,10783,10784,10783,3
2020-05-06 15:03:44.575,10782,10784,10783,1
2020-05-06 15:03:45.214,10783,10784,10783,1
2020-05-06 15:03:47.083,10783,10784,10783,1
2020-05-06 15:03:47.101,10783,10784,10784,2
2020-05-06 15:03:47.661,10783,10784,10784,1
2020-05-06 15:03:48.357,10783,10784,10783,3
2020-05-06 15:03:48.528,10783,10784,10783,1
2020-05-06 15:03:48.952,10783,10784,10783,1
2020-05-06 15:03:49.727,10782,10784,10782,1
2020-05-06 15:03:51.185,10782,10783,10783,1
2020-05-06 15:03:52.225,10782,10783,10783,1
2020-05-06 15:03:52.225,10782,10783,10784,1
2020-05-06 15:03:54.659,10783,10784,10784,1
2020-05-06 15:03:54.966,10783,10784,10783,1
2020-05-06 15:03:59.637,10783,10784,10783,4
2020-05-06 15:03:59.637,10783,10784,10782,3
2020-05-06 15:04:01.259,10783,10784,10783,1
2020-05-06 15:04:02.232,10783,10784,10784,1
2020-05-06 15:04:02.595,10783,10784,10784,1
2020-05-06 15:04:03.235,10783,10784,10784,2
2020-05-06 15:04:03.236,10783,10784,10784,3
2020-05-06 15:04:04.379,10783,10784,10783,3
2020-05-06 15:04:05.715,10783,10784,10783,1
2020-05-06 15:04:06.402,10783,10784,10783,1
2020-05-06 15:04:07.829,10783,10784,10783,1
2020-05-06 15:04:08.394,10783,10784,10784,1
2020-05-06 15:04:09.771,10783,10784,10783,4
2020-05-06 15:04:10.131,10782,10783,10782,9
2020-05-06 15:04:10.132,10782,10783,10782,16
2020-05-06 15:04:11.055,10781,10782,10782,2
2020-05-06 15:04:11.772,10781,10782,10781,7
2020-05-06 15:04:11.773,10781,10782,10781,1
2020-05-06 15:04:11.773,10781,10782,10781,1
2020-05-06 15:04:11.881,10781,10782,10781,2
2020-05-06 15:04:12.165,10780,10782,10780,1
2020-05-06 15:04:12.237,10780,10782,10782,1
2020-05-06 15:04:14.709,10781,10782,10782,1
2020-05-06 15:04:14.710,10781,10782,10782,2
2020-05-06 15:04:16.063,10781,10783,10783,8
2020-05-06 15:04:16.215,10783,10784,10783,2
2020-05-06 15:04:16.215,10783,10784,10783,1
2020-05-06 15:04:16.215,10783,10784,10783,1
2020-05-06 15:04:16.215,10783,10784,10783,3
2020-05-06 15:04:20.031,10781,10782,10781,6
2020-05-06 15:04:22.505,10781,10782,10781,5
2020-05-06 15:04:23.726,10781,10782,10781,5
2020-05-06 15:04:23.726,10781,10782,10780,15
2020-05-06 15:04:24.587,10781,10782,10781,1
2020-05-06 15:04:24.682,10780,10782,10780,1
2020-05-06 15:04:29.978,10781,10782,10781,1
2020-05-06 15:04:30.919,10781,10782,10781,1
2020-05-06 15:04:32.938,10781,10782,10781,1
2020-05-06 15:04:36.332,10780,10781,10781,1
2020-05-06 15:04:37.202,10780,10781,10780,1
2020-05-06 15:04:37.627,10780,10781,10781,1
2020-05-06 15:04:39.571,10780,10781,10780,1
2020-05-06 15:04:41.244,10780,10781,10781,1
2020-05-06 15:04:41.974,10780,10781,10781,1
2020-05-06 15:04:42.729,10780,10781,10780,3
2020-05-06 15:04:43.030,10780,10781,10780,1
2020-05-06 15:04:43.131,10780,10781,10780,5
2020-05-06 15:04:44.000,10779,10780,10779,4
2020-05-06 15:04:44.856,10779,10780,10780,1
2020-05-06 15:04:44.937,10779,10780,10780,2
2020-05-06 15:04:44.937,10779,10780,10780,1
2020-05-06 15:04:47.203,10780,10781,10780,3
2020-05-06 15:04:47.561,10780,10781,10781,1
2020-05-06 15:04:48.065,10780,10781,10780,1
2020-05-06 15:04:48.458,10780,10781,10781,1
2020-05-06 15:04:50.815,10780,10781,10780,4
2020-05-06 15:04:51.161,10780,10781,10780,1
2020-05-06 15:04:52.433,10780,10781,10781,2
2020-05-06 15:04:52.434,10780,10781,10781,4
2020-05-06 15:04:53.318,10781,10782,10782,2
2020-05-06 15:04:53.318,10781,10782,10782,17
2020-05-06 15:04:53.703,10782,10783,10782,3
2020-05-06 15:04:54.001,10781,10783,10781,1
2020-05-06 15:04:55.168,10781,10783,10781,1
2020-05-06 15:04:56.272,10781,10783,10783,5
2020-05-06 15:05:00.116,10781,10782,10782,1
2020-05-06 15:05:00.685,10781,10783,10781,4
2020-05-06 15:05:00.685,10781,10783,10780,1
2020-05-06 15:05:02.162,10781,10782,10781,1
2020-05-06 15:05:02.348,10781,10782,10781,1
2020-05-06 15:05:02.392,10781,10782,10782,1
2020-05-06 15:05:02.393,10781,10782,10782,1
2020-05-06 15:05:02.532,10781,10783,10781,2
2020-05-06 15:05:02.543,10781,10783,10782,1
2020-05-06 15:05:02.724,10781,10782,10783,1
2020-05-06 15:05:02.790,10781,10783,10783,4
2020-05-06 15:05:02.794,10781,10783,10783,1
2020-05-06 15:05:02.924,10781,10783,10783,1
2020-05-06 15:05:04.656,10781,10783,10783,1
2020-05-06 15:05:08.018,10781,10783,10783,5
2020-05-06 15:05:08.217,10781,10783,10781,2
2020-05-06 15:05:09.473,10782,10783,10782,1
2020-05-06 15:05:09.732,10781,10783,10781,2
2020-05-06 15:05:13.192,10781,10782,10781,1
2020-05-06 15:05:13.686,10781,10782,10781,2
2020-05-06 15:05:14.735,10780,10781,10780,2
2020-05-06 15:05:14.736,10780,10781,10780,2
2020-05-06 15:05:14.736,10780,10781,10780,4
2020-05-06 15:05:14.736,10780,10781,10780,1
2020-05-06 15:05:14.736,10780,10781,10780,1
2020-05-06 15:05:14.736,10780,10781,10780,1
2020-05-06 15:05:15.982,10779,10780,10779,1
2020-05-06 15:05:17.398,10779,10780,10780,2
2020-05-06 15:05:17.398,10779,10780,10781,3
2020-05-06 15:05:19.467,10780,10781,10780,2
2020-05-06 15:05:19.534,10779,10781,10779,1
2020-05-06 15:05:20.316,10779,10781,10779,1
2020-05-06 15:05:22.293,10780,10781,10780,1
2020-05-06 15:05:23.496,10779,10780,10779,3
2020-05-06 15:05:23.712,10779,10780,10780,1
2020-05-06 15:05:24.856,10780,10781,10780,1
2020-05-06 15:05:27.600,10779,10780,10779,1
2020-05-06 15:05:30.129,10779,10780,10779,1
2020-05-06 15:05:30.945,10779,10780,10779,1
2020-05-06 15:05:31.788,10779,10780,10780,1
2020-05-06 15:05:31.907,10779,10780,10779,6
2020-05-06 15:05:32.124,10779,10780,10780,2
2020-05-06 15:05:33.241,10779,10780,10780,1
2020-05-06 15:05:33.789,10779,10780,10779,3
2020-05-06 15:05:35.168,10779,10780,10780,1
2020-05-06 15:05:39.766,10779,10780,10779,2
2020-05-06 15:05:39.767,10779,10780,10779,6
2020-05-06 15:05:40.829,10778,10779,10778,1
2020-05-06 15:05:40.913,10778,10779,10778,1
2020-05-06 15:05:41.194,10778,10779,10778,2
2020-05-06 15:05:42.332,10778,10779,10778,1
2020-05-06 15:05:42.381,10778,10779,10778,4
2020-05-06 15:05:42.506,10778,10779,10778,2
2020-05-06 15:05:42.646,10777,10779,10779,1
2020-05-06 15:05:43.015,10778,10779,10778,1
2020-05-06 15:05:46.256,10777,10778,10777,8
2020-05-06 15:05:47.637,10776,10778,10778,1
2020-05-06 15:05:49.241,10776,10777,10777,1
2020-05-06 15:05:49.571,10776,10778,10778,2
2020-05-06 15:05:49.904,10776,10778,10776,4
2020-05-06 15:05:49.984,10776,10778,10776,1
2020-05-06 15:05:50.040,10777,10778,10777,1
2020-05-06 15:05:50.185,10777,10778,10777,2
2020-05-06 15:05:50.794,10777,10778,10778,1
2020-05-06 15:05:54.079,10777,10778,10777,7
2020-05-06 15:05:54.377,10776,10777,10776,9
2020-05-06 15:05:54.377,10776,10777,10775,1
2020-05-06 15:05:54.411,10775,10777,10775,1
2020-05-06 15:05:56.159,10775,10776,10775,5
2020-05-06 15:05:56.160,10775,10776,10775,3
2020-05-06 15:05:56.160,10775,10776,10775,1
2020-05-06 15:05:56.164,10775,10776,10775,2
2020-05-06 15:05:56.277,10775,10776,10775,1
2020-05-06 15:05:56.277,10775,10776,10775,8
2020-05-06 15:05:57.294,10774,10775,10774,2
2020-05-06 15:05:58.293,10774,10775,10774,1
2020-05-06 15:05:59.159,10774,10775,10774,1
2020-05-06 15:05:59.490,10774,10775,10774,1
2020-05-06 15:05:59.506,10774,10775,10775,1
2020-05-06 15:06:00.066,10774,10775,10775,1
2020-05-06 15:06:00.387,10774,10775,10774,1
2020-05-06 15:06:00.535,10774,10775,10775,5
2020-05-06 15:06:00.953,10775,10776,10775,1
2020-05-06 15:06:02.747,10775,10776,10776,2
2020-05-06 15:06:02.753,10775,10776,10777,1
2020-05-06 15:06:02.894,10776,10777,10776,1
2020-05-06 15:06:03.008,10776,10777,10776,10
2020-05-06 15:06:03.698,10776,10777,10776,1
2020-05-06 15:06:03.894,10776,10777,10777,1
2020-05-06 15:06:03.895,10776,10777,10777,1
2020-05-06 15:06:04.172,10776,10778,10776,1
2020-05-06 15:06:05.473,10776,10778,10776,1
2020-05-06 15:06:06.734,10776,10778,10777,1
2020-05-06 15:06:07.454,10777,10778,10777,1
2020-05-06 15:06:07.475,10777,10778,10777,1
2020-05-06 15:06:09.994,10776,10778,10776,1
2020-05-06 15:06:10.977,10776,10777,10776,1
2020-05-06 15:06:13.940,10776,10777,10776,1
2020-05-06 15:06:14.701,10776,10777,10776,5
2020-05-06 15:06:16.387,10776,10777,10777,2
2020-05-06 15:06:17.298,10777,10778,10777,1
2020-05-06 15:06:19.479,10777,10778,10778,1
2020-05-06 15:06:22.133,10777,10778,10777,1
2020-05-06 15:06:22.388,10777,10778,10778,3
2020-05-06 15:06:22.388,10777,10778,10779,12
2020-05-06 15:06:22.867,10777,10779,10778,1
2020-05-06 15:06:23.042,10778,10779,10778,1
2020-05-06 15:06:23.764,10778,10779,10778,1
2020-05-06 15:06:25.785,10778,10779,10779,2
2020-05-06 15:06:25.785,10778,10779,10780,1
2020-05-06 15:06:26.965,10777,10779,10779,3
2020-05-06 15:06:30.944,10778,10780,10780,1
2020-05-06 15:06:32.438,10779,10780,10779,1
2020-05-06 15:06:37.150,10779,10780,10779,2
2020-05-06 15:06:41.350,10779,10780,10779,2
2020-05-06 15:06:42.859,10779,10780,10780,1
2020-05-06 15:06:43.041,10779,10780,10779,1
2020-05-06 15:06:43.138,10779,10780,10779,1
2020-05-06 15:06:43.868,10779,10780,10779,1
2020-05-06 15:06:45.407,10778,10780,10778,1
2020-05-06 15:06:50.159,10778,10779,10778,3
2020-05-06 15:06:50.498,10777,10778,10778,1
2020-05-06 15:06:53.000,10777,10778,10778,1
2020-05-06 15:06:53.222,10777,10778,10778,1
2020-05-06 15:06:54.999,10777,10778,10778,1
2020-05-06 15:06:55.998,10777,10778,10778,1
2020-05-06 15:06:56.495,10777,10779,10777,1
2020-05-06 15:06:58.025,10778,10779,10779,1
2020-05-06 15:06:58.384,10778,10779,10778,1
2020-05-06 15:06:59.525,10777,10778,10777,1
2020-05-06 15:07:01.828,10777,10778,10778,1
2020-05-06 15:07:02.169,10777,10778,10778,5
2020-05-06 15:07:02.914,10778,10779,10778,1
2020-05-06 15:07:05.270,10778,10779,10779,3
2020-05-06 15:07:06.998,10778,10779,10778,2
2020-05-06 15:07:08.774,10777,10779,10779,10
2020-05-06 15:07:10.792,10777,10778,10778,1
2020-05-06 15:07:12.181,10777,10778,10777,5
2020-05-06 15:07:14.467,10777,10778,10777,1
2020-05-06 15:07:15.857,10777,10778,10778,5
2020-05-06 15:07:15.857,10777,10778,10779,3
2020-05-06 15:07:17.161,10778,10779,10778,1
2020-05-06 15:07:18.350,10777,10778,10777,1
2020-05-06 15:07:19.080,10777,10778,10777,1
2020-05-06 15:07:22.085,10778,10779,10779,1
2020-05-06 15:07:24.983,10778,10779,10778,1
2020-05-06 15:07:25.821,10778,10779,10779,2
2020-05-06 15:07:26.283,10778,10779,10779,4
2020-05-06 15:07:27.379,10779,10780,10779,1
2020-05-06 15:07:27.915,10779,10780,10779,1
2020-05-06 15:07:30.095,10779,10780,10779,1
2020-05-06 15:07:32.380,10779,10780,10779,1
2020-05-06 15:07:33.883,10779,10780,10780,16
2020-05-06 15:07:33.883,10779,10780,10780,1
2020-05-06 15:07:33.883,10779,10780,10780,2
2020-05-06 15:07:33.884,10779,10780,10780,2
2020-05-06 15:07:34.011,10779,10780,10780,1
2020-05-06 15:07:34.011,10779,10780,10780,1
2020-05-06 15:07:34.012,10779,10780,10780,4
2020-05-06 15:07:34.387,10779,10781,10779,1
2020-05-06 15:07:34.996,10779,10781,10779,1
2020-05-06 15:07:35.495,10779,10781,10781,1
2020-05-06 15:07:35.588,10779,10781,10779,2
2020-05-06 15:07:38.953,10780,10782,10780,1
2020-05-06 15:07:39.873,10781,10782,10782,4
2020-05-06 15:07:43.304,10781,10782,10782,1
2020-05-06 15:07:44.700,10781,10782,10781,1
2020-05-06 15:07:50.258,10781,10782,10782,1
2020-05-06 15:07:52.925,10781,10782,10781,5
2020-05-06 15:07:52.926,10781,10782,10781,3
2020-05-06 15:07:53.819,10780,10781,10781,1
2020-05-06 15:07:55.218,10780,10781,10780,5
2020-05-06 15:07:55.219,10780,10781,10780,4
2020-05-06 15:07:55.365,10779,10780,10779,1
2020-05-06 15:07:58.489,10779,10780,10779,1
2020-05-06 15:08:03.128,10779,10780,10779,3
2020-05-06 15:08:03.249,10778,10779,10779,1
2020-05-06 15:08:04.039,10778,10779,10779,3
2020-05-06 15:08:04.899,10778,10780,10780,1
2020-05-06 15:08:09.468,10779,10780,10780,3
2020-05-06 15:08:12.014,10779,10780,10779,2
2020-05-06 15:08:12.625,10779,10780,10780,1
2020-05-06 15:08:15.111,10779,10780,10780,1
2020-05-06 15:08:16.715,10779,10780,10780,2
2020-05-06 15:08:16.941,10779,10780,10780,1
2020-05-06 15:08:17.344,10779,10780,10780,1
2020-05-06 15:08:20.255,10779,10780,10780,1
2020-05-06 15:08:22.797,10779,10780,10780,1
2020-05-06 15:08:22.798,10779,10780,10780,3
2020-05-06 15:08:22.798,10779,10780,10780,6
2020-05-06 15:08:24.469,10779,10780,10779,4
2020-05-06 15:08:25.393,10779,10780,10779,4
2020-05-06 15:08:25.740,10778,10779,10779,5
2020-05-06 15:08:29.168,10778,10779,10779,3
2020-05-06 15:08:31.005,10778,10779,10779,1
2020-05-06 15:08:31.374,10778,10779,10779,1
2020-05-06 15:08:32.106,10778,10779,10778,5
2020-05-06 15:08:32.960,10778,10779,10778,5
2020-05-06 15:08:32.961,10778,10779,10778,4
2020-05-06 15:08:32.961,10778,10779,10778,2
2020-05-06 15:08:33.006,10778,10779,10778,2
2020-05-06 15:08:36.353,10777,10778,10778,1
2020-05-06 15:08:42.957,10777,10778,10777,1
2020-05-06 15:08:42.958,10777,10778,10777,1
2020-05-06 15:08:42.958,10777,10778,10777,2
2020-05-06 15:08:42.969,10777,10778,10777,3
2020-05-06 15:08:42.970,10777,10778,10777,2
2020-05-06 15:08:42.971,10777,10778,10777,1
2020-05-06 15:08:42.971,10777,10778,10777,1
2020-05-06 15:08:42.971,10777,10778,10777,2
2020-05-06 15:08:42.971,10777,10778,10777,1
2020-05-06 15:08:43.957,10776,10777,10776,2
2020-05-06 15:08:44.665,10776,10777,10776,1
2020-05-06 15:08:46.459,10776,10777,10776,2
2020-05-06 15:08:46.547,10776,10777,10776,2
2020-05-06 15:08:51.133,10776,10777,10776,1
2020-05-06 15:08:59.510,10776,10777,10776,1
2020-05-06 15:09:01.213,10776,10777,10776,1
2020-05-06 15:09:01.461,10776,10777,10777,2
2020-05-06 15:09:02.253,10776,10777,10776,6
2020-05-06 15:09:02.575,10776,10777,10776,5
2020-05-06 15:09:04.115,10775,10776,10776,1
2020-05-06 15:09:09.326,10775,10776,10776,2
2020-05-06 15:09:09.818,10775,10776,10776,1
2020-05-06 15:09:10.564,10775,10776,10775,1
2020-05-06 15:09:11.628,10775,10776,10775,5
2020-05-06 15:09:12.275,10775,10776,10776,2
2020-05-06 15:09:14.501,10775,10776,10776,5
2020-05-06 15:09:14.501,10775,10776,10776,2
2020-05-06 15:09:15.380,10776,10777,10776,1
2020-05-06 15:09:16.025,10776,10777,10776,1
2020-05-06 15:09:16.136,10776,10777,10777,1
2020-05-06 15:09:17.786,10776,10777,10776,1
2020-05-06 15:09:19.611,10776,10777,10777,1
2020-05-06 15:09:20.158,10776,10777,10776,1
2020-05-06 15:09:20.362,10776,10777,10776,1
2020-05-06 15:09:30.308,10776,10777,10777,2
2020-05-06 15:09:30.308,10776,10777,10777,11
2020-05-06 15:09:30.317,10776,10777,10777,7
2020-05-06 15:09:30.421,10777,10778,10777,1
2020-05-06 15:09:30.421,10777,10778,10776,1
2020-05-06 15:09:34.440,10776,10777,10776,1
2020-05-06 15:09:36.642,10776,10777,10776,1
2020-05-06 15:09:43.502,10776,10777,10776,1
2020-05-06 15:09:45.559,10776,10777,10777,1
2020-05-06 15:09:46.287,10776,10777,10776,1
2020-05-06 15:09:47.607,10776,10777,10777,1
2020-05-06 15:09:50.548,10776,10777,10776,1
2020-05-06 15:09:52.020,10776,10777,10776,3
2020-05-06 15:09:52.021,10776,10777,10776,1
2020-05-06 15:09:52.250,10775,10776,10776,2
2020-05-06 15:09:55.978,10775,10776,10776,1
2020-05-06 15:09:57.453,10775,10776,10776,2
2020-05-06 15:09:57.635,10776,10777,10777,16
2020-05-06 15:10:02.222,10776,10777,10777,2
2020-05-06 15:10:03.026,10776,10777,10777,1
2020-05-06 15:10:03.364,10776,10778,10777,1
2020-05-06 15:10:03.551,10777,10778,10777,1
2020-05-06 15:10:03.822,10777,10778,10777,1
2020-05-06 15:10:13.737,10776,10777,10776,3
2020-05-06 15:10:14.562,10776,10777,10776,2
2020-05-06 15:10:16.732,10775,10776,10776,1
2020-05-06 15:10:17.781,10775,10776,10776,1
2020-05-06 15:10:19.456,10776,10777,10776,1
2020-05-06 15:10:23.539,10775,10776,10776,1
2020-05-06 15:10:23.540,10775,10776,10776,1
2020-05-06 15:10:27.541,10776,10777,10777,9
2020-05-06 15:10:28.777,10777,10778,10777,1
2020-05-06 15:10:34.419,10777,10778,10778,5
2020-05-06 15:10:34.533,10778,10779,10779,2
2020-05-06 15:10:35.549,10778,10780,10778,2
2020-05-06 15:10:40.437,10778,10779,10779,2
2020-05-06 15:10:42.330,10779,10780,10780,1
2020-05-06 15:10:45.131,10779,10780,10780,7
2020-05-06 15:10:46.311,10780,10781,10780,5
2020-05-06 15:10:46.706,10780,10781,10780,1
2020-05-06 15:10:47.450,10780,10781,10781,4
2020-05-06 15:10:47.539,10781,10782,10782,1
2020-05-06 15:10:47.556,10781,10782,10782,1
2020-05-06 15:10:47.755,10781,10782,10782,1
2020-05-06 15:10:48.016,10781,10782,10781,1
2020-05-06 15:10:48.321,10781,10782,10781,1
2020-05-06 15:10:49.122,10780,10781,10781,1
2020-05-06 15:10:50.536,10780,10781,10781,1
2020-05-06 15:10:50.715,10780,10781,10780,2
2020-05-06 15:10:53.597,10780,10781,10781,1
2020-05-06 15:10:55.249,10780,10782,10780,1
2020-05-06 15:10:55.521,10780,10781,10781,1
2020-05-06 15:10:58.758,10781,10782,10782,1
2020-05-06 15:10:59.612,10781,10782,10781,3
2020-05-06 15:11:02.494,10780,10781,10781,2
2020-05-06 15:11:02.494,10780,10781,10781,1
2020-05-06 15:11:04.887,10781,10782,10781,2
2020-05-06 15:11:06.089,10781,10782,10782,4
2020-05-06 15:11:06.089,10781,10782,10782,1
2020-05-06 15:11:06.090,10781,10782,10782,1
2020-05-06 15:11:06.180,10782,10783,10782,1
2020-05-06 15:11:06.216,10782,10783,10781,1
2020-05-06 15:11:11.182,10781,10782,10782,1
2020-05-06 15:11:12.131,10781,10782,10782,1
2020-05-06 15:11:17.526,10782,10783,10783,3
2020-05-06 15:11:20.483,10783,10784,10783,1
2020-05-06 15:11:20.900,10783,10784,10783,1
2020-05-06 15:11:27.606,10782,10784,10784,1
2020-05-06 15:11:27.838,10782,10784,10784,1
2020-05-06 15:11:28.836,10782,10783,10783,1
2020-05-06 15:11:29.388,10783,10784,10784,9
2020-05-06 15:11:29.389,10783,10784,10784,1
2020-05-06 15:11:29.389,10783,10784,10784,2
2020-05-06 15:11:30.103,10784,10785,10784,1
2020-05-06 15:11:30.378,10783,10785,10784,1
2020-05-06 15:11:32.553,10784,10785,10785,1
2020-05-06 15:11:34.382,10784,10785,10785,2
2020-05-06 15:11:34.645,10784,10785,10785,2
2020-05-06 15:11:34.737,10784,10785,10785,1
2020-05-06 15:11:34.822,10784,10785,10785,3
2020-05-06 15:11:35.126,10784,10785,10785,1
2020-05-06 15:11:35.464,10784,10785,10785,1
2020-05-06 15:11:35.906,10784,10785,10785,2
2020-05-06 15:11:36.074,10784,10785,10784,5
2020-05-06 15:11:36.107,10784,10785,10785,2
2020-05-06 15:11:36.217,10784,10785,10784,4
2020-05-06 15:11:37.236,10783,10785,10784,1
2020-05-06 15:11:39.030,10783,10784,10783,1
2020-05-06 15:11:39.113,10783,10784,10784,1
2020-05-06 15:11:40.801,10783,10784,10784,1
2020-05-06 15:11:44.015,10783,10784,10784,1
2020-05-06 15:11:50.666,10783,10784,10783,9
2020-05-06 15:11:52.291,10782,10783,10783,1
2020-05-06 15:11:56.201,10782,10783,10783,1
2020-05-06 15:11:59.097,10782,10783,10783,3
2020-05-06 15:12:05.704,10782,10784,10784,1
2020-05-06 15:12:05.845,10782,10784,10782,1
2020-05-06 15:12:05.925,10782,10784,10784,6
2020-05-06 15:12:06.052,10782,10784,10784,1
2020-05-06 15:12:06.160,10782,10784,10784,1
2020-05-06 15:12:06.228,10782,10784,10784,1
2020-05-06 15:12:06.257,10782,10784,10784,1
2020-05-06 15:12:06.270,10782,10784,10784,1
2020-05-06 15:12:06.272,10782,10784,10784,2
2020-05-06 15:12:06.279,10782,10784,10784,2
2020-05-06 15:12:10.572,10783,10784,10783,1
2020-05-06 15:12:10.883,10783,10784,10783,1
2020-05-06 15:12:15.544,10783,10784,10783,2
2020-05-06 15:12:15.656,10783,10784,10784,1
2020-05-06 15:12:15.685,10783,10784,10784,1
2020-05-06 15:12:16.251,10783,10784,10784,1
2020-05-06 15:12:20.254,10783,10784,10784,4
2020-05-06 15:12:20.733,10783,10784,10784,1
2020-05-06 15:12:21.446,10783,10784,10784,2
2020-05-06 15:12:23.176,10783,10784,10784,3
2020-05-06 15:12:23.397,10783,10784,10783,1
2020-05-06 15:12:26.061,10783,10784,10784,1
2020-05-06 15:12:30.603,10783,10784,10784,2
2020-05-06 15:12:31.105,10783,10784,10784,1
2020-05-06 15:12:32.431,10783,10784,10784,1
2020-05-06 15:12:33.668,10783,10784,10783,1
2020-05-06 15:12:36.438,10783,10784,10783,1
2020-05-06 15:12:38.706,10783,10784,10784,4
2020-05-06 15:12:38.706,10783,10784,10784,1
2020-05-06 15:12:41.866,10784,10785,10784,5
2020-05-06 15:12:50.916,10784,10785,10784,7
2020-05-06 15:12:56.966,10784,10785,10785,1
2020-05-06 15:12:56.968,10784,10785,10785,10
2020-05-06 15:12:57.374,10785,10786,10785,1
2020-05-06 15:12:57.433,10785,10786,10786,3
2020-05-06 15:12:57.435,10785,10786,10786,2
2020-05-06 15:12:57.442,10785,10786,10786,2
2020-05-06 15:12:57.484,10785,10786,10785,1
2020-05-06 15:12:57.655,10785,10786,10786,3
2020-05-06 15:12:57.655,10785,10786,10787,1
2020-05-06 15:13:02.352,10785,10787,10787,2
2020-05-06 15:13:03.044,10785,10787,10787,2
2020-05-06 15:13:03.382,10785,10787,10787,1
2020-05-06 15:13:04.727,10785,10786,10785,1
2020-05-06 15:13:07.307,10784,10785,10785,1
2020-05-06 15:13:08.206,10784,10785,10785,3
2020-05-06 15:13:08.530,10784,10785,10785,1
2020-05-06 15:13:10.828,10784,10785,10784,7
2020-05-06 15:13:10.828,10784,10785,10784,6
2020-05-06 15:13:10.828,10784,10785,10784,1
2020-05-06 15:13:10.828,10784,10785,10784,1
2020-05-06 15:13:10.886,10783,10784,10783,12
2020-05-06 15:13:11.127,10782,10783,10783,3
2020-05-06 15:13:11.127,10782,10783,10784,1
2020-05-06 15:13:11.343,10782,10784,10782,1
2020-05-06 15:13:11.865,10783,10784,10784,1
2020-05-06 15:13:12.284,10783,10784,10784,6
2020-05-06 15:13:16.666,10783,10784,10784,1
2020-05-06 15:13:20.067,10783,10784,10784,1
2020-05-06 15:13:20.067,10783,10784,10784,1
2020-05-06 15:13:25.099,10783,10784,10784,2
2020-05-06 15:13:28.505,10784,10785,10785,3
2020-05-06 15:13:28.654,10784,10785,10785,2
2020-05-06 15:13:28.654,10784,10785,10785,1
2020-05-06 15:13:34.909,10784,10786,10786,4
2020-05-06 15:13:39.100,10784,10786,10786,2
2020-05-06 15:13:40.363,10784,10786,10786,3
2020-05-06 15:13:41.924,10785,10787,10785,1
2020-05-06 15:13:48.164,10785,10786,10786,1
2020-05-06 15:13:48.167,10785,10786,10786,2
2020-05-06 15:13:52.306,10785,10787,10787,1
2020-05-06 15:13:55.586,10785,10786,10786,2
2020-05-06 15:13:55.586,10785,10786,10787,1
2020-05-06 15:13:55.633,10785,10787,10787,2
2020-05-06 15:13:55.633,10785,10787,10787,1
2020-05-06 15:14:00.163,10785,10787,10787,1
2020-05-06 15:14:00.696,10785,10787,10787,1
2020-05-06 15:14:01.967,10785,10787,10786,1
2020-05-06 15:14:03.891,10785,10787,10785,1
2020-05-06 15:14:05.831,10786,10787,10786,1
2020-05-06 15:14:06.182,10785,10787,10787,1
2020-05-06 15:14:07.780,10786,10787,10787,1
2020-05-06 15:14:08.143,10786,10787,10786,2
2020-05-06 15:14:08.144,10786,10787,10786,1
2020-05-06 15:14:08.147,10786,10787,10787,1
2020-05-06 15:14:09.641,10785,10786,10786,1
2020-05-06 15:14:09.700,10785,10786,10786,1
2020-05-06 15:14:14.260,10785,10786,10786,1
2020-05-06 15:14:14.595,10785,10786,10786,2
2020-05-06 15:14:18.938,10785,10786,10786,1
2020-05-06 15:14:19.148,10785,10786,10786,2
2020-05-06 15:14:22.339,10786,10787,10787,5
2020-05-06 15:14:28.777,10786,10787,10787,1
2020-05-06 15:14:28.922,10786,10787,10786,2
2020-05-06 15:14:28.923,10786,10787,10786,2
2020-05-06 15:14:28.937,10786,10787,10786,6
2020-05-06 15:14:28.937,10786,10787,10786,8
2020-05-06 15:14:28.938,10786,10787,10786,6
2020-05-06 15:14:30.228,10785,10786,10786,1
2020-05-06 15:14:31.075,10785,10786,10786,1
2020-05-06 15:14:31.147,10785,10787,10787,1
2020-05-06 15:14:32.193,10785,10786,10786,1
2020-05-06 15:14:35.817,10786,10787,10786,1
2020-05-06 15:14:37.304,10786,10787,10786,1
2020-05-06 15:14:40.774,10786,10787,10786,1
2020-05-06 15:14:41.136,10786,10787,10787,4
2020-05-06 15:14:41.136,10786,10787,10787,1
2020-05-06 15:14:41.136,10786,10787,10787,11
2020-05-06 15:14:41.136,10786,10787,10787,3
2020-05-06 15:14:41.376,10787,10788,10787,1
2020-05-06 15:14:42.530,10787,10788,10787,1
2020-05-06 15:14:45.042,10787,10788,10788,2
2020-05-06 15:14:45.187,10787,10788,10787,1
2020-05-06 15:14:45.891,10787,10788,10787,1
2020-05-06 15:14:46.727,10786,10788,10786,1
2020-05-06 15:14:47.217,10786,10787,10787,1
2020-05-06 15:14:51.131,10786,10787,10787,1
2020-05-06 15:14:53.015,10786,10787,10787,1
2020-05-06 15:14:55.897,10787,10788,10787,1
2020-05-06 15:14:56.113,10787,10788,10788,1
2020-05-06 15:14:59.529,10787,10788,10787,1
2020-05-06 15:15:01.252,10787,10788,10788,1
2020-05-06 15:15:01.973,10787,10788,10788,4
2020-05-06 15:15:02.104,10787,10788,10788,1
2020-05-06 15:15:02.704,10787,10788,10788,5
2020-05-06 15:15:04.407,10787,10788,10787,2
2020-05-06 15:15:04.476,10787,10788,10787,1
2020-05-06 15:15:06.012,10786,10787,10787,1
2020-05-06 15:15:06.127,10786,10787,10786,4
2020-05-06 15:15:06.438,10786,10788,10786,1
2020-05-06 15:15:07.004,10786,10787,10786,1
2020-05-06 15:15:07.027,10786,10787,10786,2
2020-05-06 15:15:07.205,10786,10787,10786,1
2020-05-06 15:15:07.523,10786,10787,10786,1
2020-05-06 15:15:07.725,10786,10787,10786,1
2020-05-06 15:15:08.040,10786,10787,10786,2
2020-05-06 15:15:08.042,10786,10787,10786,1
2020-05-06 15:15:08.042,10786,10787,10785,3
2020-05-06 15:15:08.326,10785,10787,10785,1
2020-05-06 15:15:08.931,10785,10787,10787,1
2020-05-06 15:15:11.952,10785,10786,10786,1
2020-05-06 15:15:12.482,10785,10786,10786,1
2020-05-06 15:15:13.559,10786,10787,10787,1
2020-05-06 15:15:20.026,10786,10787,10786,1
2020-05-06 15:15:20.991,10786,10787,10786,1
2020-05-06 15:15:21.419,10786,10787,10787,4
2020-05-06 15:15:25.034,10787,10788,10787,2
2020-05-06 15:15:25.038,10787,10788,10787,4
2020-05-06 15:15:26.330,10786,10787,10786,1
2020-05-06 15:15:27.986,10786,10787,10787,1
2020-05-06 15:15:30.184,10786,10787,10786,12
2020-05-06 15:15:32.720,10785,10786,10785,2
2020-05-06 15:15:35.890,10785,10786,10785,12
2020-05-06 15:15:37.233,10784,10785,10784,1
2020-05-06 15:15:37.292,10784,10785,10784,1
2020-05-06 15:15:37.548,10784,10785,10784,2
2020-05-06 15:15:37.805,10784,10785,10784,1
2020-05-06 15:15:37.805,10784,10785,10783,1
2020-05-06 15:15:37.920,10783,10785,10783,1
2020-05-06 15:15:37.920,10783,10785,10783,1
2020-05-06 15:15:39.254,10783,10784,10783,2
2020-05-06 15:15:39.536,10783,10784,10783,1
2020-05-06 15:15:40.795,10783,10784,10783,1
2020-05-06 15:15:42.868,10783,10784,10784,5
2020-05-06 15:15:42.868,10783,10784,10785,6
2020-05-06 15:15:43.363,10783,10785,10785,1
2020-05-06 15:15:43.820,10783,10785,10783,1
2020-05-06 15:15:47.318,10783,10784,10783,1
2020-05-06 15:15:53.425,10783,10784,10783,1
2020-05-06 15:15:55.759,10783,10784,10783,10
2020-05-06 15:15:56.079,10783,10784,10783,1
2020-05-06 15:15:57.008,10783,10784,10784,1
2020-05-06 15:16:00.374,10783,10784,10783,1
2020-05-06 15:16:01.842,10783,10784,10784,3
2020-05-06 15:16:02.019,10784,10785,10784,1
2020-05-06 15:16:03.325,10784,10785,10784,1
2020-05-06 15:16:18.173,10783,10784,10783,3
2020-05-06 15:16:18.174,10783,10784,10783,4
2020-05-06 15:16:18.257,10782,10783,10783,1
2020-05-06 15:16:19.413,10782,10783,10782,1
2020-05-06 15:16:23.478,10782,10783,10782,1
2020-05-06 15:16:24.043,10782,10783,10782,1
2020-05-06 15:16:24.043,10782,10783,10782,5
2020-05-06 15:16:24.043,10782,10783,10782,4
2020-05-06 15:16:25.835,10781,10782,10782,1
2020-05-06 15:16:28.645,10781,10782,10781,1
2020-05-06 15:16:28.880,10781,10782,10782,3
2020-05-06 15:16:28.880,10781,10782,10783,7
2020-05-06 15:16:28.917,10781,10783,10783,2
2020-05-06 15:16:28.921,10781,10783,10782,1
2020-05-06 15:16:28.923,10781,10783,10782,1
2020-05-06 15:16:33.920,10781,10782,10781,1
2020-05-06 15:16:36.358,10781,10782,10782,1
2020-05-06 15:16:36.358,10781,10782,10782,1
2020-05-06 15:16:37.731,10782,10783,10782,1
2020-05-06 15:16:39.125,10782,10783,10783,1
2020-05-06 15:16:39.125,10782,10783,10783,1
2020-05-06 15:16:41.321,10783,10784,10783,2
2020-05-06 15:16:48.185,10782,10783,10783,1
2020-05-06 15:16:48.580,10782,10783,10782,1
2020-05-06 15:16:49.371,10782,10783,10783,1
2020-05-06 15:16:53.035,10782,10783,10783,3
2020-05-06 15:16:57.937,10783,10784,10783,1
2020-05-06 15:17:01.488,10783,10784,10783,1
2020-05-06 15:17:02.216,10783,10784,10784,4
2020-05-06 15:17:02.217,10783,10784,10784,3
2020-05-06 15:17:02.962,10783,10785,10783,1
2020-05-06 15:17:12.822,10783,10785,10783,1
2020-05-06 15:17:16.214,10783,10784,10783,3
2020-05-06 15:17:16.981,10783,10784,10783,1
2020-05-06 15:17:18.623,10783,10784,10784,2
2020-05-06 15:17:20.638,10784,10785,10784,1
2020-05-06 15:17:22.678,10784,10785,10785,6
2020-05-06 15:17:22.679,10784,10785,10785,1
2020-05-06 15:17:22.679,10784,10785,10785,1
2020-05-06 15:17:23.626,10785,10786,10786,4
2020-05-06 15:17:23.665,10785,10787,10786,1
2020-05-06 15:17:24.299,10786,10787,10787,6
2020-05-06 15:17:31.315,10786,10788,10786,1
2020-05-06 15:17:33.296,10787,10788,10787,1
2020-05-06 15:17:37.341,10785,10787,10785,1
2020-05-06 15:17:39.667,10785,10787,10787,3
2020-05-06 15:17:43.536,10786,10787,10787,1
2020-05-06 15:17:45.928,10786,10787,10786,1
2020-05-06 15:17:46.598,10786,10787,10787,1
2020-05-06 15:17:47.401,10786,10787,10787,1
2020-05-06 15:17:49.369,10786,10787,10787,3
2020-05-06 15:17:49.506,10787,10788,10788,14
2020-05-06 15:17:49.507,10787,10788,10788,8
2020-05-06 15:17:51.859,10787,10789,10787,1
2020-05-06 15:17:53.372,10786,10788,10788,3
2020-05-06 15:17:57.525,10787,10788,10787,1
2020-05-06 15:17:57.838,10786,10788,10788,1
2020-05-06 15:18:00.665,10786,10788,10788,1
2020-05-06 15:18:03.220,10787,10788,10788,6
2020-05-06 15:18:04.156,10788,10789,10789,3
2020-05-06 15:18:04.485,10788,10789,10789,2
2020-05-06 15:18:08.058,10787,10789,10789,3
2020-05-06 15:18:09.773,10788,10789,10789,1
2020-05-06 15:18:11.361,10788,10789,10789,4
2020-05-06 15:18:11.361,10788,10789,10789,9
2020-05-06 15:18:13.433,10789,10790,10789,2
2020-05-06 15:18:13.936,10788,10790,10790,1
2020-05-06 15:18:15.995,10789,10790,10790,3
2020-05-06 15:18:15.995,10789,10790,10790,1
2020-05-06 15:18:15.996,10789,10790,10790,1
2020-05-06 15:18:16.013,10789,10790,10790,1
2020-05-06 15:18:16.043,10789,10790,10790,8
2020-05-06 15:18:16.639,10790,10791,10791,16
2020-05-06 15:18:16.976,10790,10792,10792,1
2020-05-06 15:18:17.037,10790,10792,10792,1
2020-05-06 15:18:17.154,10790,10792,10790,1
2020-05-06 15:18:17.194,10790,10792,10792,1
2020-05-06 15:18:17.527,10790,10792,10792,4
2020-05-06 15:18:18.934,10791,10792,10792,1
2020-05-06 15:18:19.562,10791,10792,10792,1
2020-05-06 15:18:20.346,10791,10792,10791,1
2020-05-06 15:18:20.473,10791,10792,10792,1
2020-05-06 15:18:20.839,10791,10792,10792,1
2020-05-06 15:18:22.950,10791,10792,10792,1
2020-05-06 15:18:23.239,10791,10792,10792,2
2020-05-06 15:18:23.984,10791,10792,10792,1
2020-05-06 15:18:24.767,10791,10792,10792,1
2020-05-06 15:18:24.987,10791,10792,10792,1
2020-05-06 15:18:25.541,10791,10792,10792,1
2020-05-06 15:18:26.292,10791,10792,10792,1
2020-05-06 15:18:26.471,10791,10792,10792,1
2020-05-06 15:18:26.471,10791,10792,10792,1
2020-05-06 15:18:26.472,10791,10792,10792,2
2020-05-06 15:18:27.692,10792,10793,10792,1
2020-05-06 15:18:27.786,10792,10793,10792,1
2020-05-06 15:18:28.423,10792,10793,10793,1
2020-05-06 15:18:28.516,10792,10793,10793,5
2020-05-06 15:18:28.606,10792,10793,10793,3
2020-05-06 15:18:30.406,10792,10793,10793,1
2020-05-06 15:18:32.842,10792,10793,10793,1
2020-05-06 15:18:33.026,10792,10793,10793,1
2020-05-06 15:18:34.262,10792,10793,10793,1
2020-05-06 15:18:37.079,10792,10793,10793,10
2020-05-06 15:18:37.154,10793,10794,10794,1
2020-05-06 15:18:37.440,10793,10794,10794,1
2020-05-06 15:18:38.486,10793,10794,10793,1
2020-05-06 15:18:38.945,10793,10794,10793,1
2020-05-06 15:18:39.281,10793,10794,10793,1
2020-05-06 15:18:39.864,10793,10794,10794,5
2020-05-06 15:18:44.987,10793,10794,10794,1
2020-05-06 15:18:45.140,10793,10794,10794,1
2020-05-06 15:18:45.483,10793,10794,10793,1
2020-05-06 15:18:45.483,10793,10794,10793,1
2020-05-06 15:18:45.483,10793,10794,10793,1
2020-05-06 15:18:45.483,10793,10794,10793,5
2020-05-06 15:18:45.484,10793,10794,10793,7
2020-05-06 15:18:45.484,10793,10794,10793,6
2020-05-06 15:18:45.503,10793,10794,10792,5
2020-05-06 15:18:49.735,10792,10793,10793,1
2020-05-06 15:18:50.478,10792,10793,10793,5
2020-05-06 15:18:53.134,10793,10794,10793,1
2020-05-06 15:18:56.596,10793,10794,10794,1
2020-05-06 15:18:56.874,10793,10794,10793,2
2020-05-06 15:18:57.058,10793,10794,10794,13
2020-05-06 15:18:57.184,10794,10795,10794,1
2020-05-06 15:19:00.617,10793,10794,10794,3
2020-05-06 15:19:01.045,10793,10794,10794,1
2020-05-06 15:19:03.910,10793,10794,10794,1
2020-05-06 15:19:04.072,10793,10794,10794,1
2020-05-06 15:19:05.142,10793,10794,10794,1
2020-05-06 15:19:05.305,10793,10794,10794,1
2020-05-06 15:19:05.638,10793,10794,10794,2
2020-05-06 15:19:06.279,10794,10795,10794,1
2020-05-06 15:19:09.359,10794,10795,10795,1
2020-05-06 15:19:09.405,10794,10795,10795,4
2020-05-06 15:19:09.406,10794,10795,10795,2
2020-05-06 15:19:09.498,10794,10795,10795,2
2020-05-06 15:19:09.899,10794,10795,10795,13
2020-05-06 15:19:10.262,10795,10796,10796,2
2020-05-06 15:19:10.456,10795,10796,10796,1
2020-05-06 15:19:10.840,10795,10796,10795,1
2020-05-06 15:19:11.130,10795,10796,10796,3
2020-05-06 15:19:11.694,10795,10797,10797,3
2020-05-06 15:19:13.078,10796,10797,10796,1
2020-05-06 15:19:14.112,10796,10797,10797,2
2020-05-06 15:19:14.693,10797,10798,10797,1
2020-05-06 15:19:14.921,10797,10798,10797,7
2020-05-06 15:19:15.190,10796,10797,10798,1
2020-05-06 15:19:16.726,10797,10798,10798,2
2020-05-06 15:19:17.163,10797,10798,10797,1
2020-05-06 15:19:18.244,10797,10798,10797,1
2020-05-06 15:19:19.783,10797,10798,10798,2
2020-05-06 15:19:20.141,10797,10798,10798,1
2020-05-06 15:19:20.330,10797,10798,10798,1
2020-05-06 15:19:20.484,10797,10798,10798,2
2020-05-06 15:19:20.933,10797,10798,10798,5
2020-05-06 15:19:21.479,10797,10798,10798,1
2020-05-06 15:19:22.239,10797,10798,10798,1
2020-05-06 15:19:22.440,10797,10798,10798,1
2020-05-06 15:19:22.768,10797,10798,10797,1
2020-05-06 15:19:22.843,10797,10798,10798,18
2020-05-06 15:19:22.844,10797,10798,10798,21
2020-05-06 15:19:22.844,10797,10798,10798,1
2020-05-06 15:19:23.551,10797,10798,10798,1
2020-05-06 15:19:24.240,10797,10798,10798,5
2020-05-06 15:19:25.144,10797,10798,10798,1
2020-05-06 15:19:25.249,10797,10798,10798,1
2020-05-06 15:19:25.397,10797,10799,10797,2
2020-05-06 15:19:25.692,10797,10799,10799,2
2020-05-06 15:19:26.980,10797,10798,10798,1
2020-05-06 15:19:27.259,10798,10799,10798,1
2020-05-06 15:19:28.899,10798,10799,10798,2
2020-05-06 15:19:28.926,10798,10799,10799,3
2020-05-06 15:19:29.202,10798,10799,10798,2
2020-05-06 15:19:29.506,10798,10799,10798,1
2020-05-06 15:19:30.181,10798,10799,10799,1
2020-05-06 15:19:30.235,10798,10799,10799,2
2020-05-06 15:19:31.322,10798,10799,10799,5
2020-05-06 15:19:31.517,10798,10799,10798,6
2020-05-06 15:19:31.521,10798,10799,10799,5
2020-05-06 15:19:31.559,10798,10799,10798,1
2020-05-06 15:19:31.693,10798,10799,10799,5
2020-05-06 15:19:31.948,10798,10799,10799,1
2020-05-06 15:19:31.948,10798,10799,10800,4
2020-05-06 15:19:32.009,10798,10800,10800,2
2020-05-06 15:19:32.038,10798,10800,10800,5
2020-05-06 15:19:32.082,10798,10800,10800,1
2020-05-06 15:19:32.158,10798,10800,10800,5
2020-05-06 15:19:32.223,10798,10800,10798,6
2020-05-06 15:19:32.333,10798,10800,10800,1
2020-05-06 15:19:32.367,10798,10800,10800,1
2020-05-06 15:19:32.390,10799,10800,10800,5
2020-05-06 15:19:32.453,10799,10800,10799,1
2020-05-06 15:19:32.933,10799,10800,10800,3
2020-05-06 15:19:34.340,10799,10800,10800,1
2020-05-06 15:19:34.505,10799,10800,10800,1
2020-05-06 15:19:34.691,10799,10800,10800,5
2020-05-06 15:19:35.182,10799,10800,10800,1
2020-05-06 15:19:35.238,10799,10800,10799,1
2020-05-06 15:19:35.882,10799,10800,10799,2
2020-05-06 15:19:35.979,10799,10800,10799,2
2020-05-06 15:19:37.264,10798,10799,10799,2
2020-05-06 15:19:37.310,10798,10799,10799,1
2020-05-06 15:19:37.563,10798,10799,10798,3
2020-05-06 15:19:37.598,10798,10799,10799,8
2020-05-06 15:19:38.435,10798,10799,10799,1
2020-05-06 15:19:39.267,10798,10799,10799,3
2020-05-06 15:19:39.893,10798,10799,10798,10
2020-05-06 15:19:39.893,10798,10799,10798,5
2020-05-06 15:19:39.893,10798,10799,10798,12
2020-05-06 15:19:40.559,10797,10798,10798,4
2020-05-06 15:19:40.616,10797,10798,10798,4
2020-05-06 15:19:41.191,10797,10798,10798,1
2020-05-06 15:19:41.264,10797,10798,10798,1
2020-05-06 15:19:41.574,10797,10798,10798,1
2020-05-06 15:19:41.897,10797,10798,10797,1
2020-05-06 15:19:43.337,10797,10798,10798,9
2020-05-06 15:19:44.107,10797,10799,10797,4
2020-05-06 15:19:46.475,10797,10798,10797,1
2020-05-06 15:19:47.280,10797,10798,10797,5
2020-05-06 15:19:47.630,10797,10798,10797,1
2020-05-06 15:19:47.922,10797,10798,10798,2
2020-05-06 15:19:49.230,10797,10798,10797,1
2020-05-06 15:19:51.046,10797,10798,10797,5
2020-05-06 15:19:53.364,10797,10798,10797,2
2020-05-06 15:19:55.168,10796,10797,10797,1
2020-05-06 15:19:58.737,10796,10797,10797,3
2020-05-06 15:19:59.178,10797,10798,10797,1
2020-05-06 15:20:00.420,10797,10798,10798,2
2020-05-06 15:20:00.857,10796,10798,10796,3
2020-05-06 15:20:00.916,10796,10798,10797,1
2020-05-06 15:20:01.077,10796,10797,10797,1
2020-05-06 15:20:01.090,10796,10797,10797,1
2020-05-06 15:20:01.090,10796,10797,10798,1
2020-05-06 15:20:01.865,10797,10798,10798,4
2020-05-06 15:20:01.866,10797,10798,10797,1
2020-05-06 15:20:02.591,10797,10798,10798,1
2020-05-06 15:20:02.678,10797,10798,10798,3
2020-05-06 15:20:04.091,10797,10798,10798,1
2020-05-06 15:20:06.408,10797,10798,10798,2
2020-05-06 15:20:08.313,10797,10798,10798,1
2020-05-06 15:20:10.978,10797,10798,10798,1
2020-05-06 15:20:10.978,10797,10798,10798,1
2020-05-06 15:20:10.978,10797,10798,10798,1
2020-05-06 15:20:10.979,10797,10798,10798,3
2020-05-06 15:20:12.043,10798,10799,10798,1
2020-05-06 15:20:12.385,10797,10799,10799,1
2020-05-06 15:20:13.134,10797,10799,10798,1
2020-05-06 15:20:13.134,10797,10799,10798,1
2020-05-06 15:20:14.179,10797,10798,10798,2
2020-05-06 15:20:14.739,10797,10799,10797,1
2020-05-06 15:20:16.148,10798,10799,10799,1
2020-05-06 15:20:16.978,10798,10799,10799,2
2020-05-06 15:20:17.578,10798,10799,10799,1
2020-05-06 15:20:18.489,10798,10799,10798,1
2020-05-06 15:20:23.162,10798,10799,10799,2
2020-05-06 15:20:23.689,10798,10799,10798,1
2020-05-06 15:20:25.096,10798,10799,10798,1
2020-05-06 15:20:25.292,10798,10799,10798,10
2020-05-06 15:20:25.306,10798,10799,10797,1
2020-05-06 15:20:25.307,10798,10799,10797,3
2020-05-06 15:20:25.317,10798,10799,10797,1
2020-05-06 15:20:25.317,10798,10799,10797,1
2020-05-06 15:20:25.318,10798,10799,10797,1
2020-05-06 15:20:25.331,10798,10799,10797,3
2020-05-06 15:20:25.331,10798,10799,10797,2
2020-05-06 15:20:25.331,10798,10799,10797,1
2020-05-06 15:20:25.331,10798,10799,10797,1
2020-05-06 15:20:25.344,10798,10799,10797,1
2020-05-06 15:20:25.347,10798,10799,10797,3
2020-05-06 15:20:25.347,10798,10799,10797,2
2020-05-06 15:20:25.350,10798,10799,10797,4
2020-05-06 15:20:26.393,10796,10797,10797,1
2020-05-06 15:20:26.553,10796,10797,10796,1
2020-05-06 15:20:27.640,10796,10797,10797,1
2020-05-06 15:20:28.309,10796,10797,10797,5
2020-05-06 15:20:28.369,10796,10797,10798,1
2020-05-06 15:20:29.276,10796,10798,10798,1
2020-05-06 15:20:29.288,10796,10798,10798,1
2020-05-06 15:20:30.016,10797,10798,10797,1
2020-05-06 15:20:30.706,10796,10797,10797,3
2020-05-06 15:20:30.935,10797,10798,10798,1
2020-05-06 15:20:34.029,10797,10798,10797,1
2020-05-06 15:20:35.962,10797,10798,10798,2
2020-05-06 15:20:37.673,10797,10798,10798,1
2020-05-06 15:20:37.959,10797,10798,10797,16
2020-05-06 15:20:39.182,10796,10797,10797,1
2020-05-06 15:20:41.070,10796,10797,10796,2
2020-05-06 15:20:41.070,10796,10797,10796,8
2020-05-06 15:20:41.071,10796,10797,10796,5
2020-05-06 15:20:41.071,10796,10797,10796,1
2020-05-06 15:20:41.071,10796,10797,10796,4
2020-05-06 15:20:41.071,10796,10797,10796,8
2020-05-06 15:20:41.071,10796,10797,10796,2
2020-05-06 15:20:41.071,10796,10797,10796,1
2020-05-06 15:20:41.071,10796,10797,10796,2
2020-05-06 15:20:41.071,10796,10797,10796,1
2020-05-06 15:20:41.071,10796,10797,10796,2
2020-05-06 15:20:41.071,10796,10797,10796,7
2020-05-06 15:20:41.071,10796,10797,10796,3
2020-05-06 15:20:41.282,10795,10796,10795,3
2020-05-06 15:20:41.299,10795,10796,10795,1
2020-05-06 15:20:41.400,10795,10796,10795,1
2020-05-06 15:20:41.402,10795,10796,10795,2
2020-05-06 15:20:42.230,10795,10796,10795,1
2020-05-06 15:20:44.064,10795,10796,10796,1
2020-05-06 15:20:44.290,10796,10797,10796,4
2020-05-06 15:20:47.468,10795,10796,10795,1
2020-05-06 15:20:50.897,10795,10796,10795,1
2020-05-06 15:20:51.583,10795,10796,10795,1
2020-05-06 15:20:51.700,10795,10796,10795,3
2020-05-06 15:20:54.585,10795,10796,10795,1
2020-05-06 15:20:55.152,10795,10796,10795,1
2020-05-06 15:20:57.398,10795,10796,10795,1
2020-05-06 15:20:59.530,10795,10796,10796,2
2020-05-06 15:21:01.613,10795,10796,10796,1
2020-05-06 15:21:01.613,10795,10796,10796,1
2020-05-06 15:21:01.613,10795,10796,10796,1
2020-05-06 15:21:01.613,10795,10796,10796,3
2020-05-06 15:21:02.177,10796,10797,10797,1
2020-05-06 15:21:02.356,10796,10797,10797,1
2020-05-06 15:21:02.614,10796,10797,10797,2
2020-05-06 15:21:02.614,10796,10797,10797,1
2020-05-06 15:21:03.576,10796,10798,10796,1
2020-05-06 15:21:04.809,10796,10798,10798,1
2020-05-06 15:21:05.223,10796,10798,10796,1
2020-05-06 15:21:06.079,10796,10798,10798,1
2020-05-06 15:21:06.492,10796,10798,10796,1
2020-05-06 15:21:07.170,10796,10798,10796,1
2020-05-06 15:21:07.471,10796,10798,10798,1
2020-05-06 15:21:07.957,10797,10798,10797,1
2020-05-06 15:21:08.092,10797,10798,10797,1
2020-05-06 15:21:08.388,10797,10798,10798,1
2020-05-06 15:21:08.421,10797,10798,10797,1
2020-05-06 15:21:08.726,10797,10798,10797,1
2020-05-06 15:21:09.443,10796,10798,10796,3
2020-05-06 15:21:13.715,10797,10798,10797,1
2020-05-06 15:21:14.113,10796,10797,10797,1
2020-05-06 15:21:14.246,10796,10797,10796,1
2020-05-06 15:21:18.255,10796,10797,10797,1
2020-05-06 15:21:19.099,10796,10797,10796,1
2020-05-06 15:21:19.166,10796,10797,10797,1
2020-05-06 15:21:19.348,10796,10797,10797,5
2020-05-06 15:21:19.808,10797,10798,10797,1
2020-05-06 15:21:20.099,10797,10798,10797,1
2020-05-06 15:21:21.901,10796,10797,10797,1
2020-05-06 15:21:24.056,10797,10798,10797,1
2020-05-06 15:21:25.240,10797,10798,10797,1
2020-05-06 15:21:25.637,10797,10798,10798,1
2020-05-06 15:21:25.885,10797,10798,10797,6
2020-05-06 15:21:26.376,10796,10797,10797,1
2020-05-06 15:21:27.253,10796,10797,10797,2
2020-05-06 15:21:33.861,10796,10797,10796,1
2020-05-06 15:21:40.965,10796,10797,10796,1
2020-05-06 15:21:42.394,10796,10797,10796,1
2020-05-06 15:21:42.542,10796,10797,10796,2
2020-05-06 15:21:43.653,10796,10797,10796,7
2020-05-06 15:21:44.632,10796,10797,10796,1
2020-05-06 15:21:49.035,10796,10797,10796,1
2020-05-06 15:21:50.564,10796,10797,10796,1
2020-05-06 15:21:51.100,10796,10797,10796,5
2020-05-06 15:21:55.150,10795,10796,10795,1
2020-05-06 15:21:57.002,10795,10796,10796,1
2020-05-06 15:21:58.061,10795,10796,10796,2
2020-05-06 15:21:58.061,10795,10796,10796,4
2020-05-06 15:21:58.061,10795,10796,10796,2
2020-05-06 15:22:01.340,10796,10797,10796,1
2020-05-06 15:22:04.370,10796,10797,10796,2
2020-05-06 15:22:06.054,10796,10797,10796,2
2020-05-06 15:22:10.664,10795,10797,10795,1
2020-05-06 15:22:13.927,10796,10797,10796,1
2020-05-06 15:22:17.071,10796,10797,10796,1
2020-05-06 15:22:22.697,10796,10797,10796,3
2020-05-06 15:22:22.697,10796,10797,10796,3
2020-05-06 15:22:22.698,10796,10797,10796,1
2020-05-06 15:22:22.835,10796,10797,10796,1
2020-05-06 15:22:24.761,10795,10797,10797,2
2020-05-06 15:22:29.429,10796,10797,10797,23
2020-05-06 15:22:29.682,10797,10798,10796,1
2020-05-06 15:22:31.939,10796,10797,10797,2
2020-05-06 15:22:32.533,10797,10798,10797,1
2020-05-06 15:22:32.652,10797,10798,10797,2
2020-05-06 15:22:32.691,10797,10798,10798,1
2020-05-06 15:22:32.788,10796,10798,10798,1
2020-05-06 15:22:34.687,10796,10797,10796,1
2020-05-06 15:22:34.841,10796,10797,10797,1
2020-05-06 15:22:41.398,10796,10797,10797,2
2020-05-06 15:22:42.933,10796,10797,10797,1
2020-05-06 15:22:47.354,10796,10798,10798,1
2020-05-06 15:22:49.876,10796,10797,10797,1
2020-05-06 15:22:51.358,10796,10797,10796,1
2020-05-06 15:22:51.359,10796,10797,10796,1
2020-05-06 15:22:57.769,10795,10796,10795,9
2020-05-06 15:22:57.769,10795,10796,10795,11
2020-05-06 15:22:57.770,10795,10796,10795,1
2020-05-06 15:22:57.770,10795,10796,10795,2
2020-05-06 15:22:57.770,10795,10796,10795,1
2020-05-06 15:22:57.770,10795,10796,10795,1
2020-05-06 15:22:57.770,10795,10796,10795,4
2020-05-06 15:22:57.770,10795,10796,10795,1
2020-05-06 15:22:58.429,10794,10795,10795,1
2020-05-06 15:23:00.870,10794,10795,10794,1
2020-05-06 15:23:04.639,10794,10795,10794,1
2020-05-06 15:23:06.506,10793,10794,10793,1
2020-05-06 15:23:15.581,10793,10794,10794,1
2020-05-06 15:23:20.429,10793,10794,10794,2
2020-05-06 15:23:20.429,10793,10794,10794,6
2020-05-06 15:23:20.430,10793,10794,10794,1
2020-05-06 15:23:21.784,10794,10795,10794,1
2020-05-06 15:23:25.153,10794,10795,10794,1
2020-05-06 15:23:25.968,10794,10795,10795,2
2020-05-06 15:23:28.159,10794,10795,10794,1
2020-05-06 15:23:32.497,10794,10795,10794,1
2020-05-06 15:23:33.105,10794,10795,10794,1
2020-05-06 15:23:36.418,10793,10794,10794,1
2020-05-06 15:23:37.925,10794,10795,10795,1
2020-05-06 15:23:39.257,10794,10796,10794,1
2020-05-06 15:23:39.306,10794,10796,10794,1
2020-05-06 15:23:41.106,10794,10795,10795,4
2020-05-06 15:23:47.346,10794,10795,10794,4
2020-05-06 15:23:50.272,10794,10795,10794,2
2020-05-06 15:23:54.239,10794,10795,10794,4
2020-05-06 15:23:58.317,10794,10795,10794,6
2020-05-06 15:23:59.984,10793,10794,10794,1
2020-05-06 15:24:02.485,10793,10795,10793,1
2020-05-06 15:24:02.692,10793,10795,10795,1
2020-05-06 15:24:02.709,10793,10795,10795,1
2020-05-06 15:24:02.915,10793,10795,10795,2
2020-05-06 15:24:06.127,10794,10795,10795,1
2020-05-06 15:24:06.545,10794,10795,10795,1
2020-05-06 15:24:09.800,10794,10795,10794,1
2020-05-06 15:24:10.189,10794,10795,10795,1
2020-05-06 15:24:15.292,10794,10795,10795,5
2020-05-06 15:24:17.146,10795,10796,10795,1
2020-05-06 15:24:21.785,10795,10796,10796,6
2020-05-06 15:24:22.785,10795,10796,10795,8
2020-05-06 15:24:22.786,10795,10796,10795,5
2020-05-06 15:24:25.153,10794,10795,10794,1
2020-05-06 15:24:25.269,10794,10795,10795,1
2020-05-06 15:24:25.269,10794,10795,10795,1
2020-05-06 15:24:28.107,10794,10795,10795,1
2020-05-06 15:24:28.546,10795,10796,10795,1
2020-05-06 15:24:32.746,10795,10796,10795,2
2020-05-06 15:24:33.749,10794,10795,10795,2
2020-05-06 15:24:49.654,10794,10795,10795,1
2020-05-06 15:24:54.107,10794,10795,10795,1
2020-05-06 15:25:02.825,10795,10796,10796,2
2020-05-06 15:25:02.826,10795,10796,10796,4
2020-05-06 15:25:03.438,10795,10796,10796,3
2020-05-06 15:25:04.621,10795,10796,10795,1
2020-05-06 15:25:04.699,10795,10796,10796,1
2020-05-06 15:25:05.542,10795,10796,10795,1
2020-05-06 15:25:11.624,10795,10796,10796,1
2020-05-06 15:25:13.076,10795,10796,10796,1
2020-05-06 15:25:13.354,10796,10797,10797,14
2020-05-06 15:25:14.386,10796,10797,10796,1
2020-05-06 15:25:16.874,10795,10797,10797,1
2020-05-06 15:25:25.184,10796,10797,10797,1
2020-05-06 15:25:35.695,10796,10797,10796,1
2020-05-06 15:25:35.753,10796,10797,10796,1
2020-05-06 15:25:36.967,10795,10796,10796,3
2020-05-06 15:25:41.071,10795,10797,10797,2
2020-05-06 15:25:43.844,10796,10797,10796,1
2020-05-06 15:25:48.538,10796,10797,10796,1
2020-05-06 15:25:52.751,10796,10797,10796,1
2020-05-06 15:25:54.152,10796,10797,10796,1
2020-05-06 15:25:54.239,10796,10797,10796,1
2020-05-06 15:26:01.138,10796,10797,10796,1
2020-05-06 15:26:01.457,10796,10797,10797,4
2020-05-06 15:26:01.473,10796,10797,10797,4
2020-05-06 15:26:01.480,10796,10797,10798,3
2020-05-06 15:26:01.576,10796,10798,10798,3
2020-05-06 15:26:01.590,10796,10798,10798,6
2020-05-06 15:26:01.610,10796,10798,10797,3
2020-05-06 15:26:01.612,10796,10798,10798,2
2020-05-06 15:26:01.665,10797,10798,10798,1
2020-05-06 15:26:02.341,10796,10797,10796,1
2020-05-06 15:26:05.607,10795,10797,10796,1
2020-05-06 15:26:08.566,10796,10797,10796,1
2020-05-06 15:26:16.879,10796,10797,10796,1
2020-05-06 15:26:16.879,10796,10797,10796,1
2020-05-06 15:26:19.459,10796,10797,10796,1
2020-05-06 15:26:22.315,10796,10797,10796,2
2020-05-06 15:26:34.714,10795,10796,10795,1
2020-05-06 15:26:34.725,10795,10796,10795,1
2020-05-06 15:26:34.725,10795,10796,10795,3
2020-05-06 15:26:34.725,10795,10796,10795,3
2020-05-06 15:26:34.725,10795,10796,10795,6
2020-05-06 15:26:34.726,10795,10796,10795,1
2020-05-06 15:26:37.802,10794,10795,10794,5
2020-05-06 15:26:37.802,10794,10795,10794,2
2020-05-06 15:26:37.802,10794,10795,10794,3
2020-05-06 15:26:45.839,10793,10794,10794,1
2020-05-06 15:26:46.431,10793,10794,10793,3
2020-05-06 15:26:48.625,10793,10794,10793,2
2020-05-06 15:26:52.861,10793,10794,10793,6
2020-05-06 15:26:52.861,10793,10794,10793,3
2020-05-06 15:26:52.862,10793,10794,10793,2
2020-05-06 15:26:53.082,10792,10793,10792,7
2020-05-06 15:26:53.154,10791,10793,10791,1
2020-05-06 15:26:53.294,10791,10793,10791,1
2020-05-06 15:26:59.336,10791,10792,10791,1
2020-05-06 15:26:59.485,10791,10792,10792,1
2020-05-06 15:27:00.181,10791,10792,10791,1
2020-05-06 15:27:00.644,10791,10792,10792,2
2020-05-06 15:27:00.723,10791,10792,10793,6
2020-05-06 15:27:00.926,10792,10793,10793,3
2020-05-06 15:27:00.926,10792,10793,10794,3
2020-05-06 15:27:00.940,10792,10793,10792,3
2020-05-06 15:27:00.942,10792,10793,10794,2
2020-05-06 15:27:01.021,10792,10794,10794,2
2020-05-06 15:27:01.030,10792,10794,10794,6
2020-05-06 15:27:01.499,10792,10794,10794,2
2020-05-06 15:27:01.522,10792,10794,10794,1
2020-05-06 15:27:01.714,10792,10794,10793,1
2020-05-06 15:27:01.714,10792,10794,10794,1
2020-05-06 15:27:01.737,10792,10794,10794,2
2020-05-06 15:27:01.844,10793,10794,10794,2
2020-05-06 15:27:01.866,10793,10794,10793,1
2020-05-06 15:27:01.954,10793,10795,10795,2
2020-05-06 15:27:01.954,10793,10795,10795,2
2020-05-06 15:27:02.047,10793,10795,10795,4
2020-05-06 15:27:02.373,10793,10795,10793,1
2020-05-06 15:27:02.448,10793,10795,10795,2
2020-05-06 15:27:02.652,10793,10795,10793,10
2020-05-06 15:27:04.977,10792,10794,10792,10
2020-05-06 15:27:08.122,10792,10793,10792,1
2020-05-06 15:27:08.993,10792,10794,10792,1
2020-05-06 15:27:11.000,10792,10793,10792,1
2020-05-06 15:27:11.575,10792,10793,10792,1
2020-05-06 15:27:13.822,10791,10792,10792,1
2020-05-06 15:27:15.487,10791,10792,10791,1
2020-05-06 15:27:16.003,10791,10792,10791,1
2020-05-06 15:27:18.041,10791,10792,10791,1
2020-05-06 15:27:21.461,10791,10792,10791,1
2020-05-06 15:27:22.398,10791,10792,10791,1
2020-05-06 15:27:24.848,10791,10792,10791,9
2020-05-06 15:27:25.005,10791,10792,10791,1
2020-05-06 15:27:27.875,10791,10792,10791,4
2020-05-06 15:27:29.144,10791,10792,10791,1
2020-05-06 15:27:29.496,10791,10792,10791,1
2020-05-06 15:27:31.013,10791,10792,10791,1
2020-05-06 15:27:32.634,10790,10792,10790,1
2020-05-06 15:27:32.765,10790,10791,10790,1
2020-05-06 15:27:34.450,10790,10791,10790,1
2020-05-06 15:27:34.697,10790,10791,10791,1
2020-05-06 15:27:36.169,10790,10792,10790,1
2020-05-06 15:27:36.509,10790,10792,10790,2
2020-05-06 15:27:37.265,10790,10792,10790,1
2020-05-06 15:27:38.911,10790,10791,10790,2
2020-05-06 15:27:42.483,10790,10791,10790,1
2020-05-06 15:27:42.914,10790,10791,10790,1
2020-05-06 15:27:45.031,10790,10791,10790,1
2020-05-06 15:27:49.367,10790,10791,10790,1
2020-05-06 15:27:50.880,10790,10791,10791,5
2020-05-06 15:27:50.905,10791,10792,10791,1
2020-05-06 15:27:51.062,10791,10792,10791,1
2020-05-06 15:27:54.189,10790,10791,10791,1
2020-05-06 15:28:12.826,10791,10792,10791,1
2020-05-06 15:28:13.042,10791,10792,10792,1
2020-05-06 15:28:13.433,10791,10792,10792,1
2020-05-06 15:28:13.568,10791,10792,10792,1
2020-05-06 15:28:13.657,10791,10792,10792,5
2020-05-06 15:28:13.657,10791,10792,10792,2
2020-05-06 15:28:13.657,10791,10792,10792,8
2020-05-06 15:28:13.658,10791,10792,10792,1
2020-05-06 15:28:13.736,10791,10792,10792,1
2020-05-06 15:28:13.754,10791,10792,10792,1
2020-05-06 15:28:13.755,10791,10792,10792,2
2020-05-06 15:28:13.842,10791,10792,10792,1
2020-05-06 15:28:13.845,10791,10792,10792,1
2020-05-06 15:28:13.848,10791,10792,10792,2
2020-05-06 15:28:13.940,10791,10792,10792,1
2020-05-06 15:28:13.941,10791,10792,10792,1
2020-05-06 15:28:13.993,10791,10792,10791,1
2020-05-06 15:28:14.139,10791,10792,10792,5
2020-05-06 15:28:14.139,10791,10792,10792,2
2020-05-06 15:28:14.139,10791,10792,10792,1
2020-05-06 15:28:14.139,10791,10792,10792,1
2020-05-06 15:28:14.139,10791,10792,10792,3
2020-05-06 15:28:14.236,10791,10792,10793,2
2020-05-06 15:28:14.456,10792,10793,10793,1
2020-05-06 15:28:15.563,10792,10794,10794,2
2020-05-06 15:28:15.563,10792,10794,10794,1
2020-05-06 15:28:15.865,10792,10794,10794,4
2020-05-06 15:28:17.240,10793,10794,10793,1
2020-05-06 15:28:19.486,10793,10794,10793,3
2020-05-06 15:28:25.827,10792,10793,10792,2
2020-05-06 15:28:26.808,10792,10793,10792,1
2020-05-06 15:28:31.229,10792,10793,10792,1
2020-05-06 15:28:37.136,10792,10793,10792,1
2020-05-06 15:28:44.961,10792,10793,10793,1
2020-05-06 15:28:57.104,10792,10793,10793,3
2020-05-06 15:28:57.104,10792,10793,10793,4
2020-05-06 15:28:57.104,10792,10793,10793,6
2020-05-06 15:28:58.452,10793,10794,10794,1
2020-05-06 15:29:02.651,10793,10794,10794,1
2020-05-06 15:29:04.466,10793,10794,10794,1
2020-05-06 15:29:08.528,10793,10794,10794,4
2020-05-06 15:29:08.984,10794,10795,10794,1
2020-05-06 15:29:11.269,10794,10795,10794,1
2020-05-06 15:29:14.061,10794,10795,10795,4
2020-05-06 15:29:30.595,10794,10795,10795,5
2020-05-06 15:29:33.303,10794,10795,10795,1
2020-05-06 15:29:36.596,10794,10795,10794,1
2020-05-06 15:29:36.597,10794,10795,10794,5
2020-05-06 15:29:36.597,10794,10795,10794,4
2020-05-06 15:29:36.597,10794,10795,10794,4
2020-05-06 15:29:40.350,10793,10794,10794,5
2020-05-06 15:29:48.867,10793,10794,10793,1
2020-05-06 15:29:48.867,10793,10794,10793,1
2020-05-06 15:29:48.867,10793,10794,10793,4
2020-05-06 15:29:49.124,10792,10793,10793,2
2020-05-06 15:29:50.706,10792,10793,10792,1
2020-05-06 15:29:52.570,10792,10793,10792,11
2020-05-06 15:29:56.083,10791,10792,10792,1
2020-05-06 15:29:57.886,10792,10793,10792,1
2020-05-06 15:29:58.418,10792,10793,10792,1
2020-05-06 15:29:58.738,10791,10793,10791,2
2020-05-06 15:30:02.298,10791,10792,10791,1
2020-05-06 15:30:02.487,10791,10792,10792,4
2020-05-06 15:30:02.534,10791,10792,10792,2
2020-05-06 15:30:02.540,10791,10792,10792,1
2020-05-06 15:30:02.540,10791,10792,10793,1
2020-05-06 15:30:02.550,10791,10792,10793,4
2020-05-06 15:30:02.565,10791,10792,10793,4
2020-05-06 15:30:02.769,10791,10793,10791,1
2020-05-06 15:30:02.775,10791,10793,10793,1
2020-05-06 15:30:02.791,10791,10793,10793,1
2020-05-06 15:30:02.904,10791,10793,10793,4
2020-05-06 15:30:02.957,10791,10793,10794,1
2020-05-06 15:30:02.964,10791,10793,10793,1
2020-05-06 15:30:03.185,10792,10794,10794,1
2020-05-06 15:30:03.240,10792,10794,10794,1
2020-05-06 15:30:03.630,10792,10794,10794,1
2020-05-06 15:30:10.029,10793,10794,10793,1
2020-05-06 15:30:11.276,10793,10794,10794,1
2020-05-06 15:30:11.344,10793,10794,10794,1
2020-05-06 15:30:19.884,10793,10794,10793,4
2020-05-06 15:30:20.040,10792,10793,10792,1
2020-05-06 15:30:25.061,10792,10793,10792,3
2020-05-06 15:30:38.848,10791,10792,10791,1
2020-05-06 15:30:41.274,10791,10792,10791,1
2020-05-06 15:30:43.151,10791,10792,10791,1
2020-05-06 15:30:43.582,10791,10792,10791,1
2020-05-06 15:30:51.952,10791,10792,10791,1
2020-05-06 15:31:00.117,10791,10792,10791,5
2020-05-06 15:31:04.496,10790,10791,10790,5
2020-05-06 15:31:04.724,10790,10791,10790,5
2020-05-06 15:31:04.897,10790,10791,10790,5
2020-05-06 15:31:04.898,10790,10791,10790,3
2020-05-06 15:31:05.094,10789,10791,10789,5
2020-05-06 15:31:05.176,10789,10790,10789,1
2020-05-06 15:31:05.327,10789,10791,10789,5
2020-05-06 15:31:06.334,10789,10791,10789,3
2020-05-06 15:31:08.498,10789,10790,10789,1
2020-05-06 15:31:09.409,10789,10790,10789,1
2020-05-06 15:31:10.121,10789,10790,10789,1
2020-05-06 15:31:16.392,10789,10790,10789,1
2020-05-06 15:31:19.530,10788,10790,10788,4
2020-05-06 15:31:19.659,10788,10790,10788,1
2020-05-06 15:31:19.882,10788,10790,10788,2
2020-05-06 15:31:20.600,10788,10790,10788,5
2020-05-06 15:31:20.668,10788,10789,10788,1
2020-05-06 15:31:20.669,10788,10789,10788,1
2020-05-06 15:31:20.761,10787,10788,10788,1
2020-05-06 15:31:22.406,10787,10788,10788,1
2020-05-06 15:31:23.454,10787,10788,10787,1
2020-05-06 15:31:23.733,10787,10788,10787,1
2020-05-06 15:31:24.310,10787,10788,10788,1
2020-05-06 15:31:24.425,10787,10788,10787,1
2020-05-06 15:31:24.799,10787,10788,10788,2
2020-05-06 15:31:25.959,10787,10788,10787,10
2020-05-06 15:31:26.617,10787,10788,10787,1
2020-05-06 15:31:28.986,10786,10787,10787,1
2020-05-06 15:31:29.206,10787,10788,10787,1
2020-05-06 15:31:29.663,10787,10788,10787,1
2020-05-06 15:31:29.663,10787,10788,10786,1
2020-05-06 15:31:29.919,10786,10788,10786,1
2020-05-06 15:31:30.667,10786,10787,10786,2
2020-05-06 15:31:33.177,10786,10787,10786,20
2020-05-06 15:31:33.177,10786,10787,10786,2
2020-05-06 15:31:33.177,10786,10787,10786,1
2020-05-06 15:31:33.177,10786,10787,10786,2
2020-05-06 15:31:33.177,10786,10787,10786,1
2020-05-06 15:31:33.246,10786,10787,10785,1
2020-05-06 15:31:34.843,10785,10786,10785,1
2020-05-06 15:31:36.672,10785,10786,10786,9
2020-05-06 15:31:39.999,10786,10787,10786,1
2020-05-06 15:31:43.423,10786,10787,10786,1
2020-05-06 15:31:45.026,10786,10787,10786,3
2020-05-06 15:31:47.411,10786,10787,10786,1
2020-05-06 15:31:48.943,10786,10787,10786,1
2020-05-06 15:31:48.944,10786,10787,10786,6
2020-05-06 15:31:52.820,10785,10786,10785,1
2020-05-06 15:31:54.655,10785,10786,10786,1
2020-05-06 15:31:54.982,10785,10786,10786,1
2020-05-06 15:31:59.091,10785,10786,10786,7
2020-05-06 15:31:59.091,10785,10786,10786,4
2020-05-06 15:31:59.344,10786,10787,10786,1
2020-05-06 15:31:59.744,10786,10787,10786,1
2020-05-06 15:32:02.826,10786,10787,10786,2
2020-05-06 15:32:04.726,10786,10787,10786,1
2020-05-06 15:32:06.293,10786,10787,10786,1
2020-05-06 15:32:06.536,10786,10787,10786,2
2020-05-06 15:32:08.751,10785,10787,10785,3
2020-05-06 15:32:09.927,10785,10786,10786,1
2020-05-06 15:32:11.659,10785,10786,10785,1
2020-05-06 15:32:12.532,10785,10786,10786,1
2020-05-06 15:32:14.204,10785,10786,10785,3
2020-05-06 15:32:14.204,10785,10786,10785,2
2020-05-06 15:32:14.205,10785,10786,10785,1
2020-05-06 15:32:14.205,10785,10786,10785,5
2020-05-06 15:32:14.205,10785,10786,10785,4
2020-05-06 15:32:14.205,10785,10786,10785,1
2020-05-06 15:32:14.205,10785,10786,10785,3
2020-05-06 15:32:14.205,10785,10786,10785,9
2020-05-06 15:32:14.308,10784,10785,10784,3
2020-05-06 15:32:14.317,10784,10785,10784,3
2020-05-06 15:32:14.317,10784,10785,10784,2
2020-05-06 15:32:14.317,10784,10785,10784,2
2020-05-06 15:32:14.318,10784,10785,10784,2
2020-05-06 15:32:14.403,10783,10784,10783,2
2020-05-06 15:32:14.828,10783,10784,10784,1
2020-05-06 15:32:15.533,10783,10785,10783,1
2020-05-06 15:32:18.627,10783,10784,10783,10
2020-05-06 15:32:18.718,10783,10784,10783,1
2020-05-06 15:32:19.162,10783,10784,10783,1
2020-05-06 15:32:20.412,10783,10784,10784,1
2020-05-06 15:32:20.644,10783,10784,10783,1
2020-05-06 15:32:21.433,10783,10784,10783,1
2020-05-06 15:32:21.719,10783,10784,10783,2
2020-05-06 15:32:22.346,10782,10784,10782,2
2020-05-06 15:32:22.409,10782,10784,10782,1
2020-05-06 15:32:22.680,10782,10784,10782,1
2020-05-06 15:32:23.634,10782,10783,10783,2
2020-05-06 15:32:26.401,10782,10783,10783,2
2020-05-06 15:32:27.144,10782,10783,10782,1
2020-05-06 15:32:27.597,10782,10783,10782,7
2020-05-06 15:32:27.814,10782,10783,10782,1
2020-05-06 15:32:27.853,10782,10783,10782,1
2020-05-06 15:32:28.491,10782,10783,10782,1
2020-05-06 15:32:31.414,10782,10783,10783,1
2020-05-06 15:32:31.415,10782,10783,10783,4
2020-05-06 15:32:32.534,10783,10784,10783,1
2020-05-06 15:32:33.939,10783,10784,10783,2
2020-05-06 15:32:35.004,10782,10784,10783,1
2020-05-06 15:32:35.046,10782,10784,10783,1
2020-05-06 15:32:35.047,10782,10784,10783,2
2020-05-06 15:32:35.047,10782,10784,10783,1
2020-05-06 15:32:35.666,10783,10784,10783,1
2020-05-06 15:32:37.355,10783,10784,10783,1
2020-05-06 15:32:38.245,10783,10784,10783,2
2020-05-06 15:32:39.572,10782,10783,10782,1
2020-05-06 15:32:41.830,10782,10783,10782,2
2020-05-06 15:32:48.060,10782,10783,10782,1
2020-05-06 15:32:50.662,10782,10783,10783,2
2020-05-06 15:32:52.112,10782,10783,10783,1
2020-05-06 15:32:53.662,10782,10783,10782,2
2020-05-06 15:32:54.806,10782,10783,10783,1
2020-05-06 15:32:55.245,10782,10783,10783,1
2020-05-06 15:32:58.178,10782,10783,10783,1
2020-05-06 15:32:58.331,10782,10783,10783,1
2020-05-06 15:32:59.304,10782,10783,10783,1
2020-05-06 15:33:03.513,10782,10783,10783,1
2020-05-06 15:33:06.555,10782,10783,10782,1
2020-05-06 15:33:10.489,10782,10783,10783,1
2020-05-06 15:33:10.766,10782,10783,10782,1
2020-05-06 15:33:10.773,10782,10783,10782,1
2020-05-06 15:33:11.251,10782,10783,10783,1
2020-05-06 15:33:12.938,10782,10783,10783,10
2020-05-06 15:33:14.585,10782,10783,10782,2
2020-05-06 15:33:14.599,10782,10783,10782,2
2020-05-06 15:33:15.636,10782,10783,10783,1
2020-05-06 15:33:15.807,10782,10783,10783,1
2020-05-06 15:33:17.156,10782,10783,10782,3
2020-05-06 15:33:17.156,10782,10783,10782,1
2020-05-06 15:33:18.879,10782,10783,10782,2
2020-05-06 15:33:20.382,10782,10783,10783,1
2020-05-06 15:33:20.918,10782,10783,10782,1
2020-05-06 15:33:20.957,10782,10783,10782,1
2020-05-06 15:33:21.057,10782,10783,10782,3
2020-05-06 15:33:21.206,10782,10783,10783,1
2020-05-06 15:33:21.540,10782,10783,10782,1
2020-05-06 15:33:22.222,10782,10783,10782,2
2020-05-06 15:33:22.740,10782,10783,10782,1
2020-05-06 15:33:22.959,10782,10783,10782,2
2020-05-06 15:33:25.308,10782,10783,10782,1
2020-05-06 15:33:27.048,10782,10783,10782,1
