2021-05-18 15:00:00.030,16158,16160,16164,106
2021-05-18 15:00:00.031,16163,16164,16163,2
2021-05-18 15:00:00.032,16163,16164,16163,1
2021-05-18 15:00:00.085,16162,16164,16164,2
2021-05-18 15:00:00.185,16162,16165,16164,1
2021-05-18 15:00:00.199,16162,16165,16162,1
2021-05-18 15:00:00.229,16161,16165,16164,1
2021-05-18 15:00:00.234,16161,16165,16165,1
2021-05-18 15:00:00.235,16161,16165,16165,1
2021-05-18 15:00:00.245,16161,16165,16165,1
2021-05-18 15:00:00.253,16161,16165,16165,1
2021-05-18 15:00:00.256,16161,16165,16165,1
2021-05-18 15:00:00.264,16161,16165,16165,1
2021-05-18 15:00:00.276,16161,16165,16165,1
2021-05-18 15:00:00.377,16161,16165,16161,1
2021-05-18 15:00:00.382,16161,16165,16160,1
2021-05-18 15:00:00.438,16161,16165,16160,1
2021-05-18 15:00:00.532,16160,16165,16165,1
2021-05-18 15:00:00.571,16160,16165,16165,2
2021-05-18 15:00:00.630,16161,16165,16165,1
2021-05-18 15:00:00.678,16161,16165,16165,1
2021-05-18 15:00:00.703,16161,16165,16165,1
2021-05-18 15:00:00.751,16162,16165,16164,1
2021-05-18 15:00:00.777,16162,16165,16163,1
2021-05-18 15:00:00.788,16162,16165,16163,1
2021-05-18 15:00:00.821,16162,16165,16163,1
2021-05-18 15:00:00.828,16162,16165,16162,1
2021-05-18 15:00:00.842,16162,16165,16162,1
2021-05-18 15:00:00.842,16162,16165,16161,1
2021-05-18 15:00:00.885,16162,16165,16164,1
2021-05-18 15:00:01.000,16163,16165,16164,1
2021-05-18 15:00:01.000,16163,16165,16165,1
2021-05-18 15:00:01.004,16163,16165,16165,1
2021-05-18 15:00:01.031,16163,16165,16165,1
2021-05-18 15:00:01.085,16164,16166,16165,1
2021-05-18 15:00:01.092,16164,16166,16164,1
2021-05-18 15:00:01.092,16164,16166,16163,1
2021-05-18 15:00:01.158,16164,16166,16166,1
2021-05-18 15:00:01.585,16164,16165,16165,1
2021-05-18 15:00:01.594,16164,16165,16164,1
2021-05-18 15:00:01.960,16163,16165,16165,1
2021-05-18 15:00:01.961,16163,16165,16164,1
2021-05-18 15:00:02.085,16163,16166,16166,4
2021-05-18 15:00:02.210,16163,16166,16166,1
2021-05-18 15:00:02.211,16163,16166,16166,2
2021-05-18 15:00:02.243,16163,16166,16165,1
2021-05-18 15:00:02.328,16163,16166,16164,1
2021-05-18 15:00:02.445,16165,16166,16166,1
2021-05-18 15:00:02.850,16165,16167,16165,3
2021-05-18 15:00:02.850,16165,16167,16164,1
2021-05-18 15:00:02.853,16165,16167,16165,1
2021-05-18 15:00:02.853,16165,16167,16164,3
2021-05-18 15:00:02.886,16165,16167,16165,1
2021-05-18 15:00:02.886,16165,16167,16166,1
2021-05-18 15:00:03.028,16163,16165,16167,1
2021-05-18 15:00:03.274,16165,16167,16165,12
2021-05-18 15:00:03.274,16165,16167,16164,5
2021-05-18 15:00:03.719,16164,16166,16166,1
2021-05-18 15:00:03.754,16164,16166,16164,1
2021-05-18 15:00:03.977,16163,16166,16163,2
2021-05-18 15:00:04.043,16163,16166,16163,1
2021-05-18 15:00:04.511,16163,16165,16165,1
2021-05-18 15:00:05.166,16163,16165,16163,2
2021-05-18 15:00:05.430,16163,16164,16163,3
2021-05-18 15:00:05.430,16163,16164,16162,2
2021-05-18 15:00:05.670,16162,16164,16162,1
2021-05-18 15:00:06.145,16163,16165,16163,2
2021-05-18 15:00:06.145,16163,16165,16162,4
2021-05-18 15:00:06.145,16163,16165,16161,3
2021-05-18 15:00:06.145,16163,16165,16160,25
2021-05-18 15:00:06.146,16163,16165,16159,1
2021-05-18 15:00:06.146,16163,16165,16160,14
2021-05-18 15:00:06.243,16161,16164,16164,2
2021-05-18 15:00:06.258,16161,16164,16164,1
2021-05-18 15:00:06.258,16161,16164,16165,1
2021-05-18 15:00:06.448,16162,16165,16164,1
2021-05-18 15:00:06.612,16162,16165,16162,4
2021-05-18 15:00:06.612,16162,16165,16161,1
2021-05-18 15:00:06.793,16162,16164,16164,1
2021-05-18 15:00:06.945,16162,16164,16164,1
2021-05-18 15:00:06.947,16162,16164,16162,1
2021-05-18 15:00:07.109,16162,16164,16163,1
2021-05-18 15:00:07.602,16161,16164,16164,1
2021-05-18 15:00:07.611,16161,16164,16164,1
2021-05-18 15:00:07.967,16161,16164,16161,5
2021-05-18 15:00:07.967,16161,16164,16160,9
2021-05-18 15:00:07.967,16161,16164,16159,8
2021-05-18 15:00:07.967,16161,16164,16158,7
2021-05-18 15:00:07.967,16161,16164,16157,6
2021-05-18 15:00:08.134,16156,16158,16158,1
2021-05-18 15:00:08.228,16156,16158,16158,3
2021-05-18 15:00:08.229,16156,16158,16159,1
2021-05-18 15:00:08.285,16156,16158,16160,1
2021-05-18 15:00:08.495,16160,16162,16162,1
2021-05-18 15:00:08.751,16163,16165,16163,1
2021-05-18 15:00:08.981,16162,16164,16162,1
2021-05-18 15:00:09.013,16162,16164,16162,5
2021-05-18 15:00:09.042,16162,16164,16161,1
2021-05-18 15:00:10.346,16162,16163,16163,1
2021-05-18 15:00:10.346,16162,16163,16164,4
2021-05-18 15:00:10.347,16162,16163,16164,3
2021-05-18 15:00:10.799,16162,16165,16165,1
2021-05-18 15:00:11.123,16162,16165,16162,1
2021-05-18 15:00:11.527,16162,16163,16162,5
2021-05-18 15:00:13.082,16162,16163,16162,2
2021-05-18 15:00:14.092,16161,16163,16162,1
2021-05-18 15:00:14.127,16161,16163,16163,1
2021-05-18 15:00:15.117,16162,16164,16162,3
2021-05-18 15:00:15.117,16162,16164,16161,3
2021-05-18 15:00:15.226,16162,16164,16164,1
2021-05-18 15:00:15.617,16162,16164,16162,1
2021-05-18 15:00:15.617,16162,16164,16162,1
2021-05-18 15:00:15.689,16162,16164,16164,1
2021-05-18 15:00:17.123,16164,16165,16164,1
2021-05-18 15:00:17.882,16164,16165,16165,4
2021-05-18 15:00:17.884,16164,16165,16165,3
2021-05-18 15:00:18.125,16164,16166,16164,1
2021-05-18 15:00:18.170,16164,16166,16165,1
2021-05-18 15:00:18.998,16164,16165,16165,10
2021-05-18 15:00:18.998,16164,16165,16165,5
2021-05-18 15:00:18.999,16164,16165,16165,2
2021-05-18 15:00:18.999,16164,16165,16165,3
2021-05-18 15:00:19.187,16165,16166,16166,1
2021-05-18 15:00:19.558,16165,16166,16165,1
2021-05-18 15:00:21.445,16165,16166,16166,2
2021-05-18 15:00:21.863,16166,16167,16166,1
2021-05-18 15:00:22.285,16165,16166,16166,1
2021-05-18 15:00:22.736,16165,16167,16165,1
2021-05-18 15:00:23.492,16166,16167,16167,7
2021-05-18 15:00:23.492,16166,16167,16168,4
2021-05-18 15:00:23.493,16166,16167,16168,4
2021-05-18 15:00:23.509,16166,16167,16169,1
2021-05-18 15:00:24.401,16167,16169,16168,1
2021-05-18 15:00:24.575,16168,16169,16169,10
2021-05-18 15:00:24.701,16169,16170,16170,5
2021-05-18 15:00:24.701,16169,16170,16170,2
2021-05-18 15:00:25.047,16170,16171,16170,1
2021-05-18 15:00:25.488,16170,16171,16171,4
2021-05-18 15:00:25.488,16170,16171,16172,9
2021-05-18 15:00:25.488,16170,16171,16173,2
2021-05-18 15:00:25.488,16170,16171,16174,3
2021-05-18 15:00:25.488,16170,16171,16175,2
2021-05-18 15:00:25.696,16172,16174,16174,1
2021-05-18 15:00:25.696,16172,16174,16175,3
2021-05-18 15:00:25.845,16173,16174,16174,4
2021-05-18 15:00:25.845,16173,16174,16175,1
2021-05-18 15:00:25.845,16173,16174,16176,1
2021-05-18 15:00:25.852,16173,16174,16176,1
2021-05-18 15:00:25.853,16173,16174,16173,1
2021-05-18 15:00:25.900,16173,16174,16173,1
2021-05-18 15:00:26.062,16173,16174,16175,6
2021-05-18 15:00:26.062,16173,16174,16176,7
2021-05-18 15:00:26.062,16173,16174,16177,7
2021-05-18 15:00:26.140,16174,16177,16177,6
2021-05-18 15:00:26.140,16174,16177,16178,4
2021-05-18 15:00:26.141,16174,16177,16178,3
2021-05-18 15:00:26.141,16174,16177,16179,2
2021-05-18 15:00:26.141,16174,16177,16180,5
2021-05-18 15:00:26.158,16174,16177,16180,1
2021-05-18 15:00:26.193,16174,16177,16180,1
2021-05-18 15:00:26.264,16177,16180,16180,4
2021-05-18 15:00:26.302,16177,16180,16180,1
2021-05-18 15:00:26.323,16177,16180,16180,1
2021-05-18 15:00:26.327,16177,16180,16181,2
2021-05-18 15:00:26.331,16177,16180,16181,1
2021-05-18 15:00:26.374,16180,16182,16181,2
2021-05-18 15:00:26.378,16180,16182,16181,1
2021-05-18 15:00:26.378,16180,16182,16182,1
2021-05-18 15:00:26.378,16180,16182,16183,3
2021-05-18 15:00:26.378,16180,16182,16184,1
2021-05-18 15:00:26.378,16180,16182,16184,1
2021-05-18 15:00:26.379,16180,16182,16183,4
2021-05-18 15:00:26.445,16180,16182,16184,1
2021-05-18 15:00:26.473,16182,16184,16184,1
2021-05-18 15:00:26.473,16182,16184,16184,1
2021-05-18 15:00:26.486,16182,16184,16184,1
2021-05-18 15:00:26.487,16182,16184,16184,1
2021-05-18 15:00:26.490,16182,16184,16184,1
2021-05-18 15:00:26.499,16182,16184,16184,4
2021-05-18 15:00:26.545,16182,16184,16184,6
2021-05-18 15:00:26.545,16182,16184,16184,1
2021-05-18 15:00:26.545,16182,16184,16184,1
2021-05-18 15:00:26.545,16182,16184,16185,1
2021-05-18 15:00:26.547,16182,16184,16184,1
2021-05-18 15:00:26.571,16182,16184,16185,1
2021-05-18 15:00:26.586,16183,16185,16185,2
2021-05-18 15:00:26.586,16183,16185,16185,3
2021-05-18 15:00:26.586,16183,16185,16186,3
2021-05-18 15:00:26.588,16183,16185,16186,1
2021-05-18 15:00:26.621,16183,16185,16183,1
2021-05-18 15:00:26.631,16183,16185,16186,1
2021-05-18 15:00:26.633,16183,16185,16186,2
2021-05-18 15:00:26.657,16183,16185,16186,1
2021-05-18 15:00:26.662,16183,16185,16186,2
2021-05-18 15:00:26.662,16183,16185,16187,2
2021-05-18 15:00:26.695,16183,16185,16187,1
2021-05-18 15:00:26.728,16185,16187,16187,1
2021-05-18 15:00:26.728,16185,16187,16187,9
2021-05-18 15:00:26.738,16185,16187,16186,3
2021-05-18 15:00:26.746,16185,16187,16187,1
2021-05-18 15:00:26.755,16185,16187,16187,1
2021-05-18 15:00:26.759,16185,16187,16187,1
2021-05-18 15:00:26.767,16185,16187,16187,1
2021-05-18 15:00:26.801,16185,16187,16187,2
2021-05-18 15:00:26.806,16185,16187,16185,1
2021-05-18 15:00:26.818,16185,16187,16187,1
2021-05-18 15:00:26.819,16185,16187,16187,1
2021-05-18 15:00:26.830,16185,16187,16186,1
2021-05-18 15:00:26.831,16185,16187,16187,1
2021-05-18 15:00:26.831,16185,16187,16187,1
2021-05-18 15:00:26.831,16185,16187,16187,1
2021-05-18 15:00:26.831,16185,16187,16187,1
2021-05-18 15:00:26.834,16185,16187,16184,1
2021-05-18 15:00:26.863,16184,16187,16187,1
2021-05-18 15:00:26.919,16184,16187,16188,1
2021-05-18 15:00:26.947,16184,16187,16188,2
2021-05-18 15:00:26.987,16186,16188,16188,2
2021-05-18 15:00:26.998,16186,16188,16186,1
2021-05-18 15:00:27.008,16186,16188,16188,1
2021-05-18 15:00:27.008,16186,16188,16188,1
2021-05-18 15:00:27.012,16186,16188,16188,1
2021-05-18 15:00:27.072,16186,16188,16188,2
2021-05-18 15:00:27.098,16185,16187,16187,1
2021-05-18 15:00:27.098,16185,16187,16188,1
2021-05-18 15:00:27.106,16185,16187,16187,1
2021-05-18 15:00:27.156,16185,16187,16188,1
2021-05-18 15:00:27.177,16185,16187,16188,2
2021-05-18 15:00:27.239,16186,16187,16186,2
2021-05-18 15:00:27.286,16186,16187,16187,2
2021-05-18 15:00:27.383,16186,16187,16187,1
2021-05-18 15:00:27.384,16186,16187,16187,2
2021-05-18 15:00:27.388,16186,16187,16187,1
2021-05-18 15:00:27.443,16186,16187,16186,1
2021-05-18 15:00:27.463,16185,16187,16187,2
2021-05-18 15:00:27.547,16185,16187,16185,1
2021-05-18 15:00:27.571,16185,16187,16186,1
2021-05-18 15:00:27.572,16185,16187,16186,1
2021-05-18 15:00:27.587,16184,16186,16186,1
2021-05-18 15:00:27.622,16184,16186,16186,1
2021-05-18 15:00:27.718,16184,16185,16184,1
2021-05-18 15:00:27.719,16184,16185,16184,2
2021-05-18 15:00:27.744,16184,16185,16185,4
2021-05-18 15:00:27.744,16184,16185,16186,3
2021-05-18 15:00:27.744,16184,16185,16187,7
2021-05-18 15:00:27.790,16184,16185,16184,2
2021-05-18 15:00:27.838,16183,16187,16183,2
2021-05-18 15:00:27.839,16183,16187,16183,2
2021-05-18 15:00:27.895,16183,16187,16183,1
2021-05-18 15:00:27.941,16183,16187,16184,5
2021-05-18 15:00:27.941,16183,16187,16185,5
2021-05-18 15:00:27.958,16183,16187,16185,2
2021-05-18 15:00:27.959,16183,16187,16184,1
2021-05-18 15:00:28.022,16183,16185,16185,1
2021-05-18 15:00:28.185,16183,16185,16185,2
2021-05-18 15:00:28.193,16183,16185,16186,5
2021-05-18 15:00:28.193,16183,16185,16187,5
2021-05-18 15:00:28.243,16185,16187,16187,1
2021-05-18 15:00:28.243,16185,16187,16187,1
2021-05-18 15:00:28.259,16185,16187,16187,1
2021-05-18 15:00:28.312,16185,16187,16187,1
2021-05-18 15:00:28.369,16186,16188,16188,1
2021-05-18 15:00:28.415,16186,16188,16188,4
2021-05-18 15:00:28.436,16186,16188,16188,1
2021-05-18 15:00:28.727,16188,16189,16188,1
2021-05-18 15:00:28.730,16188,16189,16189,1
2021-05-18 15:00:28.779,16188,16189,16189,1
2021-05-18 15:00:28.876,16188,16189,16189,1
2021-05-18 15:00:28.897,16188,16189,16189,1
2021-05-18 15:00:28.902,16188,16189,16189,1
2021-05-18 15:00:29.093,16188,16189,16188,1
2021-05-18 15:00:29.095,16188,16189,16187,1
2021-05-18 15:00:29.134,16188,16189,16188,1
2021-05-18 15:00:29.209,16188,16189,16188,1
2021-05-18 15:00:29.250,16186,16188,16188,1
2021-05-18 15:00:29.554,16186,16188,16187,1
2021-05-18 15:00:29.629,16187,16188,16188,1
2021-05-18 15:00:29.713,16187,16188,16187,2
2021-05-18 15:00:29.848,16186,16188,16188,1
2021-05-18 15:00:29.862,16186,16188,16188,1
2021-05-18 15:00:29.907,16186,16188,16188,1
2021-05-18 15:00:29.993,16186,16188,16188,1
2021-05-18 15:00:30.072,16186,16188,16189,4
2021-05-18 15:00:30.129,16187,16189,16189,1
2021-05-18 15:00:30.200,16187,16189,16188,1
2021-05-18 15:00:30.250,16188,16189,16188,1
2021-05-18 15:00:30.274,16188,16189,16188,2
2021-05-18 15:00:30.356,16187,16189,16189,1
2021-05-18 15:00:30.548,16187,16189,16189,9
2021-05-18 15:00:30.548,16187,16189,16189,1
2021-05-18 15:00:30.548,16187,16189,16189,1
2021-05-18 15:00:30.549,16187,16189,16189,1
2021-05-18 15:00:30.549,16187,16189,16189,1
2021-05-18 15:00:30.549,16187,16189,16189,1
2021-05-18 15:00:30.577,16187,16189,16189,1
2021-05-18 15:00:30.652,16189,16190,16190,1
2021-05-18 15:00:30.679,16189,16190,16190,1
2021-05-18 15:00:30.685,16189,16190,16190,3
2021-05-18 15:00:30.685,16189,16190,16191,1
2021-05-18 15:00:30.706,16189,16190,16191,1
2021-05-18 15:00:30.777,16190,16191,16190,1
2021-05-18 15:00:30.782,16190,16191,16191,1
2021-05-18 15:00:30.967,16191,16192,16192,2
2021-05-18 15:00:31.069,16191,16192,16192,1
2021-05-18 15:00:31.069,16191,16192,16191,1
2021-05-18 15:00:31.167,16192,16193,16193,1
2021-05-18 15:00:31.180,16192,16193,16192,1
2021-05-18 15:00:31.207,16192,16193,16193,1
2021-05-18 15:00:31.210,16192,16193,16193,4
2021-05-18 15:00:31.249,16192,16193,16195,1
2021-05-18 15:00:31.321,16192,16193,16194,1
2021-05-18 15:00:31.336,16194,16196,16194,1
2021-05-18 15:00:31.385,16194,16196,16196,2
2021-05-18 15:00:31.408,16194,16196,16193,1
2021-05-18 15:00:31.435,16194,16196,16196,1
2021-05-18 15:00:31.453,16194,16196,16193,1
2021-05-18 15:00:31.480,16193,16196,16196,1
2021-05-18 15:00:31.510,16193,16196,16193,2
2021-05-18 15:00:31.880,16195,16196,16196,1
2021-05-18 15:00:31.930,16195,16196,16196,1
2021-05-18 15:00:32.149,16195,16196,16196,1
2021-05-18 15:00:32.466,16198,16199,16199,2
2021-05-18 15:00:32.829,16198,16199,16199,2
2021-05-18 15:00:32.833,16198,16199,16200,1
2021-05-18 15:00:32.859,16198,16200,16200,2
2021-05-18 15:00:32.894,16198,16200,16200,2
2021-05-18 15:00:32.931,16198,16200,16200,1
2021-05-18 15:00:32.934,16198,16200,16199,1
2021-05-18 15:00:32.963,16199,16201,16199,2
2021-05-18 15:00:32.964,16199,16201,16199,1
2021-05-18 15:00:32.967,16199,16201,16199,1
2021-05-18 15:00:33.051,16199,16201,16201,1
2021-05-18 15:00:33.071,16199,16201,16202,2
2021-05-18 15:00:33.095,16201,16203,16201,1
2021-05-18 15:00:33.163,16201,16203,16203,1
2021-05-18 15:00:33.194,16201,16203,16204,1
2021-05-18 15:00:33.194,16201,16203,16204,1
2021-05-18 15:00:33.262,16203,16205,16205,2
2021-05-18 15:00:33.306,16203,16205,16203,1
2021-05-18 15:00:33.473,16203,16205,16205,1
2021-05-18 15:00:33.556,16203,16205,16203,4
2021-05-18 15:00:33.586,16202,16203,16202,1
2021-05-18 15:00:33.587,16202,16203,16201,1
2021-05-18 15:00:33.710,16201,16204,16201,4
2021-05-18 15:00:33.802,16201,16204,16203,1
2021-05-18 15:00:33.812,16201,16204,16204,1
2021-05-18 15:00:34.169,16201,16204,16204,1
2021-05-18 15:00:34.242,16201,16204,16204,1
2021-05-18 15:00:34.427,16203,16205,16203,1
2021-05-18 15:00:34.442,16203,16205,16201,1
2021-05-18 15:00:34.495,16201,16204,16204,1
2021-05-18 15:00:34.546,16201,16204,16204,3
2021-05-18 15:00:34.570,16201,16204,16205,1
2021-05-18 15:00:34.831,16203,16205,16205,1
2021-05-18 15:00:34.849,16203,16205,16204,1
2021-05-18 15:00:34.849,16203,16205,16203,1
2021-05-18 15:00:34.850,16203,16205,16202,1
2021-05-18 15:00:34.974,16202,16204,16202,1
2021-05-18 15:00:34.974,16202,16204,16202,2
2021-05-18 15:00:35.130,16201,16203,16201,1
2021-05-18 15:00:35.130,16201,16203,16201,1
2021-05-18 15:00:35.131,16201,16203,16201,1
2021-05-18 15:00:35.223,16200,16202,16202,1
2021-05-18 15:00:35.223,16200,16202,16200,2
2021-05-18 15:00:35.241,16200,16202,16200,1
2021-05-18 15:00:35.267,16200,16202,16199,1
2021-05-18 15:00:35.268,16200,16202,16199,1
2021-05-18 15:00:35.310,16200,16202,16198,7
2021-05-18 15:00:35.311,16200,16202,16197,1
2021-05-18 15:00:35.386,16195,16197,16197,1
2021-05-18 15:00:35.386,16195,16197,16198,2
2021-05-18 15:00:35.461,16195,16198,16198,2
2021-05-18 15:00:35.468,16195,16198,16198,1
2021-05-18 15:00:35.547,16195,16198,16198,1
2021-05-18 15:00:35.547,16195,16198,16198,1
2021-05-18 15:00:35.547,16195,16198,16199,1
2021-05-18 15:00:35.563,16195,16198,16200,1
2021-05-18 15:00:35.564,16195,16198,16199,1
2021-05-18 15:00:35.844,16197,16198,16198,1
2021-05-18 15:00:35.856,16197,16198,16197,1
2021-05-18 15:00:35.890,16197,16198,16197,2
2021-05-18 15:00:35.960,16196,16198,16196,5
2021-05-18 15:00:35.961,16196,16198,16195,1
2021-05-18 15:00:35.973,16196,16198,16194,1
2021-05-18 15:00:36.001,16196,16198,16196,1
2021-05-18 15:00:36.117,16194,16196,16197,1
2021-05-18 15:00:36.152,16194,16196,16194,1
2021-05-18 15:00:36.301,16193,16196,16193,1
2021-05-18 15:00:36.301,16193,16196,16192,2
2021-05-18 15:00:36.304,16193,16196,16191,1
2021-05-18 15:00:36.322,16193,16196,16192,1
2021-05-18 15:00:36.546,16191,16193,16193,2
2021-05-18 15:00:36.546,16191,16193,16193,1
2021-05-18 15:00:36.546,16191,16193,16194,3
2021-05-18 15:00:36.546,16191,16193,16194,1
2021-05-18 15:00:36.546,16191,16193,16194,1
2021-05-18 15:00:36.546,16191,16193,16194,1
2021-05-18 15:00:36.547,16191,16193,16194,1
2021-05-18 15:00:36.547,16191,16193,16194,1
2021-05-18 15:00:36.611,16195,16197,16195,1
2021-05-18 15:00:36.644,16195,16197,16197,1
2021-05-18 15:00:36.644,16195,16197,16198,1
2021-05-18 15:00:36.675,16195,16197,16196,1
2021-05-18 15:00:36.710,16195,16197,16195,4
2021-05-18 15:00:36.711,16195,16197,16197,2
2021-05-18 15:00:36.711,16195,16197,16194,4
2021-05-18 15:00:36.716,16195,16197,16196,1
2021-05-18 15:00:36.835,16194,16197,16194,1
2021-05-18 15:00:37.700,16195,16197,16197,1
2021-05-18 15:00:37.996,16195,16197,16197,2
2021-05-18 15:00:38.103,16196,16198,16198,1
2021-05-18 15:00:38.358,16195,16198,16198,1
2021-05-18 15:00:38.540,16196,16198,16198,2
2021-05-18 15:00:38.565,16196,16198,16196,1
2021-05-18 15:00:38.578,16196,16198,16196,1
2021-05-18 15:00:38.593,16195,16198,16195,5
2021-05-18 15:00:38.593,16195,16198,16194,3
2021-05-18 15:00:38.710,16194,16196,16194,1
2021-05-18 15:00:38.887,16194,16196,16196,1
2021-05-18 15:00:39.296,16194,16197,16194,3
2021-05-18 15:00:39.474,16193,16196,16196,1
2021-05-18 15:00:40.348,16196,16198,16196,2
2021-05-18 15:00:40.465,16195,16198,16195,1
2021-05-18 15:00:40.479,16195,16198,16198,2
2021-05-18 15:00:40.486,16195,16198,16195,1
2021-05-18 15:00:40.751,16195,16198,16197,1
2021-05-18 15:00:40.933,16195,16198,16196,2
2021-05-18 15:00:40.933,16195,16198,16196,1
2021-05-18 15:00:41.250,16195,16198,16198,1
2021-05-18 15:00:41.390,16195,16198,16195,1
2021-05-18 15:00:41.656,16195,16198,16198,1
2021-05-18 15:00:41.828,16195,16198,16197,1
2021-05-18 15:00:42.004,16195,16198,16198,1
2021-05-18 15:00:42.118,16196,16198,16196,1
2021-05-18 15:00:42.293,16195,16198,16195,1
2021-05-18 15:00:42.549,16194,16196,16194,2
2021-05-18 15:00:42.550,16194,16196,16194,1
2021-05-18 15:00:42.606,16193,16196,16195,1
2021-05-18 15:00:42.930,16194,16196,16196,2
2021-05-18 15:00:43.233,16195,16197,16197,4
2021-05-18 15:00:43.233,16195,16197,16198,1
2021-05-18 15:00:43.594,16195,16198,16195,1
2021-05-18 15:00:43.623,16195,16198,16197,1
2021-05-18 15:00:43.948,16195,16198,16196,1
2021-05-18 15:00:44.173,16195,16197,16195,1
2021-05-18 15:00:44.184,16195,16197,16196,1
2021-05-18 15:00:44.348,16195,16197,16195,1
2021-05-18 15:00:45.198,16196,16197,16197,2
2021-05-18 15:00:45.352,16197,16198,16197,1
2021-05-18 15:00:45.352,16197,16198,16196,2
2021-05-18 15:00:45.352,16197,16198,16195,5
2021-05-18 15:00:45.352,16197,16198,16194,5
2021-05-18 15:00:45.439,16197,16198,16196,1
2021-05-18 15:00:45.678,16194,16196,16196,1
2021-05-18 15:00:45.883,16194,16197,16197,1
2021-05-18 15:00:45.975,16194,16197,16197,2
2021-05-18 15:00:46.295,16195,16196,16196,1
2021-05-18 15:00:46.390,16195,16198,16198,1
2021-05-18 15:00:46.425,16195,16198,16195,2
2021-05-18 15:00:46.425,16195,16198,16194,1
2021-05-18 15:00:46.591,16194,16197,16197,2
2021-05-18 15:00:46.841,16194,16197,16197,1
2021-05-18 15:00:47.069,16195,16197,16195,1
2021-05-18 15:00:47.070,16195,16197,16195,1
2021-05-18 15:00:47.241,16195,16197,16195,1
2021-05-18 15:00:47.797,16194,16197,16194,1
2021-05-18 15:00:47.800,16194,16197,16196,1
2021-05-18 15:00:48.184,16195,16197,16195,1
2021-05-18 15:00:48.474,16194,16197,16195,1
2021-05-18 15:00:48.873,16195,16197,16195,1
2021-05-18 15:00:48.922,16195,16197,16197,1
2021-05-18 15:00:48.955,16195,16197,16196,1
2021-05-18 15:00:49.608,16194,16195,16194,5
2021-05-18 15:00:49.639,16194,16195,16195,1
2021-05-18 15:00:49.689,16194,16195,16195,2
2021-05-18 15:00:50.065,16193,16195,16195,1
2021-05-18 15:00:50.416,16193,16195,16195,1
2021-05-18 15:00:50.529,16193,16195,16195,1
2021-05-18 15:00:50.633,16193,16195,16193,1
2021-05-18 15:00:50.633,16193,16195,16193,2
2021-05-18 15:00:50.633,16193,16195,16193,3
2021-05-18 15:00:50.762,16192,16195,16194,1
2021-05-18 15:00:51.231,16192,16194,16194,1
2021-05-18 15:00:51.281,16192,16194,16195,1
2021-05-18 15:00:51.417,16192,16195,16192,2
2021-05-18 15:00:51.804,16192,16194,16194,1
2021-05-18 15:00:52.331,16192,16193,16193,3
2021-05-18 15:00:52.331,16192,16193,16193,2
2021-05-18 15:00:52.463,16192,16195,16192,3
2021-05-18 15:00:52.463,16192,16195,16192,1
2021-05-18 15:00:52.609,16191,16194,16194,1
2021-05-18 15:00:52.627,16191,16194,16195,1
2021-05-18 15:00:52.790,16192,16195,16192,2
2021-05-18 15:00:52.791,16192,16195,16192,4
2021-05-18 15:00:52.791,16192,16195,16191,1
2021-05-18 15:00:52.791,16192,16195,16191,1
2021-05-18 15:00:52.792,16192,16195,16192,14
2021-05-18 15:00:52.792,16192,16195,16192,4
2021-05-18 15:00:52.957,16191,16194,16194,1
2021-05-18 15:00:53.902,16191,16194,16194,1
2021-05-18 15:00:53.944,16191,16194,16195,1
2021-05-18 15:00:54.460,16193,16194,16194,1
2021-05-18 15:00:56.184,16194,16196,16196,1
2021-05-18 15:00:56.710,16194,16195,16195,1
2021-05-18 15:00:57.376,16194,16196,16196,1
2021-05-18 15:00:57.658,16194,16196,16196,1
2021-05-18 15:00:58.114,16194,16196,16194,1
2021-05-18 15:00:58.132,16194,16196,16194,1
2021-05-18 15:00:58.721,16193,16194,16194,1
2021-05-18 15:00:58.721,16193,16194,16195,1
2021-05-18 15:00:59.101,16193,16194,16194,1
2021-05-18 15:00:59.140,16193,16194,16195,2
2021-05-18 15:00:59.289,16194,16196,16195,1
2021-05-18 15:00:59.652,16193,16194,16193,1
2021-05-18 15:00:59.945,16193,16194,16193,1
2021-05-18 15:00:59.980,16192,16194,16194,1
2021-05-18 15:01:00.051,16192,16194,16194,3
2021-05-18 15:01:00.054,16192,16194,16194,1
2021-05-18 15:01:00.054,16192,16194,16195,4
2021-05-18 15:01:00.054,16192,16194,16196,2
2021-05-18 15:01:00.064,16192,16194,16194,1
2021-05-18 15:01:00.081,16192,16194,16196,1
2021-05-18 15:01:00.090,16194,16196,16196,2
2021-05-18 15:01:00.091,16194,16196,16196,2
2021-05-18 15:01:00.095,16194,16196,16196,1
2021-05-18 15:01:00.096,16194,16196,16194,1
2021-05-18 15:01:00.096,16194,16196,16193,1
2021-05-18 15:01:00.099,16194,16196,16196,1
2021-05-18 15:01:00.101,16194,16196,16193,1
2021-05-18 15:01:00.344,16193,16195,16193,1
2021-05-18 15:01:00.390,16193,16195,16193,1
2021-05-18 15:01:00.437,16193,16195,16195,1
2021-05-18 15:01:00.483,16193,16195,16195,1
2021-05-18 15:01:00.576,16193,16195,16193,1
2021-05-18 15:01:00.616,16192,16194,16194,1
2021-05-18 15:01:00.637,16192,16194,16194,1
2021-05-18 15:01:00.642,16192,16194,16194,1
2021-05-18 15:01:00.763,16192,16194,16194,1
2021-05-18 15:01:00.779,16192,16194,16195,1
2021-05-18 15:01:00.800,16192,16194,16195,1
2021-05-18 15:01:02.300,16193,16194,16194,1
2021-05-18 15:01:02.654,16193,16194,16194,1
2021-05-18 15:01:02.797,16193,16195,16193,1
2021-05-18 15:01:02.903,16193,16195,16193,1
2021-05-18 15:01:03.456,16193,16195,16195,9
2021-05-18 15:01:03.460,16195,16197,16197,5
2021-05-18 15:01:03.585,16195,16198,16198,8
2021-05-18 15:01:03.666,16195,16198,16197,2
2021-05-18 15:01:03.710,16197,16199,16199,1
2021-05-18 15:01:03.904,16197,16199,16199,5
2021-05-18 15:01:04.562,16197,16199,16199,1
2021-05-18 15:01:04.651,16197,16199,16198,1
2021-05-18 15:01:04.761,16197,16199,16197,1
2021-05-18 15:01:05.074,16195,16197,16197,1
2021-05-18 15:01:05.171,16196,16199,16198,1
2021-05-18 15:01:05.714,16196,16198,16198,1
2021-05-18 15:01:05.914,16197,16199,16199,1
2021-05-18 15:01:06.079,16197,16199,16197,1
2021-05-18 15:01:06.383,16196,16199,16196,1
2021-05-18 15:01:07.093,16196,16198,16197,1
2021-05-18 15:01:07.213,16196,16198,16196,1
2021-05-18 15:01:07.216,16196,16198,16196,5
2021-05-18 15:01:07.805,16195,16196,16195,1
2021-05-18 15:01:08.279,16193,16196,16195,1
2021-05-18 15:01:08.404,16195,16197,16196,1
2021-05-18 15:01:08.671,16194,16197,16196,1
2021-05-18 15:01:09.418,16194,16195,16195,1
2021-05-18 15:01:09.686,16194,16197,16194,1
2021-05-18 15:01:10.118,16193,16197,16197,1
2021-05-18 15:01:10.166,16193,16197,16196,2
2021-05-18 15:01:10.211,16193,16196,16196,1
2021-05-18 15:01:10.712,16194,16197,16194,1
2021-05-18 15:01:10.717,16194,16197,16196,5
2021-05-18 15:01:13.343,16195,16196,16195,2
2021-05-18 15:01:14.498,16194,16195,16195,1
2021-05-18 15:01:14.533,16194,16195,16196,1
2021-05-18 15:01:14.862,16195,16196,16196,1
2021-05-18 15:01:15.366,16195,16197,16197,1
2021-05-18 15:01:15.530,16195,16197,16197,2
2021-05-18 15:01:16.538,16196,16199,16199,1
2021-05-18 15:01:16.625,16196,16199,16199,3
2021-05-18 15:01:16.625,16196,16199,16200,2
2021-05-18 15:01:16.703,16196,16199,16200,1
2021-05-18 15:01:16.704,16196,16199,16200,4
2021-05-18 15:01:16.704,16196,16199,16200,7
2021-05-18 15:01:16.704,16196,16199,16200,4
2021-05-18 15:01:16.707,16196,16199,16200,1
2021-05-18 15:01:16.764,16199,16201,16199,1
2021-05-18 15:01:17.722,16199,16201,16199,1
2021-05-18 15:01:17.806,16199,16201,16198,6
2021-05-18 15:01:17.806,16199,16201,16197,4
2021-05-18 15:01:17.837,16197,16198,16197,1
2021-05-18 15:01:18.933,16197,16200,16200,2
2021-05-18 15:01:19.731,16200,16201,16200,1
2021-05-18 15:01:20.326,16198,16201,16198,1
2021-05-18 15:01:21.580,16199,16201,16201,3
2021-05-18 15:01:21.917,16199,16201,16200,2
2021-05-18 15:01:22.052,16199,16201,16199,1
2021-05-18 15:01:22.164,16198,16201,16201,1
2021-05-18 15:01:22.327,16198,16201,16201,1
2021-05-18 15:01:22.390,16198,16201,16201,6
2021-05-18 15:01:22.624,16201,16202,16201,1
2021-05-18 15:01:22.760,16200,16202,16200,1
2021-05-18 15:01:22.820,16200,16202,16201,1
2021-05-18 15:01:23.080,16200,16202,16201,1
2021-05-18 15:01:24.133,16201,16202,16201,1
2021-05-18 15:01:24.492,16201,16202,16202,5
2021-05-18 15:01:24.493,16201,16202,16202,1
2021-05-18 15:01:24.493,16201,16202,16202,8
2021-05-18 15:01:24.493,16201,16202,16202,1
2021-05-18 15:01:24.542,16201,16202,16203,1
2021-05-18 15:01:24.981,16202,16203,16203,2
2021-05-18 15:01:25.002,16202,16203,16203,10
2021-05-18 15:01:25.002,16202,16203,16204,1
2021-05-18 15:01:25.002,16202,16203,16204,4
2021-05-18 15:01:25.946,16204,16205,16205,1
2021-05-18 15:01:26.358,16204,16205,16205,1
2021-05-18 15:01:26.440,16204,16205,16205,2
2021-05-18 15:01:26.440,16204,16205,16205,1
2021-05-18 15:01:26.440,16204,16205,16205,1
2021-05-18 15:01:26.440,16204,16205,16205,7
2021-05-18 15:01:26.441,16204,16205,16206,1
2021-05-18 15:01:26.441,16204,16205,16206,1
2021-05-18 15:01:26.441,16204,16205,16206,1
2021-05-18 15:01:26.441,16204,16205,16206,1
2021-05-18 15:01:26.617,16206,16207,16207,3
2021-05-18 15:01:26.617,16206,16207,16208,2
2021-05-18 15:01:26.618,16206,16207,16208,2
2021-05-18 15:01:26.828,16208,16209,16208,1
2021-05-18 15:01:26.976,16205,16207,16207,1
2021-05-18 15:01:27.102,16205,16206,16206,1
2021-05-18 15:01:27.139,16205,16206,16206,1
2021-05-18 15:01:27.150,16205,16206,16205,1
2021-05-18 15:01:27.163,16205,16206,16207,2
2021-05-18 15:01:27.212,16205,16208,16205,1
2021-05-18 15:01:27.213,16205,16208,16205,1
2021-05-18 15:01:27.213,16205,16208,16205,1
2021-05-18 15:01:27.213,16205,16208,16205,1
2021-05-18 15:01:27.214,16205,16208,16205,1
2021-05-18 15:01:27.214,16205,16208,16205,1
2021-05-18 15:01:27.214,16205,16208,16204,1
2021-05-18 15:01:27.214,16205,16208,16204,1
2021-05-18 15:01:27.214,16205,16208,16204,1
2021-05-18 15:01:27.354,16203,16205,16205,1
2021-05-18 15:01:27.354,16203,16205,16206,5
2021-05-18 15:01:27.354,16203,16205,16207,1
2021-05-18 15:01:27.472,16205,16207,16208,2
2021-05-18 15:01:27.488,16205,16207,16208,1
2021-05-18 15:01:27.673,16206,16209,16207,4
2021-05-18 15:01:27.891,16205,16207,16205,1
2021-05-18 15:01:28.013,16205,16207,16205,2
2021-05-18 15:01:28.129,16205,16207,16206,2
2021-05-18 15:01:28.519,16204,16206,16205,1
2021-05-18 15:01:28.536,16204,16206,16204,6
2021-05-18 15:01:28.536,16204,16206,16203,4
2021-05-18 15:01:28.536,16204,16206,16202,5
2021-05-18 15:01:28.668,16202,16205,16202,1
2021-05-18 15:01:29.106,16204,16206,16206,5
2021-05-18 15:01:29.240,16204,16207,16207,1
2021-05-18 15:01:29.495,16206,16207,16207,1
2021-05-18 15:01:29.618,16206,16208,16206,1
2021-05-18 15:01:30.300,16206,16207,16207,1
2021-05-18 15:01:30.300,16206,16207,16208,4
2021-05-18 15:01:30.305,16206,16207,16207,1
2021-05-18 15:01:30.404,16207,16208,16208,1
2021-05-18 15:01:30.986,16207,16208,16208,1
2021-05-18 15:01:31.003,16207,16208,16208,2
2021-05-18 15:01:31.089,16207,16208,16208,1
2021-05-18 15:01:31.090,16207,16208,16208,3
2021-05-18 15:01:31.407,16207,16209,16207,1
2021-05-18 15:01:31.612,16208,16209,16209,1
2021-05-18 15:01:31.711,16208,16209,16208,1
2021-05-18 15:01:31.711,16208,16209,16207,2
2021-05-18 15:01:31.711,16208,16209,16206,3
2021-05-18 15:01:31.711,16208,16209,16205,4
2021-05-18 15:01:32.356,16205,16207,16205,2
2021-05-18 15:01:32.356,16205,16207,16205,1
2021-05-18 15:01:32.364,16205,16207,16205,1
2021-05-18 15:01:32.602,16204,16205,16205,2
2021-05-18 15:01:32.604,16204,16205,16204,2
2021-05-18 15:01:32.688,16204,16205,16204,1
2021-05-18 15:01:32.688,16204,16205,16205,3
2021-05-18 15:01:32.688,16204,16205,16206,7
2021-05-18 15:01:32.688,16204,16205,16207,4
2021-05-18 15:01:32.813,16204,16207,16207,1
2021-05-18 15:01:33.077,16204,16206,16204,2
2021-05-18 15:01:33.796,16203,16205,16205,1
2021-05-18 15:01:33.999,16203,16205,16205,1
2021-05-18 15:01:34.621,16205,16206,16206,1
2021-05-18 15:01:34.643,16205,16206,16206,4
2021-05-18 15:01:34.643,16205,16206,16207,5
2021-05-18 15:01:34.643,16205,16206,16208,1
2021-05-18 15:01:35.901,16206,16208,16208,4
2021-05-18 15:01:35.901,16206,16208,16209,7
2021-05-18 15:01:35.901,16206,16208,16210,4
2021-05-18 15:01:36.130,16207,16210,16209,1
2021-05-18 15:01:36.130,16207,16210,16210,1
2021-05-18 15:01:36.230,16208,16210,16210,1
2021-05-18 15:01:36.393,16209,16211,16211,2
2021-05-18 15:01:36.481,16211,16212,16211,3
2021-05-18 15:01:36.481,16211,16212,16210,3
2021-05-18 15:01:36.528,16211,16212,16209,4
2021-05-18 15:01:36.651,16206,16209,16209,2
2021-05-18 15:01:36.766,16206,16209,16208,1
2021-05-18 15:01:36.916,16208,16210,16210,1
2021-05-18 15:01:37.434,16208,16211,16208,1
2021-05-18 15:01:37.462,16208,16211,16208,1
2021-05-18 15:01:37.920,16208,16211,16211,1
2021-05-18 15:01:38.150,16208,16211,16208,1
2021-05-18 15:01:38.281,16208,16211,16208,2
2021-05-18 15:01:38.522,16208,16210,16208,1
2021-05-18 15:01:39.351,16207,16208,16207,1
2021-05-18 15:01:39.352,16207,16208,16207,1
2021-05-18 15:01:39.409,16207,16208,16208,5
2021-05-18 15:01:39.584,16206,16208,16208,1
2021-05-18 15:01:39.743,16206,16208,16208,5
2021-05-18 15:01:39.743,16206,16208,16209,1
2021-05-18 15:01:39.743,16206,16208,16210,2
2021-05-18 15:01:39.935,16207,16210,16207,1
2021-05-18 15:01:40.008,16206,16209,16208,1
2021-05-18 15:01:40.086,16206,16209,16209,4
2021-05-18 15:01:40.368,16207,16210,16210,1
2021-05-18 15:01:40.648,16208,16210,16208,1
2021-05-18 15:01:40.654,16208,16210,16210,4
2021-05-18 15:01:40.710,16208,16210,16209,1
2021-05-18 15:01:40.951,16209,16211,16211,1
2021-05-18 15:01:41.904,16209,16211,16211,3
2021-05-18 15:01:42.191,16210,16211,16210,1
2021-05-18 15:01:42.526,16209,16211,16209,3
2021-05-18 15:01:43.613,16210,16211,16210,1
2021-05-18 15:01:43.979,16210,16211,16210,4
2021-05-18 15:01:43.979,16210,16211,16208,6
2021-05-18 15:01:44.790,16209,16211,16211,1
2021-05-18 15:01:44.998,16210,16211,16211,1
2021-05-18 15:01:44.998,16210,16211,16211,2
2021-05-18 15:01:45.074,16210,16211,16211,15
2021-05-18 15:01:45.218,16211,16212,16212,1
2021-05-18 15:01:45.326,16211,16212,16211,1
2021-05-18 15:01:45.484,16210,16212,16212,1
2021-05-18 15:01:45.862,16210,16211,16211,1
2021-05-18 15:01:46.127,16210,16211,16210,1
2021-05-18 15:01:46.808,16210,16211,16211,1
2021-05-18 15:01:46.903,16210,16212,16212,1
2021-05-18 15:01:47.281,16211,16212,16211,1
2021-05-18 15:01:48.664,16210,16211,16211,1
2021-05-18 15:01:49.496,16211,16212,16212,1
2021-05-18 15:01:49.682,16211,16212,16212,1
2021-05-18 15:01:49.705,16211,16212,16212,1
2021-05-18 15:01:49.924,16212,16213,16212,1
2021-05-18 15:01:50.148,16211,16212,16212,11
2021-05-18 15:01:50.429,16212,16213,16213,1
2021-05-18 15:01:50.432,16212,16213,16212,1
2021-05-18 15:01:50.442,16212,16213,16213,2
2021-05-18 15:01:50.969,16212,16213,16213,9
2021-05-18 15:01:51.192,16213,16214,16213,1
2021-05-18 15:01:53.064,16213,16214,16214,2
2021-05-18 15:01:53.064,16213,16214,16215,3
2021-05-18 15:01:53.107,16214,16216,16216,1
2021-05-18 15:01:53.536,16214,16216,16216,1
2021-05-18 15:01:54.038,16214,16217,16214,4
2021-05-18 15:01:54.038,16214,16217,16213,6
2021-05-18 15:01:54.432,16212,16215,16214,1
2021-05-18 15:01:55.143,16214,16215,16215,1
2021-05-18 15:01:55.159,16214,16215,16214,1
2021-05-18 15:01:55.172,16214,16215,16215,1
2021-05-18 15:01:55.404,16213,16215,16215,1
2021-05-18 15:01:55.617,16214,16215,16215,1
2021-05-18 15:01:55.658,16214,16215,16214,4
2021-05-18 15:01:55.704,16214,16215,16213,2
2021-05-18 15:01:55.886,16212,16214,16214,1
2021-05-18 15:01:56.472,16212,16215,16215,1
2021-05-18 15:01:57.001,16213,16214,16213,1
2021-05-18 15:01:57.870,16213,16215,16213,1
2021-05-18 15:01:58.081,16213,16215,16215,1
2021-05-18 15:01:58.377,16214,16216,16214,1
2021-05-18 15:01:58.791,16214,16216,16216,2
2021-05-18 15:01:58.811,16214,16216,16216,2
2021-05-18 15:01:58.918,16214,16216,16216,1
2021-05-18 15:01:58.937,16214,16216,16216,1
2021-05-18 15:01:59.464,16214,16216,16214,1
2021-05-18 15:01:59.543,16214,16216,16216,1
2021-05-18 15:01:59.937,16214,16216,16216,1
2021-05-18 15:02:00.028,16215,16216,16216,1
2021-05-18 15:02:00.435,16215,16216,16216,1
2021-05-18 15:02:00.847,16215,16216,16216,2
2021-05-18 15:02:01.148,16216,16217,16216,1
2021-05-18 15:02:01.191,16216,16217,16215,7
2021-05-18 15:02:01.658,16214,16216,16214,1
2021-05-18 15:02:01.800,16214,16215,16215,1
2021-05-18 15:02:01.978,16214,16216,16216,1
2021-05-18 15:02:02.065,16214,16216,16214,1
2021-05-18 15:02:02.072,16214,16216,16214,1
2021-05-18 15:02:02.456,16213,16215,16213,1
2021-05-18 15:02:02.624,16213,16215,16215,1
2021-05-18 15:02:02.758,16213,16215,16213,1
2021-05-18 15:02:02.760,16213,16215,16213,3
2021-05-18 15:02:02.761,16213,16215,16213,2
2021-05-18 15:02:02.994,16212,16214,16213,1
2021-05-18 15:02:03.144,16212,16213,16213,1
2021-05-18 15:02:03.418,16212,16214,16214,1
2021-05-18 15:02:03.945,16213,16214,16214,2
2021-05-18 15:02:03.945,16213,16214,16215,1
2021-05-18 15:02:03.945,16213,16214,16216,4
2021-05-18 15:02:03.945,16213,16214,16217,13
2021-05-18 15:02:03.945,16213,16214,16218,2
2021-05-18 15:02:04.068,16216,16218,16218,1
2021-05-18 15:02:04.546,16215,16217,16215,1
2021-05-18 15:02:04.814,16215,16217,16216,2
2021-05-18 15:02:04.814,16215,16217,16215,1
2021-05-18 15:02:05.146,16215,16217,16215,2
2021-05-18 15:02:05.523,16215,16216,16216,1
2021-05-18 15:02:06.190,16216,16217,16216,1
2021-05-18 15:02:06.277,16216,16217,16216,1
2021-05-18 15:02:06.673,16216,16217,16217,1
2021-05-18 15:02:07.262,16216,16218,16216,1
2021-05-18 15:02:07.324,16216,16218,16218,1
2021-05-18 15:02:07.338,16216,16218,16218,1
2021-05-18 15:02:08.012,16216,16218,16218,1
2021-05-18 15:02:08.715,16217,16219,16219,5
2021-05-18 15:02:08.864,16217,16219,16219,1
2021-05-18 15:02:08.970,16218,16219,16219,1
2021-05-18 15:02:08.971,16218,16219,16219,9
2021-05-18 15:02:09.246,16218,16220,16219,1
2021-05-18 15:02:09.252,16218,16220,16218,1
2021-05-18 15:02:09.578,16217,16220,16217,1
2021-05-18 15:02:09.831,16217,16219,16217,1
2021-05-18 15:02:09.833,16217,16219,16217,1
2021-05-18 15:02:10.022,16217,16219,16219,2
2021-05-18 15:02:11.156,16217,16219,16218,1
2021-05-18 15:02:11.749,16217,16218,16218,1
2021-05-18 15:02:13.747,16218,16219,16219,3
2021-05-18 15:02:14.449,16219,16220,16220,1
2021-05-18 15:02:14.539,16219,16220,16219,1
2021-05-18 15:02:14.641,16219,16220,16220,1
2021-05-18 15:02:14.644,16219,16220,16220,18
2021-05-18 15:02:14.644,16219,16220,16221,1
2021-05-18 15:02:16.230,16221,16222,16221,1
2021-05-18 15:02:16.383,16220,16222,16220,1
2021-05-18 15:02:16.644,16220,16222,16220,2
2021-05-18 15:02:16.889,16220,16221,16221,1
2021-05-18 15:02:17.316,16220,16222,16222,1
2021-05-18 15:02:17.373,16220,16222,16220,1
2021-05-18 15:02:17.408,16220,16222,16222,1
2021-05-18 15:02:17.930,16219,16221,16219,1
2021-05-18 15:02:18.432,16220,16221,16221,1
2021-05-18 15:02:18.481,16220,16222,16222,1
2021-05-18 15:02:19.327,16220,16221,16221,1
2021-05-18 15:02:20.340,16221,16222,16221,1
2021-05-18 15:02:21.198,16221,16222,16222,1
2021-05-18 15:02:21.958,16221,16222,16222,1
2021-05-18 15:02:22.137,16221,16222,16222,7
2021-05-18 15:02:22.169,16221,16222,16221,2
2021-05-18 15:02:22.294,16221,16222,16221,1
2021-05-18 15:02:22.578,16221,16222,16222,3
2021-05-18 15:02:22.622,16221,16222,16222,1
2021-05-18 15:02:22.753,16222,16223,16222,1
2021-05-18 15:02:23.294,16222,16223,16222,1
2021-05-18 15:02:23.800,16222,16223,16223,1
2021-05-18 15:02:24.383,16223,16224,16223,5
2021-05-18 15:02:24.467,16222,16223,16222,2
2021-05-18 15:02:24.499,16222,16223,16221,5
2021-05-18 15:02:24.653,16220,16222,16222,5
2021-05-18 15:02:24.674,16220,16222,16223,2
2021-05-18 15:02:24.709,16220,16222,16223,1
2021-05-18 15:02:25.261,16222,16224,16222,1
2021-05-18 15:02:25.887,16222,16224,16224,1
2021-05-18 15:02:25.960,16222,16224,16224,1
2021-05-18 15:02:26.011,16222,16224,16224,1
2021-05-18 15:02:26.317,16222,16223,16223,1
2021-05-18 15:02:26.547,16222,16224,16223,1
2021-05-18 15:02:26.550,16222,16224,16223,1
2021-05-18 15:02:26.750,16222,16223,16222,1
2021-05-18 15:02:27.799,16222,16223,16223,1
2021-05-18 15:02:27.837,16222,16223,16223,1
2021-05-18 15:02:27.837,16222,16223,16223,1
2021-05-18 15:02:27.837,16222,16223,16223,1
2021-05-18 15:02:27.838,16222,16223,16223,1
2021-05-18 15:02:27.838,16222,16223,16224,1
2021-05-18 15:02:27.838,16222,16223,16224,1
2021-05-18 15:02:27.838,16222,16223,16224,1
2021-05-18 15:02:27.838,16222,16223,16224,1
2021-05-18 15:02:27.839,16222,16223,16224,1
2021-05-18 15:02:27.902,16222,16223,16224,5
2021-05-18 15:02:27.902,16222,16223,16224,6
2021-05-18 15:02:28.147,16223,16224,16223,3
2021-05-18 15:02:28.607,16222,16224,16223,4
2021-05-18 15:02:29.944,16222,16223,16222,1
2021-05-18 15:02:30.378,16222,16223,16223,1
2021-05-18 15:02:30.679,16222,16224,16222,2
2021-05-18 15:02:31.264,16223,16224,16224,5
2021-05-18 15:02:31.824,16223,16224,16223,1
2021-05-18 15:02:31.958,16223,16224,16224,1
2021-05-18 15:02:32.141,16222,16223,16223,1
2021-05-18 15:02:32.698,16222,16223,16223,5
2021-05-18 15:02:32.741,16222,16223,16223,1
2021-05-18 15:02:33.390,16222,16223,16223,5
2021-05-18 15:02:34.047,16223,16225,16223,1
2021-05-18 15:02:34.235,16223,16225,16223,1
2021-05-18 15:02:34.676,16223,16224,16224,1
2021-05-18 15:02:35.329,16223,16224,16224,1
2021-05-18 15:02:35.966,16224,16225,16224,1
2021-05-18 15:02:36.258,16223,16225,16223,10
2021-05-18 15:02:36.604,16222,16224,16224,1
2021-05-18 15:02:36.760,16222,16224,16222,1
2021-05-18 15:02:36.761,16222,16224,16222,5
2021-05-18 15:02:36.761,16222,16224,16222,1
2021-05-18 15:02:36.761,16222,16224,16222,2
2021-05-18 15:02:36.761,16222,16224,16222,12
2021-05-18 15:02:36.836,16221,16222,16221,2
2021-05-18 15:02:37.073,16220,16221,16221,1
2021-05-18 15:02:37.164,16220,16221,16221,1
2021-05-18 15:02:37.337,16220,16221,16221,1
2021-05-18 15:02:37.371,16220,16221,16220,1
2021-05-18 15:02:37.686,16220,16222,16220,1
2021-05-18 15:02:37.733,16220,16221,16220,1
2021-05-18 15:02:37.941,16220,16221,16221,2
2021-05-18 15:02:37.941,16220,16221,16222,3
2021-05-18 15:02:38.024,16220,16222,16222,1
2021-05-18 15:02:38.066,16220,16222,16221,1
2021-05-18 15:02:38.164,16220,16223,16223,5
2021-05-18 15:02:38.182,16220,16223,16223,1
2021-05-18 15:02:38.301,16221,16223,16221,1
2021-05-18 15:02:38.364,16221,16223,16221,2
2021-05-18 15:02:38.504,16220,16223,16221,1
2021-05-18 15:02:38.504,16220,16223,16223,3
2021-05-18 15:02:39.117,16220,16222,16220,1
2021-05-18 15:02:39.762,16220,16222,16222,2
2021-05-18 15:02:39.785,16220,16222,16223,1
2021-05-18 15:02:39.982,16221,16223,16221,1
2021-05-18 15:02:40.217,16221,16223,16223,1
2021-05-18 15:02:40.551,16221,16223,16223,1
2021-05-18 15:02:40.843,16221,16223,16221,1
2021-05-18 15:02:40.921,16221,16223,16220,1
2021-05-18 15:02:41.911,16220,16222,16220,1
2021-05-18 15:02:42.210,16220,16222,16220,12
2021-05-18 15:02:42.211,16220,16222,16219,4
2021-05-18 15:02:42.555,16218,16220,16221,3
2021-05-18 15:02:42.555,16218,16220,16222,1
2021-05-18 15:02:42.803,16220,16222,16222,1
2021-05-18 15:02:42.839,16220,16222,16222,2
2021-05-18 15:02:42.839,16220,16222,16223,6
2021-05-18 15:02:43.163,16221,16223,16221,1
2021-05-18 15:02:43.612,16220,16222,16220,1
2021-05-18 15:02:44.719,16221,16223,16223,1
2021-05-18 15:02:44.849,16222,16223,16222,1
2021-05-18 15:02:44.931,16222,16223,16223,1
2021-05-18 15:02:44.972,16222,16223,16223,1
2021-05-18 15:02:45.709,16222,16223,16222,2
2021-05-18 15:02:45.918,16221,16222,16222,1
2021-05-18 15:02:46.171,16222,16224,16222,1
2021-05-18 15:02:46.803,16222,16224,16222,1
2021-05-18 15:02:47.145,16222,16224,16224,3
2021-05-18 15:02:47.146,16222,16224,16224,2
2021-05-18 15:02:47.146,16222,16224,16224,10
2021-05-18 15:02:47.210,16224,16225,16225,2
2021-05-18 15:02:48.557,16224,16225,16224,3
2021-05-18 15:02:48.557,16224,16225,16223,12
2021-05-18 15:02:48.611,16223,16225,16223,1
2021-05-18 15:02:48.637,16223,16225,16225,2
2021-05-18 15:02:48.641,16223,16225,16223,1
2021-05-18 15:02:49.068,16223,16225,16223,1
2021-05-18 15:02:49.285,16223,16225,16223,1
2021-05-18 15:02:50.290,16223,16225,16223,1
2021-05-18 15:02:51.406,16222,16224,16224,1
2021-05-18 15:02:52.757,16223,16225,16225,1
2021-05-18 15:02:53.229,16224,16225,16224,1
2021-05-18 15:02:53.543,16223,16224,16223,1
2021-05-18 15:02:53.764,16223,16224,16224,1
2021-05-18 15:02:54.112,16223,16224,16224,2
2021-05-18 15:02:54.153,16223,16224,16224,1
2021-05-18 15:02:54.844,16223,16225,16223,1
2021-05-18 15:02:56.351,16223,16225,16224,2
2021-05-18 15:02:56.427,16223,16225,16225,1
2021-05-18 15:02:56.639,16223,16225,16224,1
2021-05-18 15:02:56.693,16223,16225,16225,3
2021-05-18 15:02:56.694,16223,16225,16224,1
2021-05-18 15:02:57.050,16223,16225,16223,9
2021-05-18 15:02:57.086,16222,16223,16222,4
2021-05-18 15:02:57.149,16222,16223,16223,1
2021-05-18 15:02:58.482,16221,16223,16223,3
2021-05-18 15:02:59.085,16221,16222,16221,12
2021-05-18 15:02:59.086,16221,16222,16221,1
2021-05-18 15:02:59.086,16221,16222,16221,2
2021-05-18 15:02:59.086,16221,16222,16221,2
2021-05-18 15:02:59.819,16220,16222,16220,1
2021-05-18 15:02:59.980,16220,16221,16220,1
2021-05-18 15:03:00.087,16220,16221,16220,8
2021-05-18 15:03:00.475,16219,16220,16219,1
2021-05-18 15:03:01.128,16219,16221,16219,1
2021-05-18 15:03:01.212,16219,16220,16219,1
2021-05-18 15:03:01.212,16219,16220,16219,1
2021-05-18 15:03:01.212,16219,16220,16219,1
2021-05-18 15:03:01.212,16219,16220,16218,1
2021-05-18 15:03:01.213,16219,16220,16218,1
2021-05-18 15:03:01.213,16219,16220,16218,1
2021-05-18 15:03:01.213,16219,16220,16218,1
2021-05-18 15:03:01.213,16219,16220,16218,1
2021-05-18 15:03:01.213,16219,16220,16218,1
2021-05-18 15:03:01.618,16218,16220,16220,1
2021-05-18 15:03:01.883,16219,16221,16220,1
2021-05-18 15:03:02.160,16218,16219,16219,1
2021-05-18 15:03:02.284,16218,16220,16220,3
2021-05-18 15:03:02.449,16218,16221,16218,1
2021-05-18 15:03:02.469,16218,16220,16218,1
2021-05-18 15:03:02.483,16218,16220,16217,1
2021-05-18 15:03:02.489,16218,16220,16217,1
2021-05-18 15:03:02.498,16218,16220,16217,1
2021-05-18 15:03:02.515,16218,16220,16217,1
2021-05-18 15:03:02.520,16218,16220,16217,1
2021-05-18 15:03:02.526,16218,16220,16217,1
2021-05-18 15:03:02.528,16218,16220,16217,1
2021-05-18 15:03:02.536,16218,16220,16217,1
2021-05-18 15:03:02.539,16218,16220,16219,6
2021-05-18 15:03:02.553,16218,16220,16217,1
2021-05-18 15:03:02.554,16218,16220,16217,1
2021-05-18 15:03:02.622,16217,16218,16218,1
2021-05-18 15:03:02.654,16217,16218,16217,1
2021-05-18 15:03:02.668,16217,16218,16217,1
2021-05-18 15:03:02.873,16219,16220,16220,2
2021-05-18 15:03:02.894,16219,16220,16219,1
2021-05-18 15:03:02.894,16219,16220,16219,1
2021-05-18 15:03:03.089,16218,16220,16218,1
2021-05-18 15:03:04.233,16218,16219,16219,1
2021-05-18 15:03:04.233,16218,16219,16219,2
2021-05-18 15:03:04.316,16218,16219,16219,1
2021-05-18 15:03:04.694,16219,16220,16219,1
2021-05-18 15:03:04.771,16219,16220,16219,1
2021-05-18 15:03:05.110,16219,16220,16220,1
2021-05-18 15:03:05.923,16219,16220,16219,1
2021-05-18 15:03:09.359,16218,16219,16218,2
2021-05-18 15:03:09.495,16217,16219,16219,1
2021-05-18 15:03:10.851,16217,16219,16217,1
2021-05-18 15:03:10.962,16217,16219,16217,1
2021-05-18 15:03:11.067,16217,16219,16217,4
2021-05-18 15:03:11.069,16217,16219,16217,4
2021-05-18 15:03:12.025,16216,16217,16217,2
2021-05-18 15:03:12.474,16216,16217,16216,3
2021-05-18 15:03:13.598,16215,16216,16215,1
2021-05-18 15:03:13.598,16215,16216,16215,1
2021-05-18 15:03:13.722,16214,16216,16214,2
2021-05-18 15:03:13.825,16214,16216,16216,1
2021-05-18 15:03:13.864,16214,16216,16214,1
2021-05-18 15:03:14.271,16214,16216,16214,1
2021-05-18 15:03:14.273,16214,16216,16216,2
2021-05-18 15:03:14.412,16215,16217,16215,1
2021-05-18 15:03:14.447,16215,16217,16215,1
2021-05-18 15:03:15.217,16215,16217,16215,1
2021-05-18 15:03:15.963,16215,16217,16215,1
2021-05-18 15:03:16.135,16215,16217,16217,4
2021-05-18 15:03:16.753,16216,16218,16216,5
2021-05-18 15:03:16.898,16216,16218,16216,1
2021-05-18 15:03:17.844,16217,16218,16218,1
2021-05-18 15:03:17.962,16217,16219,16217,1
2021-05-18 15:03:17.963,16217,16219,16217,1
2021-05-18 15:03:18.388,16217,16219,16217,1
2021-05-18 15:03:20.149,16217,16218,16218,1
2021-05-18 15:03:21.721,16216,16218,16216,1
2021-05-18 15:03:22.533,16217,16218,16218,1
2021-05-18 15:03:23.071,16217,16218,16218,1
2021-05-18 15:03:27.432,16217,16218,16217,1
2021-05-18 15:03:27.450,16217,16218,16218,1
2021-05-18 15:03:27.720,16216,16218,16216,3
2021-05-18 15:03:28.166,16216,16218,16216,1
2021-05-18 15:03:28.203,16216,16218,16217,1
2021-05-18 15:03:28.214,16216,16218,16216,1
2021-05-18 15:03:28.215,16216,16218,16216,4
2021-05-18 15:03:28.639,16215,16217,16217,1
2021-05-18 15:03:28.754,16215,16217,16215,1
2021-05-18 15:03:29.300,16215,16216,16216,2
2021-05-18 15:03:29.300,16215,16216,16217,1
2021-05-18 15:03:29.678,16215,16217,16217,2
2021-05-18 15:03:29.953,16215,16217,16217,1
2021-05-18 15:03:30.500,16216,16217,16217,2
2021-05-18 15:03:30.660,16216,16218,16216,1
2021-05-18 15:03:31.257,16216,16218,16216,1
2021-05-18 15:03:32.028,16216,16218,16217,1
2021-05-18 15:03:33.745,16216,16218,16218,2
2021-05-18 15:03:33.746,16216,16218,16218,2
2021-05-18 15:03:33.746,16216,16218,16218,1
2021-05-18 15:03:33.836,16217,16218,16218,1
2021-05-18 15:03:34.264,16217,16219,16217,6
2021-05-18 15:03:34.264,16217,16219,16216,4
2021-05-18 15:03:34.464,16216,16218,16216,2
2021-05-18 15:03:34.499,16216,16218,16216,1
2021-05-18 15:03:34.971,16217,16218,16217,1
2021-05-18 15:03:35.681,16217,16218,16218,5
2021-05-18 15:03:36.485,16217,16219,16217,1
2021-05-18 15:03:36.573,16217,16219,16219,3
2021-05-18 15:03:37.114,16217,16219,16219,1
2021-05-18 15:03:37.212,16217,16219,16217,1
2021-05-18 15:03:37.680,16217,16219,16219,1
2021-05-18 15:03:39.416,16217,16219,16218,1
2021-05-18 15:03:40.686,16217,16219,16218,1
2021-05-18 15:03:41.380,16217,16219,16217,1
2021-05-18 15:03:41.567,16217,16219,16219,1
2021-05-18 15:03:42.874,16217,16219,16219,3
2021-05-18 15:03:43.238,16218,16219,16218,1
2021-05-18 15:03:43.450,16218,16219,16219,1
2021-05-18 15:03:43.911,16219,16220,16219,1
2021-05-18 15:03:45.102,16219,16220,16219,3
2021-05-18 15:03:45.585,16218,16220,16220,1
2021-05-18 15:03:46.828,16218,16220,16219,1
2021-05-18 15:03:48.869,16219,16220,16220,1
2021-05-18 15:03:48.934,16219,16220,16220,1
2021-05-18 15:03:48.935,16219,16220,16220,3
2021-05-18 15:03:51.332,16220,16222,16220,1
2021-05-18 15:03:52.358,16220,16222,16220,1
2021-05-18 15:03:53.566,16220,16221,16220,1
2021-05-18 15:03:55.289,16219,16220,16220,1
2021-05-18 15:03:55.798,16219,16220,16220,1
2021-05-18 15:03:55.798,16219,16220,16220,1
2021-05-18 15:03:55.965,16220,16221,16220,1
2021-05-18 15:03:56.029,16220,16221,16220,1
2021-05-18 15:03:56.029,16220,16221,16220,1
2021-05-18 15:03:57.210,16220,16221,16221,10
2021-05-18 15:03:57.335,16221,16222,16222,5
2021-05-18 15:03:57.337,16221,16222,16223,8
2021-05-18 15:03:57.337,16221,16222,16223,1
2021-05-18 15:03:57.337,16221,16222,16223,2
2021-05-18 15:03:57.514,16223,16224,16222,1
2021-05-18 15:04:00.349,16221,16222,16221,1
2021-05-18 15:04:00.799,16220,16222,16222,2
2021-05-18 15:04:02.170,16221,16222,16222,1
2021-05-18 15:04:02.297,16221,16222,16222,3
2021-05-18 15:04:02.731,16222,16224,16222,1
2021-05-18 15:04:03.537,16222,16224,16224,1
2021-05-18 15:04:04.060,16222,16223,16223,2
2021-05-18 15:04:04.061,16222,16223,16223,1
2021-05-18 15:04:04.517,16223,16224,16223,2
2021-05-18 15:04:04.969,16222,16224,16222,7
2021-05-18 15:04:05.684,16221,16223,16221,1
2021-05-18 15:04:05.684,16221,16223,16220,1
2021-05-18 15:04:05.788,16220,16222,16222,1
2021-05-18 15:04:05.788,16220,16222,16223,1
2021-05-18 15:04:07.873,16221,16223,16223,1
2021-05-18 15:04:09.097,16222,16224,16223,1
2021-05-18 15:04:09.310,16222,16224,16223,1
2021-05-18 15:04:10.222,16222,16224,16224,1
2021-05-18 15:04:10.294,16222,16224,16224,2
2021-05-18 15:04:10.514,16223,16224,16224,3
2021-05-18 15:04:10.515,16223,16224,16224,8
2021-05-18 15:04:12.635,16223,16224,16224,1
2021-05-18 15:04:12.635,16223,16224,16225,1
2021-05-18 15:04:12.636,16223,16224,16225,3
2021-05-18 15:04:12.735,16224,16225,16225,1
2021-05-18 15:04:12.971,16224,16225,16225,1
2021-05-18 15:04:12.971,16224,16225,16225,1
2021-05-18 15:04:12.984,16224,16225,16226,1
2021-05-18 15:04:13.168,16224,16226,16226,1
2021-05-18 15:04:13.230,16224,16226,16226,3
2021-05-18 15:04:13.360,16224,16226,16226,1
2021-05-18 15:04:13.420,16224,16226,16227,1
2021-05-18 15:04:13.443,16224,16226,16227,1
2021-05-18 15:04:13.587,16225,16227,16227,3
2021-05-18 15:04:13.610,16225,16227,16227,4
2021-05-18 15:04:13.666,16225,16227,16227,4
2021-05-18 15:04:13.667,16225,16227,16227,3
2021-05-18 15:04:13.702,16225,16227,16228,4
2021-05-18 15:04:13.756,16226,16228,16228,3
2021-05-18 15:04:14.037,16227,16229,16229,1
2021-05-18 15:04:14.306,16228,16229,16229,4
2021-05-18 15:04:14.306,16228,16229,16229,2
2021-05-18 15:04:14.306,16228,16229,16229,1
2021-05-18 15:04:14.306,16228,16229,16229,18
2021-05-18 15:04:14.550,16228,16229,16229,2
2021-05-18 15:04:14.550,16228,16229,16229,1
2021-05-18 15:04:14.727,16228,16229,16229,1
2021-05-18 15:04:14.727,16228,16229,16229,1
2021-05-18 15:04:14.727,16228,16229,16229,1
2021-05-18 15:04:14.960,16228,16229,16228,5
2021-05-18 15:04:15.238,16227,16229,16229,1
2021-05-18 15:04:15.799,16226,16228,16228,2
2021-05-18 15:04:16.782,16227,16229,16229,1
2021-05-18 15:04:17.060,16228,16229,16228,1
2021-05-18 15:04:17.298,16227,16229,16228,1
2021-05-18 15:04:18.099,16227,16228,16228,1
2021-05-18 15:04:18.452,16227,16228,16228,1
2021-05-18 15:04:18.591,16227,16228,16228,1
2021-05-18 15:04:18.672,16227,16228,16228,1
2021-05-18 15:04:18.902,16227,16228,16228,1
2021-05-18 15:04:21.030,16228,16229,16228,5
2021-05-18 15:04:22.340,16227,16228,16227,7
2021-05-18 15:04:22.343,16227,16228,16226,1
2021-05-18 15:04:22.380,16227,16228,16225,1
2021-05-18 15:04:22.499,16225,16227,16227,1
2021-05-18 15:04:23.709,16227,16228,16228,1
2021-05-18 15:04:24.249,16228,16229,16228,1
2021-05-18 15:04:24.262,16228,16229,16228,2
2021-05-18 15:04:24.319,16228,16229,16227,1
2021-05-18 15:04:24.972,16225,16227,16227,1
2021-05-18 15:04:25.001,16225,16227,16227,3
2021-05-18 15:04:25.780,16225,16227,16227,2
2021-05-18 15:04:26.494,16225,16227,16227,1
2021-05-18 15:04:29.060,16226,16228,16226,5
2021-05-18 15:04:29.446,16225,16228,16225,1
2021-05-18 15:04:29.449,16225,16228,16225,2
2021-05-18 15:04:31.827,16226,16227,16227,1
2021-05-18 15:04:32.190,16227,16228,16227,1
2021-05-18 15:04:32.595,16227,16228,16227,3
2021-05-18 15:04:33.444,16226,16228,16228,1
2021-05-18 15:04:35.156,16226,16227,16227,1
2021-05-18 15:04:36.980,16226,16227,16227,1
2021-05-18 15:04:36.980,16226,16227,16228,1
2021-05-18 15:04:37.124,16226,16228,16228,7
2021-05-18 15:04:37.125,16226,16228,16228,1
2021-05-18 15:04:37.125,16226,16228,16228,3
2021-05-18 15:04:37.175,16226,16228,16229,2
2021-05-18 15:04:37.176,16226,16228,16229,7
2021-05-18 15:04:38.264,16228,16229,16228,2
2021-05-18 15:04:38.506,16228,16229,16228,1
2021-05-18 15:04:40.023,16228,16229,16228,1
2021-05-18 15:04:41.153,16228,16229,16228,2
2021-05-18 15:04:41.185,16228,16229,16227,2
2021-05-18 15:04:41.196,16228,16229,16227,2
2021-05-18 15:04:42.267,16226,16227,16227,2
2021-05-18 15:04:44.601,16226,16228,16228,2
2021-05-18 15:04:47.231,16227,16228,16227,3
2021-05-18 15:04:48.057,16226,16228,16228,1
2021-05-18 15:04:48.197,16226,16228,16228,1
2021-05-18 15:04:48.946,16227,16228,16228,1
2021-05-18 15:04:49.126,16227,16228,16228,1
2021-05-18 15:04:49.566,16227,16228,16228,1
2021-05-18 15:04:50.285,16227,16228,16227,1
2021-05-18 15:04:50.859,16227,16228,16228,1
2021-05-18 15:04:51.726,16227,16228,16228,1
2021-05-18 15:04:52.079,16227,16228,16227,1
2021-05-18 15:04:53.151,16227,16228,16227,5
2021-05-18 15:04:53.670,16226,16228,16226,2
2021-05-18 15:04:55.631,16227,16228,16228,2
2021-05-18 15:04:55.742,16227,16228,16227,1
2021-05-18 15:04:55.872,16227,16228,16228,3
2021-05-18 15:04:56.198,16228,16229,16228,1
2021-05-18 15:04:56.389,16228,16229,16229,1
2021-05-18 15:04:58.188,16228,16229,16228,1
2021-05-18 15:04:58.214,16228,16229,16229,5
2021-05-18 15:04:58.214,16228,16229,16229,2
2021-05-18 15:04:58.216,16228,16229,16229,46
2021-05-18 15:04:58.217,16228,16229,16229,6
2021-05-18 15:04:58.217,16228,16229,16230,1
2021-05-18 15:04:58.217,16228,16229,16230,1
2021-05-18 15:04:58.218,16228,16229,16230,1
2021-05-18 15:04:58.218,16228,16229,16230,1
2021-05-18 15:04:58.218,16228,16229,16230,1
2021-05-18 15:04:58.218,16228,16229,16230,1
2021-05-18 15:04:58.221,16228,16229,16231,2
2021-05-18 15:04:58.377,16230,16232,16230,2
2021-05-18 15:04:58.379,16230,16232,16232,2
2021-05-18 15:04:58.442,16230,16232,16231,1
2021-05-18 15:04:58.470,16231,16232,16231,2
2021-05-18 15:04:58.523,16231,16232,16230,1
2021-05-18 15:04:58.841,16229,16231,16231,1
2021-05-18 15:04:58.871,16229,16231,16229,1
2021-05-18 15:04:59.038,16229,16231,16231,2
2021-05-18 15:04:59.100,16230,16231,16231,1
2021-05-18 15:04:59.118,16230,16231,16230,1
2021-05-18 15:04:59.235,16230,16231,16231,1
2021-05-18 15:04:59.581,16230,16231,16230,1
2021-05-18 15:05:00.039,16230,16231,16230,1
2021-05-18 15:05:00.105,16230,16231,16230,1
2021-05-18 15:05:00.371,16228,16229,16229,3
2021-05-18 15:05:00.371,16228,16229,16230,1
2021-05-18 15:05:00.392,16228,16229,16231,1
2021-05-18 15:05:00.859,16229,16231,16231,1
2021-05-18 15:05:01.064,16230,16231,16230,3
2021-05-18 15:05:01.064,16230,16231,16230,2
2021-05-18 15:05:01.071,16230,16231,16230,1
2021-05-18 15:05:01.344,16230,16231,16230,1
2021-05-18 15:05:01.398,16230,16231,16231,2
2021-05-18 15:05:01.398,16230,16231,16232,1
2021-05-18 15:05:01.813,16230,16232,16230,3
2021-05-18 15:05:02.297,16228,16231,16231,1
2021-05-18 15:05:02.726,16230,16232,16232,1
2021-05-18 15:05:03.616,16230,16231,16230,1
2021-05-18 15:05:04.548,16230,16232,16231,1
2021-05-18 15:05:06.024,16231,16232,16232,2
2021-05-18 15:05:06.025,16231,16232,16232,1
2021-05-18 15:05:07.835,16231,16232,16232,13
2021-05-18 15:05:07.839,16232,16233,16233,1
2021-05-18 15:05:07.839,16232,16233,16233,1
2021-05-18 15:05:08.063,16233,16234,16234,1
2021-05-18 15:05:08.086,16233,16234,16233,3
2021-05-18 15:05:08.293,16232,16234,16234,3
2021-05-18 15:05:08.537,16232,16234,16232,1
2021-05-18 15:05:09.442,16232,16234,16232,1
2021-05-18 15:05:09.685,16232,16234,16234,1
2021-05-18 15:05:10.071,16232,16233,16232,3
2021-05-18 15:05:10.076,16232,16233,16231,1
2021-05-18 15:05:10.924,16230,16231,16231,1
2021-05-18 15:05:11.532,16230,16231,16230,3
2021-05-18 15:05:11.851,16229,16230,16230,1
2021-05-18 15:05:12.309,16229,16230,16230,1
2021-05-18 15:05:12.309,16229,16230,16231,1
2021-05-18 15:05:12.513,16229,16231,16231,1
2021-05-18 15:05:12.763,16229,16232,16232,3
2021-05-18 15:05:13.155,16230,16232,16230,2
2021-05-18 15:05:14.071,16229,16230,16229,1
2021-05-18 15:05:14.742,16229,16230,16229,1
2021-05-18 15:05:14.831,16229,16230,16230,1
2021-05-18 15:05:14.854,16229,16230,16230,2
2021-05-18 15:05:15.739,16229,16231,16231,1
2021-05-18 15:05:16.254,16229,16231,16229,1
2021-05-18 15:05:17.036,16229,16230,16230,1
2021-05-18 15:05:21.149,16229,16230,16230,2
2021-05-18 15:05:21.411,16230,16231,16231,2
2021-05-18 15:05:21.698,16230,16231,16231,3
2021-05-18 15:05:21.699,16230,16231,16231,1
2021-05-18 15:05:22.049,16230,16232,16231,1
2021-05-18 15:05:23.748,16231,16232,16231,1
2021-05-18 15:05:23.894,16231,16232,16231,1
2021-05-18 15:05:24.266,16231,16232,16232,1
2021-05-18 15:05:24.428,16231,16232,16231,3
2021-05-18 15:05:25.733,16231,16232,16231,2
2021-05-18 15:05:26.494,16231,16232,16232,1
2021-05-18 15:05:26.748,16231,16232,16232,1
2021-05-18 15:05:27.109,16230,16232,16230,1
2021-05-18 15:05:27.212,16230,16232,16230,1
2021-05-18 15:05:27.213,16230,16232,16230,1
2021-05-18 15:05:27.213,16230,16232,16230,1
2021-05-18 15:05:27.216,16230,16232,16230,6
2021-05-18 15:05:27.330,16230,16232,16230,1
2021-05-18 15:05:27.547,16229,16231,16231,1
2021-05-18 15:05:28.970,16230,16231,16230,1
2021-05-18 15:05:29.264,16230,16231,16230,1
2021-05-18 15:05:29.264,16230,16231,16229,1
2021-05-18 15:05:29.851,16230,16231,16231,1
2021-05-18 15:05:30.615,16230,16232,16230,3
2021-05-18 15:05:31.608,16229,16231,16229,2
2021-05-18 15:05:31.608,16229,16231,16228,3
2021-05-18 15:05:32.123,16228,16229,16229,1
2021-05-18 15:05:33.582,16228,16229,16229,1
2021-05-18 15:05:34.243,16228,16229,16228,12
2021-05-18 15:05:34.244,16228,16229,16227,5
2021-05-18 15:05:34.245,16228,16229,16227,1
2021-05-18 15:05:34.347,16226,16227,16226,4
2021-05-18 15:05:34.347,16226,16227,16225,1
2021-05-18 15:05:35.020,16226,16227,16226,1
2021-05-18 15:05:35.021,16226,16227,16226,1
2021-05-18 15:05:35.383,16225,16226,16225,1
2021-05-18 15:05:36.055,16225,16226,16225,1
2021-05-18 15:05:36.351,16225,16227,16227,1
2021-05-18 15:05:36.635,16225,16227,16227,1
2021-05-18 15:05:36.688,16225,16227,16225,5
2021-05-18 15:05:37.477,16225,16227,16227,1
2021-05-18 15:05:37.672,16225,16226,16226,1
2021-05-18 15:05:38.277,16224,16225,16225,1
2021-05-18 15:05:38.277,16224,16225,16226,1
2021-05-18 15:05:38.318,16224,16225,16224,1
2021-05-18 15:05:39.757,16225,16226,16225,4
2021-05-18 15:05:40.593,16224,16225,16224,3
2021-05-18 15:05:40.939,16223,16225,16223,3
2021-05-18 15:05:40.960,16223,16224,16223,2
2021-05-18 15:05:41.351,16222,16224,16224,2
2021-05-18 15:05:41.991,16222,16224,16223,1
2021-05-18 15:05:42.008,16222,16224,16223,1
2021-05-18 15:05:42.135,16222,16224,16224,1
2021-05-18 15:05:42.304,16222,16224,16223,1
2021-05-18 15:05:42.304,16222,16224,16224,4
2021-05-18 15:05:42.701,16223,16224,16223,1
2021-05-18 15:05:43.585,16222,16223,16223,2
2021-05-18 15:05:44.439,16223,16225,16225,1
2021-05-18 15:05:44.874,16223,16225,16223,1
2021-05-18 15:05:45.286,16224,16225,16225,1
2021-05-18 15:05:45.286,16224,16225,16226,1
2021-05-18 15:05:45.460,16224,16225,16224,1
2021-05-18 15:05:46.379,16223,16224,16224,1
2021-05-18 15:05:46.632,16223,16225,16223,1
2021-05-18 15:05:47.085,16223,16225,16223,1
2021-05-18 15:05:47.086,16223,16225,16223,1
2021-05-18 15:05:47.738,16223,16225,16223,2
2021-05-18 15:05:47.910,16222,16225,16224,1
2021-05-18 15:05:48.477,16222,16223,16222,1
2021-05-18 15:05:48.655,16222,16223,16223,1
2021-05-18 15:05:48.739,16223,16224,16224,1
2021-05-18 15:05:48.816,16223,16224,16225,3
2021-05-18 15:05:49.240,16225,16227,16225,1
2021-05-18 15:05:51.030,16224,16226,16225,1
2021-05-18 15:05:52.246,16224,16226,16224,1
2021-05-18 15:05:53.909,16224,16226,16224,1
2021-05-18 15:05:53.966,16224,16225,16225,1
2021-05-18 15:05:55.398,16224,16225,16224,1
2021-05-18 15:05:56.268,16223,16225,16225,1
2021-05-18 15:05:57.505,16223,16225,16225,1
2021-05-18 15:05:58.000,16223,16226,16225,1
2021-05-18 15:05:58.427,16224,16226,16224,1
2021-05-18 15:06:00.036,16224,16226,16226,1
2021-05-18 15:06:00.044,16224,16226,16226,1
2021-05-18 15:06:00.047,16224,16226,16226,1
2021-05-18 15:06:00.054,16224,16226,16226,1
2021-05-18 15:06:00.063,16224,16226,16226,1
2021-05-18 15:06:00.067,16224,16226,16226,1
2021-05-18 15:06:00.071,16224,16226,16226,1
2021-05-18 15:06:00.073,16224,16226,16226,1
2021-05-18 15:06:00.090,16224,16226,16226,1
2021-05-18 15:06:00.098,16224,16226,16226,1
2021-05-18 15:06:00.789,16225,16226,16225,3
2021-05-18 15:06:00.790,16225,16226,16225,7
2021-05-18 15:06:01.451,16225,16226,16225,1
2021-05-18 15:06:02.097,16224,16226,16226,1
2021-05-18 15:06:02.463,16224,16226,16226,1
2021-05-18 15:06:02.477,16224,16226,16226,1
2021-05-18 15:06:02.477,16224,16226,16227,1
2021-05-18 15:06:02.496,16224,16226,16226,1
2021-05-18 15:06:02.518,16224,16226,16226,1
2021-05-18 15:06:02.518,16224,16226,16227,1
2021-05-18 15:06:04.753,16224,16226,16224,1
2021-05-18 15:06:08.835,16224,16226,16224,1
2021-05-18 15:06:09.359,16225,16226,16225,1
2021-05-18 15:06:14.251,16225,16226,16225,3
2021-05-18 15:06:17.158,16225,16226,16226,1
2021-05-18 15:06:17.423,16225,16227,16225,1
2021-05-18 15:06:23.763,16225,16226,16226,1
2021-05-18 15:06:24.706,16226,16227,16227,1
2021-05-18 15:06:24.710,16226,16227,16227,5
2021-05-18 15:06:24.711,16226,16227,16227,1
2021-05-18 15:06:24.765,16226,16227,16227,1
2021-05-18 15:06:24.765,16226,16227,16226,1
2021-05-18 15:06:27.207,16226,16228,16226,3
2021-05-18 15:06:27.207,16226,16228,16225,7
2021-05-18 15:06:27.208,16226,16228,16225,2
2021-05-18 15:06:27.294,16224,16225,16224,2
2021-05-18 15:06:27.480,16223,16225,16225,1
2021-05-18 15:06:28.488,16224,16225,16225,1
2021-05-18 15:06:28.630,16224,16225,16224,1
2021-05-18 15:06:32.480,16224,16225,16225,1
2021-05-18 15:06:32.735,16224,16225,16224,1
2021-05-18 15:06:34.210,16223,16224,16223,6
2021-05-18 15:06:34.335,16222,16223,16222,7
2021-05-18 15:06:35.628,16222,16224,16222,1
2021-05-18 15:06:36.359,16222,16223,16223,1
2021-05-18 15:06:36.359,16222,16223,16224,2
2021-05-18 15:06:37.875,16222,16223,16222,2
2021-05-18 15:06:38.081,16222,16223,16223,1
2021-05-18 15:06:42.349,16223,16224,16224,1
2021-05-18 15:06:43.032,16223,16224,16223,1
2021-05-18 15:06:44.294,16222,16224,16222,1
2021-05-18 15:06:44.329,16222,16224,16222,1
2021-05-18 15:06:47.223,16221,16223,16223,7
2021-05-18 15:06:48.872,16222,16224,16222,1
2021-05-18 15:06:49.459,16223,16224,16223,2
2021-05-18 15:06:51.487,16222,16224,16222,1
2021-05-18 15:06:51.638,16222,16224,16223,1
2021-05-18 15:06:55.832,16222,16223,16222,1
2021-05-18 15:06:56.573,16222,16223,16222,1
2021-05-18 15:06:56.762,16222,16223,16223,4
2021-05-18 15:06:56.835,16222,16224,16224,2
2021-05-18 15:06:58.635,16222,16225,16222,1
2021-05-18 15:07:01.960,16223,16224,16224,6
2021-05-18 15:07:02.085,16223,16225,16225,5
2021-05-18 15:07:02.086,16223,16225,16225,1
2021-05-18 15:07:02.591,16223,16225,16225,1
2021-05-18 15:07:02.591,16223,16225,16225,1
2021-05-18 15:07:02.591,16223,16225,16225,2
2021-05-18 15:07:02.591,16223,16225,16225,6
2021-05-18 15:07:02.843,16224,16226,16224,1
2021-05-18 15:07:07.249,16224,16225,16225,1
2021-05-18 15:07:07.982,16225,16226,16226,2
2021-05-18 15:07:08.196,16225,16227,16225,2
2021-05-18 15:07:08.933,16225,16227,16227,1
2021-05-18 15:07:09.090,16225,16228,16225,1
2021-05-18 15:07:09.227,16225,16227,16227,1
2021-05-18 15:07:10.261,16226,16228,16226,1
2021-05-18 15:07:15.100,16226,16228,16226,1
2021-05-18 15:07:17.854,16226,16228,16227,1
2021-05-18 15:07:19.333,16226,16228,16228,1
2021-05-18 15:07:20.158,16226,16228,16226,1
2021-05-18 15:07:20.321,16226,16227,16226,1
2021-05-18 15:07:24.955,16225,16227,16226,1
2021-05-18 15:07:30.578,16225,16226,16225,2
2021-05-18 15:07:30.903,16224,16226,16225,1
2021-05-18 15:07:33.643,16224,16225,16224,2
2021-05-18 15:07:34.098,16223,16225,16224,2
2021-05-18 15:07:36.710,16223,16224,16223,6
2021-05-18 15:07:36.711,16223,16224,16222,4
2021-05-18 15:07:36.836,16221,16223,16221,10
2021-05-18 15:07:36.837,16221,16223,16221,1
2021-05-18 15:07:37.680,16220,16222,16220,1
2021-05-18 15:07:37.926,16220,16222,16220,1
2021-05-18 15:07:39.651,16220,16221,16220,1
2021-05-18 15:07:39.863,16220,16221,16220,15
2021-05-18 15:07:39.863,16220,16221,16220,1
2021-05-18 15:07:39.864,16220,16221,16220,1
2021-05-18 15:07:39.864,16220,16221,16220,11
2021-05-18 15:07:39.864,16220,16221,16220,1
2021-05-18 15:07:39.864,16220,16221,16220,3
2021-05-18 15:07:40.211,16219,16220,16219,1
2021-05-18 15:07:40.652,16219,16220,16219,1
2021-05-18 15:07:40.942,16219,16220,16219,1
2021-05-18 15:07:41.315,16218,16220,16220,1
2021-05-18 15:07:43.425,16219,16220,16219,9
2021-05-18 15:07:46.057,16218,16219,16219,2
2021-05-18 15:07:47.132,16218,16220,16220,1
2021-05-18 15:07:47.132,16218,16220,16220,2
2021-05-18 15:07:47.447,16219,16221,16220,1
2021-05-18 15:07:48.163,16219,16221,16219,1
2021-05-18 15:07:48.707,16219,16221,16221,1
2021-05-18 15:07:48.865,16219,16221,16219,1
2021-05-18 15:07:55.313,16219,16221,16219,1
2021-05-18 15:07:55.356,16219,16221,16219,1
2021-05-18 15:07:56.221,16219,16220,16220,2
2021-05-18 15:07:57.844,16219,16221,16219,1
2021-05-18 15:07:59.865,16219,16221,16221,1
2021-05-18 15:08:01.710,16219,16220,16219,3
2021-05-18 15:08:02.254,16219,16220,16220,1
2021-05-18 15:08:02.524,16219,16221,16220,1
2021-05-18 15:08:03.227,16220,16221,16221,4
2021-05-18 15:08:04.174,16221,16223,16221,1
2021-05-18 15:08:09.937,16223,16224,16223,1
2021-05-18 15:08:12.497,16222,16224,16222,1
2021-05-18 15:08:17.230,16222,16223,16223,1
2021-05-18 15:08:19.643,16222,16223,16223,1
2021-05-18 15:08:19.643,16222,16223,16223,2
2021-05-18 15:08:21.809,16223,16224,16223,1
2021-05-18 15:08:22.445,16223,16224,16224,4
2021-05-18 15:08:24.210,16224,16225,16225,7
2021-05-18 15:08:24.212,16224,16225,16225,1
2021-05-18 15:08:24.335,16224,16226,16226,7
2021-05-18 15:08:24.460,16225,16227,16227,2
2021-05-18 15:08:24.722,16226,16227,16226,3
2021-05-18 15:08:24.722,16226,16227,16225,2
2021-05-18 15:08:25.492,16225,16227,16225,1
2021-05-18 15:08:28.678,16225,16227,16227,3
2021-05-18 15:08:32.318,16224,16225,16224,1
2021-05-18 15:08:32.898,16223,16225,16225,1
2021-05-18 15:08:33.999,16223,16226,16223,1
2021-05-18 15:08:35.297,16222,16224,16222,1
2021-05-18 15:08:38.539,16222,16223,16223,1
2021-05-18 15:08:43.252,16222,16224,16224,1
2021-05-18 15:08:43.457,16222,16224,16223,2
2021-05-18 15:08:43.457,16222,16224,16222,2
2021-05-18 15:08:44.170,16222,16224,16225,2
2021-05-18 15:08:52.315,16224,16225,16224,1
2021-05-18 15:08:52.315,16224,16225,16223,4
2021-05-18 15:08:56.663,16224,16225,16224,1
2021-05-18 15:08:56.665,16224,16225,16224,1
2021-05-18 15:08:57.729,16224,16225,16224,1
2021-05-18 15:08:58.635,16223,16224,16223,1
2021-05-18 15:09:05.781,16223,16224,16223,3
2021-05-18 15:09:06.764,16222,16223,16222,4
2021-05-18 15:09:06.955,16221,16222,16222,1
2021-05-18 15:09:07.924,16221,16222,16222,1
2021-05-18 15:09:07.933,16221,16222,16222,2
2021-05-18 15:09:08.149,16221,16223,16223,2
2021-05-18 15:09:08.297,16221,16223,16221,1
2021-05-18 15:09:12.424,16221,16223,16223,1
2021-05-18 15:09:13.015,16221,16223,16221,1
2021-05-18 15:09:19.391,16222,16224,16222,3
2021-05-18 15:09:23.548,16222,16224,16222,1
2021-05-18 15:09:23.970,16221,16222,16221,1
2021-05-18 15:09:27.220,16221,16222,16222,1
2021-05-18 15:09:27.607,16221,16222,16221,1
2021-05-18 15:09:27.978,16221,16222,16221,2
2021-05-18 15:09:28.628,16221,16222,16221,2
2021-05-18 15:09:28.629,16221,16222,16221,1
2021-05-18 15:09:28.630,16221,16222,16221,6
2021-05-18 15:09:31.099,16220,16221,16221,1
2021-05-18 15:09:31.460,16221,16222,16221,1
2021-05-18 15:09:32.511,16221,16222,16221,1
2021-05-18 15:09:34.909,16221,16222,16221,1
2021-05-18 15:09:34.922,16221,16222,16221,2
2021-05-18 15:09:40.273,16221,16223,16223,1
2021-05-18 15:09:43.050,16222,16224,16222,1
2021-05-18 15:09:44.378,16222,16224,16224,1
2021-05-18 15:09:47.848,16223,16224,16224,2
2021-05-18 15:09:47.848,16223,16224,16224,1
2021-05-18 15:09:48.163,16223,16225,16223,1
2021-05-18 15:09:54.372,16223,16224,16224,2
2021-05-18 15:09:56.429,16223,16225,16223,1
2021-05-18 15:10:00.284,16223,16224,16224,4
2021-05-18 15:10:00.341,16224,16225,16225,8
2021-05-18 15:10:00.341,16224,16225,16225,3
2021-05-18 15:10:00.585,16225,16227,16226,1
2021-05-18 15:10:00.591,16225,16227,16226,1
2021-05-18 15:10:00.593,16225,16227,16226,1
2021-05-18 15:10:00.597,16225,16227,16227,1
2021-05-18 15:10:00.602,16225,16227,16227,1
2021-05-18 15:10:00.625,16225,16227,16228,1
2021-05-18 15:10:00.625,16225,16227,16228,1
2021-05-18 15:10:00.632,16225,16227,16228,1
2021-05-18 15:10:00.641,16225,16227,16228,1
2021-05-18 15:10:00.651,16225,16227,16228,1
2021-05-18 15:10:00.659,16225,16227,16229,1
2021-05-18 15:10:00.661,16225,16227,16229,1
2021-05-18 15:10:00.661,16225,16227,16229,1
2021-05-18 15:10:00.721,16228,16229,16229,1
2021-05-18 15:10:00.735,16228,16229,16229,1
2021-05-18 15:10:00.793,16228,16229,16229,1
2021-05-18 15:10:01.012,16228,16229,16229,1
2021-05-18 15:10:02.295,16226,16228,16226,1
2021-05-18 15:10:03.627,16226,16228,16226,2
2021-05-18 15:10:03.627,16226,16228,16225,3
2021-05-18 15:10:05.006,16225,16228,16226,1
2021-05-18 15:10:06.280,16226,16228,16227,1
2021-05-18 15:10:07.376,16227,16229,16229,1
2021-05-18 15:10:08.522,16227,16230,16227,3
2021-05-18 15:10:08.697,16227,16228,16228,1
2021-05-18 15:10:09.556,16228,16230,16230,2
2021-05-18 15:10:09.556,16228,16230,16230,5
2021-05-18 15:10:09.557,16228,16230,16230,2
2021-05-18 15:10:09.557,16228,16230,16230,1
2021-05-18 15:10:09.557,16228,16230,16230,4
2021-05-18 15:10:09.997,16230,16231,16230,1
2021-05-18 15:10:10.331,16230,16231,16231,1
2021-05-18 15:10:10.339,16230,16231,16231,1
2021-05-18 15:10:10.423,16230,16231,16231,2
2021-05-18 15:10:10.970,16230,16231,16231,1
2021-05-18 15:10:10.971,16230,16231,16231,1
2021-05-18 15:10:10.972,16230,16231,16231,1
2021-05-18 15:10:11.269,16231,16232,16232,1
2021-05-18 15:10:11.741,16231,16232,16232,3
2021-05-18 15:10:11.772,16231,16232,16232,4
2021-05-18 15:10:12.138,16231,16233,16231,1
2021-05-18 15:10:12.445,16231,16232,16231,1
2021-05-18 15:10:13.325,16231,16232,16231,1
2021-05-18 15:10:13.575,16229,16231,16231,1
2021-05-18 15:10:13.575,16229,16231,16232,8
2021-05-18 15:10:13.576,16229,16231,16232,1
2021-05-18 15:10:14.619,16230,16231,16231,1
2021-05-18 15:10:14.742,16230,16232,16232,9
2021-05-18 15:10:14.743,16230,16232,16232,1
2021-05-18 15:10:15.349,16231,16233,16233,2
2021-05-18 15:10:15.954,16232,16233,16232,1
2021-05-18 15:10:17.514,16232,16233,16233,1
2021-05-18 15:10:17.514,16232,16233,16233,1
2021-05-18 15:10:17.544,16232,16233,16233,1
2021-05-18 15:10:17.804,16233,16234,16233,1
2021-05-18 15:10:17.817,16233,16234,16233,1
2021-05-18 15:10:17.973,16232,16233,16233,2
2021-05-18 15:10:18.047,16232,16233,16233,1
2021-05-18 15:10:18.168,16232,16233,16234,3
2021-05-18 15:10:18.261,16233,16234,16234,5
2021-05-18 15:10:18.271,16233,16234,16234,2
2021-05-18 15:10:18.271,16233,16234,16234,4
2021-05-18 15:10:18.271,16233,16234,16234,5
2021-05-18 15:10:18.279,16233,16234,16235,1
2021-05-18 15:10:18.370,16233,16235,16235,1
2021-05-18 15:10:18.370,16233,16235,16235,1
2021-05-18 15:10:18.371,16233,16235,16235,1
2021-05-18 15:10:18.371,16233,16235,16235,1
2021-05-18 15:10:18.371,16233,16235,16235,1
2021-05-18 15:10:18.551,16234,16236,16234,2
2021-05-18 15:10:18.575,16234,16236,16233,1
2021-05-18 15:10:18.587,16232,16235,16232,1
2021-05-18 15:10:18.599,16232,16235,16232,1
2021-05-18 15:10:18.787,16232,16235,16232,1
2021-05-18 15:10:18.787,16232,16235,16232,5
2021-05-18 15:10:18.787,16232,16235,16232,1
2021-05-18 15:10:18.787,16232,16235,16232,1
2021-05-18 15:10:18.787,16232,16235,16232,5
2021-05-18 15:10:19.177,16231,16233,16233,1
2021-05-18 15:10:19.391,16231,16233,16234,1
2021-05-18 15:10:19.410,16231,16233,16234,1
2021-05-18 15:10:19.435,16231,16233,16232,1
2021-05-18 15:10:19.458,16231,16233,16232,1
2021-05-18 15:10:19.602,16231,16233,16231,1
2021-05-18 15:10:19.612,16231,16233,16231,1
2021-05-18 15:10:19.654,16231,16233,16231,1
2021-05-18 15:10:19.656,16231,16233,16231,1
2021-05-18 15:10:20.289,16231,16233,16233,1
2021-05-18 15:10:21.030,16231,16233,16233,1
2021-05-18 15:10:21.879,16232,16234,16234,3
2021-05-18 15:10:22.846,16233,16234,16234,1
2021-05-18 15:10:23.451,16233,16235,16233,1
2021-05-18 15:10:23.878,16233,16235,16234,1
2021-05-18 15:10:23.878,16233,16235,16233,3
2021-05-18 15:10:23.885,16233,16235,16235,1
2021-05-18 15:10:24.190,16233,16235,16235,5
2021-05-18 15:10:24.398,16233,16235,16234,1
2021-05-18 15:10:26.135,16234,16235,16235,1
2021-05-18 15:10:27.148,16234,16235,16234,1
2021-05-18 15:10:27.246,16233,16235,16235,1
2021-05-18 15:10:27.313,16233,16235,16235,3
2021-05-18 15:10:27.313,16233,16235,16236,2
2021-05-18 15:10:27.562,16235,16236,16236,1
2021-05-18 15:10:27.709,16235,16236,16236,1
2021-05-18 15:10:27.709,16235,16236,16236,2
2021-05-18 15:10:27.710,16235,16236,16236,1
2021-05-18 15:10:27.781,16235,16236,16236,4
2021-05-18 15:10:27.895,16236,16237,16236,2
2021-05-18 15:10:28.527,16235,16236,16236,1
2021-05-18 15:10:28.654,16235,16236,16235,1
2021-05-18 15:10:28.679,16235,16236,16236,1
2021-05-18 15:10:29.686,16235,16236,16235,2
2021-05-18 15:10:29.686,16235,16236,16235,1
2021-05-18 15:10:29.746,16234,16235,16235,1
2021-05-18 15:10:29.955,16234,16236,16234,1
2021-05-18 15:10:29.956,16234,16236,16234,1
2021-05-18 15:10:30.490,16233,16234,16233,1
2021-05-18 15:10:30.568,16233,16234,16233,1
2021-05-18 15:10:31.850,16232,16233,16233,1
2021-05-18 15:10:34.223,16232,16233,16233,1
2021-05-18 15:10:35.094,16232,16234,16234,1
2021-05-18 15:10:35.783,16233,16235,16235,1
2021-05-18 15:10:38.117,16233,16235,16235,1
2021-05-18 15:10:38.981,16234,16235,16235,1
2021-05-18 15:10:39.310,16235,16236,16235,2
2021-05-18 15:10:39.525,16235,16236,16235,1
2021-05-18 15:10:39.841,16235,16236,16235,1
2021-05-18 15:10:39.934,16235,16236,16235,1
2021-05-18 15:10:40.319,16234,16235,16235,1
2021-05-18 15:10:40.319,16234,16235,16236,1
2021-05-18 15:10:42.626,16234,16235,16234,2
2021-05-18 15:10:43.393,16233,16235,16235,1
2021-05-18 15:10:43.449,16233,16235,16235,1
2021-05-18 15:10:43.491,16235,16236,16236,1
2021-05-18 15:10:43.491,16235,16236,16236,1
2021-05-18 15:10:43.859,16235,16237,16235,1
2021-05-18 15:10:45.461,16235,16237,16235,1
2021-05-18 15:10:47.685,16235,16237,16237,1
2021-05-18 15:10:47.685,16235,16237,16237,1
2021-05-18 15:10:47.685,16235,16237,16237,1
2021-05-18 15:10:47.740,16236,16237,16237,1
2021-05-18 15:10:47.741,16236,16237,16237,1
2021-05-18 15:10:47.795,16236,16237,16237,1
2021-05-18 15:10:47.817,16236,16237,16236,1
2021-05-18 15:10:48.108,16237,16238,16237,1
2021-05-18 15:10:48.111,16237,16238,16236,1
2021-05-18 15:10:48.160,16237,16238,16238,1
2021-05-18 15:10:48.511,16236,16238,16236,1
2021-05-18 15:10:48.511,16236,16238,16236,1
2021-05-18 15:10:48.607,16235,16238,16235,1
2021-05-18 15:10:48.611,16235,16238,16235,1
2021-05-18 15:10:48.618,16235,16238,16235,1
2021-05-18 15:10:48.751,16235,16237,16235,1
2021-05-18 15:10:50.087,16236,16237,16237,1
2021-05-18 15:10:50.425,16236,16238,16236,1
2021-05-18 15:10:52.068,16236,16237,16237,1
2021-05-18 15:10:52.665,16236,16237,16236,1
2021-05-18 15:10:54.458,16235,16237,16237,1
2021-05-18 15:10:54.540,16235,16237,16237,1
2021-05-18 15:10:54.885,16235,16237,16237,1
2021-05-18 15:10:55.295,16235,16237,16236,1
2021-05-18 15:10:55.856,16235,16237,16236,1
2021-05-18 15:10:57.442,16236,16237,16236,2
2021-05-18 15:10:57.919,16235,16236,16235,3
2021-05-18 15:10:58.915,16233,16235,16235,1
2021-05-18 15:10:59.594,16233,16235,16235,2
2021-05-18 15:11:01.399,16233,16235,16235,1
2021-05-18 15:11:02.034,16233,16235,16235,3
2021-05-18 15:11:03.979,16233,16235,16234,1
2021-05-18 15:11:04.389,16233,16234,16234,1
2021-05-18 15:11:06.882,16233,16234,16233,3
2021-05-18 15:11:06.981,16231,16232,16232,1
2021-05-18 15:11:08.464,16231,16233,16231,1
2021-05-18 15:11:08.801,16232,16233,16232,1
2021-05-18 15:11:10.593,16230,16232,16230,1
2021-05-18 15:11:10.656,16230,16232,16230,1
2021-05-18 15:11:11.015,16229,16231,16231,2
2021-05-18 15:11:11.016,16229,16231,16231,4
2021-05-18 15:11:11.977,16229,16231,16231,1
2021-05-18 15:11:12.494,16229,16230,16229,2
2021-05-18 15:11:12.659,16229,16230,16229,2
2021-05-18 15:11:15.657,16228,16229,16228,4
2021-05-18 15:11:15.774,16227,16229,16229,1
2021-05-18 15:11:17.249,16227,16229,16229,1
2021-05-18 15:11:18.067,16228,16229,16228,1
2021-05-18 15:11:18.533,16228,16229,16229,1
2021-05-18 15:11:19.289,16228,16229,16229,1
2021-05-18 15:11:19.320,16228,16229,16229,1
2021-05-18 15:11:21.193,16228,16229,16229,1
2021-05-18 15:11:22.122,16228,16229,16229,1
2021-05-18 15:11:23.663,16228,16230,16228,10
2021-05-18 15:11:24.103,16228,16230,16228,4
2021-05-18 15:11:24.103,16228,16230,16227,6
2021-05-18 15:11:24.565,16227,16229,16227,8
2021-05-18 15:11:24.565,16227,16229,16226,2
2021-05-18 15:11:25.219,16226,16228,16227,1
2021-05-18 15:11:25.542,16226,16228,16228,1
2021-05-18 15:11:27.094,16226,16227,16227,1
2021-05-18 15:11:27.548,16226,16227,16226,1
2021-05-18 15:11:30.221,16225,16226,16225,2
2021-05-18 15:11:32.420,16224,16225,16224,1
2021-05-18 15:11:32.420,16224,16225,16224,2
2021-05-18 15:11:32.421,16224,16225,16224,1
2021-05-18 15:11:33.830,16223,16225,16223,1
2021-05-18 15:11:34.932,16223,16224,16224,1
2021-05-18 15:11:34.932,16223,16224,16224,1
2021-05-18 15:11:35.937,16223,16225,16225,2
2021-05-18 15:11:36.564,16224,16226,16224,2
2021-05-18 15:11:37.649,16224,16225,16225,1
2021-05-18 15:11:40.607,16224,16225,16225,2
2021-05-18 15:11:40.607,16224,16225,16225,1
2021-05-18 15:11:41.668,16226,16227,16226,1
2021-05-18 15:11:43.440,16225,16226,16226,1
2021-05-18 15:11:45.261,16227,16228,16227,1
2021-05-18 15:11:45.543,16227,16228,16227,1
2021-05-18 15:11:46.033,16225,16227,16227,1
2021-05-18 15:11:46.293,16225,16227,16225,1
2021-05-18 15:11:50.401,16224,16225,16225,1
2021-05-18 15:11:51.530,16225,16227,16225,1
2021-05-18 15:11:53.564,16225,16227,16225,2
2021-05-18 15:11:58.313,16225,16227,16225,1
2021-05-18 15:12:00.457,16225,16227,16225,1
2021-05-18 15:12:00.624,16225,16227,16227,3
2021-05-18 15:12:00.628,16225,16227,16227,2
2021-05-18 15:12:00.688,16225,16227,16227,1
2021-05-18 15:12:00.688,16225,16227,16228,2
2021-05-18 15:12:00.747,16226,16228,16228,1
2021-05-18 15:12:00.794,16226,16228,16228,1
2021-05-18 15:12:00.897,16226,16228,16228,2
2021-05-18 15:12:00.979,16227,16229,16227,1
2021-05-18 15:12:09.115,16226,16228,16226,1
2021-05-18 15:12:09.605,16224,16226,16224,1
2021-05-18 15:12:10.044,16224,16226,16226,2
2021-05-18 15:12:10.075,16224,16226,16226,1
2021-05-18 15:12:10.076,16224,16226,16226,1
2021-05-18 15:12:10.883,16224,16225,16225,1
2021-05-18 15:12:14.508,16224,16227,16226,6
2021-05-18 15:12:18.480,16225,16227,16226,1
2021-05-18 15:12:20.261,16225,16226,16225,1
2021-05-18 15:12:20.527,16224,16226,16224,2
2021-05-18 15:12:20.527,16224,16226,16223,1
2021-05-18 15:12:25.368,16223,16225,16223,1
2021-05-18 15:12:25.960,16222,16223,16222,3
2021-05-18 15:12:26.085,16221,16222,16221,13
2021-05-18 15:12:26.086,16221,16222,16221,1
2021-05-18 15:12:26.086,16221,16222,16221,1
2021-05-18 15:12:26.860,16220,16221,16220,1
2021-05-18 15:12:26.919,16220,16221,16221,1
2021-05-18 15:12:26.958,16220,16221,16221,1
2021-05-18 15:12:26.994,16220,16221,16220,2
2021-05-18 15:12:27.143,16220,16221,16221,1
2021-05-18 15:12:27.222,16220,16221,16220,2
2021-05-18 15:12:27.419,16220,16221,16221,1
2021-05-18 15:12:28.431,16220,16221,16220,1
2021-05-18 15:12:29.523,16220,16221,16220,1
2021-05-18 15:12:29.524,16220,16221,16220,3
2021-05-18 15:12:29.524,16220,16221,16220,3
2021-05-18 15:12:29.524,16220,16221,16220,10
2021-05-18 15:12:29.527,16220,16221,16219,6
2021-05-18 15:12:29.527,16220,16221,16219,1
2021-05-18 15:12:29.527,16220,16221,16219,6
2021-05-18 15:12:29.529,16220,16221,16218,1
2021-05-18 15:12:31.253,16218,16220,16220,1
2021-05-18 15:12:31.496,16218,16220,16220,1
2021-05-18 15:12:33.359,16219,16220,16220,1
2021-05-18 15:12:33.602,16220,16221,16221,1
2021-05-18 15:12:34.552,16220,16222,16220,1
2021-05-18 15:12:35.154,16219,16221,16219,1
2021-05-18 15:12:36.441,16219,16221,16219,1
2021-05-18 15:12:37.383,16219,16222,16222,1
2021-05-18 15:12:37.655,16220,16222,16220,2
2021-05-18 15:12:39.962,16221,16223,16221,2
2021-05-18 15:12:40.800,16221,16223,16222,2
2021-05-18 15:12:41.148,16222,16224,16222,3
2021-05-18 15:12:41.498,16222,16224,16222,4
2021-05-18 15:12:43.995,16222,16224,16222,1
2021-05-18 15:12:44.758,16221,16222,16222,3
2021-05-18 15:12:44.758,16221,16222,16223,3
2021-05-18 15:12:44.922,16221,16223,16223,1
2021-05-18 15:12:45.870,16222,16224,16224,1
2021-05-18 15:12:49.142,16222,16223,16223,1
2021-05-18 15:12:49.296,16223,16225,16223,1
2021-05-18 15:12:58.156,16223,16224,16224,1
2021-05-18 15:12:59.694,16224,16225,16224,1
2021-05-18 15:13:00.605,16224,16225,16225,2
2021-05-18 15:13:01.080,16225,16227,16225,1
2021-05-18 15:13:01.099,16225,16227,16225,1
2021-05-18 15:13:01.161,16225,16227,16225,1
2021-05-18 15:13:05.250,16224,16225,16225,1
2021-05-18 15:13:05.335,16225,16226,16226,2
2021-05-18 15:13:05.460,16225,16227,16227,5
2021-05-18 15:13:05.535,16225,16227,16229,1
2021-05-18 15:13:05.710,16227,16229,16229,6
2021-05-18 15:13:05.835,16228,16230,16230,3
2021-05-18 15:13:06.056,16228,16230,16228,1
2021-05-18 15:13:13.674,16225,16227,16227,1
2021-05-18 15:13:15.326,16225,16227,16225,2
2021-05-18 15:13:18.310,16225,16226,16226,1
2021-05-18 15:13:20.327,16225,16226,16225,3
2021-05-18 15:13:20.580,16224,16226,16226,1
2021-05-18 15:13:27.821,16225,16226,16226,1
2021-05-18 15:13:32.223,16225,16226,16226,2
2021-05-18 15:13:33.811,16226,16227,16227,1
2021-05-18 15:13:39.535,16226,16227,16226,1
2021-05-18 15:13:43.045,16226,16227,16227,5
2021-05-18 15:13:43.641,16227,16228,16228,2
2021-05-18 15:13:45.024,16228,16230,16228,1
2021-05-18 15:13:46.924,16228,16230,16230,8
2021-05-18 15:13:46.924,16228,16230,16231,2
2021-05-18 15:13:47.097,16229,16231,16229,1
2021-05-18 15:13:47.409,16229,16231,16229,1
2021-05-18 15:13:49.978,16229,16230,16230,1
2021-05-18 15:13:52.148,16229,16231,16229,1
2021-05-18 15:13:52.276,16229,16231,16229,3
2021-05-18 15:13:54.111,16230,16231,16231,3
2021-05-18 15:13:54.935,16231,16232,16231,1
2021-05-18 15:13:54.944,16231,16232,16231,1
2021-05-18 15:13:55.526,16231,16232,16232,2
2021-05-18 15:13:55.526,16231,16232,16233,1
2021-05-18 15:13:55.526,16231,16232,16234,7
2021-05-18 15:13:57.303,16233,16234,16234,2
2021-05-18 15:13:57.303,16233,16234,16235,1
2021-05-18 15:13:58.114,16234,16235,16235,5
2021-05-18 15:13:58.114,16234,16235,16236,1
2021-05-18 15:14:00.387,16234,16236,16236,1
2021-05-18 15:14:01.790,16234,16235,16235,1
2021-05-18 15:14:02.079,16234,16236,16236,1
2021-05-18 15:14:02.112,16234,16236,16236,1
2021-05-18 15:14:03.713,16235,16236,16235,1
2021-05-18 15:14:03.928,16235,16236,16236,1
2021-05-18 15:14:04.526,16236,16237,16236,1
2021-05-18 15:14:04.795,16236,16237,16236,1
2021-05-18 15:14:04.833,16236,16237,16237,9
2021-05-18 15:14:04.833,16236,16237,16238,1
2021-05-18 15:14:04.900,16236,16238,16238,1
2021-05-18 15:14:04.910,16236,16238,16238,1
2021-05-18 15:14:05.515,16236,16238,16238,1
2021-05-18 15:14:05.515,16236,16238,16239,4
2021-05-18 15:14:05.634,16237,16239,16239,2
2021-05-18 15:14:05.680,16237,16239,16240,2
2021-05-18 15:14:05.748,16238,16240,16240,1
2021-05-18 15:14:05.953,16238,16240,16238,1
2021-05-18 15:14:05.974,16238,16240,16238,1
2021-05-18 15:14:05.984,16238,16240,16240,1
2021-05-18 15:14:06.004,16238,16240,16238,1
2021-05-18 15:14:06.033,16238,16240,16240,1
2021-05-18 15:14:06.071,16238,16240,16240,1
2021-05-18 15:14:06.130,16238,16240,16240,1
2021-05-18 15:14:06.164,16238,16240,16238,1
2021-05-18 15:14:06.349,16238,16240,16238,2
2021-05-18 15:14:06.375,16238,16240,16240,3
2021-05-18 15:14:06.740,16238,16240,16239,1
2021-05-18 15:14:06.791,16238,16240,16239,1
2021-05-18 15:14:07.805,16239,16240,16240,1
2021-05-18 15:14:08.268,16239,16240,16240,1
2021-05-18 15:14:08.358,16239,16240,16240,2
2021-05-18 15:14:08.411,16239,16240,16240,1
2021-05-18 15:14:08.571,16239,16240,16240,1
2021-05-18 15:14:08.630,16240,16241,16241,5
2021-05-18 15:14:08.814,16240,16241,16241,2
2021-05-18 15:14:08.815,16240,16241,16241,1
2021-05-18 15:14:08.990,16240,16241,16241,1
2021-05-18 15:14:09.659,16240,16241,16241,1
2021-05-18 15:14:09.956,16240,16242,16240,1
2021-05-18 15:14:11.503,16239,16240,16240,1
2021-05-18 15:14:12.523,16239,16240,16239,1
2021-05-18 15:14:13.160,16239,16240,16240,1
2021-05-18 15:14:13.160,16239,16240,16241,1
2021-05-18 15:14:13.166,16239,16240,16241,1
2021-05-18 15:14:14.293,16239,16241,16240,1
2021-05-18 15:14:14.369,16239,16241,16241,1
2021-05-18 15:14:14.660,16240,16241,16241,1
2021-05-18 15:14:16.735,16240,16241,16240,1
2021-05-18 15:14:17.085,16240,16241,16240,6
2021-05-18 15:14:17.085,16240,16241,16240,2
2021-05-18 15:14:17.086,16240,16241,16239,4
2021-05-18 15:14:17.134,16240,16241,16239,1
2021-05-18 15:14:17.186,16240,16241,16238,1
2021-05-18 15:14:17.418,16237,16239,16238,2
2021-05-18 15:14:17.833,16236,16238,16238,4
2021-05-18 15:14:18.636,16236,16237,16237,2
2021-05-18 15:14:19.294,16236,16237,16236,1
2021-05-18 15:14:19.384,16235,16237,16237,1
2021-05-18 15:14:19.400,16235,16237,16238,1
2021-05-18 15:14:19.756,16235,16237,16237,1
2021-05-18 15:14:20.183,16235,16237,16237,2
2021-05-18 15:14:20.277,16237,16238,16237,1
2021-05-18 15:14:20.620,16236,16237,16235,2
2021-05-18 15:14:21.620,16236,16237,16237,2
2021-05-18 15:14:22.626,16236,16237,16237,1
2021-05-18 15:14:22.881,16236,16237,16236,3
2021-05-18 15:14:22.881,16236,16237,16235,7
2021-05-18 15:14:25.267,16233,16235,16235,1
2021-05-18 15:14:25.485,16233,16236,16236,2
2021-05-18 15:14:26.176,16234,16236,16235,1
2021-05-18 15:14:26.226,16233,16235,16233,1
2021-05-18 15:14:26.286,16233,16235,16234,2
2021-05-18 15:14:29.243,16231,16232,16232,1
2021-05-18 15:14:29.631,16231,16234,16234,1
2021-05-18 15:14:32.423,16232,16234,16232,1
2021-05-18 15:14:33.555,16232,16233,16232,1
2021-05-18 15:14:34.006,16231,16232,16231,6
2021-05-18 15:14:35.086,16230,16231,16231,1
2021-05-18 15:14:35.206,16230,16231,16231,1
2021-05-18 15:14:35.696,16231,16232,16231,1
2021-05-18 15:14:36.483,16230,16231,16231,2
2021-05-18 15:14:36.554,16230,16231,16231,1
2021-05-18 15:14:36.589,16230,16231,16231,1
2021-05-18 15:14:36.645,16230,16231,16231,1
2021-05-18 15:14:37.502,16230,16232,16230,1
2021-05-18 15:14:38.364,16230,16232,16231,1
2021-05-18 15:14:39.536,16230,16232,16230,1
2021-05-18 15:14:39.976,16230,16232,16232,1
2021-05-18 15:14:39.992,16230,16232,16230,1
2021-05-18 15:14:41.360,16230,16232,16232,1
2021-05-18 15:14:42.368,16232,16233,16233,2
2021-05-18 15:14:42.955,16232,16234,16234,1
2021-05-18 15:14:43.227,16233,16234,16233,1
2021-05-18 15:14:44.415,16232,16234,16232,1
2021-05-18 15:14:44.912,16231,16234,16233,1
2021-05-18 15:14:47.172,16231,16234,16234,1
2021-05-18 15:14:49.133,16233,16234,16234,1
2021-05-18 15:14:49.133,16233,16234,16234,4
2021-05-18 15:14:49.133,16233,16234,16234,1
2021-05-18 15:14:49.133,16233,16234,16234,1
2021-05-18 15:14:50.169,16234,16235,16235,2
2021-05-18 15:14:53.267,16235,16237,16237,1
2021-05-18 15:14:56.654,16235,16237,16235,1
2021-05-18 15:14:57.574,16234,16236,16236,2
2021-05-18 15:14:57.765,16234,16236,16234,3
2021-05-18 15:15:00.898,16232,16235,16232,1
2021-05-18 15:15:02.446,16232,16233,16232,1
2021-05-18 15:15:03.385,16232,16233,16233,1
2021-05-18 15:15:03.606,16232,16233,16232,1
2021-05-18 15:15:03.844,16231,16233,16233,1
2021-05-18 15:15:04.132,16231,16233,16231,1
2021-05-18 15:15:07.449,16231,16233,16231,3
2021-05-18 15:15:09.200,16230,16231,16231,2
2021-05-18 15:15:14.446,16231,16232,16232,2
2021-05-18 15:15:14.447,16231,16232,16232,1
2021-05-18 15:15:17.232,16232,16234,16233,1
2021-05-18 15:15:18.097,16233,16234,16234,3
2021-05-18 15:15:19.350,16234,16236,16236,1
2021-05-18 15:15:26.206,16234,16236,16234,1
2021-05-18 15:15:28.261,16235,16236,16235,1
2021-05-18 15:15:28.316,16235,16236,16236,2
2021-05-18 15:15:29.478,16236,16237,16236,2
2021-05-18 15:15:32.884,16236,16237,16236,1
2021-05-18 15:15:33.471,16236,16237,16237,5
2021-05-18 15:15:33.835,16237,16239,16238,1
2021-05-18 15:15:36.407,16238,16239,16239,3
2021-05-18 15:15:38.348,16239,16240,16239,1
2021-05-18 15:15:38.602,16239,16240,16240,1
2021-05-18 15:15:38.856,16239,16240,16240,1
2021-05-18 15:15:39.377,16239,16240,16240,1
2021-05-18 15:15:41.040,16239,16241,16240,1
2021-05-18 15:15:42.614,16238,16240,16240,1
2021-05-18 15:15:43.568,16238,16240,16239,1
2021-05-18 15:15:44.821,16238,16240,16240,2
2021-05-18 15:15:45.883,16238,16240,16238,1
2021-05-18 15:15:45.883,16238,16240,16238,1
2021-05-18 15:15:45.884,16238,16240,16238,7
2021-05-18 15:15:46.101,16236,16239,16236,1
2021-05-18 15:15:46.201,16236,16239,16238,1
2021-05-18 15:15:46.270,16236,16238,16236,1
2021-05-18 15:15:46.597,16236,16238,16236,1
2021-05-18 15:15:46.993,16236,16238,16238,1
2021-05-18 15:15:46.993,16236,16238,16239,1
2021-05-18 15:15:47.465,16236,16239,16237,1
2021-05-18 15:15:47.797,16236,16239,16238,1
2021-05-18 15:15:48.570,16238,16239,16238,4
2021-05-18 15:15:50.948,16236,16239,16239,1
2021-05-18 15:15:51.637,16238,16239,16238,1
2021-05-18 15:15:51.637,16238,16239,16238,1
2021-05-18 15:15:54.021,16236,16239,16238,1
2021-05-18 15:15:55.806,16236,16239,16239,5
2021-05-18 15:15:58.806,16237,16239,16237,1
2021-05-18 15:16:00.105,16237,16239,16237,1
2021-05-18 15:16:01.827,16236,16238,16236,5
2021-05-18 15:16:02.331,16236,16238,16236,1
2021-05-18 15:16:02.331,16236,16238,16236,1
2021-05-18 15:16:02.332,16236,16238,16236,3
2021-05-18 15:16:04.058,16235,16236,16236,1
2021-05-18 15:16:06.941,16236,16238,16236,2
2021-05-18 15:16:08.835,16236,16238,16237,1
2021-05-18 15:16:10.980,16236,16238,16238,1
2021-05-18 15:16:15.432,16236,16238,16237,1
2021-05-18 15:16:15.441,16236,16238,16236,4
2021-05-18 15:16:16.638,16235,16237,16237,1
2021-05-18 15:16:17.271,16235,16237,16237,1
2021-05-18 15:16:17.464,16235,16237,16237,2
2021-05-18 15:16:20.354,16235,16237,16237,3
2021-05-18 15:16:20.445,16235,16237,16237,1
2021-05-18 15:16:20.791,16236,16238,16236,1
2021-05-18 15:16:20.955,16235,16238,16238,1
2021-05-18 15:16:22.081,16236,16237,16237,1
2021-05-18 15:16:22.096,16236,16238,16236,1
2021-05-18 15:16:22.306,16237,16238,16238,1
2021-05-18 15:16:23.434,16237,16238,16237,1
2021-05-18 15:16:25.354,16236,16237,16236,1
2021-05-18 15:16:25.940,16236,16237,16237,2
2021-05-18 15:16:25.949,16236,16237,16238,1
2021-05-18 15:16:25.950,16236,16237,16238,2
2021-05-18 15:16:25.950,16236,16237,16238,2
2021-05-18 15:16:26.089,16238,16239,16239,2
2021-05-18 15:16:26.089,16238,16239,16239,13
2021-05-18 15:16:26.145,16238,16239,16239,1
2021-05-18 15:16:26.733,16239,16240,16239,1
2021-05-18 15:16:27.550,16239,16240,16239,1
2021-05-18 15:16:27.583,16239,16240,16240,1
2021-05-18 15:16:27.584,16239,16240,16240,1
2021-05-18 15:16:27.584,16239,16240,16240,9
2021-05-18 15:16:27.587,16239,16241,16240,1
2021-05-18 15:16:27.606,16239,16241,16240,1
2021-05-18 15:16:27.685,16239,16241,16240,1
2021-05-18 15:16:27.686,16239,16241,16240,1
2021-05-18 15:16:28.541,16240,16241,16240,1
2021-05-18 15:16:28.627,16240,16241,16241,8
2021-05-18 15:16:28.949,16241,16242,16242,6
2021-05-18 15:16:28.950,16241,16242,16242,1
2021-05-18 15:16:28.950,16241,16242,16242,1
2021-05-18 15:16:28.950,16241,16242,16242,1
2021-05-18 15:16:28.950,16241,16242,16242,1
2021-05-18 15:16:28.950,16241,16242,16242,1
2021-05-18 15:16:28.950,16241,16242,16242,1
2021-05-18 15:16:28.950,16241,16242,16242,3
2021-05-18 15:16:29.199,16242,16243,16242,1
2021-05-18 15:16:29.200,16242,16243,16242,1
2021-05-18 15:16:29.651,16242,16243,16242,1
2021-05-18 15:16:29.651,16242,16243,16241,1
2021-05-18 15:16:30.201,16242,16243,16242,1
2021-05-18 15:16:30.346,16242,16243,16242,1
2021-05-18 15:16:30.443,16242,16243,16243,1
2021-05-18 15:16:31.300,16242,16243,16243,1
2021-05-18 15:16:31.321,16242,16243,16242,1
2021-05-18 15:16:31.399,16242,16243,16243,1
2021-05-18 15:16:32.092,16242,16243,16243,1
2021-05-18 15:16:32.306,16242,16243,16243,4
2021-05-18 15:16:32.473,16243,16244,16243,1
2021-05-18 15:16:32.835,16243,16244,16244,1
2021-05-18 15:16:32.894,16243,16244,16243,1
2021-05-18 15:16:32.896,16243,16244,16243,1
2021-05-18 15:16:32.938,16243,16244,16242,1
2021-05-18 15:16:33.120,16241,16244,16244,1
2021-05-18 15:16:33.378,16241,16243,16243,3
2021-05-18 15:16:33.378,16241,16243,16244,7
2021-05-18 15:16:33.378,16241,16243,16245,4
2021-05-18 15:16:33.408,16241,16243,16242,1
2021-05-18 15:16:33.628,16242,16245,16242,1
2021-05-18 15:16:33.635,16242,16245,16242,1
2021-05-18 15:16:33.765,16241,16244,16243,1
2021-05-18 15:16:34.610,16241,16242,16242,1
2021-05-18 15:16:34.714,16241,16242,16242,1
2021-05-18 15:16:34.915,16241,16243,16243,2
2021-05-18 15:16:35.131,16241,16243,16243,1
2021-05-18 15:16:35.306,16242,16243,16242,1
2021-05-18 15:16:37.002,16241,16242,16242,1
2021-05-18 15:16:38.226,16242,16243,16243,1
2021-05-18 15:16:38.313,16242,16243,16242,1
2021-05-18 15:16:38.475,16242,16244,16243,1
2021-05-18 15:16:39.277,16243,16244,16243,1
2021-05-18 15:16:39.482,16242,16244,16242,1
2021-05-18 15:16:39.818,16243,16244,16243,1
2021-05-18 15:16:39.825,16243,16244,16244,1
2021-05-18 15:16:40.189,16243,16244,16244,1
2021-05-18 15:16:40.189,16243,16244,16245,1
2021-05-18 15:16:40.610,16243,16244,16244,1
2021-05-18 15:16:41.104,16243,16245,16243,2
2021-05-18 15:16:42.707,16243,16245,16243,1
2021-05-18 15:16:45.805,16242,16243,16242,1
2021-05-18 15:16:45.979,16241,16242,16241,1
2021-05-18 15:16:45.980,16241,16242,16241,9
2021-05-18 15:16:45.981,16241,16242,16241,1
2021-05-18 15:16:45.991,16241,16242,16240,1
2021-05-18 15:16:45.991,16241,16242,16240,1
2021-05-18 15:16:45.991,16241,16242,16240,1
2021-05-18 15:16:46.004,16241,16242,16240,1
2021-05-18 15:16:46.160,16239,16241,16241,1
2021-05-18 15:16:46.162,16239,16241,16241,1
2021-05-18 15:16:48.854,16240,16241,16241,1
2021-05-18 15:16:48.854,16240,16241,16242,1
2021-05-18 15:16:49.914,16241,16242,16241,1
2021-05-18 15:16:50.055,16240,16242,16242,6
2021-05-18 15:16:50.769,16242,16243,16242,1
2021-05-18 15:16:53.201,16241,16243,16243,1
2021-05-18 15:16:53.936,16242,16244,16244,1
2021-05-18 15:16:54.579,16242,16244,16242,1
2021-05-18 15:16:54.713,16242,16244,16244,1
2021-05-18 15:16:57.945,16241,16243,16243,1
2021-05-18 15:16:58.887,16241,16242,16242,1
2021-05-18 15:16:59.918,16242,16244,16243,1
2021-05-18 15:17:00.819,16242,16243,16242,1
2021-05-18 15:17:01.029,16242,16243,16242,1
2021-05-18 15:17:01.750,16242,16243,16242,1
2021-05-18 15:17:01.810,16242,16243,16242,2
2021-05-18 15:17:02.397,16242,16243,16242,1
2021-05-18 15:17:02.666,16242,16243,16242,1
2021-05-18 15:17:02.986,16242,16243,16242,2
2021-05-18 15:17:03.087,16241,16243,16243,5
2021-05-18 15:17:03.087,16241,16243,16244,5
2021-05-18 15:17:04.722,16242,16244,16244,2
2021-05-18 15:17:06.045,16244,16245,16244,1
2021-05-18 15:17:06.236,16244,16245,16245,10
2021-05-18 15:17:06.236,16244,16245,16245,3
2021-05-18 15:17:06.575,16245,16246,16246,1
2021-05-18 15:17:06.591,16245,16246,16246,1
2021-05-18 15:17:06.593,16245,16246,16246,1
2021-05-18 15:17:06.593,16245,16246,16246,2
2021-05-18 15:17:06.593,16245,16246,16246,2
2021-05-18 15:17:06.594,16245,16246,16246,1
2021-05-18 15:17:06.643,16245,16246,16246,1
2021-05-18 15:17:06.644,16245,16246,16246,2
2021-05-18 15:17:06.646,16245,16246,16247,1
2021-05-18 15:17:06.661,16245,16246,16247,1
2021-05-18 15:17:06.681,16245,16246,16247,1
2021-05-18 15:17:06.756,16246,16247,16247,1
2021-05-18 15:17:06.756,16246,16247,16247,1
2021-05-18 15:17:06.758,16246,16247,16247,1
2021-05-18 15:17:06.811,16246,16247,16247,1
2021-05-18 15:17:06.826,16246,16247,16247,1
2021-05-18 15:17:06.844,16246,16247,16246,1
2021-05-18 15:17:06.844,16246,16247,16245,2
2021-05-18 15:17:06.869,16246,16247,16247,1
2021-05-18 15:17:06.923,16246,16247,16247,1
2021-05-18 15:17:07.174,16245,16247,16247,1
2021-05-18 15:17:07.220,16245,16247,16247,1
2021-05-18 15:17:07.232,16245,16247,16247,1
2021-05-18 15:17:07.244,16245,16247,16247,1
2021-05-18 15:17:07.271,16245,16247,16247,1
2021-05-18 15:17:07.408,16245,16247,16247,1
2021-05-18 15:17:07.578,16245,16247,16245,1
2021-05-18 15:17:07.628,16245,16246,16245,1
2021-05-18 15:17:07.717,16244,16246,16244,1
2021-05-18 15:17:07.904,16244,16246,16244,3
2021-05-18 15:17:10.291,16244,16245,16244,2
2021-05-18 15:17:10.847,16243,16244,16244,1
2021-05-18 15:17:11.637,16243,16245,16244,1
2021-05-18 15:17:12.357,16244,16245,16244,1
2021-05-18 15:17:12.860,16244,16245,16245,1
2021-05-18 15:17:13.244,16244,16245,16245,1
2021-05-18 15:17:13.245,16244,16245,16245,2
2021-05-18 15:17:14.051,16244,16245,16244,4
2021-05-18 15:17:14.445,16243,16244,16244,1
2021-05-18 15:17:14.732,16243,16245,16245,1
2021-05-18 15:17:14.999,16243,16244,16243,1
2021-05-18 15:17:15.284,16243,16244,16244,1
2021-05-18 15:17:15.951,16244,16246,16246,1
2021-05-18 15:17:17.405,16244,16246,16244,2
2021-05-18 15:17:17.831,16244,16245,16245,1
2021-05-18 15:17:18.408,16245,16246,16245,1
2021-05-18 15:17:22.346,16245,16246,16246,1
2021-05-18 15:17:22.347,16245,16246,16246,2
2021-05-18 15:17:22.347,16245,16246,16246,1
2021-05-18 15:17:23.171,16245,16247,16245,1
2021-05-18 15:17:23.688,16245,16247,16246,1
2021-05-18 15:17:24.723,16245,16246,16246,1
2021-05-18 15:17:24.852,16245,16246,16245,2
2021-05-18 15:17:26.149,16245,16246,16245,1
2021-05-18 15:17:26.219,16245,16246,16245,1
2021-05-18 15:17:26.451,16245,16246,16246,2
2021-05-18 15:17:26.478,16245,16246,16246,1
2021-05-18 15:17:26.478,16245,16246,16246,1
2021-05-18 15:17:27.059,16245,16247,16246,1
2021-05-18 15:17:27.800,16246,16247,16247,4
2021-05-18 15:17:27.802,16246,16247,16248,13
2021-05-18 15:17:28.103,16247,16248,16247,1
2021-05-18 15:17:28.275,16247,16248,16247,1
2021-05-18 15:17:28.577,16247,16248,16248,2
2021-05-18 15:17:29.059,16247,16248,16248,1
2021-05-18 15:17:29.724,16247,16248,16248,1
2021-05-18 15:17:29.732,16247,16248,16247,1
2021-05-18 15:17:29.946,16247,16249,16249,2
2021-05-18 15:17:30.163,16248,16249,16248,1
2021-05-18 15:17:32.496,16248,16249,16249,1
2021-05-18 15:17:32.799,16248,16249,16249,1
2021-05-18 15:17:32.847,16248,16249,16249,2
2021-05-18 15:17:33.016,16248,16249,16249,1
2021-05-18 15:17:33.414,16249,16250,16249,1
2021-05-18 15:17:33.460,16248,16249,16249,1
2021-05-18 15:17:33.532,16248,16249,16248,5
2021-05-18 15:17:33.533,16248,16249,16247,5
2021-05-18 15:17:33.653,16246,16247,16247,3
2021-05-18 15:17:34.241,16246,16248,16248,2
2021-05-18 15:17:34.241,16246,16248,16249,8
2021-05-18 15:17:34.359,16247,16249,16247,1
2021-05-18 15:17:35.807,16248,16249,16248,1
2021-05-18 15:17:35.832,16248,16249,16248,1
2021-05-18 15:17:36.123,16248,16249,16248,1
2021-05-18 15:17:36.942,16247,16248,16248,1
2021-05-18 15:17:38.189,16247,16248,16247,1
2021-05-18 15:17:38.571,16246,16248,16248,2
2021-05-18 15:17:39.233,16248,16249,16248,1
2021-05-18 15:17:39.798,16246,16248,16248,1
2021-05-18 15:17:41.832,16247,16248,16247,1
2021-05-18 15:17:42.165,16246,16248,16248,3
2021-05-18 15:17:42.777,16246,16249,16249,1
2021-05-18 15:17:43.086,16246,16248,16248,5
2021-05-18 15:17:43.087,16246,16248,16248,3
2021-05-18 15:17:43.621,16246,16247,16247,1
2021-05-18 15:17:43.639,16246,16247,16248,1
2021-05-18 15:17:43.821,16246,16249,16249,1
2021-05-18 15:17:44.780,16248,16249,16248,2
