2019-05-06 15:00:00.025,10849,10850,10849,65,-65
2019-05-06 15:00:00.115,10848,10850,10848,2,-2
2019-05-06 15:00:00.276,10848,10850,10849,1,1
2019-05-06 15:00:00.651,10848,10850,10848,2,-2
2019-05-06 15:00:00.701,10848,10849,10848,6,-6
2019-05-06 15:00:00.792,10848,10849,10848,1,-1
2019-05-06 15:00:00.825,10848,10849,10848,1,-1
2019-05-06 15:00:00.894,10848,10849,10847,2,-2
2019-05-06 15:00:00.894,10848,10849,10848,2,2
2019-05-06 15:00:00.894,10848,10849,10849,1,1
2019-05-06 15:00:00.923,10846,10848,10848,3,3
2019-05-06 15:00:01.167,10846,10847,10847,1,1
2019-05-06 15:00:01.226,10846,10847,10846,1,-1
2019-05-06 15:00:01.237,10846,10847,10846,1,-1
2019-05-06 15:00:01.258,10846,10847,10846,1,-1
2019-05-06 15:00:01.271,10846,10847,10848,1,1
2019-05-06 15:00:01.288,10846,10847,10848,1,1
2019-05-06 15:00:01.292,10846,10848,10848,6,6
2019-05-06 15:00:01.408,10846,10848,10847,1,-1
2019-05-06 15:00:01.458,10847,10849,10847,1,-1
2019-05-06 15:00:01.471,10847,10849,10847,1,-1
2019-05-06 15:00:01.486,10847,10849,10847,1,-1
2019-05-06 15:00:01.509,10847,10849,10848,1,1
2019-05-06 15:00:01.539,10847,10849,10848,1,-1
2019-05-06 15:00:01.542,10848,10849,10849,13,13
2019-05-06 15:00:01.565,10848,10849,10848,1,-1
2019-05-06 15:00:01.667,10848,10849,10849,2,2
2019-05-06 15:00:02.042,10849,10850,10850,4,4
2019-05-06 15:00:02.042,10849,10850,10850,1,1
2019-05-06 15:00:02.045,10849,10850,10850,4,4
2019-05-06 15:00:02.167,10849,10850,10850,2,2
2019-05-06 15:00:02.543,10850,10851,10851,2,2
2019-05-06 15:00:02.597,10850,10851,10851,1,1
2019-05-06 15:00:02.612,10850,10851,10851,1,1
2019-05-06 15:00:02.613,10850,10851,10851,4,4
2019-05-06 15:00:03.082,10849,10850,10850,1,1
2019-05-06 15:00:03.100,10849,10850,10850,1,1
2019-05-06 15:00:03.713,10849,10850,10850,1,1
2019-05-06 15:00:04.104,10849,10850,10850,1,1
2019-05-06 15:00:04.471,10849,10850,10849,1,-1
2019-05-06 15:00:04.577,10849,10850,10850,1,1
2019-05-06 15:00:04.795,10849,10850,10849,1,-1
2019-05-06 15:00:04.827,10849,10850,10849,1,-1
2019-05-06 15:00:05.945,10849,10850,10849,1,-1
2019-05-06 15:00:05.954,10849,10850,10849,1,-1
2019-05-06 15:00:05.990,10849,10850,10849,1,-1
2019-05-06 15:00:06.000,10849,10850,10849,1,-1
2019-05-06 15:00:06.018,10849,10850,10849,1,-1
2019-05-06 15:00:06.032,10849,10850,10849,1,-1
2019-05-06 15:00:06.063,10849,10850,10849,1,-1
2019-05-06 15:00:06.075,10849,10850,10849,1,-1
2019-05-06 15:00:06.546,10849,10850,10849,1,-1
2019-05-06 15:00:06.602,10849,10850,10849,3,-3
2019-05-06 15:00:06.902,10849,10850,10849,1,-1
2019-05-06 15:00:07.076,10849,10850,10849,2,-2
2019-05-06 15:00:07.917,10848,10849,10848,1,-1
2019-05-06 15:00:08.088,10847,10848,10847,1,-1
2019-05-06 15:00:09.094,10847,10848,10848,1,1
2019-05-06 15:00:09.172,10847,10848,10848,2,2
2019-05-06 15:00:10.211,10847,10849,10847,1,-1
2019-05-06 15:00:10.913,10847,10849,10848,3,3
2019-05-06 15:00:11.178,10847,10848,10848,3,3
2019-05-06 15:00:11.181,10847,10848,10847,1,-1
2019-05-06 15:00:12.143,10847,10848,10847,1,-1
2019-05-06 15:00:12.615,10847,10848,10848,5,5
2019-05-06 15:00:12.923,10847,10848,10848,9,9
2019-05-06 15:00:14.971,10847,10848,10847,1,-1
2019-05-06 15:00:15.753,10847,10848,10848,1,1
2019-05-06 15:00:16.065,10847,10848,10847,1,-1
2019-05-06 15:00:17.804,10847,10848,10848,1,1
2019-05-06 15:00:18.137,10847,10848,10848,1,1
2019-05-06 15:00:18.182,10847,10849,10849,1,1
2019-05-06 15:00:18.542,10848,10849,10849,4,4
2019-05-06 15:00:18.799,10848,10849,10848,1,-1
2019-05-06 15:00:18.917,10848,10849,10849,4,4
2019-05-06 15:00:19.186,10848,10849,10849,5,5
2019-05-06 15:00:19.292,10848,10849,10849,1,1
2019-05-06 15:00:19.292,10848,10849,10849,1,1
2019-05-06 15:00:19.427,10849,10850,10849,1,-1
2019-05-06 15:00:19.917,10849,10850,10850,1,1
2019-05-06 15:00:20.581,10850,10851,10850,1,-1
2019-05-06 15:00:20.694,10850,10851,10851,6,6
2019-05-06 15:00:21.001,10851,10852,10851,1,-1
2019-05-06 15:00:21.174,10851,10852,10851,2,-2
2019-05-06 15:00:21.303,10851,10852,10852,1,1
2019-05-06 15:00:22.417,10851,10852,10852,5,5
2019-05-06 15:00:26.015,10852,10853,10852,1,-1
2019-05-06 15:00:27.517,10852,10853,10853,1,1
2019-05-06 15:00:28.145,10852,10853,10852,2,-2
2019-05-06 15:00:29.849,10852,10853,10852,1,-1
2019-05-06 15:00:30.210,10852,10853,10853,1,1
2019-05-06 15:00:30.671,10852,10853,10852,1,-1
2019-05-06 15:00:31.209,10852,10853,10852,11,-11
2019-05-06 15:00:31.209,10852,10853,10851,19,-19
2019-05-06 15:00:31.417,10851,10852,10851,2,-2
2019-05-06 15:00:31.541,10851,10852,10851,1,-1
2019-05-06 15:00:32.671,10850,10851,10851,1,1
2019-05-06 15:00:35.834,10850,10851,10851,1,1
2019-05-06 15:00:36.921,10850,10851,10850,18,-18
2019-05-06 15:00:37.765,10849,10851,10851,1,1
2019-05-06 15:00:38.417,10849,10850,10850,2,2
2019-05-06 15:00:40.557,10849,10850,10850,3,3
2019-05-06 15:00:40.667,10849,10850,10850,2,2
2019-05-06 15:00:40.667,10849,10850,10850,1,1
2019-05-06 15:00:44.147,10850,10851,10850,1,-1
2019-05-06 15:00:45.552,10850,10851,10850,1,-1
2019-05-06 15:00:45.903,10850,10851,10850,1,-1
2019-05-06 15:00:47.112,10849,10850,10849,4,-4
2019-05-06 15:00:48.784,10849,10850,10849,5,-5
2019-05-06 15:00:48.986,10849,10850,10849,1,-1
2019-05-06 15:00:49.152,10849,10850,10849,1,-1
2019-05-06 15:00:50.665,10849,10850,10849,5,-5
2019-05-06 15:00:50.811,10849,10850,10849,1,-1
2019-05-06 15:00:51.511,10848,10849,10848,1,-1
2019-05-06 15:00:51.992,10848,10849,10849,1,1
2019-05-06 15:00:52.570,10848,10849,10848,5,-5
2019-05-06 15:00:52.759,10848,10849,10848,1,-1
2019-05-06 15:00:53.394,10848,10849,10848,1,-1
2019-05-06 15:00:59.014,10848,10849,10849,1,1
2019-05-06 15:01:00.858,10848,10849,10848,1,-1
2019-05-06 15:01:01.648,10848,10849,10849,1,1
2019-05-06 15:01:02.850,10848,10849,10849,7,7
2019-05-06 15:01:03.057,10848,10849,10848,1,-1
2019-05-06 15:01:05.147,10848,10849,10848,1,-1
2019-05-06 15:01:05.675,10848,10849,10848,1,-1
2019-05-06 15:01:06.117,10848,10849,10848,1,-1
2019-05-06 15:01:06.841,10848,10849,10848,1,-1
2019-05-06 15:01:07.545,10848,10849,10848,1,-1
2019-05-06 15:01:07.940,10848,10849,10848,1,-1
2019-05-06 15:01:07.949,10848,10849,10848,2,-2
2019-05-06 15:01:08.930,10848,10849,10848,1,-1
2019-05-06 15:01:09.838,10848,10849,10849,1,1
2019-05-06 15:01:09.848,10848,10849,10848,1,-1
2019-05-06 15:01:11.211,10848,10849,10849,7,7
2019-05-06 15:01:12.412,10849,10850,10850,1,1
2019-05-06 15:01:13.406,10849,10850,10849,1,-1
2019-05-06 15:01:13.616,10849,10850,10850,1,1
2019-05-06 15:01:14.211,10849,10850,10850,1,1
2019-05-06 15:01:17.721,10849,10850,10850,1,1
2019-05-06 15:01:17.771,10849,10850,10850,1,1
2019-05-06 15:01:19.405,10849,10850,10850,1,1
2019-05-06 15:01:19.701,10849,10850,10850,1,1
2019-05-06 15:01:20.655,10849,10850,10850,3,3
2019-05-06 15:01:20.656,10849,10850,10850,7,7
2019-05-06 15:01:20.656,10849,10850,10850,1,1
2019-05-06 15:01:20.656,10849,10850,10850,1,1
2019-05-06 15:01:20.656,10849,10850,10850,2,2
2019-05-06 15:01:20.656,10849,10850,10850,3,3
2019-05-06 15:01:20.657,10849,10850,10850,9,9
2019-05-06 15:01:20.657,10849,10850,10850,1,1
2019-05-06 15:01:20.657,10849,10850,10850,2,2
2019-05-06 15:01:22.535,10850,10851,10850,2,-2
2019-05-06 15:01:23.459,10850,10851,10850,1,-1
2019-05-06 15:01:24.444,10850,10851,10851,5,5
2019-05-06 15:01:25.829,10851,10852,10852,1,1
2019-05-06 15:01:25.938,10851,10852,10852,1,1
2019-05-06 15:01:26.243,10851,10852,10851,1,-1
2019-05-06 15:01:27.006,10851,10852,10852,1,1
2019-05-06 15:01:27.330,10851,10852,10851,9,-9
2019-05-06 15:01:27.871,10850,10851,10851,1,1
2019-05-06 15:01:28.546,10851,10852,10852,1,1
2019-05-06 15:01:29.548,10851,10852,10852,1,1
2019-05-06 15:01:31.231,10851,10852,10851,3,-3
2019-05-06 15:01:33.005,10851,10852,10852,2,2
2019-05-06 15:01:33.594,10851,10852,10852,6,6
2019-05-06 15:01:33.822,10851,10852,10852,6,6
2019-05-06 15:01:34.050,10852,10853,10852,1,-1
2019-05-06 15:01:34.222,10852,10853,10852,1,-1
2019-05-06 15:01:34.655,10852,10853,10852,1,-1
2019-05-06 15:01:34.698,10852,10853,10853,3,3
2019-05-06 15:01:35.507,10852,10853,10852,5,-5
2019-05-06 15:01:38.910,10852,10853,10852,1,-1
2019-05-06 15:01:38.953,10852,10853,10852,1,-1
2019-05-06 15:01:39.447,10852,10853,10852,5,-5
2019-05-06 15:01:42.409,10851,10852,10851,1,-1
2019-05-06 15:01:44.039,10851,10852,10851,17,-17
2019-05-06 15:01:45.247,10850,10851,10850,7,-7
2019-05-06 15:01:45.248,10850,10851,10850,1,-1
2019-05-06 15:01:45.249,10850,10851,10850,8,-8
2019-05-06 15:01:45.458,10849,10850,10850,1,1
2019-05-06 15:01:46.543,10849,10850,10849,1,-1
2019-05-06 15:01:48.904,10849,10850,10850,1,1
2019-05-06 15:01:55.875,10849,10850,10849,1,-1
2019-05-06 15:01:55.952,10849,10850,10849,6,-6
2019-05-06 15:01:58.854,10848,10849,10849,1,1
2019-05-06 15:01:58.913,10848,10849,10848,1,-1
2019-05-06 15:01:59.174,10848,10849,10848,1,-1
2019-05-06 15:01:59.262,10848,10849,10849,1,1
2019-05-06 15:02:00.198,10848,10849,10848,6,-6
2019-05-06 15:02:00.292,10848,10849,10848,7,-7
2019-05-06 15:02:01.600,10847,10848,10848,1,1
2019-05-06 15:02:01.634,10847,10848,10848,1,1
2019-05-06 15:02:01.832,10847,10848,10847,5,-5
2019-05-06 15:02:02.499,10847,10848,10847,1,-1
2019-05-06 15:02:02.953,10847,10848,10848,3,3
2019-05-06 15:02:06.205,10847,10848,10847,1,-1
2019-05-06 15:02:10.106,10847,10848,10847,11,-11
2019-05-06 15:02:11.195,10847,10848,10847,1,-1
2019-05-06 15:02:11.744,10847,10848,10848,1,1
2019-05-06 15:02:11.972,10847,10848,10847,1,-1
2019-05-06 15:02:14.873,10847,10848,10847,1,-1
2019-05-06 15:02:15.030,10847,10848,10847,1,-1
2019-05-06 15:02:15.224,10847,10848,10848,1,1
2019-05-06 15:02:16.148,10847,10848,10847,2,-2
2019-05-06 15:02:16.824,10847,10848,10848,1,1
2019-05-06 15:02:16.929,10847,10848,10848,1,1
2019-05-06 15:02:17.262,10847,10848,10848,1,1
2019-05-06 15:02:18.042,10847,10848,10848,5,5
2019-05-06 15:02:18.147,10847,10848,10849,1,1
2019-05-06 15:02:20.648,10848,10849,10849,1,1
2019-05-06 15:02:20.917,10848,10849,10849,2,2
2019-05-06 15:02:25.014,10848,10849,10849,1,1
2019-05-06 15:02:25.520,10849,10850,10849,3,-3
2019-05-06 15:02:25.751,10849,10850,10849,1,-1
2019-05-06 15:02:27.917,10849,10850,10849,1,-1
2019-05-06 15:02:28.603,10848,10849,10848,1,-1
2019-05-06 15:02:30.002,10847,10848,10848,1,1
2019-05-06 15:02:30.560,10847,10848,10848,1,1
2019-05-06 15:02:33.485,10847,10848,10848,1,1
2019-05-06 15:02:34.819,10847,10848,10847,1,-1
2019-05-06 15:02:36.597,10847,10848,10848,1,1
2019-05-06 15:02:37.275,10847,10848,10848,1,1
2019-05-06 15:02:38.416,10847,10848,10848,2,2
2019-05-06 15:02:41.927,10847,10848,10847,1,-1
2019-05-06 15:02:42.376,10847,10848,10848,3,3
2019-05-06 15:02:51.234,10848,10849,10848,8,-8
2019-05-06 15:02:51.234,10848,10849,10848,2,-2
2019-05-06 15:02:56.659,10847,10848,10848,3,3
2019-05-06 15:02:57.444,10847,10848,10847,39,-39
2019-05-06 15:02:57.792,10846,10847,10846,10,-10
2019-05-06 15:02:57.899,10846,10847,10847,1,1
2019-05-06 15:02:58.393,10845,10846,10846,1,1
2019-05-06 15:02:58.859,10845,10846,10846,1,1
2019-05-06 15:03:01.035,10845,10846,10845,1,-1
2019-05-06 15:03:01.111,10845,10846,10845,1,-1
2019-05-06 15:03:01.471,10845,10846,10846,1,1
2019-05-06 15:03:01.476,10845,10846,10845,1,-1
2019-05-06 15:03:03.077,10845,10846,10846,3,3
2019-05-06 15:03:03.342,10845,10846,10845,1,-1
2019-05-06 15:03:05.131,10845,10847,10845,1,-1
2019-05-06 15:03:05.191,10845,10847,10847,1,1
2019-05-06 15:03:10.568,10845,10846,10846,1,1
2019-05-06 15:03:11.993,10846,10847,10846,1,-1
2019-05-06 15:03:12.201,10846,10847,10846,2,-2
2019-05-06 15:03:12.236,10846,10847,10847,1,1
2019-05-06 15:03:12.734,10846,10847,10847,5,5
2019-05-06 15:03:15.411,10846,10847,10846,4,-4
2019-05-06 15:03:17.201,10846,10847,10847,1,1
2019-05-06 15:03:17.710,10847,10848,10848,1,1
2019-05-06 15:03:19.097,10847,10848,10847,1,-1
2019-05-06 15:03:20.682,10847,10848,10847,1,-1
2019-05-06 15:03:22.734,10847,10848,10847,1,-1
2019-05-06 15:03:25.705,10847,10848,10847,1,-1
2019-05-06 15:03:26.818,10847,10848,10848,1,1
2019-05-06 15:03:27.667,10847,10848,10847,2,-2
2019-05-06 15:03:29.738,10846,10847,10847,3,3
2019-05-06 15:03:31.078,10846,10847,10847,1,1
2019-05-06 15:03:32.166,10846,10847,10846,8,-8
2019-05-06 15:03:36.709,10846,10847,10846,1,-1
2019-05-06 15:03:36.905,10846,10847,10846,2,-2
2019-05-06 15:03:37.124,10846,10847,10846,1,-1
2019-05-06 15:03:37.291,10846,10847,10847,2,2
2019-05-06 15:03:42.771,10846,10847,10847,2,2
2019-05-06 15:03:42.771,10846,10847,10848,1,1
2019-05-06 15:03:49.580,10846,10847,10847,1,1
2019-05-06 15:03:56.150,10847,10848,10848,1,1
2019-05-06 15:03:59.133,10847,10848,10847,1,-1
2019-05-06 15:04:02.173,10847,10848,10848,6,6
2019-05-06 15:04:02.630,10847,10848,10847,1,-1
2019-05-06 15:04:04.018,10847,10848,10847,1,-1
2019-05-06 15:04:05.482,10847,10848,10848,1,1
2019-05-06 15:04:08.037,10847,10848,10848,6,6
2019-05-06 15:04:08.042,10847,10848,10848,17,17
2019-05-06 15:04:08.042,10847,10848,10848,2,2
2019-05-06 15:04:08.167,10847,10848,10848,11,11
2019-05-06 15:04:08.167,10847,10848,10848,3,3
2019-05-06 15:04:08.167,10847,10848,10848,2,2
2019-05-06 15:04:08.167,10847,10848,10848,1,1
2019-05-06 15:04:08.167,10847,10848,10848,1,1
2019-05-06 15:04:08.167,10847,10848,10848,2,2
2019-05-06 15:04:09.417,10848,10849,10848,1,-1
2019-05-06 15:04:13.450,10848,10849,10848,2,-2
2019-05-06 15:04:13.451,10848,10849,10848,1,-1
2019-05-06 15:04:15.310,10847,10848,10847,6,-6
2019-05-06 15:04:15.340,10847,10848,10847,2,-2
2019-05-06 15:04:15.340,10847,10848,10847,4,-4
2019-05-06 15:04:15.417,10847,10848,10847,4,-4
2019-05-06 15:04:15.417,10847,10848,10847,1,-1
2019-05-06 15:04:20.566,10846,10847,10846,2,-2
2019-05-06 15:04:21.484,10846,10847,10846,1,-1
2019-05-06 15:04:22.213,10846,10847,10846,1,-1
2019-05-06 15:04:22.819,10846,10847,10846,1,-1
2019-05-06 15:04:23.500,10846,10847,10846,1,-1
2019-05-06 15:04:25.213,10846,10847,10846,1,-1
2019-05-06 15:04:25.467,10846,10847,10847,1,1
2019-05-06 15:04:30.678,10846,10847,10846,1,-1
2019-05-06 15:04:30.792,10846,10847,10846,11,-11
2019-05-06 15:04:32.075,10845,10846,10845,2,-2
2019-05-06 15:04:32.078,10845,10846,10845,2,-2
2019-05-06 15:04:32.078,10845,10846,10845,1,-1
2019-05-06 15:04:32.115,10845,10846,10845,2,-2
2019-05-06 15:04:32.115,10845,10846,10845,2,-2
2019-05-06 15:04:32.167,10845,10846,10845,3,-3
2019-05-06 15:04:32.269,10845,10846,10845,1,-1
2019-05-06 15:04:33.345,10844,10845,10845,2,2
2019-05-06 15:04:33.542,10844,10845,10845,1,1
2019-05-06 15:04:36.463,10844,10845,10845,1,1
2019-05-06 15:04:36.588,10844,10845,10845,2,2
2019-05-06 15:04:37.387,10844,10845,10845,1,1
2019-05-06 15:04:39.472,10844,10845,10844,1,-1
2019-05-06 15:04:39.579,10844,10845,10844,1,-1
2019-05-06 15:04:39.635,10844,10845,10845,1,1
2019-05-06 15:04:39.638,10844,10845,10845,1,1
2019-05-06 15:04:44.300,10844,10845,10845,1,1
2019-05-06 15:04:44.917,10844,10845,10845,12,12
2019-05-06 15:04:45.042,10844,10845,10845,4,4
2019-05-06 15:04:45.167,10844,10845,10845,2,2
2019-05-06 15:04:49.836,10845,10846,10845,3,-3
2019-05-06 15:04:51.752,10845,10846,10845,2,-2
2019-05-06 15:04:53.381,10845,10846,10845,1,-1
2019-05-06 15:04:53.417,10845,10846,10845,1,-1
2019-05-06 15:04:53.542,10845,10846,10845,1,-1
2019-05-06 15:04:53.740,10845,10846,10846,3,3
2019-05-06 15:04:54.127,10845,10846,10845,1,-1
2019-05-06 15:04:54.776,10845,10846,10845,2,-2
2019-05-06 15:04:54.792,10845,10846,10845,2,-2
2019-05-06 15:04:56.384,10844,10845,10845,5,5
2019-05-06 15:04:58.023,10844,10845,10844,2,-2
2019-05-06 15:04:58.042,10844,10845,10844,2,-2
2019-05-06 15:04:59.465,10844,10845,10844,1,-1
2019-05-06 15:05:00.769,10844,10845,10845,1,1
2019-05-06 15:05:05.394,10844,10845,10845,1,1
2019-05-06 15:05:05.527,10844,10845,10845,1,1
2019-05-06 15:05:06.004,10844,10845,10844,2,-2
2019-05-06 15:05:10.388,10844,10845,10844,2,-2
2019-05-06 15:05:10.680,10844,10845,10844,1,-1
2019-05-06 15:05:10.692,10844,10845,10844,1,-1
2019-05-06 15:05:18.307,10844,10845,10844,1,-1
2019-05-06 15:05:18.393,10844,10845,10845,1,1
2019-05-06 15:05:18.754,10844,10845,10845,7,7
2019-05-06 15:05:19.786,10844,10845,10845,5,5
2019-05-06 15:05:23.105,10844,10845,10844,1,-1
2019-05-06 15:05:23.107,10844,10845,10845,1,1
2019-05-06 15:05:23.234,10844,10845,10845,1,1
2019-05-06 15:05:25.982,10844,10845,10845,1,1
2019-05-06 15:05:26.166,10844,10845,10845,4,4
2019-05-06 15:05:26.473,10844,10845,10845,1,1
2019-05-06 15:05:26.655,10844,10845,10844,2,-2
2019-05-06 15:05:33.041,10844,10845,10844,1,-1
2019-05-06 15:05:34.706,10844,10845,10844,1,-1
2019-05-06 15:05:35.555,10844,10845,10845,2,2
2019-05-06 15:05:35.894,10844,10845,10844,4,-4
2019-05-06 15:05:41.013,10844,10845,10844,1,-1
2019-05-06 15:05:41.417,10844,10845,10844,2,-2
2019-05-06 15:05:41.828,10844,10845,10845,1,1
2019-05-06 15:05:42.690,10844,10845,10844,12,-12
2019-05-06 15:05:42.792,10844,10845,10844,16,-16
2019-05-06 15:05:43.327,10843,10844,10844,1,1
2019-05-06 15:05:43.667,10843,10844,10844,2,2
2019-05-06 15:05:43.816,10843,10844,10844,1,1
2019-05-06 15:05:46.915,10843,10844,10843,1,-1
2019-05-06 15:05:47.354,10843,10844,10843,2,-2
2019-05-06 15:05:47.360,10843,10844,10843,9,-9
2019-05-06 15:05:48.004,10843,10844,10843,3,-3
2019-05-06 15:05:50.893,10842,10843,10842,1,-1
2019-05-06 15:05:51.114,10842,10843,10842,1,-1
2019-05-06 15:05:52.425,10842,10843,10842,1,-1
2019-05-06 15:05:54.580,10842,10843,10842,3,-3
2019-05-06 15:05:55.595,10842,10843,10842,1,-1
2019-05-06 15:05:55.928,10842,10843,10843,1,1
2019-05-06 15:05:56.780,10842,10843,10843,2,2
2019-05-06 15:05:58.537,10843,10844,10843,1,-1
2019-05-06 15:06:01.299,10843,10844,10843,1,-1
2019-05-06 15:06:02.359,10843,10844,10843,1,-1
2019-05-06 15:06:02.388,10843,10844,10844,4,4
2019-05-06 15:06:05.356,10842,10843,10842,25,-25
2019-05-06 15:06:05.440,10841,10843,10842,1,-1
2019-05-06 15:06:07.817,10841,10842,10841,3,-3
2019-05-06 15:06:08.329,10841,10842,10841,1,-1
2019-05-06 15:06:10.586,10841,10842,10842,2,2
2019-05-06 15:06:11.599,10841,10842,10842,1,1
2019-05-06 15:06:11.814,10841,10843,10843,1,1
2019-05-06 15:06:14.308,10841,10842,10841,1,-1
2019-05-06 15:06:15.994,10841,10842,10841,6,-6
2019-05-06 15:06:19.084,10841,10842,10841,1,-1
2019-05-06 15:06:20.206,10841,10842,10841,2,-2
2019-05-06 15:06:20.412,10841,10842,10842,1,1
2019-05-06 15:06:20.622,10841,10842,10841,1,-1
2019-05-06 15:06:20.864,10841,10842,10841,1,-1
2019-05-06 15:06:21.080,10841,10842,10841,1,-1
2019-05-06 15:06:21.161,10841,10842,10841,1,-1
2019-05-06 15:06:21.306,10841,10842,10842,2,2
2019-05-06 15:06:22.156,10842,10843,10842,1,-1
2019-05-06 15:06:23.796,10842,10843,10843,2,2
2019-05-06 15:06:25.369,10842,10843,10843,2,2
2019-05-06 15:06:25.369,10842,10843,10844,28,28
2019-05-06 15:06:26.603,10843,10844,10843,1,-1
2019-05-06 15:06:27.282,10843,10844,10844,2,2
2019-05-06 15:06:28.157,10843,10844,10843,1,-1
2019-05-06 15:06:28.229,10843,10844,10844,3,3
2019-05-06 15:06:28.927,10844,10845,10844,2,-2
2019-05-06 15:06:29.163,10843,10845,10843,2,-2
2019-05-06 15:06:29.638,10843,10844,10844,1,1
2019-05-06 15:06:30.697,10843,10844,10843,1,-1
2019-05-06 15:06:37.292,10843,10844,10843,3,-3
2019-05-06 15:06:37.417,10843,10844,10843,4,-4
2019-05-06 15:06:37.945,10842,10843,10843,1,1
2019-05-06 15:06:38.688,10842,10843,10842,1,-1
2019-05-06 15:06:41.449,10842,10843,10843,1,1
2019-05-06 15:06:42.457,10842,10843,10842,6,-6
2019-05-06 15:06:42.622,10842,10843,10842,3,-3
2019-05-06 15:06:50.008,10841,10842,10842,4,4
2019-05-06 15:06:50.292,10842,10843,10842,1,-1
2019-05-06 15:06:51.201,10842,10843,10842,1,-1
2019-05-06 15:06:53.190,10842,10843,10843,6,6
2019-05-06 15:06:53.328,10843,10844,10843,1,-1
2019-05-06 15:06:58.066,10843,10844,10843,1,-1
2019-05-06 15:07:00.033,10843,10844,10843,18,-18
2019-05-06 15:07:00.525,10843,10844,10843,2,-2
2019-05-06 15:07:00.525,10843,10844,10842,2,-2
2019-05-06 15:07:04.002,10842,10843,10843,1,1
2019-05-06 15:07:04.002,10842,10843,10844,3,3
2019-05-06 15:07:04.293,10842,10843,10843,1,1
2019-05-06 15:07:04.392,10842,10843,10843,2,2
2019-05-06 15:07:04.637,10842,10843,10843,2,2
2019-05-06 15:07:08.596,10843,10844,10843,1,-1
2019-05-06 15:07:09.251,10843,10844,10843,11,-11
2019-05-06 15:07:09.507,10842,10843,10843,1,1
2019-05-06 15:07:09.796,10842,10843,10843,1,1
2019-05-06 15:07:12.725,10842,10843,10843,1,1
2019-05-06 15:07:13.755,10843,10844,10843,1,-1
2019-05-06 15:07:18.957,10842,10843,10843,1,1
2019-05-06 15:07:18.957,10842,10843,10844,1,1
2019-05-06 15:07:22.976,10843,10844,10843,2,-2
2019-05-06 15:07:23.440,10842,10843,10843,2,2
2019-05-06 15:07:26.000,10843,10844,10843,1,-1
2019-05-06 15:07:38.254,10842,10843,10843,10,10
2019-05-06 15:07:45.951,10843,10844,10843,1,-1
2019-05-06 15:07:46.631,10842,10843,10843,1,1
2019-05-06 15:07:50.847,10842,10843,10843,2,2
2019-05-06 15:07:51.462,10843,10844,10843,1,-1
2019-05-06 15:08:02.604,10843,10844,10844,5,5
2019-05-06 15:08:09.623,10843,10844,10843,3,-3
2019-05-06 15:08:10.981,10843,10844,10843,1,-1
2019-05-06 15:08:24.257,10843,10844,10843,1,-1
2019-05-06 15:08:25.680,10843,10844,10843,1,-1
2019-05-06 15:08:32.049,10843,10844,10843,1,-1
2019-05-06 15:08:33.413,10843,10844,10844,1,1
2019-05-06 15:08:41.669,10843,10844,10844,46,46
2019-05-06 15:08:46.778,10844,10845,10845,1,1
2019-05-06 15:08:47.321,10844,10845,10844,1,-1
2019-05-06 15:08:49.675,10844,10845,10845,1,1
2019-05-06 15:08:51.052,10844,10845,10845,1,1
2019-05-06 15:08:52.051,10844,10845,10845,1,1
2019-05-06 15:08:52.121,10844,10845,10845,1,1
2019-05-06 15:08:53.537,10844,10845,10844,1,-1
2019-05-06 15:09:02.464,10844,10845,10845,4,4
2019-05-06 15:09:02.533,10844,10845,10845,2,2
2019-05-06 15:09:02.737,10845,10846,10845,1,-1
2019-05-06 15:09:07.862,10845,10846,10845,1,-1
2019-05-06 15:09:08.557,10845,10846,10845,1,-1
2019-05-06 15:09:09.799,10845,10846,10845,1,-1
2019-05-06 15:09:09.838,10845,10846,10846,1,1
2019-05-06 15:09:13.402,10845,10846,10845,1,-1
2019-05-06 15:09:14.419,10845,10846,10845,1,-1
2019-05-06 15:09:14.803,10845,10846,10845,1,-1
2019-05-06 15:09:15.209,10845,10846,10845,1,-1
2019-05-06 15:09:20.795,10845,10846,10845,1,-1
2019-05-06 15:09:24.655,10845,10846,10845,1,-1
2019-05-06 15:09:29.231,10845,10846,10845,2,-2
2019-05-06 15:09:32.449,10845,10846,10845,2,-2
2019-05-06 15:09:34.593,10845,10846,10845,1,-1
2019-05-06 15:09:44.662,10845,10846,10845,1,-1
2019-05-06 15:09:45.671,10845,10846,10845,2,-2
2019-05-06 15:09:55.337,10845,10846,10845,3,-3
2019-05-06 15:10:11.465,10845,10846,10846,2,2
2019-05-06 15:10:15.874,10845,10846,10846,1,1
2019-05-06 15:10:18.981,10845,10846,10845,17,-17
2019-05-06 15:10:18.981,10845,10846,10844,8,-8
2019-05-06 15:10:21.320,10844,10845,10845,1,1
2019-05-06 15:10:21.711,10844,10845,10845,2,2
2019-05-06 15:10:26.520,10844,10845,10845,1,1
2019-05-06 15:10:35.197,10844,10845,10845,4,4
2019-05-06 15:10:40.057,10844,10845,10845,1,1
2019-05-06 15:10:40.635,10844,10845,10845,3,3
2019-05-06 15:10:56.294,10845,10846,10846,9,9
2019-05-06 15:10:56.542,10845,10846,10846,3,3
2019-05-06 15:11:05.966,10846,10847,10846,2,-2
2019-05-06 15:11:08.459,10846,10847,10846,1,-1
2019-05-06 15:11:13.029,10846,10847,10846,2,-2
2019-05-06 15:11:18.756,10846,10847,10846,8,-8
2019-05-06 15:11:18.756,10846,10847,10845,18,-18
2019-05-06 15:11:22.583,10845,10846,10846,1,1
2019-05-06 15:11:24.225,10845,10846,10845,1,-1
2019-05-06 15:11:26.167,10845,10846,10845,2,-2
2019-05-06 15:11:31.028,10844,10846,10846,1,1
2019-05-06 15:11:32.026,10844,10846,10846,1,1
2019-05-06 15:11:35.109,10844,10845,10845,1,1
2019-05-06 15:11:36.062,10844,10845,10845,4,4
2019-05-06 15:11:43.994,10844,10845,10845,1,1
2019-05-06 15:11:51.613,10844,10846,10844,1,-1
2019-05-06 15:11:54.695,10844,10846,10844,1,-1
2019-05-06 15:12:13.473,10844,10845,10845,4,4
2019-05-06 15:12:13.969,10845,10846,10845,1,-1
2019-05-06 15:12:14.331,10845,10846,10846,4,4
2019-05-06 15:12:20.955,10845,10846,10845,2,-2
2019-05-06 15:12:20.955,10845,10846,10844,11,-11
2019-05-06 15:12:31.719,10844,10846,10844,1,-1
2019-05-06 15:12:32.312,10844,10846,10844,1,-1
2019-05-06 15:12:35.985,10845,10846,10845,1,1
2019-05-06 15:12:39.444,10845,10846,10846,1,1
2019-05-06 15:12:41.120,10845,10846,10845,1,-1
2019-05-06 15:12:43.087,10845,10846,10845,1,-1
2019-05-06 15:12:44.468,10845,10846,10846,1,1
2019-05-06 15:12:46.417,10845,10846,10846,21,21
2019-05-06 15:12:46.542,10845,10846,10846,11,11
2019-05-06 15:12:46.542,10845,10846,10846,8,8
2019-05-06 15:13:03.199,10846,10847,10847,10,10
2019-05-06 15:13:03.317,10846,10847,10847,1,1
2019-05-06 15:13:03.444,10846,10847,10847,4,4
2019-05-06 15:13:14.562,10846,10847,10846,1,-1
2019-05-06 15:13:15.976,10846,10847,10846,1,-1
2019-05-06 15:13:20.050,10846,10847,10846,1,-1
2019-05-06 15:13:20.603,10846,10847,10846,7,-7
2019-05-06 15:13:20.603,10846,10847,10845,16,-16
2019-05-06 15:13:46.792,10846,10847,10847,2,2
2019-05-06 15:13:46.792,10846,10847,10847,9,9
2019-05-06 15:13:46.792,10846,10847,10847,4,4
2019-05-06 15:13:46.792,10846,10847,10847,2,2
2019-05-06 15:13:46.917,10846,10847,10847,4,4
2019-05-06 15:13:46.917,10846,10847,10847,2,2
2019-05-06 15:14:02.251,10846,10847,10847,3,3
2019-05-06 15:14:04.880,10846,10847,10847,1,1
2019-05-06 15:14:11.392,10846,10847,10846,4,-4
2019-05-06 15:14:15.589,10846,10847,10846,5,-5
2019-05-06 15:14:19.578,10846,10847,10846,1,-1
2019-05-06 15:14:23.099,10846,10847,10846,7,-7
2019-05-06 15:14:23.099,10846,10847,10845,17,-17
2019-05-06 15:14:42.900,10846,10847,10846,1,1
2019-05-06 15:14:54.091,10846,10847,10847,1,1
2019-05-06 15:14:55.694,10846,10847,10846,1,-1
2019-05-06 15:15:00.417,10846,10847,10846,1,-1
2019-05-06 15:15:01.163,10846,10847,10846,1,-1
2019-05-06 15:15:02.163,10846,10847,10846,1,-1
2019-05-06 15:15:02.359,10846,10847,10847,10,10
2019-05-06 15:15:02.603,10846,10847,10847,2,2
2019-05-06 15:15:10.947,10846,10847,10847,1,1
2019-05-06 15:15:20.991,10846,10847,10846,17,-17
2019-05-06 15:15:20.991,10846,10847,10845,7,-7
2019-05-06 15:15:30.236,10845,10846,10845,13,-13
2019-05-06 15:15:31.119,10844,10845,10845,1,1
2019-05-06 15:15:38.454,10844,10845,10845,1,1
2019-05-06 15:15:39.880,10844,10845,10845,1,1
2019-05-06 15:15:44.957,10844,10845,10845,12,12
2019-05-06 15:15:45.920,10845,10846,10845,1,-1
2019-05-06 15:15:51.602,10845,10846,10845,2,-2
2019-05-06 15:15:53.484,10845,10846,10846,1,1
2019-05-06 15:15:53.999,10845,10846,10846,1,1
2019-05-06 15:16:00.019,10846,10847,10846,1,-1
2019-05-06 15:16:00.260,10846,10847,10847,1,1
2019-05-06 15:16:01.298,10846,10847,10846,3,-3
2019-05-06 15:16:07.156,10846,10847,10847,1,1
2019-05-06 15:16:11.678,10846,10847,10846,1,-1
2019-05-06 15:16:13.732,10846,10847,10846,2,-2
2019-05-06 15:16:24.276,10846,10847,10846,2,-2
2019-05-06 15:16:28.253,10846,10847,10846,1,-1
2019-05-06 15:16:28.424,10846,10847,10846,1,-1
2019-05-06 15:16:40.981,10846,10847,10847,1,1
2019-05-06 15:16:43.274,10846,10847,10847,3,3
2019-05-06 15:16:53.633,10846,10847,10846,1,-1
2019-05-06 15:16:55.796,10846,10847,10847,1,1
2019-05-06 15:16:59.793,10846,10847,10846,2,-2
2019-05-06 15:17:08.738,10846,10847,10846,1,-1
2019-05-06 15:17:14.093,10846,10847,10847,1,1
2019-05-06 15:17:17.015,10846,10847,10846,2,-2
2019-05-06 15:17:23.479,10846,10847,10846,3,-3
2019-05-06 15:17:28.760,10845,10846,10846,2,2
2019-05-06 15:17:29.114,10845,10847,10847,7,7
2019-05-06 15:17:34.017,10845,10847,10845,3,-3
2019-05-06 15:17:37.253,10845,10847,10847,1,1
2019-05-06 15:17:47.679,10846,10847,10846,7,-7
2019-05-06 15:17:50.141,10846,10847,10847,1,1
2019-05-06 15:17:53.398,10846,10847,10847,1,1
2019-05-06 15:17:59.341,10846,10847,10847,1,1
2019-05-06 15:18:12.421,10846,10847,10846,7,-7
2019-05-06 15:18:18.703,10845,10846,10845,1,-1
2019-05-06 15:18:20.202,10845,10846,10845,2,-2
2019-05-06 15:18:22.519,10845,10846,10845,2,-2
2019-05-06 15:18:23.609,10845,10846,10845,1,-1
2019-05-06 15:18:28.714,10845,10846,10846,1,1
2019-05-06 15:18:39.474,10845,10846,10846,4,4
2019-05-06 15:18:40.467,10846,10847,10847,1,1
2019-05-06 15:18:40.489,10846,10847,10847,2,2
2019-05-06 15:18:40.708,10846,10847,10847,24,24
2019-05-06 15:18:40.792,10846,10847,10847,3,3
2019-05-06 15:18:41.609,10847,10848,10848,2,2
2019-05-06 15:18:41.667,10847,10848,10848,2,2
2019-05-06 15:18:41.667,10847,10848,10848,2,2
2019-05-06 15:18:41.667,10847,10848,10848,1,1
2019-05-06 15:18:41.667,10847,10848,10848,2,2
2019-05-06 15:18:41.667,10847,10848,10848,2,2
2019-05-06 15:18:41.685,10847,10848,10848,1,1
2019-05-06 15:18:45.413,10848,10849,10849,1,1
2019-05-06 15:18:46.012,10848,10849,10849,1,1
2019-05-06 15:18:46.541,10848,10849,10849,5,5
2019-05-06 15:18:47.045,10848,10849,10849,5,5
2019-05-06 15:18:47.103,10848,10849,10849,5,5
2019-05-06 15:18:49.614,10849,10850,10849,1,-1
2019-05-06 15:18:51.157,10849,10850,10850,1,1
2019-05-06 15:18:53.297,10849,10850,10850,1,1
2019-05-06 15:18:54.924,10849,10850,10850,10,10
2019-05-06 15:18:55.001,10849,10850,10850,1,1
2019-05-06 15:18:56.753,10849,10850,10850,1,1
2019-05-06 15:18:56.997,10849,10850,10850,47,47
2019-05-06 15:18:57.855,10850,10851,10851,1,1
2019-05-06 15:18:58.355,10850,10851,10851,1,1
2019-05-06 15:18:58.725,10850,10851,10850,1,-1
2019-05-06 15:18:58.930,10850,10851,10851,1,1
2019-05-06 15:18:59.635,10850,10851,10851,1,1
2019-05-06 15:19:01.386,10850,10851,10851,3,3
2019-05-06 15:19:02.849,10850,10851,10851,10,10
2019-05-06 15:19:03.145,10850,10851,10851,2,2
2019-05-06 15:19:03.871,10850,10851,10851,2,2
2019-05-06 15:19:05.245,10850,10851,10850,4,-4
2019-05-06 15:19:05.292,10850,10851,10850,15,-15
2019-05-06 15:19:05.736,10849,10850,10849,4,-4
2019-05-06 15:19:05.929,10849,10850,10849,4,-4
2019-05-06 15:19:05.930,10849,10850,10849,2,-2
2019-05-06 15:19:06.513,10848,10849,10849,1,1
2019-05-06 15:19:08.195,10848,10849,10848,2,-2
2019-05-06 15:19:09.018,10848,10849,10849,5,5
2019-05-06 15:19:10.348,10848,10849,10849,1,1
2019-05-06 15:19:12.172,10849,10850,10849,1,-1
2019-05-06 15:19:16.215,10849,10850,10850,1,1
2019-05-06 15:19:16.987,10849,10850,10849,1,-1
2019-05-06 15:19:18.359,10849,10850,10849,1,-1
2019-05-06 15:19:20.591,10849,10850,10850,1,1
2019-05-06 15:19:24.903,10849,10850,10850,5,5
2019-05-06 15:19:25.937,10849,10850,10850,2,2
2019-05-06 15:19:25.938,10849,10850,10850,2,2
2019-05-06 15:19:29.138,10850,10851,10851,3,3
2019-05-06 15:19:29.138,10850,10851,10852,2,2
2019-05-06 15:19:30.429,10850,10851,10850,2,-2
2019-05-06 15:19:31.000,10850,10851,10851,2,2
2019-05-06 15:19:36.781,10851,10852,10851,8,-8
2019-05-06 15:19:38.337,10850,10851,10851,1,1
2019-05-06 15:19:38.522,10850,10851,10851,6,6
2019-05-06 15:19:40.318,10850,10851,10851,5,5
2019-05-06 15:19:42.414,10850,10851,10850,1,-1
2019-05-06 15:19:44.711,10850,10851,10850,1,-1
2019-05-06 15:19:47.487,10850,10851,10851,1,1
2019-05-06 15:19:50.488,10850,10852,10852,1,1
2019-05-06 15:19:52.608,10851,10852,10851,1,-1
2019-05-06 15:19:54.404,10851,10852,10851,1,-1
2019-05-06 15:19:54.676,10851,10852,10851,2,-2
2019-05-06 15:19:56.794,10851,10852,10852,3,3
2019-05-06 15:19:56.888,10851,10852,10851,1,-1
2019-05-06 15:19:56.917,10851,10852,10852,2,2
2019-05-06 15:19:56.991,10851,10852,10852,2,2
2019-05-06 15:19:57.667,10851,10852,10852,15,15
2019-05-06 15:19:57.792,10851,10852,10852,2,2
2019-05-06 15:19:57.792,10851,10852,10852,2,2
2019-05-06 15:19:57.917,10851,10852,10852,1,1
2019-05-06 15:19:57.917,10851,10852,10852,4,4
2019-05-06 15:19:58.501,10851,10852,10852,1,1
2019-05-06 15:19:58.502,10851,10852,10852,3,3
2019-05-06 15:19:58.504,10851,10852,10852,1,1
2019-05-06 15:19:58.504,10851,10852,10852,1,1
2019-05-06 15:19:58.504,10851,10852,10852,1,1
2019-05-06 15:19:58.504,10851,10852,10852,1,1
2019-05-06 15:19:58.504,10851,10852,10852,2,2
2019-05-06 15:19:58.504,10851,10852,10852,1,1
2019-05-06 15:19:58.504,10851,10852,10852,2,2
2019-05-06 15:20:02.949,10852,10853,10853,4,4
2019-05-06 15:20:03.027,10852,10853,10853,2,2
2019-05-06 15:20:03.067,10852,10853,10853,1,1
2019-05-06 15:20:04.213,10852,10853,10853,1,1
2019-05-06 15:20:04.416,10852,10853,10853,2,2
2019-05-06 15:20:04.416,10852,10853,10854,4,4
2019-05-06 15:20:05.148,10853,10854,10853,1,-1
2019-05-06 15:20:05.217,10853,10854,10854,1,1
2019-05-06 15:20:05.539,10853,10854,10854,5,5
2019-05-06 15:20:06.036,10853,10854,10854,5,5
2019-05-06 15:20:07.841,10853,10854,10854,1,1
2019-05-06 15:20:09.957,10853,10854,10854,19,19
2019-05-06 15:20:10.355,10854,10855,10854,2,-2
2019-05-06 15:20:11.243,10853,10855,10853,2,-2
2019-05-06 15:20:11.313,10853,10855,10855,1,1
2019-05-06 15:20:11.464,10854,10855,10855,1,1
2019-05-06 15:20:15.544,10854,10855,10855,2,2
2019-05-06 15:20:15.545,10854,10855,10855,2,2
2019-05-06 15:20:15.547,10854,10855,10855,2,2
2019-05-06 15:20:16.220,10854,10855,10855,2,2
2019-05-06 15:20:19.570,10854,10855,10855,25,25
2019-05-06 15:20:20.689,10855,10856,10855,2,-2
2019-05-06 15:20:23.449,10855,10856,10856,2,2
2019-05-06 15:20:23.931,10855,10856,10856,2,2
2019-05-06 15:20:24.770,10855,10856,10856,1,1
2019-05-06 15:20:25.335,10855,10856,10855,4,-4
2019-05-06 15:20:25.512,10855,10856,10855,1,-1
2019-05-06 15:20:27.633,10855,10856,10856,2,2
2019-05-06 15:20:28.880,10855,10856,10856,1,1
2019-05-06 15:20:30.488,10855,10856,10855,1,-1
2019-05-06 15:20:31.193,10855,10856,10856,4,4
2019-05-06 15:20:31.195,10855,10856,10856,7,7
2019-05-06 15:20:32.444,10856,10857,10857,1,1
2019-05-06 15:20:33.294,10856,10857,10856,1,-1
2019-05-06 15:20:34.175,10856,10857,10857,2,2
2019-05-06 15:20:38.560,10857,10858,10858,8,8
2019-05-06 15:20:40.690,10857,10858,10858,1,1
2019-05-06 15:20:41.459,10857,10859,10857,1,-1
2019-05-06 15:20:41.516,10857,10859,10857,1,-1
2019-05-06 15:20:42.109,10857,10859,10857,20,-20
2019-05-06 15:20:42.273,10857,10858,10858,1,1
2019-05-06 15:20:46.230,10857,10858,10858,2,2
2019-05-06 15:20:47.111,10857,10858,10857,3,-3
2019-05-06 15:20:48.259,10857,10858,10857,1,-1
2019-05-06 15:20:49.595,10858,10859,10858,1,1
2019-05-06 15:20:51.010,10857,10858,10858,2,2
2019-05-06 15:20:51.397,10857,10858,10858,1,1
2019-05-06 15:20:52.773,10857,10858,10858,1,1
2019-05-06 15:20:53.586,10857,10858,10858,1,1
2019-05-06 15:20:55.482,10857,10858,10857,1,-1
2019-05-06 15:20:57.292,10857,10858,10857,9,-9
2019-05-06 15:20:59.393,10856,10857,10856,2,-2
2019-05-06 15:21:00.765,10856,10857,10857,1,1
2019-05-06 15:21:01.568,10856,10857,10857,4,4
2019-05-06 15:21:02.026,10856,10857,10857,1,1
2019-05-06 15:21:02.417,10856,10857,10857,2,2
2019-05-06 15:21:08.292,10857,10858,10857,2,-2
2019-05-06 15:21:08.687,10857,10858,10857,1,-1
2019-05-06 15:21:08.906,10856,10857,10856,1,-1
2019-05-06 15:21:09.318,10856,10857,10857,4,4
2019-05-06 15:21:10.167,10856,10857,10856,2,-2
2019-05-06 15:21:10.757,10856,10857,10857,2,2
2019-05-06 15:21:12.169,10856,10857,10857,4,4
2019-05-06 15:21:12.169,10856,10857,10858,5,5
2019-05-06 15:21:12.960,10857,10858,10858,2,2
2019-05-06 15:21:12.960,10857,10858,10858,2,2
2019-05-06 15:21:12.961,10857,10858,10858,1,1
2019-05-06 15:21:12.961,10857,10858,10858,2,2
2019-05-06 15:21:13.019,10857,10858,10859,1,1
2019-05-06 15:21:13.042,10858,10859,10859,2,2
2019-05-06 15:21:13.048,10858,10859,10858,5,-5
2019-05-06 15:21:13.048,10858,10859,10859,2,2
2019-05-06 15:21:13.104,10858,10859,10859,1,1
2019-05-06 15:21:14.673,10858,10859,10859,2,2
2019-05-06 15:21:15.849,10859,10860,10860,2,2
2019-05-06 15:21:15.950,10859,10860,10860,1,1
2019-05-06 15:21:19.098,10859,10860,10860,2,2
2019-05-06 15:21:19.429,10859,10860,10860,4,4
2019-05-06 15:21:21.096,10859,10860,10860,8,8
2019-05-06 15:21:21.108,10859,10860,10860,1,1
2019-05-06 15:21:21.396,10859,10860,10860,1,1
2019-05-06 15:21:21.396,10859,10860,10860,2,2
2019-05-06 15:21:21.396,10859,10860,10860,3,3
2019-05-06 15:21:21.396,10859,10860,10860,1,1
2019-05-06 15:21:21.689,10860,10861,10860,1,-1
2019-05-06 15:21:22.606,10860,10861,10860,1,-1
2019-05-06 15:21:23.945,10860,10861,10860,1,-1
2019-05-06 15:21:24.192,10860,10861,10861,1,1
2019-05-06 15:21:24.348,10860,10861,10861,2,2
2019-05-06 15:21:24.558,10860,10861,10861,1,1
2019-05-06 15:21:24.719,10860,10861,10861,4,4
2019-05-06 15:21:29.002,10861,10862,10862,12,12
2019-05-06 15:21:29.029,10861,10862,10862,2,2
2019-05-06 15:21:29.949,10862,10863,10863,3,3
2019-05-06 15:21:29.971,10862,10863,10863,3,3
2019-05-06 15:21:29.986,10862,10863,10862,1,-1
2019-05-06 15:21:30.278,10862,10863,10862,1,-1
2019-05-06 15:21:31.795,10862,10863,10862,1,-1
2019-05-06 15:21:34.542,10862,10863,10862,1,-1
2019-05-06 15:21:34.543,10862,10863,10862,2,-2
2019-05-06 15:21:34.543,10862,10863,10862,2,-2
2019-05-06 15:21:34.543,10862,10863,10862,2,-2
2019-05-06 15:21:34.585,10862,10863,10862,1,-1
2019-05-06 15:21:35.299,10862,10863,10862,1,-1
2019-05-06 15:21:36.171,10862,10863,10861,1,-1
2019-05-06 15:21:39.965,10862,10863,10862,1,1
2019-05-06 15:21:40.132,10862,10863,10862,1,-1
2019-05-06 15:21:42.089,10862,10863,10862,1,-1
2019-05-06 15:21:44.294,10862,10863,10863,2,2
2019-05-06 15:21:44.387,10862,10863,10863,1,1
2019-05-06 15:21:45.404,10862,10863,10863,1,1
2019-05-06 15:21:47.787,10863,10864,10864,1,1
2019-05-06 15:21:47.911,10863,10864,10864,8,8
2019-05-06 15:21:50.310,10863,10864,10864,1,1
2019-05-06 15:21:50.728,10863,10865,10864,1,-1
2019-05-06 15:21:50.728,10863,10865,10865,3,3
2019-05-06 15:21:51.038,10863,10865,10865,1,1
2019-05-06 15:21:51.106,10863,10865,10865,1,1
2019-05-06 15:21:52.799,10864,10865,10865,1,1
2019-05-06 15:21:53.019,10864,10865,10864,1,-1
2019-05-06 15:21:53.082,10864,10865,10864,1,-1
2019-05-06 15:21:53.092,10864,10865,10864,3,-3
2019-05-06 15:21:53.124,10864,10865,10864,1,-1
2019-05-06 15:21:53.124,10864,10865,10864,3,-3
2019-05-06 15:21:53.125,10864,10865,10864,1,-1
2019-05-06 15:21:53.167,10864,10865,10864,5,-5
2019-05-06 15:21:53.210,10864,10865,10864,1,-1
2019-05-06 15:21:54.954,10863,10864,10864,1,1
2019-05-06 15:21:55.667,10863,10864,10863,11,-11
2019-05-06 15:21:56.080,10862,10863,10863,1,1
2019-05-06 15:21:57.720,10862,10863,10862,1,-1
2019-05-06 15:21:57.997,10862,10863,10862,1,-1
2019-05-06 15:21:58.320,10862,10863,10863,1,1
2019-05-06 15:21:58.767,10863,10864,10864,1,1
2019-05-06 15:21:58.908,10863,10864,10864,1,1
2019-05-06 15:21:58.908,10863,10864,10864,2,2
2019-05-06 15:21:58.908,10863,10864,10864,2,2
2019-05-06 15:21:58.955,10864,10865,10864,2,-2
2019-05-06 15:21:59.125,10864,10865,10865,1,1
2019-05-06 15:21:59.369,10864,10865,10865,3,3
2019-05-06 15:22:01.363,10864,10865,10864,1,-1
2019-05-06 15:22:02.042,10863,10864,10864,2,2
2019-05-06 15:22:02.054,10863,10864,10864,5,5
2019-05-06 15:22:02.054,10863,10864,10865,15,15
2019-05-06 15:22:02.055,10863,10864,10865,5,5
2019-05-06 15:22:02.058,10863,10864,10864,5,5
2019-05-06 15:22:02.064,10863,10864,10865,4,4
2019-05-06 15:22:03.166,10864,10865,10865,4,4
2019-05-06 15:22:03.520,10864,10866,10865,1,-1
2019-05-06 15:22:04.163,10865,10866,10866,3,3
2019-05-06 15:22:04.195,10865,10866,10866,1,1
2019-05-06 15:22:05.198,10865,10866,10866,2,2
2019-05-06 15:22:05.443,10865,10866,10866,14,14
2019-05-06 15:22:05.779,10866,10867,10866,1,-1
2019-05-06 15:22:06.254,10866,10867,10866,1,-1
2019-05-06 15:22:06.470,10866,10867,10866,1,-1
2019-05-06 15:22:06.477,10866,10867,10867,1,1
2019-05-06 15:22:07.014,10866,10867,10867,1,1
2019-05-06 15:22:07.428,10866,10867,10867,20,20
2019-05-06 15:22:08.733,10867,10868,10868,1,1
2019-05-06 15:22:09.007,10867,10868,10868,1,1
2019-05-06 15:22:09.167,10867,10868,10867,2,-2
2019-05-06 15:22:09.168,10867,10868,10867,1,-1
2019-05-06 15:22:09.168,10867,10868,10867,2,-2
2019-05-06 15:22:09.240,10867,10868,10866,1,-1
2019-05-06 15:22:09.815,10866,10867,10867,1,1
2019-05-06 15:22:10.042,10866,10867,10866,11,-11
2019-05-06 15:22:10.590,10865,10866,10866,1,1
2019-05-06 15:22:11.701,10865,10867,10866,1,-1
2019-05-06 15:22:12.455,10866,10867,10867,1,1
2019-05-06 15:22:12.455,10866,10867,10868,4,4
2019-05-06 15:22:14.382,10867,10868,10868,2,2
2019-05-06 15:22:14.722,10867,10868,10867,1,-1
2019-05-06 15:22:14.722,10867,10868,10868,1,1
2019-05-06 15:22:15.165,10867,10868,10868,1,1
2019-05-06 15:22:15.396,10867,10868,10867,1,-1
2019-05-06 15:22:15.575,10867,10868,10867,1,-1
2019-05-06 15:22:16.331,10867,10868,10867,1,-1
2019-05-06 15:22:17.196,10867,10868,10867,1,-1
2019-05-06 15:22:19.649,10867,10868,10867,3,-3
2019-05-06 15:22:21.224,10866,10867,10867,1,1
2019-05-06 15:22:21.509,10866,10867,10867,4,4
2019-05-06 15:22:22.849,10866,10867,10867,1,1
2019-05-06 15:22:23.302,10866,10867,10867,1,1
2019-05-06 15:22:23.767,10866,10867,10867,1,1
2019-05-06 15:22:25.401,10866,10867,10867,1,1
2019-05-06 15:22:26.166,10866,10867,10866,1,-1
2019-05-06 15:22:26.271,10866,10867,10866,1,-1
2019-05-06 15:22:27.823,10866,10867,10866,1,-1
2019-05-06 15:22:29.129,10866,10867,10866,1,-1
2019-05-06 15:22:29.994,10866,10867,10867,1,1
2019-05-06 15:22:31.445,10866,10867,10867,1,1
2019-05-06 15:22:31.574,10866,10867,10867,5,5
2019-05-06 15:22:31.790,10866,10867,10867,1,1
2019-05-06 15:22:34.923,10866,10867,10867,2,2
2019-05-06 15:22:34.939,10866,10867,10867,1,1
2019-05-06 15:22:36.728,10867,10868,10867,1,-1
2019-05-06 15:22:37.567,10866,10868,10868,1,1
2019-05-06 15:22:38.224,10866,10867,10867,2,2
2019-05-06 15:22:38.229,10866,10867,10868,3,3
2019-05-06 15:22:38.478,10867,10868,10868,3,3
2019-05-06 15:22:40.720,10867,10868,10867,1,-1
2019-05-06 15:22:41.164,10867,10868,10868,35,35
2019-05-06 15:22:41.167,10867,10868,10868,1,1
2019-05-06 15:22:42.796,10868,10869,10868,1,-1
2019-05-06 15:22:42.908,10868,10869,10868,1,-1
2019-05-06 15:22:45.085,10867,10868,10867,4,-4
2019-05-06 15:22:46.130,10867,10868,10867,1,-1
2019-05-06 15:22:46.608,10867,10868,10868,1,1
2019-05-06 15:22:47.595,10867,10868,10868,1,1
2019-05-06 15:22:53.652,10867,10868,10868,1,1
2019-05-06 15:22:55.116,10867,10868,10868,1,1
2019-05-06 15:22:55.116,10867,10868,10868,1,1
2019-05-06 15:22:55.121,10867,10868,10868,2,2
2019-05-06 15:22:55.121,10867,10868,10868,7,7
2019-05-06 15:22:55.474,10868,10869,10868,1,-1
2019-05-06 15:22:55.593,10868,10869,10868,1,-1
2019-05-06 15:22:55.870,10868,10869,10868,3,-3
2019-05-06 15:22:55.873,10868,10869,10868,2,-2
2019-05-06 15:22:56.126,10868,10869,10869,2,2
2019-05-06 15:22:56.443,10868,10869,10869,1,1
2019-05-06 15:22:56.473,10868,10869,10869,1,1
2019-05-06 15:22:59.198,10868,10869,10868,1,-1
2019-05-06 15:23:00.213,10868,10869,10868,1,-1
2019-05-06 15:23:00.478,10868,10869,10869,5,5
2019-05-06 15:23:01.530,10868,10869,10869,1,1
2019-05-06 15:23:02.214,10868,10869,10869,10,10
2019-05-06 15:23:02.459,10868,10869,10869,6,6
2019-05-06 15:23:02.460,10868,10869,10869,1,1
2019-05-06 15:23:02.542,10868,10869,10869,13,13
2019-05-06 15:23:04.676,10869,10870,10870,10,10
2019-05-06 15:23:04.820,10869,10870,10870,1,1
2019-05-06 15:23:04.822,10869,10870,10870,1,1
2019-05-06 15:23:04.825,10869,10870,10870,1,1
2019-05-06 15:23:04.890,10869,10870,10870,4,4
2019-05-06 15:23:05.142,10869,10870,10870,1,1
2019-05-06 15:23:05.256,10869,10870,10870,3,3
2019-05-06 15:23:05.654,10869,10870,10870,10,10
2019-05-06 15:23:06.042,10869,10870,10870,5,5
2019-05-06 15:23:06.167,10869,10870,10870,3,3
2019-05-06 15:23:06.202,10869,10870,10870,1,1
2019-05-06 15:23:06.292,10869,10870,10870,1,1
2019-05-06 15:23:06.292,10869,10870,10870,2,2
2019-05-06 15:23:06.292,10869,10870,10870,2,2
2019-05-06 15:23:06.445,10869,10870,10870,1,1
2019-05-06 15:23:07.248,10870,10871,10870,1,-1
2019-05-06 15:23:08.106,10870,10871,10871,1,1
2019-05-06 15:23:08.531,10870,10871,10871,1,1
2019-05-06 15:23:09.763,10870,10871,10870,1,-1
2019-05-06 15:23:09.954,10870,10871,10870,5,-5
2019-05-06 15:23:10.765,10870,10871,10871,1,1
2019-05-06 15:23:12.022,10870,10871,10871,1,1
2019-05-06 15:23:12.159,10870,10871,10871,1,1
2019-05-06 15:23:12.827,10870,10871,10871,2,2
2019-05-06 15:23:13.123,10870,10871,10871,1,1
2019-05-06 15:23:13.667,10870,10871,10871,2,2
2019-05-06 15:23:14.374,10870,10871,10871,1,1
2019-05-06 15:23:15.564,10871,10872,10871,1,-1
2019-05-06 15:23:16.482,10871,10872,10872,1,1
2019-05-06 15:23:16.570,10871,10872,10872,1,1
2019-05-06 15:23:16.682,10871,10872,10872,2,2
2019-05-06 15:23:16.691,10871,10872,10872,5,5
2019-05-06 15:23:16.718,10871,10872,10871,1,-1
2019-05-06 15:23:18.236,10871,10872,10872,2,2
2019-05-06 15:23:18.260,10871,10872,10872,1,1
2019-05-06 15:23:18.294,10872,10873,10872,4,-4
2019-05-06 15:23:18.325,10872,10873,10872,4,-4
2019-05-06 15:23:18.325,10872,10873,10872,1,-1
2019-05-06 15:23:19.681,10871,10872,10872,3,3
2019-05-06 15:23:20.171,10871,10872,10872,2,2
2019-05-06 15:23:20.274,10871,10872,10872,1,1
2019-05-06 15:23:20.668,10871,10872,10871,8,-8
2019-05-06 15:23:20.737,10871,10872,10871,1,-1
2019-05-06 15:23:21.529,10870,10871,10871,1,1
2019-05-06 15:23:21.591,10870,10871,10871,1,1
2019-05-06 15:23:22.276,10870,10871,10871,10,10
2019-05-06 15:23:22.975,10870,10871,10871,1,1
2019-05-06 15:23:23.112,10870,10871,10871,1,1
2019-05-06 15:23:23.803,10870,10871,10871,1,1
2019-05-06 15:23:24.242,10870,10871,10871,3,3
2019-05-06 15:23:24.428,10870,10871,10871,1,1
2019-05-06 15:23:25.266,10871,10872,10871,1,-1
2019-05-06 15:23:25.545,10871,10872,10872,1,1
2019-05-06 15:23:26.577,10871,10872,10872,1,1
2019-05-06 15:23:27.121,10871,10872,10871,1,-1
2019-05-06 15:23:27.147,10871,10872,10872,1,1
2019-05-06 15:23:27.293,10871,10872,10872,12,12
2019-05-06 15:23:27.293,10871,10872,10873,13,13
2019-05-06 15:23:27.540,10872,10873,10872,2,-2
2019-05-06 15:23:27.549,10871,10873,10873,2,2
2019-05-06 15:23:27.574,10871,10873,10873,2,2
2019-05-06 15:23:27.613,10871,10873,10873,1,1
2019-05-06 15:23:27.633,10871,10873,10873,2,2
2019-05-06 15:23:27.666,10872,10873,10873,1,1
2019-05-06 15:23:27.728,10872,10873,10873,2,2
2019-05-06 15:23:27.729,10872,10873,10873,2,2
2019-05-06 15:23:27.841,10872,10874,10873,1,-1
2019-05-06 15:23:27.841,10872,10874,10874,1,1
2019-05-06 15:23:28.051,10873,10874,10874,1,1
2019-05-06 15:23:28.069,10873,10874,10874,1,1
2019-05-06 15:23:28.070,10873,10874,10874,1,1
2019-05-06 15:23:28.198,10873,10874,10874,1,1
2019-05-06 15:23:28.217,10873,10874,10874,2,2
2019-05-06 15:23:28.310,10873,10874,10874,8,8
2019-05-06 15:23:28.438,10873,10874,10874,12,12
2019-05-06 15:23:28.608,10873,10874,10874,1,1
2019-05-06 15:23:28.630,10873,10874,10874,1,1
2019-05-06 15:23:28.633,10873,10874,10874,2,2
2019-05-06 15:23:28.833,10873,10874,10874,1,1
2019-05-06 15:23:29.035,10873,10874,10874,5,5
2019-05-06 15:23:29.035,10873,10874,10875,2,2
2019-05-06 15:23:29.037,10873,10874,10874,1,1
2019-05-06 15:23:29.040,10873,10874,10874,1,1
2019-05-06 15:23:29.099,10873,10874,10874,1,1
2019-05-06 15:23:29.149,10873,10874,10874,1,1
2019-05-06 15:23:29.158,10873,10874,10875,1,1
2019-05-06 15:23:29.196,10873,10875,10875,2,2
2019-05-06 15:23:29.222,10873,10875,10875,2,2
2019-05-06 15:23:29.397,10873,10875,10875,2,2
2019-05-06 15:23:29.463,10873,10875,10875,1,1
2019-05-06 15:23:30.923,10874,10875,10875,1,1
2019-05-06 15:23:31.872,10874,10875,10875,1,1
2019-05-06 15:23:32.283,10874,10875,10874,2,-2
2019-05-06 15:23:32.362,10874,10875,10875,1,1
2019-05-06 15:23:32.371,10874,10875,10875,1,1
2019-05-06 15:23:32.420,10874,10875,10875,4,4
2019-05-06 15:23:33.265,10874,10875,10875,16,16
2019-05-06 15:23:33.265,10874,10875,10876,8,8
2019-05-06 15:23:33.531,10875,10876,10876,3,3
2019-05-06 15:23:33.531,10875,10876,10877,1,1
2019-05-06 15:23:33.801,10875,10877,10877,1,1
2019-05-06 15:23:33.824,10875,10877,10877,1,1
2019-05-06 15:23:33.834,10875,10877,10877,1,1
2019-05-06 15:23:34.098,10876,10877,10877,2,2
2019-05-06 15:23:34.165,10876,10877,10876,1,-1
2019-05-06 15:23:34.183,10876,10877,10876,1,-1
2019-05-06 15:23:34.259,10876,10877,10877,2,2
2019-05-06 15:23:34.291,10876,10877,10877,2,2
2019-05-06 15:23:34.323,10875,10877,10877,2,2
2019-05-06 15:23:34.407,10875,10877,10877,2,2
2019-05-06 15:23:35.241,10875,10876,10876,2,2
2019-05-06 15:23:35.394,10875,10876,10875,1,-1
2019-05-06 15:23:35.394,10875,10876,10875,7,-7
2019-05-06 15:23:35.394,10875,10876,10875,3,-3
2019-05-06 15:23:35.395,10875,10876,10875,2,-2
2019-05-06 15:23:36.042,10874,10875,10874,6,-6
2019-05-06 15:23:36.799,10873,10874,10873,1,-1
2019-05-06 15:23:36.855,10873,10874,10873,1,-1
2019-05-06 15:23:36.855,10873,10874,10873,2,-2
2019-05-06 15:23:36.918,10873,10874,10873,3,-3
2019-05-06 15:23:37.037,10873,10874,10874,1,1
2019-05-06 15:23:37.292,10873,10874,10873,1,-1
2019-05-06 15:23:37.973,10872,10873,10873,1,1
2019-05-06 15:23:38.417,10873,10874,10873,1,-1
2019-05-06 15:23:39.165,10872,10873,10873,1,1
2019-05-06 15:23:39.398,10872,10873,10873,1,1
2019-05-06 15:23:39.410,10872,10873,10872,1,-1
2019-05-06 15:23:39.761,10872,10874,10874,2,2
2019-05-06 15:23:41.377,10873,10874,10874,1,1
2019-05-06 15:23:41.441,10873,10874,10873,2,-2
2019-05-06 15:23:41.498,10873,10874,10873,2,-2
2019-05-06 15:23:41.544,10873,10874,10874,1,1
2019-05-06 15:23:42.081,10872,10874,10874,1,1
2019-05-06 15:23:44.776,10873,10874,10874,1,1
2019-05-06 15:23:46.710,10873,10874,10874,1,1
2019-05-06 15:23:50.199,10873,10874,10874,5,5
2019-05-06 15:23:50.646,10873,10874,10873,2,-2
2019-05-06 15:23:50.667,10873,10874,10873,1,-1
2019-05-06 15:23:50.794,10872,10873,10873,1,1
2019-05-06 15:23:51.261,10872,10873,10872,1,-1
2019-05-06 15:23:51.292,10872,10873,10872,2,-2
2019-05-06 15:23:51.292,10872,10873,10872,1,-1
2019-05-06 15:23:51.292,10872,10873,10872,1,-1
2019-05-06 15:23:51.417,10872,10873,10872,2,-2
2019-05-06 15:23:51.423,10872,10873,10872,4,-4
2019-05-06 15:23:51.431,10872,10873,10872,1,-1
2019-05-06 15:23:52.361,10871,10872,10871,1,-1
2019-05-06 15:23:52.455,10871,10872,10871,2,-2
2019-05-06 15:23:52.688,10871,10872,10871,1,-1
2019-05-06 15:23:53.167,10871,10872,10871,2,-2
2019-05-06 15:23:53.169,10871,10872,10871,1,-1
2019-05-06 15:23:53.170,10871,10872,10871,1,-1
2019-05-06 15:23:53.629,10870,10872,10870,2,-2
2019-05-06 15:23:54.492,10870,10871,10870,1,-1
2019-05-06 15:23:57.693,10870,10871,10871,1,1
2019-05-06 15:23:57.698,10870,10871,10871,2,2
2019-05-06 15:23:57.698,10870,10871,10872,3,3
2019-05-06 15:23:58.006,10871,10872,10871,3,-3
2019-05-06 15:23:59.048,10871,10872,10871,1,-1
2019-05-06 15:23:59.573,10871,10872,10871,1,-1
2019-05-06 15:24:00.209,10871,10872,10871,1,-1
2019-05-06 15:24:00.557,10871,10872,10872,14,14
2019-05-06 15:24:00.832,10871,10872,10872,1,1
2019-05-06 15:24:00.931,10871,10873,10873,1,1
2019-05-06 15:24:01.859,10871,10873,10873,5,5
2019-05-06 15:24:02.080,10871,10873,10871,2,-2
2019-05-06 15:24:02.511,10871,10872,10872,1,1
2019-05-06 15:24:02.661,10871,10873,10873,1,1
2019-05-06 15:24:03.597,10872,10873,10872,1,-1
2019-05-06 15:24:06.168,10872,10873,10872,1,-1
2019-05-06 15:24:06.473,10872,10873,10872,1,-1
2019-05-06 15:24:06.510,10872,10873,10872,1,-1
2019-05-06 15:24:08.289,10871,10872,10872,1,1
2019-05-06 15:24:10.130,10871,10872,10872,1,1
2019-05-06 15:24:10.885,10871,10872,10872,1,1
2019-05-06 15:24:10.966,10871,10872,10872,1,1
2019-05-06 15:24:10.966,10871,10872,10873,1,1
2019-05-06 15:24:13.173,10872,10873,10872,1,-1
2019-05-06 15:24:13.292,10872,10873,10872,1,-1
2019-05-06 15:24:13.292,10872,10873,10872,1,-1
2019-05-06 15:24:13.314,10872,10873,10872,1,-1
2019-05-06 15:24:13.369,10872,10873,10872,1,-1
2019-05-06 15:24:13.385,10872,10873,10872,1,-1
2019-05-06 15:24:13.542,10872,10873,10872,1,-1
2019-05-06 15:24:13.643,10872,10873,10872,1,-1
2019-05-06 15:24:13.715,10872,10873,10872,3,-3
2019-05-06 15:24:15.115,10871,10872,10872,1,1
2019-05-06 15:24:15.292,10871,10872,10872,1,1
2019-05-06 15:24:15.307,10871,10872,10872,1,1
2019-05-06 15:24:15.917,10871,10872,10871,6,-6
2019-05-06 15:24:16.042,10871,10872,10871,1,-1
2019-05-06 15:24:17.412,10870,10871,10871,4,4
2019-05-06 15:24:18.334,10870,10871,10870,2,-2
2019-05-06 15:24:18.417,10870,10871,10870,5,-5
2019-05-06 15:24:18.917,10869,10870,10869,1,-1
2019-05-06 15:24:19.339,10868,10869,10868,1,-1
2019-05-06 15:24:19.542,10868,10869,10868,2,-2
2019-05-06 15:24:19.544,10868,10869,10868,1,-1
2019-05-06 15:24:19.667,10867,10868,10868,1,1
2019-05-06 15:24:22.169,10867,10868,10868,1,1
2019-05-06 15:24:22.170,10867,10868,10868,1,1
2019-05-06 15:24:22.270,10867,10868,10869,5,5
2019-05-06 15:24:22.604,10868,10869,10869,1,1
2019-05-06 15:24:23.156,10868,10869,10869,5,5
2019-05-06 15:24:23.167,10868,10869,10869,3,3
2019-05-06 15:24:23.699,10868,10869,10869,1,1
2019-05-06 15:24:23.699,10868,10869,10870,4,4
2019-05-06 15:24:23.917,10869,10870,10869,2,-2
2019-05-06 15:24:23.917,10869,10870,10868,13,-13
2019-05-06 15:24:23.962,10869,10870,10868,1,-1
2019-05-06 15:24:26.881,10868,10869,10869,1,1
2019-05-06 15:24:27.353,10868,10869,10868,1,-1
2019-05-06 15:24:29.107,10867,10868,10868,1,1
2019-05-06 15:24:29.504,10867,10868,10867,1,-1
2019-05-06 15:24:29.908,10867,10868,10867,1,-1
2019-05-06 15:24:31.167,10867,10868,10867,2,-2
2019-05-06 15:24:31.195,10867,10868,10867,1,-1
2019-05-06 15:24:32.661,10866,10868,10868,1,1
2019-05-06 15:24:33.765,10867,10868,10867,2,-2
2019-05-06 15:24:36.099,10867,10868,10867,1,-1
2019-05-06 15:24:36.746,10867,10868,10868,2,2
2019-05-06 15:24:36.946,10867,10868,10868,1,1
2019-05-06 15:24:37.373,10867,10868,10867,2,-2
2019-05-06 15:24:40.102,10867,10868,10867,1,-1
2019-05-06 15:24:40.365,10867,10868,10867,2,-2
2019-05-06 15:24:40.792,10867,10868,10868,9,9
2019-05-06 15:24:40.846,10867,10868,10867,1,-1
2019-05-06 15:24:40.871,10867,10868,10869,1,1
2019-05-06 15:24:41.287,10868,10869,10868,1,-1
2019-05-06 15:24:45.309,10867,10868,10868,1,1
2019-05-06 15:24:45.583,10867,10868,10868,2,2
2019-05-06 15:24:48.696,10867,10868,10867,1,-1
2019-05-06 15:24:51.494,10867,10868,10867,1,-1
2019-05-06 15:24:53.309,10867,10868,10868,1,1
2019-05-06 15:24:53.597,10867,10868,10868,1,1
2019-05-06 15:24:54.276,10867,10868,10867,1,-1
2019-05-06 15:24:54.285,10867,10868,10868,1,1
2019-05-06 15:24:54.406,10867,10868,10867,2,-2
2019-05-06 15:24:56.042,10867,10868,10867,2,-2
2019-05-06 15:25:01.936,10866,10867,10867,2,2
2019-05-06 15:25:02.854,10866,10867,10867,1,1
2019-05-06 15:25:04.401,10866,10867,10867,2,2
2019-05-06 15:25:06.148,10866,10867,10866,2,-2
2019-05-06 15:25:07.392,10866,10867,10866,1,-1
2019-05-06 15:25:11.488,10866,10867,10866,1,-1
2019-05-06 15:25:13.365,10866,10867,10866,1,-1
2019-05-06 15:25:13.837,10866,10867,10867,9,9
2019-05-06 15:25:14.484,10867,10868,10867,1,-1
2019-05-06 15:25:15.969,10867,10868,10867,1,-1
2019-05-06 15:25:16.061,10867,10868,10867,1,-1
2019-05-06 15:25:16.223,10867,10868,10867,1,-1
2019-05-06 15:25:19.154,10867,10868,10867,2,-2
2019-05-06 15:25:19.792,10867,10868,10867,12,-12
2019-05-06 15:25:23.726,10866,10867,10867,1,1
2019-05-06 15:25:24.102,10866,10867,10867,1,1
2019-05-06 15:25:28.175,10866,10867,10867,1,1
2019-05-06 15:25:28.342,10866,10867,10867,1,1
2019-05-06 15:25:28.503,10866,10867,10866,3,-3
2019-05-06 15:25:28.542,10866,10867,10866,5,-5
2019-05-06 15:25:29.498,10865,10867,10867,4,4
2019-05-06 15:25:29.840,10865,10866,10865,1,-1
2019-05-06 15:25:31.728,10865,10866,10866,2,2
2019-05-06 15:25:31.825,10865,10867,10866,1,-1
2019-05-06 15:25:32.552,10866,10867,10866,2,-2
2019-05-06 15:25:33.604,10866,10867,10867,1,1
2019-05-06 15:25:35.578,10866,10867,10867,1,1
2019-05-06 15:25:36.018,10866,10867,10866,2,-2
2019-05-06 15:25:36.177,10866,10867,10866,2,-2
2019-05-06 15:25:40.305,10866,10867,10867,2,2
2019-05-06 15:25:40.329,10866,10867,10866,4,-4
2019-05-06 15:25:40.929,10866,10867,10866,5,-5
2019-05-06 15:25:41.879,10866,10867,10866,1,-1
2019-05-06 15:25:42.026,10866,10867,10866,1,-1
2019-05-06 15:25:42.244,10866,10867,10866,8,-8
2019-05-06 15:25:43.042,10866,10867,10867,5,5
2019-05-06 15:25:43.167,10866,10867,10867,1,1
2019-05-06 15:25:44.277,10867,10868,10867,1,-1
2019-05-06 15:25:44.820,10867,10868,10867,1,-1
2019-05-06 15:25:44.917,10867,10868,10868,10,10
2019-05-06 15:25:47.559,10868,10869,10869,3,3
2019-05-06 15:25:47.587,10868,10869,10869,3,3
2019-05-06 15:25:48.397,10869,10870,10869,1,-1
2019-05-06 15:25:51.470,10869,10870,10869,1,-1
2019-05-06 15:25:52.612,10869,10870,10870,3,3
2019-05-06 15:25:53.610,10869,10870,10869,1,-1
2019-05-06 15:25:55.984,10869,10870,10869,6,-6
2019-05-06 15:25:59.889,10868,10869,10869,3,3
2019-05-06 15:26:00.077,10868,10869,10869,1,1
2019-05-06 15:26:01.386,10868,10869,10868,2,-2
2019-05-06 15:26:01.648,10868,10869,10869,2,2
2019-05-06 15:26:03.116,10868,10869,10869,1,1
2019-05-06 15:26:03.417,10868,10870,10868,1,-1
2019-05-06 15:26:05.795,10869,10870,10869,3,3
2019-05-06 15:26:08.641,10868,10870,10870,1,1
2019-05-06 15:26:08.810,10869,10870,10869,1,-1
2019-05-06 15:26:13.425,10868,10869,10868,1,-1
2019-05-06 15:26:13.425,10868,10869,10868,1,-1
2019-05-06 15:26:15.036,10867,10868,10868,1,1
2019-05-06 15:26:19.951,10867,10868,10868,1,1
2019-05-06 15:26:25.773,10868,10869,10869,1,1
2019-05-06 15:26:29.916,10868,10869,10868,4,-4
2019-05-06 15:26:31.665,10868,10869,10868,1,-1
2019-05-06 15:26:32.810,10868,10869,10868,1,-1
2019-05-06 15:26:34.425,10868,10869,10868,1,-1
2019-05-06 15:26:37.535,10867,10868,10868,2,2
2019-05-06 15:26:38.153,10867,10868,10868,1,1
2019-05-06 15:26:40.717,10867,10868,10867,1,-1
2019-05-06 15:26:41.038,10867,10868,10867,1,-1
2019-05-06 15:26:42.194,10867,10868,10867,2,-2
2019-05-06 15:26:46.980,10867,10868,10867,1,-1
2019-05-06 15:26:46.996,10867,10868,10868,2,2
2019-05-06 15:26:47.282,10867,10868,10868,1,1
2019-05-06 15:26:47.911,10868,10869,10868,5,-5
2019-05-06 15:26:54.667,10868,10869,10869,10,10
2019-05-06 15:26:54.792,10868,10869,10869,9,9
2019-05-06 15:26:54.917,10868,10869,10869,1,1
2019-05-06 15:26:54.917,10868,10869,10869,2,2
2019-05-06 15:26:54.917,10868,10869,10869,4,4
2019-05-06 15:26:55.042,10868,10869,10869,4,4
2019-05-06 15:26:56.348,10869,10870,10869,1,-1
2019-05-06 15:26:59.206,10868,10869,10868,1,-1
2019-05-06 15:27:00.070,10868,10869,10868,1,-1
2019-05-06 15:27:00.145,10868,10869,10867,1,-1
2019-05-06 15:27:02.036,10867,10869,10867,1,-1
2019-05-06 15:27:05.463,10867,10869,10869,1,1
2019-05-06 15:27:07.852,10868,10870,10868,2,-2
2019-05-06 15:27:12.542,10868,10869,10868,2,-2
2019-05-06 15:27:15.308,10867,10868,10868,2,2
2019-05-06 15:27:20.513,10867,10868,10868,2,2
2019-05-06 15:27:22.663,10867,10868,10868,5,5
2019-05-06 15:27:31.846,10867,10868,10868,4,4
2019-05-06 15:27:33.445,10868,10869,10869,2,2
2019-05-06 15:27:33.542,10868,10869,10869,1,1
2019-05-06 15:27:34.156,10868,10870,10868,1,-1
2019-05-06 15:27:43.126,10869,10870,10869,1,1
2019-05-06 15:27:46.252,10869,10870,10870,11,11
2019-05-06 15:27:46.845,10869,10870,10870,14,14
2019-05-06 15:27:46.931,10870,10871,10871,4,4
2019-05-06 15:27:56.933,10870,10871,10871,2,2
2019-05-06 15:27:58.299,10870,10871,10871,1,1
2019-05-06 15:28:00.524,10870,10871,10871,1,1
2019-05-06 15:28:01.291,10870,10871,10871,1,1
2019-05-06 15:28:01.292,10870,10871,10871,1,1
2019-05-06 15:28:01.444,10870,10871,10871,1,1
2019-05-06 15:28:01.859,10870,10871,10871,1,1
2019-05-06 15:28:01.917,10870,10871,10871,1,1
2019-05-06 15:28:02.775,10870,10871,10871,2,2
2019-05-06 15:28:02.913,10870,10871,10871,1,1
2019-05-06 15:28:05.622,10871,10872,10871,3,-3
2019-05-06 15:28:12.155,10871,10872,10871,4,-4
2019-05-06 15:28:14.032,10871,10872,10871,1,-1
2019-05-06 15:28:14.095,10871,10872,10871,1,-1
2019-05-06 15:28:14.181,10871,10872,10871,2,-2
2019-05-06 15:28:14.181,10871,10872,10871,2,-2
2019-05-06 15:28:15.495,10870,10871,10871,1,1
2019-05-06 15:28:18.974,10870,10871,10871,1,1
2019-05-06 15:28:22.118,10870,10871,10871,1,1
2019-05-06 15:28:23.357,10870,10871,10871,1,1
2019-05-06 15:28:23.555,10870,10871,10871,2,2
2019-05-06 15:28:25.131,10870,10871,10870,1,-1
2019-05-06 15:28:34.823,10870,10871,10870,1,-1
2019-05-06 15:28:41.904,10870,10871,10870,13,-13
2019-05-06 15:28:42.864,10869,10870,10869,1,-1
2019-05-06 15:28:50.105,10868,10869,10869,3,3
2019-05-06 15:28:53.479,10868,10869,10868,1,-1
2019-05-06 15:28:55.302,10868,10869,10868,1,-1
2019-05-06 15:29:02.885,10868,10869,10869,5,5
2019-05-06 15:29:09.497,10867,10868,10868,1,1
2019-05-06 15:29:21.079,10868,10869,10868,1,-1
2019-05-06 15:29:21.791,10868,10869,10869,11,11
2019-05-06 15:29:21.792,10868,10869,10869,2,2
2019-05-06 15:29:21.792,10868,10869,10869,1,1
2019-05-06 15:29:32.819,10868,10869,10868,1,-1
2019-05-06 15:29:35.069,10867,10868,10868,1,1
2019-05-06 15:29:38.012,10868,10869,10868,1,-1
2019-05-06 15:29:41.620,10867,10869,10867,1,-1
2019-05-06 15:29:49.003,10867,10868,10867,1,-1
2019-05-06 15:29:49.788,10867,10868,10868,1,1
2019-05-06 15:29:50.926,10867,10868,10867,1,-1
2019-05-06 15:29:58.862,10867,10868,10867,1,-1
2019-05-06 15:30:00.417,10867,10868,10868,4,4
2019-05-06 15:30:00.542,10867,10868,10868,1,1
2019-05-06 15:30:01.485,10868,10869,10868,4,-4
2019-05-06 15:30:02.193,10868,10869,10868,1,-1
2019-05-06 15:30:02.809,10867,10869,10867,1,-1
2019-05-06 15:30:06.940,10867,10868,10867,1,-1
2019-05-06 15:30:10.068,10867,10868,10867,1,-1
2019-05-06 15:30:12.147,10867,10868,10867,1,-1
2019-05-06 15:30:14.367,10867,10868,10868,3,3
2019-05-06 15:30:14.627,10868,10869,10868,1,-1
2019-05-06 15:30:28.498,10867,10869,10867,1,-1
2019-05-06 15:30:31.115,10868,10869,10868,1,1
2019-05-06 15:30:34.186,10867,10868,10867,2,-2
2019-05-06 15:30:37.779,10867,10868,10868,4,4
2019-05-06 15:30:44.272,10867,10868,10867,1,-1
2019-05-06 15:30:44.932,10867,10868,10868,2,2
2019-05-06 15:30:45.772,10867,10868,10868,1,1
2019-05-06 15:30:46.245,10867,10868,10867,1,-1
2019-05-06 15:30:50.146,10867,10868,10867,7,-7
2019-05-06 15:30:50.167,10867,10868,10867,19,-19
2019-05-06 15:30:50.167,10867,10868,10867,4,-4
2019-05-06 15:30:50.292,10867,10868,10867,5,-5
2019-05-06 15:30:54.292,10866,10867,10866,2,-2
2019-05-06 15:31:01.645,10867,10868,10868,3,3
2019-05-06 15:31:05.561,10867,10868,10868,1,1
2019-05-06 15:31:08.729,10868,10869,10868,1,-1
2019-05-06 15:31:14.304,10867,10868,10867,1,-1
2019-05-06 15:31:16.266,10867,10868,10868,1,1
2019-05-06 15:31:21.845,10868,10869,10868,1,-1
2019-05-06 15:31:36.567,10867,10868,10868,1,1
2019-05-06 15:31:43.560,10867,10868,10868,1,1
2019-05-06 15:31:43.560,10867,10868,10868,1,1
2019-05-06 15:31:43.561,10867,10868,10868,1,1
2019-05-06 15:31:43.595,10867,10868,10868,1,1
2019-05-06 15:31:43.667,10867,10868,10868,1,1
2019-05-06 15:31:44.323,10868,10869,10869,5,5
2019-05-06 15:31:44.417,10868,10869,10869,1,1
2019-05-06 15:31:46.654,10869,10870,10869,2,-2
2019-05-06 15:31:46.667,10869,10870,10870,13,13
2019-05-06 15:31:46.917,10870,10871,10871,7,7
2019-05-06 15:31:46.955,10870,10871,10871,1,1
2019-05-06 15:31:46.979,10870,10871,10871,3,3
2019-05-06 15:31:47.042,10870,10871,10871,12,12
2019-05-06 15:31:47.584,10871,10872,10872,6,6
2019-05-06 15:31:47.917,10871,10872,10872,11,11
2019-05-06 15:31:48.397,10871,10872,10872,1,1
2019-05-06 15:31:50.952,10871,10872,10872,4,4
2019-05-06 15:31:53.167,10872,10873,10872,1,-1
2019-05-06 15:31:53.167,10872,10873,10872,5,-5
2019-05-06 15:31:57.313,10871,10872,10871,2,-2
2019-05-06 15:32:00.134,10871,10872,10872,1,1
2019-05-06 15:32:00.134,10871,10872,10873,1,1
2019-05-06 15:32:00.889,10871,10873,10873,46,46
2019-05-06 15:32:00.889,10871,10873,10873,1,1
2019-05-06 15:32:00.890,10871,10873,10873,1,1
2019-05-06 15:32:00.890,10871,10873,10873,1,1
2019-05-06 15:32:02.030,10873,10874,10873,1,-1
2019-05-06 15:32:02.074,10873,10874,10873,1,-1
2019-05-06 15:32:02.086,10873,10874,10873,1,-1
2019-05-06 15:32:02.234,10872,10874,10874,1,1
2019-05-06 15:32:02.566,10873,10874,10874,25,25
2019-05-06 15:32:02.853,10873,10874,10873,1,-1
2019-05-06 15:32:03.576,10873,10874,10874,4,4
2019-05-06 15:32:05.074,10873,10874,10874,2,2
2019-05-06 15:32:05.668,10873,10874,10873,3,-3
2019-05-06 15:32:05.792,10872,10874,10874,4,4
2019-05-06 15:32:07.401,10873,10874,10874,1,1
2019-05-06 15:32:07.729,10873,10874,10874,5,5
2019-05-06 15:32:08.298,10873,10874,10874,4,4
2019-05-06 15:32:08.298,10873,10874,10875,1,1
2019-05-06 15:32:08.638,10873,10874,10873,1,-1
2019-05-06 15:32:09.608,10873,10875,10875,5,5
2019-05-06 15:32:09.779,10873,10875,10874,1,-1
2019-05-06 15:32:09.860,10874,10875,10874,4,-4
2019-05-06 15:32:09.887,10874,10875,10875,5,5
2019-05-06 15:32:09.917,10874,10875,10874,2,-2
2019-05-06 15:32:11.335,10874,10875,10874,3,-3
2019-05-06 15:32:12.549,10873,10874,10874,1,1
2019-05-06 15:32:13.143,10873,10874,10874,2,2
2019-05-06 15:32:13.361,10873,10874,10874,2,2
2019-05-06 15:32:14.792,10873,10874,10873,5,-5
2019-05-06 15:32:15.122,10872,10874,10873,1,-1
2019-05-06 15:32:18.102,10872,10873,10873,1,1
2019-05-06 15:32:19.221,10872,10873,10873,1,1
2019-05-06 15:32:21.645,10872,10873,10872,1,-1
2019-05-06 15:32:28.473,10872,10873,10872,2,-2
2019-05-06 15:32:28.511,10872,10873,10872,8,-8
2019-05-06 15:32:29.945,10872,10873,10872,2,-2
2019-05-06 15:32:37.811,10872,10873,10872,2,-2
2019-05-06 15:32:37.811,10872,10873,10872,1,-1
2019-05-06 15:32:49.208,10871,10872,10872,2,2
2019-05-06 15:32:50.223,10871,10872,10872,1,1
2019-05-06 15:32:50.521,10871,10872,10872,7,7
2019-05-06 15:32:52.070,10871,10872,10871,2,-2
2019-05-06 15:32:56.234,10871,10872,10871,5,-5
2019-05-06 15:32:56.277,10871,10872,10871,2,-2
2019-05-06 15:32:56.833,10870,10872,10871,1,-1
2019-05-06 15:33:02.336,10870,10871,10871,8,8
2019-05-06 15:33:05.870,10870,10871,10870,1,-1
2019-05-06 15:33:05.906,10870,10871,10870,8,-8
2019-05-06 15:33:05.906,10870,10871,10870,2,-2
2019-05-06 15:33:05.907,10870,10871,10870,1,-1
2019-05-06 15:33:06.000,10869,10870,10869,1,-1
2019-05-06 15:33:06.044,10869,10870,10869,9,-9
2019-05-06 15:33:07.379,10869,10870,10869,1,-1
2019-05-06 15:33:07.637,10868,10869,10868,2,-2
2019-05-06 15:33:11.061,10868,10869,10869,3,3
2019-05-06 15:33:11.071,10868,10869,10869,1,1
2019-05-06 15:33:11.318,10869,10870,10869,1,-1
2019-05-06 15:33:18.993,10869,10870,10870,1,1
2019-05-06 15:33:23.563,10869,10870,10869,1,-1
2019-05-06 15:33:27.467,10869,10870,10869,1,-1
2019-05-06 15:33:32.043,10869,10870,10869,2,-2
2019-05-06 15:33:35.725,10869,10870,10869,1,-1
2019-05-06 15:33:44.307,10869,10870,10869,1,-1
2019-05-06 15:33:47.334,10869,10870,10869,1,-1
2019-05-06 15:33:52.693,10869,10870,10869,1,-1
2019-05-06 15:33:53.485,10869,10870,10869,1,-1
2019-05-06 15:33:53.542,10869,10870,10869,1,-1
2019-05-06 15:33:53.542,10869,10870,10869,1,-1
2019-05-06 15:33:55.006,10868,10870,10870,1,1
2019-05-06 15:33:59.002,10869,10870,10869,1,-1
2019-05-06 15:34:12.918,10868,10869,10868,1,-1
2019-05-06 15:34:12.976,10868,10869,10868,1,-1
2019-05-06 15:34:12.976,10868,10869,10868,1,-1
2019-05-06 15:34:12.977,10868,10869,10868,1,-1
2019-05-06 15:34:12.979,10868,10869,10868,1,-1
2019-05-06 15:34:13.042,10868,10869,10868,7,-7
2019-05-06 15:34:13.155,10868,10869,10868,1,-1
2019-05-06 15:34:13.167,10868,10869,10868,2,-2
2019-05-06 15:34:18.041,10868,10869,10868,3,-3
2019-05-06 15:34:20.834,10868,10869,10868,1,-1
2019-05-06 15:34:38.697,10869,10870,10869,1,1
2019-05-06 15:34:45.337,10869,10870,10869,1,-1
2019-05-06 15:34:50.669,10869,10870,10869,1,-1
2019-05-06 15:34:50.675,10869,10870,10869,1,-1
2019-05-06 15:35:13.259,10868,10869,10869,1,1
2019-05-06 15:35:13.261,10868,10869,10869,3,3
2019-05-06 15:35:14.208,10869,10870,10869,1,-1
2019-05-06 15:35:17.880,10869,10870,10869,1,-1
2019-05-06 15:35:25.652,10868,10869,10869,1,1
2019-05-06 15:35:28.589,10868,10869,10869,1,1
2019-05-06 15:35:45.093,10869,10870,10870,1,1
2019-05-06 15:35:51.693,10869,10870,10870,1,1
2019-05-06 15:35:52.292,10869,10870,10870,3,3
2019-05-06 15:35:52.343,10869,10870,10870,1,1
2019-05-06 15:35:52.370,10869,10870,10870,2,2
2019-05-06 15:35:52.417,10869,10870,10870,2,2
2019-05-06 15:35:52.964,10870,10871,10870,1,-1
2019-05-06 15:36:06.299,10870,10871,10871,4,4
2019-05-06 15:36:10.943,10870,10871,10870,4,-4
2019-05-06 15:36:12.548,10870,10871,10870,1,-1
2019-05-06 15:36:12.893,10870,10871,10870,1,-1
2019-05-06 15:36:14.975,10870,10871,10871,1,1
2019-05-06 15:36:18.160,10870,10871,10871,1,1
2019-05-06 15:36:18.161,10870,10871,10871,1,1
2019-05-06 15:36:18.161,10870,10871,10871,1,1
2019-05-06 15:36:18.290,10870,10871,10871,2,2
2019-05-06 15:36:18.292,10870,10871,10871,2,2
2019-05-06 15:36:18.320,10870,10871,10871,2,2
2019-05-06 15:36:18.417,10870,10871,10871,3,3
2019-05-06 15:36:18.417,10870,10871,10871,1,1
2019-05-06 15:36:18.417,10870,10871,10871,2,2
2019-05-06 15:36:18.542,10870,10871,10871,1,1
2019-05-06 15:36:18.992,10871,10872,10871,1,-1
2019-05-06 15:36:21.135,10871,10872,10871,1,-1
2019-05-06 15:36:22.684,10871,10872,10871,1,-1
2019-05-06 15:36:43.356,10870,10871,10871,1,1
2019-05-06 15:36:47.031,10870,10871,10870,2,-2
2019-05-06 15:37:00.479,10870,10871,10870,3,-3
2019-05-06 15:37:03.132,10869,10870,10869,2,-2
2019-05-06 15:37:09.535,10868,10869,10869,1,1
2019-05-06 15:37:12.213,10867,10869,10867,1,-1
2019-05-06 15:37:12.316,10867,10869,10867,1,-1
2019-05-06 15:37:16.336,10867,10868,10867,2,-2
2019-05-06 15:37:30.214,10868,10869,10869,1,1
2019-05-06 15:37:36.210,10868,10869,10869,1,1
2019-05-06 15:37:43.168,10867,10868,10868,1,1
2019-05-06 15:37:50.263,10868,10869,10868,1,-1
2019-05-06 15:37:50.292,10868,10869,10868,2,-2
2019-05-06 15:37:50.417,10868,10869,10868,2,-2
2019-05-06 15:37:56.349,10867,10868,10868,3,3
2019-05-06 15:37:57.245,10868,10869,10868,1,-1
2019-05-06 15:38:00.495,10868,10869,10868,1,-1
2019-05-06 15:38:01.495,10868,10869,10868,1,-1
2019-05-06 15:38:03.167,10868,10869,10868,2,-2
2019-05-06 15:38:09.375,10867,10868,10867,11,-11
2019-05-06 15:38:10.960,10866,10867,10867,4,4
2019-05-06 15:38:12.283,10866,10867,10866,1,-1
2019-05-06 15:38:17.335,10866,10867,10866,1,-1
2019-05-06 15:38:18.109,10866,10867,10866,7,-7
2019-05-06 15:38:18.954,10866,10867,10866,1,-1
2019-05-06 15:38:19.114,10866,10867,10866,2,-2
2019-05-06 15:38:20.486,10865,10866,10865,1,-1
2019-05-06 15:38:22.335,10865,10866,10866,1,1
2019-05-06 15:38:22.373,10865,10866,10866,1,1
2019-05-06 15:38:22.373,10865,10866,10866,1,1
2019-05-06 15:38:22.373,10865,10866,10866,1,1
2019-05-06 15:38:23.130,10866,10867,10866,1,-1
2019-05-06 15:38:23.485,10866,10867,10866,1,-1
2019-05-06 15:38:27.744,10866,10867,10866,1,-1
2019-05-06 15:38:30.216,10866,10867,10866,1,-1
2019-05-06 15:38:32.516,10866,10867,10866,2,-2
2019-05-06 15:38:32.542,10866,10867,10866,1,-1
2019-05-06 15:38:38.295,10866,10867,10866,1,-1
2019-05-06 15:38:40.167,10866,10867,10867,1,1
2019-05-06 15:38:57.093,10867,10868,10867,1,-1
2019-05-06 15:38:58.433,10867,10868,10867,1,-1
2019-05-06 15:39:06.214,10867,10868,10867,1,-1
2019-05-06 15:39:17.667,10867,10868,10868,2,2
2019-05-06 15:39:17.667,10867,10868,10868,5,5
2019-05-06 15:39:35.508,10868,10869,10868,1,-1
2019-05-06 15:39:43.439,10868,10869,10868,2,-2
2019-05-06 15:39:46.112,10867,10868,10868,1,1
2019-05-06 15:39:52.195,10867,10868,10867,2,-2
2019-05-06 15:40:01.382,10866,10867,10867,1,1
2019-05-06 15:40:02.193,10866,10868,10868,1,1
2019-05-06 15:40:08.363,10866,10867,10867,3,3
2019-05-06 15:40:28.842,10866,10867,10867,2,2
2019-05-06 15:40:38.570,10867,10868,10868,2,2
2019-05-06 15:40:38.667,10867,10868,10868,7,7
2019-05-06 15:40:39.397,10868,10869,10869,1,1
2019-05-06 15:40:44.815,10868,10869,10868,1,-1
2019-05-06 15:41:02.198,10867,10868,10868,4,4
2019-05-06 15:41:19.112,10867,10868,10867,2,-2
2019-05-06 15:41:19.167,10867,10868,10867,4,-4
2019-05-06 15:41:20.760,10866,10867,10867,1,1
2019-05-06 15:41:29.090,10866,10867,10866,6,-6
2019-05-06 15:41:29.090,10866,10867,10866,3,-3
2019-05-06 15:41:29.167,10866,10867,10866,1,-1
2019-05-06 15:41:38.648,10866,10867,10866,1,-1
2019-05-06 15:41:51.780,10865,10866,10866,2,2
2019-05-06 15:41:58.269,10865,10866,10865,5,-5
2019-05-06 15:42:00.456,10865,10866,10865,1,-1
2019-05-06 15:42:04.389,10865,10866,10865,1,-1
2019-05-06 15:42:05.598,10865,10866,10865,1,-1
2019-05-06 15:42:05.956,10865,10866,10865,1,-1
2019-05-06 15:42:06.042,10865,10866,10865,1,-1
2019-05-06 15:42:06.549,10865,10866,10865,8,-8
2019-05-06 15:42:08.283,10864,10865,10864,1,-1
2019-05-06 15:42:08.449,10864,10865,10864,1,-1
2019-05-06 15:42:08.996,10864,10865,10864,1,-1
2019-05-06 15:42:13.441,10864,10865,10864,1,-1
2019-05-06 15:42:13.969,10864,10865,10864,1,-1
2019-05-06 15:42:14.833,10864,10865,10864,5,-5
2019-05-06 15:42:16.162,10864,10865,10864,1,-1
2019-05-06 15:42:18.275,10864,10865,10864,1,-1
2019-05-06 15:42:20.856,10863,10864,10863,1,-1
2019-05-06 15:42:21.483,10863,10864,10863,13,-13
2019-05-06 15:42:21.674,10863,10864,10864,2,2
2019-05-06 15:42:22.819,10863,10864,10863,10,-10
2019-05-06 15:42:22.919,10863,10864,10863,1,-1
2019-05-06 15:42:24.720,10862,10863,10862,1,-1
2019-05-06 15:42:27.220,10862,10863,10862,1,-1
2019-05-06 15:42:30.138,10862,10863,10863,4,4
2019-05-06 15:42:34.860,10863,10864,10863,1,-1
2019-05-06 15:42:39.092,10863,10864,10863,1,-1
2019-05-06 15:42:40.869,10863,10864,10863,2,-2
2019-05-06 15:42:42.133,10863,10864,10863,2,-2
2019-05-06 15:42:48.045,10863,10864,10864,1,1
2019-05-06 15:42:49.447,10863,10864,10863,2,-2
2019-05-06 15:42:49.843,10863,10864,10863,1,-1
2019-05-06 15:42:51.437,10863,10864,10864,2,2
2019-05-06 15:42:54.427,10863,10864,10863,1,-1
2019-05-06 15:42:54.542,10863,10864,10863,1,-1
2019-05-06 15:42:54.667,10863,10864,10863,3,-3
2019-05-06 15:42:54.667,10863,10864,10863,1,-1
2019-05-06 15:42:54.792,10863,10864,10863,1,-1
2019-05-06 15:42:54.792,10863,10864,10863,1,-1
2019-05-06 15:42:54.792,10863,10864,10863,2,-2
2019-05-06 15:42:54.792,10863,10864,10863,2,-2
2019-05-06 15:42:54.792,10863,10864,10863,1,-1
2019-05-06 15:42:54.793,10863,10864,10863,5,-5
2019-05-06 15:42:54.793,10863,10864,10863,1,-1
2019-05-06 15:42:54.793,10863,10864,10863,6,-6
2019-05-06 15:42:54.793,10863,10864,10863,2,-2
2019-05-06 15:42:54.917,10863,10864,10863,1,-1
2019-05-06 15:42:54.917,10863,10864,10863,3,-3
2019-05-06 15:42:54.917,10863,10864,10863,1,-1
2019-05-06 15:42:58.210,10862,10863,10862,2,-2
2019-05-06 15:43:03.570,10862,10863,10862,2,-2
2019-05-06 15:43:04.235,10862,10863,10862,2,-2
2019-05-06 15:43:04.292,10862,10863,10862,2,-2
2019-05-06 15:43:04.333,10862,10863,10862,2,-2
2019-05-06 15:43:04.417,10862,10863,10862,6,-6
2019-05-06 15:43:04.874,10861,10862,10861,4,-4
2019-05-06 15:43:04.938,10861,10862,10861,2,-2
2019-05-06 15:43:05.573,10861,10862,10861,1,-1
2019-05-06 15:43:06.071,10861,10862,10861,3,-3
2019-05-06 15:43:06.680,10861,10862,10861,1,-1
2019-05-06 15:43:08.412,10861,10862,10862,1,1
2019-05-06 15:43:08.605,10861,10862,10861,5,-5
2019-05-06 15:43:11.075,10861,10862,10861,3,-3
2019-05-06 15:43:12.542,10861,10862,10862,16,16
2019-05-06 15:43:14.031,10862,10863,10862,5,-5
2019-05-06 15:43:19.929,10861,10862,10861,1,-1
2019-05-06 15:43:23.170,10861,10862,10861,2,-2
2019-05-06 15:43:23.651,10860,10862,10860,1,-1
2019-05-06 15:43:23.763,10860,10862,10860,4,-4
2019-05-06 15:43:27.399,10860,10861,10860,1,-1
2019-05-06 15:43:27.642,10860,10861,10860,1,-1
2019-05-06 15:43:28.198,10860,10861,10860,1,-1
2019-05-06 15:43:28.456,10860,10861,10860,1,-1
2019-05-06 15:43:29.592,10860,10861,10860,1,-1
2019-05-06 15:43:32.032,10860,10861,10860,1,-1
2019-05-06 15:43:32.167,10860,10861,10860,1,-1
2019-05-06 15:43:32.818,10860,10861,10860,1,-1
2019-05-06 15:43:34.341,10860,10861,10860,2,-2
2019-05-06 15:43:35.567,10860,10861,10860,1,-1
2019-05-06 15:43:37.574,10860,10861,10860,1,-1
2019-05-06 15:43:38.024,10860,10861,10860,1,-1
2019-05-06 15:43:38.381,10860,10861,10860,1,-1
2019-05-06 15:43:40.752,10860,10861,10860,1,-1
2019-05-06 15:43:41.119,10860,10861,10861,6,6
2019-05-06 15:43:41.119,10860,10861,10861,5,5
2019-05-06 15:43:41.167,10860,10861,10861,2,2
2019-05-06 15:43:41.167,10860,10861,10861,4,4
2019-05-06 15:43:41.167,10860,10861,10861,11,11
2019-05-06 15:43:41.167,10860,10861,10861,1,1
2019-05-06 15:43:41.640,10861,10862,10862,3,3
2019-05-06 15:43:45.939,10861,10862,10862,2,2
2019-05-06 15:43:45.939,10861,10862,10862,2,2
2019-05-06 15:43:45.939,10861,10862,10862,2,2
2019-05-06 15:43:50.180,10862,10863,10862,1,-1
2019-05-06 15:43:52.243,10862,10863,10862,1,-1
2019-05-06 15:43:55.176,10862,10863,10862,1,-1
2019-05-06 15:43:59.147,10862,10863,10862,1,-1
2019-05-06 15:44:00.605,10862,10863,10863,1,1
2019-05-06 15:44:05.464,10862,10863,10863,1,1
2019-05-06 15:44:08.869,10862,10863,10863,4,4
2019-05-06 15:44:13.462,10862,10863,10863,1,1
2019-05-06 15:44:15.157,10862,10863,10863,2,2
2019-05-06 15:44:16.432,10862,10863,10863,2,2
2019-05-06 15:44:16.432,10862,10863,10863,1,1
2019-05-06 15:44:16.432,10862,10863,10863,1,1
2019-05-06 15:44:16.432,10862,10863,10863,2,2
2019-05-06 15:44:17.734,10863,10864,10863,1,-1
2019-05-06 15:44:24.716,10863,10864,10864,1,1
2019-05-06 15:44:25.491,10863,10864,10864,1,1
2019-05-06 15:44:25.542,10863,10864,10864,1,1
2019-05-06 15:44:25.542,10863,10864,10864,1,1
2019-05-06 15:44:25.542,10863,10864,10864,2,2
2019-05-06 15:44:25.543,10863,10864,10864,1,1
2019-05-06 15:44:25.592,10863,10864,10865,1,1
2019-05-06 15:44:30.022,10864,10865,10864,2,-2
2019-05-06 15:44:30.950,10863,10864,10864,1,1
2019-05-06 15:44:45.930,10863,10864,10864,1,1
2019-05-06 15:45:00.094,10864,10865,10864,1,-1
2019-05-06 15:45:01.130,10863,10864,10863,5,-5
2019-05-06 15:45:02.615,10862,10864,10863,1,-1
2019-05-06 15:45:09.579,10862,10863,10863,1,1
2019-05-06 15:45:20.613,10862,10863,10863,3,3
2019-05-06 15:45:24.704,10863,10864,10863,1,-1
2019-05-06 15:45:32.320,10862,10864,10862,1,-1
2019-05-06 15:45:41.580,10862,10863,10862,2,-2
2019-05-06 15:45:46.721,10862,10863,10862,1,-1
2019-05-06 15:45:53.288,10862,10863,10863,2,2
2019-05-06 15:45:53.289,10862,10863,10863,2,2
2019-05-06 15:45:54.786,10863,10864,10863,1,-1
2019-05-06 15:45:55.361,10863,10864,10863,1,-1
2019-05-06 15:46:00.672,10863,10864,10863,1,-1
2019-05-06 15:46:02.749,10863,10864,10864,1,1
2019-05-06 15:46:12.203,10864,10865,10864,2,-2
2019-05-06 15:46:16.800,10864,10865,10864,1,-1
2019-05-06 15:46:18.439,10864,10865,10864,1,-1
2019-05-06 15:46:34.162,10864,10865,10864,1,-1
2019-05-06 15:46:37.581,10864,10865,10864,1,-1
2019-05-06 15:46:37.642,10864,10865,10864,1,-1
2019-05-06 15:46:52.041,10864,10865,10864,1,-1
2019-05-06 15:46:57.620,10864,10865,10865,8,8
2019-05-06 15:46:57.620,10864,10865,10865,2,2
2019-05-06 15:46:57.621,10864,10865,10865,8,8
2019-05-06 15:46:57.630,10864,10865,10865,5,5
2019-05-06 15:47:00.581,10865,10866,10866,1,1
2019-05-06 15:47:00.667,10865,10866,10866,2,2
2019-05-06 15:47:00.792,10865,10866,10866,2,2
2019-05-06 15:47:02.859,10865,10866,10866,3,3
2019-05-06 15:47:04.497,10865,10866,10866,2,2
2019-05-06 15:47:07.126,10865,10866,10866,1,1
2019-05-06 15:47:11.256,10865,10866,10866,1,1
2019-05-06 15:47:14.284,10865,10866,10866,1,1
2019-05-06 15:47:23.784,10865,10866,10866,6,6
2019-05-06 15:47:25.012,10866,10867,10866,1,-1
2019-05-06 15:47:27.747,10865,10866,10866,2,2
2019-05-06 15:47:35.519,10865,10866,10866,1,1
2019-05-06 15:47:38.542,10865,10866,10865,5,-5
2019-05-06 15:47:42.831,10864,10865,10865,2,2
2019-05-06 15:47:42.872,10864,10865,10865,1,1
2019-05-06 15:47:45.167,10865,10866,10865,1,-1
2019-05-06 15:47:49.583,10865,10866,10866,1,1
2019-05-06 15:47:51.205,10865,10866,10866,2,2
2019-05-06 15:47:52.200,10866,10867,10866,1,-1
2019-05-06 15:47:53.061,10866,10867,10866,1,-1
2019-05-06 15:47:57.183,10866,10867,10866,1,-1
2019-05-06 15:48:03.028,10866,10867,10867,1,1
2019-05-06 15:48:03.450,10866,10867,10866,4,-4
2019-05-06 15:48:07.818,10866,10867,10866,1,-1
2019-05-06 15:48:13.417,10865,10866,10865,1,-1
2019-05-06 15:48:13.732,10864,10866,10865,1,-1
2019-05-06 15:48:26.998,10864,10865,10864,1,-1
2019-05-06 15:48:30.443,10864,10865,10864,1,-1
2019-05-06 15:48:44.400,10863,10864,10863,4,-4
2019-05-06 15:48:45.139,10861,10862,10861,2,-2
2019-05-06 15:48:45.240,10861,10863,10862,1,1
2019-05-06 15:48:47.480,10861,10862,10861,1,-1
2019-05-06 15:48:56.196,10861,10862,10861,3,-3
2019-05-06 15:49:04.682,10861,10862,10861,1,-1
2019-05-06 15:49:06.832,10861,10862,10861,3,-3
2019-05-06 15:49:07.039,10860,10861,10860,3,-3
2019-05-06 15:49:07.040,10860,10861,10860,7,-7
2019-05-06 15:49:07.292,10859,10860,10859,1,-1
2019-05-06 15:49:07.292,10859,10860,10859,3,-3
2019-05-06 15:49:07.292,10859,10860,10859,3,-3
2019-05-06 15:49:07.303,10859,10860,10859,1,-1
2019-05-06 15:49:07.311,10859,10860,10859,2,-2
2019-05-06 15:49:07.339,10859,10860,10859,2,-2
2019-05-06 15:49:07.494,10858,10859,10858,1,-1
2019-05-06 15:49:07.542,10858,10859,10858,5,-5
2019-05-06 15:49:07.579,10858,10859,10857,1,-1
2019-05-06 15:49:07.793,10857,10858,10858,2,2
2019-05-06 15:49:08.153,10857,10858,10857,2,-2
2019-05-06 15:49:08.711,10857,10858,10858,1,1
2019-05-06 15:49:09.979,10857,10858,10858,2,2
2019-05-06 15:49:09.979,10857,10858,10858,1,1
2019-05-06 15:49:09.980,10857,10858,10858,1,1
2019-05-06 15:49:10.397,10858,10859,10859,1,1
2019-05-06 15:49:12.448,10858,10860,10859,1,-1
2019-05-06 15:49:13.450,10859,10860,10859,1,-1
2019-05-06 15:49:16.963,10859,10860,10860,4,4
2019-05-06 15:49:17.194,10859,10860,10859,1,-1
2019-05-06 15:49:27.444,10859,10860,10859,3,-3
2019-05-06 15:49:27.448,10859,10860,10860,11,11
2019-05-06 15:49:27.542,10859,10860,10860,10,10
2019-05-06 15:49:27.778,10859,10861,10860,1,-1
2019-05-06 15:49:33.725,10860,10861,10860,1,-1
2019-05-06 15:49:35.500,10859,10860,10859,1,-1
2019-05-06 15:49:38.135,10859,10860,10860,1,1
2019-05-06 15:49:40.464,10859,10860,10860,1,1
2019-05-06 15:49:43.009,10860,10861,10861,1,1
2019-05-06 15:49:46.498,10860,10861,10861,1,1
2019-05-06 15:49:53.188,10860,10861,10861,1,1
2019-05-06 15:49:53.390,10860,10861,10861,1,1
2019-05-06 15:49:53.628,10860,10861,10861,1,1
2019-05-06 15:49:53.830,10860,10861,10861,1,1
2019-05-06 15:49:54.324,10860,10861,10861,1,1
2019-05-06 15:49:57.070,10860,10861,10860,1,-1
2019-05-06 15:50:04.683,10860,10861,10860,1,-1
2019-05-06 15:50:06.270,10860,10861,10861,2,2
2019-05-06 15:50:06.844,10860,10861,10860,1,-1
2019-05-06 15:50:07.235,10860,10861,10860,2,-2
2019-05-06 15:50:13.087,10860,10861,10861,2,2
2019-05-06 15:50:13.167,10860,10861,10861,2,2
2019-05-06 15:50:19.316,10860,10861,10860,3,-3
2019-05-06 15:50:23.142,10860,10861,10860,1,-1
2019-05-06 15:50:53.860,10860,10861,10860,5,-5
2019-05-06 15:50:55.235,10860,10861,10860,1,-1
2019-05-06 15:50:57.194,10860,10861,10860,1,-1
2019-05-06 15:50:57.712,10860,10861,10861,8,8
2019-05-06 15:50:58.917,10861,10862,10861,1,-1
2019-05-06 15:50:59.585,10861,10862,10861,1,-1
2019-05-06 15:50:59.586,10861,10862,10861,1,-1
2019-05-06 15:51:03.944,10860,10862,10862,3,3
2019-05-06 15:51:09.917,10861,10862,10861,1,-1
2019-05-06 15:51:24.826,10861,10862,10862,1,1
2019-05-06 15:51:24.827,10861,10862,10862,1,1
2019-05-06 15:51:33.683,10861,10862,10862,1,1
2019-05-06 15:51:46.795,10860,10861,10861,1,1
2019-05-06 15:51:53.580,10860,10861,10861,1,1
2019-05-06 15:52:07.901,10862,10863,10863,1,1
2019-05-06 15:52:23.681,10862,10863,10862,1,-1
2019-05-06 15:52:23.792,10862,10863,10862,3,-3
2019-05-06 15:52:23.792,10862,10863,10862,1,-1
2019-05-06 15:52:23.887,10862,10863,10862,1,-1
2019-05-06 15:52:23.917,10862,10863,10862,3,-3
2019-05-06 15:52:23.917,10862,10863,10862,2,-2
2019-05-06 15:52:23.917,10862,10863,10862,2,-2
2019-05-06 15:52:23.917,10862,10863,10862,1,-1
2019-05-06 15:52:26.183,10861,10862,10862,1,1
2019-05-06 15:52:32.013,10861,10862,10862,1,1
2019-05-06 15:52:34.516,10861,10862,10861,1,-1
2019-05-06 15:52:44.442,10861,10862,10862,1,1
2019-05-06 15:52:45.403,10861,10862,10862,1,1
2019-05-06 15:53:02.004,10862,10863,10862,2,-2
2019-05-06 15:53:12.523,10862,10863,10862,1,-1
2019-05-06 15:53:25.037,10861,10862,10862,3,3
2019-05-06 15:53:33.765,10862,10863,10862,2,-2
2019-05-06 15:53:34.519,10862,10863,10862,1,-1
2019-05-06 15:53:34.556,10862,10863,10862,2,-2
2019-05-06 15:53:34.557,10862,10863,10862,1,-1
2019-05-06 15:53:50.281,10861,10862,10861,6,-6
2019-05-06 15:53:56.042,10860,10861,10861,2,2
2019-05-06 15:53:56.203,10860,10862,10860,7,-7
2019-05-06 15:53:56.703,10860,10861,10861,1,1
2019-05-06 15:54:00.923,10860,10861,10860,1,-1
2019-05-06 15:54:02.016,10860,10861,10860,1,-1
2019-05-06 15:54:02.985,10859,10860,10860,1,1
2019-05-06 15:54:02.985,10859,10860,10861,1,1
2019-05-06 15:54:10.417,10859,10860,10859,2,-2
2019-05-06 15:54:10.542,10859,10860,10859,2,-2
2019-05-06 15:54:14.350,10858,10859,10859,4,4
2019-05-06 15:54:14.350,10858,10859,10859,4,4
2019-05-06 15:54:15.528,10858,10860,10860,1,1
2019-05-06 15:54:16.830,10858,10860,10858,1,-1
2019-05-06 15:54:25.424,10859,10860,10860,2,2
2019-05-06 15:54:27.943,10859,10860,10859,1,-1
2019-05-06 15:54:35.157,10859,10860,10859,1,-1
2019-05-06 15:54:35.223,10859,10860,10859,1,-1
2019-05-06 15:54:35.317,10858,10859,10859,1,1
2019-05-06 15:54:36.518,10858,10859,10859,2,2
2019-05-06 15:54:37.237,10858,10859,10859,1,1
2019-05-06 15:54:45.019,10859,10860,10859,1,-1
2019-05-06 15:54:46.934,10859,10860,10859,1,-1
2019-05-06 15:54:48.456,10859,10860,10859,1,-1
2019-05-06 15:54:54.599,10859,10860,10860,3,3
2019-05-06 15:54:54.651,10859,10860,10860,1,1
2019-05-06 15:54:57.631,10860,10861,10860,1,-1
2019-05-06 15:54:57.788,10860,10861,10860,1,-1
2019-05-06 15:55:01.269,10860,10861,10860,1,-1
2019-05-06 15:55:01.269,10860,10861,10859,2,-2
2019-05-06 15:55:05.755,10859,10860,10860,1,1
2019-05-06 15:55:08.465,10860,10861,10860,1,-1
2019-05-06 15:55:10.273,10859,10861,10859,1,-1
2019-05-06 15:55:21.509,10859,10860,10859,1,-1
2019-05-06 15:55:22.009,10859,10860,10859,2,-2
2019-05-06 15:55:22.042,10859,10860,10859,2,-2
2019-05-06 15:55:25.228,10859,10860,10859,1,-1
2019-05-06 15:55:30.679,10859,10860,10859,1,-1
2019-05-06 15:55:38.607,10859,10860,10860,1,1
2019-05-06 15:55:38.644,10859,10860,10860,1,1
2019-05-06 15:55:38.667,10859,10860,10860,1,1
2019-05-06 15:55:40.239,10860,10861,10861,1,1
2019-05-06 15:55:53.767,10860,10861,10861,1,1
2019-05-06 15:56:00.099,10860,10861,10860,1,-1
2019-05-06 15:56:00.387,10859,10860,10860,1,1
2019-05-06 15:56:00.417,10859,10860,10859,2,-2
2019-05-06 15:56:00.417,10859,10860,10859,1,-1
2019-05-06 15:56:08.026,10859,10860,10860,1,1
2019-05-06 15:56:09.255,10859,10860,10860,1,1
2019-05-06 15:56:11.510,10859,10860,10859,1,-1
2019-05-06 15:56:11.614,10859,10860,10859,1,-1
2019-05-06 15:56:11.615,10859,10860,10859,6,-6
2019-05-06 15:56:11.667,10859,10860,10859,2,-2
2019-05-06 15:56:15.374,10858,10859,10859,1,1
2019-05-06 15:56:15.374,10858,10859,10859,1,1
2019-05-06 15:56:17.446,10859,10860,10859,1,-1
2019-05-06 15:56:18.640,10859,10860,10859,1,-1
2019-05-06 15:56:27.402,10859,10860,10859,2,-2
2019-05-06 15:56:33.803,10859,10860,10859,1,-1
2019-05-06 15:56:45.607,10859,10860,10860,10,10
2019-05-06 15:56:45.667,10859,10860,10860,2,2
2019-05-06 15:56:46.250,10859,10860,10860,1,1
2019-05-06 15:56:49.675,10860,10861,10861,2,2
2019-05-06 15:56:50.780,10860,10861,10860,1,-1
2019-05-06 15:56:51.321,10860,10861,10860,1,-1
2019-05-06 15:56:53.924,10860,10861,10860,1,-1
2019-05-06 15:56:54.945,10860,10861,10861,2,2
2019-05-06 15:56:57.067,10860,10861,10861,1,1
2019-05-06 15:56:57.068,10860,10861,10861,1,1
2019-05-06 15:56:57.124,10860,10861,10861,1,1
2019-05-06 15:56:57.167,10860,10861,10861,7,7
2019-05-06 15:56:57.167,10860,10861,10861,4,4
2019-05-06 15:57:00.356,10861,10862,10861,1,-1
2019-05-06 15:57:00.803,10861,10862,10861,1,-1
2019-05-06 15:57:01.683,10861,10862,10861,1,-1
2019-05-06 15:57:03.049,10861,10862,10861,1,-1
2019-05-06 15:57:06.609,10861,10862,10861,2,-2
2019-05-06 15:57:13.457,10861,10862,10862,5,5
2019-05-06 15:57:19.571,10861,10862,10861,1,-1
2019-05-06 15:57:36.044,10861,10862,10862,7,7
2019-05-06 15:57:36.167,10861,10862,10862,1,1
2019-05-06 15:57:36.952,10861,10862,10862,1,1
2019-05-06 15:57:41.024,10861,10862,10862,5,5
2019-05-06 15:57:41.042,10861,10862,10862,10,10
2019-05-06 15:57:42.129,10862,10863,10862,3,-3
2019-05-06 15:57:42.221,10862,10863,10863,2,2
2019-05-06 15:57:51.731,10862,10863,10862,5,-5
2019-05-06 15:57:52.810,10862,10863,10863,2,2
2019-05-06 15:57:55.367,10862,10863,10863,3,3
2019-05-06 15:57:55.758,10862,10863,10863,1,1
2019-05-06 15:57:55.758,10862,10863,10863,1,1
2019-05-06 15:57:58.186,10863,10864,10863,2,-2
2019-05-06 15:58:02.949,10862,10863,10863,2,2
2019-05-06 15:58:03.163,10862,10863,10863,1,1
2019-05-06 15:58:05.845,10862,10863,10863,1,1
2019-05-06 15:58:05.880,10862,10863,10863,1,1
2019-05-06 15:58:12.298,10862,10863,10863,2,2
2019-05-06 15:58:18.249,10863,10864,10863,12,-12
2019-05-06 15:58:22.480,10862,10863,10863,1,1
2019-05-06 15:58:27.346,10863,10864,10864,1,1
2019-05-06 15:58:27.497,10863,10864,10863,1,-1
2019-05-06 15:58:27.679,10863,10864,10864,1,1
2019-05-06 15:58:29.644,10863,10864,10864,3,3
2019-05-06 15:58:30.478,10864,10865,10865,1,1
2019-05-06 15:58:30.586,10864,10865,10865,1,1
2019-05-06 15:58:32.789,10864,10865,10865,1,1
2019-05-06 15:58:33.226,10864,10865,10865,1,1
2019-05-06 15:58:38.082,10864,10865,10865,1,1
2019-05-06 15:58:40.761,10863,10864,10864,1,1
2019-05-06 15:58:42.645,10863,10864,10864,1,1
2019-05-06 15:58:54.731,10863,10864,10864,1,1
2019-05-06 15:59:00.746,10863,10864,10864,1,1
2019-05-06 15:59:01.777,10863,10864,10864,1,1
2019-05-06 15:59:07.511,10863,10864,10864,1,1
2019-05-06 15:59:27.913,10863,10864,10864,1,1
2019-05-06 15:59:28.379,10863,10864,10863,4,-4
2019-05-06 15:59:45.982,10863,10864,10863,4,-4
2019-05-06 15:59:58.901,10862,10863,10862,3,-3
2019-05-06 16:00:00.667,10862,10863,10863,1,1
2019-05-06 16:00:00.746,10862,10863,10863,5,5
2019-05-06 16:00:00.795,10862,10864,10863,1,-1
2019-05-06 16:00:01.435,10863,10864,10863,1,-1
2019-05-06 16:00:01.796,10863,10864,10862,1,-1
2019-05-06 16:00:01.935,10862,10864,10864,1,1
2019-05-06 16:00:03.022,10863,10864,10864,1,1
2019-05-06 16:00:11.923,10862,10864,10864,1,1
2019-05-06 16:00:12.167,10862,10863,10863,1,1
2019-05-06 16:00:12.183,10862,10863,10863,1,1
2019-05-06 16:00:12.194,10862,10863,10863,1,1
2019-05-06 16:00:12.208,10862,10863,10863,1,1
2019-05-06 16:01:00.863,10863,10864,10863,8,-8
2019-05-06 16:01:00.917,10863,10864,10863,1,-1
2019-05-06 16:01:05.537,10863,10864,10863,1,-1
2019-05-06 16:01:05.542,10863,10864,10863,2,-2
2019-05-06 16:01:05.542,10863,10864,10863,1,-1
2019-05-06 16:01:08.448,10862,10863,10862,1,-1
2019-05-06 16:01:13.784,10862,10863,10863,1,1
2019-05-06 16:01:16.255,10862,10863,10862,1,-1
2019-05-06 16:01:16.255,10862,10863,10861,1,-1
2019-05-06 16:01:42.051,10861,10863,10862,1,1
2019-05-06 16:01:43.481,10861,10862,10861,1,-1
2019-05-06 16:01:49.526,10861,10862,10861,1,-1
2019-05-06 16:01:59.558,10861,10862,10861,3,-3
2019-05-06 16:02:00.663,10860,10861,10860,11,-11
2019-05-06 16:02:00.667,10860,10861,10860,2,-2
2019-05-06 16:02:07.354,10859,10860,10860,1,1
2019-05-06 16:02:10.962,10859,10860,10860,1,1
2019-05-06 16:02:14.517,10859,10860,10860,1,1
2019-05-06 16:02:22.231,10859,10860,10859,1,-1
2019-05-06 16:02:24.587,10859,10860,10859,1,-1
2019-05-06 16:02:25.380,10859,10860,10860,1,1
2019-05-06 16:02:26.574,10859,10860,10860,13,13
2019-05-06 16:02:36.628,10860,10861,10861,1,1
2019-05-06 16:02:38.915,10860,10861,10860,1,-1
2019-05-06 16:02:40.617,10860,10861,10861,1,1
2019-05-06 16:02:40.667,10860,10861,10861,1,1
2019-05-06 16:02:40.984,10860,10862,10861,1,-1
2019-05-06 16:02:50.408,10861,10862,10861,2,-2
2019-05-06 16:02:51.910,10861,10862,10861,1,-1
2019-05-06 16:02:52.334,10861,10862,10861,1,-1
2019-05-06 16:02:52.588,10860,10862,10860,1,-1
2019-05-06 16:02:54.666,10860,10861,10861,1,1
2019-05-06 16:02:57.507,10860,10861,10861,4,4
2019-05-06 16:03:00.430,10861,10862,10861,1,-1
2019-05-06 16:03:03.819,10861,10862,10862,1,1
2019-05-06 16:03:07.878,10861,10862,10862,9,9
2019-05-06 16:03:10.226,10862,10863,10862,1,-1
2019-05-06 16:03:10.946,10862,10863,10862,1,-1
2019-05-06 16:03:21.780,10862,10863,10863,1,1
2019-05-06 16:03:26.750,10862,10863,10863,1,1
2019-05-06 16:03:26.935,10862,10863,10862,3,-3
2019-05-06 16:03:40.819,10862,10863,10862,1,-1
2019-05-06 16:03:40.896,10862,10863,10863,10,10
2019-05-06 16:03:40.917,10862,10863,10863,3,3
2019-05-06 16:04:06.082,10863,10864,10864,1,1
2019-05-06 16:04:13.673,10863,10864,10863,5,-5
2019-05-06 16:04:30.240,10863,10864,10863,1,-1
2019-05-06 16:04:34.429,10863,10864,10864,1,1
2019-05-06 16:04:34.431,10863,10864,10864,2,2
2019-05-06 16:04:34.432,10863,10864,10864,4,4
2019-05-06 16:04:34.471,10863,10864,10864,1,1
2019-05-06 16:04:34.472,10863,10864,10864,4,4
2019-05-06 16:04:34.472,10863,10864,10864,2,2
2019-05-06 16:04:34.472,10863,10864,10864,1,1
2019-05-06 16:04:45.804,10864,10865,10864,1,-1
2019-05-06 16:04:47.777,10864,10865,10864,5,-5
2019-05-06 16:04:49.834,10864,10865,10864,2,-2
2019-05-06 16:04:58.542,10864,10865,10865,1,1
2019-05-06 16:04:58.742,10864,10865,10864,1,-1
2019-05-06 16:04:58.954,10864,10865,10865,1,1
2019-05-06 16:05:04.577,10864,10865,10864,1,-1
2019-05-06 16:05:12.231,10864,10865,10864,7,-7
2019-05-06 16:05:12.642,10863,10864,10864,1,1
2019-05-06 16:05:20.728,10863,10864,10864,9,9
2019-05-06 16:05:20.728,10863,10864,10865,70,70
2019-05-06 16:05:20.792,10864,10865,10865,1,1
2019-05-06 16:05:20.917,10865,10866,10866,5,5
2019-05-06 16:05:22.182,10865,10866,10866,1,1
2019-05-06 16:05:25.114,10865,10866,10865,1,-1
2019-05-06 16:05:28.471,10864,10866,10866,1,1
2019-05-06 16:05:34.292,10865,10866,10865,1,-1
2019-05-06 16:05:35.379,10864,10866,10866,1,1
2019-05-06 16:05:45.634,10864,10865,10865,1,1
2019-05-06 16:05:46.222,10864,10865,10865,1,1
2019-05-06 16:05:46.222,10864,10865,10866,1,1
2019-05-06 16:05:59.288,10864,10865,10865,1,1
2019-05-06 16:06:11.513,10864,10865,10865,1,1
2019-05-06 16:06:18.167,10864,10865,10865,8,8
2019-05-06 16:06:21.970,10865,10866,10865,6,-6
2019-05-06 16:06:24.719,10865,10866,10865,1,-1
2019-05-06 16:06:27.898,10865,10866,10865,1,-1
2019-05-06 16:06:30.626,10865,10866,10865,1,-1
2019-05-06 16:06:36.179,10865,10866,10865,1,-1
2019-05-06 16:06:40.792,10864,10865,10865,1,1
2019-05-06 16:06:40.945,10864,10865,10865,1,1
2019-05-06 16:06:55.883,10865,10866,10866,5,5
2019-05-06 16:07:02.336,10865,10866,10866,1,1
2019-05-06 16:07:03.025,10865,10866,10866,3,3
2019-05-06 16:07:04.254,10865,10866,10866,1,1
2019-05-06 16:07:07.723,10865,10866,10866,2,2
2019-05-06 16:07:09.297,10866,10867,10866,1,-1
2019-05-06 16:07:13.388,10865,10867,10867,2,2
2019-05-06 16:07:25.715,10866,10867,10867,1,1
2019-05-06 16:07:27.510,10866,10867,10867,3,3
2019-05-06 16:07:29.137,10866,10867,10867,10,10
2019-05-06 16:07:35.979,10866,10867,10867,1,1
2019-05-06 16:07:36.037,10866,10867,10867,5,5
2019-05-06 16:07:36.042,10866,10867,10867,2,2
2019-05-06 16:07:37.444,10867,10868,10868,9,9
2019-05-06 16:07:46.662,10867,10868,10867,1,-1
2019-05-06 16:07:53.988,10867,10868,10867,1,-1
2019-05-06 16:07:54.902,10867,10868,10867,2,-2
2019-05-06 16:08:07.057,10866,10867,10866,9,-9
2019-05-06 16:08:07.167,10866,10867,10866,4,-4
2019-05-06 16:08:09.611,10865,10866,10865,3,-3
2019-05-06 16:08:10.304,10865,10866,10866,1,1
2019-05-06 16:08:10.694,10865,10866,10866,3,3
2019-05-06 16:08:11.095,10865,10867,10867,1,1
2019-05-06 16:08:20.490,10866,10867,10866,5,-5
2019-05-06 16:08:33.739,10866,10867,10866,1,-1
2019-05-06 16:08:49.366,10866,10867,10866,2,-2
2019-05-06 16:08:50.110,10866,10867,10866,2,-2
2019-05-06 16:08:53.730,10866,10867,10866,1,-1
2019-05-06 16:08:58.167,10866,10867,10866,1,-1
2019-05-06 16:09:02.242,10866,10867,10867,2,2
2019-05-06 16:09:12.102,10865,10866,10866,2,2
2019-05-06 16:09:12.317,10865,10866,10866,1,1
2019-05-06 16:09:58.483,10865,10866,10866,2,2
2019-05-06 16:10:02.353,10865,10866,10866,2,2
2019-05-06 16:10:19.930,10865,10866,10865,2,-2
2019-05-06 16:10:21.071,10865,10866,10866,5,5
2019-05-06 16:10:42.414,10866,10867,10866,1,-1
2019-05-06 16:10:55.407,10866,10867,10866,1,-1
2019-05-06 16:11:11.145,10866,10867,10866,1,-1
2019-05-06 16:11:11.176,10866,10867,10866,1,-1
2019-05-06 16:11:20.287,10866,10867,10866,1,-1
2019-05-06 16:11:34.183,10866,10867,10867,1,1
2019-05-06 16:11:36.826,10866,10867,10867,1,1
2019-05-06 16:11:43.742,10866,10867,10866,1,-1
2019-05-06 16:11:49.567,10866,10867,10866,1,-1
2019-05-06 16:11:51.993,10866,10867,10867,1,1
2019-05-06 16:12:02.584,10866,10867,10867,2,2
2019-05-06 16:12:07.483,10866,10867,10867,1,1
2019-05-06 16:12:08.610,10866,10867,10866,5,-5
2019-05-06 16:12:09.036,10866,10867,10866,5,-5
2019-05-06 16:12:09.458,10866,10867,10866,5,-5
2019-05-06 16:12:32.868,10865,10866,10866,2,2
2019-05-06 16:12:32.871,10865,10866,10866,5,5
2019-05-06 16:12:35.557,10866,10867,10867,2,2
2019-05-06 16:12:43.027,10866,10867,10866,2,-2
2019-05-06 16:12:51.239,10865,10866,10866,5,5
2019-05-06 16:13:02.691,10865,10866,10866,2,2
2019-05-06 16:13:18.292,10865,10866,10865,1,-1
2019-05-06 16:13:18.321,10865,10866,10865,3,-3
2019-05-06 16:13:18.327,10865,10866,10865,2,-2
2019-05-06 16:13:26.338,10864,10865,10864,1,-1
2019-05-06 16:13:32.240,10864,10865,10864,2,-2
2019-05-06 16:13:37.325,10864,10865,10865,1,1
2019-05-06 16:13:44.874,10864,10865,10865,2,2
2019-05-06 16:13:45.083,10864,10865,10865,1,1
2019-05-06 16:13:52.693,10864,10865,10864,2,-2
2019-05-06 16:13:57.462,10864,10865,10865,1,1
2019-05-06 16:14:01.516,10864,10865,10864,2,-2
2019-05-06 16:14:02.801,10864,10865,10865,6,6
2019-05-06 16:14:08.042,10864,10865,10864,1,-1
2019-05-06 16:14:18.484,10863,10864,10863,4,-4
2019-05-06 16:14:21.171,10863,10864,10864,1,1
2019-05-06 16:14:39.955,10863,10864,10864,1,1
2019-05-06 16:14:47.561,10863,10864,10863,1,-1
2019-05-06 16:14:55.077,10863,10864,10863,5,-5
2019-05-06 16:14:57.856,10863,10864,10863,1,-1
2019-05-06 16:15:02.947,10863,10864,10864,1,1
2019-05-06 16:15:18.615,10863,10864,10863,3,-3
2019-05-06 16:15:20.789,10863,10864,10863,1,-1
2019-05-06 16:15:24.819,10863,10864,10863,1,-1
2019-05-06 16:15:30.204,10863,10864,10863,12,-12
2019-05-06 16:15:32.350,10862,10863,10862,2,-2
2019-05-06 16:15:34.670,10862,10863,10862,1,-1
2019-05-06 16:15:38.346,10862,10863,10863,1,1
2019-05-06 16:16:03.104,10862,10863,10863,1,1
2019-05-06 16:16:07.680,10862,10863,10862,1,-1
2019-05-06 16:16:24.013,10862,10863,10862,1,-1
2019-05-06 16:16:37.195,10862,10863,10862,1,-1
2019-05-06 16:16:49.055,10862,10863,10863,7,7
2019-05-06 16:17:02.168,10862,10863,10863,2,2
2019-05-06 16:17:11.164,10862,10863,10863,5,5
2019-05-06 16:17:11.890,10862,10863,10863,1,1
2019-05-06 16:17:17.651,10863,10864,10863,5,-5
2019-05-06 16:17:24.183,10863,10864,10864,11,11
2019-05-06 16:17:24.218,10863,10864,10864,3,3
2019-05-06 16:17:30.841,10864,10865,10864,1,-1
2019-05-06 16:17:35.216,10864,10865,10865,1,1
2019-05-06 16:17:41.843,10864,10865,10865,2,2
2019-05-06 16:17:44.090,10864,10865,10864,1,-1
2019-05-06 16:17:49.658,10864,10865,10864,1,-1
2019-05-06 16:18:28.512,10864,10865,10865,1,1
2019-05-06 16:18:29.741,10864,10865,10865,2,2
2019-05-06 16:18:36.831,10864,10865,10865,3,3
2019-05-06 16:19:02.418,10864,10865,10865,1,1
2019-05-06 16:19:37.600,10864,10865,10864,2,-2
2019-05-06 16:19:49.999,10864,10865,10864,1,-1
2019-05-06 16:19:49.999,10864,10865,10864,1,-1
2019-05-06 16:19:50.001,10864,10865,10864,6,-6
2019-05-06 16:19:50.001,10864,10865,10864,1,-1
2019-05-06 16:19:50.002,10864,10865,10864,3,-3
2019-05-06 16:19:50.002,10864,10865,10864,1,-1
2019-05-06 16:20:17.367,10863,10864,10864,1,1
2019-05-06 16:20:17.371,10863,10864,10863,2,-2
2019-05-06 16:20:17.867,10863,10864,10863,1,-1
2019-05-06 16:20:17.973,10863,10864,10863,2,-2
2019-05-06 16:20:33.536,10862,10863,10862,1,-1
2019-05-06 16:20:44.012,10862,10863,10862,2,-2
2019-05-06 16:20:55.080,10862,10863,10862,1,-1
2019-05-06 16:20:58.383,10862,10863,10862,1,-1
2019-05-06 16:21:01.634,10862,10863,10863,5,5
2019-05-06 16:21:02.615,10862,10863,10863,1,1
2019-05-06 16:21:08.459,10862,10863,10863,5,5
2019-05-06 16:21:18.665,10862,10863,10863,3,3
2019-05-06 16:21:18.667,10863,10864,10863,2,-2
2019-05-06 16:21:41.758,10863,10864,10863,7,-7
2019-05-06 16:21:43.457,10862,10863,10863,1,1
2019-05-06 16:22:00.680,10862,10863,10863,1,1
2019-05-06 16:22:11.594,10862,10863,10862,6,-6
2019-05-06 16:22:11.858,10861,10862,10861,1,-1
2019-05-06 16:22:16.239,10861,10862,10861,1,-1
2019-05-06 16:22:38.888,10861,10862,10861,1,-1
2019-05-06 16:22:38.933,10861,10862,10862,1,1
2019-05-06 16:22:40.181,10861,10862,10861,1,-1
2019-05-06 16:22:42.365,10861,10862,10861,1,-1
2019-05-06 16:22:44.382,10861,10862,10861,1,-1
2019-05-06 16:23:00.930,10861,10862,10861,1,-1
2019-05-06 16:23:01.191,10861,10862,10862,1,1
2019-05-06 16:23:02.837,10861,10862,10862,2,2
2019-05-06 16:23:11.658,10861,10862,10862,1,1
2019-05-06 16:23:35.983,10861,10862,10862,3,3
2019-05-06 16:23:38.230,10861,10862,10861,1,-1
2019-05-06 16:23:46.205,10861,10862,10861,1,-1
2019-05-06 16:23:53.667,10861,10862,10861,2,-2
2019-05-06 16:23:53.667,10861,10862,10861,2,-2
2019-05-06 16:23:53.667,10861,10862,10861,11,-11
2019-05-06 16:23:53.668,10861,10862,10861,2,-2
2019-05-06 16:23:53.668,10861,10862,10861,2,-2
2019-05-06 16:24:11.983,10860,10861,10860,34,-34
2019-05-06 16:24:12.060,10859,10860,10860,1,1
2019-05-06 16:24:12.071,10859,10860,10859,1,-1
2019-05-06 16:24:13.458,10859,10860,10859,1,-1
2019-05-06 16:24:16.442,10859,10860,10860,2,2
2019-05-06 16:24:18.076,10859,10860,10860,1,1
2019-05-06 16:24:28.011,10859,10860,10859,6,-6
2019-05-06 16:24:33.088,10859,10860,10859,3,-3
2019-05-06 16:24:33.502,10859,10860,10859,1,-1
2019-05-06 16:24:38.493,10859,10860,10859,1,-1
2019-05-06 16:24:56.934,10859,10860,10859,1,-1
2019-05-06 16:25:00.804,10859,10860,10860,2,2
