2024-11-11 15:00:00.090,23558,23561,23554,64,-64
2024-11-11 15:00:00.091,23552,23554,23554,2,2
2024-11-11 15:00:00.092,23552,23554,23554,1,1
2024-11-11 15:00:00.092,23552,23554,23552,1,-1
2024-11-11 15:00:00.093,23552,23554,23552,1,-1
2024-11-11 15:00:00.095,23552,23554,23550,2,-2
2024-11-11 15:00:00.110,23552,23554,23555,1,1
2024-11-11 15:00:00.110,23552,23554,23555,1,1
2024-11-11 15:00:00.110,23552,23554,23557,1,1
2024-11-11 15:00:00.110,23552,23554,23558,1,1
2024-11-11 15:00:00.199,23550,23559,23550,3,-3
2024-11-11 15:00:00.202,23550,23559,23554,4,-4
2024-11-11 15:00:00.226,23550,23559,23554,1,-1
2024-11-11 15:00:00.226,23550,23559,23554,2,-2
2024-11-11 15:00:00.234,23550,23559,23550,5,-5
2024-11-11 15:00:00.247,23548,23559,23555,1,1
2024-11-11 15:00:00.294,23548,23559,23548,1,-1
2024-11-11 15:00:00.301,23548,23559,23559,3,3
2024-11-11 15:00:00.301,23548,23559,23560,2,2
2024-11-11 15:00:00.306,23548,23559,23559,1,1
2024-11-11 15:00:00.322,23548,23559,23560,2,2
2024-11-11 15:00:00.327,23548,23559,23560,3,3
2024-11-11 15:00:00.328,23548,23559,23560,1,1
2024-11-11 15:00:00.329,23548,23559,23560,3,3
2024-11-11 15:00:00.329,23548,23559,23560,2,2
2024-11-11 15:00:00.329,23548,23559,23557,1,1
2024-11-11 15:00:00.333,23548,23559,23560,1,1
2024-11-11 15:00:00.340,23548,23559,23557,1,1
2024-11-11 15:00:00.358,23548,23559,23561,3,3
2024-11-11 15:00:00.367,23554,23559,23559,1,1
2024-11-11 15:00:00.367,23554,23559,23560,1,1
2024-11-11 15:00:00.367,23554,23559,23561,1,1
2024-11-11 15:00:00.393,23554,23559,23561,4,4
2024-11-11 15:00:00.440,23554,23559,23562,3,3
2024-11-11 15:00:00.447,23554,23559,23556,1,-1
2024-11-11 15:00:00.499,23556,23562,23556,2,-2
2024-11-11 15:00:00.516,23556,23562,23556,1,-1
2024-11-11 15:00:00.569,23556,23562,23561,1,1
2024-11-11 15:00:00.703,23556,23560,23560,3,3
2024-11-11 15:00:00.709,23556,23560,23557,1,-1
2024-11-11 15:00:00.722,23556,23560,23560,1,1
2024-11-11 15:00:00.731,23556,23560,23560,1,1
2024-11-11 15:00:00.743,23556,23560,23560,1,1
2024-11-11 15:00:00.743,23556,23560,23556,1,-1
2024-11-11 15:00:00.761,23556,23560,23561,1,1
2024-11-11 15:00:00.802,23556,23560,23556,1,-1
2024-11-11 15:00:00.818,23556,23560,23556,1,-1
2024-11-11 15:00:00.825,23556,23560,23561,1,1
2024-11-11 15:00:00.831,23556,23560,23562,1,1
2024-11-11 15:00:00.843,23556,23560,23556,1,-1
2024-11-11 15:00:00.854,23556,23560,23562,1,1
2024-11-11 15:00:00.856,23556,23560,23563,1,1
2024-11-11 15:00:00.875,23556,23563,23563,2,2
2024-11-11 15:00:00.914,23556,23563,23563,1,1
2024-11-11 15:00:01.011,23556,23563,23562,1,1
2024-11-11 15:00:01.120,23556,23563,23563,1,1
2024-11-11 15:00:01.120,23556,23563,23563,1,1
2024-11-11 15:00:01.121,23556,23563,23563,1,1
2024-11-11 15:00:01.121,23556,23563,23563,1,1
2024-11-11 15:00:01.121,23556,23563,23563,1,1
2024-11-11 15:00:01.406,23556,23560,23560,2,2
2024-11-11 15:00:01.471,23556,23560,23559,1,1
2024-11-11 15:00:01.473,23556,23560,23563,1,1
2024-11-11 15:00:01.484,23556,23560,23561,6,6
2024-11-11 15:00:01.503,23556,23562,23562,1,1
2024-11-11 15:00:01.504,23556,23562,23560,1,1
2024-11-11 15:00:01.510,23556,23562,23562,1,1
2024-11-11 15:00:01.510,23556,23562,23563,1,1
2024-11-11 15:00:01.511,23556,23562,23563,2,2
2024-11-11 15:00:01.511,23556,23562,23564,1,1
2024-11-11 15:00:01.512,23556,23562,23564,1,1
2024-11-11 15:00:01.852,23559,23564,23560,1,-1
2024-11-11 15:00:02.077,23559,23564,23554,1,-1
2024-11-11 15:00:02.077,23559,23564,23557,1,-1
2024-11-11 15:00:02.077,23559,23564,23556,1,-1
2024-11-11 15:00:02.077,23559,23564,23559,1,-1
2024-11-11 15:00:02.077,23559,23564,23558,1,-1
2024-11-11 15:00:03.059,23554,23560,23558,2,2
2024-11-11 15:00:03.315,23557,23558,23558,2,2
2024-11-11 15:00:03.540,23557,23558,23558,2,2
2024-11-11 15:00:04.805,23555,23557,23557,1,1
2024-11-11 15:00:06.011,23556,23558,23556,3,-3
2024-11-11 15:00:06.110,23556,23558,23558,2,2
2024-11-11 15:00:06.439,23556,23557,23557,1,1
2024-11-11 15:00:06.439,23556,23557,23557,1,1
2024-11-11 15:00:06.915,23555,23558,23558,1,1
2024-11-11 15:00:07.164,23555,23558,23555,1,-1
2024-11-11 15:00:07.247,23554,23556,23557,1,1
2024-11-11 15:00:07.250,23554,23556,23558,1,1
2024-11-11 15:00:07.267,23554,23556,23556,1,1
2024-11-11 15:00:07.521,23554,23556,23556,1,1
2024-11-11 15:00:07.739,23554,23556,23556,1,1
2024-11-11 15:00:07.797,23554,23557,23557,1,1
2024-11-11 15:00:09.594,23554,23555,23554,1,-1
2024-11-11 15:00:09.594,23554,23555,23554,3,-3
2024-11-11 15:00:10.404,23553,23555,23553,1,-1
2024-11-11 15:00:10.753,23552,23555,23552,1,-1
2024-11-11 15:00:10.970,23552,23554,23554,1,1
2024-11-11 15:00:11.404,23552,23555,23552,3,-3
2024-11-11 15:00:11.477,23552,23555,23552,1,-1
2024-11-11 15:00:11.477,23552,23555,23551,3,-3
2024-11-11 15:00:11.539,23551,23553,23553,1,1
2024-11-11 15:00:11.887,23551,23553,23553,2,2
2024-11-11 15:00:12.076,23551,23554,23553,1,1
2024-11-11 15:00:12.273,23551,23553,23551,2,-2
2024-11-11 15:00:12.286,23551,23553,23551,1,-1
2024-11-11 15:00:12.404,23549,23552,23549,1,-1
2024-11-11 15:00:13.047,23549,23551,23549,1,-1
2024-11-11 15:00:13.404,23547,23549,23547,1,-1
2024-11-11 15:00:13.405,23547,23549,23547,1,-1
2024-11-11 15:00:13.487,23547,23549,23548,1,-1
2024-11-11 15:00:13.488,23547,23549,23548,1,-1
2024-11-11 15:00:13.520,23547,23549,23548,1,-1
2024-11-11 15:00:13.559,23547,23549,23546,1,-1
2024-11-11 15:00:13.571,23547,23549,23545,1,-1
2024-11-11 15:00:13.626,23545,23548,23548,1,1
2024-11-11 15:00:13.651,23545,23548,23545,1,-1
2024-11-11 15:00:13.672,23545,23548,23548,1,1
2024-11-11 15:00:13.674,23545,23548,23549,1,1
2024-11-11 15:00:13.863,23547,23551,23549,1,1
2024-11-11 15:00:14.404,23545,23548,23545,1,-1
2024-11-11 15:00:14.718,23544,23548,23544,1,-1
2024-11-11 15:00:15.348,23543,23545,23543,1,-1
2024-11-11 15:00:15.409,23541,23544,23544,1,1
2024-11-11 15:00:15.411,23541,23544,23545,1,1
2024-11-11 15:00:15.413,23541,23544,23543,1,1
2024-11-11 15:00:15.585,23542,23546,23546,1,1
2024-11-11 15:00:15.587,23542,23546,23546,2,2
2024-11-11 15:00:15.611,23542,23546,23544,1,1
2024-11-11 15:00:15.690,23543,23546,23543,1,-1
2024-11-11 15:00:15.712,23543,23546,23543,1,-1
2024-11-11 15:00:15.733,23543,23546,23542,1,-1
2024-11-11 15:00:15.781,23542,23545,23542,1,-1
2024-11-11 15:00:15.781,23542,23545,23541,4,-4
2024-11-11 15:00:15.824,23542,23545,23545,1,1
2024-11-11 15:00:15.824,23542,23545,23546,1,1
2024-11-11 15:00:15.848,23542,23545,23542,1,-1
2024-11-11 15:00:15.971,23542,23545,23542,1,-1
2024-11-11 15:00:16.243,23542,23545,23542,1,-1
2024-11-11 15:00:16.319,23542,23545,23545,2,2
2024-11-11 15:00:16.495,23542,23545,23544,1,1
2024-11-11 15:00:16.611,23542,23545,23542,2,-2
2024-11-11 15:00:16.917,23542,23545,23542,1,-1
2024-11-11 15:00:16.926,23542,23545,23542,1,-1
2024-11-11 15:00:17.497,23542,23544,23544,1,1
2024-11-11 15:00:17.499,23542,23544,23544,1,1
2024-11-11 15:00:17.909,23542,23545,23542,1,-1
2024-11-11 15:00:17.939,23542,23545,23545,1,1
2024-11-11 15:00:18.522,23542,23545,23542,1,-1
2024-11-11 15:00:18.533,23542,23545,23542,1,-1
2024-11-11 15:00:18.611,23542,23545,23541,1,-1
2024-11-11 15:00:18.611,23542,23545,23542,3,-3
2024-11-11 15:00:18.620,23540,23544,23544,1,1
2024-11-11 15:00:18.621,23540,23544,23545,1,1
2024-11-11 15:00:18.621,23540,23544,23545,1,1
2024-11-11 15:00:18.622,23540,23544,23546,1,1
2024-11-11 15:00:18.948,23542,23545,23545,2,2
2024-11-11 15:00:19.009,23542,23546,23542,1,-1
2024-11-11 15:00:19.612,23542,23545,23542,2,-2
2024-11-11 15:00:19.689,23540,23544,23540,1,-1
2024-11-11 15:00:19.962,23543,23545,23543,1,-1
2024-11-11 15:00:20.539,23542,23545,23545,3,3
2024-11-11 15:00:20.612,23542,23545,23543,2,-2
2024-11-11 15:00:20.612,23542,23545,23542,10,-10
2024-11-11 15:00:20.660,23542,23545,23542,3,-3
2024-11-11 15:00:20.660,23542,23545,23541,4,-4
2024-11-11 15:00:20.660,23542,23545,23540,5,-5
2024-11-11 15:00:20.665,23542,23545,23542,1,-1
2024-11-11 15:00:20.976,23541,23544,23541,1,-1
2024-11-11 15:00:20.976,23541,23544,23540,2,-2
2024-11-11 15:00:21.328,23539,23542,23538,1,-1
2024-11-11 15:00:21.328,23539,23542,23539,3,-3
2024-11-11 15:00:21.428,23538,23541,23537,3,-3
2024-11-11 15:00:21.428,23538,23541,23538,2,-2
2024-11-11 15:00:21.479,23538,23541,23536,1,-1
2024-11-11 15:00:21.660,23536,23540,23536,1,-1
2024-11-11 15:00:21.715,23536,23540,23536,2,-2
2024-11-11 15:00:21.914,23535,23538,23535,1,-1
2024-11-11 15:00:22.196,23535,23538,23535,3,-3
2024-11-11 15:00:22.197,23535,23538,23536,1,-1
2024-11-11 15:00:22.253,23533,23537,23533,1,-1
2024-11-11 15:00:22.295,23533,23537,23533,1,-1
2024-11-11 15:00:22.297,23533,23537,23536,1,1
2024-11-11 15:00:22.431,23533,23537,23536,1,1
2024-11-11 15:00:22.445,23533,23537,23533,1,-1
2024-11-11 15:00:22.539,23533,23537,23533,2,-2
2024-11-11 15:00:22.558,23533,23537,23533,1,-1
2024-11-11 15:00:22.586,23533,23537,23533,1,-1
2024-11-11 15:00:22.660,23532,23536,23532,1,-1
2024-11-11 15:00:22.694,23532,23536,23533,1,-1
2024-11-11 15:00:22.741,23532,23536,23532,1,-1
2024-11-11 15:00:22.833,23532,23536,23532,1,-1
2024-11-11 15:00:22.835,23532,23536,23535,1,1
2024-11-11 15:00:22.978,23532,23536,23536,2,2
2024-11-11 15:00:22.991,23532,23536,23537,2,2
2024-11-11 15:00:23.043,23534,23538,23536,1,1
2024-11-11 15:00:23.047,23534,23538,23537,1,1
2024-11-11 15:00:23.050,23534,23538,23536,1,1
2024-11-11 15:00:23.155,23535,23536,23536,1,1
2024-11-11 15:00:23.212,23535,23536,23534,1,-1
2024-11-11 15:00:23.400,23533,23536,23536,1,1
2024-11-11 15:00:23.402,23533,23536,23537,1,1
2024-11-11 15:00:23.581,23535,23538,23535,1,-1
2024-11-11 15:00:23.775,23535,23538,23535,1,-1
2024-11-11 15:00:23.942,23534,23538,23534,1,-1
2024-11-11 15:00:23.944,23534,23538,23537,1,1
2024-11-11 15:00:24.009,23534,23538,23538,1,1
2024-11-11 15:00:24.127,23534,23538,23538,1,1
2024-11-11 15:00:24.756,23534,23538,23537,1,1
2024-11-11 15:00:24.897,23534,23538,23537,1,1
2024-11-11 15:00:25.472,23534,23538,23538,1,1
2024-11-11 15:00:25.474,23534,23538,23539,1,1
2024-11-11 15:00:25.544,23536,23540,23539,1,1
2024-11-11 15:00:26.128,23536,23540,23536,1,-1
2024-11-11 15:00:26.128,23536,23540,23535,1,-1
2024-11-11 15:00:26.638,23535,23539,23538,1,1
2024-11-11 15:00:27.749,23536,23540,23536,1,-1
2024-11-11 15:00:27.871,23535,23539,23539,1,1
2024-11-11 15:00:27.871,23535,23539,23540,1,1
2024-11-11 15:00:28.937,23537,23540,23537,1,-1
2024-11-11 15:00:28.937,23537,23540,23536,2,-2
2024-11-11 15:00:28.937,23537,23540,23536,2,-2
2024-11-11 15:00:29.158,23535,23538,23538,1,1
2024-11-11 15:00:29.339,23535,23539,23539,1,1
2024-11-11 15:00:29.594,23535,23539,23536,1,-1
2024-11-11 15:00:30.169,23535,23539,23539,1,1
2024-11-11 15:00:30.321,23536,23540,23538,1,1
2024-11-11 15:00:30.573,23536,23540,23536,1,-1
2024-11-11 15:00:30.758,23536,23538,23536,1,-1
2024-11-11 15:00:31.850,23537,23538,23537,1,-1
2024-11-11 15:00:31.920,23536,23538,23536,2,-2
2024-11-11 15:00:32.510,23536,23538,23538,1,1
2024-11-11 15:00:33.023,23536,23538,23538,1,1
2024-11-11 15:00:33.106,23536,23538,23536,1,-1
2024-11-11 15:00:33.106,23536,23538,23536,2,-2
2024-11-11 15:00:33.106,23536,23538,23535,4,-4
2024-11-11 15:00:33.107,23536,23538,23536,1,-1
2024-11-11 15:00:33.314,23534,23537,23537,1,1
2024-11-11 15:00:33.597,23535,23538,23537,1,1
2024-11-11 15:00:33.881,23534,23537,23537,1,1
2024-11-11 15:00:34.261,23534,23537,23537,1,1
2024-11-11 15:00:34.315,23534,23537,23537,2,2
2024-11-11 15:00:34.753,23535,23538,23535,1,-1
2024-11-11 15:00:36.627,23534,23537,23534,1,-1
2024-11-11 15:00:37.385,23534,23537,23534,2,-2
2024-11-11 15:00:37.496,23533,23536,23536,1,1
2024-11-11 15:00:37.611,23533,23536,23536,1,1
2024-11-11 15:00:37.613,23533,23536,23537,2,2
2024-11-11 15:00:39.590,23533,23536,23533,1,-1
2024-11-11 15:00:39.590,23533,23536,23535,1,1
2024-11-11 15:00:39.850,23533,23537,23537,2,2
2024-11-11 15:00:41.660,23534,23536,23536,1,1
2024-11-11 15:00:41.679,23534,23536,23538,1,1
2024-11-11 15:00:41.705,23534,23536,23536,1,1
2024-11-11 15:00:42.128,23534,23537,23534,1,-1
2024-11-11 15:00:42.194,23534,23537,23534,2,-2
2024-11-11 15:00:44.891,23536,23537,23536,1,-1
2024-11-11 15:00:44.943,23536,23537,23536,1,-1
2024-11-11 15:00:45.016,23536,23537,23536,3,-3
2024-11-11 15:00:45.121,23533,23536,23536,1,1
2024-11-11 15:00:45.554,23534,23536,23536,2,2
2024-11-11 15:00:45.941,23536,23537,23536,1,-1
2024-11-11 15:00:46.341,23534,23536,23534,1,-1
2024-11-11 15:00:46.630,23534,23535,23534,1,-1
2024-11-11 15:00:46.864,23534,23535,23534,3,-3
2024-11-11 15:00:46.864,23534,23535,23533,2,-2
2024-11-11 15:00:48.113,23533,23535,23533,14,-14
2024-11-11 15:00:48.114,23533,23535,23532,1,-1
2024-11-11 15:00:48.342,23531,23532,23529,7,-7
2024-11-11 15:00:48.342,23531,23532,23530,2,-2
2024-11-11 15:00:48.342,23531,23532,23531,2,-2
2024-11-11 15:00:48.362,23531,23532,23530,1,-1
2024-11-11 15:00:48.460,23529,23531,23529,1,-1
2024-11-11 15:00:48.472,23529,23531,23529,1,-1
2024-11-11 15:00:48.533,23529,23530,23529,1,-1
2024-11-11 15:00:48.534,23529,23530,23527,1,-1
2024-11-11 15:00:48.596,23529,23530,23525,2,-2
2024-11-11 15:00:48.668,23525,23527,23525,1,-1
2024-11-11 15:00:48.698,23525,23527,23524,1,-1
2024-11-11 15:00:48.714,23525,23527,23524,1,-1
2024-11-11 15:00:48.760,23524,23527,23527,2,2
2024-11-11 15:00:48.763,23524,23527,23527,1,1
2024-11-11 15:00:48.771,23524,23527,23524,1,-1
2024-11-11 15:00:48.983,23523,23527,23523,1,-1
2024-11-11 15:00:49.261,23524,23527,23524,1,-1
2024-11-11 15:00:49.397,23524,23527,23527,4,4
2024-11-11 15:00:49.611,23524,23527,23527,1,1
2024-11-11 15:00:49.613,23524,23527,23527,2,2
2024-11-11 15:00:49.964,23525,23528,23525,2,-2
2024-11-11 15:00:49.964,23525,23528,23524,1,-1
2024-11-11 15:00:50.269,23525,23528,23529,2,2
2024-11-11 15:00:50.269,23525,23528,23528,13,13
2024-11-11 15:00:50.442,23528,23530,23527,3,-3
2024-11-11 15:00:50.442,23528,23530,23526,2,-2
2024-11-11 15:00:50.577,23526,23530,23530,1,1
2024-11-11 15:00:50.703,23526,23530,23527,1,-1
2024-11-11 15:00:51.083,23526,23529,23529,1,1
2024-11-11 15:00:51.084,23526,23529,23529,1,1
2024-11-11 15:00:51.086,23526,23529,23530,1,1
2024-11-11 15:00:51.559,23528,23531,23528,2,-2
2024-11-11 15:00:51.610,23528,23531,23527,1,-1
2024-11-11 15:00:52.199,23527,23530,23527,1,-1
2024-11-11 15:00:52.482,23527,23530,23527,1,-1
2024-11-11 15:00:53.405,23527,23528,23528,4,4
2024-11-11 15:00:53.405,23527,23528,23528,1,1
2024-11-11 15:00:53.630,23527,23530,23527,3,-3
2024-11-11 15:00:53.916,23526,23527,23526,1,-1
2024-11-11 15:00:54.133,23525,23526,23526,1,1
2024-11-11 15:00:55.472,23524,23526,23524,1,-1
2024-11-11 15:00:55.758,23523,23525,23523,2,-2
2024-11-11 15:00:55.758,23523,23525,23522,2,-2
2024-11-11 15:00:55.758,23523,23525,23521,7,-7
2024-11-11 15:00:55.781,23523,23525,23521,2,-2
2024-11-11 15:00:55.781,23523,23525,23521,1,-1
2024-11-11 15:00:56.063,23520,23522,23522,1,1
2024-11-11 15:00:56.837,23520,23522,23522,1,1
2024-11-11 15:00:57.149,23520,23522,23520,1,-1
2024-11-11 15:00:57.973,23520,23522,23520,5,-5
2024-11-11 15:00:58.440,23520,23522,23522,1,1
2024-11-11 15:00:58.530,23520,23522,23520,1,-1
2024-11-11 15:00:58.740,23520,23522,23520,1,-1
2024-11-11 15:00:59.045,23520,23522,23522,1,1
2024-11-11 15:00:59.132,23520,23522,23522,1,1
2024-11-11 15:00:59.915,23520,23522,23520,1,-1
2024-11-11 15:00:59.974,23520,23522,23520,2,-2
2024-11-11 15:01:00.053,23520,23522,23522,2,2
2024-11-11 15:01:00.111,23520,23522,23522,2,2
2024-11-11 15:01:00.111,23520,23522,23522,4,4
2024-11-11 15:01:00.115,23520,23522,23523,1,1
2024-11-11 15:01:00.116,23520,23522,23524,8,8
2024-11-11 15:01:00.119,23520,23522,23526,1,1
2024-11-11 15:01:00.119,23520,23522,23527,1,1
2024-11-11 15:01:00.203,23520,23522,23524,1,1
2024-11-11 15:01:00.206,23520,23522,23526,1,1
2024-11-11 15:01:00.312,23524,23527,23527,1,1
2024-11-11 15:01:00.332,23524,23527,23527,2,2
2024-11-11 15:01:00.357,23524,23527,23524,1,-1
2024-11-11 15:01:00.386,23524,23527,23524,3,-3
2024-11-11 15:01:00.416,23524,23527,23526,1,1
2024-11-11 15:01:00.416,23524,23527,23527,2,2
2024-11-11 15:01:00.420,23524,23527,23525,1,-1
2024-11-11 15:01:00.420,23524,23527,23524,1,-1
2024-11-11 15:01:00.467,23524,23527,23524,2,-2
2024-11-11 15:01:00.513,23524,23528,23528,1,1
2024-11-11 15:01:00.518,23524,23528,23528,2,2
2024-11-11 15:01:00.695,23524,23529,23524,2,-2
2024-11-11 15:01:00.757,23524,23528,23528,3,3
2024-11-11 15:01:01.169,23524,23527,23527,1,1
2024-11-11 15:01:01.180,23524,23527,23524,1,-1
2024-11-11 15:01:01.245,23524,23527,23524,1,-1
2024-11-11 15:01:01.245,23524,23527,23524,1,-1
2024-11-11 15:01:01.392,23524,23526,23524,1,-1
2024-11-11 15:01:01.392,23524,23526,23523,1,-1
2024-11-11 15:01:01.531,23523,23525,23525,1,1
2024-11-11 15:01:03.209,23523,23526,23526,1,1
2024-11-11 15:01:03.376,23523,23525,23525,1,1
2024-11-11 15:01:04.088,23523,23526,23522,1,-1
2024-11-11 15:01:04.088,23523,23526,23523,2,-2
2024-11-11 15:01:04.955,23521,23523,23521,2,-2
2024-11-11 15:01:05.033,23521,23523,23522,2,-2
2024-11-11 15:01:05.033,23521,23523,23521,3,-3
2024-11-11 15:01:05.033,23521,23523,23520,6,-6
2024-11-11 15:01:05.034,23521,23523,23520,1,-1
2024-11-11 15:01:05.034,23521,23523,23519,1,-1
2024-11-11 15:01:05.034,23521,23523,23519,1,-1
2024-11-11 15:01:05.034,23521,23523,23519,2,-2
2024-11-11 15:01:05.155,23518,23520,23518,1,-1
2024-11-11 15:01:05.159,23518,23520,23520,1,1
2024-11-11 15:01:05.305,23518,23520,23518,2,-2
2024-11-11 15:01:05.305,23518,23520,23517,1,-1
2024-11-11 15:01:05.835,23516,23520,23516,2,-2
2024-11-11 15:01:06.369,23516,23517,23516,2,-2
2024-11-11 15:01:06.811,23515,23517,23515,1,-1
2024-11-11 15:01:06.861,23515,23517,23516,2,-2
2024-11-11 15:01:06.861,23515,23517,23517,3,3
2024-11-11 15:01:07.000,23515,23517,23515,1,-1
2024-11-11 15:01:07.092,23515,23517,23518,1,1
2024-11-11 15:01:07.120,23515,23518,23515,1,-1
2024-11-11 15:01:07.120,23515,23518,23515,1,-1
2024-11-11 15:01:07.121,23515,23518,23515,1,-1
2024-11-11 15:01:07.515,23514,23517,23514,1,-1
2024-11-11 15:01:07.945,23514,23518,23518,1,1
2024-11-11 15:01:09.701,23515,23518,23518,1,1
2024-11-11 15:01:09.719,23515,23518,23515,1,-1
2024-11-11 15:01:10.363,23515,23518,23518,1,1
2024-11-11 15:01:10.425,23518,23519,23519,1,1
2024-11-11 15:01:10.672,23518,23519,23519,1,1
2024-11-11 15:01:10.926,23518,23520,23515,8,-8
2024-11-11 15:01:10.926,23518,23520,23516,2,-2
2024-11-11 15:01:10.926,23518,23520,23517,1,-1
2024-11-11 15:01:10.926,23518,23520,23518,2,-2
2024-11-11 15:01:11.220,23515,23519,23515,1,-1
2024-11-11 15:01:13.618,23518,23520,23520,1,1
2024-11-11 15:01:13.618,23518,23520,23520,1,1
2024-11-11 15:01:14.149,23518,23520,23518,1,-1
2024-11-11 15:01:14.497,23518,23520,23518,2,-2
2024-11-11 15:01:14.636,23517,23520,23518,3,-3
2024-11-11 15:01:15.160,23519,23520,23519,1,-1
2024-11-11 15:01:15.417,23518,23520,23520,1,1
2024-11-11 15:01:15.765,23518,23520,23520,1,1
2024-11-11 15:01:15.772,23518,23520,23517,2,-2
2024-11-11 15:01:15.772,23518,23520,23518,3,-3
2024-11-11 15:01:16.439,23517,23520,23520,1,1
2024-11-11 15:01:16.826,23517,23520,23520,1,1
2024-11-11 15:01:17.172,23520,23521,23521,1,1
2024-11-11 15:01:18.077,23521,23522,23521,1,-1
2024-11-11 15:01:18.120,23521,23522,23521,1,-1
2024-11-11 15:01:18.120,23521,23522,23521,1,-1
2024-11-11 15:01:18.121,23521,23522,23520,1,-1
2024-11-11 15:01:18.121,23521,23522,23518,1,-1
2024-11-11 15:01:18.539,23518,23521,23517,2,-2
2024-11-11 15:01:18.539,23518,23521,23518,3,-3
2024-11-11 15:01:19.664,23518,23521,23520,1,1
2024-11-11 15:01:20.458,23519,23520,23520,1,1
2024-11-11 15:01:21.277,23519,23521,23519,2,-2
2024-11-11 15:01:21.277,23519,23521,23518,2,-2
2024-11-11 15:01:21.277,23519,23521,23517,1,-1
2024-11-11 15:01:23.529,23518,23520,23520,2,2
2024-11-11 15:01:23.696,23519,23521,23521,1,1
2024-11-11 15:01:23.799,23519,23522,23520,1,-1
2024-11-11 15:01:23.872,23520,23522,23517,1,-1
2024-11-11 15:01:23.872,23520,23522,23518,7,-7
2024-11-11 15:01:23.872,23520,23522,23519,2,-2
2024-11-11 15:01:23.872,23520,23522,23520,2,-2
2024-11-11 15:01:24.511,23517,23521,23517,1,-1
2024-11-11 15:01:25.190,23517,23521,23504,2,-2
2024-11-11 15:01:25.190,23517,23521,23506,2,-2
2024-11-11 15:01:25.190,23517,23521,23507,4,-4
2024-11-11 15:01:25.190,23517,23521,23508,2,-2
2024-11-11 15:01:25.190,23517,23521,23509,2,-2
2024-11-11 15:01:25.190,23517,23521,23510,2,-2
2024-11-11 15:01:25.190,23517,23521,23511,9,-9
2024-11-11 15:01:25.190,23517,23521,23512,10,-10
2024-11-11 15:01:25.190,23517,23521,23513,5,-5
2024-11-11 15:01:25.190,23517,23521,23514,11,-11
2024-11-11 15:01:25.190,23517,23521,23515,8,-8
2024-11-11 15:01:25.190,23517,23521,23516,8,-8
2024-11-11 15:01:25.190,23517,23521,23517,5,-5
2024-11-11 15:01:25.194,23517,23521,23513,1,-1
2024-11-11 15:01:25.194,23517,23521,23513,1,-1
2024-11-11 15:01:25.195,23517,23521,23514,1,-1
2024-11-11 15:01:25.367,23511,23515,23515,1,1
2024-11-11 15:01:25.367,23511,23515,23516,1,1
2024-11-11 15:01:25.415,23511,23515,23516,1,1
2024-11-11 15:01:25.474,23511,23515,23514,1,1
2024-11-11 15:01:25.476,23511,23515,23514,1,1
2024-11-11 15:01:25.477,23511,23515,23514,1,1
2024-11-11 15:01:25.571,23513,23516,23513,1,-1
2024-11-11 15:01:25.577,23513,23516,23505,1,-1
2024-11-11 15:01:25.577,23513,23516,23508,2,-2
2024-11-11 15:01:25.577,23513,23516,23507,3,-3
2024-11-11 15:01:25.577,23513,23516,23511,4,-4
2024-11-11 15:01:25.577,23513,23516,23510,1,-1
2024-11-11 15:01:25.577,23513,23516,23512,2,-2
2024-11-11 15:01:25.589,23513,23516,23508,1,-1
2024-11-11 15:01:25.595,23513,23516,23508,1,-1
2024-11-11 15:01:25.598,23513,23516,23504,2,-2
2024-11-11 15:01:25.607,23513,23516,23510,1,-1
2024-11-11 15:01:25.607,23513,23516,23510,1,-1
2024-11-11 15:01:25.608,23513,23516,23510,1,-1
2024-11-11 15:01:25.610,23513,23516,23505,1,-1
2024-11-11 15:01:25.610,23513,23516,23504,1,-1
2024-11-11 15:01:25.644,23504,23512,23504,1,-1
2024-11-11 15:01:25.658,23504,23512,23504,1,-1
2024-11-11 15:01:25.755,23510,23512,23512,3,3
2024-11-11 15:01:25.783,23510,23512,23513,1,1
2024-11-11 15:01:25.784,23510,23512,23514,1,1
2024-11-11 15:01:25.787,23510,23512,23514,2,2
2024-11-11 15:01:25.788,23510,23512,23515,1,1
2024-11-11 15:01:25.902,23510,23516,23516,1,1
2024-11-11 15:01:26.038,23512,23516,23512,2,-2
2024-11-11 15:01:26.038,23512,23516,23510,2,-2
2024-11-11 15:01:26.038,23512,23516,23508,6,-6
2024-11-11 15:01:26.122,23509,23516,23514,1,1
2024-11-11 15:01:26.123,23509,23516,23513,2,2
2024-11-11 15:01:26.303,23510,23514,23513,1,1
2024-11-11 15:01:26.303,23510,23514,23514,2,2
2024-11-11 15:01:26.353,23510,23514,23511,1,-1
2024-11-11 15:01:26.354,23510,23514,23514,1,1
2024-11-11 15:01:26.374,23511,23515,23511,1,-1
2024-11-11 15:01:26.375,23511,23515,23514,1,1
2024-11-11 15:01:26.468,23511,23515,23510,1,-1
2024-11-11 15:01:26.475,23511,23515,23513,1,-1
2024-11-11 15:01:26.501,23511,23515,23511,1,-1
2024-11-11 15:01:26.502,23511,23515,23514,1,1
2024-11-11 15:01:27.634,23511,23515,23516,5,5
2024-11-11 15:01:27.634,23511,23515,23515,4,4
2024-11-11 15:01:27.635,23511,23515,23516,1,1
2024-11-11 15:01:27.746,23513,23517,23513,1,-1
2024-11-11 15:01:27.746,23513,23517,23513,1,-1
2024-11-11 15:01:27.746,23513,23517,23513,1,-1
2024-11-11 15:01:27.747,23513,23517,23512,1,-1
2024-11-11 15:01:27.747,23513,23517,23512,1,-1
2024-11-11 15:01:27.751,23513,23517,23511,1,-1
2024-11-11 15:01:27.907,23511,23514,23512,1,-1
2024-11-11 15:01:28.002,23511,23514,23509,4,-4
2024-11-11 15:01:28.002,23511,23514,23510,3,-3
2024-11-11 15:01:28.002,23511,23514,23511,3,-3
2024-11-11 15:01:28.003,23511,23514,23511,1,-1
2024-11-11 15:01:28.003,23511,23514,23512,1,-1
2024-11-11 15:01:29.661,23508,23511,23511,1,1
2024-11-11 15:01:30.241,23507,23511,23510,1,1
2024-11-11 15:01:30.902,23507,23509,23509,1,1
2024-11-11 15:01:31.052,23507,23510,23509,1,1
2024-11-11 15:01:31.058,23507,23510,23509,1,1
2024-11-11 15:01:31.059,23507,23510,23510,1,1
2024-11-11 15:01:31.082,23507,23510,23509,1,1
2024-11-11 15:01:31.486,23508,23511,23507,2,-2
2024-11-11 15:01:31.486,23508,23511,23508,1,-1
2024-11-11 15:01:31.488,23508,23511,23510,1,1
2024-11-11 15:01:31.864,23507,23511,23507,2,-2
2024-11-11 15:01:31.864,23507,23511,23506,1,-1
2024-11-11 15:01:31.864,23507,23511,23505,1,-1
2024-11-11 15:01:31.864,23507,23511,23504,1,-1
2024-11-11 15:01:32.047,23506,23510,23507,1,-1
2024-11-11 15:01:32.058,23506,23510,23509,1,1
2024-11-11 15:01:32.247,23507,23511,23507,1,-1
2024-11-11 15:01:32.441,23507,23510,23507,1,-1
2024-11-11 15:01:32.625,23506,23509,23506,1,-1
2024-11-11 15:01:32.819,23505,23509,23509,1,1
2024-11-11 15:01:32.831,23505,23509,23506,1,-1
2024-11-11 15:01:33.019,23506,23509,23509,1,1
2024-11-11 15:01:33.044,23506,23509,23506,1,-1
2024-11-11 15:01:33.221,23505,23508,23505,1,-1
2024-11-11 15:01:33.424,23504,23507,23504,1,-1
2024-11-11 15:01:33.626,23504,23506,23504,1,-1
2024-11-11 15:01:33.842,23503,23506,23503,1,-1
2024-11-11 15:01:33.890,23503,23505,23505,1,1
2024-11-11 15:01:33.894,23503,23505,23503,2,-2
2024-11-11 15:01:33.895,23503,23505,23505,1,1
2024-11-11 15:01:33.900,23503,23505,23506,1,1
2024-11-11 15:01:33.925,23503,23505,23506,1,1
2024-11-11 15:01:35.488,23504,23507,23506,1,1
2024-11-11 15:01:36.020,23505,23508,23505,1,-1
2024-11-11 15:01:36.112,23505,23508,23508,3,3
2024-11-11 15:01:36.112,23505,23508,23509,6,6
2024-11-11 15:01:36.121,23509,23510,23509,1,-1
2024-11-11 15:01:36.122,23509,23510,23507,1,-1
2024-11-11 15:01:36.564,23506,23510,23510,1,1
2024-11-11 15:01:36.564,23506,23510,23511,1,1
2024-11-11 15:01:36.566,23506,23510,23512,3,3
2024-11-11 15:01:37.122,23511,23514,23514,1,1
2024-11-11 15:01:37.392,23512,23515,23515,3,3
2024-11-11 15:01:38.593,23513,23516,23513,2,-2
2024-11-11 15:01:38.593,23513,23516,23512,4,-4
2024-11-11 15:01:38.593,23513,23516,23511,6,-6
2024-11-11 15:01:38.593,23513,23516,23510,6,-6
2024-11-11 15:01:38.594,23513,23516,23510,2,-2
2024-11-11 15:01:39.834,23506,23509,23509,4,4
2024-11-11 15:01:39.836,23506,23509,23510,1,1
2024-11-11 15:01:40.412,23509,23511,23511,1,1
2024-11-11 15:01:40.768,23509,23512,23512,1,1
2024-11-11 15:01:40.937,23510,23513,23513,1,1
2024-11-11 15:01:41.300,23512,23515,23515,1,1
2024-11-11 15:01:41.548,23514,23515,23515,1,1
2024-11-11 15:01:41.549,23514,23515,23515,1,1
2024-11-11 15:01:41.665,23514,23516,23514,1,-1
2024-11-11 15:01:41.665,23514,23516,23512,2,-2
2024-11-11 15:01:41.665,23514,23516,23511,3,-3
2024-11-11 15:01:41.739,23514,23516,23514,2,-2
2024-11-11 15:01:42.668,23511,23515,23515,1,1
2024-11-11 15:01:45.898,23513,23515,23515,1,1
2024-11-11 15:01:45.898,23513,23515,23515,2,2
2024-11-11 15:01:47.617,23513,23515,23515,1,1
2024-11-11 15:01:47.622,23513,23516,23513,1,-1
2024-11-11 15:01:47.854,23513,23516,23515,1,1
2024-11-11 15:01:48.067,23512,23515,23515,2,2
2024-11-11 15:01:48.475,23512,23516,23512,1,-1
2024-11-11 15:01:49.569,23512,23516,23512,2,-2
2024-11-11 15:01:50.584,23512,23514,23512,1,-1
2024-11-11 15:01:50.584,23512,23514,23511,1,-1
2024-11-11 15:01:52.209,23510,23513,23512,1,1
2024-11-11 15:01:53.891,23511,23513,23510,1,-1
2024-11-11 15:01:53.891,23511,23513,23511,1,-1
2024-11-11 15:01:57.669,23511,23513,23512,8,-8
2024-11-11 15:01:58.098,23511,23513,23513,3,3
2024-11-11 15:01:58.098,23511,23513,23514,2,2
2024-11-11 15:01:58.100,23511,23513,23515,6,6
2024-11-11 15:01:58.150,23515,23516,23515,1,-1
2024-11-11 15:01:58.151,23515,23516,23515,1,-1
2024-11-11 15:01:58.351,23514,23516,23516,1,1
2024-11-11 15:01:59.002,23514,23516,23514,1,-1
2024-11-11 15:02:02.047,23515,23516,23515,1,-1
2024-11-11 15:02:02.158,23515,23516,23515,1,-1
2024-11-11 15:02:02.473,23514,23516,23514,1,-1
2024-11-11 15:02:02.531,23514,23516,23516,1,1
2024-11-11 15:02:02.730,23514,23517,23514,2,-2
2024-11-11 15:02:02.759,23514,23517,23514,1,-1
2024-11-11 15:02:02.762,23514,23517,23512,1,-1
2024-11-11 15:02:03.120,23511,23514,23514,1,1
2024-11-11 15:02:05.797,23511,23513,23511,1,-1
2024-11-11 15:02:06.902,23510,23512,23512,1,1
2024-11-11 15:02:08.914,23510,23512,23510,3,-3
2024-11-11 15:02:08.996,23510,23512,23510,1,-1
2024-11-11 15:02:09.156,23510,23512,23510,4,-4
2024-11-11 15:02:09.546,23509,23511,23509,1,-1
2024-11-11 15:02:10.271,23508,23510,23510,1,1
2024-11-11 15:02:10.647,23508,23510,23508,7,-7
2024-11-11 15:02:10.648,23508,23510,23507,3,-3
2024-11-11 15:02:15.056,23506,23508,23506,1,-1
2024-11-11 15:02:16.041,23506,23508,23506,1,-1
2024-11-11 15:02:16.041,23506,23508,23506,1,-1
2024-11-11 15:02:16.056,23506,23508,23505,1,-1
2024-11-11 15:02:16.057,23506,23508,23505,2,-2
2024-11-11 15:02:16.072,23506,23508,23506,1,-1
2024-11-11 15:02:16.701,23505,23507,23506,1,-1
2024-11-11 15:02:17.055,23504,23506,23504,2,-2
2024-11-11 15:02:17.871,23504,23506,23504,1,-1
2024-11-11 15:02:18.356,23504,23506,23506,1,1
2024-11-11 15:02:20.427,23504,23506,23506,1,1
2024-11-11 15:02:20.427,23504,23506,23506,2,2
2024-11-11 15:02:20.644,23504,23506,23506,1,1
2024-11-11 15:02:23.288,23504,23507,23504,1,-1
2024-11-11 15:02:23.483,23504,23506,23506,1,1
2024-11-11 15:02:24.103,23504,23506,23504,4,-4
2024-11-11 15:02:24.419,23504,23506,23504,2,-2
2024-11-11 15:02:24.770,23503,23504,23504,4,4
2024-11-11 15:02:24.771,23503,23504,23504,6,6
2024-11-11 15:02:25.137,23503,23504,23504,1,1
2024-11-11 15:02:25.169,23503,23504,23504,1,1
2024-11-11 15:02:25.170,23503,23504,23504,1,1
2024-11-11 15:02:25.205,23503,23504,23504,1,1
2024-11-11 15:02:27.626,23503,23504,23504,1,1
2024-11-11 15:02:27.626,23503,23504,23503,4,-4
2024-11-11 15:02:27.626,23503,23504,23502,1,-1
2024-11-11 15:02:27.827,23502,23504,23504,1,1
2024-11-11 15:02:27.944,23502,23504,23502,2,-2
2024-11-11 15:02:27.951,23502,23504,23502,1,-1
2024-11-11 15:02:27.961,23502,23504,23502,1,-1
2024-11-11 15:02:28.034,23502,23504,23504,1,1
2024-11-11 15:02:28.339,23502,23504,23503,1,1
2024-11-11 15:02:28.349,23502,23504,23502,1,-1
2024-11-11 15:02:28.517,23502,23504,23502,1,-1
2024-11-11 15:02:29.741,23502,23504,23502,1,-1
2024-11-11 15:02:30.369,23502,23504,23504,1,1
2024-11-11 15:02:30.644,23502,23504,23504,1,1
2024-11-11 15:02:32.108,23502,23504,23503,1,1
2024-11-11 15:02:33.375,23502,23504,23502,6,-6
2024-11-11 15:02:33.876,23502,23504,23502,1,-1
2024-11-11 15:02:35.161,23502,23503,23502,1,-1
2024-11-11 15:02:35.374,23501,23503,23501,1,-1
2024-11-11 15:02:36.411,23501,23503,23501,1,-1
2024-11-11 15:02:36.412,23501,23503,23501,5,-5
2024-11-11 15:02:36.456,23501,23503,23501,1,-1
2024-11-11 15:02:36.478,23501,23503,23501,1,-1
2024-11-11 15:02:36.478,23501,23503,23501,1,-1
2024-11-11 15:02:36.999,23500,23502,23502,1,1
2024-11-11 15:02:37.524,23500,23501,23501,1,1
2024-11-11 15:02:37.536,23500,23501,23501,1,1
2024-11-11 15:02:37.543,23500,23501,23501,1,1
2024-11-11 15:02:38.387,23500,23501,23500,27,-27
2024-11-11 15:02:38.387,23500,23501,23500,1,-1
2024-11-11 15:02:38.387,23500,23501,23500,6,-6
2024-11-11 15:02:38.387,23500,23501,23500,1,-1
2024-11-11 15:02:38.388,23500,23501,23499,1,-1
2024-11-11 15:02:38.388,23500,23501,23499,1,-1
2024-11-11 15:02:38.525,23498,23499,23498,1,-1
2024-11-11 15:02:38.539,23498,23499,23498,1,-1
2024-11-11 15:02:38.548,23498,23499,23499,1,1
2024-11-11 15:02:38.566,23498,23499,23498,3,-3
2024-11-11 15:02:38.572,23498,23499,23498,2,-2
2024-11-11 15:02:38.572,23498,23499,23496,1,-1
2024-11-11 15:02:38.608,23498,23499,23496,2,-2
2024-11-11 15:02:38.622,23496,23498,23496,4,-4
2024-11-11 15:02:38.732,23496,23498,23498,1,1
2024-11-11 15:02:38.871,23496,23498,23498,1,1
2024-11-11 15:02:38.981,23496,23498,23496,1,-1
2024-11-11 15:02:39.157,23496,23498,23498,1,1
2024-11-11 15:02:39.329,23496,23498,23495,2,-2
2024-11-11 15:02:39.329,23496,23498,23494,2,-2
2024-11-11 15:02:39.329,23496,23498,23496,1,-1
2024-11-11 15:02:39.363,23496,23498,23493,1,-1
2024-11-11 15:02:39.381,23493,23496,23493,2,-2
2024-11-11 15:02:39.423,23493,23496,23495,1,1
2024-11-11 15:02:39.424,23493,23496,23495,1,1
2024-11-11 15:02:39.428,23493,23496,23496,1,1
2024-11-11 15:02:39.602,23493,23495,23495,1,1
2024-11-11 15:02:39.614,23493,23495,23495,1,1
2024-11-11 15:02:39.616,23493,23495,23493,1,-1
2024-11-11 15:02:39.629,23493,23495,23493,1,-1
2024-11-11 15:02:39.655,23493,23495,23494,1,-1
2024-11-11 15:02:39.657,23493,23495,23495,1,1
2024-11-11 15:02:39.658,23493,23495,23495,3,3
2024-11-11 15:02:40.183,23493,23496,23493,1,-1
2024-11-11 15:02:40.285,23492,23495,23495,1,1
2024-11-11 15:02:40.410,23493,23496,23496,1,1
2024-11-11 15:02:40.436,23493,23496,23493,3,-3
2024-11-11 15:02:40.436,23493,23496,23492,1,-1
2024-11-11 15:02:41.156,23492,23495,23492,1,-1
2024-11-11 15:02:41.435,23492,23495,23492,2,-2
2024-11-11 15:02:41.722,23492,23494,23494,1,1
2024-11-11 15:02:41.797,23492,23495,23491,1,-1
2024-11-11 15:02:41.797,23492,23495,23492,2,-2
2024-11-11 15:02:41.862,23492,23495,23494,1,1
2024-11-11 15:02:42.435,23491,23494,23491,3,-3
2024-11-11 15:02:42.435,23491,23494,23490,1,-1
2024-11-11 15:02:43.046,23490,23494,23490,1,-1
2024-11-11 15:02:43.273,23491,23494,23491,1,-1
2024-11-11 15:02:44.552,23491,23494,23494,1,1
2024-11-11 15:02:44.693,23492,23494,23492,1,-1
2024-11-11 15:02:44.755,23491,23494,23491,1,-1
2024-11-11 15:02:45.109,23492,23494,23492,1,-1
2024-11-11 15:02:45.196,23491,23494,23491,2,-2
2024-11-11 15:02:46.161,23491,23494,23491,1,-1
2024-11-11 15:02:47.822,23492,23494,23492,1,-1
2024-11-11 15:02:48.780,23492,23494,23494,1,1
2024-11-11 15:02:48.827,23492,23494,23492,1,-1
2024-11-11 15:02:48.868,23492,23494,23492,1,-1
2024-11-11 15:02:48.881,23492,23494,23494,1,1
2024-11-11 15:02:49.160,23492,23495,23495,1,1
2024-11-11 15:02:49.717,23492,23494,23494,2,2
2024-11-11 15:02:49.755,23493,23495,23493,1,-1
2024-11-11 15:02:49.909,23493,23495,23495,1,1
2024-11-11 15:02:50.015,23493,23496,23496,1,1
2024-11-11 15:02:50.115,23493,23496,23496,1,1
2024-11-11 15:02:50.309,23494,23496,23494,2,-2
2024-11-11 15:02:50.371,23493,23496,23496,1,1
2024-11-11 15:02:50.600,23493,23496,23493,4,-4
2024-11-11 15:02:51.794,23491,23494,23493,2,2
2024-11-11 15:02:55.221,23492,23493,23493,1,1
2024-11-11 15:02:55.573,23492,23493,23493,1,1
2024-11-11 15:03:00.344,23492,23494,23494,1,1
2024-11-11 15:03:00.400,23492,23494,23491,1,-1
2024-11-11 15:03:00.400,23492,23494,23490,7,-7
2024-11-11 15:03:00.400,23492,23494,23492,2,-2
2024-11-11 15:03:00.403,23492,23494,23492,1,-1
2024-11-11 15:03:00.774,23489,23492,23492,1,1
2024-11-11 15:03:00.811,23489,23492,23489,1,-1
2024-11-11 15:03:00.881,23489,23492,23489,1,-1
2024-11-11 15:03:00.882,23489,23492,23492,2,2
2024-11-11 15:03:01.237,23489,23492,23493,1,1
2024-11-11 15:03:01.285,23492,23494,23492,1,-1
2024-11-11 15:03:01.337,23492,23494,23494,1,1
2024-11-11 15:03:01.414,23491,23495,23491,1,-1
2024-11-11 15:03:01.649,23491,23494,23491,1,-1
2024-11-11 15:03:02.499,23490,23493,23491,1,-1
2024-11-11 15:03:02.654,23490,23493,23490,1,-1
2024-11-11 15:03:03.014,23489,23492,23492,1,1
2024-11-11 15:03:03.508,23489,23492,23489,1,-1
2024-11-11 15:03:05.142,23488,23491,23488,1,-1
2024-11-11 15:03:05.176,23488,23491,23488,5,-5
2024-11-11 15:03:06.575,23488,23490,23488,1,-1
2024-11-11 15:03:08.646,23488,23490,23488,5,-5
2024-11-11 15:03:08.985,23488,23490,23488,1,-1
2024-11-11 15:03:09.024,23488,23490,23490,2,2
2024-11-11 15:03:10.364,23488,23490,23488,1,-1
2024-11-11 15:03:10.510,23488,23490,23490,1,1
2024-11-11 15:03:11.098,23488,23490,23490,1,1
2024-11-11 15:03:11.309,23488,23490,23490,1,1
2024-11-11 15:03:11.674,23488,23491,23491,2,2
2024-11-11 15:03:12.101,23488,23491,23491,1,1
2024-11-11 15:03:12.326,23488,23491,23491,2,2
2024-11-11 15:03:12.336,23488,23491,23493,1,1
2024-11-11 15:03:12.336,23488,23491,23493,4,4
2024-11-11 15:03:12.339,23488,23491,23495,5,5
2024-11-11 15:03:12.403,23495,23498,23496,1,-1
2024-11-11 15:03:12.596,23495,23498,23496,1,-1
2024-11-11 15:03:12.608,23495,23498,23496,1,-1
2024-11-11 15:03:12.793,23495,23498,23496,1,-1
2024-11-11 15:03:12.875,23495,23498,23496,1,-1
2024-11-11 15:03:12.875,23495,23498,23496,1,-1
2024-11-11 15:03:13.115,23495,23499,23495,1,-1
2024-11-11 15:03:13.554,23495,23498,23495,2,-2
2024-11-11 15:03:13.955,23495,23498,23496,1,-1
2024-11-11 15:03:13.955,23495,23498,23496,1,-1
2024-11-11 15:03:13.955,23495,23498,23496,1,-1
2024-11-11 15:03:13.955,23495,23498,23496,1,-1
2024-11-11 15:03:13.955,23495,23498,23496,1,-1
2024-11-11 15:03:13.956,23495,23498,23496,1,-1
2024-11-11 15:03:13.956,23495,23498,23497,1,1
2024-11-11 15:03:15.100,23497,23500,23497,2,-2
2024-11-11 15:03:16.835,23496,23500,23496,8,-8
2024-11-11 15:03:18.254,23497,23499,23498,1,-1
2024-11-11 15:03:19.198,23497,23499,23497,1,-1
2024-11-11 15:03:20.038,23496,23499,23498,1,1
2024-11-11 15:03:20.204,23496,23499,23498,1,1
2024-11-11 15:03:20.374,23497,23500,23498,1,-1
2024-11-11 15:03:20.534,23497,23500,23498,1,-1
2024-11-11 15:03:20.689,23497,23500,23498,1,-1
2024-11-11 15:03:20.887,23497,23500,23498,1,-1
2024-11-11 15:03:21.556,23497,23500,23498,1,-1
2024-11-11 15:03:21.652,23497,23500,23498,3,-3
2024-11-11 15:03:21.652,23497,23500,23500,2,2
2024-11-11 15:03:21.652,23497,23500,23501,4,4
2024-11-11 15:03:21.653,23497,23500,23502,5,5
2024-11-11 15:03:21.653,23497,23500,23502,1,1
2024-11-11 15:03:21.694,23497,23500,23505,1,1
2024-11-11 15:03:21.705,23497,23500,23506,1,1
2024-11-11 15:03:21.807,23503,23506,23506,1,1
2024-11-11 15:03:21.972,23505,23507,23508,1,1
2024-11-11 15:03:22.325,23504,23506,23504,1,-1
2024-11-11 15:03:22.729,23503,23506,23506,1,1
2024-11-11 15:03:24.651,23504,23507,23507,1,1
2024-11-11 15:03:24.875,23504,23507,23507,1,1
2024-11-11 15:03:26.769,23507,23509,23507,1,-1
2024-11-11 15:03:26.770,23507,23509,23507,1,-1
2024-11-11 15:03:27.096,23506,23509,23509,2,2
2024-11-11 15:03:27.096,23506,23509,23509,1,1
2024-11-11 15:03:29.345,23507,23510,23507,1,-1
2024-11-11 15:03:29.664,23507,23509,23509,1,1
2024-11-11 15:03:30.045,23507,23510,23510,1,1
2024-11-11 15:03:30.387,23507,23510,23507,2,-2
2024-11-11 15:03:30.794,23505,23507,23504,1,-1
2024-11-11 15:03:30.794,23505,23507,23504,1,-1
2024-11-11 15:03:30.972,23503,23504,23504,1,1
2024-11-11 15:03:30.972,23503,23504,23505,1,1
2024-11-11 15:03:31.475,23503,23504,23503,1,-1
2024-11-11 15:03:32.073,23500,23502,23500,1,-1
2024-11-11 15:03:35.521,23499,23502,23502,1,1
2024-11-11 15:03:35.562,23499,23502,23502,1,1
2024-11-11 15:03:35.872,23501,23503,23503,1,1
2024-11-11 15:03:37.441,23501,23504,23504,11,11
2024-11-11 15:03:37.747,23502,23506,23502,5,-5
2024-11-11 15:03:37.747,23502,23506,23501,4,-4
2024-11-11 15:03:37.747,23502,23506,23500,1,-1
2024-11-11 15:03:38.788,23500,23503,23503,1,1
2024-11-11 15:03:40.239,23502,23504,23504,1,1
2024-11-11 15:03:40.378,23502,23505,23502,2,-2
2024-11-11 15:03:40.379,23502,23505,23502,1,-1
2024-11-11 15:03:40.978,23501,23502,23500,6,-6
2024-11-11 15:03:40.978,23501,23502,23499,3,-3
2024-11-11 15:03:40.978,23501,23502,23501,1,-1
2024-11-11 15:03:41.003,23498,23501,23500,1,1
2024-11-11 15:03:41.879,23499,23501,23501,1,1
2024-11-11 15:03:43.793,23498,23501,23500,2,2
2024-11-11 15:03:44.430,23498,23501,23501,1,1
2024-11-11 15:03:44.704,23500,23502,23501,1,1
2024-11-11 15:03:45.419,23500,23501,23500,1,-1
2024-11-11 15:03:45.419,23500,23501,23500,2,-2
2024-11-11 15:03:45.419,23500,23501,23500,2,-2
2024-11-11 15:03:45.420,23500,23501,23500,4,-4
2024-11-11 15:03:45.420,23500,23501,23500,1,-1
2024-11-11 15:03:45.698,23498,23500,23498,2,-2
2024-11-11 15:03:45.698,23498,23500,23497,3,-3
2024-11-11 15:03:45.698,23498,23500,23496,5,-5
2024-11-11 15:03:45.910,23494,23497,23497,1,1
2024-11-11 15:03:46.840,23495,23498,23498,2,2
2024-11-11 15:03:49.180,23496,23499,23499,1,1
2024-11-11 15:03:51.122,23494,23498,23494,1,-1
2024-11-11 15:03:51.282,23494,23498,23498,1,1
2024-11-11 15:03:51.421,23495,23498,23498,2,2
2024-11-11 15:03:52.057,23495,23498,23495,1,-1
2024-11-11 15:03:53.210,23494,23497,23497,1,1
2024-11-11 15:03:53.348,23494,23497,23497,1,1
2024-11-11 15:03:54.456,23494,23497,23494,1,-1
2024-11-11 15:03:55.473,23493,23496,23495,1,1
2024-11-11 15:03:56.875,23494,23495,23494,1,-1
2024-11-11 15:03:57.881,23493,23495,23493,1,-1
2024-11-11 15:03:58.862,23492,23495,23492,3,-3
2024-11-11 15:03:58.862,23492,23495,23491,1,-1
2024-11-11 15:03:58.881,23491,23494,23494,1,1
2024-11-11 15:03:59.245,23491,23494,23491,1,-1
2024-11-11 15:03:59.245,23491,23494,23491,1,-1
2024-11-11 15:03:59.245,23491,23494,23491,2,-2
2024-11-11 15:03:59.935,23491,23494,23494,3,3
2024-11-11 15:04:01.327,23491,23494,23491,1,-1
2024-11-11 15:04:01.842,23492,23495,23492,1,-1
2024-11-11 15:04:03.452,23491,23494,23492,1,-1
2024-11-11 15:04:03.875,23491,23495,23491,1,-1
2024-11-11 15:04:06.888,23490,23493,23490,3,-3
2024-11-11 15:04:06.917,23490,23493,23493,1,1
2024-11-11 15:04:07.964,23490,23492,23490,1,-1
2024-11-11 15:04:08.059,23490,23492,23490,3,-3
2024-11-11 15:04:09.383,23490,23492,23490,2,-2
2024-11-11 15:04:10.415,23490,23492,23490,1,-1
2024-11-11 15:04:10.844,23489,23491,23491,1,1
2024-11-11 15:04:11.584,23489,23491,23491,1,1
2024-11-11 15:04:13.412,23490,23492,23490,1,-1
2024-11-11 15:04:15.012,23490,23492,23492,1,1
2024-11-11 15:04:16.028,23489,23492,23489,4,-4
2024-11-11 15:04:16.028,23489,23492,23488,9,-9
2024-11-11 15:04:16.153,23487,23489,23487,1,-1
2024-11-11 15:04:16.154,23487,23489,23487,1,-1
2024-11-11 15:04:16.442,23488,23490,23490,1,1
2024-11-11 15:04:17.175,23488,23490,23492,3,3
2024-11-11 15:04:17.175,23488,23490,23490,2,2
2024-11-11 15:04:17.175,23488,23490,23491,1,1
2024-11-11 15:04:17.228,23488,23490,23492,1,1
2024-11-11 15:04:17.282,23490,23493,23493,1,1
2024-11-11 15:04:17.285,23490,23493,23493,1,1
2024-11-11 15:04:17.428,23490,23493,23493,1,1
2024-11-11 15:04:20.280,23491,23493,23493,1,1
2024-11-11 15:04:20.370,23491,23493,23491,1,-1
2024-11-11 15:04:23.233,23491,23492,23491,3,-3
2024-11-11 15:04:23.233,23491,23492,23490,2,-2
2024-11-11 15:04:23.297,23490,23492,23492,1,1
2024-11-11 15:04:25.291,23491,23493,23493,1,1
2024-11-11 15:04:26.545,23492,23494,23492,1,-1
2024-11-11 15:04:27.883,23492,23494,23492,2,-2
2024-11-11 15:04:27.883,23492,23494,23491,6,-6
2024-11-11 15:04:29.141,23489,23490,23489,2,-2
2024-11-11 15:04:30.320,23489,23490,23490,1,1
2024-11-11 15:04:32.825,23489,23492,23489,1,-1
2024-11-11 15:04:34.486,23489,23491,23489,1,-1
2024-11-11 15:04:34.845,23489,23490,23489,1,-1
2024-11-11 15:04:35.823,23489,23490,23489,1,-1
2024-11-11 15:04:37.300,23488,23490,23488,2,-2
2024-11-11 15:04:39.844,23489,23490,23489,1,-1
2024-11-11 15:04:40.205,23489,23490,23490,1,1
2024-11-11 15:04:40.266,23489,23491,23490,1,1
2024-11-11 15:04:45.171,23489,23490,23490,1,1
2024-11-11 15:04:45.322,23489,23490,23490,1,1
2024-11-11 15:04:46.074,23489,23490,23489,2,-2
2024-11-11 15:04:46.074,23489,23490,23489,4,-4
2024-11-11 15:04:46.105,23489,23490,23490,1,1
2024-11-11 15:04:48.922,23488,23490,23490,1,1
2024-11-11 15:04:49.122,23489,23490,23490,1,1
2024-11-11 15:04:50.229,23489,23490,23490,1,1
2024-11-11 15:04:51.281,23488,23490,23490,1,1
2024-11-11 15:04:53.986,23489,23490,23490,1,1
2024-11-11 15:04:54.353,23489,23490,23489,1,-1
2024-11-11 15:04:54.670,23488,23490,23490,1,1
2024-11-11 15:04:58.528,23488,23489,23489,1,1
2024-11-11 15:05:00.115,23488,23490,23490,1,1
2024-11-11 15:05:00.311,23488,23490,23490,3,3
2024-11-11 15:05:00.311,23488,23490,23490,2,2
2024-11-11 15:05:00.313,23488,23490,23491,1,1
2024-11-11 15:05:00.337,23488,23490,23490,1,1
2024-11-11 15:05:00.363,23488,23490,23492,1,1
2024-11-11 15:05:00.365,23488,23490,23492,2,2
2024-11-11 15:05:00.465,23490,23493,23493,4,4
2024-11-11 15:05:00.564,23492,23494,23493,1,1
2024-11-11 15:05:03.074,23490,23493,23490,2,-2
2024-11-11 15:05:03.528,23490,23493,23490,1,-1
2024-11-11 15:05:05.967,23490,23493,23493,5,5
2024-11-11 15:05:10.357,23493,23494,23493,2,-2
2024-11-11 15:05:12.255,23492,23494,23494,1,1
2024-11-11 15:05:12.255,23492,23494,23494,2,2
2024-11-11 15:05:12.255,23492,23494,23494,1,1
2024-11-11 15:05:12.256,23492,23494,23494,1,1
2024-11-11 15:05:12.265,23492,23494,23495,1,1
2024-11-11 15:05:12.466,23493,23496,23495,1,1
2024-11-11 15:05:12.484,23493,23496,23495,1,1
2024-11-11 15:05:13.803,23492,23494,23494,1,1
2024-11-11 15:05:13.983,23492,23494,23492,11,-11
2024-11-11 15:05:14.027,23490,23492,23490,7,-7
2024-11-11 15:05:14.533,23489,23490,23489,1,-1
2024-11-11 15:05:16.668,23488,23489,23488,6,-6
2024-11-11 15:05:16.668,23488,23489,23488,5,-5
2024-11-11 15:05:16.668,23488,23489,23488,9,-9
2024-11-11 15:05:16.669,23488,23489,23487,1,-1
2024-11-11 15:05:16.672,23488,23489,23487,1,-1
2024-11-11 15:05:16.946,23486,23488,23486,1,-1
2024-11-11 15:05:17.084,23486,23488,23486,1,-1
2024-11-11 15:05:17.179,23486,23487,23486,2,-2
2024-11-11 15:05:17.706,23485,23487,23487,1,1
2024-11-11 15:05:20.626,23485,23488,23488,2,2
2024-11-11 15:05:20.744,23486,23488,23488,1,1
2024-11-11 15:05:20.746,23486,23488,23486,1,-1
2024-11-11 15:05:20.746,23486,23488,23486,1,-1
2024-11-11 15:05:20.747,23486,23488,23485,1,-1
2024-11-11 15:05:20.750,23486,23488,23485,1,-1
2024-11-11 15:05:20.773,23486,23488,23485,1,-1
2024-11-11 15:05:22.637,23485,23487,23487,1,1
2024-11-11 15:05:23.014,23485,23488,23488,1,1
2024-11-11 15:05:23.790,23486,23489,23486,1,-1
2024-11-11 15:05:24.028,23485,23488,23488,1,1
2024-11-11 15:05:24.720,23485,23488,23485,1,-1
2024-11-11 15:05:27.902,23485,23486,23486,1,1
2024-11-11 15:05:28.081,23485,23487,23485,1,-1
2024-11-11 15:05:28.855,23485,23487,23485,3,-3
2024-11-11 15:05:28.857,23485,23487,23485,1,-1
2024-11-11 15:05:29.063,23484,23485,23485,1,1
2024-11-11 15:05:29.832,23484,23487,23484,2,-2
2024-11-11 15:05:30.182,23484,23485,23484,2,-2
2024-11-11 15:05:30.225,23484,23485,23484,1,-1
2024-11-11 15:05:32.671,23483,23484,23483,1,-1
2024-11-11 15:05:32.671,23483,23484,23483,2,-2
2024-11-11 15:05:33.367,23482,23484,23482,1,-1
2024-11-11 15:05:33.504,23481,23483,23481,3,-3
2024-11-11 15:05:34.941,23481,23483,23483,1,1
2024-11-11 15:05:35.659,23481,23483,23481,1,-1
2024-11-11 15:05:35.660,23481,23483,23483,1,1
2024-11-11 15:05:36.826,23481,23483,23481,1,-1
2024-11-11 15:05:36.871,23481,23483,23481,1,-1
2024-11-11 15:05:37.331,23481,23483,23481,1,-1
2024-11-11 15:05:37.519,23481,23483,23481,1,-1
2024-11-11 15:05:38.093,23481,23483,23483,2,2
2024-11-11 15:05:38.279,23482,23484,23484,2,2
2024-11-11 15:05:38.282,23482,23484,23485,1,1
2024-11-11 15:05:38.331,23482,23484,23486,1,1
2024-11-11 15:05:38.532,23484,23487,23487,1,1
2024-11-11 15:05:38.798,23486,23487,23486,1,-1
2024-11-11 15:05:38.798,23486,23487,23485,1,-1
2024-11-11 15:05:38.798,23486,23487,23484,3,-3
2024-11-11 15:05:38.853,23486,23487,23483,3,-3
2024-11-11 15:05:39.294,23483,23485,23483,1,-1
2024-11-11 15:05:39.989,23482,23485,23485,1,1
2024-11-11 15:05:40.235,23482,23485,23485,1,1
2024-11-11 15:05:40.279,23482,23486,23482,4,-4
2024-11-11 15:05:40.279,23482,23486,23481,1,-1
2024-11-11 15:05:41.752,23483,23485,23483,2,-2
2024-11-11 15:05:41.988,23482,23484,23481,3,-3
2024-11-11 15:05:41.988,23482,23484,23482,2,-2
2024-11-11 15:05:42.804,23481,23484,23481,4,-4
2024-11-11 15:05:42.804,23481,23484,23480,1,-1
2024-11-11 15:05:43.880,23481,23485,23481,3,-3
2024-11-11 15:05:43.880,23481,23485,23480,3,-3
2024-11-11 15:05:43.983,23481,23485,23480,1,-1
2024-11-11 15:05:44.716,23480,23483,23483,2,2
2024-11-11 15:05:45.035,23481,23484,23481,3,-3
2024-11-11 15:05:45.196,23480,23483,23480,1,-1
2024-11-11 15:05:45.918,23480,23483,23483,2,2
2024-11-11 15:05:46.133,23481,23484,23481,1,-1
2024-11-11 15:05:46.822,23481,23484,23484,3,3
2024-11-11 15:05:46.823,23481,23484,23484,1,1
2024-11-11 15:05:46.824,23481,23484,23485,1,1
2024-11-11 15:05:46.875,23484,23487,23487,1,1
2024-11-11 15:05:47.990,23485,23488,23485,1,-1
2024-11-11 15:05:48.070,23485,23488,23488,1,1
2024-11-11 15:05:49.272,23484,23487,23487,1,1
2024-11-11 15:05:49.730,23484,23487,23484,2,-2
2024-11-11 15:05:52.820,23483,23486,23486,1,1
2024-11-11 15:05:52.926,23484,23486,23486,1,1
2024-11-11 15:05:56.379,23484,23487,23484,4,-4
2024-11-11 15:05:57.913,23483,23486,23486,3,3
2024-11-11 15:05:57.915,23483,23486,23487,1,1
2024-11-11 15:05:57.915,23483,23486,23487,1,1
2024-11-11 15:05:58.810,23485,23488,23485,3,-3
2024-11-11 15:05:59.682,23484,23486,23484,2,-2
2024-11-11 15:05:59.682,23484,23486,23484,1,-1
2024-11-11 15:05:59.682,23484,23486,23484,1,-1
2024-11-11 15:05:59.682,23484,23486,23484,2,-2
2024-11-11 15:06:02.354,23483,23486,23486,3,3
2024-11-11 15:06:02.488,23484,23487,23487,1,1
2024-11-11 15:06:03.739,23484,23487,23487,2,2
2024-11-11 15:06:04.084,23484,23487,23484,3,-3
2024-11-11 15:06:05.277,23484,23487,23487,1,1
2024-11-11 15:06:09.593,23484,23485,23485,1,1
2024-11-11 15:06:10.307,23484,23486,23484,1,-1
2024-11-11 15:06:13.846,23484,23485,23484,1,-1
2024-11-11 15:06:14.929,23483,23485,23485,1,1
2024-11-11 15:06:15.371,23483,23486,23486,4,4
2024-11-11 15:06:16.821,23484,23487,23487,2,2
2024-11-11 15:06:19.626,23485,23487,23487,5,5
2024-11-11 15:06:19.630,23485,23487,23488,1,1
2024-11-11 15:06:19.951,23487,23489,23489,1,1
2024-11-11 15:06:20.309,23487,23490,23487,2,-2
2024-11-11 15:06:20.421,23487,23489,23489,1,1
2024-11-11 15:06:28.047,23489,23490,23490,4,4
2024-11-11 15:06:28.615,23489,23490,23490,1,1
2024-11-11 15:06:31.035,23489,23490,23489,1,-1
2024-11-11 15:06:31.545,23489,23490,23490,1,1
2024-11-11 15:06:36.617,23489,23490,23489,2,-2
2024-11-11 15:06:36.618,23489,23490,23489,3,-3
2024-11-11 15:06:36.677,23489,23490,23489,1,-1
2024-11-11 15:06:37.460,23488,23490,23490,2,2
2024-11-11 15:06:43.604,23488,23491,23488,5,-5
2024-11-11 15:06:44.424,23488,23489,23489,1,1
2024-11-11 15:06:47.274,23488,23490,23488,1,-1
2024-11-11 15:06:51.786,23488,23490,23490,2,2
2024-11-11 15:06:53.046,23488,23490,23488,1,-1
2024-11-11 15:06:56.704,23489,23490,23489,1,-1
2024-11-11 15:06:59.256,23489,23490,23489,1,-1
2024-11-11 15:07:00.232,23488,23490,23490,1,1
2024-11-11 15:07:00.645,23488,23490,23490,1,1
2024-11-11 15:07:01.083,23488,23489,23488,1,-1
2024-11-11 15:07:03.637,23485,23486,23485,1,-1
2024-11-11 15:07:03.979,23484,23485,23485,1,1
2024-11-11 15:07:04.180,23484,23486,23486,1,1
2024-11-11 15:07:04.770,23484,23486,23486,1,1
2024-11-11 15:07:09.889,23484,23486,23484,1,-1
2024-11-11 15:07:10.712,23483,23485,23483,2,-2
2024-11-11 15:07:10.713,23483,23485,23482,1,-1
2024-11-11 15:07:10.767,23481,23483,23481,2,-2
2024-11-11 15:07:14.743,23482,23483,23482,2,-2
2024-11-11 15:07:15.356,23480,23482,23481,1,-1
2024-11-11 15:07:15.635,23480,23482,23480,6,-6
2024-11-11 15:07:15.635,23480,23482,23480,1,-1
2024-11-11 15:07:15.635,23480,23482,23480,2,-2
2024-11-11 15:07:15.652,23480,23482,23479,2,-2
2024-11-11 15:07:15.786,23478,23479,23478,1,-1
2024-11-11 15:07:15.786,23478,23479,23478,3,-3
2024-11-11 15:07:15.823,23478,23479,23477,1,-1
2024-11-11 15:07:15.824,23478,23479,23477,2,-2
2024-11-11 15:07:15.846,23478,23479,23479,1,1
2024-11-11 15:07:15.848,23478,23479,23479,1,1
2024-11-11 15:07:15.945,23477,23480,23477,1,-1
2024-11-11 15:07:15.961,23477,23480,23480,1,1
2024-11-11 15:07:16.041,23477,23480,23480,1,1
2024-11-11 15:07:16.105,23477,23480,23477,1,-1
2024-11-11 15:07:16.355,23477,23480,23477,1,-1
2024-11-11 15:07:16.381,23477,23480,23477,1,-1
2024-11-11 15:07:16.513,23476,23480,23476,1,-1
2024-11-11 15:07:16.520,23476,23480,23476,1,-1
2024-11-11 15:07:16.547,23476,23480,23476,1,-1
2024-11-11 15:07:16.560,23476,23480,23476,1,-1
2024-11-11 15:07:16.981,23476,23479,23476,1,-1
2024-11-11 15:07:17.060,23476,23479,23476,1,-1
2024-11-11 15:07:17.837,23475,23476,23476,1,1
2024-11-11 15:07:18.071,23475,23476,23475,3,-3
2024-11-11 15:07:18.187,23475,23476,23475,1,-1
2024-11-11 15:07:18.198,23475,23476,23475,1,-1
2024-11-11 15:07:18.718,23474,23476,23476,1,1
2024-11-11 15:07:18.719,23474,23476,23476,1,1
2024-11-11 15:07:18.744,23475,23477,23476,1,1
2024-11-11 15:07:18.986,23475,23478,23478,1,1
2024-11-11 15:07:19.055,23475,23478,23475,1,-1
2024-11-11 15:07:21.581,23475,23478,23475,1,-1
2024-11-11 15:07:24.010,23476,23479,23477,1,-1
2024-11-11 15:07:24.571,23476,23479,23475,2,-2
2024-11-11 15:07:24.571,23476,23479,23476,3,-3
2024-11-11 15:07:24.712,23475,23478,23475,3,-3
2024-11-11 15:07:24.799,23475,23478,23475,1,-1
2024-11-11 15:07:25.732,23474,23477,23477,1,1
2024-11-11 15:07:26.370,23475,23477,23475,2,-2
2024-11-11 15:07:27.774,23475,23477,23477,2,2
2024-11-11 15:07:28.408,23477,23478,23478,1,1
2024-11-11 15:07:28.408,23477,23478,23478,1,1
2024-11-11 15:07:28.971,23477,23479,23476,1,-1
2024-11-11 15:07:28.971,23477,23479,23477,8,-8
2024-11-11 15:07:31.633,23476,23479,23475,3,-3
2024-11-11 15:07:31.633,23476,23479,23476,1,-1
2024-11-11 15:07:31.998,23477,23478,23478,1,1
2024-11-11 15:07:32.863,23477,23479,23477,3,-3
2024-11-11 15:07:32.956,23476,23479,23479,1,1
2024-11-11 15:07:35.115,23475,23477,23475,3,-3
2024-11-11 15:07:35.586,23475,23477,23477,1,1
2024-11-11 15:07:35.889,23475,23478,23475,2,-2
2024-11-11 15:07:36.760,23475,23476,23476,1,1
2024-11-11 15:07:37.327,23475,23478,23475,3,-3
2024-11-11 15:07:39.480,23475,23477,23475,1,-1
2024-11-11 15:07:41.357,23475,23477,23473,5,-5
2024-11-11 15:07:41.357,23475,23477,23474,3,-3
2024-11-11 15:07:41.357,23475,23477,23475,2,-2
2024-11-11 15:07:42.375,23473,23474,23473,1,-1
2024-11-11 15:07:43.179,23471,23474,23474,1,1
2024-11-11 15:07:45.724,23471,23473,23471,3,-3
2024-11-11 15:07:45.834,23471,23472,23471,1,-1
2024-11-11 15:07:45.851,23471,23472,23471,1,-1
2024-11-11 15:07:46.952,23470,23472,23470,1,-1
2024-11-11 15:07:49.747,23471,23472,23471,1,-1
2024-11-11 15:07:49.812,23471,23472,23470,5,-5
2024-11-11 15:07:50.202,23470,23472,23470,4,-4
2024-11-11 15:07:50.264,23470,23472,23472,1,1
2024-11-11 15:07:51.102,23470,23472,23472,1,1
2024-11-11 15:07:51.913,23470,23472,23470,1,-1
2024-11-11 15:07:54.660,23470,23472,23471,1,-1
2024-11-11 15:07:55.089,23470,23472,23472,2,2
2024-11-11 15:07:55.438,23471,23473,23471,4,-4
2024-11-11 15:07:55.578,23471,23473,23471,2,-2
2024-11-11 15:07:56.047,23472,23473,23472,1,-1
2024-11-11 15:07:56.051,23472,23473,23471,2,-2
2024-11-11 15:07:56.496,23472,23473,23473,1,1
2024-11-11 15:07:56.855,23472,23473,23472,1,-1
2024-11-11 15:07:57.860,23471,23473,23473,1,1
2024-11-11 15:07:58.862,23471,23473,23472,1,1
2024-11-11 15:07:58.884,23471,23473,23471,1,-1
2024-11-11 15:07:59.151,23471,23473,23471,1,-1
2024-11-11 15:08:00.217,23471,23473,23473,2,2
2024-11-11 15:08:00.218,23471,23473,23474,2,2
2024-11-11 15:08:00.226,23471,23473,23474,2,2
2024-11-11 15:08:00.226,23471,23473,23475,3,3
2024-11-11 15:08:00.865,23474,23476,23474,1,-1
2024-11-11 15:08:01.476,23474,23476,23473,1,-1
2024-11-11 15:08:01.476,23474,23476,23474,1,-1
2024-11-11 15:08:03.683,23472,23475,23473,5,-5
2024-11-11 15:08:03.683,23472,23475,23472,5,-5
2024-11-11 15:08:04.631,23471,23474,23471,2,-2
2024-11-11 15:08:05.791,23471,23474,23471,1,-1
2024-11-11 15:08:08.589,23471,23473,23472,1,-1
2024-11-11 15:08:09.705,23471,23473,23473,1,1
2024-11-11 15:08:09.715,23471,23473,23474,1,1
2024-11-11 15:08:09.995,23472,23475,23475,1,1
2024-11-11 15:08:10.020,23472,23475,23475,1,1
2024-11-11 15:08:10.020,23472,23475,23475,2,2
2024-11-11 15:08:10.309,23473,23476,23476,1,1
2024-11-11 15:08:10.323,23473,23476,23473,2,-2
2024-11-11 15:08:10.455,23473,23476,23476,1,1
2024-11-11 15:08:11.387,23473,23476,23476,4,4
2024-11-11 15:08:12.529,23474,23476,23476,1,1
2024-11-11 15:08:13.630,23475,23476,23476,2,2
2024-11-11 15:08:13.953,23475,23477,23477,3,3
2024-11-11 15:08:13.954,23475,23477,23477,3,3
2024-11-11 15:08:14.226,23477,23479,23477,1,-1
2024-11-11 15:08:14.628,23476,23479,23479,2,2
2024-11-11 15:08:15.272,23477,23480,23477,2,-2
2024-11-11 15:08:15.454,23476,23479,23476,1,-1
2024-11-11 15:08:21.894,23476,23478,23478,1,1
2024-11-11 15:08:21.894,23476,23478,23479,9,9
2024-11-11 15:08:21.955,23476,23478,23478,1,1
2024-11-11 15:08:22.955,23477,23480,23477,1,-1
2024-11-11 15:08:28.113,23476,23479,23479,3,3
2024-11-11 15:08:29.451,23476,23479,23479,1,1
2024-11-11 15:08:30.832,23476,23479,23479,1,1
2024-11-11 15:08:31.755,23476,23480,23476,1,-1
2024-11-11 15:08:32.189,23476,23479,23476,3,-3
2024-11-11 15:08:32.639,23477,23478,23477,1,-1
2024-11-11 15:08:32.736,23477,23478,23477,2,-2
2024-11-11 15:08:33.247,23476,23477,23476,1,-1
2024-11-11 15:08:33.629,23475,23477,23475,4,-4
2024-11-11 15:08:35.667,23474,23475,23474,1,-1
2024-11-11 15:08:37.402,23473,23474,23474,1,1
2024-11-11 15:08:39.559,23473,23474,23474,1,1
2024-11-11 15:08:40.202,23473,23474,23474,2,2
2024-11-11 15:08:40.236,23473,23474,23474,1,1
2024-11-11 15:08:41.484,23473,23474,23474,1,1
2024-11-11 15:08:42.021,23473,23475,23475,1,1
2024-11-11 15:08:42.046,23473,23475,23475,1,1
2024-11-11 15:08:42.319,23474,23477,23474,2,-2
2024-11-11 15:08:42.601,23473,23476,23473,1,-1
2024-11-11 15:08:46.487,23476,23477,23476,1,-1
2024-11-11 15:08:46.488,23476,23477,23476,1,-1
2024-11-11 15:08:52.607,23475,23477,23475,3,-3
2024-11-11 15:08:53.627,23476,23477,23476,1,-1
2024-11-11 15:08:54.518,23476,23477,23476,1,-1
2024-11-11 15:09:00.205,23475,23476,23476,2,2
2024-11-11 15:09:00.432,23475,23476,23476,1,1
2024-11-11 15:09:03.193,23476,23477,23476,1,-1
2024-11-11 15:09:06.580,23476,23477,23476,2,-2
2024-11-11 15:09:08.245,23476,23477,23477,1,1
2024-11-11 15:09:08.540,23476,23477,23477,1,1
2024-11-11 15:09:09.481,23476,23477,23477,2,2
2024-11-11 15:09:09.523,23476,23478,23477,1,1
2024-11-11 15:09:09.525,23476,23478,23478,1,1
2024-11-11 15:09:09.695,23477,23479,23479,1,1
2024-11-11 15:09:09.695,23477,23479,23480,3,3
2024-11-11 15:09:12.874,23477,23479,23479,1,1
2024-11-11 15:09:15.249,23478,23479,23479,1,1
2024-11-11 15:09:15.834,23478,23479,23479,1,1
2024-11-11 15:09:15.834,23478,23479,23480,1,1
2024-11-11 15:09:16.974,23478,23480,23480,17,17
2024-11-11 15:09:16.975,23478,23480,23481,6,6
2024-11-11 15:09:16.975,23478,23480,23481,1,1
2024-11-11 15:09:17.027,23480,23483,23483,1,1
2024-11-11 15:09:17.127,23481,23484,23484,1,1
2024-11-11 15:09:20.207,23481,23484,23484,2,2
2024-11-11 15:09:20.762,23482,23484,23484,1,1
2024-11-11 15:09:22.017,23482,23484,23484,1,1
2024-11-11 15:09:22.772,23482,23484,23484,1,1
2024-11-11 15:09:23.373,23482,23485,23483,1,-1
2024-11-11 15:09:25.255,23482,23485,23486,1,1
2024-11-11 15:09:25.255,23482,23485,23485,4,4
2024-11-11 15:09:25.431,23483,23486,23486,1,1
2024-11-11 15:09:27.847,23484,23486,23486,1,1
2024-11-11 15:09:27.847,23484,23486,23487,1,1
2024-11-11 15:09:30.500,23486,23487,23487,1,1
2024-11-11 15:09:30.924,23486,23487,23487,2,2
2024-11-11 15:09:31.383,23487,23488,23488,1,1
2024-11-11 15:09:32.014,23487,23489,23487,1,-1
2024-11-11 15:09:32.164,23487,23488,23488,1,1
2024-11-11 15:09:32.428,23487,23489,23490,2,2
2024-11-11 15:09:32.428,23487,23489,23489,2,2
2024-11-11 15:09:32.443,23487,23489,23487,1,-1
2024-11-11 15:09:33.090,23487,23490,23490,1,1
2024-11-11 15:09:35.707,23488,23489,23488,1,-1
2024-11-11 15:09:35.958,23487,23489,23489,1,1
2024-11-11 15:09:36.189,23487,23489,23489,1,1
2024-11-11 15:09:36.189,23487,23489,23490,2,2
2024-11-11 15:09:38.834,23489,23491,23491,1,1
2024-11-11 15:09:39.220,23490,23492,23490,1,-1
2024-11-11 15:09:39.609,23490,23492,23490,6,-6
2024-11-11 15:09:39.611,23490,23492,23489,2,-2
2024-11-11 15:09:41.680,23487,23490,23490,3,3
2024-11-11 15:09:44.092,23487,23490,23487,1,-1
2024-11-11 15:09:44.235,23487,23488,23488,1,1
2024-11-11 15:09:46.830,23487,23489,23489,1,1
2024-11-11 15:09:49.199,23488,23489,23489,1,1
2024-11-11 15:09:49.200,23488,23489,23489,1,1
2024-11-11 15:09:51.181,23488,23490,23488,1,-1
2024-11-11 15:09:51.309,23488,23490,23488,2,-2
2024-11-11 15:09:51.309,23488,23490,23487,3,-3
2024-11-11 15:09:52.585,23486,23488,23486,1,-1
2024-11-11 15:09:52.626,23485,23486,23485,2,-2
2024-11-11 15:09:52.627,23485,23486,23485,1,-1
2024-11-11 15:09:54.203,23483,23486,23486,1,1
2024-11-11 15:09:59.014,23484,23487,23487,2,2
2024-11-11 15:10:02.399,23485,23487,23485,1,-1
2024-11-11 15:10:02.431,23485,23487,23487,2,2
2024-11-11 15:10:02.928,23484,23487,23485,2,-2
2024-11-11 15:10:03.137,23483,23487,23487,1,1
2024-11-11 15:10:05.287,23483,23486,23486,1,1
2024-11-11 15:10:05.563,23484,23487,23484,1,-1
2024-11-11 15:10:09.358,23482,23485,23485,3,3
2024-11-11 15:10:20.685,23482,23484,23484,2,2
2024-11-11 15:10:32.461,23483,23485,23484,1,1
2024-11-11 15:10:33.634,23483,23485,23485,3,3
2024-11-11 15:10:35.072,23484,23486,23486,1,1
2024-11-11 15:10:35.129,23485,23487,23487,1,1
2024-11-11 15:10:35.129,23485,23487,23487,1,1
2024-11-11 15:10:35.140,23485,23487,23489,1,1
2024-11-11 15:10:40.217,23488,23489,23489,1,1
2024-11-11 15:10:42.828,23488,23490,23488,1,-1
2024-11-11 15:10:46.793,23484,23487,23484,8,-8
2024-11-11 15:10:46.793,23484,23487,23483,1,-1
2024-11-11 15:10:46.794,23484,23487,23483,4,-4
2024-11-11 15:10:48.848,23480,23482,23480,1,-1
2024-11-11 15:10:48.848,23480,23482,23480,2,-2
2024-11-11 15:10:48.875,23479,23481,23481,2,2
2024-11-11 15:10:49.950,23479,23481,23479,1,-1
2024-11-11 15:10:53.588,23479,23480,23480,1,1
2024-11-11 15:10:54.117,23479,23480,23480,1,1
2024-11-11 15:10:55.012,23479,23480,23479,1,-1
2024-11-11 15:10:55.288,23478,23480,23480,1,1
2024-11-11 15:11:00.250,23479,23480,23480,1,1
2024-11-11 15:11:00.340,23479,23480,23482,1,1
2024-11-11 15:11:00.516,23479,23483,23479,1,-1
2024-11-11 15:11:02.622,23478,23480,23478,1,-1
2024-11-11 15:11:03.411,23478,23480,23480,1,1
2024-11-11 15:11:05.624,23477,23479,23477,1,-1
2024-11-11 15:11:06.504,23477,23479,23477,1,-1
2024-11-11 15:11:06.579,23477,23479,23477,1,-1
2024-11-11 15:11:07.565,23477,23479,23479,1,1
2024-11-11 15:11:07.791,23477,23479,23477,1,-1
2024-11-11 15:11:08.608,23477,23479,23477,3,-3
2024-11-11 15:11:08.608,23477,23479,23476,2,-2
2024-11-11 15:11:09.640,23476,23479,23476,2,-2
2024-11-11 15:11:10.359,23476,23478,23479,1,1
2024-11-11 15:11:11.913,23476,23478,23476,1,-1
2024-11-11 15:11:13.286,23476,23478,23476,1,-1
2024-11-11 15:11:14.482,23476,23478,23477,1,-1
2024-11-11 15:11:14.581,23476,23478,23476,2,-2
2024-11-11 15:11:15.879,23476,23478,23476,5,-5
2024-11-11 15:11:15.879,23476,23478,23475,1,-1
2024-11-11 15:11:17.404,23475,23478,23476,1,-1
2024-11-11 15:11:17.698,23476,23478,23476,2,-2
2024-11-11 15:11:20.483,23475,23478,23478,1,1
2024-11-11 15:11:20.884,23475,23477,23477,1,1
2024-11-11 15:11:24.905,23475,23476,23476,5,5
2024-11-11 15:11:24.936,23475,23476,23476,1,1
2024-11-11 15:11:25.364,23475,23478,23475,1,-1
2024-11-11 15:11:27.881,23476,23478,23476,1,-1
2024-11-11 15:11:32.163,23475,23476,23476,1,1
2024-11-11 15:11:33.041,23475,23476,23476,1,1
2024-11-11 15:11:33.925,23475,23476,23475,1,-1
2024-11-11 15:11:35.172,23475,23476,23475,2,-2
2024-11-11 15:11:35.313,23474,23475,23474,4,-4
2024-11-11 15:11:35.343,23474,23475,23474,1,-1
2024-11-11 15:11:35.350,23474,23475,23475,1,1
2024-11-11 15:11:35.390,23473,23475,23475,1,1
2024-11-11 15:11:37.747,23473,23475,23473,1,-1
2024-11-11 15:11:38.880,23472,23474,23474,1,1
2024-11-11 15:11:41.469,23472,23474,23474,1,1
2024-11-11 15:11:44.304,23472,23473,23472,1,-1
2024-11-11 15:11:44.814,23472,23473,23472,8,-8
2024-11-11 15:11:47.120,23471,23472,23472,1,1
2024-11-11 15:11:47.809,23471,23473,23473,1,1
2024-11-11 15:11:48.295,23471,23473,23471,1,-1
2024-11-11 15:11:48.635,23471,23473,23471,1,-1
2024-11-11 15:11:48.713,23471,23473,23472,1,-1
2024-11-11 15:11:48.795,23471,23473,23471,1,-1
2024-11-11 15:11:49.002,23470,23472,23470,1,-1
2024-11-11 15:11:49.004,23470,23472,23470,2,-2
2024-11-11 15:11:49.224,23470,23472,23470,1,-1
2024-11-11 15:11:49.231,23470,23472,23470,1,-1
2024-11-11 15:11:49.452,23470,23472,23470,1,-1
2024-11-11 15:11:49.965,23470,23472,23472,1,1
2024-11-11 15:11:50.215,23470,23471,23471,1,1
2024-11-11 15:11:50.216,23470,23471,23471,1,1
2024-11-11 15:11:50.382,23470,23472,23470,1,-1
2024-11-11 15:11:52.604,23471,23472,23472,1,1
2024-11-11 15:11:52.947,23471,23473,23471,1,-1
2024-11-11 15:11:53.856,23470,23472,23470,1,-1
2024-11-11 15:11:55.570,23470,23471,23470,1,-1
2024-11-11 15:11:55.571,23470,23471,23470,1,-1
2024-11-11 15:11:55.571,23470,23471,23470,3,-3
2024-11-11 15:11:55.571,23470,23471,23470,3,-3
2024-11-11 15:11:56.331,23469,23470,23470,1,1
2024-11-11 15:11:57.167,23469,23470,23469,1,-1
2024-11-11 15:11:57.168,23469,23470,23469,1,-1
2024-11-11 15:11:57.168,23469,23470,23468,1,-1
2024-11-11 15:11:57.285,23468,23469,23468,1,-1
2024-11-11 15:11:57.320,23468,23469,23468,1,-1
2024-11-11 15:11:57.330,23468,23469,23468,1,-1
2024-11-11 15:11:57.337,23468,23469,23468,4,-4
2024-11-11 15:11:57.338,23468,23469,23468,3,-3
2024-11-11 15:11:57.343,23468,23469,23467,1,-1
2024-11-11 15:11:57.343,23468,23469,23467,10,-10
2024-11-11 15:11:57.344,23468,23469,23467,1,-1
2024-11-11 15:11:57.344,23468,23469,23466,3,-3
2024-11-11 15:11:57.345,23468,23469,23466,1,-1
2024-11-11 15:11:57.345,23468,23469,23466,1,-1
2024-11-11 15:11:57.345,23468,23469,23466,1,-1
2024-11-11 15:11:57.346,23468,23469,23465,1,-1
2024-11-11 15:11:57.346,23468,23469,23465,2,-2
2024-11-11 15:11:57.346,23468,23469,23465,2,-2
2024-11-11 15:11:57.348,23468,23469,23466,1,-1
2024-11-11 15:11:57.353,23468,23469,23466,1,-1
2024-11-11 15:11:57.373,23465,23467,23467,1,1
2024-11-11 15:11:57.377,23465,23467,23465,1,-1
2024-11-11 15:11:57.414,23465,23467,23467,2,2
2024-11-11 15:11:57.414,23465,23467,23467,1,1
2024-11-11 15:11:57.418,23465,23467,23469,2,2
2024-11-11 15:11:57.447,23465,23467,23467,1,1
2024-11-11 15:11:57.462,23465,23467,23466,1,1
2024-11-11 15:11:57.463,23465,23467,23466,1,1
2024-11-11 15:11:57.480,23465,23467,23466,1,1
2024-11-11 15:11:57.505,23466,23469,23466,1,-1
2024-11-11 15:11:57.569,23466,23469,23466,1,-1
2024-11-11 15:11:57.774,23466,23469,23466,1,-1
2024-11-11 15:11:57.877,23467,23469,23467,2,-2
2024-11-11 15:11:57.984,23467,23469,23469,1,1
2024-11-11 15:11:59.894,23467,23469,23469,1,1
2024-11-11 15:12:00.467,23468,23470,23470,1,1
2024-11-11 15:12:00.504,23468,23470,23468,2,-2
2024-11-11 15:12:00.504,23468,23470,23467,4,-4
2024-11-11 15:12:00.504,23468,23470,23466,5,-5
2024-11-11 15:12:00.504,23468,23470,23465,4,-4
2024-11-11 15:12:00.506,23468,23470,23468,2,-2
2024-11-11 15:12:00.575,23468,23470,23465,2,-2
2024-11-11 15:12:00.594,23468,23470,23464,5,-5
2024-11-11 15:12:00.601,23468,23470,23464,2,-2
2024-11-11 15:12:00.601,23468,23470,23463,1,-1
2024-11-11 15:12:00.649,23463,23466,23463,1,-1
2024-11-11 15:12:00.655,23463,23466,23463,2,-2
2024-11-11 15:12:01.035,23465,23467,23465,1,-1
2024-11-11 15:12:01.262,23463,23466,23463,3,-3
2024-11-11 15:12:01.364,23463,23466,23466,1,1
2024-11-11 15:12:01.598,23463,23467,23463,2,-2
2024-11-11 15:12:01.632,23462,23466,23462,9,-9
2024-11-11 15:12:01.632,23462,23466,23461,1,-1
2024-11-11 15:12:01.696,23462,23466,23465,1,1
2024-11-11 15:12:01.782,23462,23465,23462,1,-1
2024-11-11 15:12:01.907,23462,23465,23462,3,-3
2024-11-11 15:12:01.907,23462,23465,23461,5,-5
2024-11-11 15:12:01.952,23462,23465,23464,1,1
2024-11-11 15:12:02.051,23461,23464,23461,8,-8
2024-11-11 15:12:03.464,23461,23464,23461,2,-2
2024-11-11 15:12:03.465,23461,23464,23461,2,-2
2024-11-11 15:12:03.466,23461,23464,23463,2,2
2024-11-11 15:12:03.474,23461,23464,23464,4,4
2024-11-11 15:12:03.481,23461,23464,23464,1,1
2024-11-11 15:12:03.978,23461,23464,23461,1,-1
2024-11-11 15:12:04.593,23460,23463,23461,1,-1
2024-11-11 15:12:05.993,23461,23464,23461,3,-3
2024-11-11 15:12:05.993,23461,23464,23460,1,-1
2024-11-11 15:12:06.960,23461,23464,23461,1,-1
2024-11-11 15:12:07.118,23461,23463,23461,1,-1
2024-11-11 15:12:07.961,23461,23463,23463,1,1
2024-11-11 15:12:09.104,23462,23463,23463,1,1
2024-11-11 15:12:09.112,23462,23463,23463,1,1
2024-11-11 15:12:11.916,23462,23463,23463,1,1
2024-11-11 15:12:12.431,23462,23463,23463,3,3
2024-11-11 15:12:12.431,23462,23463,23464,2,2
2024-11-11 15:12:12.432,23462,23463,23464,2,2
2024-11-11 15:12:12.432,23462,23463,23464,2,2
2024-11-11 15:12:13.140,23464,23465,23464,1,-1
2024-11-11 15:12:13.142,23464,23465,23463,1,-1
2024-11-11 15:12:13.274,23463,23465,23465,1,1
2024-11-11 15:12:14.523,23464,23465,23464,1,-1
2024-11-11 15:12:14.773,23464,23465,23465,1,1
2024-11-11 15:12:14.922,23464,23467,23464,1,-1
2024-11-11 15:12:15.718,23464,23466,23464,1,-1
2024-11-11 15:12:17.065,23464,23466,23464,1,-1
2024-11-11 15:12:17.553,23464,23466,23464,1,-1
2024-11-11 15:12:17.704,23463,23466,23466,1,1
2024-11-11 15:12:18.996,23463,23465,23465,5,5
2024-11-11 15:12:19.195,23463,23465,23465,1,1
2024-11-11 15:12:20.326,23463,23465,23465,1,1
2024-11-11 15:12:26.755,23464,23466,23464,2,-2
2024-11-11 15:12:27.369,23463,23465,23465,1,1
2024-11-11 15:12:28.121,23463,23465,23464,1,1
2024-11-11 15:12:28.893,23463,23465,23463,3,-3
2024-11-11 15:12:28.893,23463,23465,23463,1,-1
2024-11-11 15:12:28.894,23463,23465,23462,2,-2
2024-11-11 15:12:29.161,23461,23463,23461,1,-1
2024-11-11 15:12:29.161,23461,23463,23461,1,-1
2024-11-11 15:12:29.229,23461,23463,23462,2,-2
2024-11-11 15:12:30.212,23460,23463,23463,1,1
2024-11-11 15:12:31.667,23460,23462,23460,21,-21
2024-11-11 15:12:31.667,23460,23462,23460,1,-1
2024-11-11 15:12:31.667,23460,23462,23459,2,-2
2024-11-11 15:12:31.708,23460,23462,23459,1,-1
2024-11-11 15:12:31.708,23460,23462,23460,3,-3
2024-11-11 15:12:31.778,23458,23460,23458,1,-1
2024-11-11 15:12:31.950,23458,23460,23460,1,1
2024-11-11 15:12:32.000,23458,23460,23460,1,1
2024-11-11 15:12:32.821,23458,23460,23460,1,1
2024-11-11 15:12:33.317,23458,23460,23460,1,1
2024-11-11 15:12:34.345,23458,23460,23460,1,1
2024-11-11 15:12:34.991,23458,23460,23458,3,-3
2024-11-11 15:12:34.991,23458,23460,23457,2,-2
2024-11-11 15:12:35.103,23457,23459,23457,1,-1
2024-11-11 15:12:35.108,23457,23459,23457,1,-1
2024-11-11 15:12:35.113,23457,23459,23457,1,-1
2024-11-11 15:12:35.141,23457,23459,23457,1,-1
2024-11-11 15:12:35.142,23457,23459,23456,1,-1
2024-11-11 15:12:35.146,23457,23459,23459,1,1
2024-11-11 15:12:35.147,23457,23459,23459,2,2
2024-11-11 15:12:35.202,23457,23459,23460,1,1
2024-11-11 15:12:38.782,23458,23460,23460,2,2
2024-11-11 15:12:38.792,23458,23460,23461,1,1
2024-11-11 15:12:38.793,23458,23460,23461,1,1
2024-11-11 15:12:38.795,23458,23460,23460,2,2
2024-11-11 15:12:38.795,23458,23460,23459,1,1
2024-11-11 15:12:38.854,23458,23460,23462,1,1
2024-11-11 15:12:38.935,23459,23462,23462,3,3
2024-11-11 15:12:38.937,23459,23462,23461,1,1
2024-11-11 15:12:39.282,23461,23463,23463,1,1
2024-11-11 15:12:39.347,23461,23463,23463,1,1
2024-11-11 15:12:39.624,23461,23463,23461,2,-2
2024-11-11 15:12:40.281,23460,23462,23460,1,-1
2024-11-11 15:12:41.096,23460,23462,23462,1,1
2024-11-11 15:12:41.558,23460,23462,23460,1,-1
2024-11-11 15:12:43.224,23460,23462,23460,2,-2
2024-11-11 15:12:43.349,23459,23462,23462,1,1
2024-11-11 15:12:46.380,23458,23459,23459,1,1
2024-11-11 15:12:47.412,23458,23459,23458,4,-4
2024-11-11 15:12:47.413,23458,23459,23458,1,-1
2024-11-11 15:12:48.557,23458,23459,23458,2,-2
2024-11-11 15:12:49.430,23457,23459,23457,1,-1
2024-11-11 15:12:50.286,23457,23459,23459,1,1
2024-11-11 15:12:51.195,23457,23460,23457,1,-1
2024-11-11 15:12:51.929,23457,23459,23457,1,-1
2024-11-11 15:12:52.313,23457,23458,23458,1,1
2024-11-11 15:12:52.313,23457,23458,23459,1,1
2024-11-11 15:12:56.498,23457,23458,23457,1,-1
2024-11-11 15:12:56.589,23457,23458,23457,1,-1
2024-11-11 15:12:56.798,23456,23458,23456,1,-1
2024-11-11 15:12:59.502,23456,23458,23458,1,1
2024-11-11 15:13:00.373,23456,23459,23459,5,5
2024-11-11 15:13:00.374,23456,23459,23460,3,3
2024-11-11 15:13:00.400,23456,23459,23460,1,1
2024-11-11 15:13:00.401,23456,23459,23460,1,1
2024-11-11 15:13:00.411,23456,23459,23461,2,2
2024-11-11 15:13:00.428,23456,23459,23462,1,1
2024-11-11 15:13:00.525,23460,23462,23462,1,1
2024-11-11 15:13:00.663,23460,23462,23462,1,1
2024-11-11 15:13:00.664,23460,23462,23462,1,1
2024-11-11 15:13:01.206,23461,23463,23463,1,1
2024-11-11 15:13:01.234,23461,23463,23461,2,-2
2024-11-11 15:13:01.746,23461,23463,23461,2,-2
2024-11-11 15:13:01.771,23461,23463,23460,2,-2
2024-11-11 15:13:06.822,23460,23462,23460,1,-1
2024-11-11 15:13:07.288,23459,23461,23461,1,1
2024-11-11 15:13:08.049,23459,23462,23462,4,4
2024-11-11 15:13:08.421,23461,23463,23463,1,1
2024-11-11 15:13:08.749,23461,23463,23463,1,1
2024-11-11 15:13:09.048,23462,23464,23462,1,-1
2024-11-11 15:13:09.959,23462,23464,23464,3,3
2024-11-11 15:13:10.017,23463,23465,23465,1,1
2024-11-11 15:13:11.565,23463,23465,23463,1,-1
2024-11-11 15:13:12.650,23461,23464,23462,1,-1
2024-11-11 15:13:14.603,23464,23466,23464,4,-4
2024-11-11 15:13:14.837,23463,23466,23466,1,1
2024-11-11 15:13:16.387,23463,23465,23465,2,2
2024-11-11 15:13:18.069,23464,23467,23466,1,1
2024-11-11 15:13:18.830,23465,23467,23466,1,1
2024-11-11 15:13:19.605,23465,23467,23467,2,2
2024-11-11 15:13:19.605,23465,23467,23468,1,1
2024-11-11 15:13:20.494,23465,23467,23467,1,1
2024-11-11 15:13:21.800,23465,23467,23467,1,1
2024-11-11 15:13:22.227,23465,23467,23467,1,1
2024-11-11 15:13:23.678,23465,23467,23466,1,1
2024-11-11 15:13:27.229,23465,23467,23467,1,1
2024-11-11 15:13:27.536,23465,23468,23465,1,-1
2024-11-11 15:13:28.392,23465,23468,23465,1,-1
2024-11-11 15:13:31.652,23465,23468,23465,1,-1
2024-11-11 15:13:32.872,23466,23468,23466,1,-1
2024-11-11 15:13:33.917,23466,23468,23466,3,-3
2024-11-11 15:13:37.345,23467,23468,23468,3,3
2024-11-11 15:13:38.254,23467,23468,23468,1,1
2024-11-11 15:13:38.280,23467,23468,23469,1,1
2024-11-11 15:13:38.371,23467,23469,23467,1,-1
2024-11-11 15:13:38.462,23467,23469,23467,1,-1
2024-11-11 15:13:41.631,23467,23468,23465,1,-1
2024-11-11 15:13:41.631,23467,23468,23466,3,-3
2024-11-11 15:13:41.631,23467,23468,23467,1,-1
2024-11-11 15:13:43.234,23463,23467,23466,1,1
2024-11-11 15:13:43.611,23462,23466,23466,2,2
2024-11-11 15:13:45.405,23463,23465,23463,1,-1
2024-11-11 15:13:45.511,23460,23464,23464,1,1
2024-11-11 15:13:48.003,23461,23464,23461,1,-1
2024-11-11 15:13:48.062,23461,23464,23461,1,-1
2024-11-11 15:13:49.457,23461,23462,23461,1,-1
2024-11-11 15:13:49.509,23460,23461,23461,2,2
2024-11-11 15:13:49.937,23460,23462,23462,1,1
2024-11-11 15:13:50.371,23462,23463,23462,1,-1
2024-11-11 15:13:50.546,23460,23463,23460,1,-1
2024-11-11 15:13:55.678,23460,23461,23461,1,1
2024-11-11 15:13:56.211,23460,23463,23460,1,-1
2024-11-11 15:13:58.769,23460,23462,23461,1,-1
2024-11-11 15:13:58.769,23460,23462,23462,1,1
2024-11-11 15:13:59.534,23461,23463,23461,1,-1
2024-11-11 15:14:00.431,23460,23462,23462,1,1
2024-11-11 15:14:00.800,23461,23463,23462,1,1
2024-11-11 15:14:01.203,23461,23463,23462,1,1
2024-11-11 15:14:01.490,23461,23463,23462,1,1
2024-11-11 15:14:02.182,23461,23463,23462,1,1
2024-11-11 15:14:02.428,23461,23463,23462,1,1
2024-11-11 15:14:05.624,23460,23462,23462,1,1
2024-11-11 15:14:08.349,23460,23462,23462,1,1
2024-11-11 15:14:08.392,23460,23462,23462,4,4
2024-11-11 15:14:08.432,23460,23462,23463,1,1
2024-11-11 15:14:09.913,23463,23464,23463,1,-1
2024-11-11 15:14:10.238,23463,23464,23463,3,-3
2024-11-11 15:14:12.281,23461,23462,23461,1,-1
2024-11-11 15:14:12.337,23461,23462,23461,2,-2
2024-11-11 15:14:13.450,23460,23462,23461,1,-1
2024-11-11 15:14:13.906,23460,23461,23461,1,1
2024-11-11 15:14:13.953,23460,23461,23460,13,-13
2024-11-11 15:14:13.953,23460,23461,23460,1,-1
2024-11-11 15:14:14.326,23459,23460,23460,1,1
2024-11-11 15:14:16.997,23459,23460,23459,2,-2
2024-11-11 15:14:20.234,23458,23460,23458,1,-1
2024-11-11 15:14:20.270,23457,23460,23460,1,1
2024-11-11 15:14:21.498,23458,23460,23460,1,1
2024-11-11 15:14:22.735,23458,23461,23461,6,6
2024-11-11 15:14:22.761,23461,23462,23461,1,-1
2024-11-11 15:14:23.992,23461,23462,23461,2,-2
2024-11-11 15:14:24.194,23461,23462,23461,1,-1
2024-11-11 15:14:25.902,23460,23462,23460,1,-1
2024-11-11 15:14:28.798,23459,23461,23460,1,-1
2024-11-11 15:14:29.445,23459,23461,23461,4,4
2024-11-11 15:14:29.445,23459,23461,23462,1,1
2024-11-11 15:14:29.453,23459,23461,23461,1,1
2024-11-11 15:14:29.561,23461,23463,23463,1,1
2024-11-11 15:14:29.630,23463,23464,23464,1,1
2024-11-11 15:14:30.823,23463,23465,23463,1,-1
2024-11-11 15:14:30.884,23463,23465,23465,1,1
2024-11-11 15:14:32.453,23463,23466,23466,5,5
2024-11-11 15:14:32.489,23463,23466,23466,5,5
2024-11-11 15:14:32.489,23463,23466,23467,5,5
2024-11-11 15:14:32.489,23463,23466,23467,3,3
2024-11-11 15:14:34.522,23466,23468,23468,1,1
2024-11-11 15:14:34.721,23467,23469,23469,1,1
2024-11-11 15:14:34.722,23467,23469,23469,2,2
2024-11-11 15:14:39.594,23467,23469,23469,1,1
2024-11-11 15:14:39.747,23468,23469,23469,1,1
2024-11-11 15:14:39.913,23468,23470,23469,1,1
2024-11-11 15:14:40.066,23468,23470,23468,1,-1
2024-11-11 15:14:41.574,23468,23469,23468,1,-1
2024-11-11 15:14:41.575,23468,23469,23468,3,-3
2024-11-11 15:14:45.126,23466,23468,23468,2,2
2024-11-11 15:14:45.587,23467,23468,23468,1,1
2024-11-11 15:14:49.685,23468,23469,23468,1,-1
2024-11-11 15:14:53.356,23467,23468,23468,1,1
2024-11-11 15:14:54.923,23466,23469,23468,1,1
2024-11-11 15:14:56.711,23466,23469,23468,1,1
2024-11-11 15:14:56.745,23466,23468,23468,1,1
2024-11-11 15:15:00.232,23466,23469,23469,1,1
2024-11-11 15:15:00.286,23467,23469,23469,1,1
2024-11-11 15:15:00.468,23467,23469,23469,1,1
2024-11-11 15:15:00.474,23467,23469,23470,1,1
2024-11-11 15:15:00.477,23467,23469,23470,1,1
2024-11-11 15:15:00.517,23469,23470,23470,6,6
2024-11-11 15:15:00.517,23469,23470,23471,8,8
2024-11-11 15:15:00.518,23469,23470,23471,3,3
2024-11-11 15:15:00.524,23469,23470,23472,1,1
2024-11-11 15:15:00.525,23469,23470,23472,4,4
2024-11-11 15:15:00.538,23469,23470,23472,1,1
2024-11-11 15:15:00.538,23469,23470,23472,1,1
2024-11-11 15:15:00.540,23469,23470,23472,1,1
2024-11-11 15:15:00.548,23469,23470,23472,1,1
2024-11-11 15:15:00.556,23469,23470,23472,1,1
2024-11-11 15:15:00.556,23469,23470,23472,1,1
2024-11-11 15:15:00.556,23469,23470,23472,10,10
2024-11-11 15:15:00.557,23469,23470,23473,1,1
2024-11-11 15:15:00.557,23469,23470,23473,1,1
2024-11-11 15:15:00.615,23469,23470,23473,1,1
2024-11-11 15:15:00.618,23473,23475,23475,2,2
2024-11-11 15:15:00.628,23473,23475,23476,1,1
2024-11-11 15:15:00.637,23473,23475,23476,2,2
2024-11-11 15:15:00.659,23473,23475,23474,1,1
2024-11-11 15:15:00.795,23472,23474,23472,1,-1
2024-11-11 15:15:00.818,23472,23474,23474,1,1
2024-11-11 15:15:01.132,23472,23474,23474,1,1
2024-11-11 15:15:01.246,23472,23475,23472,1,-1
2024-11-11 15:15:01.246,23472,23475,23471,1,-1
2024-11-11 15:15:02.025,23470,23473,23470,1,-1
2024-11-11 15:15:03.527,23470,23471,23471,1,1
2024-11-11 15:15:03.542,23470,23471,23470,2,-2
2024-11-11 15:15:06.502,23470,23472,23472,1,1
2024-11-11 15:15:09.995,23471,23474,23474,1,1
2024-11-11 15:15:10.121,23471,23474,23471,1,-1
2024-11-11 15:15:10.121,23471,23474,23471,1,-1
2024-11-11 15:15:10.121,23471,23474,23471,1,-1
2024-11-11 15:15:10.122,23471,23474,23471,1,-1
2024-11-11 15:15:10.122,23471,23474,23470,1,-1
2024-11-11 15:15:10.171,23471,23474,23472,1,-1
2024-11-11 15:15:10.752,23472,23473,23473,1,1
2024-11-11 15:15:12.180,23472,23473,23473,1,1
2024-11-11 15:15:13.506,23472,23473,23472,1,-1
2024-11-11 15:15:13.907,23472,23473,23472,2,-2
2024-11-11 15:15:13.908,23472,23473,23472,1,-1
2024-11-11 15:15:15.059,23471,23472,23472,1,1
2024-11-11 15:15:18.888,23471,23472,23472,1,1
2024-11-11 15:15:24.129,23473,23474,23473,1,-1
2024-11-11 15:15:24.280,23472,23474,23474,1,1
2024-11-11 15:15:24.950,23471,23473,23471,1,-1
2024-11-11 15:15:28.125,23468,23471,23471,1,1
2024-11-11 15:15:28.125,23468,23471,23472,7,7
2024-11-11 15:15:28.125,23468,23471,23473,3,3
2024-11-11 15:15:30.713,23471,23474,23474,2,2
2024-11-11 15:15:30.745,23472,23475,23472,1,-1
2024-11-11 15:15:30.745,23472,23475,23472,1,-1
2024-11-11 15:15:30.745,23472,23475,23472,1,-1
2024-11-11 15:15:33.656,23472,23474,23473,1,-1
2024-11-11 15:15:37.407,23472,23473,23472,1,-1
2024-11-11 15:15:38.591,23471,23473,23471,1,-1
2024-11-11 15:15:38.621,23470,23473,23470,1,-1
2024-11-11 15:15:41.300,23469,23472,23471,2,2
2024-11-11 15:15:50.578,23469,23472,23472,1,1
2024-11-11 15:15:53.985,23470,23473,23473,1,1
2024-11-11 15:15:55.289,23470,23473,23473,1,1
2024-11-11 15:15:55.665,23472,23474,23474,1,1
2024-11-11 15:16:00.184,23472,23475,23475,1,1
2024-11-11 15:16:00.185,23472,23475,23475,4,4
2024-11-11 15:16:00.249,23475,23476,23476,2,2
2024-11-11 15:16:00.463,23476,23477,23476,1,-1
2024-11-11 15:16:00.463,23476,23477,23475,1,-1
2024-11-11 15:16:00.479,23476,23477,23475,1,-1
2024-11-11 15:16:00.481,23476,23477,23475,1,-1
2024-11-11 15:16:00.614,23474,23477,23474,2,-2
2024-11-11 15:16:00.614,23474,23477,23475,3,-3
2024-11-11 15:16:01.276,23473,23475,23475,2,2
2024-11-11 15:16:01.619,23473,23476,23476,1,1
2024-11-11 15:16:03.973,23472,23475,23475,5,5
2024-11-11 15:16:04.465,23473,23475,23475,1,1
2024-11-11 15:16:05.300,23474,23476,23476,1,1
2024-11-11 15:16:06.706,23474,23477,23477,2,2
2024-11-11 15:16:06.817,23476,23478,23476,1,-1
2024-11-11 15:16:09.137,23474,23477,23477,1,1
2024-11-11 15:16:09.246,23474,23477,23477,1,1
2024-11-11 15:16:11.025,23475,23478,23478,7,7
2024-11-11 15:16:12.357,23476,23479,23477,1,-1
2024-11-11 15:16:19.342,23476,23479,23479,1,1
2024-11-11 15:16:19.375,23477,23479,23479,4,4
2024-11-11 15:16:23.742,23479,23480,23480,1,1
2024-11-11 15:16:25.747,23479,23481,23481,2,2
2024-11-11 15:16:26.878,23480,23481,23481,1,1
2024-11-11 15:16:27.637,23480,23481,23480,1,-1
2024-11-11 15:16:28.167,23480,23481,23481,1,1
2024-11-11 15:16:30.039,23481,23482,23481,1,-1
2024-11-11 15:16:31.166,23481,23482,23481,1,-1
2024-11-11 15:16:31.759,23480,23481,23481,1,1
2024-11-11 15:16:32.373,23480,23482,23482,1,1
2024-11-11 15:16:35.507,23481,23482,23482,1,1
2024-11-11 15:16:37.851,23481,23483,23482,1,1
2024-11-11 15:16:38.187,23481,23483,23483,3,3
2024-11-11 15:16:38.480,23482,23484,23482,1,-1
2024-11-11 15:16:42.357,23482,23484,23484,1,1
2024-11-11 15:16:45.468,23483,23484,23484,1,1
2024-11-11 15:16:48.817,23484,23485,23485,1,1
2024-11-11 15:16:48.817,23484,23485,23485,2,2
2024-11-11 15:16:49.799,23484,23485,23485,1,1
2024-11-11 15:16:53.704,23484,23485,23485,1,1
2024-11-11 15:16:54.958,23485,23486,23486,1,1
2024-11-11 15:16:56.111,23485,23486,23485,1,-1
2024-11-11 15:16:56.145,23484,23486,23486,5,5
2024-11-11 15:16:58.226,23485,23486,23486,3,3
2024-11-11 15:16:58.399,23486,23487,23487,1,1
2024-11-11 15:16:58.399,23486,23487,23488,1,1
2024-11-11 15:17:00.357,23487,23488,23488,1,1
2024-11-11 15:17:00.393,23487,23488,23487,1,-1
2024-11-11 15:17:00.612,23487,23488,23488,3,3
2024-11-11 15:17:00.612,23487,23488,23489,2,2
2024-11-11 15:17:01.172,23487,23489,23489,1,1
2024-11-11 15:17:01.381,23487,23489,23487,1,-1
2024-11-11 15:17:01.435,23487,23489,23488,1,-1
2024-11-11 15:17:02.542,23487,23489,23489,1,1
2024-11-11 15:17:03.533,23487,23488,23488,1,1
2024-11-11 15:17:04.194,23488,23490,23488,1,-1
2024-11-11 15:17:04.607,23488,23490,23490,1,1
2024-11-11 15:17:05.574,23489,23490,23490,1,1
2024-11-11 15:17:07.367,23489,23490,23489,1,-1
2024-11-11 15:17:07.409,23489,23490,23490,1,1
2024-11-11 15:17:07.636,23489,23491,23489,5,-5
2024-11-11 15:17:09.220,23487,23490,23490,1,1
2024-11-11 15:17:09.245,23488,23491,23491,1,1
2024-11-11 15:17:09.245,23488,23491,23491,1,1
2024-11-11 15:17:11.260,23487,23489,23489,1,1
2024-11-11 15:17:11.667,23487,23489,23487,1,-1
2024-11-11 15:17:13.258,23487,23489,23487,2,-2
2024-11-11 15:17:13.259,23487,23489,23487,2,-2
2024-11-11 15:17:13.287,23487,23489,23488,1,-1
2024-11-11 15:17:14.249,23486,23488,23486,1,-1
2024-11-11 15:17:14.249,23486,23488,23486,1,-1
2024-11-11 15:17:14.249,23486,23488,23486,1,-1
2024-11-11 15:17:14.249,23486,23488,23486,1,-1
2024-11-11 15:17:14.776,23485,23488,23487,2,2
2024-11-11 15:17:15.624,23485,23486,23485,1,-1
2024-11-11 15:17:16.185,23484,23486,23487,2,2
2024-11-11 15:17:16.185,23484,23486,23486,3,3
2024-11-11 15:17:17.102,23484,23486,23485,1,1
2024-11-11 15:17:17.519,23484,23485,23485,1,1
2024-11-11 15:17:18.197,23484,23485,23485,1,1
2024-11-11 15:17:18.231,23484,23485,23484,2,-2
2024-11-11 15:17:18.246,23482,23485,23485,1,1
2024-11-11 15:17:18.969,23482,23484,23484,1,1
2024-11-11 15:17:18.969,23482,23484,23485,2,2
2024-11-11 15:17:20.297,23483,23486,23483,1,-1
2024-11-11 15:17:23.665,23483,23485,23484,1,-1
2024-11-11 15:17:26.138,23483,23485,23485,2,2
2024-11-11 15:17:28.094,23484,23487,23484,1,-1
2024-11-11 15:17:31.424,23484,23487,23487,1,1
2024-11-11 15:17:35.749,23484,23487,23487,1,1
2024-11-11 15:17:39.361,23484,23487,23487,10,10
2024-11-11 15:17:39.462,23485,23488,23485,2,-2
2024-11-11 15:17:49.529,23486,23487,23486,2,-2
2024-11-11 15:17:49.530,23486,23487,23486,2,-2
2024-11-11 15:17:49.531,23486,23487,23485,1,-1
2024-11-11 15:17:52.654,23484,23486,23484,2,-2
2024-11-11 15:17:53.450,23483,23484,23483,1,-1
2024-11-11 15:17:53.451,23483,23484,23483,1,-1
2024-11-11 15:17:54.546,23482,23483,23482,6,-6
2024-11-11 15:17:54.546,23482,23483,23480,9,-9
2024-11-11 15:17:54.547,23482,23483,23479,3,-3
2024-11-11 15:17:54.547,23482,23483,23479,3,-3
2024-11-11 15:17:54.549,23482,23483,23478,1,-1
2024-11-11 15:17:54.655,23476,23478,23476,2,-2
2024-11-11 15:17:57.288,23475,23476,23476,1,1
2024-11-11 15:17:57.432,23475,23477,23475,1,-1
2024-11-11 15:17:57.432,23475,23477,23473,4,-4
2024-11-11 15:17:57.560,23473,23476,23472,4,-4
2024-11-11 15:17:57.560,23473,23476,23473,2,-2
2024-11-11 15:17:57.561,23473,23476,23472,2,-2
2024-11-11 15:17:57.562,23473,23476,23472,1,-1
2024-11-11 15:17:57.562,23473,23476,23472,1,-1
2024-11-11 15:17:58.624,23473,23474,23474,1,1
2024-11-11 15:17:58.624,23473,23474,23476,2,2
2024-11-11 15:18:00.781,23473,23476,23476,1,1
2024-11-11 15:18:00.904,23473,23476,23473,3,-3
2024-11-11 15:18:03.117,23472,23475,23475,1,1
2024-11-11 15:18:08.693,23472,23475,23472,2,-2
2024-11-11 15:18:08.944,23471,23474,23474,1,1
2024-11-11 15:18:08.946,23471,23474,23475,1,1
2024-11-11 15:18:11.320,23473,23475,23475,1,1
2024-11-11 15:18:13.662,23473,23476,23475,1,1
2024-11-11 15:18:15.185,23474,23476,23475,1,1
2024-11-11 15:18:16.325,23474,23476,23474,1,-1
2024-11-11 15:18:17.844,23474,23476,23476,1,1
2024-11-11 15:18:18.021,23475,23477,23475,1,-1
2024-11-11 15:18:19.700,23475,23476,23476,1,1
2024-11-11 15:18:20.176,23475,23477,23473,1,-1
2024-11-11 15:18:20.176,23475,23477,23474,6,-6
2024-11-11 15:18:20.176,23475,23477,23475,3,-3
2024-11-11 15:18:24.197,23473,23475,23475,1,1
2024-11-11 15:18:24.704,23473,23475,23473,1,-1
2024-11-11 15:18:24.704,23473,23475,23472,4,-4
2024-11-11 15:18:24.704,23473,23475,23471,3,-3
2024-11-11 15:18:24.809,23471,23473,23471,1,-1
2024-11-11 15:18:24.961,23470,23473,23470,1,-1
2024-11-11 15:18:27.933,23470,23472,23470,1,-1
2024-11-11 15:18:29.409,23470,23472,23470,1,-1
2024-11-11 15:18:29.801,23470,23472,23470,3,-3
2024-11-11 15:18:29.831,23470,23472,23471,2,-2
2024-11-11 15:18:31.843,23469,23471,23470,2,-2
2024-11-11 15:18:32.705,23470,23471,23470,1,-1
2024-11-11 15:18:34.259,23469,23470,23469,1,-1
2024-11-11 15:18:34.259,23469,23470,23469,1,-1
2024-11-11 15:18:34.329,23469,23470,23468,1,-1
2024-11-11 15:18:34.790,23468,23470,23468,1,-1
2024-11-11 15:18:35.853,23468,23470,23468,1,-1
2024-11-11 15:18:36.306,23467,23469,23467,1,-1
2024-11-11 15:18:38.925,23467,23469,23467,1,-1
2024-11-11 15:18:39.808,23467,23469,23466,2,-2
2024-11-11 15:18:39.808,23467,23469,23467,1,-1
2024-11-11 15:18:40.087,23466,23468,23466,1,-1
2024-11-11 15:18:41.034,23466,23467,23467,1,1
2024-11-11 15:18:41.710,23466,23469,23466,1,-1
2024-11-11 15:18:45.101,23466,23469,23466,2,-2
2024-11-11 15:18:47.498,23465,23468,23466,1,-1
2024-11-11 15:18:48.496,23465,23468,23465,2,-2
2024-11-11 15:18:48.602,23465,23468,23466,1,-1
2024-11-11 15:18:48.856,23465,23467,23465,2,-2
2024-11-11 15:18:49.599,23466,23468,23466,1,-1
2024-11-11 15:18:49.891,23466,23468,23466,1,-1
2024-11-11 15:18:50.011,23467,23468,23468,2,2
2024-11-11 15:18:50.198,23467,23469,23467,3,-3
2024-11-11 15:18:50.198,23467,23469,23466,2,-2
2024-11-11 15:18:50.770,23467,23469,23467,1,-1
2024-11-11 15:18:56.242,23467,23469,23467,1,-1
2024-11-11 15:19:00.029,23468,23469,23469,1,1
2024-11-11 15:19:00.401,23468,23470,23470,1,1
2024-11-11 15:19:00.402,23468,23470,23470,2,2
2024-11-11 15:19:00.930,23469,23471,23470,2,2
2024-11-11 15:19:01.966,23468,23471,23471,1,1
2024-11-11 15:19:03.672,23468,23470,23469,1,1
2024-11-11 15:19:05.183,23468,23470,23468,1,-1
2024-11-11 15:19:05.466,23468,23470,23469,1,-1
2024-11-11 15:19:05.466,23468,23470,23469,2,-2
2024-11-11 15:19:10.263,23465,23468,23468,1,1
2024-11-11 15:19:11.425,23467,23469,23466,1,-1
2024-11-11 15:19:15.145,23466,23469,23466,1,-1
2024-11-11 15:19:15.625,23466,23468,23468,1,1
2024-11-11 15:19:17.443,23466,23469,23468,1,1
2024-11-11 15:19:18.153,23466,23469,23469,1,1
2024-11-11 15:19:21.289,23467,23469,23467,1,-1
2024-11-11 15:19:26.138,23467,23469,23469,2,2
2024-11-11 15:19:26.176,23467,23469,23470,1,1
2024-11-11 15:19:26.176,23467,23469,23470,5,5
2024-11-11 15:19:26.228,23467,23469,23471,1,1
2024-11-11 15:19:26.238,23467,23469,23471,1,1
2024-11-11 15:19:30.065,23469,23472,23469,2,-2
2024-11-11 15:19:33.484,23468,23470,23470,2,2
2024-11-11 15:19:36.599,23468,23471,23468,1,-1
2024-11-11 15:19:39.160,23466,23468,23467,2,-2
2024-11-11 15:19:44.238,23468,23469,23468,1,-1
2024-11-11 15:19:44.673,23468,23469,23469,1,1
2024-11-11 15:19:46.498,23468,23469,23469,1,1
2024-11-11 15:19:46.713,23468,23471,23471,1,1
2024-11-11 15:19:51.984,23469,23471,23471,2,2
2024-11-11 15:19:52.033,23470,23472,23472,1,1
2024-11-11 15:19:55.731,23470,23472,23472,2,2
2024-11-11 15:19:55.731,23470,23472,23473,1,1
2024-11-11 15:19:57.056,23470,23473,23473,1,1
2024-11-11 15:20:00.375,23473,23475,23475,4,4
2024-11-11 15:20:00.653,23474,23476,23476,2,2
2024-11-11 15:20:00.729,23474,23476,23474,1,-1
2024-11-11 15:20:00.729,23474,23476,23473,1,-1
2024-11-11 15:20:01.120,23473,23476,23473,2,-2
2024-11-11 15:20:03.340,23473,23476,23476,1,1
2024-11-11 15:20:03.671,23473,23476,23475,1,1
2024-11-11 15:20:05.617,23474,23476,23474,1,-1
2024-11-11 15:20:07.087,23474,23477,23477,1,1
2024-11-11 15:20:07.610,23474,23477,23476,1,1
2024-11-11 15:20:12.019,23476,23477,23477,1,1
2024-11-11 15:20:13.700,23476,23478,23478,1,1
2024-11-11 15:20:21.225,23477,23480,23479,3,3
2024-11-11 15:20:23.604,23479,23480,23479,1,-1
2024-11-11 15:20:24.902,23479,23480,23480,1,1
2024-11-11 15:20:25.268,23479,23480,23480,1,1
2024-11-11 15:20:30.226,23479,23480,23480,2,2
2024-11-11 15:20:30.331,23479,23480,23479,3,-3
2024-11-11 15:20:30.638,23479,23480,23480,1,1
2024-11-11 15:20:30.805,23479,23480,23480,1,1
2024-11-11 15:20:32.151,23479,23480,23480,3,3
2024-11-11 15:20:35.364,23479,23480,23480,1,1
2024-11-11 15:20:35.402,23479,23480,23480,7,7
2024-11-11 15:20:35.403,23479,23480,23480,1,1
2024-11-11 15:20:35.403,23479,23480,23480,3,3
2024-11-11 15:20:35.403,23479,23480,23480,3,3
2024-11-11 15:20:35.403,23479,23480,23480,2,2
2024-11-11 15:20:35.403,23479,23480,23480,1,1
2024-11-11 15:20:35.405,23479,23480,23480,2,2
2024-11-11 15:20:36.318,23479,23480,23479,1,-1
2024-11-11 15:20:36.319,23479,23480,23479,2,-2
2024-11-11 15:20:37.098,23478,23480,23480,2,2
2024-11-11 15:20:38.884,23478,23480,23480,1,1
2024-11-11 15:20:39.384,23478,23480,23480,3,3
2024-11-11 15:20:39.569,23478,23480,23478,1,-1
2024-11-11 15:20:39.659,23476,23478,23478,1,1
2024-11-11 15:20:39.857,23476,23478,23478,1,1
2024-11-11 15:20:47.682,23476,23478,23478,1,1
2024-11-11 15:20:55.434,23476,23479,23479,1,1
2024-11-11 15:20:56.700,23478,23480,23478,5,-5
2024-11-11 15:20:59.776,23479,23480,23480,14,14
2024-11-11 15:20:59.835,23479,23480,23482,1,1
2024-11-11 15:21:00.329,23481,23483,23483,2,2
2024-11-11 15:21:00.510,23483,23484,23483,1,-1
2024-11-11 15:21:00.513,23483,23484,23483,1,-1
2024-11-11 15:21:01.269,23481,23484,23484,1,1
2024-11-11 15:21:08.733,23480,23482,23480,2,-2
2024-11-11 15:21:09.352,23480,23482,23480,1,-1
2024-11-11 15:21:09.352,23480,23482,23480,1,-1
2024-11-11 15:21:09.418,23478,23481,23480,1,1
2024-11-11 15:21:12.670,23479,23482,23482,2,2
2024-11-11 15:21:16.763,23481,23484,23483,1,1
2024-11-11 15:21:21.975,23482,23484,23484,3,3
2024-11-11 15:21:21.976,23482,23484,23484,3,3
2024-11-11 15:21:25.664,23484,23485,23485,1,1
2024-11-11 15:21:25.665,23484,23485,23485,1,1
2024-11-11 15:21:25.665,23484,23485,23485,2,2
2024-11-11 15:21:26.618,23485,23486,23486,3,3
2024-11-11 15:21:26.618,23485,23486,23487,2,2
2024-11-11 15:21:26.649,23485,23486,23487,1,1
2024-11-11 15:21:26.670,23485,23486,23488,1,1
2024-11-11 15:21:26.780,23486,23488,23488,1,1
2024-11-11 15:21:27.559,23485,23488,23485,1,-1
2024-11-11 15:21:29.011,23485,23488,23488,1,1
2024-11-11 15:21:29.924,23485,23487,23487,1,1
2024-11-11 15:21:31.596,23486,23488,23487,1,1
2024-11-11 15:21:33.160,23485,23488,23488,2,2
2024-11-11 15:21:34.973,23485,23488,23488,3,3
2024-11-11 15:21:37.856,23486,23488,23486,1,-1
2024-11-11 15:21:37.886,23485,23486,23486,2,2
2024-11-11 15:21:38.693,23485,23487,23485,1,-1
2024-11-11 15:21:39.528,23485,23487,23485,1,-1
2024-11-11 15:21:39.532,23485,23487,23484,1,-1
2024-11-11 15:21:42.609,23483,23485,23483,1,-1
2024-11-11 15:21:46.783,23483,23485,23483,1,-1
2024-11-11 15:21:46.810,23483,23485,23484,1,-1
2024-11-11 15:21:49.673,23483,23484,23483,1,-1
2024-11-11 15:21:50.155,23482,23484,23483,1,-1
2024-11-11 15:21:50.179,23482,23484,23483,1,-1
2024-11-11 15:21:52.220,23482,23483,23483,1,1
2024-11-11 15:21:53.420,23482,23484,23482,2,-2
2024-11-11 15:21:54.341,23480,23482,23480,1,-1
2024-11-11 15:21:55.295,23480,23482,23481,1,-1
2024-11-11 15:21:56.106,23480,23481,23481,2,2
2024-11-11 15:21:57.865,23480,23482,23480,1,-1
2024-11-11 15:22:00.214,23481,23482,23482,2,2
2024-11-11 15:22:02.341,23481,23482,23481,1,-1
2024-11-11 15:22:03.627,23481,23483,23481,1,-1
2024-11-11 15:22:05.105,23480,23482,23481,1,-1
2024-11-11 15:22:06.665,23480,23481,23480,20,-20
2024-11-11 15:22:06.665,23480,23481,23479,3,-3
2024-11-11 15:22:06.667,23480,23481,23478,5,-5
2024-11-11 15:22:07.084,23475,23478,23475,2,-2
2024-11-11 15:22:07.084,23475,23478,23476,1,-1
2024-11-11 15:22:07.712,23474,23477,23477,1,1
2024-11-11 15:22:08.045,23474,23477,23477,1,1
2024-11-11 15:22:10.148,23475,23478,23475,3,-3
2024-11-11 15:22:10.148,23475,23478,23474,1,-1
2024-11-11 15:22:11.818,23474,23475,23475,1,1
2024-11-11 15:22:13.465,23474,23475,23474,1,-1
2024-11-11 15:22:14.932,23473,23474,23473,1,-1
2024-11-11 15:22:15.447,23472,23473,23472,1,-1
2024-11-11 15:22:17.004,23472,23473,23472,1,-1
2024-11-11 15:22:17.004,23472,23473,23471,1,-1
2024-11-11 15:22:20.470,23470,23471,23471,1,1
2024-11-11 15:22:21.040,23470,23471,23470,1,-1
2024-11-11 15:22:22.093,23470,23471,23470,1,-1
2024-11-11 15:22:26.953,23469,23470,23469,2,-2
2024-11-11 15:22:26.954,23469,23470,23469,1,-1
2024-11-11 15:22:27.595,23468,23470,23468,1,-1
2024-11-11 15:22:27.886,23468,23469,23468,1,-1
2024-11-11 15:22:28.553,23467,23469,23468,1,-1
2024-11-11 15:22:31.095,23467,23469,23467,1,-1
2024-11-11 15:22:31.120,23465,23467,23465,1,-1
2024-11-11 15:22:31.152,23465,23467,23466,1,-1
2024-11-11 15:22:31.249,23465,23467,23467,1,1
2024-11-11 15:22:35.953,23468,23469,23468,1,-1
2024-11-11 15:22:48.512,23468,23469,23469,1,1
2024-11-11 15:22:48.512,23468,23469,23470,2,2
2024-11-11 15:22:52.291,23468,23471,23471,1,1
2024-11-11 15:22:52.292,23468,23471,23471,8,8
2024-11-11 15:22:53.559,23471,23473,23473,1,1
2024-11-11 15:22:54.941,23471,23473,23471,1,-1
2024-11-11 15:22:57.003,23471,23474,23474,1,1
2024-11-11 15:22:58.101,23471,23474,23474,1,1
2024-11-11 15:23:01.247,23471,23473,23471,2,-2
2024-11-11 15:23:03.667,23471,23473,23472,1,-1
2024-11-11 15:23:05.625,23472,23473,23473,1,1
2024-11-11 15:23:07.302,23472,23475,23472,1,-1
2024-11-11 15:23:11.162,23469,23472,23469,1,-1
2024-11-11 15:23:11.660,23468,23471,23471,1,1
2024-11-11 15:23:15.015,23468,23470,23470,1,1
2024-11-11 15:23:15.464,23468,23470,23468,1,-1
2024-11-11 15:23:23.528,23469,23470,23470,1,1
2024-11-11 15:23:28.709,23468,23471,23469,1,-1
2024-11-11 15:23:30.768,23470,23471,23471,1,1
2024-11-11 15:23:31.123,23470,23471,23470,1,-1
2024-11-11 15:23:31.123,23470,23471,23470,2,-2
2024-11-11 15:23:31.564,23468,23471,23468,1,-1
2024-11-11 15:23:35.295,23468,23470,23468,7,-7
2024-11-11 15:23:35.348,23468,23470,23468,2,-2
2024-11-11 15:23:39.954,23467,23469,23467,1,-1
2024-11-11 15:23:40.078,23467,23468,23467,1,-1
2024-11-11 15:23:40.078,23467,23468,23467,1,-1
2024-11-11 15:23:40.078,23467,23468,23467,1,-1
2024-11-11 15:23:40.079,23467,23468,23467,1,-1
2024-11-11 15:23:54.495,23467,23468,23468,1,1
2024-11-11 15:23:54.873,23466,23469,23466,1,-1
2024-11-11 15:23:57.767,23466,23467,23467,1,1
2024-11-11 15:24:00.869,23467,23470,23470,1,1
2024-11-11 15:24:06.581,23468,23469,23468,2,-2
2024-11-11 15:24:08.687,23468,23469,23468,1,-1
2024-11-11 15:24:22.082,23469,23470,23470,2,2
2024-11-11 15:24:24.014,23469,23472,23469,1,-1
2024-11-11 15:24:26.990,23469,23470,23470,1,1
2024-11-11 15:24:39.994,23470,23471,23470,1,-1
2024-11-11 15:24:39.994,23470,23471,23469,1,-1
2024-11-11 15:24:40.313,23469,23471,23469,1,-1
2024-11-11 15:24:40.346,23469,23471,23469,2,-2
2024-11-11 15:24:41.331,23468,23469,23468,1,-1
2024-11-11 15:24:41.331,23468,23469,23468,1,-1
2024-11-11 15:24:41.331,23468,23469,23468,2,-2
2024-11-11 15:24:46.645,23466,23467,23467,1,1
2024-11-11 15:24:47.614,23466,23468,23468,1,1
2024-11-11 15:24:48.968,23467,23469,23467,4,-4
2024-11-11 15:24:48.968,23467,23469,23466,6,-6
2024-11-11 15:24:48.968,23467,23469,23467,1,-1
2024-11-11 15:24:54.936,23466,23467,23465,7,-7
2024-11-11 15:24:54.936,23466,23467,23466,3,-3
2024-11-11 15:24:55.295,23465,23467,23465,1,-1
2024-11-11 15:24:55.645,23464,23466,23464,6,-6
2024-11-11 15:24:55.686,23464,23466,23464,1,-1
2024-11-11 15:24:56.641,23463,23465,23463,6,-6
2024-11-11 15:24:56.641,23463,23465,23462,4,-4
2024-11-11 15:24:56.714,23463,23465,23464,1,-1
2024-11-11 15:24:57.425,23463,23465,23463,1,-1
2024-11-11 15:24:57.924,23462,23465,23462,1,-1
2024-11-11 15:24:57.938,23462,23465,23462,1,-1
2024-11-11 15:24:59.367,23462,23464,23461,2,-2
2024-11-11 15:24:59.367,23462,23464,23462,8,-8
2024-11-11 15:24:59.590,23461,23463,23461,1,-1
2024-11-11 15:25:00.517,23461,23463,23461,1,-1
2024-11-11 15:25:00.825,23461,23463,23461,1,-1
2024-11-11 15:25:00.826,23461,23463,23460,1,-1
2024-11-11 15:25:00.826,23461,23463,23460,1,-1
2024-11-11 15:25:00.826,23461,23463,23460,4,-4
2024-11-11 15:25:00.842,23461,23463,23462,1,-1
2024-11-11 15:25:01.283,23459,23462,23459,1,-1
2024-11-11 15:25:01.798,23460,23463,23458,4,-4
2024-11-11 15:25:01.798,23460,23463,23459,4,-4
2024-11-11 15:25:01.798,23460,23463,23460,2,-2
2024-11-11 15:25:01.870,23459,23461,23459,1,-1
2024-11-11 15:25:01.979,23459,23461,23458,1,-1
2024-11-11 15:25:02.004,23458,23461,23458,1,-1
2024-11-11 15:25:02.088,23458,23461,23458,1,-1
2024-11-11 15:25:02.855,23457,23460,23457,1,-1
2024-11-11 15:25:03.543,23458,23460,23458,1,-1
2024-11-11 15:25:03.576,23458,23460,23457,1,-1
2024-11-11 15:25:03.603,23458,23460,23457,4,-4
2024-11-11 15:25:03.603,23458,23460,23456,6,-6
2024-11-11 15:25:04.354,23456,23458,23458,1,1
2024-11-11 15:25:04.811,23456,23459,23459,1,1
2024-11-11 15:25:04.849,23456,23459,23456,1,-1
2024-11-11 15:25:05.065,23456,23458,23456,3,-3
2024-11-11 15:25:05.065,23456,23458,23455,1,-1
2024-11-11 15:25:05.215,23456,23458,23456,2,-2
2024-11-11 15:25:05.215,23456,23458,23455,8,-8
2024-11-11 15:25:05.224,23456,23458,23454,1,-1
2024-11-11 15:25:05.308,23454,23457,23454,2,-2
2024-11-11 15:25:05.422,23454,23457,23454,4,-4
2024-11-11 15:25:05.434,23454,23457,23454,2,-2
2024-11-11 15:25:07.227,23456,23458,23455,2,-2
2024-11-11 15:25:07.227,23456,23458,23454,5,-5
2024-11-11 15:25:07.227,23456,23458,23453,3,-3
2024-11-11 15:25:07.255,23454,23457,23454,2,-2
2024-11-11 15:25:07.628,23453,23455,23455,1,1
2024-11-11 15:25:07.676,23453,23455,23453,1,-1
2024-11-11 15:25:07.990,23454,23456,23454,1,-1
2024-11-11 15:25:08.210,23453,23456,23453,1,-1
2024-11-11 15:25:08.311,23453,23455,23455,1,1
2024-11-11 15:25:08.447,23453,23456,23456,1,1
2024-11-11 15:25:09.537,23454,23456,23453,9,-9
2024-11-11 15:25:09.537,23454,23456,23454,1,-1
2024-11-11 15:25:10.398,23453,23455,23455,1,1
2024-11-11 15:25:10.541,23453,23456,23453,2,-2
2024-11-11 15:25:10.541,23453,23456,23452,4,-4
2024-11-11 15:25:10.867,23452,23455,23452,1,-1
2024-11-11 15:25:12.614,23453,23455,23453,1,-1
2024-11-11 15:25:12.734,23452,23455,23453,1,-1
2024-11-11 15:25:12.956,23452,23455,23452,8,-8
2024-11-11 15:25:12.956,23452,23455,23451,2,-2
2024-11-11 15:25:13.227,23451,23454,23451,1,-1
2024-11-11 15:25:13.955,23453,23455,23453,1,-1
2024-11-11 15:25:13.998,23453,23455,23453,1,-1
2024-11-11 15:25:14.322,23453,23455,23455,1,1
2024-11-11 15:25:14.687,23453,23455,23455,1,1
2024-11-11 15:25:14.690,23453,23455,23455,2,2
2024-11-11 15:25:14.691,23453,23455,23455,1,1
2024-11-11 15:25:14.702,23453,23455,23457,1,1
2024-11-11 15:25:14.732,23453,23455,23455,2,2
2024-11-11 15:25:14.758,23454,23457,23454,1,-1
2024-11-11 15:25:15.582,23453,23456,23453,1,-1
2024-11-11 15:25:18.021,23452,23453,23453,1,1
2024-11-11 15:25:18.851,23452,23454,23453,1,1
2024-11-11 15:25:18.936,23452,23454,23452,1,-1
2024-11-11 15:25:19.112,23451,23453,23453,1,1
2024-11-11 15:25:20.848,23451,23453,23451,6,-6
2024-11-11 15:25:20.848,23451,23453,23450,2,-2
2024-11-11 15:25:20.910,23450,23452,23452,1,1
2024-11-11 15:25:20.952,23450,23452,23450,1,-1
