2020-08-24,15:00:00.066000,12632,12633,12631,71
2020-08-24,15:00:00.122000,12630,12631,12631,1
2020-08-24,15:00:00.188000,12630,12631,12631,1
2020-08-24,15:00:00.207000,12630,12631,12631,2
2020-08-24,15:00:00.258000,12630,12631,12631,1
2020-08-24,15:00:00.312000,12630,12631,12631,2
2020-08-24,15:00:00.312000,12630,12631,12631,1
2020-08-24,15:00:00.317000,12630,12631,12631,1
2020-08-24,15:00:00.332000,12630,12631,12631,1
2020-08-24,15:00:00.332000,12630,12631,12631,1
2020-08-24,15:00:00.332000,12630,12631,12632,4
2020-08-24,15:00:00.355000,12630,12631,12632,1
2020-08-24,15:00:00.367000,12630,12631,12632,1
2020-08-24,15:00:00.373000,12630,12631,12632,1
2020-08-24,15:00:00.393000,12631,12632,12632,1
2020-08-24,15:00:00.398000,12631,12632,12633,1
2020-08-24,15:00:00.460000,12631,12632,12633,1
2020-08-24,15:00:00.503000,12631,12632,12633,1
2020-08-24,15:00:00.515000,12632,12633,12633,1
2020-08-24,15:00:00.544000,12632,12633,12633,1
2020-08-24,15:00:00.545000,12632,12633,12633,1
2020-08-24,15:00:00.584000,12632,12633,12634,1
2020-08-24,15:00:00.642000,12633,12634,12634,2
2020-08-24,15:00:00.677000,12633,12634,12634,1
2020-08-24,15:00:00.678000,12633,12634,12633,2
2020-08-24,15:00:00.690000,12633,12634,12634,1
2020-08-24,15:00:00.716000,12633,12634,12633,2
2020-08-24,15:00:00.734000,12633,12634,12634,1
2020-08-24,15:00:00.755000,12633,12634,12633,1
2020-08-24,15:00:00.784000,12633,12634,12633,1
2020-08-24,15:00:00.793000,12633,12634,12634,1
2020-08-24,15:00:00.856000,12633,12634,12634,2
2020-08-24,15:00:01.082000,12632,12634,12632,5
2020-08-24,15:00:01.083000,12632,12634,12631,1
2020-08-24,15:00:01.085000,12632,12634,12630,7
2020-08-24,15:00:01.145000,12629,12631,12631,1
2020-08-24,15:00:01.631000,12630,12632,12632,1
2020-08-24,15:00:01.915000,12630,12632,12632,1
2020-08-24,15:00:02.524000,12631,12633,12631,1
2020-08-24,15:00:02.615000,12631,12633,12630,1
2020-08-24,15:00:02.643000,12631,12632,12631,2
2020-08-24,15:00:02.713000,12631,12632,12630,3
2020-08-24,15:00:02.910000,12629,12632,12632,1
2020-08-24,15:00:02.952000,12629,12632,12630,1
2020-08-24,15:00:03.012000,12629,12632,12632,1
2020-08-24,15:00:03.012000,12629,12632,12632,1
2020-08-24,15:00:03.112000,12630,12632,12632,1
2020-08-24,15:00:03.112000,12630,12632,12632,1
2020-08-24,15:00:03.113000,12630,12632,12632,1
2020-08-24,15:00:03.266000,12632,12633,12632,1
2020-08-24,15:00:03.266000,12632,12633,12631,1
2020-08-24,15:00:03.329000,12632,12633,12630,1
2020-08-24,15:00:04.387000,12630,12633,12633,2
2020-08-24,15:00:04.435000,12630,12633,12630,1
2020-08-24,15:00:05.015000,12631,12632,12631,1
2020-08-24,15:00:05.015000,12631,12632,12630,1
2020-08-24,15:00:05.227000,12630,12632,12632,1
2020-08-24,15:00:05.451000,12630,12632,12630,1
2020-08-24,15:00:05.980000,12632,12633,12632,1
2020-08-24,15:00:06.199000,12632,12633,12633,1
2020-08-24,15:00:06.207000,12632,12633,12633,1
2020-08-24,15:00:06.214000,12632,12633,12633,1
2020-08-24,15:00:06.221000,12632,12633,12632,1
2020-08-24,15:00:06.228000,12632,12633,12632,1
2020-08-24,15:00:06.455000,12631,12632,12631,2
2020-08-24,15:00:07.514000,12630,12631,12630,2
2020-08-24,15:00:07.639000,12630,12631,12630,1
2020-08-24,15:00:07.643000,12630,12631,12630,1
2020-08-24,15:00:07.654000,12630,12631,12629,1
2020-08-24,15:00:08.014000,12628,12630,12630,1
2020-08-24,15:00:08.436000,12628,12630,12630,1
2020-08-24,15:00:08.960000,12627,12628,12627,1
2020-08-24,15:00:09.052000,12627,12628,12627,2
2020-08-24,15:00:09.052000,12627,12628,12627,1
2020-08-24,15:00:10.065000,12627,12628,12627,2
2020-08-24,15:00:10.617000,12627,12628,12628,5
2020-08-24,15:00:10.679000,12628,12630,12628,1
2020-08-24,15:00:10.885000,12628,12629,12629,2
2020-08-24,15:00:11.786000,12629,12630,12629,2
2020-08-24,15:00:12.956000,12629,12630,12629,2
2020-08-24,15:00:13.032000,12628,12630,12628,1
2020-08-24,15:00:13.209000,12628,12629,12629,1
2020-08-24,15:00:13.581000,12628,12630,12629,2
2020-08-24,15:00:14.078000,12628,12630,12630,1
2020-08-24,15:00:15.158000,12628,12630,12628,2
2020-08-24,15:00:15.483000,12627,12628,12628,1
2020-08-24,15:00:15.512000,12627,12628,12628,1
2020-08-24,15:00:15.715000,12627,12628,12627,1
2020-08-24,15:00:16.053000,12627,12628,12628,1
2020-08-24,15:00:16.065000,12627,12628,12628,1
2020-08-24,15:00:16.287000,12628,12630,12628,1
2020-08-24,15:00:16.790000,12628,12629,12629,1
2020-08-24,15:00:16.998000,12628,12630,12629,1
2020-08-24,15:00:17.569000,12628,12629,12628,1
2020-08-24,15:00:17.642000,12628,12629,12629,1
2020-08-24,15:00:17.643000,12628,12629,12629,1
2020-08-24,15:00:17.643000,12628,12629,12629,1
2020-08-24,15:00:17.643000,12628,12629,12629,1
2020-08-24,15:00:17.643000,12628,12629,12629,1
2020-08-24,15:00:17.643000,12628,12629,12629,1
2020-08-24,15:00:17.643000,12628,12629,12629,1
2020-08-24,15:00:17.643000,12628,12629,12629,1
2020-08-24,15:00:17.644000,12628,12629,12630,1
2020-08-24,15:00:17.645000,12628,12629,12630,1
2020-08-24,15:00:17.645000,12628,12629,12630,1
2020-08-24,15:00:17.645000,12628,12629,12630,1
2020-08-24,15:00:18.137000,12628,12630,12628,2
2020-08-24,15:00:18.919000,12629,12630,12629,1
2020-08-24,15:00:18.980000,12629,12630,12628,1
2020-08-24,15:00:19.719000,12628,12630,12630,1
2020-08-24,15:00:19.849000,12628,12630,12630,1
2020-08-24,15:00:20.051000,12628,12630,12630,1
2020-08-24,15:00:20.051000,12628,12630,12630,1
2020-08-24,15:00:20.138000,12628,12630,12628,1
2020-08-24,15:00:20.152000,12628,12630,12630,1
2020-08-24,15:00:20.152000,12628,12630,12630,1
2020-08-24,15:00:20.391000,12629,12630,12629,1
2020-08-24,15:00:20.795000,12629,12630,12629,1
2020-08-24,15:00:21.177000,12629,12630,12630,1
2020-08-24,15:00:21.715000,12629,12630,12629,1
2020-08-24,15:00:22.346000,12629,12630,12629,1
2020-08-24,15:00:22.578000,12629,12630,12630,1
2020-08-24,15:00:22.732000,12630,12631,12630,1
2020-08-24,15:00:23.791000,12630,12632,12630,2
2020-08-24,15:00:24.810000,12630,12631,12631,4
2020-08-24,15:00:26.172000,12631,12632,12632,3
2020-08-24,15:00:26.198000,12631,12632,12632,4
2020-08-24,15:00:26.198000,12631,12632,12632,1
2020-08-24,15:00:26.343000,12631,12633,12631,1
2020-08-24,15:00:26.837000,12631,12632,12632,1
2020-08-24,15:00:28.103000,12631,12632,12631,2
2020-08-24,15:00:28.142000,12631,12632,12632,1
2020-08-24,15:00:28.144000,12631,12632,12633,1
2020-08-24,15:00:28.146000,12631,12632,12633,1
2020-08-24,15:00:30.333000,12631,12633,12631,3
2020-08-24,15:00:30.530000,12631,12633,12633,1
2020-08-24,15:00:31.598000,12631,12633,12631,1
2020-08-24,15:00:31.866000,12631,12633,12631,2
2020-08-24,15:00:33.134000,12631,12632,12632,1
2020-08-24,15:00:33.373000,12632,12633,12633,1
2020-08-24,15:00:33.399000,12632,12633,12633,1
2020-08-24,15:00:33.399000,12632,12633,12633,1
2020-08-24,15:00:33.402000,12632,12633,12633,1
2020-08-24,15:00:33.402000,12632,12633,12633,1
2020-08-24,15:00:35.448000,12632,12633,12632,2
2020-08-24,15:00:35.913000,12631,12633,12633,1
2020-08-24,15:00:37.876000,12631,12632,12632,1
2020-08-24,15:00:38.344000,12631,12632,12632,4
2020-08-24,15:00:38.344000,12631,12632,12633,14
2020-08-24,15:00:38.394000,12631,12633,12633,1
2020-08-24,15:00:39.579000,12631,12632,12632,4
2020-08-24,15:00:39.579000,12631,12632,12633,5
2020-08-24,15:00:39.641000,12631,12633,12633,2
2020-08-24,15:00:40.094000,12631,12632,12631,2
2020-08-24,15:00:40.095000,12631,12632,12631,2
2020-08-24,15:00:40.095000,12631,12632,12631,3
2020-08-24,15:00:40.228000,12630,12632,12630,1
2020-08-24,15:00:42.101000,12631,12632,12631,1
2020-08-24,15:00:42.727000,12631,12632,12632,1
2020-08-24,15:00:43.026000,12631,12632,12631,1
2020-08-24,15:00:43.289000,12631,12632,12632,1
2020-08-24,15:00:43.757000,12631,12632,12632,2
2020-08-24,15:00:43.941000,12631,12632,12632,2
2020-08-24,15:00:44.211000,12632,12633,12632,1
2020-08-24,15:00:44.313000,12631,12632,12632,1
2020-08-24,15:00:44.705000,12631,12632,12632,1
2020-08-24,15:00:44.911000,12631,12632,12632,1
2020-08-24,15:00:46.953000,12631,12632,12632,1
2020-08-24,15:00:47.654000,12631,12632,12632,1
2020-08-24,15:00:47.768000,12631,12632,12632,1
2020-08-24,15:00:47.768000,12631,12632,12632,1
2020-08-24,15:00:47.768000,12631,12632,12632,1
2020-08-24,15:00:48.733000,12631,12632,12632,1
2020-08-24,15:00:49.015000,12631,12632,12632,1
2020-08-24,15:00:49.776000,12631,12632,12632,1
2020-08-24,15:00:49.935000,12631,12632,12632,1
2020-08-24,15:00:50.610000,12631,12632,12631,1
2020-08-24,15:00:51.032000,12631,12632,12632,3
2020-08-24,15:00:52.036000,12631,12632,12632,1
2020-08-24,15:00:52.993000,12631,12632,12631,1
2020-08-24,15:00:52.993000,12631,12632,12631,10
2020-08-24,15:00:52.993000,12631,12632,12631,2
2020-08-24,15:00:53.748000,12630,12631,12631,1
2020-08-24,15:00:54.349000,12630,12631,12630,1
2020-08-24,15:00:54.389000,12630,12631,12630,20
2020-08-24,15:00:54.514000,12629,12630,12629,17
2020-08-24,15:00:54.639000,12628,12629,12628,3
2020-08-24,15:00:55.198000,12628,12629,12628,4
2020-08-24,15:00:56.400000,12628,12629,12629,1
2020-08-24,15:00:56.483000,12628,12629,12629,5
2020-08-24,15:00:56.516000,12629,12631,12631,1
2020-08-24,15:00:57.275000,12629,12631,12631,1
2020-08-24,15:00:57.866000,12629,12631,12630,2
2020-08-24,15:00:57.971000,12628,12630,12630,1
2020-08-24,15:00:57.981000,12628,12630,12630,1
2020-08-24,15:00:58.002000,12628,12630,12631,1
2020-08-24,15:00:59.937000,12629,12631,12631,1
2020-08-24,15:01:00.005000,12629,12631,12629,1
2020-08-24,15:01:00.033000,12629,12631,12631,1
2020-08-24,15:01:00.034000,12629,12631,12629,1
2020-08-24,15:01:00.055000,12629,12631,12631,1
2020-08-24,15:01:00.077000,12629,12631,12631,1
2020-08-24,15:01:00.083000,12629,12631,12631,4
2020-08-24,15:01:00.084000,12629,12631,12631,1
2020-08-24,15:01:00.088000,12629,12631,12629,1
2020-08-24,15:01:00.090000,12629,12631,12631,1
2020-08-24,15:01:00.361000,12629,12631,12631,1
2020-08-24,15:01:01.934000,12630,12631,12631,2
2020-08-24,15:01:02.026000,12630,12632,12632,1
2020-08-24,15:01:02.382000,12631,12632,12632,1
2020-08-24,15:01:02.382000,12631,12632,12632,6
2020-08-24,15:01:02.395000,12631,12633,12632,2
2020-08-24,15:01:05.315000,12631,12633,12631,1
2020-08-24,15:01:05.771000,12631,12633,12633,1
2020-08-24,15:01:05.903000,12631,12633,12632,1
2020-08-24,15:01:07.216000,12631,12632,12631,2
2020-08-24,15:01:07.802000,12631,12632,12632,1
2020-08-24,15:01:09.150000,12631,12632,12631,1
2020-08-24,15:01:09.267000,12631,12632,12632,1
2020-08-24,15:01:09.268000,12631,12632,12632,1
2020-08-24,15:01:09.268000,12631,12632,12633,1
2020-08-24,15:01:09.269000,12631,12632,12633,1
2020-08-24,15:01:09.805000,12631,12633,12631,1
2020-08-24,15:01:09.883000,12631,12633,12631,1
2020-08-24,15:01:10.556000,12631,12633,12631,1
2020-08-24,15:01:12.730000,12631,12632,12631,1
2020-08-24,15:01:15.204000,12631,12632,12631,1
2020-08-24,15:01:15.729000,12631,12632,12631,2
2020-08-24,15:01:15.729000,12631,12632,12631,1
2020-08-24,15:01:16.502000,12630,12632,12632,1
2020-08-24,15:01:16.689000,12631,12632,12631,1
2020-08-24,15:01:16.731000,12631,12632,12631,1
2020-08-24,15:01:17.562000,12631,12632,12631,1
2020-08-24,15:01:17.642000,12631,12632,12632,1
2020-08-24,15:01:17.642000,12631,12632,12632,1
2020-08-24,15:01:17.642000,12631,12632,12632,1
2020-08-24,15:01:17.642000,12631,12632,12632,1
2020-08-24,15:01:17.644000,12631,12632,12632,1
2020-08-24,15:01:17.644000,12631,12632,12632,1
2020-08-24,15:01:17.644000,12631,12632,12632,1
2020-08-24,15:01:17.644000,12631,12632,12632,1
2020-08-24,15:01:17.644000,12631,12632,12632,1
2020-08-24,15:01:17.644000,12631,12632,12633,1
2020-08-24,15:01:17.645000,12631,12632,12633,1
2020-08-24,15:01:17.675000,12631,12632,12632,2
2020-08-24,15:01:19.077000,12631,12632,12632,1
2020-08-24,15:01:19.077000,12631,12632,12632,2
2020-08-24,15:01:19.127000,12631,12632,12632,2
2020-08-24,15:01:21.867000,12631,12632,12632,1
2020-08-24,15:01:23.195000,12631,12632,12632,1
2020-08-24,15:01:23.768000,12631,12632,12631,1
2020-08-24,15:01:23.820000,12631,12632,12632,1
2020-08-24,15:01:25.318000,12631,12632,12632,1
2020-08-24,15:01:26.250000,12631,12632,12632,1
2020-08-24,15:01:26.926000,12631,12632,12632,1
2020-08-24,15:01:27.298000,12631,12632,12631,1
2020-08-24,15:01:30.014000,12631,12632,12631,7
2020-08-24,15:01:30.015000,12631,12632,12631,19
2020-08-24,15:01:30.015000,12631,12632,12631,4
2020-08-24,15:01:30.015000,12631,12632,12631,9
2020-08-24,15:01:30.015000,12631,12632,12631,4
2020-08-24,15:01:30.015000,12631,12632,12631,2
2020-08-24,15:01:30.015000,12631,12632,12631,6
2020-08-24,15:01:30.044000,12631,12632,12631,1
2020-08-24,15:01:31.451000,12630,12632,12632,1
2020-08-24,15:01:33.027000,12631,12632,12631,1
2020-08-24,15:01:33.985000,12631,12632,12632,1
2020-08-24,15:01:34.685000,12631,12632,12631,1
2020-08-24,15:01:35.533000,12631,12632,12631,1
2020-08-24,15:01:36.238000,12631,12632,12631,1
2020-08-24,15:01:36.998000,12631,12632,12632,1
2020-08-24,15:01:43.651000,12631,12632,12631,1
2020-08-24,15:01:43.767000,12631,12632,12632,1
2020-08-24,15:01:43.767000,12631,12632,12632,1
2020-08-24,15:01:43.768000,12631,12632,12632,1
2020-08-24,15:01:43.769000,12631,12632,12632,1
2020-08-24,15:01:44.004000,12631,12632,12632,2
2020-08-24,15:01:46.201000,12631,12632,12631,1
2020-08-24,15:01:46.929000,12631,12632,12631,1
2020-08-24,15:01:48.154000,12631,12632,12632,2
2020-08-24,15:01:48.240000,12631,12632,12631,1
2020-08-24,15:01:48.269000,12631,12632,12632,1
2020-08-24,15:01:50.780000,12631,12632,12631,2
2020-08-24,15:01:51.977000,12631,12632,12632,1
2020-08-24,15:01:52.017000,12631,12632,12631,1
2020-08-24,15:01:52.614000,12631,12632,12632,1
2020-08-24,15:01:53.414000,12631,12632,12631,1
2020-08-24,15:01:55.357000,12631,12632,12631,7
2020-08-24,15:01:55.369000,12631,12632,12632,1
2020-08-24,15:01:56.649000,12631,12632,12631,1
2020-08-24,15:01:58.309000,12630,12632,12632,2
2020-08-24,15:02:00.106000,12630,12632,12632,1
2020-08-24,15:02:01.782000,12631,12632,12631,1
2020-08-24,15:02:01.972000,12631,12632,12632,4
2020-08-24,15:02:02.297000,12631,12632,12632,10
2020-08-24,15:02:02.298000,12631,12632,12632,1
2020-08-24,15:02:02.348000,12631,12632,12632,2
2020-08-24,15:02:02.514000,12631,12632,12631,1
2020-08-24,15:02:02.610000,12631,12632,12632,5
2020-08-24,15:02:04.006000,12631,12632,12631,1
2020-08-24,15:02:08.669000,12630,12632,12630,1
2020-08-24,15:02:09.465000,12630,12632,12632,1
2020-08-24,15:02:10.683000,12630,12632,12630,1
2020-08-24,15:02:11.305000,12630,12632,12632,1
2020-08-24,15:02:11.627000,12630,12632,12630,1
2020-08-24,15:02:14.260000,12631,12632,12631,1
2020-08-24,15:02:18.107000,12631,12632,12631,1
2020-08-24,15:02:18.989000,12630,12632,12632,3
2020-08-24,15:02:19.741000,12631,12632,12631,2
2020-08-24,15:02:21.823000,12631,12632,12631,1
2020-08-24,15:02:23.402000,12631,12632,12631,1
2020-08-24,15:02:23.909000,12631,12632,12631,1
2020-08-24,15:02:24.527000,12631,12632,12631,1
2020-08-24,15:02:28.626000,12631,12632,12632,1
2020-08-24,15:02:29.792000,12631,12632,12631,2
2020-08-24,15:02:30.729000,12630,12631,12631,1
2020-08-24,15:02:31.196000,12630,12631,12631,2
2020-08-24,15:02:31.197000,12630,12631,12631,2
2020-08-24,15:02:37.924000,12631,12632,12631,1
2020-08-24,15:02:39.553000,12630,12631,12631,1
2020-08-24,15:02:39.841000,12631,12632,12631,1
2020-08-24,15:02:40.087000,12631,12632,12632,1
2020-08-24,15:02:43.339000,12631,12632,12631,1
2020-08-24,15:02:49.279000,12631,12632,12632,1
2020-08-24,15:02:50.085000,12631,12632,12632,1
2020-08-24,15:02:50.973000,12631,12632,12632,1
2020-08-24,15:02:51.778000,12631,12632,12632,1
2020-08-24,15:02:53.125000,12631,12632,12632,1
2020-08-24,15:02:54.140000,12631,12632,12632,2
2020-08-24,15:02:54.440000,12631,12632,12631,1
2020-08-24,15:02:54.696000,12631,12632,12632,1
2020-08-24,15:02:58.302000,12631,12632,12631,3
2020-08-24,15:02:59.708000,12631,12632,12631,1
2020-08-24,15:03:00.218000,12631,12632,12632,1
2020-08-24,15:03:00.444000,12631,12632,12632,1
2020-08-24,15:03:00.531000,12631,12632,12631,1
2020-08-24,15:03:01.979000,12631,12632,12632,1
2020-08-24,15:03:02.147000,12631,12632,12632,2
2020-08-24,15:03:02.148000,12631,12632,12632,19
2020-08-24,15:03:02.198000,12631,12632,12632,2
2020-08-24,15:03:02.202000,12631,12632,12632,4
2020-08-24,15:03:02.991000,12631,12632,12632,1
2020-08-24,15:03:06.667000,12631,12632,12631,1
2020-08-24,15:03:06.667000,12631,12632,12631,5
2020-08-24,15:03:06.667000,12631,12632,12631,1
2020-08-24,15:03:06.667000,12631,12632,12631,1
2020-08-24,15:03:06.974000,12630,12632,12632,1
2020-08-24,15:03:12.775000,12630,12631,12630,10
2020-08-24,15:03:12.776000,12630,12631,12630,15
2020-08-24,15:03:17.291000,12629,12630,12629,1
2020-08-24,15:03:18.726000,12629,12630,12630,8
2020-08-24,15:03:18.727000,12629,12630,12630,2
2020-08-24,15:03:19.135000,12629,12630,12630,1
2020-08-24,15:03:19.497000,12629,12630,12629,1
2020-08-24,15:03:19.796000,12629,12630,12629,3
2020-08-24,15:03:20.914000,12629,12630,12629,1
2020-08-24,15:03:22.144000,12629,12630,12629,2
2020-08-24,15:03:22.144000,12629,12630,12629,6
2020-08-24,15:03:24,12628,12630,12629,1
2020-08-24,15:03:25.338000,12628,12629,12628,4
2020-08-24,15:03:25.338000,12628,12629,12628,4
2020-08-24,15:03:25.440000,12627,12628,12627,1
2020-08-24,15:03:26.717000,12627,12628,12628,5
2020-08-24,15:03:27.240000,12627,12628,12628,1
2020-08-24,15:03:29.147000,12627,12628,12628,1
2020-08-24,15:03:29.917000,12627,12629,12629,1
2020-08-24,15:03:31.734000,12628,12629,12628,1
2020-08-24,15:03:38.392000,12627,12628,12628,1
2020-08-24,15:03:38.582000,12627,12628,12627,1
2020-08-24,15:03:39.542000,12627,12628,12627,1
2020-08-24,15:03:39.543000,12627,12628,12627,2
2020-08-24,15:03:47.057000,12626,12627,12626,1
2020-08-24,15:03:48.370000,12626,12627,12626,1
2020-08-24,15:03:49.793000,12626,12627,12626,1
2020-08-24,15:03:52.472000,12626,12627,12627,5
2020-08-24,15:03:52.532000,12627,12628,12627,1
2020-08-24,15:03:52.901000,12627,12628,12627,2
2020-08-24,15:03:53.537000,12626,12628,12626,1
2020-08-24,15:04:01.219000,12626,12627,12626,1
2020-08-24,15:04:02.732000,12626,12627,12627,2
2020-08-24,15:04:11.152000,12626,12627,12626,1
2020-08-24,15:04:11.248000,12626,12627,12626,1
2020-08-24,15:04:11.964000,12626,12627,12626,1
2020-08-24,15:04:13.161000,12626,12627,12626,1
2020-08-24,15:04:14.318000,12626,12627,12626,1
2020-08-24,15:04:15.357000,12626,12627,12626,1
2020-08-24,15:04:22.678000,12626,12627,12626,1
2020-08-24,15:04:26.289000,12626,12627,12626,2
2020-08-24,15:04:29.322000,12625,12626,12625,5
2020-08-24,15:04:29.323000,12625,12626,12625,1
2020-08-24,15:04:29.547000,12625,12626,12625,2
2020-08-24,15:04:29.576000,12625,12626,12624,2
2020-08-24,15:04:29.720000,12624,12626,12624,1
2020-08-24,15:04:32.099000,12624,12626,12624,1
2020-08-24,15:04:32.609000,12624,12625,12625,6
2020-08-24,15:04:32.691000,12625,12626,12625,2
2020-08-24,15:04:32.741000,12625,12626,12625,2
2020-08-24,15:04:34.425000,12624,12625,12625,2
2020-08-24,15:04:36.260000,12624,12626,12624,1
2020-08-24,15:04:37.579000,12624,12625,12624,5
2020-08-24,15:04:38.270000,12624,12625,12625,1
2020-08-24,15:04:40.195000,12624,12625,12624,1
2020-08-24,15:04:42.472000,12623,12625,12623,2
2020-08-24,15:04:45.143000,12623,12624,12623,1
2020-08-24,15:04:48.344000,12623,12624,12624,1
2020-08-24,15:04:48.536000,12623,12624,12623,1
2020-08-24,15:04:50.185000,12623,12624,12623,1
2020-08-24,15:04:50.291000,12623,12624,12623,3
2020-08-24,15:04:50.291000,12623,12624,12623,4
2020-08-24,15:04:50.292000,12623,12624,12623,5
2020-08-24,15:04:53.373000,12622,12624,12622,1
2020-08-24,15:04:54.811000,12622,12623,12623,1
2020-08-24,15:04:54.911000,12622,12624,12622,1
2020-08-24,15:04:55.615000,12622,12624,12624,2
2020-08-24,15:04:55.898000,12623,12624,12623,2
2020-08-24,15:04:56.642000,12622,12624,12624,1
2020-08-24,15:04:57.687000,12623,12624,12624,6
2020-08-24,15:05:00.921000,12623,12624,12624,2
2020-08-24,15:05:01.642000,12624,12625,12624,2
2020-08-24,15:05:02.139000,12624,12625,12624,1
2020-08-24,15:05:02.150000,12624,12625,12624,1
2020-08-24,15:05:02.253000,12624,12625,12625,1
2020-08-24,15:05:02.862000,12624,12625,12624,1
2020-08-24,15:05:03.392000,12624,12625,12625,1
2020-08-24,15:05:03.982000,12624,12625,12624,2
2020-08-24,15:05:09.345000,12624,12625,12625,18
2020-08-24,15:05:09.345000,12624,12625,12625,5
2020-08-24,15:05:09.396000,12625,12626,12626,8
2020-08-24,15:05:10.488000,12625,12627,12625,3
2020-08-24,15:05:14.162000,12626,12627,12626,3
2020-08-24,15:05:14.162000,12626,12627,12625,1
2020-08-24,15:05:14.638000,12625,12627,12625,1
2020-08-24,15:05:15.649000,12625,12627,12625,1
2020-08-24,15:05:17.759000,12625,12627,12627,1
2020-08-24,15:05:17.785000,12625,12627,12627,5
2020-08-24,15:05:20.180000,12626,12627,12627,1
2020-08-24,15:05:21.442000,12626,12627,12626,1
2020-08-24,15:05:25.417000,12625,12627,12627,1
2020-08-24,15:05:25.979000,12625,12627,12627,1
2020-08-24,15:05:29.019000,12626,12627,12627,1
2020-08-24,15:05:29.120000,12626,12627,12627,2
2020-08-24,15:05:33.926000,12627,12628,12627,1
2020-08-24,15:05:35.410000,12627,12628,12627,3
2020-08-24,15:05:35.455000,12627,12628,12626,5
2020-08-24,15:05:44.377000,12626,12627,12626,2
2020-08-24,15:05:44.378000,12626,12627,12626,2
2020-08-24,15:05:44.643000,12625,12626,12626,4
2020-08-24,15:05:44.988000,12626,12627,12626,1
2020-08-24,15:05:45.412000,12626,12627,12626,1
2020-08-24,15:05:49.816000,12626,12627,12626,1
2020-08-24,15:05:49.818000,12626,12627,12626,1
2020-08-24,15:05:58.009000,12626,12627,12626,2
2020-08-24,15:05:58.648000,12626,12627,12627,2
2020-08-24,15:05:59.805000,12626,12627,12626,1
2020-08-24,15:06:00.141000,12626,12627,12626,1
2020-08-24,15:06:00.180000,12626,12627,12626,1
2020-08-24,15:06:00.184000,12626,12627,12626,1
2020-08-24,15:06:00.211000,12626,12627,12626,1
2020-08-24,15:06:00.228000,12626,12627,12626,1
2020-08-24,15:06:00.257000,12626,12627,12626,1
2020-08-24,15:06:00.271000,12626,12627,12626,1
2020-08-24,15:06:00.272000,12626,12627,12625,1
2020-08-24,15:06:00.307000,12626,12627,12625,1
2020-08-24,15:06:00.329000,12626,12627,12625,1
2020-08-24,15:06:00.353000,12626,12627,12625,1
2020-08-24,15:06:00.356000,12626,12627,12625,1
2020-08-24,15:06:02.150000,12625,12626,12626,5
2020-08-24,15:06:03.662000,12625,12626,12625,5
2020-08-24,15:06:04.266000,12624,12625,12625,2
2020-08-24,15:06:04.919000,12624,12625,12624,1
2020-08-24,15:06:05.246000,12624,12625,12625,1
2020-08-24,15:06:06.576000,12624,12625,12625,5
2020-08-24,15:06:07.146000,12624,12625,12624,1
2020-08-24,15:06:08.865000,12624,12625,12624,1
2020-08-24,15:06:09.496000,12624,12625,12624,1
2020-08-24,15:06:10.927000,12624,12625,12624,1
2020-08-24,15:06:12.057000,12624,12626,12624,1
2020-08-24,15:06:20.170000,12624,12625,12625,4
2020-08-24,15:06:20.170000,12624,12625,12626,1
2020-08-24,15:06:26.598000,12625,12626,12625,1
2020-08-24,15:06:28.696000,12625,12626,12626,2
2020-08-24,15:06:28.696000,12625,12626,12627,3
2020-08-24,15:06:29.023000,12625,12627,12627,5
2020-08-24,15:06:30.901000,12626,12627,12627,2
2020-08-24,15:06:35.422000,12626,12627,12627,1
2020-08-24,15:06:42.231000,12626,12627,12626,1
2020-08-24,15:06:45.526000,12626,12627,12626,1
2020-08-24,15:06:49.084000,12626,12627,12626,1
2020-08-24,15:07:00.488000,12625,12626,12626,1
2020-08-24,15:07:00.488000,12625,12626,12627,1
2020-08-24,15:07:08.830000,12625,12626,12626,1
2020-08-24,15:07:12.536000,12625,12626,12625,1
2020-08-24,15:07:18.160000,12625,12626,12626,1
2020-08-24,15:07:19.484000,12625,12626,12626,1
2020-08-24,15:07:34.383000,12625,12626,12625,1
2020-08-24,15:07:34.964000,12625,12626,12625,1
2020-08-24,15:07:39.283000,12625,12626,12625,1
2020-08-24,15:07:39.284000,12625,12626,12625,2
2020-08-24,15:07:39.509000,12624,12625,12625,3
2020-08-24,15:07:40.492000,12624,12625,12625,1
2020-08-24,15:07:46.656000,12624,12625,12624,3
2020-08-24,15:07:46.656000,12624,12625,12624,10
2020-08-24,15:07:47.695000,12623,12624,12623,1
2020-08-24,15:07:49.073000,12623,12624,12624,1
2020-08-24,15:07:51.451000,12623,12624,12623,4
2020-08-24,15:07:52.913000,12623,12624,12623,1
2020-08-24,15:07:53.742000,12623,12624,12623,3
2020-08-24,15:07:53.742000,12623,12624,12622,1
2020-08-24,15:07:54.046000,12622,12623,12622,1
2020-08-24,15:07:54.858000,12622,12624,12622,2
2020-08-24,15:07:56.411000,12622,12624,12622,1
2020-08-24,15:07:56.509000,12622,12624,12622,1
2020-08-24,15:07:56.644000,12622,12624,12622,3
2020-08-24,15:07:59.254000,12622,12623,12622,1
2020-08-24,15:08:02.251000,12622,12623,12622,2
2020-08-24,15:08:10.190000,12622,12623,12622,6
2020-08-24,15:08:12.710000,12621,12622,12622,1
2020-08-24,15:08:13.238000,12622,12623,12623,1
2020-08-24,15:08:21.486000,12622,12623,12622,5
2020-08-24,15:08:22.447000,12621,12622,12622,1
2020-08-24,15:08:25.688000,12621,12622,12621,1
2020-08-24,15:08:25.740000,12621,12622,12622,1
2020-08-24,15:08:25.857000,12621,12622,12621,1
2020-08-24,15:08:26.154000,12621,12622,12622,1
2020-08-24,15:08:27.039000,12621,12622,12622,1
2020-08-24,15:08:28.785000,12621,12622,12621,1
2020-08-24,15:08:29.552000,12621,12622,12622,2
2020-08-24,15:08:35.655000,12621,12622,12622,1
2020-08-24,15:08:37.422000,12621,12622,12621,1
2020-08-24,15:08:39.724000,12621,12622,12622,1
2020-08-24,15:08:40.859000,12621,12622,12622,31
2020-08-24,15:08:48.903000,12622,12623,12622,1
2020-08-24,15:08:53.439000,12622,12623,12622,2
2020-08-24,15:08:53.896000,12621,12622,12622,1
2020-08-24,15:08:57.077000,12621,12622,12622,1
2020-08-24,15:09:14.274000,12621,12622,12622,1
2020-08-24,15:09:17.622000,12622,12623,12622,1
2020-08-24,15:09:18.123000,12622,12623,12622,1
2020-08-24,15:09:29.679000,12622,12623,12622,3
2020-08-24,15:09:31.441000,12622,12623,12622,1
2020-08-24,15:09:42.039000,12622,12623,12622,1
2020-08-24,15:09:42.039000,12622,12623,12622,3
2020-08-24,15:09:49.645000,12622,12623,12622,3
2020-08-24,15:09:56.827000,12622,12623,12622,1
2020-08-24,15:10:02.346000,12622,12623,12622,1
2020-08-24,15:10:03.774000,12622,12623,12623,3
2020-08-24,15:10:03.774000,12622,12623,12623,8
2020-08-24,15:10:04.071000,12623,12624,12623,4
2020-08-24,15:10:08.250000,12623,12624,12624,4
2020-08-24,15:10:09.573000,12624,12625,12625,16
2020-08-24,15:10:09.573000,12624,12625,12625,4
2020-08-24,15:10:09.728000,12625,12626,12626,1
2020-08-24,15:10:12.666000,12625,12626,12626,2
2020-08-24,15:10:14.180000,12625,12627,12627,2
2020-08-24,15:10:14.691000,12625,12627,12627,1
2020-08-24,15:10:16.038000,12626,12627,12627,2
2020-08-24,15:10:16.879000,12626,12627,12627,6
2020-08-24,15:10:16.920000,12626,12627,12627,1
2020-08-24,15:10:17.014000,12626,12627,12627,1
2020-08-24,15:10:18.968000,12627,12628,12627,1
2020-08-24,15:10:19.067000,12627,12628,12627,1
2020-08-24,15:10:19.477000,12626,12628,12628,1
2020-08-24,15:10:19.726000,12626,12628,12626,1
2020-08-24,15:10:20.478000,12626,12628,12626,1
2020-08-24,15:10:23.122000,12626,12627,12627,2
2020-08-24,15:10:24.163000,12627,12628,12628,2
2020-08-24,15:10:27.355000,12627,12628,12628,3
2020-08-24,15:10:28.649000,12627,12628,12627,1
2020-08-24,15:10:29.329000,12627,12628,12628,1
2020-08-24,15:10:35.838000,12627,12628,12628,4
2020-08-24,15:10:35.943000,12627,12628,12628,1
2020-08-24,15:10:37.190000,12627,12628,12627,2
2020-08-24,15:10:42.409000,12627,12628,12627,1
2020-08-24,15:10:50.945000,12627,12628,12627,1
2020-08-24,15:10:55.384000,12627,12628,12627,2
2020-08-24,15:10:55.384000,12627,12628,12627,1
2020-08-24,15:10:57.541000,12626,12627,12627,1
2020-08-24,15:10:57.541000,12626,12627,12628,8
2020-08-24,15:11:04.239000,12627,12628,12627,1
2020-08-24,15:11:04.512000,12627,12628,12628,1
2020-08-24,15:11:09.286000,12627,12628,12628,7
2020-08-24,15:11:10.291000,12627,12628,12628,1
2020-08-24,15:11:16.303000,12627,12628,12628,1
2020-08-24,15:11:16.390000,12628,12629,12628,1
2020-08-24,15:11:16.454000,12628,12629,12628,2
2020-08-24,15:11:17.768000,12627,12629,12629,3
2020-08-24,15:11:19.987000,12628,12629,12629,3
2020-08-24,15:11:23.789000,12628,12629,12628,1
2020-08-24,15:11:23.907000,12628,12629,12628,4
2020-08-24,15:11:27.634000,12627,12628,12628,2
2020-08-24,15:11:31.375000,12627,12628,12628,2
2020-08-24,15:11:31.798000,12628,12629,12629,1
2020-08-24,15:11:34.729000,12628,12629,12629,3
2020-08-24,15:11:37.458000,12628,12629,12628,2
2020-08-24,15:11:43.616000,12627,12628,12627,7
2020-08-24,15:11:43.777000,12626,12627,12627,1
2020-08-24,15:11:55.499000,12626,12627,12626,1
2020-08-24,15:11:56.159000,12626,12627,12627,1
2020-08-24,15:11:57.953000,12626,12627,12627,1
2020-08-24,15:12:03.738000,12626,12627,12626,2
2020-08-24,15:12:03.932000,12626,12627,12627,1
2020-08-24,15:12:03.932000,12626,12627,12627,9
2020-08-24,15:12:03.932000,12626,12627,12628,16
2020-08-24,15:12:03.941000,12626,12627,12628,8
2020-08-24,15:12:03.941000,12626,12627,12629,4
2020-08-24,15:12:03.959000,12626,12627,12629,1
2020-08-24,15:12:04.030000,12627,12629,12629,2
2020-08-24,15:12:04.061000,12627,12629,12629,2
2020-08-24,15:12:06.179000,12627,12629,12627,2
2020-08-24,15:12:14.566000,12627,12628,12627,2
2020-08-24,15:12:14.676000,12627,12628,12628,1
2020-08-24,15:12:15.331000,12627,12628,12627,1
2020-08-24,15:12:20.037000,12627,12628,12627,1
2020-08-24,15:12:21.322000,12626,12627,12627,1
2020-08-24,15:12:21.556000,12626,12627,12626,1
2020-08-24,15:12:22.277000,12626,12627,12626,1
2020-08-24,15:12:23.144000,12625,12626,12626,1
2020-08-24,15:12:25.835000,12625,12626,12625,1
2020-08-24,15:12:27.524000,12625,12626,12626,1
2020-08-24,15:12:33.149000,12625,12626,12625,1
2020-08-24,15:12:34.027000,12625,12626,12625,1
2020-08-24,15:12:34.755000,12625,12626,12625,1
2020-08-24,15:12:42.396000,12625,12626,12625,1
2020-08-24,15:12:42.396000,12625,12626,12624,1
2020-08-24,15:12:54.849000,12624,12626,12625,1
2020-08-24,15:13:01.766000,12625,12626,12625,1
2020-08-24,15:13:07.364000,12625,12626,12625,2
2020-08-24,15:13:07.692000,12625,12626,12625,1
2020-08-24,15:13:16.175000,12625,12626,12625,1
2020-08-24,15:13:16.175000,12625,12626,12625,3
2020-08-24,15:13:16.688000,12624,12625,12625,1
2020-08-24,15:13:19.365000,12624,12625,12624,1
2020-08-24,15:13:30.664000,12624,12625,12624,1
2020-08-24,15:13:31.037000,12624,12625,12625,1
2020-08-24,15:13:31.746000,12624,12625,12624,1
2020-08-24,15:13:33.769000,12624,12625,12624,1
2020-08-24,15:13:52.702000,12624,12625,12624,1
2020-08-24,15:13:52.948000,12624,12625,12624,1
2020-08-24,15:13:59.230000,12624,12625,12624,1
2020-08-24,15:14:02.702000,12624,12625,12624,2
2020-08-24,15:14:09.595000,12624,12625,12624,1
2020-08-24,15:14:10.025000,12624,12625,12624,1
2020-08-24,15:14:10.421000,12624,12625,12625,8
2020-08-24,15:14:10.612000,12624,12626,12624,1
2020-08-24,15:14:10.613000,12624,12626,12624,1
2020-08-24,15:14:10.768000,12624,12626,12626,1
2020-08-24,15:14:11.433000,12624,12626,12624,1
2020-08-24,15:14:11.664000,12624,12626,12624,1
2020-08-24,15:14:19.727000,12624,12625,12624,1
2020-08-24,15:14:21.344000,12624,12625,12624,1
2020-08-24,15:14:28.242000,12624,12625,12624,1
2020-08-24,15:14:33.185000,12624,12625,12624,1
2020-08-24,15:14:36.777000,12624,12625,12625,2
2020-08-24,15:14:36.835000,12624,12625,12625,2
2020-08-24,15:14:48.082000,12624,12625,12625,1
2020-08-24,15:14:53.665000,12625,12626,12626,1
2020-08-24,15:15:01.968000,12625,12626,12626,1
2020-08-24,15:15:01.969000,12625,12626,12626,5
2020-08-24,15:15:01.969000,12625,12626,12626,1
2020-08-24,15:15:01.969000,12625,12626,12626,3
2020-08-24,15:15:02.574000,12626,12627,12627,5
2020-08-24,15:15:02.574000,12626,12627,12627,5
2020-08-24,15:15:02.793000,12626,12628,12628,3
2020-08-24,15:15:03.241000,12626,12628,12626,3
2020-08-24,15:15:07.881000,12625,12627,12627,1
2020-08-24,15:15:18.136000,12627,12628,12628,6
2020-08-24,15:15:21.522000,12627,12628,12628,1
2020-08-24,15:15:21.642000,12627,12628,12628,1
2020-08-24,15:15:21.643000,12627,12628,12628,1
2020-08-24,15:15:21.643000,12627,12628,12628,1
2020-08-24,15:15:21.643000,12627,12628,12629,1
2020-08-24,15:15:21.643000,12627,12628,12629,1
2020-08-24,15:15:21.644000,12627,12628,12629,1
2020-08-24,15:15:21.644000,12627,12628,12629,1
2020-08-24,15:15:21.646000,12627,12628,12629,1
2020-08-24,15:15:27.326000,12628,12629,12629,1
2020-08-24,15:15:27.583000,12628,12629,12629,2
2020-08-24,15:15:27.736000,12628,12629,12628,1
2020-08-24,15:15:31.590000,12628,12629,12628,1
2020-08-24,15:15:31.638000,12628,12629,12628,1
2020-08-24,15:15:33.767000,12628,12629,12628,4
2020-08-24,15:15:41.709000,12627,12628,12628,1
2020-08-24,15:15:46.127000,12626,12627,12627,1
2020-08-24,15:15:47.098000,12626,12627,12627,1
2020-08-24,15:15:47.827000,12626,12627,12626,1
2020-08-24,15:15:52.761000,12625,12626,12626,2
2020-08-24,15:15:57.873000,12625,12626,12625,1
2020-08-24,15:16:03.269000,12625,12626,12625,6
2020-08-24,15:16:05.595000,12624,12626,12624,2
2020-08-24,15:16:21.341000,12624,12626,12626,4
2020-08-24,15:16:21.504000,12624,12626,12626,1
2020-08-24,15:16:22.272000,12625,12626,12625,1
2020-08-24,15:16:22.393000,12625,12626,12626,1
2020-08-24,15:16:22.459000,12625,12626,12626,1
2020-08-24,15:16:25.324000,12625,12627,12625,1
2020-08-24,15:16:43.467000,12625,12627,12625,5
2020-08-24,15:16:44.373000,12625,12627,12625,5
2020-08-24,15:16:44.392000,12625,12627,12627,1
2020-08-24,15:16:44.394000,12625,12627,12627,1
2020-08-24,15:16:54.368000,12624,12625,12624,4
2020-08-24,15:16:55.128000,12624,12625,12624,4
2020-08-24,15:16:56.542000,12624,12625,12624,2
2020-08-24,15:16:57.624000,12624,12625,12625,1
2020-08-24,15:17:00.489000,12624,12626,12624,1
2020-08-24,15:17:00.489000,12624,12626,12624,1
2020-08-24,15:17:10.905000,12624,12625,12625,1
2020-08-24,15:17:16.401000,12624,12626,12626,1
2020-08-24,15:17:17.811000,12625,12626,12625,1
2020-08-24,15:17:20.499000,12624,12625,12625,2
2020-08-24,15:17:42.014000,12624,12625,12624,1
2020-08-24,15:17:44.094000,12624,12625,12624,2
2020-08-24,15:17:50.912000,12624,12625,12624,3
2020-08-24,15:17:50.913000,12624,12625,12624,5
2020-08-24,15:17:50.913000,12624,12625,12624,2
2020-08-24,15:17:56.987000,12623,12624,12623,1
2020-08-24,15:17:57.206000,12623,12624,12624,3
2020-08-24,15:18:00.588000,12623,12624,12624,1
2020-08-24,15:18:05.217000,12623,12624,12623,1
2020-08-24,15:18:08.632000,12623,12624,12624,1
2020-08-24,15:18:10.519000,12623,12624,12623,1
2020-08-24,15:18:20.215000,12623,12624,12623,1
2020-08-24,15:18:20.617000,12623,12624,12624,1
2020-08-24,15:18:23.676000,12623,12624,12623,1
2020-08-24,15:18:28.941000,12623,12624,12624,5
2020-08-24,15:18:28.942000,12623,12624,12624,1
2020-08-24,15:18:41.829000,12623,12624,12623,1
2020-08-24,15:19:01.738000,12623,12624,12624,2
2020-08-24,15:19:08.166000,12623,12624,12624,1
2020-08-24,15:19:09.680000,12623,12624,12624,1
2020-08-24,15:19:10.718000,12624,12625,12624,1
2020-08-24,15:19:16.131000,12624,12625,12624,1
2020-08-24,15:19:27.309000,12624,12625,12624,1
2020-08-24,15:19:27.309000,12624,12625,12624,2
2020-08-24,15:19:29.232000,12623,12624,12623,1
2020-08-24,15:19:31.075000,12623,12624,12623,1
2020-08-24,15:19:31.075000,12623,12624,12623,11
2020-08-24,15:19:31.177000,12622,12623,12622,1
2020-08-24,15:19:33.933000,12622,12623,12623,3
2020-08-24,15:19:33.984000,12622,12623,12622,1
2020-08-24,15:19:35.256000,12622,12623,12622,1
2020-08-24,15:19:36.403000,12622,12623,12622,1
2020-08-24,15:19:36.716000,12622,12623,12622,1
2020-08-24,15:19:37.070000,12622,12623,12622,2
2020-08-24,15:19:40.618000,12622,12623,12623,1
2020-08-24,15:19:57.642000,12622,12623,12622,2
2020-08-24,15:19:59.413000,12622,12623,12622,1
2020-08-24,15:19:59.428000,12622,12623,12622,2
2020-08-24,15:20:02.378000,12622,12623,12622,3
2020-08-24,15:20:02.423000,12622,12623,12622,1
2020-08-24,15:20:04.423000,12621,12622,12622,2
2020-08-24,15:20:04.423000,12621,12622,12622,1
2020-08-24,15:20:13.166000,12622,12623,12623,5
2020-08-24,15:20:15.353000,12623,12624,12624,1
2020-08-24,15:20:18.155000,12623,12624,12624,2
2020-08-24,15:20:19.157000,12624,12625,12625,2
2020-08-24,15:20:19.283000,12624,12625,12625,1
2020-08-24,15:20:19.378000,12624,12625,12624,1
2020-08-24,15:20:56.176000,12623,12624,12624,2
2020-08-24,15:21:02.276000,12624,12625,12624,2
2020-08-24,15:21:03.040000,12624,12625,12625,2
2020-08-24,15:21:10.357000,12624,12626,12626,1
2020-08-24,15:21:14.114000,12625,12626,12625,1
2020-08-24,15:21:23.816000,12625,12626,12625,1
2020-08-24,15:21:23.816000,12625,12626,12624,2
2020-08-24,15:21:24.123000,12624,12626,12625,1
2020-08-24,15:21:30.941000,12624,12625,12625,1
2020-08-24,15:21:30.941000,12624,12625,12625,1
2020-08-24,15:21:37.295000,12625,12626,12625,1
2020-08-24,15:21:47.941000,12625,12626,12625,2
2020-08-24,15:21:47.941000,12625,12626,12625,1
2020-08-24,15:22:05.459000,12624,12625,12624,3
2020-08-24,15:22:12.372000,12623,12625,12625,1
2020-08-24,15:22:32.617000,12624,12625,12624,1
2020-08-24,15:22:33.387000,12623,12624,12624,1
2020-08-24,15:22:33.387000,12623,12624,12625,7
2020-08-24,15:22:33.821000,12624,12625,12625,3
2020-08-24,15:22:38.181000,12624,12625,12625,3
2020-08-24,15:22:38.182000,12624,12625,12625,1
2020-08-24,15:22:39.627000,12624,12625,12625,2
2020-08-24,15:22:47.240000,12625,12626,12625,1
2020-08-24,15:22:48.654000,12623,12625,12625,1
2020-08-24,15:23:02.631000,12624,12625,12625,1
2020-08-24,15:23:04.397000,12624,12625,12624,1
2020-08-24,15:23:04.969000,12624,12625,12625,2
2020-08-24,15:23:11.094000,12623,12625,12625,1
2020-08-24,15:23:42.161000,12624,12625,12624,1
2020-08-24,15:23:57.271000,12624,12625,12625,1
2020-08-24,15:24:01.341000,12624,12625,12624,1
2020-08-24,15:24:02.905000,12624,12625,12624,1
2020-08-24,15:24:02.905000,12624,12625,12624,1
2020-08-24,15:24:02.906000,12624,12625,12624,4
2020-08-24,15:24:08.256000,12623,12624,12623,1
2020-08-24,15:24:08.336000,12623,12624,12623,1
2020-08-24,15:24:09.104000,12622,12624,12622,1
2020-08-24,15:24:14.741000,12622,12623,12622,1
2020-08-24,15:24:19.510000,12622,12623,12622,1
2020-08-24,15:24:25.297000,12622,12623,12622,1
2020-08-24,15:24:30.348000,12623,12624,12623,1
2020-08-24,15:24:30.348000,12623,12624,12622,1
2020-08-24,15:24:42.398000,12623,12624,12623,1
2020-08-24,15:25:09.923000,12622,12623,12623,1
2020-08-24,15:25:10.123000,12622,12623,12623,3
2020-08-24,15:25:11.754000,12623,12624,12623,1
2020-08-24,15:25:14.575000,12623,12624,12624,1
2020-08-24,15:25:22.497000,12624,12625,12625,1
2020-08-24,15:25:45.506000,12624,12625,12625,1
2020-08-24,15:25:54.639000,12624,12625,12625,1
2020-08-24,15:25:55.452000,12624,12625,12624,1
2020-08-24,15:26:11.514000,12622,12624,12624,1
2020-08-24,15:26:44.946000,12623,12624,12624,1
2020-08-24,15:26:45.609000,12623,12624,12624,1
2020-08-24,15:26:47.646000,12623,12624,12623,1
2020-08-24,15:26:48.862000,12623,12624,12623,1
2020-08-24,15:26:53.345000,12623,12624,12624,1
2020-08-24,15:26:56.458000,12623,12624,12624,1
2020-08-24,15:27:00.863000,12622,12624,12624,1
2020-08-24,15:27:07.878000,12623,12624,12624,1
2020-08-24,15:27:24.238000,12623,12624,12623,1
2020-08-24,15:27:26.144000,12623,12624,12623,1
2020-08-24,15:27:35.327000,12623,12624,12623,10
2020-08-24,15:27:48.248000,12622,12624,12624,1
2020-08-24,15:28:07.855000,12622,12623,12623,1
2020-08-24,15:28:12.234000,12622,12623,12623,3
2020-08-24,15:28:12.234000,12622,12623,12623,2
2020-08-24,15:28:47.550000,12623,12624,12623,1
2020-08-24,15:28:47.551000,12623,12624,12623,2
2020-08-24,15:28:47.551000,12623,12624,12623,2
2020-08-24,15:28:49.916000,12622,12623,12622,2
2020-08-24,15:28:49.916000,12622,12623,12622,2
2020-08-24,15:28:49.916000,12622,12623,12622,7
2020-08-24,15:28:49.916000,12622,12623,12622,4
2020-08-24,15:28:55.210000,12621,12622,12622,1
2020-08-24,15:29:03.852000,12621,12622,12622,1
2020-08-24,15:29:33.785000,12621,12622,12622,2
2020-08-24,15:29:42.709000,12621,12622,12621,2
2020-08-24,15:29:42.901000,12621,12622,12621,1
2020-08-24,15:29:43.079000,12621,12622,12621,1
2020-08-24,15:29:44.709000,12621,12622,12621,1
2020-08-24,15:29:44.760000,12621,12622,12621,2
2020-08-24,15:29:53.493000,12621,12622,12621,1
2020-08-24,15:29:58.231000,12621,12622,12622,11
2020-08-24,15:29:58.231000,12621,12622,12622,4
2020-08-24,15:29:58.232000,12621,12622,12622,6
2020-08-24,15:29:58.232000,12621,12622,12622,3
2020-08-24,15:30:04.317000,12622,12624,12624,2
2020-08-24,15:30:04.964000,12622,12624,12624,6
2020-08-24,15:30:06.411000,12622,12624,12624,1
2020-08-24,15:30:12.219000,12622,12623,12622,2
2020-08-24,15:30:12.220000,12622,12623,12622,1
2020-08-24,15:30:17.442000,12622,12623,12623,1
2020-08-24,15:30:22.313000,12623,12624,12624,1
2020-08-24,15:30:22.313000,12623,12624,12624,9
2020-08-24,15:30:22.313000,12623,12624,12624,1
2020-08-24,15:30:22.314000,12623,12624,12624,5
2020-08-24,15:30:22.314000,12623,12624,12624,1
2020-08-24,15:30:22.314000,12623,12624,12624,2
2020-08-24,15:30:25.397000,12624,12625,12624,1
2020-08-24,15:30:39.196000,12624,12625,12624,1
2020-08-24,15:30:47.015000,12624,12625,12624,1
2020-08-24,15:30:48.273000,12623,12624,12624,4
2020-08-24,15:31:07.971000,12624,12625,12624,1
2020-08-24,15:31:12.062000,12624,12625,12625,1
2020-08-24,15:31:12.347000,12624,12625,12625,1
2020-08-24,15:31:16.666000,12624,12625,12625,1
2020-08-24,15:31:17.551000,12624,12625,12624,1
2020-08-24,15:31:18.540000,12624,12625,12624,1
2020-08-24,15:31:24.569000,12624,12625,12625,1
2020-08-24,15:31:29.375000,12624,12625,12625,1
2020-08-24,15:31:33.034000,12624,12625,12625,2
2020-08-24,15:31:33.034000,12624,12625,12625,4
2020-08-24,15:31:40.306000,12625,12626,12625,1
2020-08-24,15:31:40.306000,12625,12626,12625,1
2020-08-24,15:32:10.681000,12625,12626,12626,1
2020-08-24,15:32:11.302000,12625,12626,12626,1
2020-08-24,15:32:14.513000,12625,12626,12626,1
2020-08-24,15:32:24.197000,12625,12626,12625,10
2020-08-24,15:32:31.530000,12624,12625,12625,1
2020-08-24,15:33:06.168000,12624,12625,12625,1
2020-08-24,15:33:06.733000,12625,12626,12625,1
2020-08-24,15:33:13.503000,12624,12625,12624,2
2020-08-24,15:33:13.503000,12624,12625,12624,2
2020-08-24,15:33:15.305000,12623,12624,12623,6
2020-08-24,15:33:16.368000,12622,12623,12622,1
2020-08-24,15:33:23.644000,12622,12623,12623,1
2020-08-24,15:33:32.737000,12623,12624,12623,1
2020-08-24,15:33:46.649000,12623,12624,12624,1
2020-08-24,15:33:55.399000,12624,12626,12624,1
2020-08-24,15:34:27.555000,12623,12625,12624,1
2020-08-24,15:34:31.423000,12624,12625,12625,1
2020-08-24,15:34:39.263000,12624,12625,12625,1
2020-08-24,15:34:46.419000,12624,12625,12624,1
2020-08-24,15:34:47.791000,12624,12625,12625,1
2020-08-24,15:34:51.596000,12624,12625,12624,10
2020-08-24,15:34:51.596000,12624,12625,12624,3
2020-08-24,15:34:51.596000,12624,12625,12624,5
2020-08-24,15:34:51.596000,12624,12625,12624,1
2020-08-24,15:34:52.793000,12623,12624,12624,2
2020-08-24,15:34:56.025000,12624,12625,12624,2
2020-08-24,15:35:02.184000,12623,12624,12623,6
2020-08-24,15:35:03.503000,12624,12625,12625,2
2020-08-24,15:35:03.504000,12624,12625,12625,3
2020-08-24,15:35:03.599000,12624,12626,12624,5
2020-08-24,15:35:09.962000,12624,12625,12625,1
2020-08-24,15:35:12.566000,12625,12626,12626,1
2020-08-24,15:35:12.566000,12625,12626,12626,2
2020-08-24,15:35:12.566000,12625,12626,12626,2
2020-08-24,15:35:12.566000,12625,12626,12626,10
2020-08-24,15:35:13.670000,12626,12627,12627,1
2020-08-24,15:35:14.029000,12626,12627,12627,1
2020-08-24,15:35:14.419000,12626,12627,12627,1
2020-08-24,15:35:18.724000,12626,12627,12626,2
2020-08-24,15:35:25.125000,12625,12627,12626,2
2020-08-24,15:35:31.272000,12626,12627,12626,1
2020-08-24,15:35:31.864000,12626,12627,12627,2
2020-08-24,15:35:31.864000,12626,12627,12627,4
2020-08-24,15:35:31.864000,12626,12627,12627,3
2020-08-24,15:35:31.864000,12626,12627,12627,2
2020-08-24,15:35:33.638000,12626,12628,12626,1
2020-08-24,15:35:35.965000,12626,12627,12627,1
2020-08-24,15:35:42.397000,12627,12628,12627,1
2020-08-24,15:35:47.005000,12627,12628,12627,2
2020-08-24,15:35:47.286000,12626,12627,12627,1
2020-08-24,15:36:01.337000,12626,12627,12627,1
2020-08-24,15:36:04.462000,12626,12627,12627,1
2020-08-24,15:36:06.863000,12626,12627,12626,1
2020-08-24,15:36:07.732000,12626,12627,12627,12
2020-08-24,15:36:07.732000,12626,12627,12628,5
2020-08-24,15:36:12.381000,12626,12627,12627,2
2020-08-24,15:36:12.982000,12626,12627,12627,1
2020-08-24,15:36:17.160000,12626,12627,12626,1
2020-08-24,15:36:31.820000,12625,12626,12625,5
2020-08-24,15:37:00.285000,12624,12625,12625,1
2020-08-24,15:37:01.962000,12624,12625,12625,1
2020-08-24,15:37:01.963000,12624,12625,12625,1
2020-08-24,15:37:01.991000,12624,12625,12625,3
2020-08-24,15:37:07.794000,12624,12626,12626,1
2020-08-24,15:37:15.031000,12624,12626,12625,1
2020-08-24,15:37:26.656000,12624,12625,12625,1
2020-08-24,15:37:27.440000,12624,12625,12624,4
2020-08-24,15:37:27.839000,12624,12625,12625,2
2020-08-24,15:37:30.984000,12624,12625,12624,2
2020-08-24,15:37:30.984000,12624,12625,12624,3
2020-08-24,15:37:34.497000,12623,12625,12625,1
2020-08-24,15:37:34.698000,12623,12624,12624,1
2020-08-24,15:37:50.289000,12624,12625,12624,1
2020-08-24,15:38:09.962000,12624,12625,12624,1
2020-08-24,15:38:25.071000,12624,12625,12624,1
2020-08-24,15:38:26.238000,12624,12625,12625,1
2020-08-24,15:38:42.830000,12624,12625,12625,2
2020-08-24,15:38:42.830000,12624,12625,12625,1
2020-08-24,15:38:53.961000,12625,12626,12625,1
2020-08-24,15:39:02.423000,12625,12626,12626,1
2020-08-24,15:39:02.876000,12625,12626,12626,1
2020-08-24,15:39:10.846000,12625,12626,12626,1
2020-08-24,15:39:11.299000,12625,12626,12626,1
2020-08-24,15:39:15.503000,12625,12626,12625,1
2020-08-24,15:39:41.073000,12625,12626,12626,7
2020-08-24,15:39:41.074000,12625,12626,12626,3
2020-08-24,15:39:55.484000,12626,12627,12626,1
2020-08-24,15:39:57,12625,12626,12626,1
2020-08-24,15:39:58.559000,12625,12626,12625,7
2020-08-24,15:39:59.024000,12624,12625,12625,1
2020-08-24,15:40:00.198000,12624,12625,12624,3
2020-08-24,15:40:00.902000,12624,12625,12625,1
2020-08-24,15:40:07.089000,12624,12625,12625,1
2020-08-24,15:40:09.280000,12624,12626,12625,1
2020-08-24,15:40:33.519000,12625,12626,12626,1
2020-08-24,15:40:36.729000,12625,12626,12625,1
2020-08-24,15:40:55.408000,12625,12626,12626,2
2020-08-24,15:40:58.968000,12625,12626,12626,2
2020-08-24,15:41:31.748000,12625,12626,12625,13
2020-08-24,15:41:32.238000,12624,12625,12625,6
2020-08-24,15:41:32.238000,12624,12625,12626,4
2020-08-24,15:41:39.870000,12624,12625,12625,5
2020-08-24,15:41:40.450000,12624,12626,12625,3
2020-08-24,15:41:40.450000,12624,12626,12625,3
2020-08-24,15:42:00.042000,12625,12626,12625,1
2020-08-24,15:42:01.514000,12625,12626,12625,7
2020-08-24,15:42:01.514000,12625,12626,12625,3
2020-08-24,15:42:20.778000,12624,12625,12625,1
2020-08-24,15:42:21.243000,12624,12626,12626,2
2020-08-24,15:42:27.606000,12624,12626,12625,1
2020-08-24,15:42:39.825000,12625,12626,12626,7
2020-08-24,15:42:53.669000,12625,12626,12626,1
2020-08-24,15:43:14.841000,12626,12627,12627,3
2020-08-24,15:43:15.474000,12626,12628,12627,1
2020-08-24,15:43:15.972000,12626,12627,12627,1
2020-08-24,15:43:17.389000,12626,12627,12627,1
2020-08-24,15:43:28.901000,12626,12627,12626,2
2020-08-24,15:43:30.650000,12626,12627,12626,2
2020-08-24,15:43:32.064000,12625,12627,12627,2
2020-08-24,15:43:32.844000,12625,12627,12625,1
2020-08-24,15:43:44.571000,12625,12626,12625,2
2020-08-24,15:44:18.368000,12625,12626,12625,1
2020-08-24,15:44:45.939000,12624,12625,12624,2
2020-08-24,15:45:02.204000,12624,12625,12624,3
2020-08-24,15:45:05.662000,12624,12625,12625,1
2020-08-24,15:45:05.662000,12624,12625,12625,12
2020-08-24,15:45:05.663000,12624,12625,12625,2
2020-08-24,15:45:05.663000,12624,12625,12625,2
2020-08-24,15:45:05.663000,12624,12625,12625,2
2020-08-24,15:45:08.274000,12625,12626,12625,1
2020-08-24,15:45:26.614000,12624,12625,12625,1
2020-08-24,15:45:32.693000,12625,12626,12625,1
2020-08-24,15:46:29.358000,12625,12626,12625,1
2020-08-24,15:46:45.629000,12624,12625,12624,1
2020-08-24,15:46:45.629000,12624,12625,12624,13
2020-08-24,15:46:45.630000,12624,12625,12624,3
2020-08-24,15:46:45.630000,12624,12625,12624,2
2020-08-24,15:47:00.139000,12624,12625,12624,1
2020-08-24,15:47:06.182000,12623,12624,12624,1
2020-08-24,15:47:10.274000,12623,12624,12624,1
2020-08-24,15:47:16.278000,12624,12625,12624,1
2020-08-24,15:47:18.419000,12623,12624,12624,1
2020-08-24,15:47:40.933000,12624,12625,12624,9
2020-08-24,15:47:46.973000,12624,12625,12624,1
2020-08-24,15:48:01.658000,12624,12625,12625,1
2020-08-24,15:48:02.158000,12624,12625,12625,1
2020-08-24,15:48:21.827000,12624,12625,12625,2
2020-08-24,15:48:56.316000,12624,12625,12624,1
2020-08-24,15:49:00.552000,12624,12625,12624,2
2020-08-24,15:49:00.553000,12624,12625,12624,1
2020-08-24,15:49:43.702000,12624,12625,12625,1
2020-08-24,15:50:05.943000,12624,12625,12624,3
2020-08-24,15:50:08.979000,12623,12624,12624,2
2020-08-24,15:50:20.865000,12623,12624,12624,1
2020-08-24,15:50:20.865000,12623,12624,12624,1
2020-08-24,15:50:23.494000,12624,12625,12624,1
2020-08-24,15:50:29.803000,12624,12625,12625,1
2020-08-24,15:50:31.073000,12624,12625,12625,10
2020-08-24,15:50:42.276000,12625,12626,12626,1
2020-08-24,15:51:00.692000,12625,12626,12625,2
2020-08-24,15:51:00.692000,12625,12626,12625,4
2020-08-24,15:51:00.710000,12625,12626,12625,1
2020-08-24,15:51:02.437000,12625,12626,12625,2
2020-08-24,15:51:02.482000,12625,12626,12626,1
2020-08-24,15:51:14.121000,12625,12626,12625,1
2020-08-24,15:51:21.161000,12624,12625,12625,1
2020-08-24,15:52:33.559000,12625,12626,12626,1
2020-08-24,15:52:42.917000,12625,12626,12626,1
2020-08-24,15:52:43.727000,12625,12626,12626,2
2020-08-24,15:52:43.728000,12625,12626,12626,1
2020-08-24,15:52:43.730000,12625,12626,12626,18
2020-08-24,15:52:44.415000,12626,12627,12627,2
2020-08-24,15:52:46.888000,12626,12627,12627,1
2020-08-24,15:52:51.843000,12626,12627,12627,3
2020-08-24,15:52:52.662000,12627,12628,12627,1
2020-08-24,15:53:00.893000,12626,12627,12626,1
2020-08-24,15:53:02.290000,12626,12627,12627,4
2020-08-24,15:53:05.744000,12626,12627,12627,1
2020-08-24,15:53:34.835000,12626,12628,12628,1
2020-08-24,15:53:44.271000,12626,12628,12628,1
2020-08-24,15:53:50.099000,12627,12628,12627,4
2020-08-24,15:53:53.912000,12627,12628,12627,1
2020-08-24,15:53:59.621000,12626,12627,12626,1
2020-08-24,15:53:59.622000,12626,12627,12626,4
2020-08-24,15:53:59.657000,12625,12627,12627,1
2020-08-24,15:54:03.059000,12626,12627,12627,1
2020-08-24,15:54:21.068000,12626,12627,12627,1
2020-08-24,15:54:23.830000,12626,12627,12627,1
2020-08-24,15:54:26.710000,12626,12627,12627,1
2020-08-24,15:54:27.403000,12626,12627,12627,1
2020-08-24,15:54:29.360000,12626,12627,12627,1
2020-08-24,15:54:32.812000,12627,12628,12627,1
2020-08-24,15:54:35.418000,12626,12627,12627,1
2020-08-24,15:54:36.873000,12626,12627,12627,1
2020-08-24,15:54:55.121000,12627,12628,12628,15
2020-08-24,15:54:55.121000,12627,12628,12628,8
2020-08-24,15:54:57.976000,12627,12629,12627,1
2020-08-24,15:55:00.182000,12628,12629,12628,1
2020-08-24,15:55:13.798000,12628,12629,12629,1
2020-08-24,15:55:13.798000,12628,12629,12629,2
2020-08-24,15:55:14.010000,12628,12629,12629,1
2020-08-24,15:55:15.894000,12628,12629,12629,1
2020-08-24,15:55:16.681000,12628,12629,12629,1
2020-08-24,15:55:18.847000,12628,12629,12629,1
2020-08-24,15:55:21.505000,12628,12629,12629,1
2020-08-24,15:55:24.202000,12628,12629,12629,1
2020-08-24,15:55:25.135000,12628,12629,12628,1
2020-08-24,15:55:27.306000,12628,12629,12629,1
2020-08-24,15:55:27.956000,12628,12629,12629,15
2020-08-24,15:55:29.682000,12628,12629,12629,4
2020-08-24,15:55:29.682000,12628,12629,12629,5
2020-08-24,15:55:29.682000,12628,12629,12629,3
2020-08-24,15:55:29.682000,12628,12629,12629,9
2020-08-24,15:55:29.897000,12629,12630,12630,1
2020-08-24,15:55:30.052000,12629,12630,12630,2
2020-08-24,15:55:33.146000,12629,12630,12630,1
2020-08-24,15:55:37.342000,12629,12630,12630,1
2020-08-24,15:55:37.384000,12629,12630,12630,1
2020-08-24,15:55:37.503000,12629,12630,12630,1
2020-08-24,15:55:44.564000,12629,12630,12630,1
2020-08-24,15:55:48.688000,12629,12630,12630,3
2020-08-24,15:55:52.661000,12629,12630,12630,1
2020-08-24,15:55:55.189000,12629,12630,12629,3
2020-08-24,15:55:55.190000,12629,12630,12629,2
2020-08-24,15:55:58.474000,12628,12629,12629,1
2020-08-24,15:56:00.009000,12628,12629,12629,1
2020-08-24,15:56:02.174000,12628,12629,12629,2
2020-08-24,15:56:05.388000,12628,12629,12629,1
2020-08-24,15:56:20.714000,12628,12629,12628,3
2020-08-24,15:56:20.714000,12628,12629,12628,2
2020-08-24,15:56:20.714000,12628,12629,12628,2
2020-08-24,15:56:20.714000,12628,12629,12628,12
2020-08-24,15:56:34.057000,12627,12628,12627,6
2020-08-24,15:56:41.665000,12626,12627,12627,1
2020-08-24,15:57:06.489000,12626,12627,12627,1
2020-08-24,15:57:14.180000,12627,12628,12627,1
2020-08-24,15:57:17.855000,12627,12628,12627,1
2020-08-24,15:57:31.265000,12627,12628,12627,1
2020-08-24,15:57:34.389000,12627,12628,12627,2
2020-08-24,15:58:07.022000,12627,12628,12627,3
2020-08-24,15:58:07.182000,12626,12628,12626,1
2020-08-24,15:58:07.882000,12626,12627,12626,1
2020-08-24,15:58:18.337000,12626,12627,12626,1
2020-08-24,15:58:27.062000,12626,12627,12626,16
2020-08-24,15:58:29.533000,12625,12626,12625,1
2020-08-24,15:58:35.248000,12625,12626,12625,1
2020-08-24,15:58:39.739000,12625,12626,12625,4
2020-08-24,15:58:44.077000,12625,12626,12625,1
2020-08-24,15:58:46.159000,12625,12626,12625,1
2020-08-24,15:58:47.943000,12625,12626,12625,1
2020-08-24,15:59:15.105000,12625,12626,12625,1
2020-08-24,15:59:27.997000,12625,12626,12625,4
2020-08-24,15:59:37.059000,12624,12625,12624,1
2020-08-24,15:59:39.332000,12624,12625,12624,2
2020-08-24,15:59:50.998000,12624,12625,12625,5
2020-08-24,15:59:51.874000,12624,12625,12625,1
2020-08-24,15:59:56.768000,12624,12625,12625,10
2020-08-24,16:00:05.835000,12625,12626,12626,3
2020-08-24,16:00:06.186000,12626,12627,12627,2
2020-08-24,16:00:06.455000,12626,12628,12628,2
2020-08-24,16:00:06.527000,12626,12628,12628,2
2020-08-24,16:00:06.528000,12626,12628,12627,3
2020-08-24,16:00:06.529000,12626,12628,12627,1
2020-08-24,16:00:20.485000,12627,12628,12628,1
2020-08-24,16:00:22.159000,12627,12628,12628,1
2020-08-24,16:00:22.229000,12627,12628,12628,1
2020-08-24,16:00:25.478000,12628,12629,12628,1
2020-08-24,16:00:26.110000,12628,12629,12628,1
2020-08-24,16:00:28.330000,12628,12629,12629,8
2020-08-24,16:00:28.345000,12628,12629,12630,1
2020-08-24,16:00:28.595000,12629,12630,12630,1
2020-08-24,16:00:28.607000,12629,12630,12630,1
2020-08-24,16:00:28.636000,12629,12630,12630,1
2020-08-24,16:00:28.636000,12629,12630,12630,3
2020-08-24,16:00:28.793000,12629,12630,12630,2
2020-08-24,16:00:28.793000,12629,12630,12630,2
2020-08-24,16:00:28.800000,12629,12630,12630,6
2020-08-24,16:00:28.800000,12629,12630,12630,4
2020-08-24,16:00:28.800000,12629,12630,12630,5
2020-08-24,16:00:28.801000,12629,12630,12630,18
2020-08-24,16:00:29.798000,12630,12631,12631,1
2020-08-24,16:00:31.254000,12630,12631,12631,1
2020-08-24,16:00:33.242000,12630,12631,12630,1
2020-08-24,16:00:40.362000,12630,12631,12631,1
2020-08-24,16:00:45.142000,12630,12631,12630,1
2020-08-24,16:00:45.295000,12630,12631,12631,1
2020-08-24,16:00:48.402000,12630,12631,12630,1
2020-08-24,16:00:49.518000,12630,12631,12631,2
2020-08-24,16:00:54.503000,12630,12631,12631,1
2020-08-24,16:00:56.029000,12630,12631,12631,5
2020-08-24,16:00:56.114000,12630,12631,12631,1
2020-08-24,16:01:01.619000,12630,12631,12631,1
2020-08-24,16:01:01.783000,12630,12631,12630,5
2020-08-24,16:01:02.192000,12629,12631,12631,1
2020-08-24,16:01:02.920000,12629,12631,12631,1
2020-08-24,16:01:08.632000,12629,12631,12629,1
2020-08-24,16:01:08.706000,12629,12631,12631,1
2020-08-24,16:01:10.031000,12629,12631,12631,1
2020-08-24,16:01:13.342000,12629,12631,12631,1
2020-08-24,16:01:15.623000,12629,12631,12629,1
2020-08-24,16:01:17.489000,12629,12631,12631,1
2020-08-24,16:01:20.436000,12629,12631,12631,1
2020-08-24,16:01:21.729000,12629,12631,12631,1
2020-08-24,16:01:24.264000,12629,12631,12631,1
2020-08-24,16:01:24.720000,12629,12631,12631,1
2020-08-24,16:01:26.702000,12630,12631,12631,1
2020-08-24,16:01:32.641000,12630,12631,12630,5
2020-08-24,16:01:33.073000,12630,12631,12631,6
2020-08-24,16:01:35.195000,12630,12631,12630,1
2020-08-24,16:01:39.613000,12630,12631,12630,2
2020-08-24,16:01:40.046000,12630,12631,12631,1
2020-08-24,16:01:42.654000,12630,12631,12630,4
2020-08-24,16:01:47.288000,12629,12630,12629,2
2020-08-24,16:01:47.288000,12629,12630,12629,4
2020-08-24,16:01:47.288000,12629,12630,12629,2
2020-08-24,16:01:47.289000,12629,12630,12629,3
2020-08-24,16:01:47.453000,12628,12630,12628,1
2020-08-24,16:01:49.646000,12628,12629,12628,1
2020-08-24,16:01:49.646000,12628,12629,12628,1
2020-08-24,16:01:50.121000,12627,12629,12629,1
2020-08-24,16:02:02.688000,12628,12629,12629,1
2020-08-24,16:02:05.198000,12628,12629,12628,6
2020-08-24,16:02:05.198000,12628,12629,12627,18
2020-08-24,16:02:05.199000,12628,12629,12627,1
2020-08-24,16:02:05.199000,12628,12629,12627,1
2020-08-24,16:02:06.005000,12626,12627,12627,2
2020-08-24,16:02:15.625000,12626,12627,12627,2
2020-08-24,16:02:15.626000,12626,12627,12627,1
2020-08-24,16:02:15.626000,12626,12627,12627,2
2020-08-24,16:02:15.626000,12626,12627,12627,2
2020-08-24,16:02:15.640000,12627,12628,12627,1
2020-08-24,16:02:25.946000,12627,12628,12627,1
2020-08-24,16:02:34.329000,12627,12628,12627,1
2020-08-24,16:02:54.393000,12627,12628,12628,1
2020-08-24,16:02:58.614000,12627,12628,12627,3
2020-08-24,16:03:05.549000,12626,12627,12627,3
2020-08-24,16:03:08.069000,12627,12628,12628,3
2020-08-24,16:03:15.751000,12627,12628,12627,2
2020-08-24,16:03:16.900000,12626,12628,12628,1
2020-08-24,16:03:28.042000,12627,12628,12628,1
2020-08-24,16:03:31.997000,12627,12628,12628,1
2020-08-24,16:03:33.865000,12627,12628,12628,1
2020-08-24,16:03:44.008000,12627,12628,12627,4
2020-08-24,16:03:44.020000,12626,12627,12627,5
2020-08-24,16:03:45.674000,12626,12627,12627,2
2020-08-24,16:03:55.424000,12627,12628,12627,2
2020-08-24,16:03:55.424000,12627,12628,12627,3
2020-08-24,16:03:57.702000,12626,12627,12627,1
2020-08-24,16:03:59.718000,12626,12627,12627,1
2020-08-24,16:04:00.662000,12626,12627,12627,1
2020-08-24,16:04:02.139000,12626,12627,12627,1
2020-08-24,16:04:13.342000,12626,12627,12626,2
2020-08-24,16:04:13.343000,12626,12627,12626,3
2020-08-24,16:04:18.063000,12625,12626,12626,3
2020-08-24,16:04:25.274000,12625,12626,12625,5
2020-08-24,16:04:33.107000,12625,12626,12625,1
2020-08-24,16:04:35.717000,12625,12626,12625,1
2020-08-24,16:04:42.488000,12625,12626,12625,4
2020-08-24,16:04:43.264000,12625,12626,12625,1
2020-08-24,16:04:48.750000,12625,12626,12625,1
2020-08-24,16:04:48.750000,12625,12626,12625,2
2020-08-24,16:04:48.751000,12625,12626,12625,4
2020-08-24,16:04:48.790000,12624,12625,12624,2
2020-08-24,16:04:49.316000,12624,12625,12624,1
2020-08-24,16:04:54.001000,12624,12625,12624,1
2020-08-24,16:04:54.726000,12624,12625,12624,1
2020-08-24,16:04:54.726000,12624,12625,12624,5
2020-08-24,16:04:54.726000,12624,12625,12624,5
2020-08-24,16:04:54.726000,12624,12625,12624,5
2020-08-24,16:04:54.727000,12624,12625,12624,5
2020-08-24,16:04:54.727000,12624,12625,12624,2
2020-08-24,16:04:54.728000,12624,12625,12624,7
2020-08-24,16:04:55.336000,12623,12625,12625,1
2020-08-24,16:04:58.859000,12623,12625,12624,1
2020-08-24,16:05:01.978000,12623,12624,12624,1
2020-08-24,16:05:02.552000,12623,12624,12623,4
2020-08-24,16:05:04.318000,12623,12624,12624,1
2020-08-24,16:05:05.898000,12623,12624,12623,1
2020-08-24,16:05:08.056000,12623,12624,12623,5
2020-08-24,16:05:08.531000,12623,12624,12623,1
2020-08-24,16:05:15.014000,12623,12624,12624,1
2020-08-24,16:05:21.718000,12623,12624,12624,1
2020-08-24,16:05:27.421000,12623,12624,12624,1
2020-08-24,16:05:32.098000,12623,12624,12624,1
2020-08-24,16:05:33.921000,12623,12624,12624,1
2020-08-24,16:05:34.380000,12623,12624,12624,1
2020-08-24,16:05:38.066000,12623,12624,12624,2
2020-08-24,16:05:38.316000,12623,12624,12624,1
2020-08-24,16:05:41.998000,12623,12624,12624,1
2020-08-24,16:05:46.022000,12623,12624,12624,2
2020-08-24,16:05:54.268000,12623,12624,12623,1
2020-08-24,16:05:58.737000,12623,12624,12624,9
2020-08-24,16:05:58.738000,12623,12624,12624,5
2020-08-24,16:05:58.738000,12623,12624,12624,1
2020-08-24,16:06:02.039000,12623,12624,12624,1
2020-08-24,16:06:02.619000,12624,12625,12624,1
2020-08-24,16:06:05.510000,12623,12624,12623,8
2020-08-24,16:06:08.950000,12622,12623,12623,1
2020-08-24,16:06:15.009000,12622,12623,12623,1
2020-08-24,16:06:32.469000,12622,12623,12623,1
2020-08-24,16:06:32.469000,12622,12623,12623,1
2020-08-24,16:06:32.470000,12622,12623,12623,2
2020-08-24,16:06:34.042000,12623,12624,12624,2
2020-08-24,16:06:34.042000,12623,12624,12624,2
2020-08-24,16:06:34.042000,12623,12624,12624,1
2020-08-24,16:06:34.349000,12624,12625,12625,1
2020-08-24,16:06:51.265000,12624,12625,12624,2
2020-08-24,16:06:51.266000,12624,12625,12624,2
2020-08-24,16:06:51.267000,12624,12625,12624,1
2020-08-24,16:07:02.370000,12623,12624,12624,1
2020-08-24,16:07:02.489000,12623,12624,12624,1
2020-08-24,16:07:06.023000,12623,12624,12624,3
2020-08-24,16:07:15.547000,12624,12625,12624,5
2020-08-24,16:07:19.136000,12623,12625,12624,1
2020-08-24,16:07:22.012000,12624,12625,12625,2
2020-08-24,16:07:22.012000,12624,12625,12625,2
2020-08-24,16:07:22.645000,12624,12626,12624,5
2020-08-24,16:07:24.166000,12624,12626,12625,5
2020-08-24,16:07:47.139000,12624,12625,12625,1
2020-08-24,16:07:52.506000,12624,12625,12625,1
2020-08-24,16:07:57.363000,12624,12625,12625,4
2020-08-24,16:07:57.947000,12625,12626,12625,1
2020-08-24,16:08:02.656000,12624,12626,12626,1
2020-08-24,16:08:23.736000,12625,12627,12627,1
2020-08-24,16:08:34.290000,12625,12626,12626,1
2020-08-24,16:08:50.775000,12625,12626,12625,1
2020-08-24,16:09:02.523000,12625,12626,12625,4
2020-08-24,16:09:48.598000,12624,12625,12625,1
2020-08-24,16:09:55.286000,12624,12625,12624,1
2020-08-24,16:10:02.325000,12624,12625,12625,1
2020-08-24,16:10:02.359000,12624,12625,12624,4
2020-08-24,16:10:02.756000,12624,12625,12624,2
2020-08-24,16:10:02.756000,12624,12625,12624,2
2020-08-24,16:10:02.756000,12624,12625,12624,2
2020-08-24,16:10:02.756000,12624,12625,12624,1
2020-08-24,16:10:15.836000,12623,12624,12624,1
2020-08-24,16:10:23.037000,12624,12625,12624,1
2020-08-24,16:10:28.295000,12624,12625,12624,1
2020-08-24,16:10:45.587000,12623,12625,12625,5
2020-08-24,16:10:57.719000,12623,12624,12624,1
2020-08-24,16:11:02.309000,12623,12625,12623,3
2020-08-24,16:11:02.432000,12623,12625,12623,5
2020-08-24,16:11:22.562000,12623,12625,12623,1
2020-08-24,16:11:22.825000,12623,12624,12624,3
2020-08-24,16:11:29.579000,12623,12624,12624,1
2020-08-24,16:11:47.279000,12624,12625,12625,1
2020-08-24,16:11:50.639000,12624,12625,12625,4
2020-08-24,16:11:56.932000,12625,12626,12626,1
2020-08-24,16:11:59.139000,12625,12626,12626,3
2020-08-24,16:12:00.305000,12624,12626,12624,14
2020-08-24,16:12:00.306000,12624,12626,12624,1
2020-08-24,16:12:00.307000,12624,12626,12624,1
2020-08-24,16:12:00.627000,12624,12625,12624,3
2020-08-24,16:12:01.141000,12623,12625,12623,1
2020-08-24,16:12:02.466000,12623,12625,12623,3
2020-08-24,16:12:16.959000,12623,12624,12623,1
2020-08-24,16:12:36.696000,12622,12623,12622,1
2020-08-24,16:12:42.173000,12622,12623,12622,2
2020-08-24,16:12:48.449000,12622,12623,12622,1
2020-08-24,16:12:53.759000,12622,12623,12623,2
2020-08-24,16:13:11.091000,12622,12623,12623,2
2020-08-24,16:13:36.139000,12623,12624,12624,2
2020-08-24,16:14:24.921000,12624,12625,12624,1
2020-08-24,16:14:24.922000,12624,12625,12624,1
2020-08-24,16:14:50.085000,12623,12625,12625,2
2020-08-24,16:15:12.653000,12623,12624,12624,1
2020-08-24,16:15:33.791000,12623,12624,12623,5
2020-08-24,16:15:33.791000,12623,12624,12623,1
2020-08-24,16:15:34.014000,12622,12623,12622,2
2020-08-24,16:15:35.629000,12622,12623,12622,2
2020-08-24,16:15:43.834000,12622,12623,12623,2
2020-08-24,16:15:45.967000,12622,12623,12623,7
2020-08-24,16:15:45.971000,12622,12623,12623,1
2020-08-24,16:15:47.315000,12623,12624,12624,2
2020-08-24,16:15:47.316000,12623,12624,12624,3
2020-08-24,16:16:01.138000,12624,12625,12625,2
2020-08-24,16:16:04.049000,12624,12625,12625,1
2020-08-24,16:16:18.114000,12624,12625,12625,2
2020-08-24,16:16:30.021000,12625,12626,12625,2
2020-08-24,16:16:30.323000,12625,12626,12624,1
2020-08-24,16:16:37.288000,12624,12626,12624,4
2020-08-24,16:17:14.985000,12624,12625,12624,1
2020-08-24,16:17:15.018000,12624,12625,12625,1
2020-08-24,16:17:15.018000,12624,12625,12625,1
2020-08-24,16:17:15.018000,12624,12625,12625,1
2020-08-24,16:17:15.018000,12624,12625,12625,1
2020-08-24,16:17:15.019000,12624,12625,12625,1
2020-08-24,16:17:15.019000,12624,12625,12625,1
2020-08-24,16:17:15.019000,12624,12625,12625,1
2020-08-24,16:17:15.020000,12624,12625,12625,1
2020-08-24,16:17:15.020000,12624,12625,12626,1
2020-08-24,16:17:15.020000,12624,12625,12626,1
2020-08-24,16:17:15.020000,12624,12625,12626,1
2020-08-24,16:17:15.022000,12624,12625,12625,1
2020-08-24,16:17:15.690000,12624,12625,12624,1
2020-08-24,16:17:17.409000,12624,12625,12624,2
2020-08-24,16:17:54.100000,12623,12624,12624,2
2020-08-24,16:18:03.995000,12623,12624,12624,1
2020-08-24,16:18:17.631000,12623,12624,12624,1
2020-08-24,16:18:32.241000,12623,12624,12624,2
2020-08-24,16:18:32.241000,12623,12624,12624,2
2020-08-24,16:18:53.533000,12624,12625,12625,2
2020-08-24,16:18:59.773000,12624,12625,12625,1
2020-08-24,16:19:15.838000,12624,12625,12625,2
2020-08-24,16:19:15.839000,12624,12625,12625,2
2020-08-24,16:19:21.490000,12625,12626,12625,1
2020-08-24,16:19:24.186000,12624,12625,12625,1
2020-08-24,16:19:53.369000,12624,12625,12625,1
2020-08-24,16:19:53.369000,12624,12625,12625,9
2020-08-24,16:19:56.897000,12625,12626,12626,2
2020-08-24,16:19:57.148000,12625,12626,12626,2
2020-08-24,16:20:07.254000,12626,12627,12626,1
2020-08-24,16:20:12.338000,12625,12626,12626,1
2020-08-24,16:20:18.880000,12626,12627,12627,2
2020-08-24,16:20:18.880000,12626,12627,12627,4
2020-08-24,16:20:18.956000,12627,12628,12628,1
2020-08-24,16:20:19.092000,12627,12628,12628,1
2020-08-24,16:20:19.986000,12627,12628,12628,1
2020-08-24,16:20:19.986000,12627,12628,12628,4
2020-08-24,16:20:19.987000,12627,12628,12628,4
2020-08-24,16:20:19.987000,12627,12628,12628,1
2020-08-24,16:20:27.696000,12628,12629,12628,1
2020-08-24,16:20:34.047000,12627,12628,12628,1
2020-08-24,16:20:34.712000,12627,12628,12628,1
2020-08-24,16:20:35.767000,12627,12629,12629,1
2020-08-24,16:20:38.777000,12627,12629,12628,1
2020-08-24,16:20:43.429000,12627,12628,12627,1
2020-08-24,16:20:48.669000,12627,12628,12627,1
2020-08-24,16:20:51.032000,12626,12627,12626,4
2020-08-24,16:20:51.385000,12625,12626,12626,1
2020-08-24,16:21:56.545000,12626,12627,12626,2
2020-08-24,16:22:05.938000,12625,12626,12626,1
2020-08-24,16:22:36.376000,12626,12627,12627,1
2020-08-24,16:22:43.005000,12627,12628,12627,2
2020-08-24,16:22:43.793000,12626,12627,12627,1
2020-08-24,16:22:47.444000,12626,12627,12627,2
2020-08-24,16:22:47.445000,12626,12627,12627,3
2020-08-24,16:22:47.445000,12626,12627,12627,2
2020-08-24,16:22:56.082000,12626,12627,12627,1
2020-08-24,16:22:56.083000,12626,12627,12627,1
2020-08-24,16:23:02.274000,12626,12627,12627,1
2020-08-24,16:23:10.388000,12626,12627,12627,1
2020-08-24,16:23:11.508000,12626,12627,12627,3
2020-08-24,16:23:32.761000,12626,12628,12626,5
2020-08-24,16:23:51.073000,12627,12628,12627,1
2020-08-24,16:24:05.645000,12627,12628,12627,1
2020-08-24,16:24:05.664000,12627,12628,12627,2
2020-08-24,16:24:18.030000,12627,12628,12627,2
2020-08-24,16:24:21.471000,12626,12628,12628,1
2020-08-24,16:24:32.401000,12626,12628,12627,10
2020-08-24,16:24:44.070000,12627,12628,12627,3
2020-08-24,16:24:44.071000,12627,12628,12627,2
2020-08-24,16:24:58.881000,12627,12628,12627,1
2020-08-24,16:25:03.574000,12627,12628,12627,1
2020-08-24,16:25:08.889000,12627,12628,12627,1
2020-08-24,16:25:09.373000,12627,12628,12627,1
2020-08-24,16:25:09.373000,12627,12628,12627,2
2020-08-24,16:25:09.373000,12627,12628,12627,1
2020-08-24,16:25:10.793000,12627,12628,12627,1
2020-08-24,16:25:14.972000,12626,12627,12627,5
2020-08-24,16:25:26.439000,12626,12627,12626,5
2020-08-24,16:25:30.790000,12625,12626,12626,1
2020-08-24,16:25:38.433000,12626,12627,12626,1
2020-08-24,16:25:58.960000,12627,12628,12627,5
2020-08-24,16:26:00.220000,12626,12627,12626,2
2020-08-24,16:26:00.220000,12626,12627,12626,1
2020-08-24,16:26:00.220000,12626,12627,12626,2
2020-08-24,16:26:00.220000,12626,12627,12626,2
2020-08-24,16:26:02.222000,12625,12626,12626,3
2020-08-24,16:26:16.597000,12626,12627,12627,1
2020-08-24,16:26:18.866000,12626,12628,12626,2
2020-08-24,16:26:22.591000,12627,12628,12627,4
2020-08-24,16:26:23.096000,12626,12628,12626,1
2020-08-24,16:26:33.792000,12626,12627,12626,2
2020-08-24,16:26:38.787000,12626,12627,12626,1
2020-08-24,16:26:42.714000,12625,12626,12625,1
2020-08-24,16:26:42.790000,12625,12626,12626,2
2020-08-24,16:26:46.316000,12625,12626,12625,1
2020-08-24,16:27:06.494000,12625,12626,12625,1
2020-08-24,16:27:09.450000,12625,12626,12625,1
2020-08-24,16:27:30.864000,12625,12626,12626,1
2020-08-24,16:28:00.653000,12626,12627,12626,2
2020-08-24,16:28:53.317000,12625,12626,12625,2
2020-08-24,16:28:53.666000,12624,12626,12624,1
2020-08-24,16:28:54.128000,12624,12625,12624,1
2020-08-24,16:28:54.133000,12624,12625,12624,1
2020-08-24,16:29:32.928000,12623,12624,12624,5
2020-08-24,16:29:32.929000,12623,12624,12624,1
2020-08-24,16:29:43.992000,12624,12625,12625,2
2020-08-24,16:30:00.140000,12625,12626,12625,1
2020-08-24,16:30:00.140000,12625,12626,12624,1
2020-08-24,16:30:00.356000,12624,12626,12626,1
2020-08-24,16:30:00.445000,12624,12626,12626,1
2020-08-24,16:30:00.450000,12624,12626,12626,5
2020-08-24,16:30:00.450000,12624,12626,12627,20
2020-08-24,16:30:00.464000,12624,12626,12627,9
2020-08-24,16:30:00.464000,12624,12626,12628,3
2020-08-24,16:30:00.505000,12624,12626,12628,2
2020-08-24,16:30:00.521000,12626,12628,12628,2
2020-08-24,16:30:07.044000,12627,12628,12628,3
2020-08-24,16:30:07.849000,12628,12629,12629,1
2020-08-24,16:30:07.910000,12628,12629,12629,1
2020-08-24,16:30:08.001000,12628,12629,12628,1
2020-08-24,16:30:08.139000,12627,12628,12628,1
2020-08-24,16:30:09.514000,12627,12628,12628,1
2020-08-24,16:30:09.639000,12627,12628,12628,2
2020-08-24,16:30:15.469000,12627,12628,12628,2
2020-08-24,16:30:15.469000,12627,12628,12629,3
2020-08-24,16:30:17.056000,12627,12628,12628,2
2020-08-24,16:30:18.352000,12627,12628,12628,3
2020-08-24,16:30:31.940000,12627,12629,12629,1
2020-08-24,16:30:55.375000,12628,12629,12629,4
2020-08-24,16:31:07.168000,12628,12629,12629,1
2020-08-24,16:31:08.986000,12628,12629,12629,1
2020-08-24,16:31:10.238000,12628,12629,12629,8
2020-08-24,16:31:10.239000,12628,12629,12629,5
2020-08-24,16:31:10.239000,12628,12629,12629,2
2020-08-24,16:31:10.239000,12628,12629,12629,4
2020-08-24,16:31:10.239000,12628,12629,12629,1
2020-08-24,16:31:23.441000,12629,12630,12629,1
2020-08-24,16:31:25.485000,12629,12630,12630,1
2020-08-24,16:31:25.486000,12629,12630,12630,2
2020-08-24,16:31:25.486000,12629,12630,12630,9
2020-08-24,16:31:25.486000,12629,12630,12630,4
2020-08-24,16:31:25.486000,12629,12630,12630,2
2020-08-24,16:31:25.567000,12630,12631,12631,1
2020-08-24,16:31:25.647000,12630,12631,12631,2
2020-08-24,16:31:26.258000,12630,12631,12631,8
2020-08-24,16:31:26.669000,12631,12632,12632,24
2020-08-24,16:31:26.764000,12632,12633,12633,6
2020-08-24,16:31:26.769000,12632,12633,12634,2
2020-08-24,16:31:26.893000,12633,12634,12634,1
2020-08-24,16:31:26.921000,12633,12634,12634,1
2020-08-24,16:31:26.932000,12633,12634,12634,1
2020-08-24,16:31:26.996000,12633,12634,12634,1
2020-08-24,16:31:27.043000,12633,12634,12634,1
2020-08-24,16:31:27.054000,12633,12634,12634,2
2020-08-24,16:31:27.054000,12633,12634,12634,6
2020-08-24,16:31:27.055000,12633,12634,12634,1
2020-08-24,16:31:27.055000,12633,12634,12635,1
2020-08-24,16:31:27.055000,12633,12634,12635,1
2020-08-24,16:31:27.058000,12633,12634,12635,1
2020-08-24,16:31:27.072000,12633,12634,12635,2
2020-08-24,16:31:27.169000,12634,12635,12635,1
2020-08-24,16:31:27.171000,12634,12635,12635,1
2020-08-24,16:31:27.214000,12634,12635,12635,1
2020-08-24,16:31:27.233000,12634,12635,12635,3
2020-08-24,16:31:27.237000,12634,12635,12635,1
2020-08-24,16:31:27.240000,12634,12635,12635,4
2020-08-24,16:31:27.240000,12634,12635,12635,1
2020-08-24,16:31:27.241000,12634,12635,12635,3
2020-08-24,16:31:27.242000,12634,12635,12635,4
2020-08-24,16:31:27.249000,12634,12635,12636,2
2020-08-24,16:31:27.250000,12634,12635,12636,1
2020-08-24,16:31:27.259000,12634,12635,12636,1
2020-08-24,16:31:27.260000,12634,12635,12636,1
2020-08-24,16:31:27.261000,12634,12635,12636,1
2020-08-24,16:31:27.271000,12635,12636,12636,2
2020-08-24,16:31:27.287000,12635,12636,12636,2
2020-08-24,16:31:27.299000,12635,12636,12636,1
2020-08-24,16:31:27.300000,12635,12636,12636,1
2020-08-24,16:31:27.308000,12635,12636,12637,1
2020-08-24,16:31:27.309000,12635,12636,12637,5
2020-08-24,16:31:27.311000,12635,12636,12637,1
2020-08-24,16:31:27.316000,12635,12636,12637,1
2020-08-24,16:31:27.377000,12635,12636,12637,1
2020-08-24,16:31:27.382000,12635,12636,12637,1
2020-08-24,16:31:27.395000,12636,12637,12637,1
2020-08-24,16:31:27.404000,12636,12637,12637,2
2020-08-24,16:31:27.405000,12636,12637,12637,4
2020-08-24,16:31:27.413000,12636,12637,12638,5
2020-08-24,16:31:27.424000,12636,12637,12638,1
2020-08-24,16:31:27.448000,12636,12637,12638,5
2020-08-24,16:31:27.448000,12636,12637,12638,4
2020-08-24,16:31:27.452000,12636,12637,12639,1
2020-08-24,16:31:27.526000,12637,12639,12639,1
2020-08-24,16:31:27.560000,12637,12639,12639,1
2020-08-24,16:31:27.599000,12637,12639,12639,1
2020-08-24,16:31:27.609000,12637,12639,12639,1
2020-08-24,16:31:27.665000,12638,12639,12639,1
2020-08-24,16:31:27.691000,12638,12639,12639,1
2020-08-24,16:31:27.726000,12638,12639,12639,1
2020-08-24,16:31:27.749000,12638,12639,12639,1
2020-08-24,16:31:27.757000,12638,12639,12639,1
2020-08-24,16:31:28.028000,12638,12639,12639,1
2020-08-24,16:31:28.059000,12638,12639,12639,1
2020-08-24,16:31:28.128000,12638,12639,12639,1
2020-08-24,16:31:28.200000,12638,12639,12639,1
2020-08-24,16:31:28.388000,12638,12639,12638,1
2020-08-24,16:31:28.389000,12638,12639,12638,2
2020-08-24,16:31:28.390000,12638,12639,12637,1
2020-08-24,16:31:28.501000,12638,12639,12637,1
2020-08-24,16:31:28.875000,12636,12637,12636,5
2020-08-24,16:31:28.875000,12636,12637,12636,1
2020-08-24,16:31:28.989000,12635,12636,12635,1
2020-08-24,16:31:28.992000,12635,12636,12636,1
2020-08-24,16:31:29.074000,12635,12636,12635,5
2020-08-24,16:31:29.074000,12635,12636,12635,10
2020-08-24,16:31:29.076000,12635,12636,12635,1
2020-08-24,16:31:29.444000,12634,12635,12635,1
2020-08-24,16:31:29.514000,12634,12635,12635,6
2020-08-24,16:31:31.276000,12634,12636,12636,1
2020-08-24,16:31:32.240000,12635,12636,12636,2
2020-08-24,16:31:32.302000,12635,12636,12636,2
2020-08-24,16:31:32.303000,12635,12636,12636,1
2020-08-24,16:31:32.343000,12635,12636,12636,1
2020-08-24,16:31:33.905000,12635,12637,12635,1
2020-08-24,16:31:35.882000,12635,12636,12636,1
2020-08-24,16:31:35.885000,12635,12636,12636,1
2020-08-24,16:31:36.601000,12635,12636,12635,2
2020-08-24,16:31:36.601000,12635,12636,12635,1
2020-08-24,16:31:36.603000,12635,12636,12635,1
2020-08-24,16:31:37.360000,12635,12636,12635,1
2020-08-24,16:31:39.815000,12634,12635,12635,6
2020-08-24,16:31:40.004000,12634,12635,12635,1
2020-08-24,16:31:42.428000,12634,12635,12635,2
2020-08-24,16:31:43.720000,12635,12636,12635,1
2020-08-24,16:31:44.234000,12634,12636,12636,1
2020-08-24,16:31:45.474000,12635,12636,12636,1
2020-08-24,16:31:45.580000,12635,12636,12635,5
2020-08-24,16:31:47.429000,12634,12635,12635,1
2020-08-24,16:31:48.967000,12634,12635,12635,1
2020-08-24,16:31:51.865000,12635,12636,12636,10
2020-08-24,16:31:53.893000,12635,12636,12636,1
2020-08-24,16:31:55.783000,12635,12636,12636,2
2020-08-24,16:31:55.783000,12635,12636,12637,1
2020-08-24,16:31:57.051000,12635,12636,12636,2
2020-08-24,16:31:58.038000,12635,12636,12635,1
2020-08-24,16:31:58.262000,12635,12636,12636,7
2020-08-24,16:31:58.361000,12635,12637,12636,2
2020-08-24,16:31:59.209000,12636,12638,12638,1
2020-08-24,16:31:59.287000,12636,12638,12636,1
2020-08-24,16:32:00.701000,12637,12638,12638,1
2020-08-24,16:32:00.967000,12638,12640,12638,10
2020-08-24,16:32:01.745000,12637,12639,12637,1
2020-08-24,16:32:01.842000,12637,12639,12637,1
2020-08-24,16:32:01.995000,12637,12639,12639,2
2020-08-24,16:32:02.046000,12637,12639,12639,1
2020-08-24,16:32:02.387000,12638,12639,12639,1
2020-08-24,16:32:02.646000,12638,12639,12639,1
2020-08-24,16:32:02.980000,12637,12639,12639,3
2020-08-24,16:32:04.267000,12636,12638,12638,1
2020-08-24,16:32:04.679000,12637,12638,12638,1
2020-08-24,16:32:06.971000,12637,12638,12638,1
2020-08-24,16:32:07.032000,12638,12639,12638,1
2020-08-24,16:32:07.437000,12638,12639,12639,2
2020-08-24,16:32:07.437000,12638,12639,12639,2
2020-08-24,16:32:07.437000,12638,12639,12639,4
2020-08-24,16:32:07.437000,12638,12639,12639,2
2020-08-24,16:32:08.272000,12639,12640,12640,1
2020-08-24,16:32:08.451000,12639,12640,12640,30
2020-08-24,16:32:08.559000,12640,12641,12641,1
2020-08-24,16:32:08.589000,12640,12641,12641,1
2020-08-24,16:32:08.783000,12640,12641,12641,1
2020-08-24,16:32:09.033000,12640,12641,12641,3
2020-08-24,16:32:09.034000,12640,12641,12641,3
2020-08-24,16:32:09.034000,12640,12641,12641,12
2020-08-24,16:32:09.296000,12641,12642,12641,4
2020-08-24,16:32:09.337000,12641,12642,12641,4
2020-08-24,16:32:09.338000,12641,12642,12641,2
2020-08-24,16:32:09.490000,12640,12642,12640,10
2020-08-24,16:32:09.492000,12640,12642,12640,1
2020-08-24,16:32:11.365000,12639,12641,12639,1
2020-08-24,16:32:12.801000,12639,12640,12639,1
2020-08-24,16:32:13.130000,12638,12640,12638,3
2020-08-24,16:32:13.301000,12638,12640,12639,1
2020-08-24,16:32:13.395000,12638,12639,12639,2
2020-08-24,16:32:14.105000,12638,12640,12638,2
2020-08-24,16:32:14.189000,12637,12639,12638,1
2020-08-24,16:32:15.447000,12637,12638,12638,2
2020-08-24,16:32:16.230000,12637,12639,12638,1
2020-08-24,16:32:18.710000,12637,12638,12637,1
2020-08-24,16:32:19.111000,12637,12638,12637,1
2020-08-24,16:32:19.372000,12637,12638,12638,1
2020-08-24,16:32:19.777000,12637,12639,12638,1
2020-08-24,16:32:20.364000,12637,12639,12638,2
2020-08-24,16:32:20.364000,12637,12639,12638,3
2020-08-24,16:32:27.927000,12637,12638,12637,3
2020-08-24,16:32:31.404000,12636,12637,12636,2
2020-08-24,16:32:31.404000,12636,12637,12636,2
2020-08-24,16:32:31.404000,12636,12637,12636,4
2020-08-24,16:32:32.420000,12635,12636,12635,1
2020-08-24,16:32:42.382000,12635,12636,12635,10
2020-08-24,16:32:42.596000,12634,12635,12634,1
2020-08-24,16:32:44.128000,12634,12635,12635,1
2020-08-24,16:32:48.483000,12634,12635,12634,1
2020-08-24,16:32:53.606000,12634,12635,12634,1
2020-08-24,16:33:00.141000,12634,12635,12634,2
2020-08-24,16:33:00.660000,12634,12635,12635,1
2020-08-24,16:33:06.134000,12634,12635,12635,1
2020-08-24,16:33:06.262000,12634,12635,12635,4
2020-08-24,16:33:06.263000,12634,12635,12635,4
2020-08-24,16:33:13.861000,12634,12635,12635,1
2020-08-24,16:33:20.732000,12635,12636,12636,1
2020-08-24,16:33:21.705000,12635,12636,12636,1
2020-08-24,16:33:24.424000,12635,12636,12636,1
2020-08-24,16:33:25.314000,12635,12636,12635,1
2020-08-24,16:33:27.640000,12635,12636,12636,1
2020-08-24,16:33:31.077000,12635,12636,12636,1
2020-08-24,16:33:33.916000,12635,12636,12636,5
2020-08-24,16:33:36.873000,12636,12637,12637,1
2020-08-24,16:33:38.256000,12636,12637,12637,3
2020-08-24,16:33:40.543000,12636,12637,12637,2
2020-08-24,16:33:43.251000,12637,12638,12638,10
2020-08-24,16:33:47.165000,12637,12638,12638,1
2020-08-24,16:33:48.663000,12637,12638,12638,1
2020-08-24,16:33:56.886000,12637,12638,12638,1
2020-08-24,16:33:57.096000,12637,12638,12638,3
2020-08-24,16:33:58.660000,12637,12639,12639,2
2020-08-24,16:34:00.435000,12638,12639,12639,1
2020-08-24,16:34:03.570000,12638,12639,12639,1
2020-08-24,16:34:03.916000,12638,12639,12638,2
2020-08-24,16:34:05.333000,12638,12639,12639,2
2020-08-24,16:34:05.414000,12638,12639,12638,1
2020-08-24,16:34:05.962000,12638,12639,12639,1
2020-08-24,16:34:09.059000,12638,12639,12639,1
2020-08-24,16:34:12.499000,12638,12639,12639,1
2020-08-24,16:34:14.324000,12638,12639,12639,1
2020-08-24,16:34:14.652000,12638,12639,12639,1
2020-08-24,16:34:20.287000,12638,12639,12639,1
2020-08-24,16:34:22.092000,12638,12639,12638,1
2020-08-24,16:34:22.092000,12638,12639,12638,1
2020-08-24,16:34:25.139000,12637,12638,12637,1
2020-08-24,16:34:26.957000,12637,12638,12638,3
2020-08-24,16:34:27.263000,12637,12638,12637,1
2020-08-24,16:34:33.684000,12637,12639,12638,3
2020-08-24,16:34:33.684000,12637,12639,12638,2
2020-08-24,16:34:34.162000,12637,12638,12638,1
2020-08-24,16:34:43.547000,12638,12639,12638,1
2020-08-24,16:34:46.931000,12638,12639,12639,1
2020-08-24,16:34:47.869000,12638,12639,12638,1
2020-08-24,16:34:55.498000,12638,12639,12638,1
2020-08-24,16:34:59.657000,12638,12639,12639,2
2020-08-24,16:35:00.168000,12638,12639,12639,1
2020-08-24,16:35:01.069000,12638,12639,12638,3
2020-08-24,16:35:01.586000,12638,12639,12639,1
2020-08-24,16:35:02.172000,12638,12639,12639,1
2020-08-24,16:35:02.327000,12638,12639,12639,2
2020-08-24,16:35:02.327000,12638,12639,12639,2
2020-08-24,16:35:02.328000,12638,12639,12639,2
2020-08-24,16:35:05.855000,12638,12639,12639,1
2020-08-24,16:35:09.120000,12638,12639,12639,1
2020-08-24,16:35:12.111000,12638,12639,12639,3
2020-08-24,16:35:17.436000,12638,12639,12638,1
2020-08-24,16:35:26.115000,12638,12639,12638,1
2020-08-24,16:35:27.396000,12638,12639,12638,1
2020-08-24,16:35:32.931000,12638,12639,12639,1
2020-08-24,16:35:36.373000,12638,12639,12639,1
2020-08-24,16:35:43.655000,12638,12639,12639,1
2020-08-24,16:35:49.578000,12638,12639,12638,1
2020-08-24,16:35:51.416000,12638,12639,12639,1
2020-08-24,16:35:54.288000,12638,12639,12639,1
2020-08-24,16:35:54.765000,12638,12639,12639,4
2020-08-24,16:35:54.765000,12638,12639,12639,2
2020-08-24,16:35:54.765000,12638,12639,12639,3
2020-08-24,16:35:55.027000,12639,12640,12639,9
2020-08-24,16:36:03.950000,12638,12639,12639,1
2020-08-24,16:36:05.541000,12638,12639,12639,1
2020-08-24,16:36:11.057000,12638,12639,12639,1
2020-08-24,16:36:13.418000,12638,12639,12639,1
2020-08-24,16:36:15.959000,12638,12639,12639,1
2020-08-24,16:36:18.620000,12638,12639,12639,1
2020-08-24,16:36:19.168000,12638,12639,12638,2
2020-08-24,16:36:19.168000,12638,12639,12638,3
2020-08-24,16:36:20.904000,12637,12638,12638,1
2020-08-24,16:36:21.014000,12637,12638,12637,2
2020-08-24,16:36:21.015000,12637,12638,12637,2
2020-08-24,16:36:21.271000,12636,12637,12636,1
2020-08-24,16:36:23.806000,12636,12637,12636,1
2020-08-24,16:36:26.130000,12636,12637,12636,1
2020-08-24,16:36:32.855000,12636,12637,12636,1
2020-08-24,16:36:34.826000,12636,12637,12637,1
2020-08-24,16:36:35.069000,12636,12637,12636,1
2020-08-24,16:36:37.777000,12636,12637,12637,2
2020-08-24,16:36:38.891000,12636,12638,12636,2
2020-08-24,16:36:39.447000,12636,12638,12637,1
2020-08-24,16:36:40.886000,12636,12637,12636,1
2020-08-24,16:36:40.958000,12635,12637,12637,1
2020-08-24,16:36:43.533000,12635,12637,12636,1
2020-08-24,16:36:44.663000,12635,12636,12636,1
2020-08-24,16:36:47.604000,12635,12637,12636,1
2020-08-24,16:36:48.157000,12635,12636,12636,1
2020-08-24,16:36:56.751000,12636,12637,12636,1
2020-08-24,16:37:01.152000,12636,12637,12637,2
2020-08-24,16:37:02.357000,12636,12637,12637,10
2020-08-24,16:37:02.676000,12636,12637,12637,2
2020-08-24,16:37:02.676000,12636,12637,12637,2
2020-08-24,16:37:02.677000,12636,12637,12637,10
2020-08-24,16:37:12.428000,12637,12638,12638,2
2020-08-24,16:37:21.406000,12638,12639,12638,1
2020-08-24,16:37:21.642000,12638,12639,12639,5
2020-08-24,16:37:23.741000,12638,12639,12639,1
2020-08-24,16:37:24.842000,12638,12639,12639,1
2020-08-24,16:37:27.723000,12638,12639,12639,2
2020-08-24,16:37:30.506000,12638,12639,12639,3
2020-08-24,16:37:30.598000,12638,12639,12639,3
2020-08-24,16:37:30.764000,12638,12639,12639,4
2020-08-24,16:37:31.429000,12639,12640,12640,7
2020-08-24,16:37:43.051000,12639,12640,12640,1
2020-08-24,16:37:47.721000,12639,12640,12639,1
2020-08-24,16:37:50.729000,12639,12640,12640,1
2020-08-24,16:37:54.693000,12639,12640,12639,3
2020-08-24,16:37:56.174000,12639,12640,12639,10
2020-08-24,16:37:56.174000,12639,12640,12639,2
2020-08-24,16:37:56.184000,12639,12640,12639,8
2020-08-24,16:37:56.190000,12639,12640,12638,1
2020-08-24,16:37:56.231000,12639,12640,12639,12
2020-08-24,16:37:56.239000,12639,12640,12639,5
2020-08-24,16:37:56.507000,12638,12639,12638,3
2020-08-24,16:38:10.343000,12638,12639,12638,4
2020-08-24,16:38:10.343000,12638,12639,12638,1
2020-08-24,16:38:10.343000,12638,12639,12638,7
2020-08-24,16:38:10.674000,12637,12638,12638,1
2020-08-24,16:38:15.925000,12637,12638,12638,3
2020-08-24,16:38:16.706000,12637,12638,12638,1
2020-08-24,16:38:39.939000,12637,12638,12637,1
2020-08-24,16:38:42.653000,12637,12638,12637,1
2020-08-24,16:38:48.176000,12637,12638,12637,2
2020-08-24,16:38:55.794000,12637,12638,12638,13
2020-08-24,16:39:02.337000,12638,12639,12638,4
2020-08-24,16:39:07.277000,12638,12639,12639,8
2020-08-24,16:39:07.278000,12638,12639,12639,2
2020-08-24,16:39:07.328000,12638,12639,12639,2
2020-08-24,16:39:07.379000,12638,12639,12639,2
2020-08-24,16:39:07.390000,12639,12640,12639,1
2020-08-24,16:39:07.769000,12639,12640,12639,3
2020-08-24,16:39:12.141000,12638,12639,12639,2
2020-08-24,16:39:13.550000,12639,12640,12639,6
2020-08-24,16:39:13.818000,12638,12639,12638,15
2020-08-24,16:39:17.361000,12638,12639,12638,1
2020-08-24,16:39:24.364000,12638,12639,12639,10
2020-08-24,16:39:24.609000,12638,12639,12638,1
2020-08-24,16:39:29.170000,12637,12638,12637,2
2020-08-24,16:39:29.171000,12637,12638,12637,2
2020-08-24,16:39:29.467000,12636,12637,12636,1
2020-08-24,16:39:39.865000,12636,12637,12637,1
2020-08-24,16:39:45.290000,12636,12637,12637,5
2020-08-24,16:39:45.291000,12636,12637,12637,4
2020-08-24,16:39:45.291000,12636,12637,12637,1
2020-08-24,16:39:46.222000,12636,12637,12637,2
2020-08-24,16:39:58.293000,12637,12638,12637,1
2020-08-24,16:40:11.447000,12637,12638,12638,5
2020-08-24,16:40:11.844000,12637,12638,12638,3
2020-08-24,16:40:12.283000,12637,12639,12639,9
2020-08-24,16:40:12.531000,12638,12639,12639,1
2020-08-24,16:40:12.893000,12639,12640,12639,1
2020-08-24,16:40:16.635000,12638,12640,12638,1
2020-08-24,16:40:17.438000,12638,12640,12638,1
2020-08-24,16:40:23.177000,12637,12639,12639,5
2020-08-24,16:40:25.653000,12637,12639,12637,4
2020-08-24,16:40:30.185000,12638,12639,12638,1
2020-08-24,16:40:30.447000,12637,12639,12639,1
2020-08-24,16:40:35.026000,12637,12638,12637,3
2020-08-24,16:40:47.766000,12637,12638,12638,1
2020-08-24,16:40:49.340000,12637,12638,12638,1
2020-08-24,16:40:49.421000,12637,12638,12637,1
2020-08-24,16:40:52.660000,12637,12638,12638,1
2020-08-24,16:42:00.296000,12637,12638,12638,2
2020-08-24,16:42:00.296000,12637,12638,12638,10
2020-08-24,16:42:00.713000,12638,12639,12639,2
2020-08-24,16:42:00.713000,12638,12639,12639,3
2020-08-24,16:42:00.713000,12638,12639,12639,4
2020-08-24,16:42:00.713000,12638,12639,12639,1
2020-08-24,16:42:00.713000,12638,12639,12639,5
2020-08-24,16:42:00.974000,12639,12640,12640,1
2020-08-24,16:42:01.011000,12639,12640,12640,1
2020-08-24,16:42:01.057000,12639,12640,12640,10
2020-08-24,16:42:03.684000,12640,12641,12640,1
2020-08-24,16:42:07.887000,12640,12641,12641,1
2020-08-24,16:42:07.946000,12640,12641,12641,4
2020-08-24,16:42:07.947000,12640,12641,12642,4
2020-08-24,16:42:07.981000,12640,12641,12642,2
2020-08-24,16:42:07.983000,12640,12641,12642,2
2020-08-24,16:42:07.989000,12640,12641,12642,1
2020-08-24,16:42:08.004000,12640,12641,12642,1
2020-08-24,16:42:08.020000,12641,12642,12642,2
2020-08-24,16:42:08.026000,12641,12642,12642,2
2020-08-24,16:42:08.033000,12641,12642,12642,2
2020-08-24,16:42:08.054000,12641,12642,12642,4
2020-08-24,16:42:08.057000,12641,12642,12642,1
2020-08-24,16:42:08.108000,12641,12642,12642,3
2020-08-24,16:42:08.108000,12641,12642,12642,1
2020-08-24,16:42:08.109000,12641,12642,12642,2
2020-08-24,16:42:08.109000,12641,12642,12642,1
2020-08-24,16:42:08.109000,12641,12642,12642,1
2020-08-24,16:42:08.109000,12641,12642,12642,1
2020-08-24,16:42:08.109000,12641,12642,12642,14
2020-08-24,16:42:08.125000,12641,12642,12643,3
2020-08-24,16:42:08.132000,12641,12642,12643,1
2020-08-24,16:42:08.155000,12642,12643,12643,1
2020-08-24,16:42:08.165000,12642,12643,12643,1
2020-08-24,16:42:08.202000,12642,12643,12643,1
2020-08-24,16:42:08.229000,12642,12643,12643,1
2020-08-24,16:42:08.238000,12642,12643,12644,1
2020-08-24,16:42:08.286000,12642,12644,12644,2
2020-08-24,16:42:08.318000,12642,12644,12643,1
2020-08-24,16:42:08.389000,12641,12643,12643,1
2020-08-24,16:42:08.451000,12641,12643,12643,1
2020-08-24,16:42:08.459000,12641,12643,12643,1
2020-08-24,16:42:08.511000,12641,12643,12643,1
2020-08-24,16:42:08.519000,12641,12643,12643,1
2020-08-24,16:42:08.692000,12641,12643,12643,1
2020-08-24,16:42:08.721000,12641,12643,12643,1
2020-08-24,16:42:08.723000,12641,12643,12643,1
2020-08-24,16:42:08.749000,12641,12643,12643,1
2020-08-24,16:42:08.862000,12641,12643,12643,1
2020-08-24,16:42:09.037000,12642,12644,12644,1
2020-08-24,16:42:10.666000,12643,12644,12644,1
2020-08-24,16:42:12.375000,12643,12644,12644,1
2020-08-24,16:42:12.375000,12643,12644,12644,1
2020-08-24,16:42:12.800000,12643,12644,12644,1
2020-08-24,16:42:13.256000,12643,12644,12644,3
2020-08-24,16:42:13.256000,12643,12644,12644,3
2020-08-24,16:42:13.256000,12643,12644,12644,1
2020-08-24,16:42:13.488000,12644,12645,12644,3
2020-08-24,16:42:13.948000,12642,12644,12644,1
2020-08-24,16:42:16.019000,12643,12644,12644,1
2020-08-24,16:42:16.086000,12643,12644,12644,1
2020-08-24,16:42:16.811000,12643,12644,12643,1
2020-08-24,16:42:17.805000,12643,12644,12643,1
2020-08-24,16:42:18.301000,12642,12644,12644,2
2020-08-24,16:42:20.861000,12642,12644,12644,1
2020-08-24,16:42:21.342000,12643,12644,12643,1
2020-08-24,16:42:22.559000,12642,12644,12644,3
2020-08-24,16:42:23.850000,12643,12644,12644,1
2020-08-24,16:42:26.552000,12643,12644,12644,1
2020-08-24,16:42:28.475000,12643,12645,12645,1
2020-08-24,16:42:28.567000,12643,12645,12645,1
2020-08-24,16:42:28.649000,12643,12645,12645,2
2020-08-24,16:42:28.717000,12643,12645,12645,2
2020-08-24,16:42:28.723000,12643,12645,12645,8
2020-08-24,16:42:28.747000,12643,12645,12645,2
2020-08-24,16:42:28.756000,12643,12645,12645,3
2020-08-24,16:42:28.765000,12643,12645,12645,1
2020-08-24,16:42:28.806000,12643,12645,12645,2
2020-08-24,16:42:28.816000,12643,12645,12645,2
2020-08-24,16:42:28.822000,12643,12645,12645,4
2020-08-24,16:42:28.829000,12643,12645,12645,4
2020-08-24,16:42:28.830000,12643,12645,12645,4
2020-08-24,16:42:28.830000,12643,12645,12645,1
2020-08-24,16:42:28.873000,12643,12645,12646,2
2020-08-24,16:42:28.976000,12645,12646,12646,2
2020-08-24,16:42:28.979000,12645,12646,12646,2
2020-08-24,16:42:29.052000,12645,12646,12646,6
2020-08-24,16:42:29.053000,12645,12646,12646,1
2020-08-24,16:42:29.053000,12645,12646,12646,2
2020-08-24,16:42:29.053000,12645,12646,12646,9
2020-08-24,16:42:29.054000,12645,12646,12646,2
2020-08-24,16:42:29.072000,12645,12646,12647,2
2020-08-24,16:42:29.080000,12645,12646,12647,1
2020-08-24,16:42:29.092000,12645,12646,12645,10
2020-08-24,16:42:29.104000,12645,12646,12646,1
2020-08-24,16:42:29.120000,12645,12646,12646,2
2020-08-24,16:42:29.123000,12645,12646,12647,1
2020-08-24,16:42:29.146000,12645,12647,12647,4
2020-08-24,16:42:29.152000,12645,12647,12647,1
2020-08-24,16:42:29.175000,12645,12647,12647,2
2020-08-24,16:42:29.177000,12645,12647,12647,4
2020-08-24,16:42:29.192000,12645,12647,12647,1
2020-08-24,16:42:29.221000,12645,12647,12647,1
2020-08-24,16:42:29.225000,12645,12647,12647,1
2020-08-24,16:42:29.325000,12645,12647,12647,2
2020-08-24,16:42:29.330000,12645,12647,12647,2
2020-08-24,16:42:29.351000,12645,12647,12647,6
2020-08-24,16:42:29.403000,12645,12647,12647,2
2020-08-24,16:42:29.412000,12645,12647,12647,2
2020-08-24,16:42:29.531000,12646,12647,12647,1
2020-08-24,16:42:29.531000,12646,12647,12648,1
2020-08-24,16:42:29.584000,12646,12647,12648,1
2020-08-24,16:42:29.827000,12646,12648,12648,1
2020-08-24,16:42:30.254000,12646,12648,12648,1
2020-08-24,16:42:30.481000,12646,12648,12648,1
2020-08-24,16:42:30.612000,12646,12648,12648,1
2020-08-24,16:42:31.597000,12644,12646,12644,5
2020-08-24,16:42:31.599000,12644,12646,12645,4
2020-08-24,16:42:32.111000,12645,12646,12646,1
2020-08-24,16:42:32.956000,12645,12646,12645,1
2020-08-24,16:42:34.089000,12645,12646,12645,2
2020-08-24,16:42:34.397000,12645,12646,12645,1
2020-08-24,16:42:35.417000,12645,12646,12646,2
2020-08-24,16:42:38.982000,12645,12646,12646,1
2020-08-24,16:42:44.806000,12646,12647,12646,1
2020-08-24,16:42:44.871000,12646,12647,12647,1
2020-08-24,16:42:49.925000,12646,12647,12647,1
2020-08-24,16:42:50.548000,12646,12647,12647,1
2020-08-24,16:42:51.086000,12646,12647,12647,1
2020-08-24,16:42:55.213000,12646,12647,12647,2
2020-08-24,16:42:56.647000,12646,12647,12647,4
2020-08-24,16:43:01.010000,12646,12647,12647,1
2020-08-24,16:43:01.020000,12646,12647,12647,1
2020-08-24,16:43:02.198000,12647,12648,12648,4
2020-08-24,16:43:03.078000,12647,12648,12647,1
2020-08-24,16:43:06.844000,12646,12648,12646,2
2020-08-24,16:43:15.354000,12646,12647,12646,4
2020-08-24,16:43:15.354000,12646,12647,12646,1
2020-08-24,16:43:18.394000,12645,12646,12645,1
2020-08-24,16:43:19.990000,12645,12646,12645,2
2020-08-24,16:43:23.238000,12644,12646,12646,1
2020-08-24,16:43:24.133000,12644,12646,12644,1
2020-08-24,16:43:25.549000,12644,12645,12644,2
2020-08-24,16:43:30.539000,12644,12645,12645,1
2020-08-24,16:43:32.195000,12644,12645,12645,1
2020-08-24,16:43:32.275000,12644,12645,12645,1
2020-08-24,16:43:32.613000,12645,12646,12645,1
2020-08-24,16:43:34.779000,12645,12646,12645,3
2020-08-24,16:43:34.904000,12644,12646,12644,1
2020-08-24,16:43:35.210000,12644,12646,12644,1
2020-08-24,16:43:38.465000,12644,12646,12644,1
2020-08-24,16:43:42.821000,12644,12645,12644,1
2020-08-24,16:43:42.951000,12644,12645,12644,1
2020-08-24,16:43:47.309000,12644,12645,12644,8
2020-08-24,16:43:47.310000,12644,12645,12644,2
2020-08-24,16:43:47.804000,12643,12644,12644,1
2020-08-24,16:43:51.977000,12643,12644,12643,2
2020-08-24,16:43:51.977000,12643,12644,12643,1
2020-08-24,16:43:52.459000,12642,12643,12643,1
2020-08-24,16:43:52.459000,12642,12643,12644,1
2020-08-24,16:44:00.959000,12642,12644,12644,1
2020-08-24,16:44:02.435000,12643,12644,12644,2
2020-08-24,16:44:02.887000,12643,12645,12645,1
2020-08-24,16:44:12.550000,12643,12645,12645,1
2020-08-24,16:44:13.865000,12643,12645,12644,6
2020-08-24,16:44:13.865000,12643,12645,12643,9
2020-08-24,16:44:15.793000,12643,12645,12645,1
2020-08-24,16:44:19.665000,12643,12644,12644,1
2020-08-24,16:44:25.565000,12643,12644,12644,1
2020-08-24,16:44:28.816000,12643,12644,12644,1
2020-08-24,16:44:30.875000,12643,12644,12644,1
2020-08-24,16:44:33.245000,12643,12645,12645,1
2020-08-24,16:44:40.790000,12643,12644,12644,3
2020-08-24,16:44:50.563000,12644,12645,12645,4
2020-08-24,16:44:50.696000,12645,12646,12646,6
2020-08-24,16:44:50.697000,12645,12646,12646,3
2020-08-24,16:44:53.775000,12646,12647,12646,1
2020-08-24,16:44:53.830000,12646,12647,12646,1
2020-08-24,16:44:58.475000,12645,12646,12645,1
2020-08-24,16:45:03.765000,12645,12647,12647,1
2020-08-24,16:45:03.837000,12645,12647,12647,1
2020-08-24,16:45:04.331000,12645,12647,12647,1
2020-08-24,16:45:04.336000,12645,12647,12647,1
2020-08-24,16:45:04.339000,12645,12647,12647,1
2020-08-24,16:45:04.401000,12646,12647,12647,1
2020-08-24,16:45:04.487000,12646,12647,12647,1
2020-08-24,16:45:04.489000,12646,12647,12647,1
2020-08-24,16:45:05.020000,12646,12647,12647,1
2020-08-24,16:45:05.096000,12646,12647,12648,1
2020-08-24,16:45:05.480000,12646,12648,12648,1
2020-08-24,16:45:05.492000,12646,12648,12648,1
2020-08-24,16:45:05.683000,12646,12648,12648,3
2020-08-24,16:45:05.692000,12646,12648,12648,3
2020-08-24,16:45:05.703000,12646,12648,12648,2
2020-08-24,16:45:05.712000,12646,12648,12648,2
2020-08-24,16:45:05.712000,12646,12648,12648,1
2020-08-24,16:45:05.713000,12646,12648,12648,1
2020-08-24,16:45:05.728000,12646,12648,12649,2
2020-08-24,16:45:05.863000,12647,12649,12647,1
2020-08-24,16:45:05.992000,12647,12649,12648,1
2020-08-24,16:45:06.258000,12648,12649,12649,1
2020-08-24,16:45:07.439000,12647,12649,12647,4
2020-08-24,16:45:07.517000,12647,12648,12648,1
2020-08-24,16:45:07.519000,12647,12648,12648,1
2020-08-24,16:45:08.895000,12647,12648,12648,1
2020-08-24,16:45:08.895000,12647,12648,12649,2
2020-08-24,16:45:09.212000,12647,12648,12648,1
2020-08-24,16:45:16.754000,12647,12648,12648,1
2020-08-24,16:45:18.555000,12647,12648,12648,1
2020-08-24,16:45:18.642000,12648,12649,12649,1
2020-08-24,16:45:18.643000,12648,12649,12649,1
2020-08-24,16:45:18.643000,12648,12649,12649,1
2020-08-24,16:45:18.643000,12648,12649,12649,1
2020-08-24,16:45:22.092000,12648,12649,12649,2
2020-08-24,16:45:23.878000,12648,12649,12649,6
2020-08-24,16:45:24.633000,12648,12649,12649,1
2020-08-24,16:45:24.839000,12648,12649,12648,1
2020-08-24,16:45:26.003000,12648,12649,12649,1
2020-08-24,16:45:26.997000,12648,12649,12649,6
2020-08-24,16:45:30.329000,12648,12649,12649,1
2020-08-24,16:45:30.392000,12648,12649,12649,1
2020-08-24,16:45:30.394000,12648,12649,12649,1
2020-08-24,16:45:30.395000,12648,12649,12649,1
2020-08-24,16:45:30.395000,12648,12649,12649,3
2020-08-24,16:45:30.750000,12648,12650,12650,1
2020-08-24,16:45:30.804000,12648,12650,12648,1
2020-08-24,16:45:30.808000,12648,12650,12650,2
2020-08-24,16:45:30.852000,12648,12650,12648,1
2020-08-24,16:45:30.934000,12648,12650,12649,1
2020-08-24,16:45:36.690000,12649,12650,12649,1
2020-08-24,16:45:39.530000,12648,12649,12649,1
2020-08-24,16:45:42.960000,12648,12649,12648,1
2020-08-24,16:45:44.990000,12648,12649,12648,14
2020-08-24,16:45:45.901000,12647,12648,12648,2
2020-08-24,16:45:47.112000,12647,12648,12648,1
2020-08-24,16:45:50.141000,12647,12648,12648,1
2020-08-24,16:45:54.102000,12647,12648,12647,1
2020-08-24,16:45:54.102000,12647,12648,12647,5
2020-08-24,16:45:54.102000,12647,12648,12647,6
2020-08-24,16:45:55.631000,12645,12647,12647,2
2020-08-24,16:46:03.340000,12645,12647,12646,1
2020-08-24,16:46:12.474000,12646,12647,12646,9
2020-08-24,16:46:12.474000,12646,12647,12645,4
2020-08-24,16:46:13.031000,12645,12647,12646,1
2020-08-24,16:46:13.142000,12645,12646,12645,1
2020-08-24,16:46:13.143000,12645,12646,12645,1
2020-08-24,16:46:13.144000,12645,12646,12645,1
2020-08-24,16:46:17.045000,12645,12646,12645,1
2020-08-24,16:46:17.810000,12645,12646,12645,2
2020-08-24,16:46:21.278000,12645,12646,12645,1
2020-08-24,16:46:21.393000,12644,12646,12644,1
2020-08-24,16:46:21.393000,12644,12646,12644,1
2020-08-24,16:46:21.393000,12644,12646,12644,1
2020-08-24,16:46:21.394000,12644,12646,12644,1
2020-08-24,16:46:32.769000,12645,12646,12645,1
2020-08-24,16:46:38.782000,12644,12645,12645,1
2020-08-24,16:46:38.895000,12644,12645,12644,1
2020-08-24,16:46:44.282000,12644,12645,12644,1
2020-08-24,16:46:44.393000,12643,12645,12643,1
2020-08-24,16:46:44.539000,12643,12645,12643,1
2020-08-24,16:46:48.615000,12643,12644,12644,1
2020-08-24,16:46:53.238000,12643,12645,12643,1
2020-08-24,16:46:53.843000,12644,12645,12644,1
2020-08-24,16:46:54.748000,12644,12645,12644,1
2020-08-24,16:46:55.448000,12643,12645,12644,1
2020-08-24,16:46:55.808000,12644,12645,12644,1
2020-08-24,16:46:58.027000,12644,12645,12644,1
2020-08-24,16:47:00.320000,12644,12645,12645,4
2020-08-24,16:47:12.763000,12645,12646,12646,1
2020-08-24,16:47:15.450000,12645,12647,12645,1
2020-08-24,16:47:21.357000,12645,12646,12645,1
2020-08-24,16:47:35.304000,12645,12646,12646,6
2020-08-24,16:47:46.789000,12647,12648,12647,1
2020-08-24,16:47:54.498000,12646,12647,12647,1
2020-08-24,16:48:01.024000,12647,12648,12647,1
2020-08-24,16:48:01.545000,12647,12648,12648,1
2020-08-24,16:48:01.597000,12647,12648,12648,1
2020-08-24,16:48:01.598000,12647,12648,12648,1
2020-08-24,16:48:01.598000,12647,12648,12648,4
2020-08-24,16:48:01.792000,12647,12648,12648,1
2020-08-24,16:48:01.792000,12647,12648,12648,1
2020-08-24,16:48:01.792000,12647,12648,12648,1
2020-08-24,16:48:01.957000,12647,12649,12649,1
2020-08-24,16:48:02.242000,12647,12649,12649,2
2020-08-24,16:48:02.449000,12647,12649,12649,1
2020-08-24,16:48:02.454000,12647,12649,12649,1
2020-08-24,16:48:02.535000,12648,12649,12649,1
2020-08-24,16:48:03.393000,12648,12649,12648,1
2020-08-24,16:48:09.275000,12648,12649,12648,2
2020-08-24,16:48:11,12648,12649,12649,1
2020-08-24,16:48:11.972000,12648,12649,12649,1
2020-08-24,16:48:12.498000,12648,12649,12649,1
2020-08-24,16:48:14.998000,12648,12649,12649,1
2020-08-24,16:48:18.372000,12648,12649,12649,3
2020-08-24,16:48:18.372000,12648,12649,12649,1
2020-08-24,16:48:22.711000,12648,12649,12649,4
2020-08-24,16:48:23.891000,12648,12649,12649,1
