2021-03-31 15:00:00.056,16412,16417,16413,79,-79
2021-03-31 15:00:00.253,16413,16414,16414,1,1
2021-03-31 15:00:00.253,16413,16414,16416,1,1
2021-03-31 15:00:00.253,16413,16414,16417,3,3
2021-03-31 15:00:00.938,16415,16417,16415,2,-2
2021-03-31 15:00:01.318,16415,16417,16417,1,1
2021-03-31 15:00:02.472,16415,16417,16417,1,1
2021-03-31 15:00:02.589,16415,16418,16418,1,1
2021-03-31 15:00:03.494,16416,16418,16418,1,1
2021-03-31 15:00:03.669,16416,16417,16417,1,1
2021-03-31 15:00:03.708,16416,16417,16416,1,-1
2021-03-31 15:00:03.810,16416,16418,16417,1,1
2021-03-31 15:00:05.897,16417,16418,16418,1,1
2021-03-31 15:00:05.908,16417,16418,16417,1,-1
2021-03-31 15:00:06.129,16417,16418,16417,1,-1
2021-03-31 15:00:06.228,16417,16418,16418,1,1
2021-03-31 15:00:06.399,16416,16418,16418,1,1
2021-03-31 15:00:06.559,16416,16418,16418,1,1
2021-03-31 15:00:08.505,16417,16418,16418,2,2
2021-03-31 15:00:09.916,16418,16419,16419,1,1
2021-03-31 15:00:10.764,16418,16419,16419,8,8
2021-03-31 15:00:10.894,16419,16420,16420,1,1
2021-03-31 15:00:10.903,16419,16420,16419,1,-1
2021-03-31 15:00:11.324,16419,16420,16419,1,-1
2021-03-31 15:00:11.631,16419,16420,16420,1,1
2021-03-31 15:00:11.813,16419,16420,16420,1,1
2021-03-31 15:00:12.001,16419,16420,16419,4,-4
2021-03-31 15:00:12.090,16419,16420,16420,1,1
2021-03-31 15:00:13.189,16418,16420,16418,1,-1
2021-03-31 15:00:13.321,16418,16420,16420,6,6
2021-03-31 15:00:14.185,16419,16421,16419,4,-4
2021-03-31 15:00:16.757,16420,16421,16420,1,1
2021-03-31 15:00:17.862,16420,16421,16421,1,1
2021-03-31 15:00:18.107,16420,16421,16420,1,-1
2021-03-31 15:00:18.386,16420,16421,16420,1,-1
2021-03-31 15:00:19.069,16420,16421,16421,1,1
2021-03-31 15:00:19.111,16420,16421,16421,3,3
2021-03-31 15:00:19.111,16420,16421,16421,4,4
2021-03-31 15:00:21.155,16421,16422,16421,3,-3
2021-03-31 15:00:21.155,16421,16422,16420,3,-3
2021-03-31 15:00:21.490,16420,16422,16421,1,1
2021-03-31 15:00:22.081,16421,16422,16421,1,-1
2021-03-31 15:00:22.343,16420,16421,16421,2,2
2021-03-31 15:00:22.367,16420,16421,16421,1,1
2021-03-31 15:00:23.561,16421,16422,16422,1,1
2021-03-31 15:00:23.753,16421,16422,16422,1,1
2021-03-31 15:00:25.006,16421,16422,16422,1,1
2021-03-31 15:00:25.594,16421,16422,16422,1,1
2021-03-31 15:00:25.942,16421,16422,16421,1,-1
2021-03-31 15:00:28.212,16421,16422,16421,2,-2
2021-03-31 15:00:31.480,16420,16421,16421,1,1
2021-03-31 15:00:32.250,16420,16421,16421,1,1
2021-03-31 15:00:33.133,16420,16421,16421,1,1
2021-03-31 15:00:33.816,16421,16422,16421,1,-1
2021-03-31 15:00:33.816,16421,16422,16420,2,-2
2021-03-31 15:00:34.103,16421,16422,16421,1,1
2021-03-31 15:00:34.395,16421,16422,16421,1,-1
2021-03-31 15:00:35.105,16421,16422,16421,1,-1
2021-03-31 15:00:35.184,16420,16422,16422,1,1
2021-03-31 15:00:37.357,16420,16421,16421,1,1
2021-03-31 15:00:38.459,16420,16421,16421,1,1
2021-03-31 15:00:39.619,16420,16421,16420,1,-1
2021-03-31 15:00:41.583,16420,16421,16421,5,5
2021-03-31 15:00:42.540,16420,16421,16421,1,1
2021-03-31 15:00:42.540,16420,16421,16421,1,1
2021-03-31 15:00:44.063,16420,16422,16420,1,-1
2021-03-31 15:00:45.920,16421,16422,16421,2,2
2021-03-31 15:00:46.268,16421,16422,16421,1,-1
2021-03-31 15:00:46.276,16421,16422,16422,5,5
2021-03-31 15:00:46.990,16421,16422,16421,1,-1
2021-03-31 15:00:47.038,16421,16422,16421,1,-1
2021-03-31 15:00:47.038,16421,16422,16421,1,-1
2021-03-31 15:00:49.852,16420,16421,16421,1,1
2021-03-31 15:00:50.146,16420,16422,16420,3,-3
2021-03-31 15:00:51.370,16420,16421,16420,10,-10
2021-03-31 15:00:51.693,16419,16420,16420,1,1
2021-03-31 15:00:53.502,16419,16420,16420,2,2
2021-03-31 15:00:55.233,16419,16420,16420,1,1
2021-03-31 15:00:58.281,16419,16420,16420,1,1
2021-03-31 15:00:58.290,16419,16420,16420,1,1
2021-03-31 15:00:58.506,16419,16420,16420,1,1
2021-03-31 15:00:59.527,16420,16421,16420,4,-4
2021-03-31 15:00:59.868,16419,16420,16420,7,7
2021-03-31 15:00:59.869,16419,16420,16420,1,1
2021-03-31 15:00:59.869,16419,16420,16420,1,1
2021-03-31 15:01:00.022,16420,16421,16420,1,-1
2021-03-31 15:01:00.047,16420,16421,16420,4,-4
2021-03-31 15:01:00.061,16420,16421,16420,1,-1
2021-03-31 15:01:00.142,16420,16421,16420,1,-1
2021-03-31 15:01:00.442,16420,16421,16420,1,-1
2021-03-31 15:01:00.442,16420,16421,16419,1,-1
2021-03-31 15:01:05.580,16420,16421,16420,2,2
2021-03-31 15:01:05.651,16420,16421,16420,1,-1
2021-03-31 15:01:08.583,16420,16421,16421,1,1
2021-03-31 15:01:12.856,16420,16421,16421,1,1
2021-03-31 15:01:13.198,16420,16421,16421,1,1
2021-03-31 15:01:13.616,16420,16421,16420,1,-1
2021-03-31 15:01:13.616,16420,16421,16420,1,-1
2021-03-31 15:01:13.616,16420,16421,16420,1,-1
2021-03-31 15:01:13.616,16420,16421,16420,1,-1
2021-03-31 15:01:14.459,16419,16420,16419,1,-1
2021-03-31 15:01:14.459,16419,16420,16419,7,-7
2021-03-31 15:01:14.864,16419,16420,16420,1,1
2021-03-31 15:01:16.588,16419,16420,16420,1,1
2021-03-31 15:01:17.110,16419,16420,16419,1,-1
2021-03-31 15:01:17.132,16419,16420,16420,1,1
2021-03-31 15:01:17.140,16419,16420,16420,1,1
2021-03-31 15:01:21.271,16419,16420,16419,1,-1
2021-03-31 15:01:22.123,16419,16420,16420,2,2
2021-03-31 15:01:22.160,16419,16420,16420,1,1
2021-03-31 15:01:23.457,16419,16420,16420,1,1
2021-03-31 15:01:24.452,16419,16420,16420,1,1
2021-03-31 15:01:24.819,16419,16420,16420,1,1
2021-03-31 15:01:25.108,16419,16420,16420,1,1
2021-03-31 15:01:25.510,16419,16420,16419,5,-5
2021-03-31 15:01:25.937,16418,16419,16419,1,1
2021-03-31 15:01:28.059,16418,16419,16419,1,1
2021-03-31 15:01:29.053,16418,16419,16419,1,1
2021-03-31 15:01:29.054,16418,16419,16419,4,4
2021-03-31 15:01:31.346,16419,16420,16420,1,1
2021-03-31 15:01:32.656,16419,16420,16420,1,1
2021-03-31 15:01:33.528,16419,16420,16420,1,1
2021-03-31 15:01:34.135,16419,16420,16420,1,1
2021-03-31 15:01:35.357,16420,16421,16420,1,-1
2021-03-31 15:01:35.948,16420,16421,16420,1,-1
2021-03-31 15:01:35.948,16420,16421,16419,5,-5
2021-03-31 15:01:36.898,16419,16421,16420,1,1
2021-03-31 15:01:39.501,16420,16421,16420,1,-1
2021-03-31 15:01:39.501,16420,16421,16419,1,-1
2021-03-31 15:01:41.838,16419,16421,16419,1,-1
2021-03-31 15:01:42.615,16419,16420,16420,1,1
2021-03-31 15:01:44.406,16420,16421,16420,2,-2
2021-03-31 15:01:50.711,16420,16421,16420,1,-1
2021-03-31 15:01:51.538,16420,16421,16420,1,-1
2021-03-31 15:01:53.594,16420,16421,16421,1,1
2021-03-31 15:01:58.228,16420,16421,16420,1,-1
2021-03-31 15:01:59.977,16420,16421,16421,1,1
2021-03-31 15:02:14.874,16420,16421,16421,7,7
2021-03-31 15:02:16.130,16421,16422,16422,7,7
2021-03-31 15:02:19.093,16422,16423,16423,1,1
2021-03-31 15:02:21.812,16422,16423,16423,2,2
2021-03-31 15:02:22.055,16422,16423,16423,2,2
2021-03-31 15:02:22.477,16423,16424,16424,1,1
2021-03-31 15:02:22.515,16423,16424,16424,1,1
2021-03-31 15:02:22.904,16423,16424,16423,1,-1
2021-03-31 15:02:26.091,16423,16424,16423,1,-1
2021-03-31 15:02:27.812,16423,16424,16424,3,3
2021-03-31 15:02:31.239,16423,16424,16424,2,2
2021-03-31 15:02:33.546,16424,16425,16424,1,-1
2021-03-31 15:02:33.558,16424,16425,16423,1,-1
2021-03-31 15:02:35.050,16422,16424,16424,1,1
2021-03-31 15:02:35.051,16422,16424,16424,1,1
2021-03-31 15:02:38.612,16423,16424,16424,1,1
2021-03-31 15:02:38.761,16423,16425,16423,1,-1
2021-03-31 15:02:41.595,16423,16424,16424,1,1
2021-03-31 15:02:42.455,16423,16424,16424,1,1
2021-03-31 15:02:43.056,16423,16424,16424,1,1
2021-03-31 15:02:46.926,16423,16424,16424,2,2
2021-03-31 15:02:48.940,16424,16425,16424,1,-1
2021-03-31 15:02:56.609,16423,16424,16424,1,1
2021-03-31 15:02:59.513,16423,16425,16425,2,2
2021-03-31 15:03:03.749,16424,16425,16424,1,-1
2021-03-31 15:03:06.845,16424,16425,16424,1,-1
2021-03-31 15:03:06.879,16424,16425,16424,1,-1
2021-03-31 15:03:07.893,16424,16425,16424,1,-1
2021-03-31 15:03:07.893,16424,16425,16424,1,-1
2021-03-31 15:03:15.415,16424,16425,16424,1,-1
2021-03-31 15:03:21.884,16423,16424,16423,1,-1
2021-03-31 15:03:25.969,16423,16424,16423,1,-1
2021-03-31 15:03:35.152,16423,16424,16424,1,1
2021-03-31 15:03:46.521,16423,16424,16423,1,-1
2021-03-31 15:03:53.367,16423,16424,16423,1,-1
2021-03-31 15:03:53.379,16423,16424,16423,1,-1
2021-03-31 15:03:55.169,16423,16424,16423,1,-1
2021-03-31 15:03:55.523,16423,16424,16423,4,-4
2021-03-31 15:03:55.826,16423,16424,16423,1,-1
2021-03-31 15:04:00.061,16423,16424,16423,1,-1
2021-03-31 15:04:11.747,16422,16423,16422,4,-4
2021-03-31 15:04:12.420,16421,16422,16422,1,1
2021-03-31 15:04:13.042,16422,16423,16423,2,2
2021-03-31 15:04:13.043,16422,16423,16423,1,1
2021-03-31 15:04:13.504,16422,16424,16422,1,-1
2021-03-31 15:04:18.582,16422,16423,16422,4,-4
2021-03-31 15:04:25.471,16421,16422,16422,1,1
2021-03-31 15:04:28.280,16422,16423,16422,1,-1
2021-03-31 15:04:38.558,16421,16422,16421,1,-1
2021-03-31 15:04:40.137,16421,16422,16422,3,3
2021-03-31 15:04:40.254,16422,16423,16422,1,-1
2021-03-31 15:04:40.255,16422,16423,16423,1,1
2021-03-31 15:04:42.380,16421,16423,16423,1,1
2021-03-31 15:04:53.159,16422,16423,16422,1,-1
2021-03-31 15:04:54.720,16422,16423,16423,2,2
2021-03-31 15:05:05.420,16422,16423,16423,1,1
2021-03-31 15:05:17.031,16422,16423,16423,1,1
2021-03-31 15:05:17.031,16422,16423,16423,1,1
2021-03-31 15:05:17.421,16422,16424,16422,1,-1
2021-03-31 15:05:18.115,16422,16424,16422,1,-1
2021-03-31 15:05:18.130,16422,16424,16422,1,-1
2021-03-31 15:05:19.850,16422,16423,16423,1,1
2021-03-31 15:05:20.504,16423,16424,16423,1,-1
2021-03-31 15:05:21.049,16423,16424,16424,22,22
2021-03-31 15:05:21.892,16424,16425,16425,1,1
2021-03-31 15:05:22.606,16424,16425,16425,1,1
2021-03-31 15:05:22.727,16424,16425,16425,1,1
2021-03-31 15:05:22.728,16424,16425,16425,2,2
2021-03-31 15:05:24.626,16425,16426,16425,1,-1
2021-03-31 15:05:25.944,16425,16426,16426,1,1
2021-03-31 15:05:26.210,16425,16426,16426,1,1
2021-03-31 15:05:26.839,16425,16426,16426,1,1
2021-03-31 15:05:27.027,16425,16426,16426,1,1
2021-03-31 15:05:27.131,16425,16426,16425,1,-1
2021-03-31 15:05:27.131,16425,16426,16425,1,-1
2021-03-31 15:05:27.131,16425,16426,16425,1,-1
2021-03-31 15:05:32.476,16425,16426,16426,1,1
2021-03-31 15:05:32.701,16425,16426,16426,1,1
2021-03-31 15:05:32.701,16425,16426,16426,1,1
2021-03-31 15:05:35.618,16425,16426,16426,1,1
2021-03-31 15:05:35.618,16425,16426,16426,1,1
2021-03-31 15:05:35.912,16425,16426,16426,1,1
2021-03-31 15:05:35.912,16425,16426,16426,1,1
2021-03-31 15:05:36.381,16425,16426,16426,1,1
2021-03-31 15:05:36.381,16425,16426,16426,1,1
2021-03-31 15:05:37.126,16425,16427,16426,1,-1
2021-03-31 15:05:38.114,16425,16426,16426,1,1
2021-03-31 15:05:39.791,16425,16426,16425,1,-1
2021-03-31 15:05:39.791,16425,16426,16425,3,-3
2021-03-31 15:05:48.926,16425,16426,16425,1,-1
2021-03-31 15:05:50.312,16425,16426,16425,1,-1
2021-03-31 15:05:51.074,16424,16426,16426,1,1
2021-03-31 15:05:55.288,16424,16425,16425,1,1
2021-03-31 15:05:55.288,16424,16425,16426,1,1
2021-03-31 15:05:55.791,16425,16426,16425,1,-1
2021-03-31 15:05:57.634,16424,16426,16426,4,4
2021-03-31 15:06:00.464,16426,16427,16427,13,13
2021-03-31 15:06:00.464,16426,16427,16428,2,2
2021-03-31 15:06:00.878,16426,16428,16428,6,6
2021-03-31 15:06:01.048,16426,16428,16427,1,-1
2021-03-31 15:06:03.364,16427,16428,16428,1,1
2021-03-31 15:06:05.135,16427,16428,16428,1,1
2021-03-31 15:06:05.308,16427,16428,16428,2,2
2021-03-31 15:06:07.409,16427,16428,16427,1,-1
2021-03-31 15:06:07.409,16427,16428,16427,1,-1
2021-03-31 15:06:07.409,16427,16428,16427,1,-1
2021-03-31 15:06:07.411,16427,16428,16427,3,-3
2021-03-31 15:06:08.885,16426,16427,16427,2,2
2021-03-31 15:06:10.400,16426,16427,16427,8,8
2021-03-31 15:06:10.400,16426,16427,16428,2,2
2021-03-31 15:06:10.633,16426,16427,16427,2,2
2021-03-31 15:06:11.230,16426,16427,16427,1,1
2021-03-31 15:06:12.308,16426,16427,16427,1,1
2021-03-31 15:06:15.656,16426,16427,16427,2,2
2021-03-31 15:06:18.530,16426,16427,16426,3,-3
2021-03-31 15:06:23.570,16425,16426,16425,1,-1
2021-03-31 15:06:26.017,16425,16426,16426,1,1
2021-03-31 15:06:28.548,16425,16426,16425,1,-1
2021-03-31 15:06:39.024,16424,16425,16425,1,1
2021-03-31 15:06:39.815,16425,16426,16425,1,-1
2021-03-31 15:06:40.375,16424,16425,16425,1,1
2021-03-31 15:06:43.055,16424,16425,16425,1,1
2021-03-31 15:06:47.252,16425,16426,16425,1,-1
2021-03-31 15:06:53.707,16425,16426,16425,1,-1
2021-03-31 15:06:59.794,16425,16426,16425,1,-1
2021-03-31 15:07:00.151,16424,16426,16424,5,-5
2021-03-31 15:07:10.209,16425,16426,16426,1,1
2021-03-31 15:07:10.209,16425,16426,16426,5,5
2021-03-31 15:07:10.209,16425,16426,16426,1,1
2021-03-31 15:07:10.209,16425,16426,16426,1,1
2021-03-31 15:07:10.209,16425,16426,16426,1,1
2021-03-31 15:07:10.209,16425,16426,16426,2,2
2021-03-31 15:07:10.768,16425,16427,16427,1,1
2021-03-31 15:07:10.778,16425,16427,16427,1,1
2021-03-31 15:07:11.172,16426,16428,16428,2,2
2021-03-31 15:07:12.360,16426,16428,16428,1,1
2021-03-31 15:07:12.442,16427,16428,16428,1,1
2021-03-31 15:07:12.442,16427,16428,16428,1,1
2021-03-31 15:07:15.442,16427,16428,16427,1,-1
2021-03-31 15:07:19.045,16427,16428,16428,1,1
2021-03-31 15:07:19.418,16427,16428,16427,1,-1
2021-03-31 15:07:19.484,16427,16428,16428,1,1
2021-03-31 15:07:22.829,16427,16428,16428,1,1
2021-03-31 15:07:22.829,16427,16428,16428,1,1
2021-03-31 15:07:30.965,16427,16428,16427,1,-1
2021-03-31 15:07:31.057,16427,16428,16428,1,1
2021-03-31 15:07:31.057,16427,16428,16428,1,1
2021-03-31 15:07:33.777,16427,16428,16427,1,-1
2021-03-31 15:07:36.128,16427,16428,16427,1,-1
2021-03-31 15:07:36.392,16427,16428,16428,5,5
2021-03-31 15:07:40.663,16427,16428,16427,1,-1
2021-03-31 15:07:41.674,16427,16428,16427,1,-1
2021-03-31 15:07:44.501,16427,16428,16427,1,-1
2021-03-31 15:07:44.501,16427,16428,16427,1,-1
2021-03-31 15:07:53.557,16426,16428,16427,1,-1
2021-03-31 15:07:53.695,16426,16427,16427,1,1
2021-03-31 15:07:53.695,16426,16427,16428,2,2
2021-03-31 15:07:59.155,16426,16428,16427,1,-1
2021-03-31 15:08:02.604,16426,16428,16427,1,-1
2021-03-31 15:08:03.051,16426,16428,16428,1,1
2021-03-31 15:08:03.966,16426,16428,16428,8,8
2021-03-31 15:08:08.056,16426,16428,16428,20,20
2021-03-31 15:08:08.057,16426,16428,16428,1,1
2021-03-31 15:08:08.057,16426,16428,16428,1,1
2021-03-31 15:08:23.957,16427,16428,16428,1,1
2021-03-31 15:08:23.957,16427,16428,16428,1,1
2021-03-31 15:08:35.118,16427,16428,16428,3,3
2021-03-31 15:08:35.358,16427,16428,16428,1,1
2021-03-31 15:08:36.191,16427,16428,16428,4,4
2021-03-31 15:08:39.861,16427,16428,16428,1,1
2021-03-31 15:08:47.314,16427,16428,16428,5,5
2021-03-31 15:08:47.315,16427,16428,16428,1,1
2021-03-31 15:09:03.053,16427,16428,16428,1,1
2021-03-31 15:09:03.061,16427,16428,16428,1,1
2021-03-31 15:09:03.062,16427,16428,16428,3,3
2021-03-31 15:09:03.062,16427,16428,16428,1,1
2021-03-31 15:09:03.134,16428,16429,16429,1,1
2021-03-31 15:09:05.515,16428,16429,16428,1,-1
2021-03-31 15:09:05.630,16428,16429,16429,1,1
2021-03-31 15:09:05.631,16428,16429,16429,1,1
2021-03-31 15:09:05.726,16428,16429,16429,23,23
2021-03-31 15:09:05.726,16428,16429,16429,1,1
2021-03-31 15:09:05.726,16428,16429,16429,1,1
2021-03-31 15:09:05.727,16428,16429,16429,1,1
2021-03-31 15:09:05.727,16428,16429,16429,20,20
2021-03-31 15:09:05.727,16428,16429,16429,1,1
2021-03-31 15:09:05.727,16428,16429,16429,1,1
2021-03-31 15:09:05.727,16428,16429,16429,2,2
2021-03-31 15:09:05.727,16428,16429,16429,1,1
2021-03-31 15:09:05.728,16428,16429,16429,1,1
2021-03-31 15:09:05.733,16428,16429,16429,6,6
2021-03-31 15:09:05.734,16428,16429,16429,1,1
2021-03-31 15:09:05.777,16428,16429,16429,22,22
2021-03-31 15:09:05.792,16428,16429,16430,1,1
2021-03-31 15:09:05.842,16428,16429,16430,2,2
2021-03-31 15:09:06.041,16429,16430,16430,1,1
2021-03-31 15:09:06.134,16429,16430,16430,1,1
2021-03-31 15:09:09.230,16429,16430,16430,1,1
2021-03-31 15:09:09.255,16429,16430,16430,1,1
2021-03-31 15:09:09.256,16429,16430,16430,1,1
2021-03-31 15:09:11.039,16429,16430,16430,1,1
2021-03-31 15:09:11.039,16429,16430,16430,1,1
2021-03-31 15:09:11.270,16429,16430,16430,1,1
2021-03-31 15:09:11.270,16429,16430,16430,1,1
2021-03-31 15:09:13.369,16429,16430,16430,2,2
2021-03-31 15:09:13.370,16429,16430,16430,1,1
2021-03-31 15:09:13.371,16429,16430,16430,1,1
2021-03-31 15:09:13.677,16429,16430,16429,3,-3
2021-03-31 15:09:14.556,16429,16430,16430,2,2
2021-03-31 15:09:15.624,16429,16430,16431,1,1
2021-03-31 15:09:16.409,16428,16431,16429,1,-1
2021-03-31 15:09:17.052,16429,16431,16430,1,1
2021-03-31 15:09:17.130,16429,16431,16431,1,1
2021-03-31 15:09:17.131,16429,16431,16431,1,1
2021-03-31 15:09:17.131,16429,16431,16431,1,1
2021-03-31 15:09:18.754,16429,16431,16431,2,2
2021-03-31 15:09:19.363,16430,16431,16431,1,1
2021-03-31 15:09:19.408,16429,16431,16431,1,1
2021-03-31 15:09:19.416,16429,16431,16430,1,-1
2021-03-31 15:09:21.087,16429,16430,16430,4,4
2021-03-31 15:09:21.087,16429,16430,16431,3,3
2021-03-31 15:09:21.301,16430,16431,16430,1,-1
2021-03-31 15:09:26.979,16429,16431,16431,1,1
2021-03-31 15:09:27.477,16430,16431,16430,1,-1
2021-03-31 15:09:27.506,16429,16431,16431,1,1
2021-03-31 15:09:42.022,16430,16431,16431,5,5
2021-03-31 15:09:42.022,16430,16431,16431,1,1
2021-03-31 15:09:44.944,16431,16432,16431,1,-1
2021-03-31 15:09:45.005,16430,16431,16431,1,1
2021-03-31 15:09:45.006,16430,16431,16432,1,1
2021-03-31 15:09:51.873,16430,16431,16431,1,1
2021-03-31 15:09:51.873,16430,16431,16431,1,1
2021-03-31 15:09:52.008,16430,16431,16431,1,1
2021-03-31 15:09:52.960,16431,16432,16431,1,-1
2021-03-31 15:09:54.711,16431,16432,16432,5,5
2021-03-31 15:09:55.864,16431,16432,16432,1,1
2021-03-31 15:09:55.865,16431,16432,16432,1,1
2021-03-31 15:10:01.130,16431,16432,16432,1,1
2021-03-31 15:10:01.131,16431,16432,16432,1,1
2021-03-31 15:10:01.554,16431,16432,16432,1,1
2021-03-31 15:10:01.555,16431,16432,16432,1,1
2021-03-31 15:10:04.112,16431,16432,16432,3,3
2021-03-31 15:10:04.113,16431,16432,16432,1,1
2021-03-31 15:10:06.439,16431,16432,16432,1,1
2021-03-31 15:10:06.439,16431,16432,16432,1,1
2021-03-31 15:10:06.439,16431,16432,16432,1,1
2021-03-31 15:10:08.684,16431,16432,16432,1,1
2021-03-31 15:10:08.685,16431,16432,16432,1,1
2021-03-31 15:10:08.756,16431,16433,16433,1,1
2021-03-31 15:10:08.893,16431,16433,16433,1,1
2021-03-31 15:10:09.222,16431,16432,16432,1,1
2021-03-31 15:10:10.737,16431,16432,16432,1,1
2021-03-31 15:10:12.612,16431,16432,16432,1,1
2021-03-31 15:10:12.612,16431,16432,16433,4,4
2021-03-31 15:10:16.134,16431,16432,16432,1,1
2021-03-31 15:10:16.134,16431,16432,16432,1,1
2021-03-31 15:10:16.939,16432,16433,16433,1,1
2021-03-31 15:10:20.228,16432,16433,16432,2,-2
2021-03-31 15:10:24.063,16431,16432,16432,2,2
2021-03-31 15:10:25.029,16431,16432,16431,4,-4
2021-03-31 15:10:25.804,16430,16432,16432,1,1
2021-03-31 15:10:35.267,16430,16431,16431,1,1
2021-03-31 15:10:35.801,16431,16432,16431,1,-1
2021-03-31 15:10:36.688,16430,16432,16432,1,1
2021-03-31 15:10:48.489,16431,16432,16431,1,-1
2021-03-31 15:10:54.248,16431,16432,16432,1,1
2021-03-31 15:11:01.268,16431,16432,16431,1,-1
2021-03-31 15:11:01.391,16431,16432,16431,1,-1
2021-03-31 15:11:01.392,16431,16432,16431,2,-2
2021-03-31 15:11:05.014,16430,16432,16431,1,-1
2021-03-31 15:11:13.733,16431,16432,16431,1,-1
2021-03-31 15:11:14.663,16430,16431,16431,1,1
2021-03-31 15:11:14.942,16431,16432,16431,1,-1
2021-03-31 15:11:21.519,16430,16432,16432,2,2
2021-03-31 15:11:23.250,16431,16432,16431,1,-1
2021-03-31 15:11:29.479,16431,16432,16431,1,-1
2021-03-31 15:11:33.641,16431,16432,16431,1,-1
2021-03-31 15:11:42.988,16431,16432,16431,2,-2
2021-03-31 15:11:46.753,16430,16431,16431,1,1
2021-03-31 15:11:47.594,16430,16431,16431,1,1
2021-03-31 15:11:54.808,16431,16432,16431,1,-1
2021-03-31 15:12:00.110,16431,16432,16431,1,-1
2021-03-31 15:12:00.381,16431,16432,16432,1,1
2021-03-31 15:12:02.493,16431,16432,16432,3,3
2021-03-31 15:12:04.451,16431,16432,16432,1,1
2021-03-31 15:12:06.232,16431,16432,16432,2,2
2021-03-31 15:12:06.677,16431,16432,16432,2,2
2021-03-31 15:12:07.364,16431,16432,16432,2,2
2021-03-31 15:12:07.365,16431,16432,16432,2,2
2021-03-31 15:12:07.365,16431,16432,16432,2,2
2021-03-31 15:12:07.365,16431,16432,16432,1,1
2021-03-31 15:12:07.365,16431,16432,16432,1,1
2021-03-31 15:12:09.531,16432,16433,16432,3,-3
2021-03-31 15:12:13.416,16431,16432,16432,1,1
2021-03-31 15:12:15.488,16431,16432,16432,1,1
2021-03-31 15:12:15.624,16431,16432,16432,1,1
2021-03-31 15:12:15.659,16431,16432,16432,2,2
2021-03-31 15:12:21.415,16431,16432,16432,1,1
2021-03-31 15:12:24.235,16431,16432,16432,1,1
2021-03-31 15:12:27.836,16431,16432,16432,5,5
2021-03-31 15:12:28.278,16431,16432,16432,1,1
2021-03-31 15:12:32.862,16431,16432,16432,1,1
2021-03-31 15:12:32.954,16431,16432,16431,2,-2
2021-03-31 15:12:32.954,16431,16432,16431,4,-4
2021-03-31 15:12:32.954,16431,16432,16431,2,-2
2021-03-31 15:12:39.444,16430,16432,16430,1,-1
2021-03-31 15:12:41.364,16430,16432,16432,1,1
2021-03-31 15:12:58.885,16431,16432,16432,1,1
2021-03-31 15:13:02.867,16432,16433,16432,1,-1
2021-03-31 15:13:07.546,16432,16433,16433,12,12
2021-03-31 15:13:07.991,16433,16434,16434,1,1
2021-03-31 15:13:08.106,16433,16434,16434,1,1
2021-03-31 15:13:08.185,16433,16434,16434,2,2
2021-03-31 15:13:08.284,16433,16434,16434,1,1
2021-03-31 15:13:08.286,16433,16434,16434,2,2
2021-03-31 15:13:08.329,16433,16434,16434,2,2
2021-03-31 15:13:08.337,16433,16434,16434,1,1
2021-03-31 15:13:08.496,16433,16434,16434,1,1
2021-03-31 15:13:08.595,16433,16434,16434,1,1
2021-03-31 15:13:08.727,16433,16434,16434,2,2
2021-03-31 15:13:08.897,16433,16435,16435,1,1
2021-03-31 15:13:08.971,16433,16435,16435,1,1
2021-03-31 15:13:09.055,16433,16435,16435,1,1
2021-03-31 15:13:09.119,16433,16435,16435,1,1
2021-03-31 15:13:10.144,16433,16435,16435,1,1
2021-03-31 15:13:10.330,16433,16435,16435,1,1
2021-03-31 15:13:11.018,16433,16435,16435,1,1
2021-03-31 15:13:11.095,16433,16435,16435,1,1
2021-03-31 15:13:11.123,16433,16435,16435,1,1
2021-03-31 15:13:12.715,16434,16435,16435,2,2
2021-03-31 15:13:14.618,16434,16435,16434,1,-1
2021-03-31 15:13:16.936,16434,16435,16434,1,-1
2021-03-31 15:13:16.944,16434,16435,16434,1,-1
2021-03-31 15:13:17.108,16433,16435,16435,10,10
2021-03-31 15:13:17.130,16434,16435,16435,1,1
2021-03-31 15:13:17.131,16434,16435,16435,1,1
2021-03-31 15:13:17.131,16434,16435,16435,1,1
2021-03-31 15:13:17.131,16434,16435,16435,1,1
2021-03-31 15:13:17.561,16434,16435,16435,2,2
2021-03-31 15:13:19.431,16434,16435,16435,2,2
2021-03-31 15:13:20.504,16434,16435,16435,1,1
2021-03-31 15:13:20.504,16434,16435,16435,1,1
2021-03-31 15:13:20.823,16434,16436,16435,1,-1
2021-03-31 15:13:22.494,16434,16436,16435,1,-1
2021-03-31 15:13:25.900,16435,16436,16435,1,-1
2021-03-31 15:13:25.900,16435,16436,16435,1,-1
2021-03-31 15:13:27.327,16434,16435,16434,1,-1
2021-03-31 15:13:28.569,16434,16435,16435,3,3
2021-03-31 15:13:32.276,16434,16435,16435,1,1
2021-03-31 15:13:35.632,16434,16435,16434,1,-1
2021-03-31 15:13:42.110,16434,16435,16434,1,-1
2021-03-31 15:13:43.051,16434,16435,16435,1,1
2021-03-31 15:13:45.193,16434,16435,16435,2,2
2021-03-31 15:13:46.676,16434,16435,16435,1,1
2021-03-31 15:13:51.363,16434,16435,16435,1,1
2021-03-31 15:13:51.381,16434,16435,16435,1,1
2021-03-31 15:13:54.140,16434,16435,16435,1,1
2021-03-31 15:13:54.368,16435,16436,16435,1,-1
2021-03-31 15:14:02.661,16435,16436,16436,1,1
2021-03-31 15:14:02.771,16435,16436,16436,4,4
2021-03-31 15:14:03.039,16435,16436,16436,14,14
2021-03-31 15:14:03.039,16435,16436,16436,2,2
2021-03-31 15:14:03.040,16435,16436,16436,1,1
2021-03-31 15:14:07.358,16435,16437,16437,2,2
2021-03-31 15:14:07.545,16436,16437,16437,1,1
2021-03-31 15:14:10.513,16436,16437,16437,1,1
2021-03-31 15:14:12.004,16436,16437,16437,1,1
2021-03-31 15:14:14.472,16436,16437,16437,2,2
2021-03-31 15:14:14.538,16436,16437,16436,1,-1
2021-03-31 15:14:20.301,16436,16437,16437,1,1
2021-03-31 15:14:20.542,16436,16437,16437,1,1
2021-03-31 15:14:32.729,16436,16437,16436,5,-5
2021-03-31 15:14:34.382,16435,16436,16436,4,4
2021-03-31 15:14:34.408,16435,16436,16437,1,1
2021-03-31 15:14:41.929,16435,16436,16436,1,1
2021-03-31 15:14:45.208,16435,16436,16436,1,1
2021-03-31 15:14:48.931,16435,16436,16436,1,1
2021-03-31 15:14:54.804,16435,16436,16435,1,-1
2021-03-31 15:15:01.089,16435,16436,16435,1,-1
2021-03-31 15:15:01.129,16435,16436,16436,1,1
2021-03-31 15:15:01.134,16435,16436,16436,1,1
2021-03-31 15:15:01.134,16435,16436,16436,1,1
2021-03-31 15:15:01.161,16435,16436,16436,1,1
2021-03-31 15:15:01.371,16436,16437,16436,1,-1
2021-03-31 15:15:01.371,16436,16437,16435,5,-5
2021-03-31 15:15:01.373,16436,16437,16435,4,-4
2021-03-31 15:15:01.427,16435,16437,16435,6,-6
2021-03-31 15:15:01.684,16435,16436,16436,3,3
2021-03-31 15:15:02.120,16435,16437,16435,4,-4
2021-03-31 15:15:02.130,16435,16437,16437,1,1
2021-03-31 15:15:02.130,16435,16437,16437,1,1
2021-03-31 15:15:02.131,16435,16437,16437,1,1
2021-03-31 15:15:02.131,16435,16437,16437,1,1
2021-03-31 15:15:02.131,16435,16437,16437,1,1
2021-03-31 15:15:02.131,16435,16437,16437,1,1
2021-03-31 15:15:02.131,16435,16437,16437,1,1
2021-03-31 15:15:02.131,16435,16437,16437,1,1
2021-03-31 15:15:02.132,16435,16437,16437,1,1
2021-03-31 15:15:02.132,16435,16437,16437,1,1
2021-03-31 15:15:02.132,16435,16437,16437,1,1
2021-03-31 15:15:02.132,16435,16437,16437,1,1
2021-03-31 15:15:02.358,16435,16436,16435,1,-1
2021-03-31 15:15:12.718,16436,16437,16436,1,1
2021-03-31 15:15:15.112,16436,16437,16436,6,-6
2021-03-31 15:15:15.130,16435,16436,16436,1,1
2021-03-31 15:15:15.131,16435,16436,16436,1,1
2021-03-31 15:15:15.131,16435,16436,16436,1,1
2021-03-31 15:15:15.131,16435,16436,16436,1,1
2021-03-31 15:15:15.131,16435,16436,16436,1,1
2021-03-31 15:15:15.131,16435,16436,16436,1,1
2021-03-31 15:15:15.501,16435,16436,16437,1,1
2021-03-31 15:15:19.968,16435,16436,16436,1,1
2021-03-31 15:15:20.557,16436,16437,16436,1,-1
2021-03-31 15:15:20.630,16435,16437,16437,1,1
2021-03-31 15:15:20.630,16435,16437,16437,1,1
2021-03-31 15:15:20.631,16435,16437,16437,1,1
2021-03-31 15:15:20.632,16435,16437,16437,1,1
2021-03-31 15:15:20.632,16435,16437,16437,1,1
2021-03-31 15:15:20.632,16435,16437,16437,1,1
2021-03-31 15:15:20.632,16435,16437,16437,1,1
2021-03-31 15:15:20.632,16435,16437,16437,1,1
2021-03-31 15:15:29.216,16435,16436,16436,3,3
2021-03-31 15:15:30.820,16435,16437,16436,1,-1
2021-03-31 15:15:30.880,16436,16437,16437,1,1
2021-03-31 15:15:30.881,16436,16437,16437,1,1
2021-03-31 15:15:30.881,16436,16437,16437,1,1
2021-03-31 15:15:30.881,16436,16437,16437,1,1
2021-03-31 15:15:30.881,16436,16437,16437,1,1
2021-03-31 15:15:30.881,16436,16437,16437,1,1
2021-03-31 15:15:30.881,16436,16437,16437,1,1
2021-03-31 15:15:30.882,16436,16437,16438,1,1
2021-03-31 15:15:30.882,16436,16437,16438,1,1
2021-03-31 15:15:31.272,16436,16438,16436,1,-1
2021-03-31 15:15:34.962,16436,16437,16436,2,-2
2021-03-31 15:15:34.962,16436,16437,16436,1,-1
2021-03-31 15:15:34.962,16436,16437,16436,1,-1
2021-03-31 15:15:34.963,16436,16437,16436,6,-6
2021-03-31 15:15:39.718,16436,16437,16436,12,-12
2021-03-31 15:15:41.481,16435,16436,16436,1,1
2021-03-31 15:15:41.505,16435,16436,16436,1,1
2021-03-31 15:15:41.506,16435,16436,16436,1,1
2021-03-31 15:15:41.506,16435,16436,16437,1,1
2021-03-31 15:15:44.615,16436,16437,16436,1,-1
2021-03-31 15:15:48.100,16436,16437,16437,1,1
2021-03-31 15:15:48.318,16436,16437,16436,1,-1
2021-03-31 15:15:52.429,16436,16437,16437,1,1
2021-03-31 15:15:54.964,16436,16437,16437,1,1
2021-03-31 15:16:06.493,16436,16437,16436,2,-2
2021-03-31 15:16:06.508,16436,16437,16437,1,1
2021-03-31 15:16:06.508,16436,16437,16437,1,1
2021-03-31 15:16:10.849,16436,16437,16436,1,-1
2021-03-31 15:16:10.880,16436,16437,16437,2,2
2021-03-31 15:16:10.881,16436,16437,16437,1,1
2021-03-31 15:16:10.881,16436,16437,16437,1,1
2021-03-31 15:16:10.881,16436,16437,16437,1,1
2021-03-31 15:16:10.881,16436,16437,16437,2,2
2021-03-31 15:16:10.881,16436,16437,16437,1,1
2021-03-31 15:16:10.881,16436,16437,16437,1,1
2021-03-31 15:16:10.881,16436,16437,16437,1,1
2021-03-31 15:16:10.881,16436,16437,16437,1,1
2021-03-31 15:16:10.881,16436,16437,16437,1,1
2021-03-31 15:16:10.881,16436,16437,16437,1,1
2021-03-31 15:16:10.881,16436,16437,16437,1,1
2021-03-31 15:16:10.882,16436,16437,16438,1,1
2021-03-31 15:16:10.882,16436,16437,16438,1,1
2021-03-31 15:16:10.882,16436,16437,16438,1,1
2021-03-31 15:16:10.882,16436,16437,16438,1,1
2021-03-31 15:16:10.882,16436,16437,16438,1,1
2021-03-31 15:16:10.882,16436,16437,16438,1,1
2021-03-31 15:16:10.882,16436,16437,16438,1,1
2021-03-31 15:16:10.882,16436,16437,16438,1,1
2021-03-31 15:16:10.883,16436,16437,16438,1,1
2021-03-31 15:16:10.883,16436,16437,16438,1,1
2021-03-31 15:16:10.883,16436,16437,16438,1,1
2021-03-31 15:16:14.123,16436,16437,16436,1,-1
2021-03-31 15:16:18.469,16436,16437,16436,1,-1
2021-03-31 15:16:20.519,16436,16437,16436,1,-1
2021-03-31 15:16:20.631,16436,16437,16437,2,2
2021-03-31 15:16:20.631,16436,16437,16438,1,1
2021-03-31 15:16:20.631,16436,16437,16438,1,1
2021-03-31 15:16:20.631,16436,16437,16438,1,1
2021-03-31 15:16:20.631,16436,16437,16438,1,1
2021-03-31 15:16:20.631,16436,16437,16438,2,2
2021-03-31 15:16:20.631,16436,16437,16438,1,1
2021-03-31 15:16:20.632,16436,16437,16438,1,1
2021-03-31 15:16:20.632,16436,16437,16438,1,1
2021-03-31 15:16:20.632,16436,16437,16438,1,1
2021-03-31 15:16:20.887,16437,16438,16438,3,3
2021-03-31 15:16:20.934,16437,16438,16437,1,-1
2021-03-31 15:16:28.001,16437,16438,16437,1,-1
2021-03-31 15:16:41.643,16437,16438,16437,1,-1
2021-03-31 15:16:41.643,16437,16438,16437,1,-1
2021-03-31 15:16:41.643,16437,16438,16437,1,-1
2021-03-31 15:16:41.643,16437,16438,16437,1,-1
2021-03-31 15:16:41.643,16437,16438,16437,1,-1
2021-03-31 15:16:41.644,16437,16438,16437,1,-1
2021-03-31 15:16:41.644,16437,16438,16437,3,-3
2021-03-31 15:16:41.756,16436,16437,16437,1,1
2021-03-31 15:16:41.756,16436,16437,16437,1,1
2021-03-31 15:16:41.756,16436,16437,16437,1,1
2021-03-31 15:16:41.756,16436,16437,16437,1,1
2021-03-31 15:16:41.756,16436,16437,16437,1,1
2021-03-31 15:16:41.756,16436,16437,16437,1,1
2021-03-31 15:16:41.757,16436,16437,16437,1,1
2021-03-31 15:16:41.757,16436,16437,16437,1,1
2021-03-31 15:16:41.758,16436,16437,16437,1,1
2021-03-31 15:16:41.758,16436,16437,16437,1,1
2021-03-31 15:16:41.758,16436,16437,16437,1,1
2021-03-31 15:16:41.758,16436,16437,16437,1,1
2021-03-31 15:16:41.758,16436,16437,16437,1,1
2021-03-31 15:16:41.759,16436,16437,16437,1,1
2021-03-31 15:16:41.759,16436,16437,16437,1,1
2021-03-31 15:16:41.759,16436,16437,16437,1,1
2021-03-31 15:16:41.759,16436,16437,16437,1,1
2021-03-31 15:16:41.759,16436,16437,16437,1,1
2021-03-31 15:16:41.759,16436,16437,16437,1,1
2021-03-31 15:16:41.759,16436,16437,16437,1,1
2021-03-31 15:16:48.934,16436,16437,16436,4,-4
2021-03-31 15:16:49.005,16436,16437,16437,1,1
2021-03-31 15:16:49.005,16436,16437,16437,1,1
2021-03-31 15:16:49.006,16436,16437,16437,1,1
2021-03-31 15:16:49.006,16436,16437,16438,1,1
2021-03-31 15:16:49.007,16436,16437,16438,1,1
2021-03-31 15:16:49.130,16436,16438,16438,1,1
2021-03-31 15:16:49.393,16436,16438,16436,1,-1
2021-03-31 15:16:53.195,16436,16437,16436,1,-1
2021-03-31 15:16:57.586,16436,16437,16437,1,1
2021-03-31 15:16:57.586,16436,16437,16438,2,2
2021-03-31 15:16:58.447,16436,16438,16438,3,3
2021-03-31 15:17:02.705,16436,16437,16437,1,1
2021-03-31 15:17:03.785,16436,16437,16437,1,1
2021-03-31 15:17:03.881,16436,16437,16437,1,1
2021-03-31 15:17:06.870,16437,16438,16438,1,1
2021-03-31 15:17:07.480,16437,16438,16438,3,3
2021-03-31 15:17:08.952,16438,16439,16438,1,-1
2021-03-31 15:17:09.590,16438,16439,16439,1,1
2021-03-31 15:17:09.657,16438,16439,16439,1,1
2021-03-31 15:17:09.658,16438,16439,16439,2,2
2021-03-31 15:17:09.780,16438,16439,16439,1,1
2021-03-31 15:17:10.015,16438,16439,16439,1,1
2021-03-31 15:17:10.069,16438,16439,16439,22,22
2021-03-31 15:17:10.485,16439,16440,16440,1,1
2021-03-31 15:17:10.518,16439,16440,16440,1,1
2021-03-31 15:17:10.568,16439,16440,16440,1,1
2021-03-31 15:17:10.622,16439,16440,16440,1,1
2021-03-31 15:17:12.778,16439,16440,16440,5,5
2021-03-31 15:17:13.701,16439,16440,16440,5,5
2021-03-31 15:17:14.698,16439,16440,16440,4,4
2021-03-31 15:17:16.182,16439,16440,16440,1,1
2021-03-31 15:17:22.468,16439,16440,16439,1,-1
2021-03-31 15:17:22.506,16439,16440,16440,1,1
2021-03-31 15:17:22.506,16439,16440,16440,1,1
2021-03-31 15:17:22.506,16439,16440,16440,1,1
2021-03-31 15:17:22.506,16439,16440,16440,1,1
2021-03-31 15:17:22.506,16439,16440,16440,1,1
2021-03-31 15:17:22.506,16439,16440,16441,1,1
2021-03-31 15:17:22.507,16439,16440,16441,1,1
2021-03-31 15:17:22.507,16439,16440,16441,1,1
2021-03-31 15:17:22.507,16439,16440,16441,1,1
2021-03-31 15:17:22.507,16439,16440,16441,1,1
2021-03-31 15:17:23.707,16440,16441,16441,8,8
2021-03-31 15:17:26.900,16441,16442,16441,1,-1
2021-03-31 15:17:27.656,16441,16442,16442,14,14
2021-03-31 15:17:27.756,16441,16442,16442,1,1
2021-03-31 15:17:27.756,16441,16442,16442,1,1
2021-03-31 15:17:27.758,16441,16442,16442,1,1
2021-03-31 15:17:27.759,16441,16442,16442,1,1
2021-03-31 15:17:27.767,16441,16442,16442,1,1
2021-03-31 15:17:27.767,16441,16442,16442,1,1
2021-03-31 15:17:27.767,16441,16442,16442,1,1
2021-03-31 15:17:27.949,16441,16442,16441,1,-1
2021-03-31 15:17:30.302,16441,16442,16442,1,1
2021-03-31 15:17:32.129,16441,16442,16442,1,1
2021-03-31 15:17:33.939,16441,16442,16442,3,3
2021-03-31 15:17:34.011,16441,16443,16443,1,1
2021-03-31 15:17:34.128,16441,16443,16441,1,-1
2021-03-31 15:17:35.014,16442,16443,16442,2,2
2021-03-31 15:17:35.055,16442,16443,16442,1,-1
2021-03-31 15:17:35.223,16442,16443,16443,2,2
2021-03-31 15:17:35.748,16442,16443,16443,3,3
2021-03-31 15:17:36.678,16442,16443,16443,5,5
2021-03-31 15:17:37.097,16442,16443,16443,3,3
2021-03-31 15:17:37.098,16442,16443,16443,2,2
2021-03-31 15:17:37.098,16442,16443,16443,1,1
2021-03-31 15:17:39.806,16442,16444,16444,1,1
2021-03-31 15:17:39.963,16442,16444,16444,1,1
2021-03-31 15:17:40.097,16442,16444,16444,1,1
2021-03-31 15:17:40.202,16442,16444,16444,3,3
2021-03-31 15:17:40.203,16442,16444,16444,1,1
2021-03-31 15:17:40.217,16442,16444,16444,1,1
2021-03-31 15:17:40.219,16442,16444,16444,1,1
2021-03-31 15:17:40.233,16442,16444,16444,1,1
2021-03-31 15:17:40.490,16443,16444,16444,2,2
2021-03-31 15:17:40.583,16443,16444,16444,1,1
2021-03-31 15:17:40.623,16443,16444,16444,1,1
2021-03-31 15:17:40.665,16443,16444,16444,1,1
2021-03-31 15:17:40.694,16443,16444,16445,1,1
2021-03-31 15:17:40.725,16443,16444,16445,1,1
2021-03-31 15:17:40.785,16443,16445,16445,6,6
2021-03-31 15:17:40.838,16443,16445,16445,1,1
2021-03-31 15:17:40.862,16443,16445,16445,1,1
2021-03-31 15:17:40.915,16444,16445,16444,1,-1
2021-03-31 15:17:40.915,16444,16445,16443,1,-1
2021-03-31 15:17:41.356,16442,16444,16444,2,2
2021-03-31 15:17:41.455,16442,16444,16444,1,1
2021-03-31 15:17:41.539,16442,16444,16444,2,2
2021-03-31 15:17:42.916,16443,16444,16444,1,1
2021-03-31 15:17:42.952,16443,16444,16444,2,2
2021-03-31 15:17:43.789,16444,16445,16444,3,-3
2021-03-31 15:17:43.869,16444,16445,16444,1,-1
2021-03-31 15:17:43.969,16443,16444,16444,1,1
2021-03-31 15:17:44.050,16443,16444,16444,1,1
2021-03-31 15:17:44.183,16443,16445,16444,1,-1
2021-03-31 15:17:44.319,16443,16445,16445,1,1
2021-03-31 15:17:44.460,16443,16445,16445,1,1
2021-03-31 15:17:44.637,16443,16445,16445,1,1
2021-03-31 15:17:44.805,16443,16444,16444,1,1
2021-03-31 15:17:44.835,16443,16444,16444,1,1
2021-03-31 15:17:45.060,16443,16445,16445,2,2
2021-03-31 15:17:45.144,16444,16445,16444,2,-2
2021-03-31 15:17:45.846,16443,16444,16444,1,1
2021-03-31 15:17:46.357,16443,16444,16444,1,1
2021-03-31 15:17:48.465,16443,16444,16444,2,2
2021-03-31 15:17:48.746,16443,16444,16444,1,1
2021-03-31 15:17:50.100,16444,16445,16445,2,2
2021-03-31 15:17:50.320,16444,16445,16444,1,-1
2021-03-31 15:17:50.887,16443,16445,16444,1,-1
2021-03-31 15:17:51.743,16443,16444,16444,3,3
2021-03-31 15:17:51.743,16443,16444,16445,3,3
2021-03-31 15:17:53.087,16443,16445,16444,1,-1
2021-03-31 15:17:55.131,16443,16444,16444,1,1
2021-03-31 15:17:55.132,16443,16444,16444,1,1
2021-03-31 15:17:56.281,16443,16444,16443,4,-4
2021-03-31 15:17:56.618,16442,16443,16442,1,-1
2021-03-31 15:17:58.033,16442,16443,16443,1,1
2021-03-31 15:18:01.099,16443,16444,16443,1,-1
2021-03-31 15:18:01.237,16442,16444,16444,3,3
2021-03-31 15:18:01.652,16443,16444,16444,3,3
2021-03-31 15:18:01.907,16443,16444,16444,1,1
2021-03-31 15:18:02.908,16443,16444,16444,3,3
2021-03-31 15:18:04.077,16443,16444,16444,3,3
2021-03-31 15:18:04.078,16443,16444,16443,1,-1
2021-03-31 15:18:07.334,16443,16444,16444,1,1
2021-03-31 15:18:08.031,16443,16444,16443,1,-1
2021-03-31 15:18:09.035,16443,16444,16444,1,1
2021-03-31 15:18:11.439,16443,16444,16444,1,1
2021-03-31 15:18:11.981,16443,16444,16444,3,3
2021-03-31 15:18:12.279,16443,16444,16444,3,3
2021-03-31 15:18:12.958,16443,16444,16443,1,-1
2021-03-31 15:18:13.210,16442,16444,16442,1,-1
2021-03-31 15:18:14.271,16442,16444,16444,1,1
2021-03-31 15:18:15.930,16443,16444,16443,1,-1
2021-03-31 15:18:17.641,16442,16444,16444,5,5
2021-03-31 15:18:17.725,16442,16444,16443,1,-1
2021-03-31 15:18:22.270,16442,16443,16443,3,3
2021-03-31 15:18:23.074,16442,16443,16443,3,3
2021-03-31 15:18:23.405,16442,16443,16442,1,-1
2021-03-31 15:18:25.066,16442,16443,16443,3,3
2021-03-31 15:18:25.416,16442,16443,16443,3,3
2021-03-31 15:18:26.763,16442,16443,16443,2,2
2021-03-31 15:18:26.764,16442,16443,16443,1,1
2021-03-31 15:18:29.650,16443,16444,16443,1,-1
2021-03-31 15:18:29.667,16443,16444,16443,1,-1
2021-03-31 15:18:30.607,16443,16444,16443,1,-1
2021-03-31 15:18:31.278,16442,16443,16443,2,2
2021-03-31 15:18:33.537,16442,16443,16443,1,1
2021-03-31 15:18:33.673,16442,16443,16443,1,1
2021-03-31 15:18:33.673,16442,16443,16444,1,1
2021-03-31 15:18:39.372,16443,16444,16443,2,-2
2021-03-31 15:18:42.278,16442,16443,16442,1,-1
2021-03-31 15:18:42.278,16442,16443,16442,1,-1
2021-03-31 15:18:42.278,16442,16443,16442,1,-1
2021-03-31 15:18:42.278,16442,16443,16442,1,-1
2021-03-31 15:18:42.279,16442,16443,16442,1,-1
2021-03-31 15:18:43.254,16441,16444,16441,5,-5
2021-03-31 15:18:44.972,16441,16442,16442,1,1
2021-03-31 15:18:47.564,16441,16443,16441,1,-1
2021-03-31 15:18:52.095,16441,16442,16441,1,-1
2021-03-31 15:18:52.826,16441,16442,16441,1,-1
2021-03-31 15:18:52.985,16441,16442,16442,1,1
2021-03-31 15:18:52.985,16441,16442,16443,1,1
2021-03-31 15:18:56.865,16441,16443,16441,4,-4
2021-03-31 15:19:08.951,16441,16442,16442,1,1
2021-03-31 15:19:09.227,16442,16443,16443,3,3
2021-03-31 15:19:14.660,16441,16442,16442,1,1
2021-03-31 15:19:17.837,16441,16442,16442,1,1
2021-03-31 15:19:18.213,16441,16442,16441,6,-6
2021-03-31 15:19:18.402,16440,16441,16441,2,2
2021-03-31 15:19:19.052,16441,16442,16442,1,1
2021-03-31 15:19:19.799,16441,16442,16441,1,-1
2021-03-31 15:19:21.167,16441,16442,16441,1,-1
2021-03-31 15:19:24.352,16440,16441,16440,8,-8
2021-03-31 15:19:24.587,16439,16440,16439,8,-8
2021-03-31 15:19:24.587,16439,16440,16438,2,-2
2021-03-31 15:19:24.890,16438,16440,16438,2,-2
2021-03-31 15:19:25.257,16439,16440,16440,1,1
2021-03-31 15:19:25.260,16439,16440,16439,5,-5
2021-03-31 15:19:25.260,16439,16440,16438,8,-8
2021-03-31 15:19:25.261,16439,16440,16438,6,-6
2021-03-31 15:19:25.261,16439,16440,16438,2,-2
2021-03-31 15:19:25.261,16439,16440,16438,9,-9
2021-03-31 15:19:25.261,16439,16440,16438,1,-1
2021-03-31 15:19:25.261,16439,16440,16438,2,-2
2021-03-31 15:19:25.261,16439,16440,16438,3,-3
2021-03-31 15:19:25.261,16439,16440,16438,1,-1
2021-03-31 15:19:25.261,16439,16440,16438,4,-4
2021-03-31 15:19:25.496,16438,16439,16438,3,-3
2021-03-31 15:19:30.223,16438,16440,16438,1,-1
2021-03-31 15:19:32.973,16438,16439,16438,2,-2
2021-03-31 15:19:32.973,16438,16439,16437,1,-1
2021-03-31 15:19:33.007,16437,16439,16439,1,1
2021-03-31 15:19:33.010,16437,16439,16439,1,1
2021-03-31 15:19:33.011,16437,16439,16439,1,1
2021-03-31 15:19:33.012,16437,16439,16439,3,3
2021-03-31 15:19:33.242,16439,16441,16441,2,2
2021-03-31 15:19:33.331,16439,16441,16441,1,1
2021-03-31 15:19:43.254,16440,16441,16440,1,-1
2021-03-31 15:19:51.433,16440,16441,16440,1,-1
2021-03-31 15:19:53.596,16440,16441,16440,1,-1
2021-03-31 15:20:00.881,16439,16441,16439,1,-1
2021-03-31 15:20:01.268,16439,16441,16441,1,1
2021-03-31 15:20:04.792,16439,16441,16439,1,-1
2021-03-31 15:20:04.838,16439,16441,16441,1,1
2021-03-31 15:20:13.212,16439,16440,16440,1,1
2021-03-31 15:20:17.186,16440,16441,16441,1,1
2021-03-31 15:20:18.858,16440,16441,16440,1,-1
2021-03-31 15:20:18.879,16440,16441,16440,1,-1
2021-03-31 15:20:37.414,16439,16440,16440,3,3
2021-03-31 15:20:51.953,16439,16440,16440,1,1
2021-03-31 15:20:57.958,16439,16440,16440,1,1
2021-03-31 15:21:07.331,16439,16440,16440,6,6
2021-03-31 15:21:07.384,16440,16441,16440,1,-1
2021-03-31 15:21:10.855,16440,16441,16440,5,-5
2021-03-31 15:21:10.881,16440,16441,16441,1,1
2021-03-31 15:21:15.042,16440,16441,16441,1,1
2021-03-31 15:21:18.738,16440,16441,16441,2,2
2021-03-31 15:21:24.655,16440,16441,16441,1,1
2021-03-31 15:21:32.441,16440,16441,16441,1,1
2021-03-31 15:21:34.481,16440,16441,16441,1,1
2021-03-31 15:21:34.506,16440,16441,16441,1,1
2021-03-31 15:21:37.145,16440,16441,16441,1,1
2021-03-31 15:21:41.000,16440,16441,16441,1,1
2021-03-31 15:21:48.379,16440,16441,16440,1,-1
2021-03-31 15:21:51.805,16440,16441,16440,1,-1
2021-03-31 15:21:51.881,16440,16441,16441,1,1
2021-03-31 15:21:51.882,16440,16441,16441,1,1
2021-03-31 15:21:54.094,16440,16441,16440,1,-1
2021-03-31 15:21:54.094,16440,16441,16440,2,-2
2021-03-31 15:21:54.094,16440,16441,16440,1,-1
2021-03-31 15:21:54.094,16440,16441,16440,2,-2
2021-03-31 15:21:54.095,16440,16441,16440,2,-2
2021-03-31 15:21:54.095,16440,16441,16440,39,-39
2021-03-31 15:21:54.095,16440,16441,16440,13,-13
2021-03-31 15:21:54.095,16440,16441,16440,1,-1
2021-03-31 15:21:54.095,16440,16441,16440,1,-1
2021-03-31 15:21:54.095,16440,16441,16440,1,-1
2021-03-31 15:21:54.095,16440,16441,16440,1,-1
2021-03-31 15:21:54.095,16440,16441,16440,9,-9
2021-03-31 15:21:54.096,16440,16441,16440,1,-1
2021-03-31 15:21:54.096,16440,16441,16440,1,-1
2021-03-31 15:21:54.096,16440,16441,16440,1,-1
2021-03-31 15:21:54.096,16440,16441,16440,6,-6
2021-03-31 15:21:54.099,16440,16441,16440,5,-5
2021-03-31 15:21:55.004,16439,16440,16439,1,-1
2021-03-31 15:21:55.376,16439,16440,16440,1,1
2021-03-31 15:21:55.376,16439,16440,16441,1,1
2021-03-31 15:21:55.714,16439,16441,16439,1,-1
2021-03-31 15:22:03.357,16439,16441,16440,1,1
2021-03-31 15:22:03.863,16439,16440,16440,1,1
2021-03-31 15:22:03.899,16439,16441,16439,2,-2
2021-03-31 15:22:04.241,16439,16441,16439,5,-5
2021-03-31 15:22:04.285,16439,16440,16439,2,-2
2021-03-31 15:22:04.449,16439,16440,16439,1,-1
2021-03-31 15:22:11.433,16439,16440,16439,1,-1
2021-03-31 15:22:13.161,16439,16440,16439,2,-2
2021-03-31 15:22:17.647,16438,16439,16439,1,1
2021-03-31 15:22:17.647,16438,16439,16440,5,5
2021-03-31 15:22:17.648,16438,16439,16440,1,1
2021-03-31 15:22:17.648,16438,16439,16440,1,1
2021-03-31 15:22:17.649,16438,16439,16440,13,13
2021-03-31 15:22:19.493,16439,16440,16439,1,-1
2021-03-31 15:22:25.295,16438,16439,16439,1,1
2021-03-31 15:22:27.986,16438,16439,16439,1,1
2021-03-31 15:22:27.986,16438,16439,16439,1,1
2021-03-31 15:22:27.986,16438,16439,16439,1,1
2021-03-31 15:22:34.000,16439,16440,16439,2,-2
2021-03-31 15:22:34.964,16438,16439,16438,2,-2
2021-03-31 15:22:36.284,16438,16439,16439,1,1
2021-03-31 15:22:37.645,16438,16439,16439,1,1
2021-03-31 15:22:37.645,16438,16439,16439,1,1
2021-03-31 15:22:38.192,16439,16440,16439,2,-2
2021-03-31 15:22:38.192,16439,16440,16439,1,-1
2021-03-31 15:22:38.192,16439,16440,16439,1,-1
2021-03-31 15:22:45.318,16438,16439,16439,1,1
2021-03-31 15:22:53.789,16439,16440,16439,1,-1
2021-03-31 15:23:03.838,16439,16440,16439,1,-1
2021-03-31 15:23:05.695,16439,16440,16439,1,-1
2021-03-31 15:23:08.966,16439,16440,16439,2,-2
2021-03-31 15:23:11.095,16439,16440,16440,1,1
2021-03-31 15:23:12.120,16439,16440,16440,1,1
2021-03-31 15:23:14.342,16439,16440,16439,1,-1
2021-03-31 15:23:15.683,16439,16440,16440,1,1
2021-03-31 15:23:15.683,16439,16440,16440,1,1
2021-03-31 15:23:20.763,16439,16440,16439,2,-2
2021-03-31 15:23:28.794,16439,16440,16439,1,-1
2021-03-31 15:23:29.923,16439,16440,16440,1,1
2021-03-31 15:23:48.381,16439,16440,16440,1,1
2021-03-31 15:23:48.742,16439,16441,16441,3,3
2021-03-31 15:23:52.250,16439,16441,16441,1,1
2021-03-31 15:23:56.440,16439,16440,16439,1,-1
2021-03-31 15:23:56.440,16439,16440,16439,1,-1
2021-03-31 15:23:56.441,16439,16440,16439,1,-1
2021-03-31 15:23:56.447,16439,16440,16439,4,-4
2021-03-31 15:24:06.697,16439,16440,16439,1,-1
2021-03-31 15:24:06.698,16439,16440,16439,2,-2
2021-03-31 15:24:09.234,16438,16439,16438,2,-2
2021-03-31 15:24:16.786,16438,16439,16439,1,1
2021-03-31 15:24:16.787,16438,16439,16439,1,1
2021-03-31 15:24:16.787,16438,16439,16439,1,1
2021-03-31 15:24:16.787,16438,16439,16439,1,1
2021-03-31 15:24:16.787,16438,16439,16439,1,1
2021-03-31 15:24:16.787,16438,16439,16439,1,1
2021-03-31 15:24:16.787,16438,16439,16439,1,1
2021-03-31 15:24:17.519,16439,16440,16439,1,-1
2021-03-31 15:24:18.357,16439,16440,16439,1,-1
2021-03-31 15:24:26.086,16439,16440,16439,1,-1
2021-03-31 15:24:34.158,16439,16440,16439,1,-1
2021-03-31 15:24:35.218,16438,16440,16438,1,-1
2021-03-31 15:24:57.886,16438,16439,16438,1,-1
2021-03-31 15:25:01.578,16438,16439,16439,2,2
2021-03-31 15:25:02.377,16438,16440,16438,1,-1
2021-03-31 15:25:02.591,16438,16440,16438,1,-1
2021-03-31 15:25:02.673,16438,16440,16438,1,-1
2021-03-31 15:25:02.726,16438,16440,16438,1,-1
2021-03-31 15:25:03.821,16438,16440,16438,1,-1
2021-03-31 15:25:20.479,16438,16439,16438,1,-1
2021-03-31 15:25:29.959,16438,16439,16438,1,-1
2021-03-31 15:25:43.576,16438,16439,16438,1,-1
2021-03-31 15:25:44.199,16438,16439,16438,1,-1
2021-03-31 15:25:45.455,16437,16438,16438,1,1
2021-03-31 15:25:48.576,16437,16438,16437,1,-1
2021-03-31 15:25:48.693,16437,16438,16437,5,-5
2021-03-31 15:25:56.733,16437,16438,16437,1,-1
2021-03-31 15:26:02.281,16437,16438,16437,2,-2
2021-03-31 15:26:04.503,16437,16438,16437,1,-1
2021-03-31 15:26:05.527,16437,16438,16437,1,-1
2021-03-31 15:26:08.145,16437,16438,16437,1,-1
2021-03-31 15:26:09.015,16437,16438,16438,1,1
2021-03-31 15:26:11.175,16437,16438,16437,1,-1
2021-03-31 15:26:12.026,16437,16438,16437,1,-1
2021-03-31 15:26:12.456,16437,16438,16437,1,-1
2021-03-31 15:26:20.329,16437,16438,16437,2,-2
2021-03-31 15:26:22.485,16436,16438,16437,1,-1
2021-03-31 15:26:23.514,16436,16437,16437,1,1
2021-03-31 15:26:33.629,16436,16437,16437,1,1
2021-03-31 15:26:38.042,16436,16437,16436,1,-1
2021-03-31 15:26:45.167,16436,16437,16436,1,-1
2021-03-31 15:26:46.451,16436,16437,16436,1,-1
2021-03-31 15:26:48.814,16436,16437,16436,1,-1
2021-03-31 15:26:59.970,16436,16437,16436,1,-1
2021-03-31 15:27:00.161,16436,16437,16436,1,-1
2021-03-31 15:27:01.045,16436,16437,16437,1,1
2021-03-31 15:27:01.046,16436,16437,16437,1,1
2021-03-31 15:27:01.130,16436,16437,16436,1,-1
2021-03-31 15:27:01.131,16436,16437,16436,1,-1
2021-03-31 15:27:01.132,16436,16437,16436,1,-1
2021-03-31 15:27:01.140,16436,16437,16437,1,1
2021-03-31 15:27:03.852,16436,16437,16437,3,3
2021-03-31 15:27:08.124,16436,16437,16437,1,1
2021-03-31 15:27:08.671,16436,16438,16436,1,-1
2021-03-31 15:27:14.822,16437,16438,16437,1,1
2021-03-31 15:27:14.882,16436,16438,16436,1,-1
2021-03-31 15:27:14.882,16436,16438,16436,1,-1
2021-03-31 15:27:14.883,16436,16438,16436,1,-1
2021-03-31 15:27:24.820,16436,16437,16436,1,-1
2021-03-31 15:27:29.006,16436,16437,16437,1,1
2021-03-31 15:27:29.006,16436,16437,16438,7,7
2021-03-31 15:27:29.131,16437,16438,16437,1,-1
2021-03-31 15:27:29.131,16437,16438,16437,1,-1
2021-03-31 15:27:29.131,16437,16438,16437,1,-1
2021-03-31 15:27:29.131,16437,16438,16436,1,-1
2021-03-31 15:27:29.131,16437,16438,16436,1,-1
2021-03-31 15:27:29.131,16437,16438,16436,1,-1
2021-03-31 15:27:29.131,16437,16438,16436,1,-1
2021-03-31 15:27:29.131,16437,16438,16436,1,-1
2021-03-31 15:27:29.131,16437,16438,16436,1,-1
2021-03-31 15:27:29.131,16437,16438,16436,1,-1
2021-03-31 15:27:29.131,16437,16438,16437,1,1
2021-03-31 15:27:29.132,16437,16438,16436,1,-1
2021-03-31 15:27:29.132,16437,16438,16436,1,-1
2021-03-31 15:27:29.132,16437,16438,16436,1,-1
2021-03-31 15:27:29.132,16437,16438,16436,1,-1
2021-03-31 15:27:29.150,16437,16438,16438,4,4
2021-03-31 15:28:08.420,16437,16438,16438,1,1
2021-03-31 15:28:08.507,16437,16438,16437,1,-1
2021-03-31 15:28:22.763,16437,16438,16437,1,-1
2021-03-31 15:28:22.880,16437,16438,16437,1,-1
2021-03-31 15:28:22.947,16437,16438,16437,1,-1
2021-03-31 15:28:25.673,16437,16438,16437,1,-1
2021-03-31 15:28:28.717,16437,16438,16437,2,-2
2021-03-31 15:28:36.206,16437,16438,16437,1,-1
2021-03-31 15:29:04.973,16437,16438,16437,2,-2
2021-03-31 15:29:21.938,16437,16438,16437,1,-1
2021-03-31 15:29:27.585,16437,16438,16437,3,-3
2021-03-31 15:29:43.448,16436,16437,16437,1,1
2021-03-31 15:29:52.223,16436,16437,16437,1,1
2021-03-31 15:29:57.908,16436,16437,16436,1,-1
2021-03-31 15:30:04.947,16436,16437,16436,1,-1
2021-03-31 15:30:05.358,16436,16437,16436,1,-1
2021-03-31 15:30:05.371,16436,16437,16436,3,-3
2021-03-31 15:30:05.380,16436,16437,16437,1,1
2021-03-31 15:30:06.040,16436,16437,16436,1,-1
2021-03-31 15:30:07.231,16436,16437,16437,1,1
2021-03-31 15:30:07.231,16436,16437,16437,1,1
2021-03-31 15:30:07.231,16436,16437,16437,2,2
2021-03-31 15:30:07.231,16436,16437,16437,1,1
2021-03-31 15:30:07.231,16436,16437,16437,1,1
2021-03-31 15:30:07.231,16436,16437,16437,3,3
2021-03-31 15:30:07.257,16437,16438,16438,1,1
2021-03-31 15:30:15.469,16436,16437,16437,1,1
2021-03-31 15:30:20.349,16436,16437,16436,2,-2
2021-03-31 15:30:20.349,16436,16437,16436,1,-1
2021-03-31 15:30:20.349,16436,16437,16436,1,-1
2021-03-31 15:30:20.350,16436,16437,16436,6,-6
2021-03-31 15:30:25.936,16435,16436,16436,2,2
2021-03-31 15:30:26.005,16436,16437,16437,1,1
2021-03-31 15:30:26.006,16436,16437,16437,1,1
2021-03-31 15:30:26.006,16436,16437,16437,1,1
2021-03-31 15:30:26.006,16436,16437,16437,1,1
2021-03-31 15:30:26.006,16436,16437,16437,1,1
2021-03-31 15:30:26.006,16436,16437,16437,1,1
2021-03-31 15:30:26.006,16436,16437,16438,1,1
2021-03-31 15:30:26.006,16436,16437,16438,1,1
2021-03-31 15:30:26.006,16436,16437,16438,1,1
2021-03-31 15:30:26.006,16436,16437,16438,1,1
2021-03-31 15:30:26.006,16436,16437,16438,1,1
2021-03-31 15:30:26.007,16436,16437,16437,1,1
2021-03-31 15:30:26.007,16436,16437,16438,1,1
2021-03-31 15:30:26.007,16436,16437,16438,1,1
2021-03-31 15:30:26.007,16436,16437,16438,1,1
2021-03-31 15:30:26.855,16436,16437,16436,2,-2
2021-03-31 15:30:26.855,16436,16437,16436,3,-3
2021-03-31 15:30:26.855,16436,16437,16436,1,-1
2021-03-31 15:30:27.614,16435,16437,16435,1,-1
2021-03-31 15:30:27.631,16435,16436,16436,1,1
2021-03-31 15:30:27.632,16435,16436,16436,1,1
2021-03-31 15:30:27.632,16435,16436,16436,1,1
2021-03-31 15:30:27.633,16435,16436,16437,1,1
2021-03-31 15:30:31.075,16435,16436,16435,1,-1
2021-03-31 15:30:31.196,16435,16436,16436,3,3
2021-03-31 15:30:31.196,16435,16436,16436,5,5
2021-03-31 15:30:31.543,16435,16436,16436,1,1
2021-03-31 15:30:33.351,16435,16436,16435,1,-1
2021-03-31 15:30:36.985,16435,16436,16436,1,1
2021-03-31 15:30:39.120,16435,16436,16436,1,1
2021-03-31 15:30:39.130,16436,16437,16437,1,1
2021-03-31 15:30:39.130,16436,16437,16437,1,1
2021-03-31 15:30:39.131,16436,16437,16437,1,1
2021-03-31 15:30:39.132,16436,16437,16437,1,1
2021-03-31 15:30:44.938,16436,16437,16436,1,-1
2021-03-31 15:30:46.864,16436,16437,16436,1,-1
2021-03-31 15:30:47.258,16436,16437,16436,6,-6
2021-03-31 15:30:58.912,16435,16436,16436,1,1
2021-03-31 15:31:02.416,16436,16437,16436,1,-1
2021-03-31 15:31:03.526,16436,16437,16436,2,-2
2021-03-31 15:31:03.630,16436,16437,16437,1,1
2021-03-31 15:31:08.814,16436,16437,16436,4,-4
2021-03-31 15:31:19.143,16435,16436,16435,2,-2
2021-03-31 15:31:19.255,16435,16436,16436,2,2
2021-03-31 15:31:19.256,16435,16436,16436,1,1
2021-03-31 15:31:19.256,16435,16436,16437,1,1
2021-03-31 15:31:19.256,16435,16436,16437,1,1
2021-03-31 15:31:19.256,16435,16436,16437,1,1
2021-03-31 15:31:19.257,16435,16436,16437,1,1
2021-03-31 15:31:19.257,16435,16436,16437,1,1
2021-03-31 15:31:19.257,16435,16436,16437,1,1
2021-03-31 15:31:31.313,16436,16437,16436,6,-6
2021-03-31 15:31:31.381,16436,16437,16437,1,1
2021-03-31 15:31:31.381,16436,16437,16437,1,1
2021-03-31 15:31:31.381,16436,16437,16437,1,1
2021-03-31 15:31:31.381,16436,16437,16437,1,1
2021-03-31 15:31:31.382,16436,16437,16437,1,1
2021-03-31 15:31:40.638,16436,16437,16437,1,1
2021-03-31 15:31:40.755,16436,16437,16437,1,1
2021-03-31 15:31:40.755,16436,16437,16437,1,1
2021-03-31 15:31:40.755,16436,16437,16437,1,1
2021-03-31 15:31:40.756,16436,16437,16437,1,1
2021-03-31 15:31:40.757,16436,16437,16438,1,1
2021-03-31 15:31:40.757,16436,16437,16438,1,1
2021-03-31 15:31:40.757,16436,16437,16438,1,1
2021-03-31 15:31:40.757,16436,16437,16438,1,1
2021-03-31 15:31:40.758,16436,16437,16438,1,1
2021-03-31 15:32:05.078,16437,16438,16438,7,7
2021-03-31 15:32:09.775,16438,16439,16439,1,1
2021-03-31 15:32:09.880,16438,16439,16439,1,1
2021-03-31 15:32:09.880,16438,16439,16439,1,1
2021-03-31 15:32:09.881,16438,16439,16439,1,1
2021-03-31 15:32:09.881,16438,16439,16439,1,1
2021-03-31 15:32:09.881,16438,16439,16439,1,1
2021-03-31 15:32:09.881,16438,16439,16440,1,1
2021-03-31 15:32:09.881,16438,16439,16440,1,1
2021-03-31 15:32:09.881,16438,16439,16440,1,1
2021-03-31 15:32:09.881,16438,16439,16440,1,1
2021-03-31 15:32:09.881,16438,16439,16440,1,1
2021-03-31 15:32:09.882,16438,16439,16440,1,1
2021-03-31 15:32:09.882,16438,16439,16440,1,1
2021-03-31 15:32:09.882,16438,16439,16440,1,1
2021-03-31 15:32:09.882,16438,16439,16440,1,1
2021-03-31 15:32:09.882,16438,16439,16440,1,1
2021-03-31 15:32:09.882,16438,16439,16441,1,1
2021-03-31 15:32:12.756,16440,16441,16441,1,1
2021-03-31 15:32:12.881,16440,16441,16441,1,1
2021-03-31 15:32:12.881,16440,16441,16441,2,2
2021-03-31 15:32:12.881,16440,16441,16441,1,1
2021-03-31 15:32:12.881,16440,16441,16441,1,1
2021-03-31 15:32:12.881,16440,16441,16441,1,1
2021-03-31 15:32:12.882,16440,16441,16441,1,1
2021-03-31 15:32:12.884,16440,16441,16441,1,1
2021-03-31 15:32:12.885,16440,16441,16441,1,1
2021-03-31 15:32:13.092,16440,16441,16441,1,1
2021-03-31 15:32:14.978,16440,16442,16441,1,-1
2021-03-31 15:32:15.390,16440,16442,16441,1,-1
2021-03-31 15:32:16.129,16440,16442,16441,2,-2
2021-03-31 15:32:18.949,16440,16441,16440,1,-1
2021-03-31 15:32:19.005,16438,16440,16440,2,2
2021-03-31 15:32:19.006,16438,16440,16440,1,1
2021-03-31 15:32:19.006,16438,16440,16441,2,2
2021-03-31 15:32:19.006,16438,16440,16441,1,1
2021-03-31 15:32:19.006,16438,16440,16441,1,1
2021-03-31 15:32:19.006,16438,16440,16441,1,1
2021-03-31 15:32:19.006,16438,16440,16441,1,1
2021-03-31 15:32:19.006,16438,16440,16441,1,1
2021-03-31 15:32:19.006,16438,16440,16441,1,1
2021-03-31 15:32:19.006,16438,16440,16441,1,1
2021-03-31 15:32:27.793,16440,16441,16441,1,1
2021-03-31 15:32:27.794,16440,16441,16441,1,1
2021-03-31 15:32:31.749,16440,16441,16440,1,-1
2021-03-31 15:32:31.751,16440,16441,16440,2,-2
2021-03-31 15:32:31.755,16439,16441,16441,1,1
2021-03-31 15:32:31.755,16439,16441,16441,1,1
2021-03-31 15:32:31.757,16439,16441,16441,1,1
2021-03-31 15:32:31.757,16439,16441,16441,1,1
2021-03-31 15:32:31.757,16439,16441,16441,1,1
2021-03-31 15:32:31.757,16439,16441,16441,1,1
2021-03-31 15:32:39.063,16440,16441,16440,1,-1
2021-03-31 15:32:47.618,16440,16441,16440,1,-1
2021-03-31 15:32:47.630,16439,16441,16441,1,1
2021-03-31 15:32:47.631,16439,16441,16441,1,1
2021-03-31 15:32:47.631,16439,16441,16441,1,1
2021-03-31 15:32:47.631,16439,16441,16441,1,1
2021-03-31 15:32:47.631,16439,16441,16441,1,1
2021-03-31 15:32:47.631,16439,16441,16442,1,1
2021-03-31 15:32:47.631,16439,16441,16442,1,1
2021-03-31 15:32:47.631,16439,16441,16442,1,1
2021-03-31 15:32:47.631,16439,16441,16442,1,1
2021-03-31 15:32:47.632,16439,16441,16442,1,1
2021-03-31 15:32:47.632,16439,16441,16442,1,1
2021-03-31 15:32:47.632,16439,16441,16442,1,1
2021-03-31 15:32:47.632,16439,16441,16442,1,1
2021-03-31 15:32:47.633,16439,16441,16442,1,1
2021-03-31 15:32:47.633,16439,16441,16442,1,1
2021-03-31 15:32:47.633,16439,16441,16442,1,1
2021-03-31 15:32:47.633,16439,16441,16442,1,1
2021-03-31 15:32:47.633,16439,16441,16442,1,1
2021-03-31 15:32:47.633,16439,16441,16442,1,1
2021-03-31 15:32:47.634,16439,16441,16442,1,1
2021-03-31 15:32:47.634,16439,16441,16442,1,1
2021-03-31 15:32:47.634,16439,16441,16442,1,1
2021-03-31 15:32:47.634,16439,16441,16442,1,1
2021-03-31 15:32:47.635,16439,16441,16442,1,1
2021-03-31 15:32:47.635,16439,16441,16442,1,1
2021-03-31 15:32:47.636,16439,16441,16442,1,1
2021-03-31 15:32:47.636,16439,16441,16442,1,1
2021-03-31 15:32:47.636,16439,16441,16442,1,1
2021-03-31 15:32:47.636,16439,16441,16442,1,1
2021-03-31 15:32:47.636,16439,16441,16442,1,1
2021-03-31 15:32:48.101,16439,16441,16441,3,3
2021-03-31 15:32:52.211,16439,16440,16440,1,1
2021-03-31 15:32:53.672,16440,16442,16441,1,1
2021-03-31 15:32:54.698,16440,16442,16440,1,-1
2021-03-31 15:33:05.958,16441,16442,16441,1,1
2021-03-31 15:33:25.148,16440,16441,16441,1,1
2021-03-31 15:33:27.249,16440,16441,16441,1,1
2021-03-31 15:33:31.335,16440,16441,16440,1,-1
2021-03-31 15:33:35.773,16440,16441,16440,1,-1
2021-03-31 15:33:40.121,16440,16441,16440,2,-2
2021-03-31 15:33:47.358,16439,16440,16439,2,-2
2021-03-31 15:33:52.299,16438,16439,16438,2,-2
2021-03-31 15:33:53.892,16437,16439,16439,1,1
2021-03-31 15:34:01.777,16437,16440,16439,1,-1
2021-03-31 15:34:12.892,16437,16439,16439,1,1
2021-03-31 15:34:43.624,16438,16439,16439,10,10
2021-03-31 15:34:49.598,16439,16440,16439,1,-1
2021-03-31 15:34:49.598,16439,16440,16439,1,-1
2021-03-31 15:34:49.598,16439,16440,16439,1,-1
2021-03-31 15:34:49.750,16438,16439,16439,1,1
2021-03-31 15:34:59.131,16438,16439,16439,2,2
2021-03-31 15:35:00.470,16438,16439,16438,1,-1
2021-03-31 15:35:00.678,16438,16439,16438,2,-2
2021-03-31 15:35:01.228,16438,16439,16438,1,-1
2021-03-31 15:35:05.397,16438,16439,16439,1,1
2021-03-31 15:35:09.146,16439,16440,16439,1,-1
2021-03-31 15:35:17.097,16439,16440,16440,1,1
2021-03-31 15:35:32.419,16439,16440,16439,1,-1
2021-03-31 15:35:36.854,16439,16440,16439,1,-1
2021-03-31 15:35:45.322,16439,16440,16440,1,1
2021-03-31 15:35:50.073,16439,16440,16440,1,1
2021-03-31 15:35:55.369,16439,16440,16440,1,1
2021-03-31 15:35:56.765,16439,16440,16439,1,-1
2021-03-31 15:36:03.298,16438,16439,16439,1,1
2021-03-31 15:36:03.921,16439,16440,16439,1,-1
2021-03-31 15:36:08.280,16438,16439,16439,1,1
2021-03-31 15:36:16.892,16438,16439,16438,1,-1
2021-03-31 15:36:21.265,16438,16439,16438,1,-1
2021-03-31 15:36:32.021,16438,16439,16438,1,-1
2021-03-31 15:36:43.022,16438,16439,16439,2,2
2021-03-31 15:37:22.702,16438,16439,16439,2,2
2021-03-31 15:37:35.225,16438,16439,16438,10,-10
2021-03-31 15:37:35.256,16437,16438,16438,1,1
2021-03-31 15:37:58.507,16437,16438,16437,1,-1
2021-03-31 15:38:03.133,16437,16438,16438,1,1
2021-03-31 15:38:14.287,16437,16438,16438,1,1
2021-03-31 15:38:17.931,16437,16438,16438,1,1
2021-03-31 15:38:17.931,16437,16438,16438,2,2
2021-03-31 15:38:50.956,16438,16439,16438,1,-1
2021-03-31 15:38:55.084,16438,16439,16438,1,-1
2021-03-31 15:38:58.626,16438,16439,16438,2,-2
2021-03-31 15:39:00.613,16438,16439,16438,1,-1
2021-03-31 15:39:02.903,16438,16439,16438,3,-3
2021-03-31 15:39:08.430,16438,16439,16438,2,-2
2021-03-31 15:39:09.468,16437,16438,16438,1,1
2021-03-31 15:39:09.469,16437,16438,16438,3,3
2021-03-31 15:39:09.469,16437,16438,16438,1,1
2021-03-31 15:39:09.469,16437,16438,16438,1,1
2021-03-31 15:39:09.469,16437,16438,16438,1,1
2021-03-31 15:39:09.469,16437,16438,16438,2,2
2021-03-31 15:39:09.469,16437,16438,16438,1,1
2021-03-31 15:39:09.469,16437,16438,16438,1,1
2021-03-31 15:39:09.469,16437,16438,16438,1,1
2021-03-31 15:39:09.469,16437,16438,16438,9,9
2021-03-31 15:39:09.469,16437,16438,16438,4,4
2021-03-31 15:39:09.469,16437,16438,16438,1,1
2021-03-31 15:39:24.572,16438,16439,16439,1,1
2021-03-31 15:39:24.857,16438,16439,16439,1,1
2021-03-31 15:39:25.795,16438,16439,16439,1,1
2021-03-31 15:39:28.264,16438,16439,16439,1,1
2021-03-31 15:39:28.264,16438,16439,16439,4,4
2021-03-31 15:39:31.724,16439,16440,16439,5,-5
2021-03-31 15:39:31.726,16439,16440,16439,1,-1
2021-03-31 15:39:37.895,16439,16440,16439,5,-5
2021-03-31 15:39:37.897,16439,16440,16439,1,-1
2021-03-31 15:39:38.520,16439,16440,16439,1,-1
2021-03-31 15:39:45.616,16439,16440,16439,1,-1
2021-03-31 15:39:52.239,16439,16440,16440,1,1
2021-03-31 15:40:22.995,16439,16440,16439,3,-3
2021-03-31 15:40:24.969,16438,16440,16439,1,-1
2021-03-31 15:40:28.476,16439,16440,16439,3,-3
2021-03-31 15:40:40.710,16438,16439,16439,1,1
2021-03-31 15:40:48.727,16438,16439,16439,1,1
2021-03-31 15:40:58.158,16438,16439,16438,1,-1
2021-03-31 15:41:04.770,16438,16439,16438,4,-4
2021-03-31 15:41:18.184,16438,16439,16439,1,1
2021-03-31 15:41:18.257,16438,16439,16439,1,1
2021-03-31 15:41:24.725,16438,16439,16439,1,1
2021-03-31 15:41:24.756,16438,16439,16439,1,1
2021-03-31 15:41:29.666,16439,16440,16439,1,-1
2021-03-31 15:41:35.861,16438,16439,16439,1,1
2021-03-31 15:41:35.880,16438,16440,16440,1,1
2021-03-31 15:41:35.881,16438,16440,16440,1,1
2021-03-31 15:41:35.881,16438,16440,16440,1,1
2021-03-31 15:41:35.881,16438,16440,16440,1,1
2021-03-31 15:41:35.882,16438,16440,16440,1,1
2021-03-31 15:41:42.003,16438,16439,16439,1,1
2021-03-31 15:41:54.113,16438,16439,16438,1,-1
2021-03-31 15:41:54.113,16438,16439,16438,1,-1
2021-03-31 15:42:03.644,16437,16438,16438,1,1
2021-03-31 15:42:03.644,16437,16438,16438,1,1
2021-03-31 15:42:12.318,16437,16438,16438,1,1
2021-03-31 15:42:20.018,16437,16438,16438,1,1
2021-03-31 15:42:21.624,16437,16438,16438,1,1
2021-03-31 15:42:41.658,16437,16438,16438,1,1
2021-03-31 15:42:47.332,16437,16438,16437,1,-1
2021-03-31 15:42:47.332,16437,16438,16437,9,-9
2021-03-31 15:43:23.574,16436,16437,16436,1,-1
2021-03-31 15:43:23.743,16436,16437,16436,1,-1
2021-03-31 15:43:33.446,16436,16437,16436,1,-1
2021-03-31 15:43:33.506,16436,16437,16437,1,1
2021-03-31 15:43:33.796,16436,16437,16436,1,-1
2021-03-31 15:43:40.326,16436,16437,16436,3,-3
2021-03-31 15:43:40.380,16435,16436,16436,1,1
2021-03-31 15:43:40.382,16435,16436,16436,1,1
2021-03-31 15:43:43.932,16436,16437,16436,1,-1
2021-03-31 15:43:58.226,16436,16437,16436,1,-1
2021-03-31 15:44:09.841,16436,16437,16436,1,-1
2021-03-31 15:44:13.999,16436,16437,16436,1,-1
2021-03-31 15:44:13.999,16436,16437,16435,9,-9
2021-03-31 15:44:23.155,16435,16436,16435,2,-2
2021-03-31 15:44:24.850,16435,16436,16435,1,-1
2021-03-31 15:44:28.153,16435,16436,16435,1,-1
2021-03-31 15:44:33.782,16435,16436,16435,1,-1
2021-03-31 15:44:36.829,16435,16436,16436,1,1
2021-03-31 15:44:37.122,16435,16436,16436,1,1
2021-03-31 15:45:11.602,16436,16437,16437,3,3
2021-03-31 15:45:11.602,16436,16437,16437,1,1
2021-03-31 15:45:11.819,16436,16438,16436,1,-1
2021-03-31 15:45:45.432,16436,16437,16436,1,-1
2021-03-31 15:45:45.698,16436,16437,16436,2,-2
2021-03-31 15:45:48.359,16436,16437,16436,1,-1
2021-03-31 15:45:49.132,16436,16437,16436,1,-1
2021-03-31 15:46:06.916,16436,16437,16436,1,-1
2021-03-31 15:46:07.007,16436,16437,16437,1,1
2021-03-31 15:46:07.130,16436,16437,16437,1,1
2021-03-31 15:46:07.131,16436,16437,16437,1,1
2021-03-31 15:46:39.563,16436,16437,16437,1,1
2021-03-31 15:46:51.729,16436,16437,16437,1,1
2021-03-31 15:46:51.756,16436,16437,16437,1,1
2021-03-31 15:46:51.756,16436,16437,16437,1,1
2021-03-31 15:46:51.757,16436,16437,16438,1,1
2021-03-31 15:46:51.757,16436,16437,16438,1,1
2021-03-31 15:46:51.757,16436,16437,16438,1,1
2021-03-31 15:46:51.758,16436,16437,16438,1,1
2021-03-31 15:47:02.502,16436,16437,16437,1,1
2021-03-31 15:47:02.507,16436,16438,16438,1,1
2021-03-31 15:47:02.508,16436,16438,16438,1,1
2021-03-31 15:47:05.918,16436,16438,16436,1,-1
2021-03-31 15:47:38.572,16436,16437,16436,3,-3
2021-03-31 15:47:39.022,16436,16437,16436,1,-1
2021-03-31 15:47:45.112,16435,16436,16436,1,1
2021-03-31 15:48:10.826,16435,16436,16436,1,1
2021-03-31 15:48:10.826,16435,16436,16436,1,1
2021-03-31 15:48:33.960,16435,16436,16436,1,1
2021-03-31 15:48:39.659,16435,16436,16436,1,1
2021-03-31 15:48:47.950,16436,16437,16436,1,-1
2021-03-31 15:49:24.017,16435,16436,16435,1,-1
2021-03-31 15:49:24.017,16435,16436,16435,1,-1
2021-03-31 15:49:24.017,16435,16436,16435,1,-1
2021-03-31 15:49:24.017,16435,16436,16435,1,-1
2021-03-31 15:49:24.017,16435,16436,16435,1,-1
2021-03-31 15:49:24.017,16435,16436,16435,1,-1
2021-03-31 15:49:24.017,16435,16436,16435,1,-1
2021-03-31 15:49:24.017,16435,16436,16435,3,-3
2021-03-31 15:49:24.018,16435,16436,16435,1,-1
2021-03-31 15:49:24.018,16435,16436,16435,12,-12
2021-03-31 15:49:24.018,16435,16436,16435,1,-1
2021-03-31 15:49:55.509,16434,16435,16435,1,1
2021-03-31 15:49:55.768,16434,16435,16434,5,-5
2021-03-31 15:49:55.912,16434,16435,16434,2,-2
2021-03-31 15:49:55.998,16434,16435,16434,1,-1
2021-03-31 15:49:56.103,16434,16435,16434,1,-1
2021-03-31 15:50:02.171,16434,16435,16434,1,-1
2021-03-31 15:50:02.983,16434,16435,16434,1,-1
2021-03-31 15:50:02.983,16434,16435,16434,1,-1
2021-03-31 15:50:02.983,16434,16435,16434,1,-1
2021-03-31 15:50:02.995,16434,16435,16434,6,-6
2021-03-31 15:50:03.079,16433,16434,16433,1,-1
2021-03-31 15:50:03.222,16433,16434,16433,2,-2
2021-03-31 15:50:03.553,16433,16434,16433,6,-6
2021-03-31 15:50:04.387,16432,16434,16432,1,-1
2021-03-31 15:50:04.511,16432,16434,16432,1,-1
2021-03-31 15:50:04.526,16432,16434,16432,2,-2
2021-03-31 15:50:04.593,16432,16434,16432,1,-1
2021-03-31 15:50:05.542,16432,16434,16432,1,-1
2021-03-31 15:50:06.272,16432,16434,16432,4,-4
2021-03-31 15:50:06.272,16432,16434,16431,2,-2
2021-03-31 15:50:06.489,16431,16433,16433,1,1
2021-03-31 15:50:13.905,16432,16433,16433,1,1
2021-03-31 15:50:14.401,16432,16433,16432,1,-1
2021-03-31 15:50:16.596,16431,16432,16431,10,-10
2021-03-31 15:50:17.035,16431,16432,16431,2,-2
2021-03-31 15:50:28.892,16431,16432,16431,2,-2
2021-03-31 15:50:30.543,16431,16432,16431,1,-1
2021-03-31 15:50:30.936,16431,16432,16431,1,-1
2021-03-31 15:50:33.035,16431,16432,16431,3,-3
2021-03-31 15:50:35.655,16430,16431,16430,1,-1
2021-03-31 15:50:36.005,16430,16431,16430,3,-3
2021-03-31 15:50:36.165,16430,16431,16430,2,-2
2021-03-31 15:50:36.867,16430,16431,16431,3,3
2021-03-31 15:50:36.868,16430,16431,16431,1,1
2021-03-31 15:50:40.102,16431,16432,16431,1,-1
2021-03-31 15:50:47.366,16431,16432,16431,1,-1
2021-03-31 15:50:48.601,16431,16432,16432,1,1
2021-03-31 15:50:48.601,16431,16432,16432,1,1
2021-03-31 15:50:48.601,16431,16432,16432,3,3
2021-03-31 15:50:48.601,16431,16432,16432,7,7
2021-03-31 15:50:48.601,16431,16432,16432,1,1
2021-03-31 15:50:48.601,16431,16432,16432,1,1
2021-03-31 15:50:48.601,16431,16432,16432,1,1
2021-03-31 15:50:49.075,16432,16433,16432,1,-1
2021-03-31 15:50:51.203,16432,16433,16432,1,-1
2021-03-31 15:50:56.803,16432,16433,16433,1,1
2021-03-31 15:50:56.803,16432,16433,16433,3,3
2021-03-31 15:50:57.222,16433,16434,16433,1,-1
2021-03-31 15:51:01.558,16433,16434,16433,3,-3
2021-03-31 15:51:17.788,16433,16434,16433,4,-4
2021-03-31 15:51:22.402,16432,16433,16432,1,-1
2021-03-31 15:51:34.787,16432,16433,16433,1,1
2021-03-31 15:52:03.772,16432,16433,16433,1,1
2021-03-31 15:52:03.772,16432,16433,16433,1,1
2021-03-31 15:52:03.772,16432,16433,16433,1,1
2021-03-31 15:52:03.772,16432,16433,16433,1,1
2021-03-31 15:52:03.773,16432,16433,16433,5,5
2021-03-31 15:52:15.600,16433,16434,16434,4,4
2021-03-31 15:52:16.803,16434,16435,16434,1,-1
2021-03-31 15:52:18.199,16434,16435,16434,2,-2
2021-03-31 15:52:40.737,16434,16435,16434,2,-2
2021-03-31 15:53:07.232,16433,16434,16433,1,-1
2021-03-31 15:53:13.369,16432,16433,16432,1,-1
2021-03-31 15:53:33.107,16432,16433,16432,1,-1
2021-03-31 15:53:34.891,16432,16433,16432,1,-1
2021-03-31 15:53:39.295,16432,16433,16432,2,-2
2021-03-31 15:53:42.233,16432,16433,16432,1,-1
2021-03-31 15:53:51.533,16432,16433,16432,1,-1
2021-03-31 15:54:21.812,16432,16433,16432,1,-1
2021-03-31 15:54:22.062,16432,16433,16433,1,1
2021-03-31 15:54:36.452,16432,16433,16433,7,7
2021-03-31 15:54:53.530,16433,16434,16433,3,-3
2021-03-31 15:54:56.207,16433,16434,16433,1,-1
2021-03-31 15:54:56.208,16433,16434,16433,1,-1
2021-03-31 15:54:56.208,16433,16434,16433,5,-5
2021-03-31 15:55:09.300,16432,16433,16432,1,-1
2021-03-31 15:55:28.535,16432,16433,16433,6,6
2021-03-31 15:55:29.149,16433,16434,16433,1,-1
2021-03-31 15:56:14.701,16433,16434,16433,1,-1
2021-03-31 15:56:37.712,16433,16434,16433,2,-2
2021-03-31 15:56:39.819,16433,16434,16434,1,1
2021-03-31 15:56:57.460,16433,16434,16434,1,1
2021-03-31 15:56:57.460,16433,16434,16434,1,1
2021-03-31 15:56:57.460,16433,16434,16434,1,1
2021-03-31 15:56:57.460,16433,16434,16434,1,1
2021-03-31 15:56:59.538,16434,16435,16435,4,4
2021-03-31 15:57:04.706,16435,16436,16435,1,-1
2021-03-31 15:57:10.929,16435,16436,16435,2,-2
2021-03-31 15:57:11.476,16435,16436,16436,1,1
2021-03-31 15:57:29.554,16435,16436,16436,1,1
2021-03-31 15:57:29.554,16435,16436,16436,1,1
2021-03-31 15:57:30.856,16435,16436,16436,1,1
2021-03-31 15:57:30.856,16435,16436,16436,1,1
2021-03-31 15:57:46.963,16436,16437,16437,1,1
2021-03-31 15:57:46.964,16436,16437,16437,1,1
2021-03-31 15:57:46.964,16436,16437,16437,3,3
2021-03-31 15:57:51.945,16436,16438,16436,1,-1
2021-03-31 15:58:04.983,16437,16438,16437,1,1
2021-03-31 15:58:04.984,16437,16438,16437,1,-1
2021-03-31 15:58:13.149,16436,16437,16437,1,1
2021-03-31 15:58:13.286,16436,16438,16438,4,4
2021-03-31 15:58:13.578,16436,16438,16437,1,-1
2021-03-31 15:58:22.621,16436,16438,16436,1,-1
2021-03-31 15:58:41.385,16436,16437,16436,1,-1
2021-03-31 15:58:41.386,16436,16437,16436,3,-3
2021-03-31 15:58:42.034,16435,16436,16436,1,1
2021-03-31 15:59:16.430,16436,16437,16436,1,-1
2021-03-31 15:59:24.248,16435,16436,16436,1,1
2021-03-31 16:00:13.887,16435,16436,16435,1,-1
2021-03-31 16:00:14.284,16435,16436,16436,1,1
2021-03-31 16:00:14.589,16435,16436,16436,1,1
2021-03-31 16:00:14.913,16435,16436,16435,1,-1
2021-03-31 16:00:15.522,16435,16436,16435,1,-1
2021-03-31 16:00:25.784,16435,16436,16436,2,2
2021-03-31 16:00:25.784,16435,16436,16436,1,1
2021-03-31 16:00:25.784,16435,16436,16436,1,1
2021-03-31 16:00:33.761,16436,16437,16437,1,1
2021-03-31 16:00:36.148,16436,16438,16437,1,-1
2021-03-31 16:00:36.392,16436,16438,16436,1,-1
2021-03-31 16:00:36.470,16436,16438,16436,2,-2
2021-03-31 16:00:36.470,16436,16438,16436,12,-12
2021-03-31 16:00:36.470,16436,16438,16436,1,-1
2021-03-31 16:00:42.342,16436,16438,16438,2,2
2021-03-31 16:00:42.983,16436,16438,16438,2,2
2021-03-31 16:00:43.061,16436,16438,16438,2,2
2021-03-31 16:00:43.437,16436,16439,16438,1,-1
2021-03-31 16:00:52.779,16437,16438,16438,3,3
2021-03-31 16:00:54.394,16437,16438,16437,1,-1
2021-03-31 16:01:11.215,16437,16438,16437,1,-1
2021-03-31 16:01:23.597,16436,16437,16437,2,2
2021-03-31 16:01:23.631,16436,16437,16437,1,1
2021-03-31 16:01:23.631,16436,16437,16438,1,1
2021-03-31 16:01:56.346,16437,16438,16438,4,4
2021-03-31 16:01:56.380,16438,16439,16439,1,1
2021-03-31 16:01:56.381,16438,16439,16439,1,1
2021-03-31 16:01:56.381,16438,16439,16439,1,1
2021-03-31 16:01:56.382,16438,16439,16439,1,1
2021-03-31 16:01:56.383,16438,16439,16439,1,1
2021-03-31 16:01:57.879,16438,16439,16439,1,1
2021-03-31 16:01:58.005,16438,16439,16439,1,1
2021-03-31 16:01:58.006,16438,16439,16439,1,1
2021-03-31 16:01:58.006,16438,16439,16439,1,1
2021-03-31 16:01:58.006,16438,16439,16439,1,1
2021-03-31 16:01:58.006,16438,16439,16439,1,1
2021-03-31 16:01:58.006,16438,16439,16439,1,1
2021-03-31 16:01:58.006,16438,16439,16439,1,1
2021-03-31 16:01:58.006,16438,16439,16439,1,1
2021-03-31 16:01:58.006,16438,16439,16440,1,1
2021-03-31 16:01:58.006,16438,16439,16440,1,1
2021-03-31 16:01:58.006,16438,16439,16440,1,1
2021-03-31 16:01:58.006,16438,16439,16440,1,1
2021-03-31 16:01:58.006,16438,16439,16440,1,1
2021-03-31 16:01:58.006,16438,16439,16440,1,1
2021-03-31 16:01:58.006,16438,16439,16440,1,1
2021-03-31 16:01:58.006,16438,16439,16440,1,1
2021-03-31 16:01:58.006,16438,16439,16440,1,1
2021-03-31 16:01:58.007,16438,16439,16440,1,1
2021-03-31 16:01:58.168,16438,16439,16439,1,1
2021-03-31 16:01:58.495,16438,16439,16439,1,1
2021-03-31 16:02:00.039,16438,16439,16439,1,1
2021-03-31 16:02:00.254,16438,16439,16439,1,1
2021-03-31 16:02:00.342,16438,16439,16440,1,1
2021-03-31 16:02:05.508,16438,16439,16439,1,1
2021-03-31 16:02:24.216,16438,16439,16439,2,2
2021-03-31 16:02:35.279,16438,16439,16439,1,1
2021-03-31 16:02:35.380,16438,16439,16439,1,1
2021-03-31 16:02:35.382,16438,16439,16440,1,1
2021-03-31 16:02:35.794,16438,16440,16440,1,1
2021-03-31 16:02:38.835,16438,16440,16438,2,-2
2021-03-31 16:02:46.754,16438,16439,16439,1,1
2021-03-31 16:02:47.176,16439,16440,16439,2,-2
2021-03-31 16:03:04.111,16439,16440,16440,1,1
2021-03-31 16:03:04.111,16439,16440,16440,1,1
2021-03-31 16:03:04.112,16439,16440,16440,1,1
2021-03-31 16:03:04.112,16439,16440,16440,1,1
2021-03-31 16:03:12.452,16439,16440,16440,1,1
2021-03-31 16:03:12.886,16439,16440,16440,1,1
2021-03-31 16:03:12.887,16439,16440,16440,1,1
2021-03-31 16:03:14.718,16440,16441,16441,1,1
2021-03-31 16:03:14.994,16440,16441,16441,1,1
2021-03-31 16:03:19.109,16440,16441,16440,1,-1
2021-03-31 16:03:24.798,16440,16441,16440,1,-1
2021-03-31 16:03:26.193,16440,16441,16441,1,1
2021-03-31 16:03:26.480,16440,16441,16441,1,1
2021-03-31 16:03:27.733,16440,16441,16441,2,2
2021-03-31 16:03:27.754,16440,16441,16441,1,1
2021-03-31 16:03:30.469,16440,16441,16441,1,1
2021-03-31 16:03:30.469,16440,16441,16441,1,1
2021-03-31 16:03:30.937,16440,16441,16440,1,-1
2021-03-31 16:03:30.937,16440,16441,16440,1,-1
2021-03-31 16:03:30.937,16440,16441,16440,1,-1
2021-03-31 16:03:30.937,16440,16441,16440,2,-2
2021-03-31 16:03:30.937,16440,16441,16440,2,-2
2021-03-31 16:03:30.938,16440,16441,16440,3,-3
2021-03-31 16:03:30.938,16440,16441,16440,1,-1
2021-03-31 16:03:30.938,16440,16441,16440,1,-1
2021-03-31 16:03:31.879,16439,16440,16440,1,1
2021-03-31 16:03:32.243,16439,16440,16441,1,1
2021-03-31 16:03:32.683,16439,16441,16441,1,1
2021-03-31 16:03:32.941,16439,16441,16440,1,-1
2021-03-31 16:03:39.909,16439,16440,16440,1,1
2021-03-31 16:03:44.863,16440,16441,16440,1,-1
2021-03-31 16:03:53.728,16440,16441,16440,1,-1
2021-03-31 16:03:55.011,16440,16441,16440,1,-1
2021-03-31 16:03:59.308,16440,16441,16440,1,-1
2021-03-31 16:03:59.886,16439,16441,16441,2,2
2021-03-31 16:04:02.002,16440,16441,16440,1,-1
2021-03-31 16:04:07.646,16440,16441,16441,3,3
2021-03-31 16:04:48.021,16440,16441,16441,1,1
2021-03-31 16:04:51.629,16440,16441,16441,1,1
2021-03-31 16:04:51.629,16440,16441,16441,1,1
2021-03-31 16:04:56.207,16440,16441,16441,1,1
2021-03-31 16:04:56.207,16440,16441,16441,1,1
2021-03-31 16:04:58.800,16440,16441,16441,1,1
2021-03-31 16:04:58.800,16440,16441,16441,1,1
2021-03-31 16:04:59.196,16440,16441,16441,1,1
2021-03-31 16:04:59.196,16440,16441,16441,1,1
2021-03-31 16:05:02.081,16440,16441,16441,10,10
2021-03-31 16:05:02.081,16440,16441,16441,1,1
2021-03-31 16:05:04.616,16441,16442,16441,1,-1
2021-03-31 16:05:05.599,16441,16442,16442,1,1
2021-03-31 16:05:06.698,16441,16442,16441,2,-2
2021-03-31 16:05:09.629,16441,16442,16442,1,1
2021-03-31 16:05:17.155,16441,16442,16441,2,-2
2021-03-31 16:05:17.156,16441,16442,16441,1,-1
2021-03-31 16:05:31.091,16440,16441,16440,1,-1
2021-03-31 16:05:33.847,16440,16441,16440,2,-2
2021-03-31 16:05:38.153,16440,16441,16440,1,-1
2021-03-31 16:05:38.607,16440,16441,16440,1,-1
2021-03-31 16:05:40.820,16439,16440,16439,1,-1
2021-03-31 16:05:44.790,16439,16440,16439,1,-1
2021-03-31 16:05:44.790,16439,16440,16439,5,-5
2021-03-31 16:06:04.273,16438,16439,16438,1,-1
2021-03-31 16:06:06.344,16438,16439,16438,1,-1
2021-03-31 16:06:10.962,16438,16439,16438,1,-1
2021-03-31 16:06:13.671,16438,16439,16438,1,-1
2021-03-31 16:06:14.180,16438,16439,16438,1,-1
2021-03-31 16:06:23.905,16437,16438,16438,2,2
2021-03-31 16:06:23.905,16437,16438,16438,1,1
2021-03-31 16:06:33.993,16438,16439,16438,1,-1
2021-03-31 16:06:42.269,16438,16439,16439,2,2
2021-03-31 16:06:57.939,16438,16439,16438,1,-1
2021-03-31 16:07:12.821,16437,16438,16437,1,-1
2021-03-31 16:07:40.808,16437,16438,16438,2,2
2021-03-31 16:07:40.809,16437,16438,16438,1,1
2021-03-31 16:07:40.809,16437,16438,16438,1,1
2021-03-31 16:07:51.316,16437,16438,16438,3,3
2021-03-31 16:07:57.647,16437,16438,16438,1,1
2021-03-31 16:07:58.317,16438,16439,16438,1,-1
2021-03-31 16:08:12.253,16438,16439,16439,15,15
2021-03-31 16:08:42.841,16439,16440,16439,1,-1
2021-03-31 16:08:43.269,16439,16440,16439,1,-1
2021-03-31 16:08:43.269,16439,16440,16439,2,-2
2021-03-31 16:08:43.269,16439,16440,16439,1,-1
2021-03-31 16:08:43.269,16439,16440,16439,1,-1
2021-03-31 16:08:43.269,16439,16440,16439,1,-1
2021-03-31 16:08:43.269,16439,16440,16439,1,-1
2021-03-31 16:08:43.320,16439,16440,16439,13,-13
2021-03-31 16:08:43.566,16438,16439,16438,1,-1
2021-03-31 16:08:43.588,16438,16439,16437,1,-1
2021-03-31 16:08:56.947,16437,16438,16437,1,-1
2021-03-31 16:08:57.068,16436,16438,16436,1,-1
2021-03-31 16:08:57.085,16436,16438,16436,1,-1
2021-03-31 16:08:57.975,16436,16437,16437,1,1
2021-03-31 16:09:04.765,16437,16438,16437,1,-1
2021-03-31 16:09:18.578,16437,16438,16438,5,5
2021-03-31 16:09:18.694,16437,16439,16439,5,5
2021-03-31 16:09:21.506,16437,16438,16437,2,-2
2021-03-31 16:09:29.152,16436,16437,16437,2,2
2021-03-31 16:09:37.015,16436,16437,16437,2,2
2021-03-31 16:09:37.015,16436,16437,16438,2,2
2021-03-31 16:09:37.016,16436,16437,16438,1,1
2021-03-31 16:09:37.016,16436,16437,16438,1,1
2021-03-31 16:09:37.016,16436,16437,16438,1,1
2021-03-31 16:09:37.016,16436,16437,16438,1,1
2021-03-31 16:09:44.248,16438,16439,16438,5,-5
2021-03-31 16:09:50.713,16438,16439,16439,2,2
2021-03-31 16:09:57.291,16438,16439,16438,1,-1
2021-03-31 16:10:11.214,16438,16439,16438,1,-1
2021-03-31 16:10:11.463,16438,16439,16438,2,-2
2021-03-31 16:10:28.705,16438,16439,16438,1,-1
2021-03-31 16:10:28.705,16438,16439,16438,3,-3
2021-03-31 16:10:28.705,16438,16439,16438,3,-3
2021-03-31 16:10:28.705,16438,16439,16438,1,-1
2021-03-31 16:10:28.705,16438,16439,16438,1,-1
2021-03-31 16:10:28.706,16438,16439,16438,15,-15
2021-03-31 16:10:28.706,16438,16439,16438,4,-4
2021-03-31 16:10:28.706,16438,16439,16438,1,-1
2021-03-31 16:10:28.989,16437,16438,16437,3,-3
2021-03-31 16:10:29.341,16436,16437,16436,1,-1
2021-03-31 16:10:29.559,16436,16437,16436,1,-1
2021-03-31 16:10:29.817,16436,16437,16436,2,-2
2021-03-31 16:10:31.964,16436,16437,16436,1,-1
2021-03-31 16:10:32.994,16436,16437,16436,1,-1
2021-03-31 16:10:33.011,16436,16437,16437,6,6
2021-03-31 16:10:33.011,16436,16437,16438,11,11
2021-03-31 16:10:33.012,16436,16437,16438,18,18
2021-03-31 16:10:33.012,16436,16437,16438,11,11
2021-03-31 16:10:33.013,16436,16437,16438,1,1
2021-03-31 16:10:34.060,16436,16437,16436,1,-1
2021-03-31 16:10:34.309,16435,16437,16435,1,-1
2021-03-31 16:10:57.141,16435,16436,16435,1,-1
2021-03-31 16:10:57.607,16435,16436,16435,1,-1
2021-03-31 16:11:02.565,16435,16436,16436,2,2
2021-03-31 16:11:02.565,16435,16436,16436,2,2
2021-03-31 16:11:02.566,16435,16436,16436,1,1
2021-03-31 16:11:04.921,16436,16437,16436,1,-1
2021-03-31 16:11:12.302,16436,16437,16436,1,-1
2021-03-31 16:11:20.120,16435,16436,16435,1,-1
2021-03-31 16:11:24.420,16435,16436,16436,1,1
2021-03-31 16:11:25.788,16436,16437,16436,1,-1
2021-03-31 16:11:49.171,16436,16437,16436,1,-1
2021-03-31 16:11:53.335,16436,16437,16436,1,-1
2021-03-31 16:11:53.379,16436,16437,16436,1,-1
2021-03-31 16:11:54.812,16436,16437,16436,1,-1
2021-03-31 16:11:58.348,16436,16437,16436,2,-2
2021-03-31 16:12:04.859,16436,16437,16436,2,-2
2021-03-31 16:12:13.377,16435,16436,16435,1,-1
2021-03-31 16:12:16.776,16435,16436,16435,5,-5
2021-03-31 16:12:16.879,16435,16436,16435,1,-1
2021-03-31 16:12:18.612,16435,16436,16435,1,-1
2021-03-31 16:12:23.664,16435,16436,16435,1,-1
2021-03-31 16:12:41.703,16435,16436,16435,1,-1
2021-03-31 16:12:42.360,16435,16436,16435,1,-1
2021-03-31 16:12:47.951,16435,16436,16435,1,-1
2021-03-31 16:12:54.809,16435,16436,16436,1,1
2021-03-31 16:12:54.809,16435,16436,16436,5,5
2021-03-31 16:12:56.129,16436,16437,16436,1,-1
2021-03-31 16:13:09.852,16435,16436,16436,1,1
2021-03-31 16:13:09.853,16435,16436,16436,1,1
2021-03-31 16:13:09.853,16435,16436,16436,3,3
2021-03-31 16:13:09.853,16435,16436,16436,1,1
2021-03-31 16:13:10.368,16436,16437,16436,1,-1
2021-03-31 16:13:10.630,16436,16437,16437,3,3
2021-03-31 16:13:11.362,16436,16439,16436,2,-2
2021-03-31 16:13:17.073,16437,16439,16437,1,1
2021-03-31 16:13:20.706,16437,16439,16437,1,-1
2021-03-31 16:13:34.332,16437,16439,16438,1,1
2021-03-31 16:13:53.857,16438,16439,16438,1,-1
2021-03-31 16:13:55.564,16438,16439,16438,1,-1
2021-03-31 16:14:07.099,16438,16439,16438,2,-2
2021-03-31 16:14:17.871,16437,16438,16437,2,-2
2021-03-31 16:14:27.329,16436,16437,16436,1,-1
2021-03-31 16:14:35.754,16435,16436,16435,1,-1
2021-03-31 16:14:38.741,16435,16436,16435,1,-1
2021-03-31 16:14:40.949,16435,16436,16436,1,1
2021-03-31 16:14:40.950,16435,16436,16436,1,1
2021-03-31 16:15:00.076,16435,16436,16435,1,-1
2021-03-31 16:15:00.134,16435,16436,16436,1,1
2021-03-31 16:15:00.135,16435,16436,16437,1,1
2021-03-31 16:15:10.805,16435,16436,16435,1,-1
2021-03-31 16:15:14.773,16435,16436,16435,1,-1
2021-03-31 16:15:14.774,16435,16436,16435,1,-1
2021-03-31 16:15:14.881,16434,16435,16435,1,1
2021-03-31 16:15:25.247,16435,16436,16435,1,-1
2021-03-31 16:15:30.288,16435,16436,16436,1,1
2021-03-31 16:15:30.381,16435,16436,16436,1,1
2021-03-31 16:15:30.382,16435,16436,16437,1,1
2021-03-31 16:15:30.382,16435,16436,16437,1,1
2021-03-31 16:15:30.382,16435,16436,16437,1,1
2021-03-31 16:15:30.382,16435,16436,16437,1,1
2021-03-31 16:15:30.383,16435,16436,16438,1,1
2021-03-31 16:15:30.383,16435,16436,16438,1,1
2021-03-31 16:15:30.384,16435,16436,16438,1,1
2021-03-31 16:15:31.083,16435,16437,16435,1,-1
2021-03-31 16:15:31.131,16435,16437,16437,1,1
2021-03-31 16:15:46.489,16436,16437,16437,4,4
2021-03-31 16:15:54.602,16436,16437,16436,1,-1
2021-03-31 16:15:54.631,16436,16437,16437,1,1
2021-03-31 16:15:55.004,16436,16438,16436,3,-3
2021-03-31 16:16:01.027,16436,16437,16437,4,4
2021-03-31 16:16:49.392,16436,16437,16436,2,-2
2021-03-31 16:16:49.506,16435,16437,16437,1,1
2021-03-31 16:16:49.507,16435,16437,16437,1,1
2021-03-31 16:16:57.504,16436,16437,16436,1,-1
2021-03-31 16:16:57.630,16435,16437,16437,1,1
2021-03-31 16:16:57.631,16435,16437,16437,1,1
2021-03-31 16:17:11.196,16437,16438,16437,1,-1
2021-03-31 16:17:11.196,16437,16438,16437,1,-1
2021-03-31 16:17:11.257,16436,16437,16437,1,1
2021-03-31 16:17:11.258,16436,16437,16438,1,1
2021-03-31 16:17:11.469,16435,16437,16437,1,1
2021-03-31 16:17:11.469,16435,16437,16438,1,1
2021-03-31 16:17:11.532,16436,16438,16438,2,2
2021-03-31 16:17:11.543,16436,16438,16438,2,2
2021-03-31 16:17:19.422,16437,16438,16437,1,-1
2021-03-31 16:17:19.422,16437,16438,16436,1,-1
2021-03-31 16:17:47.931,16437,16438,16437,1,1
2021-03-31 16:17:48.194,16436,16438,16436,1,-1
2021-03-31 16:17:51.339,16436,16437,16436,9,-9
2021-03-31 16:17:51.339,16436,16437,16435,16,-16
2021-03-31 16:17:51.507,16434,16435,16434,1,-1
2021-03-31 16:17:51.508,16434,16435,16434,1,-1
2021-03-31 16:17:51.508,16434,16435,16434,1,-1
2021-03-31 16:17:51.596,16434,16435,16434,2,-2
2021-03-31 16:17:51.812,16433,16435,16433,1,-1
2021-03-31 16:17:51.888,16433,16435,16435,2,2
2021-03-31 16:17:51.944,16433,16435,16434,1,-1
2021-03-31 16:17:51.944,16433,16435,16433,1,-1
2021-03-31 16:18:05.950,16434,16435,16434,1,1
2021-03-31 16:18:07.637,16434,16435,16434,3,-3
2021-03-31 16:18:09.468,16434,16435,16435,1,1
2021-03-31 16:18:17.723,16436,16437,16436,1,1
2021-03-31 16:18:25.547,16436,16437,16437,1,1
2021-03-31 16:18:25.548,16436,16437,16437,2,2
2021-03-31 16:18:25.548,16436,16437,16437,1,1
2021-03-31 16:18:26.753,16436,16438,16436,1,-1
2021-03-31 16:18:28.089,16436,16438,16436,1,-1
2021-03-31 16:18:28.386,16436,16438,16436,1,-1
2021-03-31 16:18:28.708,16437,16438,16437,1,1
2021-03-31 16:18:42.754,16437,16438,16437,1,-1
2021-03-31 16:19:06.828,16436,16437,16436,1,-1
2021-03-31 16:19:07.116,16436,16437,16436,1,-1
2021-03-31 16:19:07.135,16435,16437,16435,1,-1
2021-03-31 16:19:35.426,16435,16436,16435,1,-1
2021-03-31 16:19:49.775,16435,16436,16436,1,1
2021-03-31 16:20:34.866,16436,16437,16436,1,-1
2021-03-31 16:21:09.230,16436,16437,16436,4,-4
2021-03-31 16:21:09.254,16435,16436,16435,1,-1
2021-03-31 16:21:15.085,16435,16436,16436,1,1
2021-03-31 16:21:15.085,16435,16436,16436,2,2
2021-03-31 16:21:18.479,16436,16437,16437,1,1
2021-03-31 16:21:40.091,16435,16436,16436,4,4
2021-03-31 16:22:03.506,16436,16437,16436,1,-1
2021-03-31 16:22:05.579,16435,16436,16436,2,2
2021-03-31 16:22:05.579,16435,16436,16437,2,2
2021-03-31 16:22:27.872,16436,16437,16436,1,-1
2021-03-31 16:22:38.455,16436,16437,16437,1,1
2021-03-31 16:22:38.455,16436,16437,16438,8,8
2021-03-31 16:22:38.456,16436,16437,16438,1,1
2021-03-31 16:22:38.456,16436,16437,16438,1,1
2021-03-31 16:22:38.456,16436,16437,16438,1,1
2021-03-31 16:22:44.108,16436,16438,16438,1,1
2021-03-31 16:23:24.101,16436,16437,16437,1,1
2021-03-31 16:23:24.133,16436,16438,16438,1,1
2021-03-31 16:23:28.699,16437,16438,16438,1,1
2021-03-31 16:23:28.755,16437,16438,16438,1,1
2021-03-31 16:23:28.756,16437,16438,16438,1,1
2021-03-31 16:23:28.756,16437,16438,16438,1,1
2021-03-31 16:23:28.757,16437,16438,16438,1,1
2021-03-31 16:23:36.777,16437,16438,16437,1,-1
2021-03-31 16:23:36.881,16436,16438,16438,1,1
2021-03-31 16:23:36.882,16436,16438,16438,1,1
2021-03-31 16:24:09.286,16436,16437,16437,1,1
2021-03-31 16:24:09.381,16437,16438,16438,1,1
2021-03-31 16:24:09.381,16437,16438,16438,1,1
2021-03-31 16:24:09.381,16437,16438,16438,1,1
2021-03-31 16:24:09.382,16437,16438,16438,1,1
2021-03-31 16:24:09.646,16437,16439,16439,6,6
2021-03-31 16:24:09.647,16437,16439,16439,1,1
2021-03-31 16:24:09.885,16437,16439,16439,1,1
2021-03-31 16:24:09.886,16437,16439,16439,1,1
2021-03-31 16:24:10.650,16437,16439,16439,2,2
2021-03-31 16:24:11.000,16437,16439,16439,1,1
2021-03-31 16:24:16.122,16439,16440,16439,1,-1
2021-03-31 16:24:30.235,16438,16439,16439,1,1
2021-03-31 16:24:30.256,16438,16439,16439,1,1
2021-03-31 16:24:30.256,16438,16439,16439,1,1
2021-03-31 16:24:49.605,16438,16439,16438,1,-1
2021-03-31 16:24:51.750,16438,16439,16438,1,-1
2021-03-31 16:25:30.543,16438,16439,16439,3,3
2021-03-31 16:25:32.951,16438,16439,16439,1,1
2021-03-31 16:25:32.952,16438,16439,16439,1,1
2021-03-31 16:25:44.082,16438,16439,16439,2,2
2021-03-31 16:25:44.083,16438,16439,16439,1,1
2021-03-31 16:25:52.990,16438,16439,16439,4,4
2021-03-31 16:25:52.990,16438,16439,16439,1,1
2021-03-31 16:25:59.176,16438,16439,16438,1,-1
2021-03-31 16:26:11.267,16438,16439,16438,1,-1
2021-03-31 16:26:25.449,16438,16439,16438,1,-1
2021-03-31 16:26:25.449,16438,16439,16438,2,-2
2021-03-31 16:26:26.539,16437,16438,16437,3,-3
2021-03-31 16:26:31.789,16437,16438,16437,1,-1
2021-03-31 16:26:35.126,16436,16438,16436,8,-8
2021-03-31 16:26:36.152,16435,16436,16436,1,1
2021-03-31 16:26:36.373,16435,16436,16435,5,-5
2021-03-31 16:26:36.852,16435,16436,16435,1,-1
2021-03-31 16:27:04.380,16435,16436,16435,1,-1
2021-03-31 16:27:04.397,16435,16436,16435,1,-1
2021-03-31 16:27:04.841,16435,16436,16435,1,-1
2021-03-31 16:27:10.396,16435,16436,16435,1,-1
2021-03-31 16:27:14.309,16435,16436,16436,1,1
2021-03-31 16:27:14.309,16435,16436,16436,1,1
2021-03-31 16:27:20.270,16436,16437,16437,1,1
2021-03-31 16:27:37.431,16436,16438,16438,1,1
2021-03-31 16:27:42.192,16436,16438,16438,1,1
2021-03-31 16:27:54.581,16435,16437,16437,1,1
2021-03-31 16:28:08.107,16436,16437,16436,1,-1
2021-03-31 16:28:12.034,16436,16437,16436,1,-1
2021-03-31 16:28:12.034,16436,16437,16435,1,-1
2021-03-31 16:28:12.118,16436,16437,16435,2,-2
2021-03-31 16:28:12.194,16435,16436,16436,1,1
2021-03-31 16:28:59.163,16435,16436,16436,2,2
2021-03-31 16:29:16.215,16435,16436,16435,1,-1
2021-03-31 16:29:16.215,16435,16436,16435,1,-1
2021-03-31 16:29:17.323,16434,16435,16434,1,-1
2021-03-31 16:29:17.397,16434,16435,16434,2,-2
2021-03-31 16:29:40.351,16434,16435,16435,1,1
2021-03-31 16:29:46.797,16434,16435,16434,1,-1
2021-03-31 16:29:51.779,16434,16435,16434,3,-3
2021-03-31 16:29:53.182,16434,16435,16434,1,-1
2021-03-31 16:29:55.911,16434,16435,16434,1,-1
2021-03-31 16:30:00.315,16434,16435,16434,1,-1
2021-03-31 16:30:00.688,16434,16435,16434,1,-1
2021-03-31 16:30:01.890,16434,16435,16434,1,-1
2021-03-31 16:30:02.599,16434,16435,16435,2,2
2021-03-31 16:30:02.599,16434,16435,16436,3,3
2021-03-31 16:30:02.653,16434,16436,16436,4,4
2021-03-31 16:30:02.653,16434,16436,16437,1,1
2021-03-31 16:30:02.862,16434,16436,16434,1,-1
2021-03-31 16:30:04.757,16434,16436,16436,1,1
2021-03-31 16:30:27.321,16433,16434,16434,1,1
2021-03-31 16:30:31.757,16433,16435,16433,5,-5
2021-03-31 16:30:33.432,16433,16434,16434,1,1
2021-03-31 16:30:55.949,16433,16435,16433,1,-1
2021-03-31 16:31:14.308,16433,16434,16433,1,-1
2021-03-31 16:31:14.384,16433,16434,16434,1,1
2021-03-31 16:31:14.385,16433,16434,16435,1,1
2021-03-31 16:31:17.674,16434,16435,16434,2,-2
2021-03-31 16:31:17.757,16433,16434,16434,1,1
2021-03-31 16:31:17.757,16433,16434,16434,1,1
2021-03-31 16:31:17.757,16433,16434,16434,1,1
2021-03-31 16:31:17.757,16433,16434,16434,1,1
2021-03-31 16:31:53.229,16434,16435,16434,1,-1
2021-03-31 16:31:53.256,16433,16434,16434,1,1
2021-03-31 16:31:53.256,16433,16434,16435,1,1
2021-03-31 16:31:53.256,16433,16434,16435,1,1
2021-03-31 16:31:53.256,16433,16434,16435,1,1
2021-03-31 16:31:53.256,16433,16434,16435,1,1
2021-03-31 16:31:53.256,16433,16434,16435,1,1
2021-03-31 16:31:53.257,16433,16434,16435,1,1
2021-03-31 16:31:53.257,16433,16434,16435,1,1
2021-03-31 16:31:53.257,16433,16434,16435,1,1
2021-03-31 16:31:53.257,16433,16434,16435,1,1
2021-03-31 16:31:53.257,16433,16434,16435,1,1
2021-03-31 16:32:18.208,16434,16435,16434,1,-1
2021-03-31 16:32:18.209,16434,16435,16434,1,-1
2021-03-31 16:32:18.256,16433,16434,16434,1,1
2021-03-31 16:32:18.256,16433,16434,16434,1,1
2021-03-31 16:32:18.256,16433,16434,16435,1,1
2021-03-31 16:32:18.256,16433,16434,16435,1,1
2021-03-31 16:32:18.257,16433,16434,16435,1,1
2021-03-31 16:32:18.258,16433,16434,16435,1,1
2021-03-31 16:32:33.764,16434,16435,16435,1,1
2021-03-31 16:34:10.854,16433,16434,16434,1,1
2021-03-31 16:34:15.467,16433,16434,16434,1,1
2021-03-31 16:34:36.978,16433,16434,16434,1,1
2021-03-31 16:34:40.841,16433,16434,16433,1,-1
2021-03-31 16:34:42.419,16433,16434,16433,1,-1
2021-03-31 16:34:50.057,16433,16434,16434,1,1
2021-03-31 16:34:53.012,16433,16434,16433,5,-5
2021-03-31 16:34:53.710,16433,16434,16433,2,-2
2021-03-31 16:35:14.976,16433,16434,16433,1,-1
2021-03-31 16:35:31.504,16433,16434,16433,1,-1
2021-03-31 16:35:31.507,16433,16434,16433,3,-3
2021-03-31 16:35:43.391,16432,16433,16433,1,1
2021-03-31 16:36:00.838,16432,16433,16433,1,1
2021-03-31 16:36:13.280,16432,16433,16432,1,-1
2021-03-31 16:36:13.399,16432,16433,16432,1,-1
2021-03-31 16:36:14.472,16432,16433,16432,1,-1
2021-03-31 16:36:17.744,16432,16433,16432,1,-1
2021-03-31 16:36:24.993,16432,16433,16432,2,-2
2021-03-31 16:36:26.519,16432,16433,16432,2,-2
2021-03-31 16:36:27.179,16432,16433,16432,1,-1
2021-03-31 16:36:34.230,16431,16432,16432,1,1
2021-03-31 16:36:35.883,16431,16432,16432,1,1
2021-03-31 16:36:36.438,16431,16432,16432,1,1
2021-03-31 16:36:37.109,16431,16432,16432,1,1
2021-03-31 16:36:38.078,16432,16433,16432,1,-1
2021-03-31 16:36:52.651,16432,16433,16432,1,-1
2021-03-31 16:36:52.940,16431,16433,16431,1,-1
2021-03-31 16:36:53.091,16431,16433,16431,1,-1
2021-03-31 16:36:56.411,16432,16433,16432,1,1
2021-03-31 16:36:59.681,16432,16433,16432,2,-2
2021-03-31 16:36:59.814,16432,16433,16433,13,13
2021-03-31 16:36:59.815,16432,16433,16433,1,1
2021-03-31 16:36:59.815,16432,16433,16433,1,1
2021-03-31 16:36:59.815,16432,16433,16433,2,2
2021-03-31 16:37:00.340,16432,16434,16432,1,-1
2021-03-31 16:37:03.891,16432,16434,16432,7,-7
2021-03-31 16:37:03.891,16432,16434,16431,2,-2
2021-03-31 16:37:04.131,16432,16433,16433,2,2
2021-03-31 16:37:05.379,16432,16434,16432,9,-9
2021-03-31 16:37:05.806,16432,16434,16432,2,-2
2021-03-31 16:37:12.282,16433,16434,16433,1,1
2021-03-31 16:37:21.603,16433,16434,16433,1,-1
2021-03-31 16:37:21.907,16433,16434,16433,2,-2
2021-03-31 16:37:23.418,16432,16434,16434,1,1
2021-03-31 16:37:50.112,16432,16433,16433,1,1
2021-03-31 16:38:31.281,16432,16433,16433,1,1
2021-03-31 16:38:32.491,16432,16433,16433,1,1
2021-03-31 16:38:32.491,16432,16433,16433,1,1
2021-03-31 16:38:45.308,16432,16433,16432,1,-1
2021-03-31 16:38:45.622,16432,16433,16432,3,-3
2021-03-31 16:38:54.054,16432,16433,16433,1,1
2021-03-31 16:38:55.544,16432,16433,16432,1,-1
2021-03-31 16:39:06.152,16432,16433,16433,1,1
2021-03-31 16:39:17.396,16433,16434,16434,5,5
2021-03-31 16:39:42.368,16434,16435,16435,1,1
2021-03-31 16:39:42.370,16434,16435,16435,10,10
2021-03-31 16:39:42.631,16435,16436,16436,6,6
2021-03-31 16:39:42.631,16435,16436,16436,1,1
2021-03-31 16:39:55.816,16435,16437,16435,1,-1
2021-03-31 16:40:16.202,16435,16437,16437,1,1
2021-03-31 16:40:20.048,16435,16437,16437,1,1
2021-03-31 16:40:27.560,16435,16437,16437,4,4
2021-03-31 16:40:31.786,16435,16437,16435,1,-1
2021-03-31 16:41:03.258,16434,16435,16435,2,2
2021-03-31 16:41:20.195,16434,16435,16435,1,1
2021-03-31 16:41:45.877,16434,16436,16434,1,-1
2021-03-31 16:41:45.928,16434,16435,16434,4,-4
2021-03-31 16:41:46.593,16433,16434,16434,1,1
2021-03-31 16:42:11.030,16434,16435,16434,1,-1
2021-03-31 16:42:14.779,16433,16435,16433,1,-1
2021-03-31 16:42:37.168,16433,16435,16433,1,-1
2021-03-31 16:42:41.034,16433,16434,16433,13,-13
2021-03-31 16:43:05.444,16432,16433,16433,1,1
2021-03-31 16:43:09.032,16432,16433,16432,1,-1
2021-03-31 16:43:17.521,16432,16433,16432,1,-1
2021-03-31 16:43:17.522,16432,16433,16432,1,-1
2021-03-31 16:43:17.522,16432,16433,16432,1,-1
2021-03-31 16:43:17.522,16432,16433,16432,1,-1
2021-03-31 16:43:17.522,16432,16433,16432,1,-1
2021-03-31 16:43:27.449,16431,16432,16432,1,1
2021-03-31 16:43:27.450,16431,16432,16432,1,1
2021-03-31 16:43:35.080,16431,16432,16432,2,2
2021-03-31 16:43:51.231,16432,16433,16433,2,2
2021-03-31 16:43:51.266,16432,16433,16433,5,5
2021-03-31 16:44:14.516,16433,16434,16433,1,-1
2021-03-31 16:44:15.017,16433,16434,16433,3,-3
2021-03-31 16:44:37.425,16432,16433,16432,1,-1
2021-03-31 16:44:56.089,16432,16433,16432,26,-26
2021-03-31 16:45:16.328,16431,16432,16431,1,-1
2021-03-31 16:45:16.700,16431,16432,16431,1,-1
2021-03-31 16:45:24.551,16431,16432,16431,1,-1
2021-03-31 16:45:28.994,16431,16432,16431,2,-2
2021-03-31 16:45:45.035,16431,16432,16431,3,-3
2021-03-31 16:45:51.717,16431,16432,16432,1,1
2021-03-31 16:46:05.333,16431,16432,16432,1,1
2021-03-31 16:46:12.734,16431,16432,16432,1,1
2021-03-31 16:46:18.427,16431,16432,16432,1,1
2021-03-31 16:46:32.432,16431,16432,16431,1,-1
2021-03-31 16:46:45.975,16431,16432,16431,7,-7
2021-03-31 16:46:54.218,16430,16431,16430,1,-1
2021-03-31 16:46:54.275,16430,16431,16430,2,-2
2021-03-31 16:46:54.359,16430,16431,16430,1,-1
2021-03-31 16:47:03.854,16430,16431,16430,1,-1
2021-03-31 16:47:06.094,16430,16431,16430,1,-1
2021-03-31 16:47:06.971,16430,16431,16430,2,-2
2021-03-31 16:47:11.825,16430,16431,16430,1,-1
2021-03-31 16:47:14.265,16430,16431,16430,2,-2
2021-03-31 16:47:18.106,16430,16431,16431,1,1
2021-03-31 16:47:18.106,16430,16431,16431,2,2
2021-03-31 16:47:18.106,16430,16431,16431,1,1
2021-03-31 16:47:18.108,16430,16431,16431,1,1
2021-03-31 16:47:19.676,16431,16432,16431,1,-1
2021-03-31 16:47:23.861,16431,16432,16432,1,1
2021-03-31 16:47:41.459,16432,16433,16433,2,2
2021-03-31 16:48:00.996,16432,16434,16433,1,-1
2021-03-31 16:49:44.103,16433,16434,16433,1,-1
2021-03-31 16:49:48.436,16433,16434,16433,1,-1
2021-03-31 16:49:48.764,16432,16433,16432,2,-2
2021-03-31 16:49:53.718,16432,16433,16432,1,-1
2021-03-31 16:49:56.713,16431,16433,16431,8,-8
2021-03-31 16:49:56.713,16431,16433,16431,2,-2
2021-03-31 16:49:56.713,16431,16433,16431,1,-1
2021-03-31 16:49:56.714,16431,16433,16431,1,-1
2021-03-31 16:49:56.714,16431,16433,16431,1,-1
2021-03-31 16:49:56.714,16431,16433,16431,1,-1
2021-03-31 16:49:56.714,16431,16433,16431,1,-1
2021-03-31 16:49:56.820,16431,16432,16431,3,-3
2021-03-31 16:49:56.859,16431,16432,16431,3,-3
2021-03-31 16:49:56.860,16431,16432,16431,7,-7
2021-03-31 16:49:56.948,16431,16432,16431,1,-1
2021-03-31 16:49:57.011,16431,16432,16431,1,-1
2021-03-31 16:49:57.018,16431,16432,16430,1,-1
2021-03-31 16:49:57.275,16430,16431,16430,2,-2
2021-03-31 16:49:57.298,16430,16431,16430,2,-2
2021-03-31 16:49:57.465,16430,16431,16430,4,-4
2021-03-31 16:49:57.887,16430,16431,16430,3,-3
2021-03-31 16:50:06.572,16430,16431,16431,1,1
2021-03-31 16:50:06.621,16430,16431,16430,1,-1
2021-03-31 16:50:06.714,16430,16431,16430,1,-1
2021-03-31 16:50:19.789,16430,16431,16431,2,2
2021-03-31 16:50:20.509,16430,16431,16431,2,2
2021-03-31 16:50:20.509,16430,16431,16431,1,1
2021-03-31 16:50:20.509,16430,16431,16431,1,1
2021-03-31 16:50:20.510,16430,16431,16431,3,3
2021-03-31 16:50:20.928,16431,16432,16431,4,-4
2021-03-31 16:50:21.330,16430,16432,16430,1,-1
2021-03-31 16:50:21.387,16430,16432,16430,1,-1
2021-03-31 16:50:21.443,16430,16432,16430,1,-1
2021-03-31 16:50:22.553,16431,16432,16431,3,3
2021-03-31 16:50:25.382,16430,16432,16430,2,-2
2021-03-31 16:50:31.133,16431,16432,16432,2,2
2021-03-31 16:50:31.133,16431,16432,16432,1,1
2021-03-31 16:50:37.413,16432,16434,16432,1,-1
2021-03-31 16:50:49.052,16433,16434,16433,1,1
2021-03-31 16:50:53.897,16433,16434,16433,1,-1
2021-03-31 16:50:53.897,16433,16434,16432,1,-1
2021-03-31 16:51:03.099,16432,16433,16432,1,-1
2021-03-31 16:51:04.726,16431,16432,16432,1,1
2021-03-31 16:51:24.601,16432,16433,16432,1,-1
2021-03-31 16:51:43.630,16433,16434,16433,1,1
2021-03-31 16:51:58.331,16433,16434,16433,1,-1
2021-03-31 16:52:13.146,16433,16434,16434,7,7
2021-03-31 16:52:13.471,16434,16435,16434,3,-3
2021-03-31 16:52:27.874,16434,16435,16435,2,2
2021-03-31 16:52:28.221,16434,16435,16435,1,1
2021-03-31 16:52:28.221,16434,16435,16435,1,1
2021-03-31 16:52:28.221,16434,16435,16435,1,1
2021-03-31 16:52:28.221,16434,16435,16435,1,1
2021-03-31 16:52:28.221,16434,16435,16435,7,7
2021-03-31 16:52:44.184,16435,16436,16436,1,1
2021-03-31 16:53:00.176,16435,16436,16435,1,-1
2021-03-31 16:53:14.511,16434,16436,16435,1,-1
2021-03-31 16:53:26.555,16434,16436,16435,1,-1
2021-03-31 16:53:40.334,16435,16436,16435,1,-1
2021-03-31 16:53:52.136,16434,16435,16434,1,-1
2021-03-31 16:53:52.136,16434,16435,16434,1,-1
2021-03-31 16:53:57.954,16433,16434,16434,1,1
2021-03-31 16:54:02.310,16433,16434,16434,1,1
2021-03-31 16:54:10.198,16434,16435,16435,1,1
2021-03-31 16:54:19.584,16434,16435,16434,4,-4
2021-03-31 16:54:19.956,16434,16435,16435,5,5
2021-03-31 16:54:23.131,16434,16435,16435,2,2
2021-03-31 16:54:29.221,16435,16436,16435,1,-1
2021-03-31 16:54:34.123,16435,16436,16435,1,-1
2021-03-31 16:54:44.724,16435,16436,16435,1,-1
2021-03-31 16:54:49.351,16434,16435,16435,1,1
2021-03-31 16:55:01.030,16434,16435,16435,4,4
2021-03-31 16:55:03.045,16434,16436,16435,1,-1
2021-03-31 16:55:20.829,16434,16436,16435,1,-1
2021-03-31 16:55:27.199,16434,16435,16435,2,2
2021-03-31 16:55:33.394,16434,16436,16435,1,-1
2021-03-31 16:56:07.778,16434,16435,16435,2,2
2021-03-31 16:56:07.778,16434,16435,16435,1,1
2021-03-31 16:56:23.709,16435,16436,16436,2,2
2021-03-31 16:56:42.567,16435,16436,16436,1,1
2021-03-31 16:56:50.717,16435,16436,16436,1,1
2021-03-31 16:57:17.092,16435,16436,16435,2,-2
2021-03-31 16:57:47.327,16435,16436,16435,1,-1
2021-03-31 16:57:59.541,16435,16436,16435,1,-1
2021-03-31 16:58:09.211,16435,16436,16435,1,-1
2021-03-31 16:58:59.609,16435,16436,16435,3,-3
2021-03-31 16:58:59.885,16435,16436,16435,3,-3
2021-03-31 16:58:59.885,16435,16436,16434,1,-1
2021-03-31 17:00:00.930,16434,16435,16435,1,1
2021-03-31 17:00:00.931,16434,16435,16435,1,1
2021-03-31 17:00:00.931,16434,16435,16435,4,4
2021-03-31 17:00:00.931,16434,16435,16435,1,1
2021-03-31 17:00:01.086,16434,16436,16436,1,1
2021-03-31 17:00:01.172,16434,16436,16436,4,4
2021-03-31 17:00:01.189,16434,16436,16436,17,17
2021-03-31 17:00:01.189,16434,16436,16437,24,24
2021-03-31 17:00:01.190,16434,16436,16437,1,1
2021-03-31 17:00:01.190,16434,16436,16437,4,4
2021-03-31 17:00:01.265,16437,16438,16438,1,1
2021-03-31 17:00:01.266,16437,16438,16438,1,1
2021-03-31 17:00:01.380,16437,16438,16437,1,-1
2021-03-31 17:00:01.556,16437,16438,16437,1,-1
2021-03-31 17:00:01.556,16437,16438,16437,1,-1
2021-03-31 17:00:01.558,16437,16438,16438,1,1
2021-03-31 17:00:01.602,16437,16438,16437,2,-2
2021-03-31 17:00:01.701,16437,16438,16437,1,-1
2021-03-31 17:00:01.830,16437,16438,16437,1,-1
2021-03-31 17:00:01.879,16437,16438,16438,1,1
2021-03-31 17:00:01.886,16437,16438,16438,1,1
2021-03-31 17:00:01.886,16437,16438,16438,1,1
2021-03-31 17:00:01.887,16437,16438,16438,1,1
2021-03-31 17:00:01.904,16437,16438,16438,1,1
2021-03-31 17:00:01.925,16437,16438,16437,2,-2
