2020-12-09 15:00:00.086,14393,14394,14395,60
2020-12-09 15:00:00.087,14395,14396,14396,3
2020-12-09 15:00:00.219,14395,14397,14397,1
2020-12-09 15:00:00.356,14396,14397,14397,2
2020-12-09 15:00:00.356,14396,14397,14397,1
2020-12-09 15:00:00.356,14396,14397,14398,2
2020-12-09 15:00:00.372,14396,14397,14398,3
2020-12-09 15:00:00.372,14396,14397,14399,2
2020-12-09 15:00:00.438,14396,14398,14396,1
2020-12-09 15:00:00.442,14396,14398,14396,2
2020-12-09 15:00:00.444,14396,14398,14395,1
2020-12-09 15:00:00.446,14396,14398,14395,1
2020-12-09 15:00:00.446,14396,14398,14394,1
2020-12-09 15:00:00.451,14396,14398,14394,2
2020-12-09 15:00:00.452,14396,14398,14394,1
2020-12-09 15:00:00.452,14396,14398,14393,1
2020-12-09 15:00:00.474,14396,14398,14398,3
2020-12-09 15:00:00.501,14396,14398,14394,1
2020-12-09 15:00:00.502,14396,14398,14394,2
2020-12-09 15:00:00.515,14396,14398,14394,1
2020-12-09 15:00:00.515,14396,14398,14393,1
2020-12-09 15:00:00.516,14396,14398,14394,1
2020-12-09 15:00:00.527,14396,14398,14394,1
2020-12-09 15:00:00.590,14394,14398,14398,1
2020-12-09 15:00:00.590,14394,14398,14399,2
2020-12-09 15:00:00.641,14394,14398,14394,1
2020-12-09 15:00:00.663,14394,14398,14394,1
2020-12-09 15:00:00.663,14394,14398,14393,7
2020-12-09 15:00:00.724,14393,14396,14395,1
2020-12-09 15:00:00.724,14393,14396,14396,4
2020-12-09 15:00:00.736,14393,14396,14394,1
2020-12-09 15:00:00.738,14393,14396,14394,3
2020-12-09 15:00:00.738,14393,14396,14393,4
2020-12-09 15:00:00.835,14393,14397,14393,1
2020-12-09 15:00:00.835,14393,14397,14392,1
2020-12-09 15:00:00.884,14393,14397,14395,1
2020-12-09 15:00:00.884,14393,14397,14396,3
2020-12-09 15:00:01.300,14393,14396,14394,3
2020-12-09 15:00:01.300,14393,14396,14393,1
2020-12-09 15:00:01.731,14393,14396,14396,1
2020-12-09 15:00:01.844,14393,14396,14396,5
2020-12-09 15:00:01.962,14393,14395,14393,1
2020-12-09 15:00:02.526,14393,14395,14395,5
2020-12-09 15:00:02.968,14394,14396,14396,4
2020-12-09 15:00:03.634,14394,14396,14396,4
2020-12-09 15:00:03.634,14394,14396,14397,2
2020-12-09 15:00:03.690,14395,14397,14397,1
2020-12-09 15:00:03.700,14395,14397,14397,1
2020-12-09 15:00:04.058,14395,14396,14396,1
2020-12-09 15:00:04.102,14395,14396,14396,1
2020-12-09 15:00:04.104,14395,14396,14396,3
2020-12-09 15:00:04.269,14395,14397,14397,2
2020-12-09 15:00:04.443,14396,14397,14397,1
2020-12-09 15:00:04.997,14396,14397,14397,1
2020-12-09 15:00:05.978,14396,14397,14397,2
2020-12-09 15:00:05.987,14396,14397,14396,4
2020-12-09 15:00:05.987,14396,14397,14395,3
2020-12-09 15:00:05.987,14396,14397,14394,4
2020-12-09 15:00:05.987,14396,14397,14393,1
2020-12-09 15:00:06.155,14395,14397,14397,2
2020-12-09 15:00:06.506,14396,14397,14397,1
2020-12-09 15:00:07.590,14396,14398,14396,1
2020-12-09 15:00:08.887,14396,14397,14396,2
2020-12-09 15:00:09.047,14395,14396,14396,2
2020-12-09 15:00:09.435,14395,14396,14396,1
2020-12-09 15:00:09.435,14395,14396,14397,1
2020-12-09 15:00:09.445,14395,14396,14397,1
2020-12-09 15:00:09.447,14395,14396,14397,1
2020-12-09 15:00:10.115,14395,14397,14397,1
2020-12-09 15:00:11.007,14395,14396,14396,1
2020-12-09 15:00:12.627,14396,14397,14397,1
2020-12-09 15:00:12.628,14396,14397,14397,1
2020-12-09 15:00:12.628,14396,14397,14397,3
2020-12-09 15:00:12.628,14396,14397,14397,4
2020-12-09 15:00:14.004,14397,14398,14398,6
2020-12-09 15:00:15.340,14397,14399,14398,1
2020-12-09 15:00:16.883,14397,14398,14398,2
2020-12-09 15:00:16.883,14397,14398,14399,2
2020-12-09 15:00:17.261,14398,14399,14398,2
2020-12-09 15:00:17.285,14398,14399,14397,2
2020-12-09 15:00:17.795,14397,14399,14397,1
2020-12-09 15:00:17.854,14397,14399,14399,2
2020-12-09 15:00:19.682,14398,14399,14399,1
2020-12-09 15:00:19.682,14398,14399,14399,2
2020-12-09 15:00:21.003,14398,14400,14398,2
2020-12-09 15:00:21.054,14398,14399,14398,1
2020-12-09 15:00:27.392,14397,14398,14398,1
2020-12-09 15:00:28.786,14397,14399,14399,3
2020-12-09 15:00:30.820,14397,14398,14398,2
2020-12-09 15:00:30.829,14397,14398,14399,1
2020-12-09 15:00:30.829,14397,14398,14398,1
2020-12-09 15:00:32.473,14398,14399,14399,1
2020-12-09 15:00:32.907,14398,14399,14399,1
2020-12-09 15:00:32.908,14398,14399,14399,5
2020-12-09 15:00:33.327,14399,14400,14399,1
2020-12-09 15:00:34.270,14398,14400,14400,1
2020-12-09 15:00:34.323,14398,14400,14400,2
2020-12-09 15:00:34.365,14398,14400,14398,2
2020-12-09 15:00:35.679,14399,14400,14399,1
2020-12-09 15:00:36.410,14398,14400,14398,1
2020-12-09 15:00:36.929,14399,14400,14399,1
2020-12-09 15:00:37.542,14398,14399,14399,3
2020-12-09 15:00:38.698,14398,14399,14399,1
2020-12-09 15:00:38.698,14398,14399,14399,2
2020-12-09 15:00:39.574,14399,14400,14399,1
2020-12-09 15:00:39.973,14399,14400,14399,1
2020-12-09 15:00:40.260,14399,14400,14399,1
2020-12-09 15:00:41.796,14399,14400,14400,1
2020-12-09 15:00:42.167,14399,14400,14399,2
2020-12-09 15:00:42.984,14398,14399,14399,1
2020-12-09 15:00:43.021,14398,14399,14399,1
2020-12-09 15:00:46.775,14398,14399,14399,1
2020-12-09 15:00:46.775,14398,14399,14399,2
2020-12-09 15:00:47.308,14399,14400,14399,2
2020-12-09 15:00:49.622,14399,14400,14399,1
2020-12-09 15:00:49.987,14399,14400,14399,4
2020-12-09 15:00:54.079,14398,14399,14399,1
2020-12-09 15:00:54.628,14398,14399,14399,2
2020-12-09 15:00:54.646,14398,14399,14399,1
2020-12-09 15:00:54.646,14398,14399,14399,1
2020-12-09 15:00:54.646,14398,14399,14399,1
2020-12-09 15:00:54.647,14398,14399,14399,3
2020-12-09 15:00:56.066,14399,14400,14399,4
2020-12-09 15:00:57.891,14399,14400,14399,2
2020-12-09 15:00:59.205,14399,14400,14399,1
2020-12-09 15:00:59.215,14399,14400,14400,15
2020-12-09 15:00:59.216,14399,14400,14400,3
2020-12-09 15:00:59.220,14399,14400,14400,1
2020-12-09 15:00:59.308,14400,14401,14400,1
2020-12-09 15:01:00.041,14400,14401,14400,2
2020-12-09 15:01:00.076,14400,14401,14400,1
2020-12-09 15:01:00.092,14400,14401,14400,3
2020-12-09 15:01:00.099,14400,14401,14400,2
2020-12-09 15:01:00.113,14400,14401,14400,3
2020-12-09 15:01:00.121,14400,14401,14399,1
2020-12-09 15:01:00.176,14400,14401,14399,3
2020-12-09 15:01:00.182,14399,14400,14399,1
2020-12-09 15:01:00.248,14399,14400,14399,2
2020-12-09 15:01:00.250,14399,14400,14399,2
2020-12-09 15:01:00.250,14399,14400,14399,1
2020-12-09 15:01:00.251,14399,14400,14399,1
2020-12-09 15:01:00.254,14399,14400,14399,1
2020-12-09 15:01:00.274,14399,14400,14399,2
2020-12-09 15:01:00.274,14399,14400,14398,2
2020-12-09 15:01:00.301,14399,14400,14398,2
2020-12-09 15:01:00.301,14399,14400,14398,1
2020-12-09 15:01:00.311,14398,14399,14398,3
2020-12-09 15:01:00.340,14398,14399,14399,1
2020-12-09 15:01:00.358,14398,14399,14400,1
2020-12-09 15:01:00.975,14399,14400,14399,1
2020-12-09 15:01:01.689,14399,14400,14399,1
2020-12-09 15:01:02.031,14399,14400,14399,1
2020-12-09 15:01:02.485,14399,14400,14400,5
2020-12-09 15:01:04.054,14399,14400,14400,3
2020-12-09 15:01:04.057,14399,14400,14400,2
2020-12-09 15:01:04.520,14399,14401,14399,2
2020-12-09 15:01:04.784,14399,14400,14400,1
2020-12-09 15:01:07.536,14399,14400,14400,1
2020-12-09 15:01:09.135,14399,14400,14400,1
2020-12-09 15:01:09.662,14399,14400,14400,2
2020-12-09 15:01:10.207,14399,14400,14399,2
2020-12-09 15:01:13.885,14399,14400,14399,1
2020-12-09 15:01:14.640,14398,14400,14400,1
2020-12-09 15:01:21.225,14398,14399,14398,3
2020-12-09 15:01:22.483,14398,14399,14399,4
2020-12-09 15:01:24.713,14399,14400,14399,4
2020-12-09 15:01:24.715,14399,14400,14399,6
2020-12-09 15:01:25.403,14399,14400,14399,3
2020-12-09 15:01:25.487,14398,14400,14399,1
2020-12-09 15:01:32.497,14399,14400,14399,4
2020-12-09 15:01:33.623,14399,14400,14399,1
2020-12-09 15:01:38.659,14399,14400,14399,2
2020-12-09 15:01:43.801,14398,14399,14399,1
2020-12-09 15:01:43.807,14398,14399,14399,1
2020-12-09 15:01:45.152,14398,14399,14399,1
2020-12-09 15:01:46.229,14398,14399,14398,4
2020-12-09 15:01:46.229,14398,14399,14398,4
2020-12-09 15:01:46.612,14397,14398,14397,3
2020-12-09 15:01:47.333,14397,14398,14398,1
2020-12-09 15:01:48.452,14397,14398,14398,1
2020-12-09 15:01:49.496,14397,14398,14398,2
2020-12-09 15:01:49.498,14397,14398,14398,1
2020-12-09 15:01:49.498,14397,14398,14398,1
2020-12-09 15:01:50.944,14397,14398,14397,2
2020-12-09 15:01:51.797,14397,14398,14398,1
2020-12-09 15:01:53.902,14398,14399,14398,1
2020-12-09 15:01:56.798,14397,14398,14398,2
2020-12-09 15:01:58.701,14398,14399,14398,1
2020-12-09 15:02:00.073,14398,14399,14398,1
2020-12-09 15:02:00.111,14398,14399,14398,1
2020-12-09 15:02:02.297,14398,14399,14399,4
2020-12-09 15:02:02.636,14398,14399,14399,3
2020-12-09 15:02:02.636,14398,14399,14399,8
2020-12-09 15:02:02.637,14398,14399,14399,2
2020-12-09 15:02:06.755,14399,14400,14399,1
2020-12-09 15:02:10.370,14399,14400,14399,1
2020-12-09 15:02:11.707,14399,14400,14399,1
2020-12-09 15:02:12.211,14398,14400,14400,1
2020-12-09 15:02:14.665,14398,14399,14399,1
2020-12-09 15:02:18.012,14399,14400,14399,1
2020-12-09 15:02:18.489,14399,14400,14399,1
2020-12-09 15:02:19.353,14398,14399,14399,1
2020-12-09 15:02:29.729,14398,14399,14398,1
2020-12-09 15:02:30.115,14398,14399,14399,4
2020-12-09 15:02:30.523,14398,14399,14399,1
2020-12-09 15:02:30.524,14398,14399,14400,2
2020-12-09 15:02:30.541,14398,14399,14400,1
2020-12-09 15:02:30.542,14398,14399,14400,1
2020-12-09 15:02:32.287,14399,14400,14399,1
2020-12-09 15:02:33.863,14398,14400,14398,1
2020-12-09 15:02:38.704,14399,14400,14399,1
2020-12-09 15:02:40.547,14399,14400,14399,1
2020-12-09 15:02:45.670,14398,14399,14399,1
2020-12-09 15:02:58.439,14398,14399,14398,2
2020-12-09 15:02:59.479,14398,14399,14399,5
2020-12-09 15:02:59.479,14398,14399,14399,1
2020-12-09 15:03:09.932,14398,14399,14398,3
2020-12-09 15:03:10.580,14397,14399,14398,1
2020-12-09 15:03:22.431,14397,14398,14398,1
2020-12-09 15:03:33.319,14397,14398,14397,1
2020-12-09 15:03:33.319,14397,14398,14397,2
2020-12-09 15:03:33.320,14397,14398,14397,4
2020-12-09 15:03:33.320,14397,14398,14397,4
2020-12-09 15:03:38.622,14397,14398,14398,1
2020-12-09 15:03:38.754,14397,14398,14397,1
2020-12-09 15:03:41.358,14397,14398,14397,1
2020-12-09 15:03:41.358,14397,14398,14396,1
2020-12-09 15:03:48.033,14396,14397,14397,1
2020-12-09 15:03:51.058,14396,14397,14396,15
2020-12-09 15:03:56.831,14395,14396,14396,1
2020-12-09 15:03:56.838,14395,14396,14396,1
2020-12-09 15:03:58.380,14395,14396,14396,1
2020-12-09 15:04:02.958,14395,14396,14395,1
2020-12-09 15:04:02.959,14395,14396,14395,9
2020-12-09 15:04:07.155,14394,14395,14395,1
2020-12-09 15:04:14.972,14394,14395,14395,1
2020-12-09 15:04:21.408,14394,14395,14394,1
2020-12-09 15:04:22.537,14394,14395,14394,1
2020-12-09 15:04:23.321,14394,14395,14394,2
2020-12-09 15:04:23.640,14394,14395,14394,4
2020-12-09 15:04:23.640,14394,14395,14394,9
2020-12-09 15:04:23.640,14394,14395,14394,6
2020-12-09 15:04:35.005,14393,14394,14393,5
2020-12-09 15:04:35.005,14393,14394,14393,12
2020-12-09 15:04:38.310,14392,14393,14393,3
2020-12-09 15:04:39.987,14392,14393,14392,1
2020-12-09 15:04:40.069,14392,14393,14392,6
2020-12-09 15:04:41.511,14392,14393,14393,2
2020-12-09 15:04:41.955,14392,14393,14392,2
2020-12-09 15:04:46.893,14391,14392,14392,1
2020-12-09 15:04:47.504,14391,14392,14392,3
2020-12-09 15:04:48.610,14391,14392,14392,6
2020-12-09 15:04:50.858,14391,14392,14391,1
2020-12-09 15:04:51.426,14391,14392,14391,1
2020-12-09 15:04:51.439,14391,14392,14391,1
2020-12-09 15:04:51.569,14391,14392,14391,1
2020-12-09 15:04:51.955,14391,14392,14391,1
2020-12-09 15:04:53.042,14391,14392,14391,2
2020-12-09 15:04:53.115,14391,14392,14391,1
2020-12-09 15:04:53.315,14391,14392,14391,1
2020-12-09 15:04:54.633,14391,14392,14391,1
2020-12-09 15:04:54.637,14391,14392,14391,1
2020-12-09 15:04:56.419,14391,14392,14391,1
2020-12-09 15:04:56.951,14391,14392,14391,1
2020-12-09 15:04:59.362,14391,14392,14391,1
2020-12-09 15:04:59.599,14390,14391,14391,4
2020-12-09 15:05:00.127,14391,14392,14391,1
2020-12-09 15:05:00.475,14391,14392,14391,1
2020-12-09 15:05:01.158,14391,14392,14391,5
2020-12-09 15:05:01.159,14391,14392,14391,1
2020-12-09 15:05:02.135,14391,14392,14391,1
2020-12-09 15:05:02.275,14391,14392,14391,6
2020-12-09 15:05:02.369,14391,14392,14391,2
2020-12-09 15:05:02.719,14391,14392,14391,1
2020-12-09 15:05:03.616,14391,14392,14391,4
2020-12-09 15:05:04.742,14391,14392,14392,7
2020-12-09 15:05:05.650,14391,14393,14391,1
2020-12-09 15:05:05.878,14391,14393,14391,1
2020-12-09 15:05:09.743,14391,14392,14392,3
2020-12-09 15:05:10.683,14391,14393,14392,2
2020-12-09 15:05:10.949,14391,14393,14391,1
2020-12-09 15:05:11.678,14391,14393,14392,1
2020-12-09 15:05:14.413,14391,14393,14393,1
2020-12-09 15:05:16.901,14391,14393,14392,1
2020-12-09 15:05:18.507,14392,14393,14393,13
2020-12-09 15:05:18.546,14392,14393,14393,1
2020-12-09 15:05:20.529,14393,14394,14394,1
2020-12-09 15:05:21.122,14393,14395,14395,1
2020-12-09 15:05:21.458,14393,14395,14393,1
2020-12-09 15:05:24.616,14393,14394,14394,1
2020-12-09 15:05:26.625,14393,14394,14394,1
2020-12-09 15:05:29.163,14393,14394,14394,1
2020-12-09 15:05:29.572,14393,14394,14394,1
2020-12-09 15:05:29.572,14393,14394,14394,3
2020-12-09 15:05:29.573,14393,14394,14394,1
2020-12-09 15:05:36.096,14394,14395,14395,5
2020-12-09 15:05:36.097,14394,14395,14395,1
2020-12-09 15:05:39.120,14394,14395,14395,1
2020-12-09 15:05:40.604,14394,14395,14395,1
2020-12-09 15:05:42.383,14394,14395,14395,1
2020-12-09 15:05:42.385,14394,14395,14395,2
2020-12-09 15:05:44.200,14395,14396,14395,1
2020-12-09 15:05:44.795,14395,14396,14395,1
2020-12-09 15:05:45.684,14395,14396,14395,1
2020-12-09 15:05:48.365,14395,14396,14395,1
2020-12-09 15:05:52.287,14394,14396,14396,1
2020-12-09 15:05:54.365,14394,14396,14396,1
2020-12-09 15:05:55.276,14394,14395,14395,1
2020-12-09 15:05:58.348,14395,14396,14395,2
2020-12-09 15:05:58.348,14395,14396,14394,9
2020-12-09 15:05:58.350,14395,14396,14394,1
2020-12-09 15:05:58.810,14393,14395,14395,7
2020-12-09 15:05:58.811,14393,14395,14395,1
2020-12-09 15:05:58.811,14393,14395,14395,2
2020-12-09 15:05:58.811,14393,14395,14395,2
2020-12-09 15:05:58.811,14393,14395,14395,2
2020-12-09 15:05:59.276,14393,14395,14395,1
2020-12-09 15:05:59.626,14393,14395,14395,1
2020-12-09 15:06:00.025,14393,14395,14393,1
2020-12-09 15:06:00.027,14393,14395,14393,1
2020-12-09 15:06:00.034,14393,14395,14395,2
2020-12-09 15:06:00.036,14393,14395,14393,1
2020-12-09 15:06:00.039,14393,14395,14393,1
2020-12-09 15:06:00.045,14393,14395,14393,1
2020-12-09 15:06:00.048,14393,14395,14393,1
2020-12-09 15:06:06.201,14394,14395,14394,1
2020-12-09 15:06:09.758,14394,14395,14395,1
2020-12-09 15:06:12.152,14394,14395,14394,1
2020-12-09 15:06:18.574,14394,14395,14394,1
2020-12-09 15:06:21.579,14394,14395,14395,11
2020-12-09 15:06:24.931,14395,14396,14395,7
2020-12-09 15:06:24.932,14395,14396,14395,12
2020-12-09 15:06:36.676,14394,14395,14395,1
2020-12-09 15:06:48.195,14394,14395,14395,1
2020-12-09 15:06:49.785,14394,14395,14395,1
2020-12-09 15:06:57.519,14394,14395,14395,1
2020-12-09 15:06:59.946,14394,14395,14395,1
2020-12-09 15:07:00.226,14394,14395,14394,1
2020-12-09 15:07:08.682,14394,14395,14394,1
2020-12-09 15:07:18.932,14394,14395,14394,5
2020-12-09 15:07:23.011,14394,14395,14395,1
2020-12-09 15:07:27.421,14394,14395,14394,1
2020-12-09 15:07:27.444,14393,14394,14394,1
2020-12-09 15:07:28.736,14393,14394,14394,1
2020-12-09 15:07:32.071,14393,14395,14393,5
2020-12-09 15:07:32.504,14393,14394,14393,3
2020-12-09 15:07:32.504,14393,14394,14392,2
2020-12-09 15:07:40.325,14392,14393,14392,5
2020-12-09 15:07:42.099,14392,14393,14392,2
2020-12-09 15:07:45.067,14392,14393,14392,1
2020-12-09 15:07:47.364,14391,14392,14391,10
2020-12-09 15:07:47.599,14391,14392,14391,1
2020-12-09 15:07:47.698,14391,14392,14392,1
2020-12-09 15:07:49.440,14391,14392,14391,6
2020-12-09 15:07:49.658,14390,14391,14390,5
2020-12-09 15:07:49.704,14390,14391,14390,2
2020-12-09 15:07:50.049,14390,14391,14390,5
2020-12-09 15:07:50.114,14390,14391,14390,25
2020-12-09 15:07:50.546,14389,14391,14389,1
2020-12-09 15:07:50.550,14389,14391,14389,1
2020-12-09 15:07:50.553,14389,14391,14389,1
2020-12-09 15:07:50.588,14389,14391,14389,1
2020-12-09 15:07:50.595,14389,14391,14389,1
2020-12-09 15:07:50.627,14389,14391,14389,1
2020-12-09 15:07:51.574,14389,14391,14391,1
2020-12-09 15:07:58.784,14389,14390,14389,1
2020-12-09 15:08:02.960,14389,14390,14390,1
2020-12-09 15:08:03.419,14389,14390,14389,1
2020-12-09 15:08:03.661,14389,14390,14389,4
2020-12-09 15:08:06.005,14389,14390,14390,1
2020-12-09 15:08:07.601,14389,14390,14390,1
2020-12-09 15:08:08.692,14389,14390,14389,1
2020-12-09 15:08:11.869,14389,14390,14389,1
2020-12-09 15:08:12.860,14389,14390,14389,1
2020-12-09 15:08:12.968,14389,14390,14389,2
2020-12-09 15:08:14.035,14389,14390,14389,2
2020-12-09 15:08:14.537,14389,14390,14389,1
2020-12-09 15:08:15.316,14389,14390,14389,1
2020-12-09 15:08:15.316,14389,14390,14389,4
2020-12-09 15:08:15.488,14388,14389,14388,2
2020-12-09 15:08:15.665,14388,14389,14388,4
2020-12-09 15:08:15.754,14388,14389,14388,2
2020-12-09 15:08:15.884,14388,14389,14388,1
2020-12-09 15:08:15.884,14388,14389,14388,2
2020-12-09 15:08:16.775,14388,14389,14389,2
2020-12-09 15:08:16.929,14388,14389,14388,1
2020-12-09 15:08:17.562,14387,14389,14387,1
2020-12-09 15:08:17.834,14387,14389,14389,1
2020-12-09 15:08:17.872,14387,14389,14387,1
2020-12-09 15:08:21.299,14387,14388,14388,1
2020-12-09 15:08:21.533,14387,14389,14387,6
2020-12-09 15:08:22.016,14387,14388,14387,2
2020-12-09 15:08:22.223,14386,14387,14387,1
2020-12-09 15:08:22.714,14386,14387,14387,1
2020-12-09 15:08:22.952,14386,14387,14387,1
2020-12-09 15:08:23.286,14386,14387,14386,5
2020-12-09 15:08:23.363,14386,14387,14386,1
2020-12-09 15:08:23.368,14386,14387,14386,1
2020-12-09 15:08:23.413,14386,14387,14386,1
2020-12-09 15:08:23.459,14386,14387,14386,1
2020-12-09 15:08:23.467,14386,14387,14386,1
2020-12-09 15:08:23.479,14386,14387,14386,1
2020-12-09 15:08:23.639,14386,14387,14386,1
2020-12-09 15:08:23.648,14386,14387,14386,1
2020-12-09 15:08:23.765,14386,14387,14386,1
2020-12-09 15:08:23.774,14386,14387,14386,1
2020-12-09 15:08:24.103,14386,14387,14386,1
2020-12-09 15:08:24.264,14386,14387,14387,1
2020-12-09 15:08:26.336,14386,14387,14387,1
2020-12-09 15:08:28.307,14386,14387,14386,1
2020-12-09 15:08:29.693,14386,14387,14387,2
2020-12-09 15:08:29.694,14386,14387,14387,4
2020-12-09 15:08:32.487,14387,14388,14387,1
2020-12-09 15:08:32.571,14387,14388,14387,1
2020-12-09 15:08:33.103,14387,14388,14387,1
2020-12-09 15:08:33.783,14386,14388,14388,1
2020-12-09 15:08:34.118,14386,14388,14388,1
2020-12-09 15:08:35.057,14386,14388,14388,1
2020-12-09 15:08:35.508,14386,14388,14388,3
2020-12-09 15:08:35.703,14386,14388,14388,1
2020-12-09 15:08:37.926,14386,14388,14386,1
2020-12-09 15:08:38.658,14386,14388,14386,2
2020-12-09 15:08:40.702,14386,14387,14386,5
2020-12-09 15:08:40.770,14386,14387,14386,1
2020-12-09 15:08:41.015,14386,14387,14386,1
2020-12-09 15:08:41.294,14385,14387,14387,1
2020-12-09 15:08:41.518,14385,14387,14385,1
2020-12-09 15:08:41.592,14385,14387,14385,5
2020-12-09 15:08:41.787,14385,14386,14385,4
2020-12-09 15:08:42.458,14385,14387,14385,1
2020-12-09 15:08:45.154,14386,14387,14386,1
2020-12-09 15:08:48.312,14386,14387,14387,1
2020-12-09 15:08:48.862,14386,14387,14386,2
2020-12-09 15:08:49.729,14386,14387,14386,1
2020-12-09 15:08:51.836,14386,14387,14387,1
2020-12-09 15:08:53.001,14386,14387,14386,1
2020-12-09 15:08:54.417,14386,14387,14387,2
2020-12-09 15:08:58.612,14386,14387,14386,2
2020-12-09 15:09:01.014,14386,14387,14387,1
2020-12-09 15:09:01.014,14386,14387,14387,3
2020-12-09 15:09:01.014,14386,14387,14387,1
2020-12-09 15:09:01.209,14387,14388,14387,1
2020-12-09 15:09:01.229,14387,14388,14387,2
2020-12-09 15:09:01.229,14387,14388,14386,8
2020-12-09 15:09:01.637,14386,14387,14386,4
2020-12-09 15:09:02.178,14386,14387,14387,1
2020-12-09 15:09:02.889,14386,14387,14387,1
2020-12-09 15:09:05.451,14386,14388,14388,1
2020-12-09 15:09:15.672,14386,14388,14387,1
2020-12-09 15:09:15.957,14387,14388,14387,1
2020-12-09 15:09:19.549,14386,14388,14387,1
2020-12-09 15:09:19.587,14386,14388,14387,2
2020-12-09 15:09:26.212,14387,14388,14388,2
2020-12-09 15:09:26.328,14387,14388,14388,1
2020-12-09 15:09:26.328,14387,14388,14388,1
2020-12-09 15:09:26.328,14387,14388,14388,4
2020-12-09 15:09:26.328,14387,14388,14388,1
2020-12-09 15:09:33.042,14388,14390,14390,1
2020-12-09 15:09:33.665,14388,14389,14389,1
2020-12-09 15:09:34.092,14388,14390,14388,3
2020-12-09 15:09:34.514,14388,14389,14389,1
2020-12-09 15:09:37.806,14388,14390,14390,1
2020-12-09 15:09:38.666,14388,14389,14389,1
2020-12-09 15:09:38.669,14388,14389,14389,1
2020-12-09 15:09:43.738,14388,14389,14389,1
2020-12-09 15:09:45.732,14388,14389,14389,1
2020-12-09 15:09:45.899,14388,14389,14389,1
2020-12-09 15:09:46.065,14388,14389,14389,1
2020-12-09 15:09:46.333,14388,14389,14388,1
2020-12-09 15:09:51.060,14388,14389,14388,9
2020-12-09 15:09:51.061,14388,14389,14388,1
2020-12-09 15:09:51.062,14388,14389,14388,1
2020-12-09 15:09:58.834,14387,14388,14388,1
2020-12-09 15:09:59.145,14387,14388,14388,1
2020-12-09 15:10:03.713,14388,14389,14388,3
2020-12-09 15:10:06.035,14387,14388,14387,1
2020-12-09 15:10:06.037,14387,14388,14387,1
2020-12-09 15:10:06.758,14387,14388,14388,1
2020-12-09 15:10:11.947,14387,14388,14388,1
2020-12-09 15:10:15.320,14388,14389,14388,1
2020-12-09 15:10:15.480,14388,14389,14388,1
2020-12-09 15:10:26.069,14387,14388,14388,1
2020-12-09 15:10:29.747,14387,14388,14388,1
2020-12-09 15:10:29.748,14387,14388,14388,1
2020-12-09 15:10:36.558,14388,14389,14388,1
2020-12-09 15:10:38.971,14388,14389,14388,1
2020-12-09 15:10:40.331,14388,14389,14388,1
2020-12-09 15:10:42.723,14388,14389,14388,1
2020-12-09 15:10:58.696,14388,14389,14388,2
2020-12-09 15:11:02.177,14388,14389,14388,1
2020-12-09 15:11:03.135,14388,14389,14388,1
2020-12-09 15:11:05.180,14387,14388,14387,5
2020-12-09 15:11:06.027,14387,14388,14388,1
2020-12-09 15:11:12.792,14387,14388,14387,4
2020-12-09 15:11:12.792,14387,14388,14387,3
2020-12-09 15:11:13.365,14386,14387,14387,1
2020-12-09 15:11:17.076,14386,14387,14387,1
2020-12-09 15:11:18.342,14386,14387,14386,2
2020-12-09 15:11:20.321,14386,14387,14386,1
2020-12-09 15:11:20.603,14386,14387,14386,1
2020-12-09 15:11:20.606,14386,14387,14386,1
2020-12-09 15:11:20.863,14386,14387,14386,1
2020-12-09 15:11:24.276,14386,14387,14387,1
2020-12-09 15:11:29.190,14386,14387,14387,1
2020-12-09 15:11:29.387,14387,14388,14387,1
2020-12-09 15:11:31.134,14387,14388,14387,1
2020-12-09 15:11:33.094,14387,14388,14387,1
2020-12-09 15:11:34.873,14387,14388,14387,1
2020-12-09 15:11:35.536,14387,14388,14388,1
2020-12-09 15:11:39.229,14387,14388,14387,1
2020-12-09 15:11:47.649,14387,14388,14388,1
2020-12-09 15:11:48.671,14387,14388,14388,1
2020-12-09 15:11:48.906,14387,14388,14388,1
2020-12-09 15:12:07.547,14387,14388,14387,1
2020-12-09 15:12:07.548,14387,14388,14387,2
2020-12-09 15:12:07.548,14387,14388,14387,1
2020-12-09 15:12:07.548,14387,14388,14387,2
2020-12-09 15:12:07.548,14387,14388,14387,1
2020-12-09 15:12:07.548,14387,14388,14387,1
2020-12-09 15:12:08.203,14386,14387,14387,1
2020-12-09 15:12:12.235,14386,14387,14387,2
2020-12-09 15:12:12.235,14386,14387,14387,1
2020-12-09 15:12:13.892,14386,14388,14386,5
2020-12-09 15:12:29.034,14386,14387,14386,4
2020-12-09 15:12:32.349,14386,14387,14386,13
2020-12-09 15:12:32.349,14386,14387,14385,67
2020-12-09 15:12:32.351,14386,14387,14385,1
2020-12-09 15:12:32.351,14386,14387,14385,1
2020-12-09 15:12:32.351,14386,14387,14385,6
2020-12-09 15:12:32.417,14386,14387,14384,1
2020-12-09 15:12:32.417,14386,14387,14384,1
2020-12-09 15:12:32.417,14386,14387,14384,3
2020-12-09 15:12:32.417,14386,14387,14384,4
2020-12-09 15:12:32.418,14386,14387,14384,4
2020-12-09 15:12:32.418,14386,14387,14384,2
2020-12-09 15:12:32.479,14383,14384,14383,1
2020-12-09 15:12:32.481,14383,14384,14383,1
2020-12-09 15:12:32.511,14383,14384,14383,1
2020-12-09 15:12:32.599,14383,14384,14383,1
2020-12-09 15:12:32.929,14383,14384,14383,10
2020-12-09 15:12:33.400,14382,14383,14382,4
2020-12-09 15:12:33.582,14382,14383,14382,1
2020-12-09 15:12:33.645,14382,14383,14382,1
2020-12-09 15:12:34.083,14382,14383,14382,3
2020-12-09 15:12:34.085,14382,14383,14382,1
2020-12-09 15:12:34.544,14382,14383,14382,1
2020-12-09 15:12:34.666,14382,14383,14382,1
2020-12-09 15:12:34.716,14382,14383,14382,1
2020-12-09 15:12:34.740,14382,14383,14383,1
2020-12-09 15:12:35.359,14382,14384,14382,1
2020-12-09 15:12:35.366,14382,14384,14382,1
2020-12-09 15:12:37.183,14382,14383,14383,1
2020-12-09 15:12:37.192,14382,14383,14382,1
2020-12-09 15:12:41.336,14382,14383,14382,1
2020-12-09 15:12:42.240,14382,14383,14382,1
2020-12-09 15:12:43.190,14382,14383,14382,2
2020-12-09 15:12:43.300,14382,14383,14382,1
2020-12-09 15:12:44.208,14382,14383,14382,2
2020-12-09 15:12:49.004,14382,14383,14383,1
2020-12-09 15:12:49.963,14383,14384,14383,1
2020-12-09 15:12:51.593,14383,14384,14384,1
2020-12-09 15:12:52.911,14383,14384,14384,1
2020-12-09 15:12:55.558,14383,14384,14384,1
2020-12-09 15:12:55.558,14383,14384,14384,1
2020-12-09 15:12:58.714,14384,14385,14385,1
2020-12-09 15:12:58.769,14384,14385,14385,2
2020-12-09 15:12:59.263,14384,14385,14384,5
2020-12-09 15:13:08.067,14383,14384,14384,1
2020-12-09 15:13:08.436,14384,14385,14384,2
2020-12-09 15:13:08.436,14384,14385,14383,2
2020-12-09 15:13:08.481,14384,14385,14383,1
2020-12-09 15:13:09.150,14383,14384,14384,1
2020-12-09 15:13:14.388,14383,14384,14383,1
2020-12-09 15:13:14.901,14383,14384,14384,2
2020-12-09 15:13:22.038,14383,14384,14384,1
2020-12-09 15:13:30.748,14383,14384,14384,1
2020-12-09 15:13:30.868,14383,14384,14384,1
2020-12-09 15:13:36.813,14383,14384,14383,2
2020-12-09 15:13:37.353,14383,14384,14383,2
2020-12-09 15:13:38.909,14383,14384,14383,1
2020-12-09 15:13:40.239,14382,14383,14383,1
2020-12-09 15:13:40.937,14382,14384,14383,1
2020-12-09 15:13:41.059,14382,14384,14384,1
2020-12-09 15:13:41.059,14382,14384,14384,1
2020-12-09 15:13:41.059,14382,14384,14384,4
2020-12-09 15:13:41.059,14382,14384,14384,5
2020-12-09 15:13:41.275,14384,14385,14385,1
2020-12-09 15:13:41.277,14384,14385,14385,1
2020-12-09 15:13:41.861,14384,14385,14384,1
2020-12-09 15:13:42.029,14384,14385,14384,2
2020-12-09 15:13:42.986,14384,14385,14384,2
2020-12-09 15:13:44.847,14384,14385,14384,2
2020-12-09 15:13:44.955,14384,14385,14384,5
2020-12-09 15:13:46.968,14383,14385,14385,1
2020-12-09 15:13:47.005,14383,14385,14385,10
2020-12-09 15:13:47.036,14383,14385,14384,2
2020-12-09 15:13:48.445,14384,14386,14384,7
2020-12-09 15:13:48.445,14384,14386,14383,3
2020-12-09 15:13:50.270,14384,14385,14384,1
2020-12-09 15:13:53.383,14384,14385,14384,4
2020-12-09 15:13:53.384,14384,14385,14384,1
2020-12-09 15:13:55.623,14384,14385,14384,4
2020-12-09 15:13:55.625,14384,14385,14384,1
2020-12-09 15:13:57.352,14384,14385,14384,2
2020-12-09 15:13:57.616,14383,14384,14384,1
2020-12-09 15:13:57.617,14383,14384,14384,2
2020-12-09 15:13:59.336,14384,14385,14384,4
2020-12-09 15:13:59.336,14384,14385,14384,1
2020-12-09 15:14:04.324,14383,14385,14384,1
2020-12-09 15:14:16.160,14384,14385,14384,1
2020-12-09 15:14:23.217,14384,14385,14384,5
2020-12-09 15:14:34.515,14383,14384,14383,3
2020-12-09 15:14:36.622,14383,14384,14384,1
2020-12-09 15:14:38.583,14383,14384,14384,2
2020-12-09 15:14:41.352,14383,14384,14384,2
2020-12-09 15:14:49.108,14383,14384,14384,1
2020-12-09 15:14:50.328,14383,14384,14384,2
2020-12-09 15:14:50.920,14384,14385,14384,1
2020-12-09 15:14:56.984,14384,14385,14384,2
2020-12-09 15:14:58.073,14384,14385,14384,1
2020-12-09 15:14:59.564,14384,14385,14384,1
2020-12-09 15:15:00.310,14384,14385,14384,2
2020-12-09 15:15:00.733,14383,14384,14384,5
2020-12-09 15:15:00.829,14383,14384,14383,3
2020-12-09 15:15:04.061,14383,14384,14384,1
2020-12-09 15:15:04.639,14383,14384,14383,1
2020-12-09 15:15:04.687,14383,14384,14383,1
2020-12-09 15:15:09.651,14383,14384,14384,2
2020-12-09 15:15:10.919,14383,14384,14383,1
2020-12-09 15:15:13.202,14383,14384,14383,3
2020-12-09 15:15:22.623,14383,14384,14384,1
2020-12-09 15:15:24.000,14383,14384,14384,2
2020-12-09 15:15:24.000,14383,14384,14384,3
2020-12-09 15:15:24.001,14383,14384,14384,1
2020-12-09 15:15:31.893,14384,14385,14384,2
2020-12-09 15:15:31.893,14384,14385,14384,1
2020-12-09 15:15:36.096,14384,14385,14385,1
2020-12-09 15:15:40.122,14384,14385,14385,1
2020-12-09 15:15:41.705,14384,14385,14384,1
2020-12-09 15:15:42.213,14384,14385,14384,7
2020-12-09 15:15:42.214,14384,14385,14384,3
2020-12-09 15:15:42.715,14384,14385,14385,46
2020-12-09 15:15:43.221,14385,14386,14386,3
2020-12-09 15:15:44.203,14386,14387,14386,1
2020-12-09 15:15:44.221,14386,14387,14387,1
2020-12-09 15:15:44.222,14386,14387,14387,1
2020-12-09 15:15:44.548,14386,14387,14387,1
2020-12-09 15:15:44.548,14386,14387,14387,1
2020-12-09 15:15:45.307,14386,14388,14388,1
2020-12-09 15:15:45.660,14386,14388,14388,1
2020-12-09 15:15:46.829,14385,14387,14387,10
2020-12-09 15:15:50.034,14386,14387,14386,3
2020-12-09 15:15:50.848,14386,14387,14387,1
2020-12-09 15:15:52.517,14387,14388,14388,1
2020-12-09 15:15:55.387,14387,14388,14388,1
2020-12-09 15:15:58.226,14387,14388,14388,1
2020-12-09 15:16:02.475,14387,14388,14388,1
2020-12-09 15:16:02.890,14387,14388,14388,1
2020-12-09 15:16:02.903,14387,14388,14388,1
2020-12-09 15:16:02.914,14387,14388,14388,1
2020-12-09 15:16:03.341,14387,14388,14388,1
2020-12-09 15:16:03.341,14387,14388,14388,3
2020-12-09 15:16:03.430,14387,14389,14387,1
2020-12-09 15:16:16.811,14387,14388,14387,2
2020-12-09 15:16:16.943,14387,14388,14387,5
2020-12-09 15:16:18.007,14386,14387,14386,7
2020-12-09 15:16:18.789,14385,14387,14387,1
2020-12-09 15:16:20.284,14385,14387,14387,2
2020-12-09 15:16:22.766,14385,14387,14386,1
2020-12-09 15:16:24.027,14385,14387,14387,1
2020-12-09 15:16:26.888,14385,14386,14385,1
2020-12-09 15:16:31.714,14385,14386,14386,1
2020-12-09 15:16:31.805,14385,14386,14385,1
2020-12-09 15:16:31.806,14385,14386,14385,1
2020-12-09 15:16:31.807,14385,14386,14385,1
2020-12-09 15:16:31.809,14385,14386,14385,1
2020-12-09 15:16:31.809,14385,14386,14385,1
2020-12-09 15:16:31.809,14385,14386,14385,2
2020-12-09 15:16:32.144,14384,14386,14386,5
2020-12-09 15:16:35.683,14385,14386,14386,1
2020-12-09 15:16:35.684,14385,14386,14386,1
2020-12-09 15:16:37.349,14385,14387,14387,2
2020-12-09 15:16:42.924,14386,14387,14387,1
2020-12-09 15:16:46.307,14386,14387,14387,1
2020-12-09 15:16:46.345,14386,14387,14387,5
2020-12-09 15:16:50.553,14387,14388,14387,1
2020-12-09 15:16:50.555,14386,14388,14386,1
2020-12-09 15:16:54.332,14387,14388,14388,5
2020-12-09 15:16:54.512,14387,14388,14387,1
2020-12-09 15:16:58.344,14387,14388,14388,6
2020-12-09 15:17:00.042,14387,14388,14388,5
2020-12-09 15:17:00.043,14387,14388,14388,1
2020-12-09 15:17:03.571,14387,14388,14388,1
2020-12-09 15:17:10.159,14387,14388,14388,6
2020-12-09 15:17:11.472,14387,14388,14388,1
2020-12-09 15:17:11.727,14387,14388,14388,2
2020-12-09 15:17:12.733,14388,14389,14388,1
2020-12-09 15:17:12.734,14388,14389,14388,3
2020-12-09 15:17:20.246,14388,14389,14389,1
2020-12-09 15:17:22.596,14388,14389,14389,1
2020-12-09 15:17:24.555,14388,14389,14389,2
2020-12-09 15:17:26.047,14388,14389,14389,1
2020-12-09 15:17:26.379,14388,14389,14388,1
2020-12-09 15:17:31.386,14388,14389,14388,2
2020-12-09 15:17:32.572,14388,14389,14388,1
2020-12-09 15:17:33.564,14388,14389,14388,2
2020-12-09 15:17:33.564,14388,14389,14388,2
2020-12-09 15:17:35.167,14387,14388,14388,5
2020-12-09 15:17:38.006,14387,14388,14388,3
2020-12-09 15:17:38.122,14388,14389,14388,3
2020-12-09 15:17:39.904,14388,14389,14389,6
2020-12-09 15:17:43.324,14388,14389,14389,5
2020-12-09 15:17:43.325,14388,14389,14389,2
2020-12-09 15:17:46.859,14389,14390,14389,1
2020-12-09 15:17:47.638,14389,14390,14389,1
2020-12-09 15:17:54.425,14388,14389,14389,2
2020-12-09 15:17:58.862,14388,14389,14389,1
2020-12-09 15:18:00.224,14388,14389,14389,5
2020-12-09 15:18:01.578,14388,14389,14389,3
2020-12-09 15:18:02.901,14389,14390,14389,2
2020-12-09 15:18:03.714,14388,14389,14389,1
2020-12-09 15:18:04.502,14388,14389,14389,1
2020-12-09 15:18:08.317,14388,14389,14389,1
2020-12-09 15:18:10.883,14388,14389,14389,1
2020-12-09 15:18:12.921,14389,14390,14389,2
2020-12-09 15:18:12.921,14389,14390,14389,1
2020-12-09 15:18:12.921,14389,14390,14389,1
2020-12-09 15:18:12.921,14389,14390,14389,1
2020-12-09 15:18:15.858,14388,14389,14389,3
2020-12-09 15:18:15.858,14388,14389,14390,2
2020-12-09 15:18:17.276,14389,14390,14389,1
2020-12-09 15:18:21.242,14388,14390,14390,24
2020-12-09 15:18:21.242,14388,14390,14391,31
2020-12-09 15:18:21.244,14388,14390,14391,10
2020-12-09 15:18:21.244,14388,14390,14391,1
2020-12-09 15:18:21.244,14388,14390,14391,1
2020-12-09 15:18:21.435,14391,14392,14392,5
2020-12-09 15:18:21.435,14391,14392,14392,3
2020-12-09 15:18:21.790,14391,14393,14393,1
2020-12-09 15:18:21.801,14391,14393,14393,2
2020-12-09 15:18:21.809,14391,14393,14393,1
2020-12-09 15:18:21.860,14391,14393,14393,1
2020-12-09 15:18:21.872,14391,14393,14393,1
2020-12-09 15:18:21.872,14391,14393,14393,2
2020-12-09 15:18:21.899,14391,14393,14393,1
2020-12-09 15:18:21.958,14392,14393,14393,1
2020-12-09 15:18:21.959,14392,14393,14393,1
2020-12-09 15:18:21.985,14392,14393,14393,1
2020-12-09 15:18:22.057,14392,14394,14393,4
2020-12-09 15:18:22.365,14393,14394,14393,1
2020-12-09 15:18:22.464,14392,14394,14391,1
2020-12-09 15:18:22.873,14391,14393,14391,1
2020-12-09 15:18:25.415,14391,14392,14392,1
2020-12-09 15:18:26.731,14391,14392,14391,1
2020-12-09 15:18:27.058,14391,14392,14391,4
2020-12-09 15:18:28.784,14390,14392,14391,1
2020-12-09 15:18:28.785,14390,14392,14391,2
2020-12-09 15:18:35.060,14391,14392,14392,1
2020-12-09 15:18:36.302,14391,14392,14391,1
2020-12-09 15:18:36.303,14391,14392,14391,1
2020-12-09 15:18:36.807,14391,14392,14392,5
2020-12-09 15:18:37.411,14391,14392,14392,3
2020-12-09 15:18:37.412,14391,14392,14392,2
2020-12-09 15:18:39.392,14392,14393,14393,2
2020-12-09 15:18:39.492,14392,14393,14393,2
2020-12-09 15:18:39.492,14392,14393,14394,10
2020-12-09 15:18:39.727,14393,14394,14394,1
2020-12-09 15:18:41.098,14393,14394,14394,5
2020-12-09 15:18:41.098,14393,14394,14394,1
2020-12-09 15:18:41.857,14393,14394,14394,1
2020-12-09 15:18:41.858,14393,14394,14394,1
2020-12-09 15:18:41.932,14393,14394,14394,3
2020-12-09 15:18:43.255,14393,14394,14394,1
2020-12-09 15:18:43.267,14393,14394,14394,1
2020-12-09 15:18:43.281,14393,14394,14394,1
2020-12-09 15:18:45.047,14393,14394,14393,1
2020-12-09 15:18:46.959,14392,14393,14393,4
2020-12-09 15:18:46.959,14392,14393,14393,1
2020-12-09 15:18:48.048,14393,14394,14393,1
2020-12-09 15:18:48.104,14392,14394,14392,1
2020-12-09 15:18:49.390,14392,14394,14392,2
2020-12-09 15:18:50.764,14392,14394,14393,1
2020-12-09 15:18:51.388,14392,14394,14394,2
2020-12-09 15:18:51.679,14392,14394,14392,2
2020-12-09 15:18:54.116,14393,14394,14394,1
2020-12-09 15:18:56.955,14392,14394,14394,2
2020-12-09 15:18:57.372,14392,14394,14393,1
2020-12-09 15:18:59.614,14392,14393,14393,1
2020-12-09 15:19:02.054,14392,14393,14392,4
2020-12-09 15:19:02.423,14391,14393,14392,3
2020-12-09 15:19:03.110,14391,14392,14392,1
2020-12-09 15:19:03.371,14391,14392,14392,2
2020-12-09 15:19:03.388,14391,14392,14392,3
2020-12-09 15:19:09.063,14392,14393,14393,1
2020-12-09 15:19:10.176,14392,14393,14393,6
2020-12-09 15:19:15.725,14393,14394,14393,1
2020-12-09 15:19:16.990,14393,14394,14393,1
2020-12-09 15:19:18.078,14393,14394,14393,1
2020-12-09 15:19:21.253,14392,14393,14393,1
2020-12-09 15:19:23.538,14392,14394,14394,1
2020-12-09 15:19:30.506,14392,14393,14393,1
2020-12-09 15:19:33.116,14392,14393,14393,1
2020-12-09 15:19:33.118,14392,14393,14393,4
2020-12-09 15:19:37.627,14392,14393,14393,1
2020-12-09 15:19:38.638,14392,14393,14393,1
2020-12-09 15:19:46.617,14392,14393,14393,1
2020-12-09 15:19:49.415,14393,14394,14394,1
2020-12-09 15:19:54.382,14393,14394,14393,1
2020-12-09 15:20:02.552,14393,14394,14393,2
2020-12-09 15:20:02.728,14393,14394,14394,2
2020-12-09 15:20:02.728,14393,14394,14394,3
2020-12-09 15:20:02.821,14393,14394,14394,3
2020-12-09 15:20:07.248,14393,14394,14393,1
2020-12-09 15:20:07.646,14393,14394,14394,1
2020-12-09 15:20:11.381,14393,14394,14393,2
2020-12-09 15:20:13.387,14393,14394,14393,2
2020-12-09 15:20:14.452,14393,14394,14393,2
2020-12-09 15:20:14.603,14393,14394,14393,4
2020-12-09 15:20:14.671,14393,14394,14392,2
2020-12-09 15:20:27.892,14392,14394,14392,1
2020-12-09 15:20:41.225,14392,14393,14392,2
2020-12-09 15:20:49.821,14392,14393,14393,1
2020-12-09 15:20:50.397,14392,14393,14393,1
2020-12-09 15:20:51.181,14392,14393,14392,1
2020-12-09 15:20:56.047,14392,14393,14393,2
2020-12-09 15:21:06.133,14392,14393,14392,1
2020-12-09 15:21:06.350,14392,14393,14393,1
2020-12-09 15:21:07.683,14392,14393,14392,2
2020-12-09 15:21:18.520,14392,14393,14392,1
2020-12-09 15:21:20.080,14392,14393,14392,2
2020-12-09 15:21:21.711,14392,14393,14392,1
2020-12-09 15:21:21.903,14392,14393,14392,1
2020-12-09 15:21:22.862,14392,14393,14392,1
2020-12-09 15:21:23.058,14392,14393,14392,2
2020-12-09 15:21:23.218,14392,14393,14392,1
2020-12-09 15:21:24.503,14392,14393,14392,3
2020-12-09 15:21:24.504,14392,14393,14392,1
2020-12-09 15:21:24.504,14392,14393,14392,1
2020-12-09 15:21:25.751,14392,14393,14392,4
2020-12-09 15:21:27.089,14392,14393,14393,1
2020-12-09 15:21:27.245,14392,14393,14392,1
2020-12-09 15:21:31.325,14392,14393,14392,2
2020-12-09 15:21:39.266,14391,14392,14392,1
2020-12-09 15:21:45.301,14391,14392,14392,6
2020-12-09 15:21:46.925,14391,14392,14391,1
2020-12-09 15:21:47.068,14391,14392,14392,2
2020-12-09 15:21:57.850,14392,14393,14393,1
2020-12-09 15:22:02.350,14392,14393,14392,2
2020-12-09 15:22:05.222,14392,14393,14393,1
2020-12-09 15:22:09.264,14392,14393,14393,1
2020-12-09 15:22:10.440,14392,14393,14393,1
2020-12-09 15:22:18.233,14392,14393,14392,2
2020-12-09 15:22:23.858,14391,14392,14392,1
2020-12-09 15:22:28.611,14391,14392,14392,1
2020-12-09 15:22:30.532,14391,14392,14392,1
2020-12-09 15:22:33.835,14392,14393,14392,1
2020-12-09 15:22:38.413,14391,14392,14392,1
2020-12-09 15:22:39.639,14392,14393,14392,4
2020-12-09 15:22:39.639,14392,14393,14391,5
2020-12-09 15:22:44.774,14392,14393,14392,1
2020-12-09 15:22:44.808,14392,14393,14392,1
2020-12-09 15:22:44.854,14392,14393,14392,1
2020-12-09 15:22:49.957,14391,14393,14391,1
2020-12-09 15:22:58.312,14391,14392,14392,1
2020-12-09 15:22:59.862,14391,14392,14391,1
2020-12-09 15:23:00.979,14391,14392,14392,1
2020-12-09 15:23:03.811,14391,14392,14392,1
2020-12-09 15:23:05.005,14391,14392,14392,1
2020-12-09 15:23:13.812,14391,14392,14391,1
2020-12-09 15:23:14.356,14391,14392,14392,6
2020-12-09 15:23:14.357,14391,14392,14392,1
2020-12-09 15:23:14.551,14392,14393,14393,2
2020-12-09 15:23:15.642,14392,14393,14392,1
2020-12-09 15:23:18.630,14392,14393,14392,2
2020-12-09 15:23:32.961,14391,14392,14392,1
2020-12-09 15:23:35.859,14391,14393,14392,1
2020-12-09 15:23:43.082,14392,14393,14392,1
2020-12-09 15:23:43.619,14392,14393,14392,1
2020-12-09 15:23:44.314,14391,14392,14391,1
2020-12-09 15:23:45.544,14391,14392,14391,3
2020-12-09 15:23:46.104,14391,14392,14391,3
2020-12-09 15:23:51.938,14391,14392,14391,1
2020-12-09 15:23:52.021,14391,14392,14391,1
2020-12-09 15:23:52.021,14391,14392,14391,6
2020-12-09 15:23:52.021,14391,14392,14391,4
2020-12-09 15:23:52.021,14391,14392,14391,13
2020-12-09 15:23:52.022,14391,14392,14391,2
2020-12-09 15:24:00.315,14390,14391,14390,1
2020-12-09 15:24:06.025,14390,14391,14391,2
2020-12-09 15:24:06.190,14390,14391,14390,1
2020-12-09 15:24:06.194,14390,14391,14390,1
2020-12-09 15:24:08.043,14390,14391,14390,8
2020-12-09 15:24:08.043,14390,14391,14390,1
2020-12-09 15:24:08.043,14390,14391,14390,2
2020-12-09 15:24:08.492,14389,14390,14390,2
2020-12-09 15:24:10.897,14389,14391,14391,3
2020-12-09 15:24:20.037,14389,14390,14389,2
2020-12-09 15:24:21.212,14389,14390,14390,1
2020-12-09 15:24:31.277,14389,14390,14389,1
2020-12-09 15:24:33.255,14389,14390,14389,1
2020-12-09 15:24:40.338,14388,14389,14388,3
2020-12-09 15:24:44.205,14388,14389,14388,1
2020-12-09 15:24:44.555,14388,14389,14388,1
2020-12-09 15:24:49.496,14388,14389,14388,1
2020-12-09 15:24:52.622,14388,14389,14388,3
2020-12-09 15:24:56.550,14388,14389,14388,2
2020-12-09 15:24:56.551,14388,14389,14388,1
2020-12-09 15:25:04.310,14388,14389,14388,6
2020-12-09 15:25:04.312,14388,14389,14388,4
2020-12-09 15:25:22.139,14388,14389,14388,1
2020-12-09 15:25:22.520,14388,14389,14388,1
2020-12-09 15:25:31.588,14388,14389,14388,1
2020-12-09 15:25:38.136,14388,14389,14388,1
2020-12-09 15:25:39.747,14388,14389,14388,2
2020-12-09 15:25:39.951,14388,14389,14388,1
2020-12-09 15:25:40.607,14387,14389,14388,1
2020-12-09 15:25:46.658,14388,14389,14388,1
2020-12-09 15:25:54.600,14388,14389,14388,1
2020-12-09 15:25:58.921,14388,14389,14388,1
2020-12-09 15:26:02.266,14388,14389,14388,4
2020-12-09 15:26:05.533,14388,14389,14388,1
2020-12-09 15:26:13.255,14388,14389,14388,1
2020-12-09 15:26:14.007,14388,14389,14389,7
2020-12-09 15:26:19.336,14388,14390,14389,1
2020-12-09 15:26:39.159,14389,14390,14389,1
2020-12-09 15:26:39.160,14389,14390,14389,1
2020-12-09 15:26:40.430,14388,14390,14390,1
2020-12-09 15:26:42.373,14388,14390,14390,1
2020-12-09 15:26:57.996,14389,14390,14390,1
2020-12-09 15:26:57.996,14389,14390,14390,3
2020-12-09 15:27:05.045,14390,14391,14390,1
2020-12-09 15:27:05.045,14390,14391,14390,1
2020-12-09 15:27:05.046,14390,14391,14390,1
2020-12-09 15:27:05.256,14390,14391,14390,1
2020-12-09 15:27:07.670,14390,14391,14391,1
2020-12-09 15:27:08.708,14390,14391,14390,1
2020-12-09 15:27:09.630,14390,14391,14391,4
2020-12-09 15:27:10.539,14391,14392,14391,1
2020-12-09 15:27:13.091,14390,14391,14391,1
2020-12-09 15:27:15.170,14390,14392,14391,1
2020-12-09 15:27:18.748,14390,14392,14392,1
2020-12-09 15:27:25.776,14390,14392,14392,1
2020-12-09 15:27:28.618,14391,14392,14391,1
2020-12-09 15:27:28.754,14390,14391,14390,4
2020-12-09 15:27:35.901,14390,14391,14391,1
2020-12-09 15:27:37.461,14390,14392,14390,1
2020-12-09 15:27:41.432,14390,14391,14390,4
2020-12-09 15:27:43.213,14390,14391,14390,2
2020-12-09 15:27:46.365,14390,14391,14390,2
2020-12-09 15:27:48.464,14390,14391,14391,2
2020-12-09 15:27:51.057,14391,14392,14392,1
2020-12-09 15:27:52.493,14391,14392,14391,1
2020-12-09 15:27:52.512,14391,14392,14391,1
2020-12-09 15:27:52.548,14391,14392,14390,1
2020-12-09 15:27:52.655,14390,14391,14390,4
2020-12-09 15:28:00.712,14390,14391,14390,1
2020-12-09 15:28:08.371,14390,14391,14390,1
2020-12-09 15:28:09.330,14390,14391,14390,1
2020-12-09 15:28:15.313,14390,14391,14391,2
2020-12-09 15:28:18.780,14391,14392,14392,1
2020-12-09 15:28:18.937,14391,14392,14392,1
2020-12-09 15:28:19.057,14391,14392,14392,1
2020-12-09 15:28:19.178,14391,14392,14392,1
2020-12-09 15:28:23.829,14391,14392,14392,5
2020-12-09 15:28:24.370,14392,14393,14392,1
2020-12-09 15:28:37.544,14392,14393,14393,4
2020-12-09 15:28:37.893,14392,14394,14394,2
2020-12-09 15:28:39.946,14392,14394,14394,1
2020-12-09 15:28:40.067,14392,14394,14394,1
2020-12-09 15:28:40.196,14392,14394,14394,1
2020-12-09 15:28:40.484,14392,14394,14392,2
2020-12-09 15:28:57.068,14392,14393,14393,2
2020-12-09 15:29:01.896,14392,14393,14393,1
2020-12-09 15:29:02.864,14392,14393,14392,1
2020-12-09 15:29:03.222,14392,14393,14393,1
2020-12-09 15:29:05.043,14393,14394,14393,1
2020-12-09 15:29:11.867,14393,14394,14393,1
2020-12-09 15:29:12.775,14393,14394,14393,1
2020-12-09 15:29:12.805,14393,14394,14394,1
2020-12-09 15:29:14.748,14393,14394,14393,2
2020-12-09 15:29:17.702,14393,14394,14393,4
2020-12-09 15:29:17.703,14393,14394,14393,1
2020-12-09 15:29:17.794,14393,14394,14392,2
2020-12-09 15:29:18.352,14392,14393,14393,1
2020-12-09 15:29:22.067,14392,14393,14392,1
2020-12-09 15:29:22.067,14392,14393,14392,1
2020-12-09 15:29:22.103,14392,14393,14391,2
2020-12-09 15:29:22.819,14391,14392,14392,1
2020-12-09 15:29:22.843,14391,14392,14393,5
2020-12-09 15:29:25.042,14391,14393,14393,11
2020-12-09 15:29:39.617,14393,14394,14393,1
2020-12-09 15:29:39.618,14393,14394,14393,1
2020-12-09 15:29:39.618,14393,14394,14393,4
2020-12-09 15:29:39.618,14393,14394,14393,4
2020-12-09 15:29:42.692,14392,14393,14393,1
2020-12-09 15:29:44.772,14392,14393,14393,1
2020-12-09 15:29:44.828,14393,14394,14393,1
2020-12-09 15:29:45.816,14393,14394,14393,1
2020-12-09 15:29:54.138,14393,14394,14393,3
2020-12-09 15:30:01.016,14393,14394,14393,1
2020-12-09 15:30:01.178,14393,14394,14393,1
2020-12-09 15:30:01.554,14393,14394,14393,2
2020-12-09 15:30:01.829,14393,14394,14393,1
2020-12-09 15:30:10.020,14393,14394,14393,4
2020-12-09 15:30:10.020,14393,14394,14393,7
2020-12-09 15:30:12.515,14392,14393,14393,1
2020-12-09 15:30:18.381,14392,14394,14394,2
2020-12-09 15:30:19.885,14392,14394,14393,2
2020-12-09 15:30:19.885,14392,14394,14393,2
2020-12-09 15:30:21.662,14393,14394,14393,1
2020-12-09 15:30:29.046,14393,14394,14393,1
2020-12-09 15:30:30.067,14393,14394,14393,1
2020-12-09 15:30:30.227,14393,14394,14393,1
2020-12-09 15:30:31.784,14392,14393,14393,1
2020-12-09 15:30:41.282,14392,14393,14393,1
2020-12-09 15:30:41.282,14392,14393,14393,1
2020-12-09 15:30:43.171,14393,14394,14393,1
2020-12-09 15:30:49.830,14393,14394,14393,1
2020-12-09 15:30:50.979,14393,14394,14393,1
2020-12-09 15:30:55.045,14393,14394,14394,1
2020-12-09 15:30:55.064,14393,14394,14394,1
2020-12-09 15:30:55.083,14393,14394,14394,1
2020-12-09 15:31:02.572,14393,14394,14394,8
2020-12-09 15:31:10.755,14393,14394,14394,1
2020-12-09 15:31:19.627,14394,14395,14394,1
2020-12-09 15:31:19.825,14393,14395,14393,1
2020-12-09 15:31:20.031,14393,14395,14394,1
2020-12-09 15:31:20.211,14393,14395,14393,1
2020-12-09 15:31:20.403,14393,14395,14393,1
2020-12-09 15:31:20.599,14393,14395,14393,1
2020-12-09 15:31:20.800,14393,14395,14393,1
2020-12-09 15:31:21.014,14393,14395,14393,1
2020-12-09 15:31:21.239,14393,14395,14393,1
2020-12-09 15:31:21.489,14393,14395,14393,1
2020-12-09 15:31:22.217,14393,14395,14393,1
2020-12-09 15:31:23.507,14393,14395,14393,1
2020-12-09 15:31:38.593,14393,14394,14393,1
2020-12-09 15:32:26.322,14393,14394,14394,5
2020-12-09 15:32:35.684,14394,14395,14394,1
2020-12-09 15:32:45.557,14394,14395,14394,1
2020-12-09 15:32:55.389,14394,14395,14395,1
2020-12-09 15:32:59.932,14394,14395,14395,1
2020-12-09 15:32:59.932,14394,14395,14395,1
2020-12-09 15:32:59.932,14394,14395,14395,5
2020-12-09 15:32:59.933,14394,14395,14395,2
2020-12-09 15:32:59.933,14394,14395,14395,3
2020-12-09 15:32:59.933,14394,14395,14395,1
2020-12-09 15:32:59.933,14394,14395,14395,19
2020-12-09 15:32:59.933,14394,14395,14395,1
2020-12-09 15:32:59.933,14394,14395,14395,2
2020-12-09 15:32:59.933,14394,14395,14395,3
2020-12-09 15:33:00.798,14394,14396,14396,1
2020-12-09 15:33:02.859,14395,14396,14396,1
2020-12-09 15:33:02.930,14395,14396,14395,1
2020-12-09 15:33:04.160,14395,14396,14396,1
2020-12-09 15:33:05.210,14395,14396,14396,1
2020-12-09 15:33:06.097,14395,14396,14396,1
2020-12-09 15:33:11.293,14395,14396,14396,1
2020-12-09 15:33:15.285,14395,14396,14396,1
2020-12-09 15:33:17.459,14395,14396,14396,1
2020-12-09 15:33:17.474,14395,14396,14396,1
2020-12-09 15:33:17.489,14395,14396,14396,1
2020-12-09 15:33:18.836,14395,14396,14396,2
2020-12-09 15:33:24.569,14395,14396,14396,1
2020-12-09 15:33:34.456,14395,14396,14396,2
2020-12-09 15:33:35.696,14395,14396,14396,1
2020-12-09 15:33:36.708,14395,14396,14396,1
2020-12-09 15:33:37.783,14395,14396,14396,2
2020-12-09 15:33:37.804,14395,14396,14396,2
2020-12-09 15:33:37.823,14395,14396,14396,2
2020-12-09 15:33:37.823,14395,14396,14396,4
2020-12-09 15:33:40.478,14395,14396,14396,1
2020-12-09 15:33:43.494,14395,14396,14396,2
2020-12-09 15:33:44.461,14395,14396,14396,1
2020-12-09 15:33:44.714,14395,14397,14395,1
2020-12-09 15:33:45.238,14395,14397,14397,5
2020-12-09 15:33:45.348,14395,14397,14397,1
2020-12-09 15:33:47.353,14395,14397,14397,2
2020-12-09 15:33:59.095,14396,14397,14396,1
2020-12-09 15:33:59.181,14396,14397,14396,1
2020-12-09 15:34:06.657,14395,14396,14396,2
2020-12-09 15:34:07.489,14395,14396,14396,1
2020-12-09 15:34:07.555,14395,14396,14395,1
2020-12-09 15:34:07.557,14395,14396,14395,1
2020-12-09 15:34:07.743,14395,14396,14396,1
2020-12-09 15:34:08.140,14395,14396,14395,1
2020-12-09 15:34:08.630,14395,14396,14396,1
2020-12-09 15:34:09.587,14396,14397,14396,1
2020-12-09 15:34:15.193,14396,14397,14397,1
2020-12-09 15:34:19.399,14396,14397,14397,4
2020-12-09 15:34:23.086,14396,14397,14397,1
2020-12-09 15:34:24.119,14396,14397,14397,1
2020-12-09 15:34:30.207,14396,14397,14397,1
2020-12-09 15:34:36.077,14396,14397,14397,7
2020-12-09 15:34:36.334,14397,14398,14397,1
2020-12-09 15:34:36.737,14397,14398,14397,1
2020-12-09 15:34:37.851,14397,14398,14397,1
2020-12-09 15:34:40.831,14397,14398,14398,1
2020-12-09 15:34:41.349,14397,14398,14397,2
2020-12-09 15:34:48.827,14397,14398,14398,1
2020-12-09 15:34:53.070,14397,14398,14398,2
2020-12-09 15:34:53.942,14397,14398,14398,4
2020-12-09 15:34:57.256,14397,14398,14398,2
2020-12-09 15:34:58.672,14397,14398,14397,7
2020-12-09 15:35:00.033,14396,14397,14397,1
2020-12-09 15:35:00.178,14396,14397,14397,1
2020-12-09 15:35:06.460,14396,14397,14397,1
2020-12-09 15:35:09.193,14396,14397,14397,1
2020-12-09 15:35:09.256,14396,14397,14397,2
2020-12-09 15:35:11.446,14396,14397,14397,1
2020-12-09 15:35:14.489,14396,14397,14397,3
2020-12-09 15:35:14.489,14396,14397,14397,1
2020-12-09 15:35:14.490,14396,14397,14397,2
2020-12-09 15:35:15.155,14396,14397,14396,1
2020-12-09 15:35:20.696,14396,14397,14397,1
2020-12-09 15:35:36.404,14396,14397,14397,1
2020-12-09 15:35:51.092,14396,14397,14397,1
2020-12-09 15:36:10.220,14396,14397,14397,1
2020-12-09 15:36:29.537,14396,14397,14397,1
2020-12-09 15:36:36.852,14396,14397,14397,1
2020-12-09 15:36:37.280,14396,14397,14397,1
2020-12-09 15:36:40.443,14396,14397,14396,1
2020-12-09 15:36:40.575,14396,14397,14396,1
2020-12-09 15:36:50.455,14396,14397,14396,1
2020-12-09 15:36:50.752,14396,14397,14396,1
2020-12-09 15:36:53.776,14396,14397,14396,1
2020-12-09 15:36:53.826,14396,14397,14396,1
2020-12-09 15:36:54.368,14396,14397,14396,5
2020-12-09 15:36:54.368,14396,14397,14396,1
2020-12-09 15:36:54.369,14396,14397,14396,1
2020-12-09 15:36:59.480,14395,14396,14396,1
2020-12-09 15:37:00.214,14395,14396,14395,1
2020-12-09 15:37:04.607,14395,14396,14396,1
2020-12-09 15:37:06.809,14395,14396,14395,1
2020-12-09 15:37:07.415,14395,14396,14396,1
2020-12-09 15:37:07.561,14395,14396,14396,1
2020-12-09 15:37:26.142,14395,14396,14395,1
2020-12-09 15:37:37.667,14395,14396,14395,3
2020-12-09 15:37:38.639,14395,14396,14395,1
2020-12-09 15:37:41.468,14395,14396,14395,1
2020-12-09 15:37:58.722,14395,14396,14395,1
2020-12-09 15:37:59.236,14395,14396,14396,2
2020-12-09 15:37:59.237,14395,14396,14396,1
2020-12-09 15:37:59.237,14395,14396,14396,4
2020-12-09 15:37:59.238,14395,14396,14396,2
2020-12-09 15:38:10.011,14395,14397,14395,1
2020-12-09 15:38:11.972,14395,14397,14395,1
2020-12-09 15:38:24.911,14395,14396,14396,1
2020-12-09 15:38:45.828,14395,14396,14395,1
2020-12-09 15:38:48.746,14395,14396,14395,1
2020-12-09 15:38:48.746,14395,14396,14395,4
2020-12-09 15:38:49.971,14394,14395,14395,2
2020-12-09 15:38:59.379,14394,14395,14394,4
2020-12-09 15:38:59.380,14394,14395,14394,1
2020-12-09 15:38:59.890,14393,14394,14394,4
2020-12-09 15:39:01.130,14393,14394,14393,1
2020-12-09 15:39:06.944,14393,14394,14393,1
2020-12-09 15:39:10.196,14393,14394,14393,1
2020-12-09 15:39:11.304,14393,14394,14394,2
2020-12-09 15:39:16.710,14393,14394,14394,1
2020-12-09 15:39:22.630,14393,14394,14394,5
2020-12-09 15:39:35.983,14394,14395,14394,1
2020-12-09 15:39:35.984,14394,14395,14394,1
2020-12-09 15:39:39.920,14393,14394,14393,1
2020-12-09 15:39:40.835,14393,14395,14393,1
2020-12-09 15:39:46.176,14393,14394,14393,1
2020-12-09 15:39:46.641,14393,14394,14393,2
2020-12-09 15:39:48.918,14393,14394,14393,3
2020-12-09 15:40:17.521,14393,14394,14393,1
2020-12-09 15:40:20.954,14393,14394,14394,2
2020-12-09 15:40:20.955,14393,14394,14394,1
2020-12-09 15:40:36.740,14394,14395,14395,2
2020-12-09 15:40:36.740,14394,14395,14395,1
2020-12-09 15:40:36.740,14394,14395,14395,16
2020-12-09 15:40:48.015,14394,14395,14395,1
2020-12-09 15:40:48.015,14394,14395,14396,1
2020-12-09 15:40:57.604,14394,14396,14396,1
2020-12-09 15:41:10.364,14395,14396,14395,2
2020-12-09 15:41:17.227,14394,14396,14394,2
2020-12-09 15:41:32.366,14394,14395,14394,1
2020-12-09 15:41:36.092,14394,14395,14394,1
2020-12-09 15:41:50.163,14394,14395,14394,2
2020-12-09 15:42:06.002,14393,14394,14394,1
2020-12-09 15:42:14.595,14393,14394,14393,5
2020-12-09 15:42:28.281,14392,14393,14392,5
2020-12-09 15:42:28.531,14392,14393,14392,1
2020-12-09 15:42:28.598,14392,14393,14392,1
2020-12-09 15:42:28.599,14392,14393,14392,6
2020-12-09 15:42:37.112,14391,14393,14392,1
2020-12-09 15:42:48.546,14392,14393,14392,1
2020-12-09 15:42:51.199,14392,14393,14392,1
2020-12-09 15:42:53.496,14391,14392,14391,1
2020-12-09 15:42:54.898,14391,14392,14392,2
2020-12-09 15:43:11.612,14391,14392,14391,2
2020-12-09 15:43:12.987,14391,14392,14392,1
2020-12-09 15:43:19.026,14391,14392,14391,1
2020-12-09 15:43:25.132,14391,14392,14391,6
2020-12-09 15:43:25.895,14391,14392,14391,1
2020-12-09 15:43:42.708,14391,14392,14391,1
2020-12-09 15:43:55.749,14391,14392,14391,1
2020-12-09 15:44:14.048,14391,14392,14391,1
2020-12-09 15:44:17.051,14391,14392,14392,2
2020-12-09 15:44:17.051,14391,14392,14392,4
2020-12-09 15:44:17.051,14391,14392,14392,2
2020-12-09 15:44:17.051,14391,14392,14392,10
2020-12-09 15:44:17.235,14392,14393,14392,1
2020-12-09 15:44:21.859,14392,14393,14392,3
2020-12-09 15:44:37.657,14392,14393,14392,2
2020-12-09 15:44:37.657,14392,14393,14392,1
2020-12-09 15:44:37.657,14392,14393,14392,1
2020-12-09 15:44:38.328,14391,14392,14392,1
2020-12-09 15:44:39.142,14391,14392,14391,2
2020-12-09 15:44:39.142,14391,14392,14391,2
2020-12-09 15:44:40.448,14390,14392,14391,1
2020-12-09 15:44:56.003,14390,14391,14391,7
2020-12-09 15:45:10.890,14391,14392,14392,1
2020-12-09 15:45:12.860,14392,14393,14392,1
2020-12-09 15:45:30.772,14392,14393,14392,1
2020-12-09 15:45:36.718,14391,14392,14392,5
2020-12-09 15:45:36.805,14391,14393,14393,1
2020-12-09 15:45:36.807,14391,14393,14393,1
2020-12-09 15:45:50.499,14392,14393,14393,4
2020-12-09 15:45:50.499,14392,14393,14393,3
2020-12-09 15:45:50.556,14393,14394,14394,1
2020-12-09 15:46:07.646,14393,14394,14394,2
2020-12-09 15:46:07.647,14393,14394,14394,1
2020-12-09 15:46:07.693,14393,14394,14394,3
2020-12-09 15:46:07.693,14393,14394,14394,2
2020-12-09 15:46:12.980,14393,14394,14394,1
2020-12-09 15:46:19.882,14393,14394,14394,1
2020-12-09 15:46:39.574,14393,14394,14393,1
2020-12-09 15:46:45.231,14393,14394,14393,1
2020-12-09 15:47:23.517,14393,14394,14393,2
2020-12-09 15:47:33.995,14393,14394,14394,1
2020-12-09 15:47:36.032,14393,14394,14393,1
2020-12-09 15:47:41.220,14393,14394,14394,1
2020-12-09 15:47:54.035,14393,14394,14394,1
2020-12-09 15:48:02.310,14393,14394,14394,4
2020-12-09 15:48:02.311,14393,14394,14394,1
2020-12-09 15:48:08.092,14394,14395,14395,2
2020-12-09 15:48:35.761,14395,14396,14395,1
2020-12-09 15:48:36.614,14395,14396,14395,1
2020-12-09 15:48:37.593,14395,14396,14395,1
2020-12-09 15:48:43.589,14395,14396,14396,2
2020-12-09 15:48:45.718,14395,14396,14396,1
2020-12-09 15:48:46.663,14395,14396,14396,1
2020-12-09 15:48:46.671,14395,14396,14396,3
2020-12-09 15:48:48.207,14396,14397,14397,2
2020-12-09 15:48:49.807,14396,14397,14396,1
2020-12-09 15:48:53.803,14395,14397,14397,1
2020-12-09 15:49:02.213,14396,14397,14396,2
2020-12-09 15:49:06.534,14395,14396,14396,1
2020-12-09 15:49:12.900,14395,14396,14396,1
2020-12-09 15:49:13.111,14395,14396,14395,1
2020-12-09 15:49:24.139,14395,14396,14396,1
2020-12-09 15:49:25.049,14395,14396,14396,1
2020-12-09 15:49:27.242,14395,14396,14396,1
2020-12-09 15:49:31.342,14395,14396,14396,1
2020-12-09 15:49:31.686,14395,14397,14396,5
2020-12-09 15:49:37.752,14395,14396,14396,1
2020-12-09 15:49:52.247,14395,14396,14396,1
2020-12-09 15:49:59.212,14395,14396,14395,7
2020-12-09 15:49:59.212,14395,14396,14395,6
2020-12-09 15:49:59.212,14395,14396,14395,4
2020-12-09 15:49:59.212,14395,14396,14395,1
2020-12-09 15:49:59.212,14395,14396,14395,3
2020-12-09 15:50:08.539,14394,14395,14395,1
2020-12-09 15:50:23.738,14394,14395,14394,1
2020-12-09 15:50:28.596,14394,14395,14394,2
2020-12-09 15:50:38.936,14393,14394,14394,1
2020-12-09 15:50:48.479,14393,14394,14394,1
2020-12-09 15:51:03.206,14393,14394,14394,1
2020-12-09 15:51:05.657,14393,14394,14394,1
2020-12-09 15:51:06.792,14393,14395,14395,1
2020-12-09 15:51:19.281,14394,14395,14394,1
2020-12-09 15:51:43.984,14393,14394,14394,1
2020-12-09 15:51:47.103,14394,14395,14394,2
2020-12-09 15:51:52.009,14394,14395,14394,1
2020-12-09 15:51:54.470,14394,14395,14395,1
2020-12-09 15:51:57.097,14394,14395,14395,1
2020-12-09 15:52:00.848,14394,14395,14395,1
2020-12-09 15:52:09.887,14394,14395,14395,2
2020-12-09 15:52:15.253,14394,14395,14395,1
2020-12-09 15:52:35.399,14395,14396,14395,1
2020-12-09 15:53:07.429,14394,14395,14395,2
2020-12-09 15:53:38.983,14394,14395,14394,1
2020-12-09 15:53:38.984,14394,14395,14394,4
2020-12-09 15:53:38.984,14394,14395,14394,1
2020-12-09 15:53:42.436,14393,14394,14393,1
2020-12-09 15:53:42.700,14393,14394,14394,1
2020-12-09 15:53:44.844,14393,14394,14393,2
2020-12-09 15:53:52.459,14393,14394,14393,1
2020-12-09 15:54:03.738,14393,14394,14393,2
2020-12-09 15:54:03.804,14393,14394,14393,8
2020-12-09 15:54:07.983,14392,14394,14394,1
2020-12-09 15:54:13.377,14393,14394,14393,1
2020-12-09 15:54:17.982,14393,14394,14393,1
2020-12-09 15:54:38.388,14393,14394,14393,3
2020-12-09 15:54:38.389,14393,14394,14393,4
2020-12-09 15:54:51.158,14392,14393,14392,5
2020-12-09 15:55:19.239,14392,14393,14392,1
2020-12-09 15:55:19.743,14392,14393,14392,3
2020-12-09 15:55:29.775,14392,14393,14392,1
2020-12-09 15:55:42.561,14391,14392,14392,1
2020-12-09 15:55:43.991,14391,14392,14392,2
2020-12-09 15:55:48.751,14392,14393,14392,4
2020-12-09 15:55:48.941,14391,14392,14392,1
2020-12-09 15:55:59.958,14391,14392,14392,1
2020-12-09 15:56:04.568,14391,14392,14392,1
2020-12-09 15:56:21.859,14391,14392,14392,1
2020-12-09 15:56:31.982,14391,14392,14392,1
2020-12-09 15:56:35.436,14391,14392,14392,1
2020-12-09 15:56:49.866,14391,14392,14392,1
2020-12-09 15:56:57.387,14391,14392,14392,1
2020-12-09 15:56:57.401,14391,14392,14392,2
2020-12-09 15:57:26.412,14392,14393,14393,1
2020-12-09 15:57:35.469,14392,14393,14393,1
2020-12-09 15:57:35.554,14392,14393,14393,1
2020-12-09 15:57:36.196,14393,14394,14393,3
2020-12-09 15:58:31.925,14393,14394,14394,4
2020-12-09 15:58:32.326,14394,14395,14394,3
2020-12-09 15:58:32.423,14394,14395,14393,1
2020-12-09 15:58:52.109,14393,14394,14393,1
2020-12-09 15:59:43.108,14393,14394,14393,1
2020-12-09 15:59:58.473,14393,14394,14393,3
2020-12-09 16:00:02.361,14392,14393,14392,1
2020-12-09 16:00:02.361,14392,14393,14392,14
2020-12-09 16:00:02.361,14392,14393,14392,4
2020-12-09 16:00:02.695,14391,14392,14391,1
2020-12-09 16:00:02.733,14391,14392,14391,2
2020-12-09 16:00:02.877,14391,14392,14391,2
2020-12-09 16:00:02.969,14391,14392,14391,1
2020-12-09 16:00:03.060,14391,14392,14391,5
2020-12-09 16:00:03.133,14391,14392,14391,1
2020-12-09 16:00:03.179,14391,14392,14391,4
2020-12-09 16:00:03.181,14391,14392,14390,1
2020-12-09 16:00:03.330,14390,14391,14390,1
2020-12-09 16:00:09.923,14390,14391,14390,1
2020-12-09 16:00:16.327,14390,14391,14390,2
2020-12-09 16:00:16.430,14390,14391,14390,1
2020-12-09 16:00:16.432,14390,14391,14390,1
2020-12-09 16:00:25.356,14390,14391,14391,3
2020-12-09 16:00:25.520,14391,14392,14391,1
2020-12-09 16:00:29.429,14391,14392,14391,1
2020-12-09 16:00:42.607,14390,14392,14390,1
2020-12-09 16:00:42.680,14390,14392,14390,1
2020-12-09 16:00:42.680,14390,14392,14390,1
2020-12-09 16:00:42.681,14390,14392,14390,1
2020-12-09 16:00:42.681,14390,14392,14390,1
2020-12-09 16:00:42.682,14390,14392,14390,1
2020-12-09 16:00:42.682,14390,14392,14390,1
2020-12-09 16:00:42.682,14390,14392,14390,1
2020-12-09 16:00:42.683,14390,14392,14390,1
2020-12-09 16:00:42.683,14390,14392,14390,1
2020-12-09 16:00:42.683,14390,14392,14390,1
2020-12-09 16:00:42.683,14390,14392,14390,1
2020-12-09 16:00:45.810,14390,14392,14390,1
2020-12-09 16:00:48.602,14390,14391,14391,2
2020-12-09 16:00:51.406,14390,14392,14390,1
2020-12-09 16:00:55.608,14391,14392,14391,1
2020-12-09 16:00:57.799,14391,14392,14391,1
2020-12-09 16:01:01.830,14391,14392,14391,1
2020-12-09 16:01:03.005,14391,14392,14392,12
2020-12-09 16:01:05.077,14392,14394,14392,1
2020-12-09 16:01:14.733,14392,14394,14393,1
2020-12-09 16:01:24.342,14392,14393,14393,3
2020-12-09 16:01:28.844,14393,14394,14393,2
2020-12-09 16:01:49.694,14393,14394,14393,1
2020-12-09 16:01:49.694,14393,14394,14393,1
2020-12-09 16:01:49.744,14393,14394,14392,1
2020-12-09 16:01:53.492,14391,14393,14391,1
2020-12-09 16:01:53.863,14390,14392,14392,5
2020-12-09 16:01:53.863,14390,14392,14393,3
2020-12-09 16:02:03.177,14392,14393,14393,1
2020-12-09 16:02:03.454,14393,14394,14393,1
2020-12-09 16:02:04.306,14393,14394,14393,1
2020-12-09 16:02:06.618,14392,14394,14392,1
2020-12-09 16:02:11.195,14393,14394,14393,2
2020-12-09 16:02:11.195,14393,14394,14392,2
2020-12-09 16:02:37.374,14392,14393,14392,1
2020-12-09 16:02:37.374,14392,14393,14392,1
2020-12-09 16:02:37.377,14392,14393,14392,1
2020-12-09 16:02:42.195,14391,14392,14391,1
2020-12-09 16:02:48.223,14390,14392,14390,1
2020-12-09 16:02:55.340,14391,14392,14391,1
2020-12-09 16:02:56.892,14390,14391,14391,1
2020-12-09 16:02:57.604,14391,14392,14392,1
2020-12-09 16:03:01.547,14390,14391,14391,1
2020-12-09 16:03:06.635,14390,14392,14390,7
2020-12-09 16:03:07.788,14390,14391,14390,1
2020-12-09 16:03:18.493,14390,14391,14390,4
2020-12-09 16:03:29.731,14390,14391,14390,1
2020-12-09 16:03:37.275,14389,14390,14390,2
2020-12-09 16:03:45.670,14389,14390,14389,1
2020-12-09 16:03:55.447,14389,14390,14389,1
2020-12-09 16:03:56.000,14389,14390,14389,1
2020-12-09 16:03:57.234,14389,14390,14390,1
2020-12-09 16:03:59.470,14389,14390,14390,1
2020-12-09 16:04:04.804,14389,14390,14390,1
2020-12-09 16:04:07.004,14389,14390,14390,1
2020-12-09 16:04:21.324,14389,14390,14390,2
2020-12-09 16:04:21.324,14389,14390,14390,1
2020-12-09 16:04:25.535,14390,14391,14390,1
2020-12-09 16:04:26.282,14390,14391,14390,1
2020-12-09 16:04:39.409,14390,14391,14391,1
2020-12-09 16:04:40.845,14390,14391,14390,3
2020-12-09 16:04:47.148,14390,14391,14391,2
2020-12-09 16:04:48.029,14391,14392,14391,1
2020-12-09 16:04:58.167,14391,14392,14390,5
2020-12-09 16:04:59.168,14390,14391,14391,1
2020-12-09 16:05:18.791,14390,14391,14390,1
2020-12-09 16:05:18.792,14390,14391,14390,1
2020-12-09 16:05:27.050,14389,14390,14389,1
2020-12-09 16:05:27.050,14389,14390,14389,1
2020-12-09 16:05:27.050,14389,14390,14389,6
2020-12-09 16:05:27.051,14389,14390,14389,1
2020-12-09 16:05:27.051,14389,14390,14389,2
2020-12-09 16:05:27.051,14389,14390,14389,3
2020-12-09 16:05:27.051,14389,14390,14389,13
2020-12-09 16:05:30.788,14388,14389,14388,1
2020-12-09 16:05:30.826,14388,14389,14388,1
2020-12-09 16:05:31.288,14388,14389,14388,5
2020-12-09 16:05:31.647,14387,14388,14388,1
2020-12-09 16:05:35.613,14387,14388,14387,5
2020-12-09 16:05:37.361,14387,14388,14388,1
2020-12-09 16:05:44.779,14387,14388,14387,2
2020-12-09 16:05:45.722,14387,14388,14388,1
2020-12-09 16:05:46.220,14388,14390,14388,1
2020-12-09 16:05:47.559,14388,14389,14388,1
2020-12-09 16:05:47.725,14387,14389,14388,1
2020-12-09 16:05:50.169,14388,14389,14388,1
2020-12-09 16:05:53.199,14388,14389,14388,1
2020-12-09 16:05:54.198,14388,14389,14388,1
2020-12-09 16:05:55.998,14388,14389,14388,1
2020-12-09 16:06:00.972,14387,14388,14388,1
2020-12-09 16:06:04.091,14387,14388,14387,1
2020-12-09 16:06:04.423,14387,14388,14387,4
2020-12-09 16:06:04.423,14387,14388,14386,1
2020-12-09 16:06:04.497,14386,14388,14386,1
2020-12-09 16:06:04.658,14386,14388,14386,5
2020-12-09 16:06:04.678,14386,14387,14387,1
2020-12-09 16:06:04.892,14386,14388,14386,5
2020-12-09 16:06:05.108,14386,14387,14386,5
2020-12-09 16:06:05.319,14386,14387,14386,5
2020-12-09 16:06:05.492,14386,14387,14386,5
2020-12-09 16:06:05.839,14386,14387,14386,5
2020-12-09 16:06:14.610,14385,14386,14386,1
2020-12-09 16:06:19.017,14385,14387,14385,2
2020-12-09 16:06:19.103,14385,14387,14387,1
2020-12-09 16:06:19.113,14385,14387,14385,1
2020-12-09 16:06:19.135,14385,14387,14385,1
2020-12-09 16:06:23.925,14385,14386,14385,5
2020-12-09 16:06:25.124,14385,14386,14386,3
2020-12-09 16:06:26.611,14386,14387,14386,1
2020-12-09 16:06:28.300,14386,14387,14386,5
2020-12-09 16:06:28.380,14385,14387,14387,1
2020-12-09 16:06:31.436,14386,14387,14386,1
2020-12-09 16:06:31.436,14386,14387,14385,4
2020-12-09 16:06:33.832,14385,14386,14385,1
2020-12-09 16:06:35.453,14385,14386,14386,1
2020-12-09 16:06:35.455,14385,14386,14386,4
2020-12-09 16:06:45.856,14385,14386,14386,2
2020-12-09 16:06:46.248,14386,14387,14387,1
2020-12-09 16:06:57.182,14386,14387,14386,1
2020-12-09 16:06:57.182,14386,14387,14385,1
2020-12-09 16:06:58.141,14385,14387,14385,1
2020-12-09 16:06:59.875,14386,14387,14387,1
2020-12-09 16:07:00.184,14386,14387,14387,1
2020-12-09 16:07:17.048,14387,14388,14387,2
2020-12-09 16:07:19.347,14387,14388,14388,1
2020-12-09 16:07:22.271,14387,14388,14388,1
2020-12-09 16:07:32.462,14388,14389,14389,1
2020-12-09 16:07:32.462,14388,14389,14390,1
2020-12-09 16:07:51.295,14388,14390,14390,1
2020-12-09 16:08:05.667,14389,14390,14389,7
2020-12-09 16:08:14.264,14388,14389,14388,3
2020-12-09 16:08:19.818,14387,14388,14388,2
2020-12-09 16:08:24.558,14387,14389,14387,1
2020-12-09 16:08:45.674,14387,14388,14388,1
2020-12-09 16:08:47.376,14388,14389,14388,1
2020-12-09 16:08:51.636,14388,14389,14388,1
2020-12-09 16:08:59.401,14387,14388,14387,1
2020-12-09 16:09:00.609,14387,14388,14387,1
2020-12-09 16:09:00.669,14387,14388,14387,1
2020-12-09 16:09:02.867,14387,14388,14387,2
2020-12-09 16:09:03.589,14387,14388,14388,2
2020-12-09 16:09:04.895,14387,14388,14387,1
2020-12-09 16:09:14.078,14387,14388,14387,1
2020-12-09 16:09:15.361,14387,14388,14387,1
2020-12-09 16:09:15.392,14387,14388,14387,1
2020-12-09 16:09:26.819,14386,14387,14386,1
2020-12-09 16:09:28.214,14386,14387,14386,4
2020-12-09 16:09:28.345,14386,14387,14386,1
2020-12-09 16:09:29.519,14385,14386,14385,16
2020-12-09 16:09:29.521,14385,14386,14385,4
2020-12-09 16:09:29.521,14385,14386,14385,1
2020-12-09 16:09:34.559,14385,14386,14385,1
2020-12-09 16:09:34.559,14385,14386,14384,8
2020-12-09 16:09:39.293,14385,14386,14385,1
2020-12-09 16:09:39.439,14385,14386,14385,2
2020-12-09 16:09:39.440,14385,14386,14385,10
2020-12-09 16:09:39.440,14385,14386,14385,9
2020-12-09 16:09:44.315,14384,14385,14385,1
2020-12-09 16:09:44.366,14384,14385,14385,2
2020-12-09 16:09:51.540,14385,14386,14386,6
2020-12-09 16:09:52.010,14385,14387,14386,1
2020-12-09 16:09:52.689,14385,14386,14386,1
2020-12-09 16:10:05.556,14386,14387,14387,5
2020-12-09 16:10:13.073,14386,14387,14387,1
2020-12-09 16:10:17.302,14386,14387,14387,1
2020-12-09 16:10:22.567,14386,14387,14387,3
2020-12-09 16:10:25.598,14386,14387,14387,8
2020-12-09 16:10:25.599,14386,14387,14387,1
2020-12-09 16:10:27.138,14387,14388,14388,1
2020-12-09 16:10:27.570,14387,14388,14388,1
2020-12-09 16:10:29.385,14386,14388,14386,1
2020-12-09 16:10:50.577,14386,14387,14386,1
2020-12-09 16:10:50.578,14386,14387,14386,4
2020-12-09 16:10:54.953,14385,14386,14386,1
2020-12-09 16:11:03.075,14385,14386,14385,1
2020-12-09 16:11:03.150,14385,14386,14385,6
2020-12-09 16:11:04.146,14384,14385,14384,1
2020-12-09 16:11:05.995,14384,14385,14385,1
2020-12-09 16:11:06.512,14384,14385,14384,10
2020-12-09 16:11:08.598,14384,14385,14384,1
2020-12-09 16:11:08.650,14384,14385,14384,2
2020-12-09 16:11:11.202,14384,14385,14384,1
2020-12-09 16:11:14.733,14384,14385,14384,1
2020-12-09 16:11:18.977,14384,14385,14385,1
2020-12-09 16:11:33.481,14384,14385,14384,4
2020-12-09 16:11:43.704,14384,14385,14385,5
2020-12-09 16:11:48.496,14385,14386,14386,1
2020-12-09 16:11:48.497,14385,14386,14386,3
2020-12-09 16:11:48.497,14385,14386,14386,4
2020-12-09 16:11:48.497,14385,14386,14386,13
2020-12-09 16:11:48.497,14385,14386,14386,2
2020-12-09 16:11:48.497,14385,14386,14386,1
2020-12-09 16:11:48.497,14385,14386,14386,2
2020-12-09 16:11:49.770,14386,14387,14387,4
2020-12-09 16:11:49.770,14386,14387,14388,1
2020-12-09 16:11:57.217,14386,14387,14386,1
2020-12-09 16:11:58.455,14386,14387,14386,1
2020-12-09 16:11:59.957,14386,14387,14386,1
2020-12-09 16:12:00.316,14385,14386,14386,1
2020-12-09 16:12:01.514,14385,14386,14385,2
2020-12-09 16:12:03.764,14384,14385,14385,1
2020-12-09 16:12:03.764,14384,14385,14386,1
2020-12-09 16:12:06.212,14384,14385,14385,1
2020-12-09 16:12:11.951,14385,14386,14385,1
2020-12-09 16:12:14.198,14385,14386,14385,1
2020-12-09 16:12:14.247,14385,14386,14385,1
2020-12-09 16:12:19.604,14385,14386,14385,1
2020-12-09 16:12:25.282,14384,14385,14385,1
2020-12-09 16:12:36.564,14384,14385,14384,3
2020-12-09 16:12:36.716,14384,14385,14385,2
2020-12-09 16:12:40.398,14384,14385,14384,7
2020-12-09 16:12:40.398,14384,14385,14384,3
2020-12-09 16:12:40.819,14383,14385,14385,1
2020-12-09 16:12:45.932,14384,14386,14384,3
2020-12-09 16:13:28.433,14384,14385,14384,1
2020-12-09 16:13:29.371,14384,14385,14384,1
2020-12-09 16:13:36.112,14384,14385,14385,2
2020-12-09 16:13:36.631,14385,14386,14386,1
2020-12-09 16:13:42.531,14385,14386,14385,1
2020-12-09 16:13:48.075,14385,14386,14386,1
2020-12-09 16:13:48.075,14385,14386,14386,5
2020-12-09 16:13:58.326,14385,14386,14386,1
2020-12-09 16:14:03.906,14385,14386,14386,1
2020-12-09 16:14:05.465,14385,14386,14386,4
2020-12-09 16:14:07.611,14386,14387,14386,5
2020-12-09 16:14:07.875,14385,14386,14386,7
2020-12-09 16:14:22.825,14385,14386,14386,1
2020-12-09 16:14:28.342,14386,14387,14387,3
2020-12-09 16:14:31.357,14387,14388,14387,1
2020-12-09 16:14:38.642,14387,14388,14387,1
2020-12-09 16:14:41.942,14387,14388,14388,5
2020-12-09 16:14:42.555,14387,14388,14388,1
2020-12-09 16:14:43.053,14387,14388,14388,2
2020-12-09 16:14:49.538,14387,14388,14388,1
2020-12-09 16:14:50.935,14387,14388,14388,4
2020-12-09 16:14:50.935,14387,14388,14388,4
2020-12-09 16:14:50.935,14387,14388,14388,6
2020-12-09 16:14:52.565,14388,14389,14389,1
2020-12-09 16:14:53.971,14388,14389,14388,1
2020-12-09 16:15:03.273,14388,14389,14388,1
2020-12-09 16:15:03.273,14388,14389,14388,2
2020-12-09 16:15:05.881,14387,14388,14388,3
2020-12-09 16:15:08.138,14387,14388,14388,4
2020-12-09 16:15:11.776,14387,14388,14388,3
2020-12-09 16:15:12.451,14388,14389,14388,2
2020-12-09 16:15:17.283,14387,14388,14388,1
2020-12-09 16:15:17.376,14387,14388,14388,2
2020-12-09 16:15:24.332,14387,14388,14388,1
2020-12-09 16:15:41.761,14387,14388,14388,1
2020-12-09 16:15:45.913,14387,14388,14388,2
2020-12-09 16:16:02.241,14388,14389,14388,3
2020-12-09 16:16:11.542,14387,14388,14388,1
2020-12-09 16:16:21.010,14387,14388,14388,1
2020-12-09 16:16:47.267,14387,14388,14388,1
2020-12-09 16:16:54.965,14387,14388,14387,8
2020-12-09 16:17:02.368,14387,14388,14388,1
2020-12-09 16:17:07.263,14387,14388,14387,1
2020-12-09 16:17:33.643,14387,14388,14387,1
2020-12-09 16:17:34.426,14387,14388,14387,1
2020-12-09 16:17:50.379,14387,14388,14388,1
2020-12-09 16:17:54.733,14387,14388,14388,1
2020-12-09 16:18:03.401,14387,14388,14388,1
2020-12-09 16:18:27.529,14388,14389,14389,4
2020-12-09 16:18:27.529,14388,14389,14389,1
2020-12-09 16:18:27.529,14388,14389,14389,1
2020-12-09 16:18:27.529,14388,14389,14389,2
2020-12-09 16:18:27.529,14388,14389,14389,1
2020-12-09 16:18:27.529,14388,14389,14389,1
2020-12-09 16:18:27.582,14388,14390,14390,8
2020-12-09 16:18:27.716,14389,14390,14390,2
2020-12-09 16:18:27.716,14389,14390,14391,3
2020-12-09 16:18:27.725,14389,14390,14391,5
2020-12-09 16:18:27.770,14389,14390,14391,2
2020-12-09 16:18:27.786,14389,14390,14391,1
2020-12-09 16:18:27.787,14389,14390,14391,1
2020-12-09 16:18:27.885,14390,14392,14390,1
2020-12-09 16:18:27.902,14390,14392,14392,1
2020-12-09 16:18:28.025,14390,14392,14392,1
2020-12-09 16:18:32.641,14389,14391,14391,1
2020-12-09 16:18:33.593,14390,14391,14391,1
2020-12-09 16:18:35.583,14390,14391,14390,1
2020-12-09 16:18:42.343,14390,14391,14390,3
2020-12-09 16:18:50.120,14390,14391,14390,1
2020-12-09 16:18:53.665,14390,14391,14391,1
2020-12-09 16:18:55.724,14390,14391,14391,5
2020-12-09 16:19:02.320,14390,14391,14390,1
2020-12-09 16:19:02.576,14390,14391,14391,2
2020-12-09 16:19:10.484,14390,14391,14390,1
2020-12-09 16:19:16.884,14390,14391,14390,1
2020-12-09 16:19:20.424,14390,14391,14391,3
2020-12-09 16:19:33.726,14390,14391,14390,1
2020-12-09 16:19:33.726,14390,14391,14390,4
2020-12-09 16:19:33.726,14390,14391,14390,6
2020-12-09 16:19:51.528,14390,14391,14390,1
2020-12-09 16:20:04.433,14389,14390,14390,1
2020-12-09 16:20:04.434,14389,14390,14390,1
2020-12-09 16:20:04.655,14389,14391,14390,1
2020-12-09 16:20:04.655,14389,14391,14390,1
2020-12-09 16:20:05.476,14389,14391,14389,1
2020-12-09 16:20:05.479,14389,14391,14389,1
2020-12-09 16:20:05.628,14389,14390,14389,1
2020-12-09 16:20:05.697,14389,14390,14389,1
2020-12-09 16:20:05.845,14389,14390,14389,1
2020-12-09 16:20:06.288,14389,14390,14390,1
2020-12-09 16:20:06.400,14389,14391,14391,1
2020-12-09 16:20:29.629,14389,14390,14390,1
2020-12-09 16:20:33.709,14389,14391,14389,3
2020-12-09 16:20:39.285,14389,14390,14389,1
2020-12-09 16:20:41.210,14388,14389,14389,1
2020-12-09 16:20:47.542,14389,14390,14389,1
2020-12-09 16:20:49.700,14389,14390,14389,1
2020-12-09 16:20:52.606,14388,14389,14388,2
2020-12-09 16:20:57.658,14388,14390,14389,1
2020-12-09 16:21:00.300,14388,14390,14390,1
2020-12-09 16:21:03.441,14388,14389,14389,3
2020-12-09 16:21:09.677,14389,14390,14390,4
2020-12-09 16:21:12.852,14389,14390,14389,1
2020-12-09 16:21:21.642,14389,14390,14389,2
2020-12-09 16:21:31.205,14388,14389,14389,1
2020-12-09 16:21:36.059,14389,14390,14390,4
2020-12-09 16:21:46.374,14390,14391,14390,2
2020-12-09 16:21:49.123,14390,14391,14390,1
2020-12-09 16:22:02.594,14390,14391,14390,1
2020-12-09 16:22:03.246,14389,14390,14389,1
2020-12-09 16:22:05.181,14389,14390,14389,1
2020-12-09 16:22:07.054,14389,14390,14390,4
2020-12-09 16:22:13.494,14389,14391,14389,1
2020-12-09 16:22:13.650,14389,14391,14389,1
2020-12-09 16:22:13.792,14389,14391,14389,1
2020-12-09 16:22:13.973,14389,14391,14389,1
2020-12-09 16:22:14.183,14389,14391,14389,1
2020-12-09 16:22:20.063,14389,14391,14389,1
2020-12-09 16:22:28.318,14390,14391,14390,5
2020-12-09 16:22:31.127,14390,14391,14390,1
2020-12-09 16:22:31.341,14389,14390,14390,1
2020-12-09 16:22:31.517,14389,14390,14390,1
2020-12-09 16:22:37.077,14390,14391,14390,1
2020-12-09 16:22:37.500,14389,14390,14390,1
2020-12-09 16:22:38.028,14389,14390,14390,3
2020-12-09 16:22:42.450,14390,14391,14390,1
2020-12-09 16:22:51.681,14389,14390,14389,3
2020-12-09 16:22:59.858,14388,14389,14388,8
2020-12-09 16:23:00.047,14387,14388,14388,2
2020-12-09 16:23:06.007,14387,14388,14387,3
2020-12-09 16:23:06.225,14386,14387,14387,1
2020-12-09 16:23:10.721,14387,14388,14388,1
2020-12-09 16:23:14.284,14388,14389,14387,1
2020-12-09 16:23:14.515,14387,14389,14387,2
2020-12-09 16:23:21.467,14388,14389,14388,1
2020-12-09 16:23:23.158,14388,14389,14388,1
2020-12-09 16:23:26.202,14387,14388,14387,1
2020-12-09 16:23:32.663,14387,14388,14387,1
2020-12-09 16:23:48.696,14387,14388,14388,4
2020-12-09 16:24:14.864,14387,14388,14388,2
2020-12-09 16:24:14.865,14387,14388,14388,3
2020-12-09 16:24:23.508,14388,14389,14389,2
2020-12-09 16:24:23.508,14388,14389,14389,2
2020-12-09 16:24:29.521,14389,14390,14390,5
2020-12-09 16:24:32.039,14390,14391,14391,1
2020-12-09 16:24:33.446,14390,14391,14391,1
2020-12-09 16:24:33.742,14390,14391,14391,21
2020-12-09 16:24:36.905,14390,14392,14390,2
2020-12-09 16:24:46.924,14391,14392,14391,1
2020-12-09 16:24:51.211,14390,14392,14390,1
2020-12-09 16:25:01.228,14390,14391,14390,1
2020-12-09 16:25:09.875,14390,14391,14390,5
2020-12-09 16:25:10.764,14389,14390,14390,1
2020-12-09 16:25:14.180,14389,14390,14389,1
2020-12-09 16:25:14.634,14389,14390,14390,1
2020-12-09 16:25:15.168,14390,14391,14390,1
2020-12-09 16:25:27.139,14390,14391,14390,1
2020-12-09 16:25:28.962,14390,14391,14391,1
2020-12-09 16:25:28.963,14390,14391,14391,1
2020-12-09 16:25:34.335,14391,14392,14391,1
2020-12-09 16:25:35.356,14389,14391,14391,1
2020-12-09 16:25:38.810,14391,14392,14391,1
2020-12-09 16:25:38.810,14391,14392,14391,3
2020-12-09 16:25:59.362,14391,14392,14392,2
2020-12-09 16:26:01.068,14391,14392,14392,1
2020-12-09 16:26:01.072,14391,14392,14392,5
2020-12-09 16:26:01.073,14391,14392,14392,4
2020-12-09 16:26:01.073,14391,14392,14392,2
2020-12-09 16:26:01.073,14391,14392,14392,3
2020-12-09 16:26:01.073,14391,14392,14392,8
2020-12-09 16:26:01.142,14391,14392,14393,1
2020-12-09 16:26:01.457,14392,14393,14393,2
2020-12-09 16:26:02.982,14391,14393,14393,2
2020-12-09 16:26:03.670,14391,14393,14393,1
2020-12-09 16:26:10.940,14392,14393,14392,1
2020-12-09 16:26:11.128,14392,14393,14392,1
2020-12-09 16:26:15.318,14392,14393,14393,1
2020-12-09 16:26:17.393,14392,14393,14393,2
2020-12-09 16:26:23.508,14392,14393,14393,2
2020-12-09 16:26:23.554,14392,14393,14393,2
2020-12-09 16:26:24.356,14392,14393,14393,1
2020-12-09 16:26:24.356,14392,14393,14393,4
2020-12-09 16:26:24.356,14392,14393,14393,1
2020-12-09 16:26:24.356,14392,14393,14393,11
2020-12-09 16:26:26.094,14392,14394,14394,1
2020-12-09 16:26:26.230,14393,14394,14394,1
2020-12-09 16:26:26.450,14393,14394,14394,1
2020-12-09 16:26:27.189,14393,14394,14394,1
2020-12-09 16:26:29.740,14393,14394,14394,1
2020-12-09 16:26:31.063,14393,14394,14394,1
2020-12-09 16:26:32.106,14393,14394,14394,2
2020-12-09 16:26:34.033,14394,14395,14395,1
2020-12-09 16:26:35.623,14394,14395,14395,6
2020-12-09 16:26:36.378,14394,14395,14395,2
2020-12-09 16:26:36.886,14394,14395,14395,6
2020-12-09 16:26:36.886,14394,14395,14395,2
2020-12-09 16:26:36.904,14394,14395,14396,1
2020-12-09 16:26:37.109,14394,14396,14396,1
2020-12-09 16:26:37.237,14394,14396,14396,1
2020-12-09 16:26:39.212,14394,14395,14395,1
2020-12-09 16:26:40.127,14394,14395,14395,1
2020-12-09 16:26:43.101,14394,14395,14395,2
2020-12-09 16:26:44.728,14394,14395,14395,1
2020-12-09 16:26:46.133,14394,14396,14396,2
2020-12-09 16:26:51.449,14394,14395,14395,1
2020-12-09 16:26:57.492,14394,14395,14395,1
2020-12-09 16:27:04.287,14394,14395,14395,3
2020-12-09 16:27:04.287,14394,14395,14396,2
2020-12-09 16:27:11.126,14394,14396,14396,3
2020-12-09 16:27:12.728,14395,14396,14395,3
2020-12-09 16:27:13.460,14394,14395,14395,1
2020-12-09 16:27:13.962,14394,14395,14395,1
2020-12-09 16:27:13.962,14394,14395,14395,2
2020-12-09 16:27:13.962,14394,14395,14395,3
2020-12-09 16:27:18.641,14395,14396,14395,1
2020-12-09 16:27:20.408,14395,14396,14395,1
2020-12-09 16:27:20.573,14395,14396,14395,1
2020-12-09 16:27:22.838,14395,14396,14396,1
2020-12-09 16:27:29.079,14395,14396,14396,1
2020-12-09 16:27:32.379,14395,14396,14396,2
2020-12-09 16:27:32.531,14395,14396,14396,3
2020-12-09 16:27:33.555,14395,14396,14396,1
2020-12-09 16:27:40.376,14395,14396,14395,4
2020-12-09 16:27:40.376,14395,14396,14395,2
2020-12-09 16:27:43.980,14394,14395,14394,2
2020-12-09 16:27:43.981,14394,14395,14394,2
2020-12-09 16:27:43.981,14394,14395,14394,6
2020-12-09 16:27:43.981,14394,14395,14394,1
2020-12-09 16:27:44.803,14393,14394,14394,1
2020-12-09 16:27:44.866,14393,14394,14394,3
2020-12-09 16:27:49.104,14394,14395,14394,1
2020-12-09 16:27:50.467,14394,14395,14394,7
2020-12-09 16:27:52.407,14393,14394,14394,1
2020-12-09 16:27:52.545,14393,14394,14394,1
2020-12-09 16:28:00.862,14393,14394,14393,10
2020-12-09 16:28:12.056,14393,14394,14394,1
2020-12-09 16:28:14.849,14393,14394,14394,4
2020-12-09 16:28:14.850,14393,14394,14394,1
2020-12-09 16:28:22.844,14394,14395,14394,1
2020-12-09 16:28:27.732,14394,14395,14394,6
2020-12-09 16:28:39.972,14393,14394,14393,2
2020-12-09 16:28:45.042,14393,14394,14394,1
2020-12-09 16:28:52.613,14393,14394,14393,1
2020-12-09 16:28:55.670,14393,14394,14393,3
2020-12-09 16:28:55.839,14392,14393,14393,1
2020-12-09 16:29:01.095,14392,14393,14393,1
2020-12-09 16:29:01.984,14392,14393,14393,1
2020-12-09 16:29:03.076,14392,14393,14393,1
2020-12-09 16:29:18.171,14392,14393,14392,12
2020-12-09 16:29:20.618,14391,14392,14392,1
2020-12-09 16:29:29.341,14391,14392,14391,2
2020-12-09 16:29:36.971,14391,14392,14392,1
2020-12-09 16:29:55.223,14391,14392,14392,2
2020-12-09 16:30:00.362,14392,14393,14393,3
2020-12-09 16:30:01.036,14392,14393,14392,1
2020-12-09 16:30:10.799,14392,14393,14392,1
2020-12-09 16:30:11.843,14392,14393,14393,2
2020-12-09 16:30:11.843,14392,14393,14393,2
2020-12-09 16:30:11.844,14392,14393,14393,2
2020-12-09 16:30:25.236,14393,14394,14393,1
2020-12-09 16:30:31.856,14393,14394,14393,1
2020-12-09 16:30:35.799,14392,14393,14393,1
2020-12-09 16:30:38.333,14392,14393,14393,1
2020-12-09 16:30:55.495,14393,14394,14393,1
2020-12-09 16:30:59.114,14392,14393,14393,1
2020-12-09 16:31:18.711,14392,14393,14393,1
2020-12-09 16:31:24.896,14392,14393,14393,1
2020-12-09 16:31:39.274,14392,14393,14392,2
2020-12-09 16:31:39.385,14392,14393,14392,4
2020-12-09 16:31:39.385,14392,14393,14392,6
2020-12-09 16:31:51.282,14392,14393,14393,3
2020-12-09 16:31:58.719,14392,14393,14393,1
2020-12-09 16:32:02.351,14392,14393,14392,1
2020-12-09 16:32:02.808,14392,14393,14392,1
2020-12-09 16:32:08.170,14392,14393,14392,1
2020-12-09 16:32:28.785,14391,14392,14392,1
2020-12-09 16:32:40.932,14391,14392,14392,1
2020-12-09 16:32:55.972,14391,14392,14391,1
2020-12-09 16:33:02.245,14391,14392,14391,9
2020-12-09 16:33:04.340,14391,14392,14391,2
2020-12-09 16:33:04.921,14391,14392,14391,2
2020-12-09 16:33:19.632,14391,14392,14392,5
2020-12-09 16:33:47.684,14392,14393,14392,1
2020-12-09 16:34:02.730,14391,14392,14392,1
2020-12-09 16:34:15.471,14391,14392,14392,3
2020-12-09 16:34:18.999,14392,14393,14392,3
2020-12-09 16:34:28.103,14391,14392,14392,2
2020-12-09 16:34:28.103,14391,14392,14392,1
2020-12-09 16:34:28.103,14391,14392,14392,1
2020-12-09 16:34:28.103,14391,14392,14392,2
2020-12-09 16:34:28.103,14391,14392,14392,4
2020-12-09 16:34:28.103,14391,14392,14392,6
2020-12-09 16:34:52.520,14392,14393,14392,3
2020-12-09 16:34:52.729,14391,14392,14391,1
2020-12-09 16:35:10.893,14391,14392,14392,1
2020-12-09 16:35:28.831,14391,14392,14392,1
2020-12-09 16:35:32.036,14391,14392,14392,2
2020-12-09 16:35:35.739,14391,14392,14392,1
2020-12-09 16:35:41.684,14391,14392,14392,1
2020-12-09 16:35:56.452,14391,14392,14392,1
2020-12-09 16:36:11.549,14392,14393,14392,1
2020-12-09 16:36:35.577,14392,14393,14392,1
2020-12-09 16:36:55.083,14391,14392,14392,1
2020-12-09 16:37:39.555,14392,14393,14392,1
2020-12-09 16:38:05.553,14392,14393,14393,6
2020-12-09 16:38:46.466,14393,14394,14393,1
2020-12-09 16:38:48.007,14392,14393,14393,1
2020-12-09 16:38:53.270,14392,14393,14393,1
2020-12-09 16:39:18.706,14392,14393,14393,1
2020-12-09 16:39:27.324,14392,14393,14393,1
2020-12-09 16:40:49.891,14393,14394,14393,2
2020-12-09 16:41:10.160,14393,14394,14394,3
2020-12-09 16:41:37.227,14393,14394,14394,2
2020-12-09 16:41:37.227,14393,14394,14394,1
2020-12-09 16:41:37.228,14393,14394,14394,6
2020-12-09 16:41:37.228,14393,14394,14394,12
2020-12-09 16:41:37.228,14393,14394,14394,4
2020-12-09 16:41:37.228,14393,14394,14394,7
2020-12-09 16:41:43.395,14393,14394,14394,1
2020-12-09 16:41:48.020,14394,14395,14394,1
2020-12-09 16:41:48.288,14393,14394,14394,1
2020-12-09 16:42:00.302,14393,14395,14395,1
2020-12-09 16:42:00.432,14393,14395,14395,2
2020-12-09 16:42:00.560,14393,14395,14395,1
2020-12-09 16:42:06.133,14394,14395,14395,2
2020-12-09 16:42:24.360,14393,14395,14395,2
2020-12-09 16:42:25.645,14393,14395,14395,3
2020-12-09 16:42:27.223,14393,14395,14395,1
2020-12-09 16:42:33.449,14394,14395,14394,1
2020-12-09 16:42:34.897,14393,14394,14394,2
2020-12-09 16:42:35.992,14393,14395,14393,1
2020-12-09 16:42:50.251,14393,14394,14394,4
2020-12-09 16:42:55.617,14393,14395,14395,1
2020-12-09 16:43:02.540,14394,14395,14394,1
2020-12-09 16:43:08.586,14394,14395,14395,1
2020-12-09 16:43:13.065,14394,14395,14395,1
2020-12-09 16:43:13.105,14394,14395,14395,1
2020-12-09 16:43:13.105,14394,14395,14395,1
2020-12-09 16:43:13.105,14394,14395,14395,3
2020-12-09 16:43:13.105,14394,14395,14395,1
2020-12-09 16:43:13.105,14394,14395,14395,1
2020-12-09 16:43:13.105,14394,14395,14395,2
2020-12-09 16:43:13.105,14394,14395,14395,2
2020-12-09 16:43:13.105,14394,14395,14395,4
2020-12-09 16:43:13.106,14394,14395,14395,11
2020-12-09 16:43:32.561,14395,14396,14395,2
2020-12-09 16:43:32.561,14395,14396,14395,2
2020-12-09 16:43:41.802,14394,14395,14394,3
2020-12-09 16:43:42.186,14394,14395,14394,1
2020-12-09 16:43:54.318,14394,14395,14394,2
2020-12-09 16:43:58.985,14393,14394,14394,2
2020-12-09 16:44:17.047,14393,14395,14395,1
2020-12-09 16:44:17.381,14393,14395,14393,1
2020-12-09 16:44:43.593,14394,14395,14395,10
2020-12-09 16:44:44.004,14395,14396,14396,2
2020-12-09 16:44:52.086,14394,14395,14395,3
2020-12-09 16:44:56.051,14394,14396,14395,1
2020-12-09 16:45:20.097,14395,14396,14396,1
2020-12-09 16:45:22.208,14395,14396,14396,1
2020-12-09 16:45:22.477,14395,14396,14396,22
2020-12-09 16:45:29.655,14395,14397,14396,1
2020-12-09 16:45:35.886,14396,14397,14397,2
2020-12-09 16:45:36.025,14396,14397,14397,1
2020-12-09 16:45:39.324,14396,14397,14396,2
2020-12-09 16:45:39.333,14396,14397,14396,1
2020-12-09 16:45:41.347,14394,14396,14396,2
2020-12-09 16:45:42.008,14395,14396,14395,4
2020-12-09 16:45:42.008,14395,14396,14394,16
2020-12-09 16:45:46.648,14394,14395,14395,3
2020-12-09 16:45:56.267,14394,14395,14395,1
2020-12-09 16:46:41.338,14395,14396,14396,2
2020-12-09 16:46:48.744,14395,14396,14396,2
2020-12-09 16:46:52.973,14395,14396,14396,2
2020-12-09 16:46:53.873,14395,14396,14396,2
2020-12-09 16:46:55.422,14395,14396,14395,1
2020-12-09 16:46:57.376,14395,14396,14395,1
2020-12-09 16:46:58.015,14395,14396,14395,1
2020-12-09 16:47:05.922,14395,14396,14396,2
2020-12-09 16:47:12.555,14395,14396,14396,3
2020-12-09 16:47:16.276,14395,14396,14396,2
2020-12-09 16:47:24.677,14395,14396,14395,2
2020-12-09 16:47:25.660,14395,14396,14396,3
2020-12-09 16:47:50.407,14395,14396,14396,5
2020-12-09 16:47:56.332,14395,14396,14396,1
2020-12-09 16:47:57.983,14395,14396,14396,2
2020-12-09 16:47:58.250,14395,14396,14396,6
2020-12-09 16:48:02.213,14395,14396,14395,1
2020-12-09 16:48:10.645,14395,14396,14396,2
2020-12-09 16:48:13.743,14396,14397,14396,1
2020-12-09 16:48:21.180,14396,14397,14396,1
2020-12-09 16:48:23.357,14396,14397,14396,1
2020-12-09 16:48:27.505,14396,14397,14396,1
2020-12-09 16:48:28.475,14395,14396,14396,1
2020-12-09 16:48:29.373,14396,14397,14396,1
2020-12-09 16:48:38.863,14396,14397,14396,1
2020-12-09 16:48:53.967,14395,14396,14395,1
2020-12-09 16:48:54.944,14395,14396,14396,1
2020-12-09 16:48:57.463,14395,14396,14396,1
2020-12-09 16:48:57.499,14395,14396,14396,1
2020-12-09 16:49:01.009,14395,14396,14396,2
2020-12-09 16:49:05.248,14395,14396,14395,1
2020-12-09 16:49:18.790,14395,14396,14396,4
2020-12-09 16:49:22.437,14395,14396,14396,3
2020-12-09 16:49:33.595,14396,14397,14396,1
2020-12-09 16:49:35.774,14396,14397,14396,1
2020-12-09 16:49:51.698,14396,14397,14397,1
2020-12-09 16:49:56.000,14396,14397,14397,5
2020-12-09 16:50:01.955,14396,14397,14397,2
2020-12-09 16:50:02.353,14396,14397,14397,1
2020-12-09 16:50:03.925,14396,14397,14397,1
2020-12-09 16:50:09.260,14396,14397,14397,1
2020-12-09 16:50:09.687,14396,14397,14397,1
2020-12-09 16:50:17.720,14396,14397,14397,5
2020-12-09 16:50:20.462,14396,14397,14397,1
2020-12-09 16:50:26.834,14396,14397,14397,3
2020-12-09 16:50:26.835,14396,14397,14397,4
2020-12-09 16:50:27.263,14396,14397,14397,1
2020-12-09 16:50:30.700,14396,14397,14397,1
2020-12-09 16:50:41.264,14396,14397,14397,16
2020-12-09 16:50:49.187,14397,14398,14398,30
2020-12-09 16:50:50.371,14398,14399,14398,6
2020-12-09 16:50:51.104,14398,14399,14398,1
2020-12-09 16:50:51.535,14397,14399,14397,1
2020-12-09 16:50:53.267,14398,14399,14398,1
2020-12-09 16:50:53.666,14398,14399,14398,1
2020-12-09 16:50:53.831,14398,14399,14398,1
2020-12-09 16:50:57.482,14398,14399,14399,1
2020-12-09 16:50:57.525,14398,14399,14399,1
2020-12-09 16:50:57.609,14398,14399,14399,1
2020-12-09 16:50:57.615,14398,14399,14399,2
2020-12-09 16:50:57.703,14398,14399,14399,4
2020-12-09 16:50:57.745,14398,14399,14399,4
2020-12-09 16:50:57.772,14398,14399,14399,1
2020-12-09 16:51:02.524,14398,14399,14398,4
2020-12-09 16:51:05.205,14398,14399,14399,2
2020-12-09 16:51:12.169,14398,14399,14398,1
2020-12-09 16:51:13.847,14398,14399,14398,1
2020-12-09 16:51:13.870,14398,14399,14398,1
2020-12-09 16:51:14.426,14398,14399,14399,14
2020-12-09 16:51:14.646,14399,14400,14399,5
2020-12-09 16:51:15.019,14399,14400,14400,5
2020-12-09 16:51:15.079,14399,14400,14400,8
2020-12-09 16:51:15.080,14399,14400,14400,4
2020-12-09 16:51:15.081,14399,14400,14400,2
2020-12-09 16:51:15.081,14399,14400,14400,5
2020-12-09 16:51:15.122,14399,14400,14400,1
2020-12-09 16:51:15.180,14400,14401,14401,1
2020-12-09 16:51:15.243,14400,14401,14400,1
2020-12-09 16:51:15.274,14400,14401,14401,4
2020-12-09 16:51:15.289,14400,14401,14401,1
2020-12-09 16:51:15.333,14400,14401,14401,1
2020-12-09 16:51:15.337,14400,14401,14401,3
2020-12-09 16:51:15.337,14400,14401,14402,2
2020-12-09 16:51:15.348,14400,14401,14402,4
2020-12-09 16:51:15.356,14400,14401,14402,1
2020-12-09 16:51:15.363,14400,14401,14402,1
2020-12-09 16:51:15.364,14400,14401,14402,1
2020-12-09 16:51:15.365,14400,14401,14402,1
2020-12-09 16:51:15.371,14400,14401,14402,5
2020-12-09 16:51:15.391,14400,14401,14402,1
2020-12-09 16:51:15.416,14400,14401,14402,1
2020-12-09 16:51:15.420,14400,14401,14402,1
2020-12-09 16:51:15.426,14400,14401,14402,1
2020-12-09 16:51:15.439,14401,14402,14402,1
2020-12-09 16:51:15.463,14401,14402,14402,1
2020-12-09 16:51:15.466,14401,14402,14402,1
2020-12-09 16:51:15.490,14401,14402,14402,1
2020-12-09 16:51:15.496,14401,14402,14402,4
2020-12-09 16:51:15.496,14401,14402,14402,2
2020-12-09 16:51:15.502,14401,14402,14403,1
2020-12-09 16:51:15.530,14401,14402,14403,1
2020-12-09 16:51:15.555,14402,14403,14403,1
2020-12-09 16:51:15.611,14402,14403,14403,1
2020-12-09 16:51:15.612,14402,14403,14403,2
2020-12-09 16:51:15.612,14402,14403,14403,2
2020-12-09 16:51:15.612,14402,14403,14403,5
2020-12-09 16:51:15.639,14402,14403,14403,2
2020-12-09 16:51:15.639,14402,14403,14404,3
2020-12-09 16:51:15.695,14402,14404,14404,1
2020-12-09 16:51:15.734,14402,14404,14404,2
2020-12-09 16:51:15.782,14402,14404,14404,5
2020-12-09 16:51:15.790,14402,14404,14404,1
2020-12-09 16:51:15.802,14402,14404,14404,1
2020-12-09 16:51:15.802,14402,14404,14405,2
2020-12-09 16:51:15.873,14403,14405,14405,1
2020-12-09 16:51:15.877,14403,14405,14405,2
2020-12-09 16:51:15.890,14403,14405,14405,1
2020-12-09 16:51:16.079,14403,14405,14405,1
2020-12-09 16:51:16.964,14403,14404,14403,2
2020-12-09 16:51:17.978,14402,14404,14404,1
2020-12-09 16:51:18.610,14402,14404,14404,1
2020-12-09 16:51:19.706,14402,14404,14402,1
2020-12-09 16:51:19.811,14402,14404,14402,1
2020-12-09 16:51:19.812,14402,14404,14402,1
2020-12-09 16:51:19.812,14402,14404,14402,1
2020-12-09 16:51:19.812,14402,14404,14402,1
2020-12-09 16:51:20.090,14401,14402,14401,1
2020-12-09 16:51:20.199,14401,14402,14401,1
2020-12-09 16:51:22.342,14400,14402,14402,1
2020-12-09 16:51:22.509,14400,14402,14401,1
2020-12-09 16:51:22.978,14400,14402,14401,1
2020-12-09 16:51:23.586,14400,14401,14400,1
2020-12-09 16:51:24.484,14400,14401,14401,1
2020-12-09 16:51:24.643,14400,14402,14400,1
2020-12-09 16:51:25.921,14400,14401,14401,1
2020-12-09 16:51:27.315,14400,14402,14402,1
2020-12-09 16:51:27.605,14400,14402,14402,4
2020-12-09 16:51:29.780,14400,14401,14401,1
2020-12-09 16:51:29.817,14400,14401,14401,1
2020-12-09 16:51:31.340,14400,14401,14401,1
2020-12-09 16:51:31.624,14400,14401,14400,1
2020-12-09 16:51:32.119,14400,14401,14400,1
2020-12-09 16:51:32.688,14400,14401,14401,1
2020-12-09 16:51:36.740,14400,14401,14401,1
2020-12-09 16:51:37.358,14400,14402,14402,1
2020-12-09 16:51:38.315,14400,14401,14401,1
2020-12-09 16:51:43.090,14401,14402,14402,1
2020-12-09 16:51:46.025,14401,14402,14402,1
2020-12-09 16:51:47.198,14401,14402,14401,1
2020-12-09 16:51:48.123,14401,14402,14402,3
2020-12-09 16:51:48.521,14401,14403,14401,1
2020-12-09 16:51:50.046,14402,14403,14402,3
2020-12-09 16:51:51.081,14401,14403,14402,1
2020-12-09 16:51:51.620,14401,14403,14403,3
2020-12-09 16:51:52.870,14401,14403,14403,1
2020-12-09 16:51:59.591,14401,14403,14403,1
2020-12-09 16:51:59.998,14401,14403,14403,1
2020-12-09 16:52:00.502,14402,14403,14403,1
2020-12-09 16:52:00.709,14402,14403,14403,1
2020-12-09 16:52:03.917,14402,14403,14402,1
2020-12-09 16:52:05.162,14402,14403,14403,1
2020-12-09 16:52:06.907,14403,14404,14403,1
2020-12-09 16:52:07.610,14402,14404,14402,1
2020-12-09 16:52:11.666,14402,14403,14403,1
2020-12-09 16:52:12.711,14402,14404,14404,1
2020-12-09 16:52:15.257,14402,14404,14404,5
2020-12-09 16:52:17.462,14403,14404,14403,1
2020-12-09 16:52:17.847,14403,14404,14403,1
2020-12-09 16:52:18.195,14403,14404,14403,2
2020-12-09 16:52:19.641,14403,14404,14403,1
2020-12-09 16:52:20.014,14402,14404,14403,1
2020-12-09 16:52:20.656,14402,14403,14403,1
2020-12-09 16:52:21.667,14402,14403,14402,2
2020-12-09 16:52:24.146,14402,14403,14402,1
2020-12-09 16:52:24.520,14402,14403,14402,3
2020-12-09 16:52:43.131,14402,14403,14403,1
2020-12-09 16:52:44.314,14402,14403,14403,3
2020-12-09 16:52:44.937,14402,14403,14402,1
2020-12-09 16:52:50.598,14402,14403,14403,1
2020-12-09 16:52:51.116,14402,14403,14402,9
2020-12-09 16:52:51.588,14401,14402,14402,1
2020-12-09 16:52:56.512,14401,14402,14402,1
2020-12-09 16:52:59.131,14401,14402,14402,3
2020-12-09 16:53:05.116,14401,14402,14402,1
2020-12-09 16:53:06.735,14401,14402,14401,2
2020-12-09 16:53:10.232,14401,14402,14401,2
2020-12-09 16:53:10.232,14401,14402,14401,6
2020-12-09 16:53:10.232,14401,14402,14401,1
2020-12-09 16:53:10.233,14401,14402,14401,5
2020-12-09 16:53:10.233,14401,14402,14401,6
2020-12-09 16:53:12.567,14400,14402,14402,1
2020-12-09 16:53:15.430,14400,14401,14401,1
2020-12-09 16:53:21.846,14401,14402,14401,2
2020-12-09 16:53:23.690,14401,14402,14402,1
2020-12-09 16:53:29.768,14401,14402,14401,2
2020-12-09 16:53:34.154,14401,14402,14401,1
2020-12-09 16:53:34.585,14401,14402,14401,1
2020-12-09 16:53:35.145,14401,14402,14401,1
2020-12-09 16:53:39.628,14401,14402,14402,1
2020-12-09 16:53:54.412,14401,14402,14401,4
2020-12-09 16:53:54.412,14401,14402,14401,1
2020-12-09 16:53:54.412,14401,14402,14401,1
2020-12-09 16:53:54.412,14401,14402,14401,1
2020-12-09 16:54:01.276,14400,14401,14400,2
2020-12-09 16:54:01.616,14400,14401,14401,3
2020-12-09 16:54:02.012,14400,14402,14402,4
2020-12-09 16:54:08.461,14400,14401,14401,1
2020-12-09 16:54:12.754,14400,14401,14400,1
2020-12-09 16:54:16.266,14400,14401,14400,1
2020-12-09 16:54:17.645,14400,14401,14400,4
2020-12-09 16:54:19.273,14400,14401,14400,2
2020-12-09 16:54:20.002,14400,14401,14400,5
2020-12-09 16:54:20.648,14400,14401,14401,1
2020-12-09 16:54:21.301,14400,14401,14400,1
2020-12-09 16:54:24.303,14400,14401,14401,3
2020-12-09 16:54:32.762,14400,14401,14400,5
2020-12-09 16:54:32.996,14400,14401,14400,5
2020-12-09 16:54:33.253,14400,14401,14400,5
2020-12-09 16:54:33.522,14400,14401,14400,2
2020-12-09 16:54:33.522,14400,14401,14399,3
2020-12-09 16:54:34.375,14399,14401,14401,3
2020-12-09 16:54:45.410,14400,14401,14401,1
2020-12-09 16:55:02.362,14400,14401,14400,1
2020-12-09 16:55:09.212,14400,14401,14401,1
2020-12-09 16:55:09.212,14400,14401,14401,1
2020-12-09 16:55:09.212,14400,14401,14401,2
2020-12-09 16:55:16.225,14401,14402,14401,1
2020-12-09 16:55:18.368,14401,14402,14402,1
2020-12-09 16:55:18.389,14401,14402,14402,2
2020-12-09 16:55:21.159,14401,14402,14402,1
2020-12-09 16:55:21.159,14401,14402,14402,1
2020-12-09 16:55:21.160,14401,14402,14402,1
2020-12-09 16:55:21.160,14401,14402,14402,2
2020-12-09 16:55:30.931,14402,14403,14403,2
2020-12-09 16:55:35.493,14402,14403,14403,2
2020-12-09 16:55:37.832,14402,14403,14403,1
2020-12-09 16:55:40.183,14402,14403,14403,1
2020-12-09 16:55:43.509,14402,14403,14403,4
2020-12-09 16:55:47.820,14402,14403,14403,1
2020-12-09 16:55:50.956,14402,14403,14402,1
2020-12-09 16:55:51.061,14402,14403,14402,1
2020-12-09 16:55:55.433,14402,14403,14402,1
2020-12-09 16:55:55.446,14402,14403,14402,1
2020-12-09 16:55:56.344,14402,14403,14402,1
2020-12-09 16:55:59.013,14402,14403,14402,1
2020-12-09 16:56:03.879,14402,14403,14402,1
2020-12-09 16:56:20.506,14402,14403,14402,10
2020-12-09 16:56:20.506,14402,14403,14402,1
2020-12-09 16:56:20.506,14402,14403,14402,1
2020-12-09 16:56:43.253,14400,14402,14400,1
2020-12-09 16:56:48.462,14400,14402,14402,1
2020-12-09 16:57:04.637,14400,14402,14402,2
2020-12-09 16:57:06.004,14400,14402,14402,2
2020-12-09 16:57:08.605,14400,14402,14402,2
2020-12-09 16:57:09.476,14401,14402,14402,2
2020-12-09 16:57:09.985,14401,14402,14402,1
2020-12-09 16:57:10.812,14401,14402,14402,2
2020-12-09 16:57:27.443,14400,14401,14401,2
2020-12-09 16:57:36.315,14400,14401,14400,23
2020-12-09 16:57:36.324,14400,14401,14399,1
2020-12-09 16:57:36.672,14399,14400,14400,1
2020-12-09 16:57:36.765,14399,14400,14400,1
2020-12-09 16:57:36.814,14399,14400,14399,2
2020-12-09 16:57:36.814,14399,14400,14398,2
2020-12-09 16:57:40.734,14398,14399,14399,1
2020-12-09 16:57:46.182,14398,14400,14398,2
2020-12-09 16:58:08.529,14398,14399,14398,2
2020-12-09 16:58:08.840,14398,14399,14399,1
2020-12-09 16:58:09.279,14399,14400,14399,2
2020-12-09 16:58:10.745,14398,14400,14398,2
2020-12-09 16:58:11.479,14399,14400,14399,2
2020-12-09 16:58:28.147,14399,14400,14400,1
2020-12-09 16:58:28.148,14399,14400,14400,1
2020-12-09 16:58:28.148,14399,14400,14400,3
2020-12-09 16:58:28.238,14400,14401,14401,1
2020-12-09 16:58:28.238,14400,14401,14401,2
2020-12-09 16:58:45.118,14400,14401,14401,2
2020-12-09 16:58:50.912,14400,14401,14401,2
2020-12-09 16:59:02.275,14400,14401,14400,1
2020-12-09 16:59:05.890,14400,14401,14400,4
2020-12-09 16:59:14.517,14399,14400,14400,1
2020-12-09 16:59:19.239,14400,14401,14400,2
2020-12-09 16:59:19.885,14400,14401,14401,2
2020-12-09 16:59:20.115,14401,14402,14401,1
2020-12-09 16:59:21.994,14401,14402,14402,3
2020-12-09 16:59:22.489,14401,14402,14401,2
2020-12-09 16:59:29.327,14401,14402,14402,2
2020-12-09 16:59:36.092,14402,14403,14402,2
2020-12-09 16:59:40.625,14402,14403,14402,1
2020-12-09 16:59:40.980,14401,14402,14401,1
2020-12-09 16:59:47.442,14401,14402,14401,1
2020-12-09 16:59:59.151,14401,14402,14401,1
2020-12-09 17:00:06.287,14401,14402,14402,1
2020-12-09 17:00:06.560,14401,14402,14402,1
2020-12-09 17:00:06.560,14401,14402,14403,2
2020-12-09 17:00:06.591,14401,14402,14403,3
2020-12-09 17:00:06.676,14401,14402,14403,1
2020-12-09 17:00:06.677,14401,14402,14402,1
2020-12-09 17:00:06.680,14402,14403,14402,1
2020-12-09 17:00:06.729,14402,14403,14403,1
2020-12-09 17:00:06.739,14402,14403,14402,1
2020-12-09 17:00:06.750,14402,14403,14401,1
2020-12-09 17:00:06.759,14402,14403,14401,1
2020-12-09 17:00:06.775,14402,14403,14401,1
2020-12-09 17:00:07.199,14401,14403,14401,1
2020-12-09 17:00:07.204,14401,14403,14401,1
2020-12-09 17:00:07.209,14401,14403,14401,1
2020-12-09 17:00:07.214,14401,14403,14401,1
2020-12-09 17:00:07.257,14401,14403,14401,1
2020-12-09 17:00:07.257,14401,14403,14401,1
2020-12-09 17:00:07.457,14401,14402,14402,1
2020-12-09 17:00:19.687,14401,14402,14401,1
2020-12-09 17:00:21.360,14401,14402,14401,12
2020-12-09 17:00:30.675,14400,14401,14401,1
2020-12-09 17:00:53.365,14401,14402,14401,1
2020-12-09 17:01:04.735,14401,14402,14401,1
2020-12-09 17:01:25.215,14401,14402,14402,2
2020-12-09 17:01:25.215,14401,14402,14402,1
2020-12-09 17:01:25.215,14401,14402,14402,4
2020-12-09 17:01:25.215,14401,14402,14402,4
2020-12-09 17:01:25.216,14401,14402,14402,4
2020-12-09 17:01:25.216,14401,14402,14402,4
2020-12-09 17:01:26.982,14402,14403,14402,2
2020-12-09 17:01:31.086,14401,14402,14402,1
2020-12-09 17:01:32.691,14401,14402,14402,1
2020-12-09 17:01:43.750,14401,14402,14402,1
2020-12-09 17:02:01.213,14401,14402,14402,1
2020-12-09 17:02:29.525,14401,14402,14402,2
2020-12-09 17:02:30.783,14401,14402,14402,7
2020-12-09 17:02:32.027,14401,14403,14402,1
2020-12-09 17:02:41.679,14402,14403,14403,1
2020-12-09 17:02:42.561,14402,14403,14402,1
2020-12-09 17:02:45.920,14402,14403,14402,3
2020-12-09 17:02:46.026,14401,14402,14402,1
2020-12-09 17:03:02.653,14401,14402,14401,1
2020-12-09 17:03:11.553,14401,14402,14402,3
2020-12-09 17:03:15.566,14401,14402,14401,1
2020-12-09 17:03:17.326,14401,14402,14401,1
2020-12-09 17:03:19.136,14401,14402,14402,3
2020-12-09 17:03:19.178,14401,14402,14401,1
2020-12-09 17:03:20.009,14401,14402,14401,1
2020-12-09 17:03:20.010,14401,14402,14401,1
