2020-06-01 15:00:00.041,11067,11069,11065,59,-59
2020-06-01 15:00:00.042,11065,11066,11066,1,1
2020-06-01 15:00:00.042,11065,11066,11066,1,1
2020-06-01 15:00:00.140,11066,11067,11067,1,1
2020-06-01 15:00:00.153,11066,11067,11066,1,-1
2020-06-01 15:00:00.153,11066,11067,11065,3,-3
2020-06-01 15:00:00.199,11066,11067,11068,1,1
2020-06-01 15:00:00.437,11067,11068,11068,1,1
2020-06-01 15:00:00.438,11067,11068,11068,2,2
2020-06-01 15:00:00.447,11067,11068,11068,1,1
2020-06-01 15:00:00.543,11067,11068,11068,1,1
2020-06-01 15:00:00.545,11067,11068,11069,1,1
2020-06-01 15:00:00.669,11067,11069,11068,1,-1
2020-06-01 15:00:00.954,11067,11069,11067,1,-1
2020-06-01 15:00:01.442,11066,11068,11068,1,1
2020-06-01 15:00:01.543,11066,11068,11068,1,1
2020-06-01 15:00:01.972,11066,11068,11068,3,3
2020-06-01 15:00:03.298,11066,11067,11067,1,1
2020-06-01 15:00:03.947,11066,11067,11067,2,2
2020-06-01 15:00:03.947,11066,11067,11068,2,2
2020-06-01 15:00:04.205,11067,11068,11067,1,-1
2020-06-01 15:00:04.302,11066,11068,11068,1,1
2020-06-01 15:00:04.365,11066,11068,11066,1,-1
2020-06-01 15:00:06.142,11066,11067,11067,1,1
2020-06-01 15:00:06.943,11066,11067,11066,1,-1
2020-06-01 15:00:07.226,11066,11067,11067,1,1
2020-06-01 15:00:07.344,11066,11067,11066,1,-1
2020-06-01 15:00:09.253,11066,11067,11066,2,-2
2020-06-01 15:00:09.904,11065,11067,11065,5,-5
2020-06-01 15:00:09.908,11065,11067,11065,2,-2
2020-06-01 15:00:09.987,11065,11067,11066,1,1
2020-06-01 15:00:10.128,11065,11066,11065,1,-1
2020-06-01 15:00:12.181,11064,11065,11064,1,-1
2020-06-01 15:00:12.505,11064,11065,11065,1,1
2020-06-01 15:00:12.678,11064,11065,11065,1,1
2020-06-01 15:00:13.863,11064,11065,11065,3,3
2020-06-01 15:00:13.863,11064,11065,11065,1,1
2020-06-01 15:00:13.863,11064,11065,11065,1,1
2020-06-01 15:00:13.888,11064,11065,11065,2,2
2020-06-01 15:00:13.888,11064,11065,11065,2,2
2020-06-01 15:00:17.027,11065,11066,11065,1,-1
2020-06-01 15:00:17.855,11064,11066,11065,1,-1
2020-06-01 15:00:18.554,11064,11065,11064,1,-1
2020-06-01 15:00:18.719,11064,11065,11065,1,1
2020-06-01 15:00:21.207,11065,11067,11065,1,-1
2020-06-01 15:00:23.513,11065,11067,11067,1,1
2020-06-01 15:00:24.168,11065,11067,11067,1,1
2020-06-01 15:00:25.510,11066,11067,11067,1,1
2020-06-01 15:00:26.737,11067,11068,11067,1,-1
2020-06-01 15:00:28.029,11067,11068,11068,1,1
2020-06-01 15:00:29.858,11067,11068,11068,2,2
2020-06-01 15:00:31.305,11067,11068,11068,1,1
2020-06-01 15:00:31.332,11067,11068,11068,2,2
2020-06-01 15:00:33.233,11067,11068,11068,1,1
2020-06-01 15:00:33.640,11067,11068,11068,1,1
2020-06-01 15:00:33.653,11067,11068,11068,1,1
2020-06-01 15:00:34.062,11068,11069,11068,1,-1
2020-06-01 15:00:34.137,11068,11069,11069,1,1
2020-06-01 15:00:34.163,11068,11069,11069,2,2
2020-06-01 15:00:34.608,11068,11069,11069,1,1
2020-06-01 15:00:34.609,11068,11069,11069,1,1
2020-06-01 15:00:34.609,11068,11069,11069,1,1
2020-06-01 15:00:34.609,11068,11069,11069,5,5
2020-06-01 15:00:34.904,11069,11070,11069,1,-1
2020-06-01 15:00:35.760,11069,11070,11070,1,1
2020-06-01 15:00:35.966,11069,11070,11070,1,1
2020-06-01 15:00:36.826,11069,11070,11069,2,-2
2020-06-01 15:00:37.198,11068,11070,11068,1,-1
2020-06-01 15:00:39.753,11068,11069,11068,1,-1
2020-06-01 15:00:40.896,11069,11070,11070,1,1
2020-06-01 15:00:41.232,11069,11070,11069,1,-1
2020-06-01 15:00:43.791,11068,11070,11070,1,1
2020-06-01 15:00:44.460,11068,11069,11069,1,1
2020-06-01 15:00:45.093,11068,11070,11070,1,1
2020-06-01 15:00:46.048,11068,11069,11068,1,-1
2020-06-01 15:00:46.251,11068,11069,11069,1,1
2020-06-01 15:00:46.342,11068,11069,11069,1,1
2020-06-01 15:00:46.392,11068,11070,11070,1,1
2020-06-01 15:00:47.524,11068,11069,11069,1,1
2020-06-01 15:00:48.250,11069,11070,11069,2,-2
2020-06-01 15:00:51.352,11068,11070,11069,1,-1
2020-06-01 15:00:52.980,11068,11070,11069,1,-1
2020-06-01 15:00:53.496,11068,11070,11069,1,-1
2020-06-01 15:00:56.011,11068,11069,11068,1,-1
2020-06-01 15:00:56.012,11068,11069,11068,4,-4
2020-06-01 15:00:59.160,11067,11069,11069,1,1
2020-06-01 15:00:59.699,11068,11069,11069,1,1
2020-06-01 15:00:59.917,11068,11069,11068,1,-1
2020-06-01 15:01:00.073,11067,11069,11069,1,1
2020-06-01 15:01:00.077,11067,11069,11067,5,-5
2020-06-01 15:01:00.086,11067,11069,11069,1,1
2020-06-01 15:01:00.092,11067,11069,11069,1,1
2020-06-01 15:01:00.159,11067,11069,11067,1,-1
2020-06-01 15:01:00.170,11067,11069,11067,1,-1
2020-06-01 15:01:00.170,11067,11069,11067,1,-1
2020-06-01 15:01:00.358,11066,11068,11066,10,-10
2020-06-01 15:01:00.958,11066,11068,11067,1,1
2020-06-01 15:01:01.897,11066,11067,11067,3,3
2020-06-01 15:01:01.897,11066,11067,11068,3,3
2020-06-01 15:01:02.405,11067,11068,11067,2,-2
2020-06-01 15:01:02.625,11066,11068,11067,2,-2
2020-06-01 15:01:05.312,11066,11067,11067,1,1
2020-06-01 15:01:08.183,11066,11067,11066,4,-4
2020-06-01 15:01:19.135,11065,11066,11065,2,-2
2020-06-01 15:01:21.772,11065,11066,11066,1,1
2020-06-01 15:01:23.507,11065,11066,11066,1,1
2020-06-01 15:01:24.483,11065,11066,11066,1,1
2020-06-01 15:01:25.546,11065,11066,11066,1,1
2020-06-01 15:01:27.484,11065,11066,11065,1,-1
2020-06-01 15:01:28.178,11065,11066,11066,2,2
2020-06-01 15:01:28.455,11065,11066,11065,5,-5
2020-06-01 15:01:28.839,11065,11066,11066,1,1
2020-06-01 15:01:29.360,11065,11066,11066,2,2
2020-06-01 15:01:29.361,11065,11066,11066,1,1
2020-06-01 15:01:29.361,11065,11066,11066,5,5
2020-06-01 15:01:29.361,11065,11066,11066,5,5
2020-06-01 15:01:31.866,11066,11067,11066,1,-1
2020-06-01 15:01:39.495,11066,11067,11066,1,-1
2020-06-01 15:01:39.909,11066,11067,11067,1,1
2020-06-01 15:01:41.892,11066,11067,11067,1,1
2020-06-01 15:01:43.038,11066,11067,11067,1,1
2020-06-01 15:01:44.074,11067,11068,11068,5,5
2020-06-01 15:01:44.857,11067,11068,11067,1,-1
2020-06-01 15:01:44.869,11067,11068,11067,4,-4
2020-06-01 15:01:45.093,11067,11068,11068,1,1
2020-06-01 15:01:47.022,11067,11068,11068,1,1
2020-06-01 15:01:47.797,11067,11068,11067,1,-1
2020-06-01 15:01:48.573,11067,11068,11068,1,1
2020-06-01 15:01:50.529,11067,11068,11068,1,1
2020-06-01 15:01:52.327,11067,11068,11068,1,1
2020-06-01 15:01:52.811,11067,11068,11068,1,1
2020-06-01 15:01:53.914,11067,11068,11068,1,1
2020-06-01 15:01:54.508,11067,11068,11068,1,1
2020-06-01 15:01:56.801,11067,11068,11068,1,1
2020-06-01 15:01:56.920,11067,11068,11068,1,1
2020-06-01 15:01:58.528,11067,11068,11068,1,1
2020-06-01 15:01:58.918,11067,11069,11069,1,1
2020-06-01 15:02:00.535,11067,11068,11068,2,2
2020-06-01 15:02:00.922,11068,11069,11069,5,5
2020-06-01 15:02:01.128,11068,11069,11069,1,1
2020-06-01 15:02:01.556,11068,11069,11069,2,2
2020-06-01 15:02:02.308,11068,11070,11069,1,-1
2020-06-01 15:02:03.027,11068,11070,11070,1,1
2020-06-01 15:02:03.050,11068,11070,11070,1,1
2020-06-01 15:02:05.641,11068,11070,11068,1,-1
2020-06-01 15:02:07.201,11068,11070,11070,1,1
2020-06-01 15:02:11.995,11069,11070,11069,5,-5
2020-06-01 15:02:12.141,11069,11070,11069,1,-1
2020-06-01 15:02:13.976,11069,11070,11070,3,3
2020-06-01 15:02:18.056,11069,11070,11070,1,1
2020-06-01 15:02:18.628,11069,11070,11070,9,9
2020-06-01 15:02:18.629,11069,11070,11070,6,6
2020-06-01 15:02:20.842,11070,11071,11071,6,6
2020-06-01 15:02:24.530,11071,11072,11071,5,-5
2020-06-01 15:02:26.810,11071,11072,11072,2,2
2020-06-01 15:02:26.886,11071,11072,11072,1,1
2020-06-01 15:02:26.960,11071,11072,11071,1,-1
2020-06-01 15:02:26.978,11071,11072,11072,7,7
2020-06-01 15:02:27.028,11072,11073,11073,1,1
2020-06-01 15:02:27.148,11072,11073,11073,1,1
2020-06-01 15:02:27.315,11072,11073,11073,4,4
2020-06-01 15:02:27.315,11072,11073,11073,4,4
2020-06-01 15:02:27.330,11072,11073,11073,1,1
2020-06-01 15:02:27.581,11072,11073,11073,1,1
2020-06-01 15:02:29.690,11072,11073,11073,5,5
2020-06-01 15:02:29.692,11072,11073,11073,1,1
2020-06-01 15:02:30.058,11072,11073,11073,6,6
2020-06-01 15:02:30.059,11072,11073,11073,2,2
2020-06-01 15:02:33.782,11073,11074,11073,1,-1
2020-06-01 15:02:34.439,11073,11074,11073,5,-5
2020-06-01 15:02:35.024,11072,11073,11073,3,3
2020-06-01 15:02:36.382,11073,11074,11074,1,1
2020-06-01 15:02:36.630,11073,11074,11073,5,-5
2020-06-01 15:02:37.719,11072,11073,11073,1,1
2020-06-01 15:02:37.922,11072,11073,11073,1,1
2020-06-01 15:02:38.340,11072,11073,11073,1,1
2020-06-01 15:02:38.535,11072,11074,11074,1,1
2020-06-01 15:02:39.194,11073,11074,11074,2,2
2020-06-01 15:02:39.493,11073,11074,11073,1,-1
2020-06-01 15:02:39.814,11072,11074,11074,5,5
2020-06-01 15:02:39.917,11072,11074,11074,1,1
2020-06-01 15:02:40.568,11072,11074,11074,1,1
2020-06-01 15:02:40.668,11072,11074,11074,2,2
2020-06-01 15:02:41.961,11073,11074,11074,1,1
2020-06-01 15:02:42.526,11073,11074,11074,1,1
2020-06-01 15:02:42.966,11073,11074,11073,1,-1
2020-06-01 15:02:43.609,11073,11074,11074,1,1
2020-06-01 15:02:44.353,11073,11074,11073,3,-3
2020-06-01 15:02:44.354,11073,11074,11073,1,-1
2020-06-01 15:02:44.869,11072,11073,11073,1,1
2020-06-01 15:02:46.011,11072,11073,11073,2,2
2020-06-01 15:02:46.159,11072,11073,11073,1,1
2020-06-01 15:02:48.025,11072,11073,11072,5,-5
2020-06-01 15:02:52.922,11072,11073,11073,2,2
2020-06-01 15:02:55.024,11072,11073,11072,1,-1
2020-06-01 15:02:55.036,11072,11073,11073,1,1
2020-06-01 15:02:59.738,11072,11073,11072,1,-1
2020-06-01 15:03:00.222,11072,11073,11073,1,1
2020-06-01 15:03:02.203,11072,11073,11073,10,10
2020-06-01 15:03:02.389,11072,11073,11073,8,8
2020-06-01 15:03:02.389,11072,11073,11073,2,2
2020-06-01 15:03:02.971,11072,11073,11073,1,1
2020-06-01 15:03:04.039,11072,11073,11073,1,1
2020-06-01 15:03:04.787,11072,11073,11072,1,-1
2020-06-01 15:03:06.612,11072,11073,11073,1,1
2020-06-01 15:03:06.833,11072,11073,11073,3,3
2020-06-01 15:03:08.592,11072,11073,11073,4,4
2020-06-01 15:03:08.619,11072,11073,11073,2,2
2020-06-01 15:03:08.632,11073,11074,11073,2,-2
2020-06-01 15:03:08.776,11073,11074,11074,1,1
2020-06-01 15:03:08.782,11073,11074,11074,4,4
2020-06-01 15:03:08.867,11073,11074,11074,1,1
2020-06-01 15:03:08.867,11073,11074,11074,2,2
2020-06-01 15:03:08.867,11073,11074,11074,1,1
2020-06-01 15:03:08.867,11073,11074,11074,6,6
2020-06-01 15:03:08.867,11073,11074,11074,1,1
2020-06-01 15:03:08.867,11073,11074,11074,4,4
2020-06-01 15:03:08.867,11073,11074,11074,1,1
2020-06-01 15:03:08.867,11073,11074,11074,3,3
2020-06-01 15:03:08.867,11073,11074,11074,1,1
2020-06-01 15:03:08.867,11073,11074,11074,2,2
2020-06-01 15:03:08.867,11073,11074,11074,1,1
2020-06-01 15:03:12.897,11073,11074,11074,1,1
2020-06-01 15:03:14.062,11073,11074,11074,1,1
2020-06-01 15:03:14.458,11073,11075,11074,1,-1
2020-06-01 15:03:15.340,11074,11075,11074,1,-1
2020-06-01 15:03:15.751,11074,11075,11074,1,-1
2020-06-01 15:03:18.269,11074,11075,11074,1,-1
2020-06-01 15:03:18.359,11074,11075,11074,1,-1
2020-06-01 15:03:19.552,11074,11075,11074,1,-1
2020-06-01 15:03:19.924,11074,11075,11074,1,-1
2020-06-01 15:03:19.997,11074,11075,11074,1,-1
2020-06-01 15:03:23.284,11073,11074,11074,5,5
2020-06-01 15:03:23.869,11074,11075,11074,1,-1
2020-06-01 15:03:25.744,11074,11075,11074,1,-1
2020-06-01 15:03:27.116,11074,11075,11074,5,-5
2020-06-01 15:03:29.134,11073,11074,11074,3,3
2020-06-01 15:03:29.884,11073,11074,11074,1,1
2020-06-01 15:03:32.384,11073,11074,11073,1,-1
2020-06-01 15:03:32.386,11073,11074,11073,12,-12
2020-06-01 15:03:37.503,11073,11074,11073,1,-1
2020-06-01 15:03:37.947,11072,11074,11074,1,1
2020-06-01 15:03:40.741,11072,11074,11074,1,1
2020-06-01 15:03:43.290,11072,11073,11073,1,1
2020-06-01 15:03:44.603,11072,11073,11073,1,1
2020-06-01 15:03:44.629,11072,11073,11073,2,2
2020-06-01 15:03:44.629,11072,11073,11074,3,3
2020-06-01 15:03:47.809,11073,11074,11074,4,4
2020-06-01 15:03:49.365,11073,11074,11073,2,-2
2020-06-01 15:03:51.516,11073,11074,11073,1,-1
2020-06-01 15:03:52.447,11072,11074,11074,1,1
2020-06-01 15:03:54.860,11072,11073,11072,1,-1
2020-06-01 15:04:02.358,11072,11073,11073,4,4
2020-06-01 15:04:09.333,11072,11073,11073,1,1
2020-06-01 15:04:16.222,11072,11073,11073,6,6
2020-06-01 15:04:16.223,11072,11073,11073,2,2
2020-06-01 15:04:16.738,11072,11073,11073,1,1
2020-06-01 15:04:19.172,11072,11073,11073,6,6
2020-06-01 15:04:22.502,11073,11074,11073,1,-1
2020-06-01 15:04:22.628,11073,11074,11073,1,-1
2020-06-01 15:04:30.581,11073,11074,11073,1,-1
2020-06-01 15:04:30.991,11073,11074,11073,5,-5
2020-06-01 15:04:30.991,11073,11074,11073,2,-2
2020-06-01 15:04:34.442,11072,11073,11073,1,1
2020-06-01 15:04:34.717,11072,11073,11072,1,-1
2020-06-01 15:04:35.804,11072,11073,11073,1,1
2020-06-01 15:04:37.276,11073,11074,11073,1,-1
2020-06-01 15:04:37.757,11073,11074,11074,13,13
2020-06-01 15:04:38.928,11073,11074,11073,1,-1
2020-06-01 15:04:41.658,11073,11074,11073,1,-1
2020-06-01 15:04:44.395,11073,11074,11073,1,-1
2020-06-01 15:04:47.664,11073,11074,11074,1,1
2020-06-01 15:04:49.228,11073,11074,11073,3,-3
2020-06-01 15:04:53.044,11072,11073,11073,7,7
2020-06-01 15:04:53.044,11072,11073,11074,8,8
2020-06-01 15:04:53.052,11072,11073,11074,1,1
2020-06-01 15:04:53.055,11072,11073,11074,1,1
2020-06-01 15:04:53.057,11072,11073,11074,1,1
2020-06-01 15:04:53.057,11072,11073,11074,2,2
2020-06-01 15:04:53.059,11072,11073,11074,1,1
2020-06-01 15:04:53.061,11072,11073,11074,1,1
2020-06-01 15:04:53.224,11073,11074,11075,5,5
2020-06-01 15:04:53.345,11074,11075,11075,1,1
2020-06-01 15:04:53.701,11074,11075,11075,1,1
2020-06-01 15:04:53.707,11074,11075,11075,1,1
2020-06-01 15:04:53.714,11074,11075,11075,1,1
2020-06-01 15:04:53.720,11074,11075,11075,1,1
2020-06-01 15:04:53.725,11074,11075,11075,1,1
2020-06-01 15:04:54.631,11074,11075,11074,1,-1
2020-06-01 15:04:56.667,11074,11075,11074,1,-1
2020-06-01 15:05:03.700,11073,11074,11073,4,-4
2020-06-01 15:05:04.318,11073,11074,11074,1,1
2020-06-01 15:05:04.657,11073,11074,11074,7,7
2020-06-01 15:05:04.657,11073,11074,11075,10,10
2020-06-01 15:05:04.768,11073,11075,11075,1,1
2020-06-01 15:05:04.805,11073,11075,11073,1,-1
2020-06-01 15:05:04.856,11073,11075,11075,6,6
2020-06-01 15:05:04.986,11073,11075,11075,4,4
2020-06-01 15:05:07.768,11073,11074,11074,1,1
2020-06-01 15:05:10.126,11073,11074,11073,1,-1
2020-06-01 15:05:11.738,11073,11074,11074,1,1
2020-06-01 15:05:15.237,11073,11074,11074,1,1
2020-06-01 15:05:17.025,11073,11074,11074,1,1
2020-06-01 15:05:19.452,11074,11075,11074,1,-1
2020-06-01 15:05:23.658,11074,11075,11074,1,-1
2020-06-01 15:05:24.575,11074,11075,11075,2,2
2020-06-01 15:05:24.977,11074,11075,11074,1,-1
2020-06-01 15:05:25.545,11074,11075,11074,1,-1
2020-06-01 15:05:26.109,11074,11075,11075,1,1
2020-06-01 15:05:29.442,11074,11075,11074,1,-1
2020-06-01 15:05:30.239,11074,11075,11074,1,-1
2020-06-01 15:05:30.461,11074,11075,11075,7,7
2020-06-01 15:05:39.269,11074,11075,11074,1,-1
2020-06-01 15:05:42.107,11074,11075,11074,1,-1
2020-06-01 15:05:44.813,11074,11075,11075,1,1
2020-06-01 15:05:46.556,11074,11075,11075,1,1
2020-06-01 15:05:46.803,11074,11075,11074,5,-5
2020-06-01 15:05:47.143,11074,11075,11075,2,2
2020-06-01 15:05:51.748,11074,11075,11074,1,-1
2020-06-01 15:05:52.279,11074,11075,11075,1,1
2020-06-01 15:05:55.684,11074,11075,11075,2,2
2020-06-01 15:05:56.265,11074,11075,11074,2,-2
2020-06-01 15:05:56.265,11074,11075,11074,2,-2
2020-06-01 15:05:56.265,11074,11075,11074,5,-5
2020-06-01 15:05:56.265,11074,11075,11074,1,-1
2020-06-01 15:05:56.265,11074,11075,11074,1,-1
2020-06-01 15:05:56.265,11074,11075,11074,1,-1
2020-06-01 15:05:56.266,11074,11075,11074,5,-5
2020-06-01 15:05:56.266,11074,11075,11074,3,-3
2020-06-01 15:05:57.634,11073,11074,11073,9,-9
2020-06-01 15:05:57.863,11072,11073,11073,1,1
2020-06-01 15:05:58.201,11072,11073,11072,1,-1
2020-06-01 15:05:58.239,11072,11073,11072,1,-1
2020-06-01 15:05:58.239,11072,11073,11072,4,-4
2020-06-01 15:05:58.239,11072,11073,11072,1,-1
2020-06-01 15:05:58.239,11072,11073,11072,2,-2
2020-06-01 15:05:58.239,11072,11073,11072,1,-1
2020-06-01 15:05:58.239,11072,11073,11072,3,-3
2020-06-01 15:05:59.311,11071,11072,11071,3,-3
2020-06-01 15:06:00.028,11071,11072,11071,2,-2
2020-06-01 15:06:00.040,11071,11072,11071,2,-2
2020-06-01 15:06:00.084,11071,11072,11070,1,-1
2020-06-01 15:06:00.116,11071,11072,11070,1,-1
2020-06-01 15:06:00.122,11071,11072,11070,2,-2
2020-06-01 15:06:00.171,11070,11072,11070,2,-2
2020-06-01 15:06:00.657,11070,11072,11070,4,-4
2020-06-01 15:06:00.774,11070,11072,11071,1,1
2020-06-01 15:06:01.944,11070,11071,11070,10,-10
2020-06-01 15:06:02.281,11069,11071,11069,1,-1
2020-06-01 15:06:03.114,11069,11070,11070,1,1
2020-06-01 15:06:13.654,11069,11070,11070,3,3
2020-06-01 15:06:19.898,11070,11072,11071,1,1
2020-06-01 15:06:21.314,11071,11072,11072,1,1
2020-06-01 15:06:23.277,11071,11072,11071,1,-1
2020-06-01 15:06:24.863,11071,11072,11071,1,-1
2020-06-01 15:06:26.593,11071,11072,11071,1,-1
2020-06-01 15:06:28.336,11070,11071,11071,1,1
2020-06-01 15:06:35.707,11070,11071,11071,1,1
2020-06-01 15:06:37.235,11070,11071,11070,1,-1
2020-06-01 15:06:37.760,11070,11071,11070,1,-1
2020-06-01 15:06:37.760,11070,11071,11070,1,-1
2020-06-01 15:06:37.901,11070,11071,11070,1,-1
2020-06-01 15:06:38.883,11070,11071,11070,2,-2
2020-06-01 15:06:39.301,11070,11071,11070,1,-1
2020-06-01 15:06:43.022,11070,11071,11071,1,1
2020-06-01 15:06:43.466,11070,11071,11070,6,-6
2020-06-01 15:06:43.466,11070,11071,11069,5,-5
2020-06-01 15:06:45.985,11069,11070,11070,2,2
2020-06-01 15:06:51.641,11069,11070,11070,1,1
2020-06-01 15:06:51.753,11069,11070,11069,9,-9
2020-06-01 15:06:51.753,11069,11070,11068,6,-6
2020-06-01 15:06:55.379,11069,11070,11070,1,1
2020-06-01 15:06:55.531,11069,11070,11070,1,1
2020-06-01 15:06:55.731,11069,11070,11070,1,1
2020-06-01 15:07:00.842,11069,11070,11070,1,1
2020-06-01 15:07:01.546,11069,11070,11070,1,1
2020-06-01 15:07:01.688,11070,11071,11070,1,-1
2020-06-01 15:07:01.688,11070,11071,11070,1,-1
2020-06-01 15:07:07.060,11069,11070,11069,5,-5
2020-06-01 15:07:08.662,11069,11070,11070,1,1
2020-06-01 15:07:09.780,11069,11070,11070,6,6
2020-06-01 15:07:16.751,11069,11070,11070,3,3
2020-06-01 15:07:19.785,11069,11070,11069,7,-7
2020-06-01 15:07:19.785,11069,11070,11069,1,-1
2020-06-01 15:07:27.344,11068,11069,11069,1,1
2020-06-01 15:07:29.617,11068,11069,11068,13,-13
2020-06-01 15:07:31.533,11067,11068,11067,1,-1
2020-06-01 15:07:31.977,11067,11068,11067,2,-2
2020-06-01 15:07:32.866,11067,11068,11068,1,1
2020-06-01 15:07:34.451,11067,11068,11067,6,-6
2020-06-01 15:07:35.886,11066,11067,11067,1,1
2020-06-01 15:07:38.530,11066,11067,11066,1,-1
2020-06-01 15:07:38.877,11066,11067,11066,1,-1
2020-06-01 15:07:38.973,11066,11067,11067,1,1
2020-06-01 15:07:39.581,11066,11067,11066,2,-2
2020-06-01 15:07:40.265,11066,11067,11066,1,-1
2020-06-01 15:07:40.265,11066,11067,11066,7,-7
2020-06-01 15:07:42.057,11065,11066,11065,1,-1
2020-06-01 15:07:43.716,11065,11066,11065,1,-1
2020-06-01 15:07:44.288,11065,11066,11065,1,-1
2020-06-01 15:07:44.476,11065,11066,11065,1,-1
2020-06-01 15:07:44.678,11065,11066,11065,1,-1
2020-06-01 15:07:44.751,11065,11066,11065,1,-1
2020-06-01 15:07:46.777,11065,11066,11065,1,-1
2020-06-01 15:07:49.209,11065,11066,11065,1,-1
2020-06-01 15:07:50.727,11065,11066,11066,1,1
2020-06-01 15:07:50.728,11065,11066,11066,2,2
2020-06-01 15:07:50.728,11065,11066,11066,3,3
2020-06-01 15:07:50.941,11065,11067,11065,1,-1
2020-06-01 15:07:51.283,11065,11067,11065,1,-1
2020-06-01 15:07:52.157,11065,11067,11067,1,1
2020-06-01 15:08:00.769,11065,11066,11066,1,1
2020-06-01 15:08:00.770,11065,11066,11066,4,4
2020-06-01 15:08:02.046,11066,11067,11066,1,-1
2020-06-01 15:08:04.081,11066,11067,11066,1,-1
2020-06-01 15:08:08.975,11066,11067,11066,1,-1
2020-06-01 15:08:08.990,11066,11067,11067,2,2
2020-06-01 15:08:10.361,11066,11067,11067,1,1
2020-06-01 15:08:10.361,11066,11067,11067,1,1
2020-06-01 15:08:10.361,11066,11067,11067,1,1
2020-06-01 15:08:10.361,11066,11067,11067,3,3
2020-06-01 15:08:10.361,11066,11067,11067,2,2
2020-06-01 15:08:12.667,11067,11068,11067,1,-1
2020-06-01 15:08:20.637,11067,11068,11067,6,-6
2020-06-01 15:08:25.891,11066,11067,11066,1,-1
2020-06-01 15:08:26.466,11066,11067,11066,1,-1
2020-06-01 15:08:27.891,11066,11067,11066,1,-1
2020-06-01 15:08:27.892,11066,11067,11066,4,-4
2020-06-01 15:08:32.902,11065,11066,11065,2,-2
2020-06-01 15:08:34.168,11065,11066,11065,1,-1
2020-06-01 15:08:37.231,11065,11066,11066,1,1
2020-06-01 15:08:41.901,11065,11066,11065,1,-1
2020-06-01 15:08:48.085,11065,11066,11066,1,1
2020-06-01 15:08:51.002,11065,11066,11065,1,-1
2020-06-01 15:08:53.419,11065,11066,11065,1,-1
2020-06-01 15:08:55.454,11065,11066,11066,1,1
2020-06-01 15:09:00.503,11065,11066,11065,1,-1
2020-06-01 15:09:04.041,11065,11066,11066,1,1
2020-06-01 15:09:04.628,11065,11066,11065,1,-1
2020-06-01 15:09:13.685,11065,11066,11065,15,-15
2020-06-01 15:09:14.058,11065,11066,11065,1,-1
2020-06-01 15:09:14.719,11065,11066,11066,1,1
2020-06-01 15:09:15.442,11065,11066,11066,1,1
2020-06-01 15:09:20.174,11065,11066,11065,1,-1
2020-06-01 15:09:20.279,11065,11066,11065,3,-3
2020-06-01 15:09:21.210,11065,11066,11065,1,-1
2020-06-01 15:09:22.312,11065,11066,11065,2,-2
2020-06-01 15:09:24.213,11065,11066,11065,1,-1
2020-06-01 15:09:24.513,11065,11066,11065,2,-2
2020-06-01 15:09:26.119,11065,11066,11065,2,-2
2020-06-01 15:09:26.119,11065,11066,11064,1,-1
2020-06-01 15:09:30.892,11065,11066,11065,2,2
2020-06-01 15:09:35.931,11064,11065,11065,1,1
2020-06-01 15:09:40.552,11064,11065,11064,1,-1
2020-06-01 15:09:40.759,11064,11065,11065,1,1
2020-06-01 15:09:48.880,11064,11065,11065,6,6
2020-06-01 15:09:50.767,11064,11065,11065,1,1
2020-06-01 15:09:58.495,11064,11065,11065,1,1
2020-06-01 15:09:58.954,11064,11065,11064,1,-1
2020-06-01 15:10:02.119,11064,11065,11065,1,1
2020-06-01 15:10:02.271,11064,11065,11064,8,-8
2020-06-01 15:10:04.704,11064,11065,11065,1,1
2020-06-01 15:10:10.316,11064,11065,11065,6,6
2020-06-01 15:10:13.015,11064,11065,11065,1,1
2020-06-01 15:10:16.113,11064,11065,11065,1,1
2020-06-01 15:10:16.632,11064,11065,11065,1,1
2020-06-01 15:10:16.753,11064,11065,11066,2,2
2020-06-01 15:10:16.806,11064,11066,11066,1,1
2020-06-01 15:10:16.814,11064,11066,11066,2,2
2020-06-01 15:10:23.246,11064,11065,11065,1,1
2020-06-01 15:10:42.205,11065,11066,11066,2,2
2020-06-01 15:11:03.622,11065,11066,11066,1,1
2020-06-01 15:11:03.924,11065,11066,11066,2,2
2020-06-01 15:11:05.715,11065,11066,11066,1,1
2020-06-01 15:11:06.027,11065,11066,11066,1,1
2020-06-01 15:11:10.987,11065,11066,11066,1,1
2020-06-01 15:11:11.107,11065,11066,11066,1,1
2020-06-01 15:11:12.127,11065,11067,11067,1,1
2020-06-01 15:11:14.865,11065,11066,11066,1,1
2020-06-01 15:11:22.562,11065,11066,11066,1,1
2020-06-01 15:11:23.716,11065,11066,11066,1,1
2020-06-01 15:11:38.240,11065,11066,11066,1,1
2020-06-01 15:11:39.568,11065,11066,11066,1,1
2020-06-01 15:11:40.390,11066,11067,11067,1,1
2020-06-01 15:11:45.208,11066,11067,11067,2,2
2020-06-01 15:11:45.406,11066,11067,11067,2,2
2020-06-01 15:11:57.198,11066,11067,11067,1,1
2020-06-01 15:12:01.912,11066,11068,11066,1,-1
2020-06-01 15:12:02.096,11066,11068,11068,14,14
2020-06-01 15:12:02.096,11066,11068,11069,1,1
2020-06-01 15:12:02.112,11066,11068,11069,1,1
2020-06-01 15:12:02.123,11066,11068,11069,7,7
2020-06-01 15:12:02.154,11067,11069,11069,1,1
2020-06-01 15:12:02.228,11067,11069,11069,1,1
2020-06-01 15:12:02.257,11067,11069,11069,2,2
2020-06-01 15:12:02.394,11067,11069,11069,1,1
2020-06-01 15:12:24.381,11068,11069,11068,2,-2
2020-06-01 15:12:26.117,11067,11068,11068,1,1
2020-06-01 15:12:27.939,11067,11068,11067,1,-1
2020-06-01 15:12:54.055,11068,11069,11068,1,1
2020-06-01 15:12:54.925,11068,11069,11068,1,-1
2020-06-01 15:12:57.983,11068,11069,11068,1,-1
2020-06-01 15:13:00.364,11068,11069,11068,1,-1
2020-06-01 15:13:08.641,11067,11068,11068,1,1
2020-06-01 15:13:12.592,11067,11068,11067,8,-8
2020-06-01 15:13:12.683,11066,11067,11066,2,-2
2020-06-01 15:13:12.701,11066,11067,11066,2,-2
2020-06-01 15:13:20.813,11066,11067,11066,1,-1
2020-06-01 15:13:31.159,11066,11067,11066,4,-4
2020-06-01 15:13:32.204,11065,11066,11066,1,1
2020-06-01 15:13:37.173,11065,11066,11066,5,5
2020-06-01 15:13:37.333,11065,11066,11066,1,1
2020-06-01 15:13:37.334,11065,11066,11066,1,1
2020-06-01 15:13:37.498,11066,11067,11066,2,-2
2020-06-01 15:13:45.796,11066,11067,11066,1,-1
2020-06-01 15:13:47.146,11066,11067,11066,1,-1
2020-06-01 15:13:52.229,11066,11067,11067,3,3
2020-06-01 15:14:00.801,11066,11067,11066,1,-1
2020-06-01 15:14:03.128,11065,11066,11065,13,-13
2020-06-01 15:14:05.297,11064,11065,11065,1,1
2020-06-01 15:14:06.181,11064,11065,11065,1,1
2020-06-01 15:14:09.006,11065,11066,11065,2,-2
2020-06-01 15:14:19.614,11065,11066,11066,1,1
2020-06-01 15:14:26.840,11065,11066,11066,5,5
2020-06-01 15:14:34.485,11065,11067,11067,3,3
2020-06-01 15:14:59.746,11066,11067,11067,3,3
2020-06-01 15:15:04.007,11066,11067,11067,3,3
2020-06-01 15:15:04.108,11066,11067,11067,1,1
2020-06-01 15:15:04.675,11066,11068,11068,5,5
2020-06-01 15:15:04.675,11066,11068,11068,4,4
2020-06-01 15:15:04.675,11066,11068,11069,1,1
2020-06-01 15:15:21.732,11068,11069,11068,2,-2
2020-06-01 15:15:30.649,11068,11069,11068,1,-1
2020-06-01 15:15:33.114,11067,11068,11067,1,-1
2020-06-01 15:15:33.137,11066,11067,11067,1,1
2020-06-01 15:15:42.216,11066,11067,11067,1,1
2020-06-01 15:15:51.282,11067,11068,11067,1,-1
2020-06-01 15:15:55.615,11066,11067,11067,2,2
2020-06-01 15:16:05.830,11066,11067,11066,2,-2
2020-06-01 15:16:05.982,11066,11067,11067,1,1
2020-06-01 15:16:07.390,11066,11067,11066,2,-2
2020-06-01 15:16:07.390,11066,11067,11065,2,-2
2020-06-01 15:16:08.226,11065,11067,11065,2,-2
2020-06-01 15:16:08.471,11065,11067,11065,2,-2
2020-06-01 15:16:08.935,11065,11067,11065,2,-2
2020-06-01 15:16:09.382,11065,11067,11065,4,-4
2020-06-01 15:16:15.135,11066,11067,11066,1,1
2020-06-01 15:16:15.135,11066,11067,11065,2,-2
2020-06-01 15:16:24.403,11065,11066,11065,1,-1
2020-06-01 15:16:42.820,11065,11066,11065,1,-1
2020-06-01 15:16:58.167,11064,11065,11065,7,7
2020-06-01 15:17:08.002,11065,11066,11066,1,1
2020-06-01 15:17:08.467,11065,11066,11066,1,1
2020-06-01 15:17:09.845,11065,11066,11066,1,1
2020-06-01 15:17:12.296,11065,11066,11066,1,1
2020-06-01 15:17:15.837,11066,11067,11067,7,7
2020-06-01 15:17:19.758,11067,11068,11067,3,-3
2020-06-01 15:17:19.758,11067,11068,11066,32,-32
2020-06-01 15:17:20.012,11065,11066,11066,10,10
2020-06-01 15:17:20.379,11065,11066,11066,1,1
2020-06-01 15:17:20.383,11065,11066,11066,8,8
2020-06-01 15:17:20.387,11065,11066,11066,1,1
2020-06-01 15:17:30.650,11065,11066,11065,2,-2
2020-06-01 15:17:52.140,11065,11066,11066,1,1
2020-06-01 15:17:56.286,11066,11067,11066,1,-1
2020-06-01 15:17:56.286,11066,11067,11065,23,-23
2020-06-01 15:17:56.287,11066,11067,11065,1,-1
2020-06-01 15:17:57.109,11065,11067,11065,1,-1
2020-06-01 15:17:57.363,11064,11065,11065,9,9
2020-06-01 15:17:59.932,11064,11066,11066,1,1
2020-06-01 15:18:02.952,11065,11066,11065,2,-2
2020-06-01 15:18:04.264,11065,11066,11065,1,-1
2020-06-01 15:18:04.994,11065,11066,11065,1,-1
2020-06-01 15:18:08.772,11065,11066,11066,1,1
2020-06-01 15:18:10.451,11065,11066,11065,1,-1
2020-06-01 15:18:12.324,11065,11066,11066,1,1
2020-06-01 15:18:14.236,11065,11066,11066,6,6
2020-06-01 15:18:15.763,11065,11066,11066,1,1
2020-06-01 15:18:25.937,11065,11066,11065,1,-1
2020-06-01 15:18:28.943,11065,11066,11065,13,-13
2020-06-01 15:18:28.943,11065,11066,11064,55,-55
2020-06-01 15:18:28.945,11065,11066,11064,2,-2
2020-06-01 15:18:28.945,11065,11066,11064,10,-10
2020-06-01 15:18:28.945,11065,11066,11063,2,-2
2020-06-01 15:18:28.945,11065,11066,11064,1,1
2020-06-01 15:18:29.055,11063,11065,11063,1,-1
2020-06-01 15:18:29.297,11063,11065,11063,1,-1
2020-06-01 15:18:38.105,11064,11065,11064,1,1
2020-06-01 15:18:50.034,11064,11065,11064,1,-1
2020-06-01 15:18:50.695,11064,11065,11064,1,-1
2020-06-01 15:18:51.834,11063,11064,11064,1,1
2020-06-01 15:18:52.655,11063,11064,11063,1,-1
2020-06-01 15:18:52.656,11063,11064,11063,1,-1
2020-06-01 15:18:52.656,11063,11064,11063,7,-7
2020-06-01 15:18:52.656,11063,11064,11063,6,-6
2020-06-01 15:18:52.656,11063,11064,11063,1,-1
2020-06-01 15:18:52.656,11063,11064,11063,2,-2
2020-06-01 15:19:02.141,11062,11063,11062,2,-2
2020-06-01 15:19:02.276,11062,11063,11062,1,-1
2020-06-01 15:19:02.331,11062,11063,11062,3,-3
2020-06-01 15:19:02.339,11062,11063,11062,1,-1
2020-06-01 15:19:02.412,11062,11063,11062,1,-1
2020-06-01 15:19:04.225,11062,11063,11062,2,-2
2020-06-01 15:19:04.518,11061,11062,11062,2,2
2020-06-01 15:19:06.611,11062,11063,11062,4,-4
2020-06-01 15:19:08.143,11062,11063,11062,1,-1
2020-06-01 15:19:10.326,11062,11063,11062,6,-6
2020-06-01 15:19:12.251,11061,11062,11061,1,-1
2020-06-01 15:19:14.090,11061,11062,11061,2,-2
2020-06-01 15:19:15.340,11061,11063,11061,1,-1
2020-06-01 15:19:15.413,11061,11062,11062,1,1
2020-06-01 15:19:17.976,11061,11063,11061,1,-1
2020-06-01 15:19:24.991,11061,11063,11061,5,-5
2020-06-01 15:19:29.487,11061,11062,11062,1,1
2020-06-01 15:19:29.835,11061,11062,11061,1,-1
2020-06-01 15:19:30.759,11061,11062,11062,2,2
2020-06-01 15:19:33.065,11062,11063,11062,1,-1
2020-06-01 15:19:38.836,11062,11063,11062,2,-2
2020-06-01 15:19:42.002,11062,11063,11063,1,1
2020-06-01 15:19:42.002,11062,11063,11063,1,1
2020-06-01 15:19:44.918,11063,11064,11063,1,-1
2020-06-01 15:19:47.046,11063,11064,11064,1,1
2020-06-01 15:19:47.046,11063,11064,11064,5,5
2020-06-01 15:19:47.046,11063,11064,11064,1,1
2020-06-01 15:19:51.838,11064,11065,11064,2,-2
2020-06-01 15:19:53.943,11063,11065,11065,2,2
2020-06-01 15:19:55.547,11064,11065,11064,1,-1
2020-06-01 15:20:03.069,11064,11065,11064,3,-3
2020-06-01 15:20:21.331,11064,11065,11064,1,-1
2020-06-01 15:20:24.628,11064,11065,11064,1,-1
2020-06-01 15:20:27.214,11064,11065,11065,10,10
2020-06-01 15:20:29.343,11064,11065,11064,2,-2
2020-06-01 15:20:32.266,11064,11065,11065,2,2
2020-06-01 15:20:35.205,11064,11065,11064,2,-2
2020-06-01 15:20:35.206,11064,11065,11064,1,-1
2020-06-01 15:20:35.206,11064,11065,11064,1,-1
2020-06-01 15:20:35.206,11064,11065,11064,1,-1
2020-06-01 15:20:46.765,11063,11064,11063,1,-1
2020-06-01 15:20:47.264,11063,11064,11064,5,5
2020-06-01 15:20:54.603,11063,11064,11064,3,3
2020-06-01 15:20:56.434,11063,11064,11064,1,1
2020-06-01 15:20:56.434,11063,11064,11065,1,1
2020-06-01 15:20:58.742,11063,11064,11064,3,3
2020-06-01 15:21:02.520,11063,11064,11064,1,1
2020-06-01 15:21:05.029,11063,11064,11064,1,1
2020-06-01 15:21:08.341,11063,11065,11063,1,-1
2020-06-01 15:21:15.255,11064,11065,11064,1,1
2020-06-01 15:21:15.849,11064,11065,11064,1,-1
2020-06-01 15:21:22.387,11064,11065,11065,18,18
2020-06-01 15:21:22.670,11065,11066,11066,13,13
2020-06-01 15:21:26.321,11066,11067,11066,9,-9
2020-06-01 15:21:26.321,11066,11067,11065,50,-50
2020-06-01 15:21:26.323,11066,11067,11065,1,-1
2020-06-01 15:21:26.323,11066,11067,11065,1,-1
2020-06-01 15:21:26.325,11066,11067,11065,16,-16
2020-06-01 15:21:31.492,11065,11066,11065,3,-3
2020-06-01 15:21:31.493,11065,11066,11065,1,-1
2020-06-01 15:21:38.304,11065,11066,11065,1,-1
2020-06-01 15:21:38.641,11064,11065,11065,1,1
2020-06-01 15:21:51.958,11064,11065,11065,15,15
2020-06-01 15:22:05.114,11065,11066,11065,8,-8
2020-06-01 15:22:09.975,11065,11066,11065,2,-2
2020-06-01 15:22:19.863,11065,11066,11065,5,-5
2020-06-01 15:22:25.200,11065,11066,11065,1,-1
2020-06-01 15:22:37.830,11065,11066,11065,2,-2
2020-06-01 15:22:42.040,11065,11066,11065,1,-1
2020-06-01 15:22:44.284,11065,11066,11065,1,-1
2020-06-01 15:22:45.321,11065,11066,11065,1,-1
2020-06-01 15:22:48.355,11065,11066,11066,3,3
2020-06-01 15:22:57.607,11065,11066,11065,5,-5
2020-06-01 15:23:00.280,11064,11066,11066,1,1
2020-06-01 15:23:24.630,11065,11066,11066,1,1
2020-06-01 15:23:27.670,11065,11066,11066,1,1
2020-06-01 15:23:31.803,11065,11067,11065,1,-1
2020-06-01 15:23:52.192,11065,11066,11066,1,1
2020-06-01 15:23:58.802,11065,11066,11066,1,1
2020-06-01 15:24:08.718,11065,11066,11065,1,-1
2020-06-01 15:24:09.388,11065,11066,11066,4,4
2020-06-01 15:24:14.935,11066,11067,11067,1,1
2020-06-01 15:24:20.121,11066,11067,11067,13,13
2020-06-01 15:24:20.121,11066,11067,11067,3,3
2020-06-01 15:24:20.121,11066,11067,11067,6,6
2020-06-01 15:24:20.121,11066,11067,11067,3,3
2020-06-01 15:24:20.121,11066,11067,11067,1,1
2020-06-01 15:24:20.121,11066,11067,11067,2,2
2020-06-01 15:24:25.111,11067,11068,11068,10,10
2020-06-01 15:24:27.608,11068,11069,11069,1,1
2020-06-01 15:24:27.807,11068,11069,11069,1,1
2020-06-01 15:24:32.651,11068,11069,11069,1,1
2020-06-01 15:24:33.252,11068,11069,11069,1,1
2020-06-01 15:24:33.992,11068,11069,11069,5,5
2020-06-01 15:24:37.135,11068,11069,11068,4,-4
2020-06-01 15:24:37.383,11068,11069,11069,2,2
2020-06-01 15:24:40.723,11067,11068,11068,1,1
2020-06-01 15:24:41.729,11067,11068,11068,1,1
2020-06-01 15:24:43.689,11067,11068,11068,1,1
2020-06-01 15:24:57.883,11068,11069,11069,2,2
2020-06-01 15:25:03.065,11068,11069,11069,3,3
2020-06-01 15:25:03.556,11068,11069,11069,1,1
2020-06-01 15:25:03.608,11068,11069,11069,1,1
2020-06-01 15:25:03.654,11068,11070,11070,1,1
2020-06-01 15:25:03.843,11069,11070,11070,1,1
2020-06-01 15:25:04.050,11069,11070,11070,4,4
2020-06-01 15:25:13.721,11069,11070,11070,1,1
2020-06-01 15:25:24.498,11069,11070,11070,1,1
2020-06-01 15:25:26.048,11069,11070,11069,1,-1
2020-06-01 15:25:32.652,11069,11070,11069,5,-5
2020-06-01 15:25:33.363,11069,11070,11069,1,-1
2020-06-01 15:25:33.702,11069,11070,11069,1,-1
2020-06-01 15:25:40.799,11068,11069,11069,1,1
2020-06-01 15:25:41.106,11068,11069,11069,1,1
2020-06-01 15:25:44.488,11069,11070,11070,1,1
2020-06-01 15:26:03.357,11069,11070,11070,1,1
2020-06-01 15:26:03.824,11069,11070,11070,2,2
2020-06-01 15:26:19.202,11069,11070,11070,3,3
2020-06-01 15:26:26.259,11069,11070,11070,1,1
2020-06-01 15:26:36.659,11069,11070,11069,7,-7
2020-06-01 15:26:36.659,11069,11070,11069,4,-4
2020-06-01 15:26:37.227,11068,11069,11069,5,5
2020-06-01 15:26:47.859,11068,11069,11069,1,1
2020-06-01 15:26:55.886,11068,11069,11069,2,2
2020-06-01 15:27:04.268,11068,11069,11069,1,1
2020-06-01 15:27:22.115,11068,11069,11069,2,2
2020-06-01 15:27:24.737,11068,11069,11069,2,2
2020-06-01 15:27:27.452,11069,11070,11069,1,-1
2020-06-01 15:27:33.042,11069,11070,11069,1,-1
2020-06-01 15:27:33.042,11069,11070,11069,1,-1
2020-06-01 15:27:33.490,11068,11069,11069,1,1
2020-06-01 15:27:37.696,11069,11070,11069,1,-1
2020-06-01 15:27:37.696,11069,11070,11069,1,-1
2020-06-01 15:27:45.420,11068,11069,11069,1,1
2020-06-01 15:27:46.615,11068,11069,11069,3,3
2020-06-01 15:28:00.000,11069,11070,11069,1,-1
2020-06-01 15:28:00.000,11069,11070,11069,1,-1
2020-06-01 15:28:02.550,11068,11069,11068,4,-4
2020-06-01 15:28:02.550,11068,11069,11068,4,-4
2020-06-01 15:28:02.550,11068,11069,11068,1,-1
2020-06-01 15:28:02.550,11068,11069,11068,5,-5
2020-06-01 15:28:02.550,11068,11069,11068,1,-1
2020-06-01 15:28:02.550,11068,11069,11068,1,-1
2020-06-01 15:28:02.550,11068,11069,11068,1,-1
2020-06-01 15:28:02.550,11068,11069,11068,4,-4
2020-06-01 15:28:06.367,11067,11068,11068,1,1
2020-06-01 15:28:18.107,11067,11068,11068,2,2
2020-06-01 15:28:38.753,11067,11068,11067,1,-1
2020-06-01 15:28:38.980,11067,11068,11067,1,-1
2020-06-01 15:28:40.127,11067,11068,11067,1,-1
2020-06-01 15:28:41.607,11067,11068,11067,1,-1
2020-06-01 15:28:43.017,11067,11068,11067,1,-1
2020-06-01 15:28:43.929,11067,11068,11067,1,-1
2020-06-01 15:28:43.929,11067,11068,11067,1,-1
2020-06-01 15:28:46.251,11066,11067,11066,2,-2
2020-06-01 15:28:58.374,11066,11068,11066,1,-1
2020-06-01 15:29:10.690,11066,11067,11066,1,-1
2020-06-01 15:29:11.702,11066,11067,11066,1,-1
2020-06-01 15:29:15.005,11065,11067,11067,4,4
2020-06-01 15:29:42.229,11066,11067,11067,5,5
2020-06-01 15:29:43.362,11066,11068,11068,1,1
2020-06-01 15:29:43.856,11066,11068,11066,4,-4
2020-06-01 15:30:00.319,11067,11068,11067,2,2
2020-06-01 15:30:01.085,11066,11068,11068,1,1
2020-06-01 15:30:01.085,11066,11068,11068,2,2
2020-06-01 15:30:11.105,11067,11068,11068,2,2
2020-06-01 15:30:11.105,11067,11068,11068,2,2
2020-06-01 15:30:18.987,11068,11070,11068,1,-1
2020-06-01 15:30:19.437,11068,11069,11068,1,-1
2020-06-01 15:30:39.704,11067,11068,11068,1,1
2020-06-01 15:30:39.705,11067,11068,11068,2,2
2020-06-01 15:30:44.264,11068,11069,11068,1,-1
2020-06-01 15:30:58.161,11067,11068,11067,5,-5
2020-06-01 15:31:00.821,11066,11067,11066,5,-5
2020-06-01 15:31:08.542,11065,11066,11065,5,-5
2020-06-01 15:31:08.543,11065,11066,11065,4,-4
2020-06-01 15:31:10.870,11064,11065,11065,1,1
2020-06-01 15:31:13.131,11064,11065,11064,5,-5
2020-06-01 15:31:17.564,11063,11065,11063,1,-1
2020-06-01 15:31:17.760,11063,11065,11063,3,-3
2020-06-01 15:31:22.306,11063,11064,11064,1,1
2020-06-01 15:31:22.307,11063,11064,11064,1,1
2020-06-01 15:31:23.146,11063,11065,11063,3,-3
2020-06-01 15:31:32.468,11063,11064,11063,1,-1
2020-06-01 15:31:50.024,11063,11064,11064,1,1
2020-06-01 15:31:51.943,11063,11064,11063,1,-1
2020-06-01 15:31:54.722,11063,11064,11063,2,-2
2020-06-01 15:31:58.802,11063,11064,11063,1,-1
2020-06-01 15:32:08.467,11063,11064,11063,3,-3
2020-06-01 15:32:08.467,11063,11064,11063,5,-5
2020-06-01 15:32:15.677,11063,11064,11063,1,-1
2020-06-01 15:32:18.703,11063,11064,11063,2,-2
2020-06-01 15:32:29.549,11062,11063,11063,2,2
2020-06-01 15:32:29.549,11062,11063,11063,8,8
2020-06-01 15:32:35.606,11063,11064,11063,1,-1
2020-06-01 15:32:36.521,11062,11063,11063,1,1
2020-06-01 15:32:43.615,11062,11063,11063,1,1
2020-06-01 15:32:50.720,11062,11063,11063,1,1
2020-06-01 15:32:51.801,11062,11063,11063,2,2
2020-06-01 15:32:51.801,11062,11063,11063,2,2
2020-06-01 15:33:02.276,11063,11064,11063,1,-1
2020-06-01 15:33:22.890,11063,11064,11063,2,-2
2020-06-01 15:33:30.766,11063,11064,11064,2,2
2020-06-01 15:33:57.389,11064,11065,11064,1,-1
2020-06-01 15:33:58.700,11064,11065,11064,1,-1
2020-06-01 15:33:58.700,11064,11065,11064,3,-3
2020-06-01 15:34:05.121,11064,11065,11064,1,-1
2020-06-01 15:34:33.059,11063,11065,11063,1,-1
2020-06-01 15:34:50.551,11064,11065,11065,1,1
2020-06-01 15:34:59.975,11065,11066,11065,1,-1
2020-06-01 15:35:00.066,11064,11065,11064,3,-3
2020-06-01 15:35:40.209,11064,11065,11064,1,-1
2020-06-01 15:35:58.203,11064,11065,11065,1,1
2020-06-01 15:36:13.060,11065,11066,11066,1,1
2020-06-01 15:36:13.060,11065,11066,11066,2,2
2020-06-01 15:36:13.060,11065,11066,11066,6,6
2020-06-01 15:36:19.547,11065,11066,11066,1,1
2020-06-01 15:36:21.315,11066,11067,11067,1,1
2020-06-01 15:36:43.863,11066,11067,11066,2,-2
2020-06-01 15:36:44.268,11065,11066,11066,1,1
2020-06-01 15:36:45.844,11065,11066,11065,1,-1
2020-06-01 15:36:50.515,11065,11066,11065,1,-1
2020-06-01 15:37:14.574,11064,11065,11065,1,1
2020-06-01 15:37:37.899,11064,11065,11065,1,1
2020-06-01 15:37:39.904,11064,11065,11064,13,-13
2020-06-01 15:38:05.501,11063,11064,11064,1,1
2020-06-01 15:38:18.211,11063,11064,11063,2,-2
2020-06-01 15:38:18.211,11063,11064,11063,5,-5
2020-06-01 15:38:18.211,11063,11064,11063,2,-2
2020-06-01 15:38:44.607,11062,11063,11062,1,-1
2020-06-01 15:38:51.985,11062,11063,11063,1,1
2020-06-01 15:38:53.498,11062,11063,11062,15,-15
2020-06-01 15:38:58.451,11061,11062,11061,1,-1
2020-06-01 15:38:58.751,11061,11062,11062,4,4
2020-06-01 15:38:59.841,11061,11062,11062,1,1
2020-06-01 15:39:07.680,11061,11062,11062,1,1
2020-06-01 15:39:13.680,11062,11063,11062,1,-1
2020-06-01 15:39:14.363,11062,11063,11062,1,-1
2020-06-01 15:39:22.395,11061,11062,11062,1,1
2020-06-01 15:39:26.276,11062,11063,11063,11,11
2020-06-01 15:39:31.920,11062,11064,11062,1,-1
2020-06-01 15:39:47.997,11062,11063,11063,1,1
2020-06-01 15:40:10.327,11063,11064,11063,1,-1
2020-06-01 15:40:13.358,11063,11064,11064,1,1
2020-06-01 15:40:13.358,11063,11064,11064,1,1
2020-06-01 15:40:23.214,11064,11065,11065,1,1
2020-06-01 15:40:26.327,11065,11066,11066,1,1
2020-06-01 15:40:39.853,11065,11066,11066,1,1
2020-06-01 15:40:39.854,11065,11066,11066,1,1
2020-06-01 15:40:40.879,11066,11067,11066,1,-1
2020-06-01 15:40:48.258,11066,11067,11067,2,2
2020-06-01 15:40:48.259,11066,11067,11067,1,1
2020-06-01 15:40:49.543,11066,11067,11067,1,1
2020-06-01 15:41:05.791,11067,11068,11068,6,6
2020-06-01 15:41:05.976,11068,11069,11069,1,1
2020-06-01 15:41:15.226,11068,11069,11068,1,-1
2020-06-01 15:41:18.407,11068,11069,11069,5,5
2020-06-01 15:41:18.407,11068,11069,11069,4,4
2020-06-01 15:41:22.400,11068,11069,11068,1,-1
2020-06-01 15:41:28.560,11068,11069,11068,2,-2
2020-06-01 15:41:28.560,11068,11069,11068,1,-1
2020-06-01 15:41:35.275,11067,11068,11067,2,-2
2020-06-01 15:41:35.275,11067,11068,11067,4,-4
2020-06-01 15:41:48.946,11066,11068,11066,1,-1
2020-06-01 15:41:53.996,11066,11068,11068,1,1
2020-06-01 15:42:09.713,11067,11068,11067,1,-1
2020-06-01 15:42:10.074,11067,11068,11068,1,1
2020-06-01 15:42:13.858,11067,11068,11067,1,-1
2020-06-01 15:42:13.858,11067,11068,11067,1,-1
2020-06-01 15:42:13.904,11066,11067,11067,1,1
2020-06-01 15:42:16.145,11066,11067,11067,1,1
2020-06-01 15:42:42.522,11066,11067,11067,1,1
2020-06-01 15:42:51.811,11066,11067,11067,2,2
2020-06-01 15:42:51.811,11066,11067,11067,2,2
2020-06-01 15:42:51.812,11066,11067,11067,4,4
2020-06-01 15:42:51.881,11066,11067,11067,1,1
2020-06-01 15:43:04.163,11066,11067,11067,1,1
2020-06-01 15:43:06.004,11067,11068,11067,1,-1
2020-06-01 15:43:06.010,11067,11068,11068,3,3
2020-06-01 15:43:06.010,11067,11068,11068,2,2
2020-06-01 15:43:08.171,11068,11069,11068,1,-1
2020-06-01 15:43:12.375,11068,11069,11069,3,3
2020-06-01 15:43:14.032,11069,11070,11070,1,1
2020-06-01 15:43:14.529,11069,11070,11070,2,2
2020-06-01 15:43:14.530,11069,11070,11070,2,2
2020-06-01 15:43:14.530,11069,11070,11070,2,2
2020-06-01 15:43:14.530,11069,11070,11070,4,4
2020-06-01 15:43:14.530,11069,11070,11070,4,4
2020-06-01 15:43:14.530,11069,11070,11070,2,2
2020-06-01 15:43:14.530,11069,11070,11070,5,5
2020-06-01 15:43:14.530,11069,11070,11070,1,1
2020-06-01 15:43:14.531,11069,11070,11070,4,4
2020-06-01 15:43:14.531,11069,11070,11070,1,1
2020-06-01 15:43:14.531,11069,11070,11070,1,1
2020-06-01 15:43:14.531,11069,11070,11070,2,2
2020-06-01 15:43:14.531,11069,11070,11070,1,1
2020-06-01 15:43:14.531,11069,11070,11070,1,1
2020-06-01 15:43:14.761,11070,11071,11071,1,1
2020-06-01 15:43:18.051,11070,11071,11070,1,-1
2020-06-01 15:43:22.184,11069,11070,11069,1,-1
2020-06-01 15:43:23.449,11069,11070,11069,1,-1
2020-06-01 15:43:24.101,11069,11070,11069,1,-1
2020-06-01 15:43:24.101,11069,11070,11069,1,-1
2020-06-01 15:43:24.101,11069,11070,11069,1,-1
2020-06-01 15:43:26.638,11068,11070,11068,1,-1
2020-06-01 15:43:42.039,11068,11070,11069,1,1
2020-06-01 15:43:47.293,11068,11069,11069,1,1
2020-06-01 15:43:52.730,11068,11069,11069,1,1
2020-06-01 15:43:56.012,11068,11069,11069,1,1
2020-06-01 15:43:56.680,11069,11070,11069,1,-1
2020-06-01 15:43:57.334,11069,11070,11069,2,-2
2020-06-01 15:44:02.596,11068,11069,11069,1,1
2020-06-01 15:44:18.075,11068,11069,11069,2,2
2020-06-01 15:44:39.448,11069,11070,11070,4,4
2020-06-01 15:44:42.387,11070,11071,11071,1,1
2020-06-01 15:44:46.969,11070,11071,11070,1,-1
2020-06-01 15:44:49.452,11070,11071,11071,1,1
2020-06-01 15:44:51.817,11070,11071,11070,1,-1
2020-06-01 15:44:52.684,11070,11071,11070,2,-2
2020-06-01 15:44:57.660,11070,11071,11070,1,-1
2020-06-01 15:45:02.400,11070,11071,11071,2,2
2020-06-01 15:45:02.400,11070,11071,11071,1,1
2020-06-01 15:45:02.467,11070,11071,11071,2,2
2020-06-01 15:45:05.915,11070,11071,11071,1,1
2020-06-01 15:45:10.791,11070,11071,11071,1,1
2020-06-01 15:45:18.029,11070,11071,11071,2,2
2020-06-01 15:45:19.903,11070,11071,11071,1,1
2020-06-01 15:45:19.903,11070,11071,11071,2,2
2020-06-01 15:45:28.744,11071,11072,11071,2,-2
2020-06-01 15:45:34.691,11071,11072,11071,2,-2
2020-06-01 15:45:34.691,11071,11072,11071,2,-2
2020-06-01 15:45:34.691,11071,11072,11071,3,-3
2020-06-01 15:45:46.915,11070,11071,11071,1,1
2020-06-01 15:45:48.545,11070,11071,11071,1,1
2020-06-01 15:45:50.186,11070,11071,11070,1,-1
2020-06-01 15:45:50.186,11070,11071,11070,18,-18
2020-06-01 15:45:50.621,11069,11070,11069,2,-2
2020-06-01 15:45:52.592,11068,11069,11069,1,1
2020-06-01 15:45:52.593,11068,11069,11069,1,1
2020-06-01 15:45:54.585,11068,11070,11070,3,3
2020-06-01 15:46:05.089,11069,11070,11069,1,-1
2020-06-01 15:46:08.824,11069,11070,11069,3,-3
2020-06-01 15:46:14.698,11068,11069,11068,2,-2
2020-06-01 15:46:14.698,11068,11069,11068,2,-2
2020-06-01 15:46:14.698,11068,11069,11068,1,-1
2020-06-01 15:46:25.869,11068,11069,11069,1,1
2020-06-01 15:46:35.326,11068,11069,11068,1,-1
2020-06-01 15:46:45.200,11067,11068,11067,5,-5
2020-06-01 15:46:45.485,11067,11068,11068,3,3
2020-06-01 15:46:52.658,11067,11068,11068,4,4
2020-06-01 15:46:56.433,11068,11069,11068,1,-1
2020-06-01 15:47:16.706,11067,11068,11068,3,3
2020-06-01 15:47:28.812,11067,11068,11068,2,2
2020-06-01 15:47:34.688,11068,11069,11068,1,-1
2020-06-01 15:47:47.198,11068,11069,11069,1,1
2020-06-01 15:48:05.722,11068,11069,11069,1,1
2020-06-01 15:48:05.996,11068,11069,11069,1,1
2020-06-01 15:48:13.912,11068,11069,11068,1,-1
2020-06-01 15:48:20.410,11068,11069,11068,1,-1
2020-06-01 15:48:21.328,11067,11068,11068,1,1
2020-06-01 15:48:22.041,11067,11068,11067,2,-2
2020-06-01 15:48:47.444,11067,11069,11069,1,1
2020-06-01 15:48:50.974,11068,11069,11069,1,1
2020-06-01 15:49:02.222,11068,11069,11069,1,1
2020-06-01 15:49:22.682,11068,11069,11068,1,-1
2020-06-01 15:49:22.683,11068,11069,11068,1,-1
2020-06-01 15:49:44.256,11068,11069,11069,2,2
2020-06-01 15:49:47.062,11068,11069,11068,2,-2
2020-06-01 15:49:47.358,11068,11069,11069,1,1
2020-06-01 15:49:55.003,11068,11069,11069,1,1
2020-06-01 15:49:56.565,11068,11069,11069,1,1
2020-06-01 15:49:59.573,11068,11069,11069,2,2
2020-06-01 15:50:02.388,11069,11070,11070,3,3
2020-06-01 15:50:08.491,11069,11070,11070,3,3
2020-06-01 15:50:21.243,11069,11070,11069,1,-1
2020-06-01 15:50:27.069,11069,11070,11069,2,-2
2020-06-01 15:50:27.069,11069,11070,11069,1,-1
2020-06-01 15:50:33.957,11069,11070,11069,1,-1
2020-06-01 15:50:50.053,11068,11070,11069,1,-1
2020-06-01 15:50:52.176,11068,11069,11068,2,-2
2020-06-01 15:50:52.220,11068,11069,11069,1,1
2020-06-01 15:50:53.445,11067,11069,11069,1,1
2020-06-01 15:51:05.319,11067,11068,11068,5,5
2020-06-01 15:51:30.435,11067,11068,11067,1,-1
2020-06-01 15:51:31.274,11066,11067,11067,1,1
2020-06-01 15:51:34.793,11066,11067,11067,1,1
2020-06-01 15:51:38.999,11066,11067,11066,1,-1
2020-06-01 15:51:45.530,11066,11067,11067,1,1
2020-06-01 15:51:46.191,11066,11067,11066,1,-1
2020-06-01 15:51:59.738,11066,11067,11067,2,2
2020-06-01 15:52:01.148,11066,11068,11066,5,-5
2020-06-01 15:52:23.171,11065,11066,11066,1,1
2020-06-01 15:52:27.431,11065,11066,11066,4,4
2020-06-01 15:52:30.108,11065,11066,11066,1,1
2020-06-01 15:52:35.905,11065,11066,11065,9,-9
2020-06-01 15:52:36.708,11064,11065,11064,6,-6
2020-06-01 15:52:47.124,11064,11066,11066,3,3
2020-06-01 15:53:10.158,11065,11066,11066,1,1
2020-06-01 15:53:20.002,11065,11066,11065,1,-1
2020-06-01 15:53:55.377,11065,11066,11065,1,-1
2020-06-01 15:53:56.725,11065,11066,11066,1,1
2020-06-01 15:53:58.677,11065,11066,11065,1,-1
2020-06-01 15:53:58.677,11065,11066,11065,1,-1
2020-06-01 15:54:10.591,11065,11066,11065,1,-1
2020-06-01 15:54:53.343,11065,11066,11066,2,2
2020-06-01 15:54:53.343,11065,11066,11066,5,5
2020-06-01 15:54:53.343,11065,11066,11066,5,5
2020-06-01 15:54:53.343,11065,11066,11066,1,1
2020-06-01 15:54:56.810,11066,11068,11068,1,1
2020-06-01 15:55:00.470,11067,11068,11067,2,-2
2020-06-01 15:55:00.471,11067,11068,11067,1,-1
2020-06-01 15:55:05.043,11065,11067,11067,3,3
2020-06-01 15:55:18.103,11066,11067,11067,1,1
2020-06-01 15:55:18.103,11066,11067,11068,1,1
2020-06-01 15:55:49.438,11067,11068,11067,1,-1
2020-06-01 15:56:02.158,11066,11067,11067,5,5
2020-06-01 15:56:20.803,11066,11067,11066,1,-1
2020-06-01 15:56:20.941,11066,11067,11066,1,-1
2020-06-01 15:56:21.096,11066,11067,11066,1,-1
2020-06-01 15:56:21.416,11065,11066,11065,1,-1
2020-06-01 15:56:21.688,11065,11066,11065,1,-1
2020-06-01 15:56:22.061,11065,11066,11065,1,-1
2020-06-01 15:56:22.360,11065,11066,11065,1,-1
2020-06-01 15:56:22.656,11065,11066,11065,1,-1
2020-06-01 15:56:22.937,11065,11066,11065,1,-1
2020-06-01 15:56:23.214,11065,11066,11065,1,-1
2020-06-01 15:56:23.578,11065,11066,11065,1,-1
2020-06-01 15:56:23.937,11065,11066,11065,1,-1
2020-06-01 15:56:24.328,11064,11066,11064,1,-1
2020-06-01 15:56:36.163,11064,11066,11064,5,-5
2020-06-01 15:56:55.801,11065,11066,11065,1,1
2020-06-01 15:56:55.801,11065,11066,11064,1,-1
2020-06-01 15:57:48.393,11065,11066,11065,1,1
2020-06-01 15:57:49.268,11064,11066,11064,1,-1
2020-06-01 15:57:49.269,11064,11066,11064,1,-1
2020-06-01 15:57:49.334,11064,11066,11064,1,-1
2020-06-01 15:57:58.438,11065,11066,11065,5,5
2020-06-01 15:58:14.366,11065,11066,11065,1,-1
2020-06-01 15:58:16.378,11064,11065,11065,1,1
2020-06-01 15:58:17.707,11065,11066,11066,1,1
2020-06-01 15:58:17.707,11065,11066,11066,1,1
2020-06-01 15:58:17.707,11065,11066,11066,1,1
2020-06-01 15:58:17.707,11065,11066,11066,2,2
2020-06-01 15:58:17.707,11065,11066,11066,3,3
2020-06-01 15:58:23.977,11065,11067,11067,1,1
2020-06-01 15:58:30.679,11066,11067,11067,1,1
2020-06-01 15:59:05.204,11066,11067,11066,1,-1
2020-06-01 15:59:05.204,11066,11067,11066,1,-1
2020-06-01 15:59:18.118,11065,11066,11065,2,-2
2020-06-01 15:59:18.118,11065,11066,11065,2,-2
2020-06-01 15:59:24.401,11064,11065,11064,2,-2
2020-06-01 15:59:24.402,11064,11065,11064,3,-3
2020-06-01 15:59:37.750,11063,11064,11064,1,1
2020-06-01 15:59:42.408,11063,11064,11063,1,-1
2020-06-01 15:59:43.557,11063,11064,11063,1,-1
2020-06-01 15:59:45.355,11063,11064,11063,1,-1
2020-06-01 15:59:45.357,11063,11064,11064,1,1
2020-06-01 15:59:55.849,11063,11064,11063,10,-10
2020-06-01 16:00:02.151,11063,11064,11064,2,2
2020-06-01 16:00:02.406,11063,11064,11064,1,1
2020-06-01 16:00:02.426,11063,11064,11064,1,1
2020-06-01 16:00:02.835,11063,11064,11064,1,1
2020-06-01 16:00:02.873,11063,11064,11064,1,1
2020-06-01 16:00:02.883,11063,11064,11064,2,2
2020-06-01 16:00:03.400,11063,11064,11064,1,1
2020-06-01 16:00:11.399,11063,11064,11063,2,-2
2020-06-01 16:00:11.399,11063,11064,11063,2,-2
2020-06-01 16:00:11.399,11063,11064,11063,7,-7
2020-06-01 16:00:25.127,11062,11063,11062,2,-2
2020-06-01 16:00:25.128,11062,11063,11062,2,-2
2020-06-01 16:00:25.128,11062,11063,11062,5,-5
2020-06-01 16:00:25.396,11061,11062,11062,1,1
2020-06-01 16:00:25.396,11061,11062,11063,3,3
2020-06-01 16:00:26.958,11061,11062,11062,1,1
2020-06-01 16:00:28.592,11061,11062,11062,1,1
2020-06-01 16:00:29.714,11061,11062,11062,3,3
2020-06-01 16:00:29.715,11061,11062,11062,1,1
2020-06-01 16:00:29.715,11061,11062,11062,2,2
2020-06-01 16:00:29.715,11061,11062,11062,12,12
2020-06-01 16:00:31.330,11062,11064,11062,1,-1
2020-06-01 16:00:34.447,11062,11063,11062,3,-3
2020-06-01 16:00:35.203,11061,11063,11063,9,9
2020-06-01 16:00:35.203,11061,11063,11064,3,3
2020-06-01 16:00:38.562,11062,11063,11062,1,-1
2020-06-01 16:00:41.042,11063,11064,11063,1,1
2020-06-01 16:01:00.337,11063,11064,11063,4,-4
2020-06-01 16:01:07.631,11063,11064,11063,1,-1
2020-06-01 16:01:10.424,11062,11063,11063,1,1
2020-06-01 16:01:15.695,11062,11063,11063,2,2
2020-06-01 16:01:30.400,11063,11064,11063,2,-2
2020-06-01 16:01:30.690,11063,11064,11063,4,-4
2020-06-01 16:01:30.691,11063,11064,11063,5,-5
2020-06-01 16:01:30.691,11063,11064,11063,5,-5
2020-06-01 16:01:30.691,11063,11064,11063,1,-1
2020-06-01 16:01:33.190,11063,11064,11063,1,-1
2020-06-01 16:01:33.799,11062,11064,11064,1,1
2020-06-01 16:02:03.690,11063,11064,11063,1,-1
2020-06-01 16:02:09.633,11062,11063,11062,8,-8
2020-06-01 16:02:11.162,11061,11062,11062,1,1
2020-06-01 16:02:15.107,11061,11063,11061,1,-1
2020-06-01 16:02:15.195,11061,11063,11061,1,-1
2020-06-01 16:02:15.235,11061,11063,11061,1,-1
2020-06-01 16:02:15.448,11061,11063,11061,1,-1
2020-06-01 16:02:15.516,11061,11063,11061,1,-1
2020-06-01 16:02:15.601,11061,11063,11061,1,-1
2020-06-01 16:02:15.819,11061,11062,11061,1,-1
2020-06-01 16:02:15.876,11061,11062,11061,1,-1
2020-06-01 16:02:16.780,11061,11062,11061,2,-2
2020-06-01 16:02:18.979,11061,11062,11061,3,-3
2020-06-01 16:02:23.457,11060,11061,11061,1,1
2020-06-01 16:02:25.854,11060,11061,11061,1,1
2020-06-01 16:02:26.404,11060,11061,11061,1,1
2020-06-01 16:02:32.879,11060,11061,11060,15,-15
2020-06-01 16:02:32.879,11060,11061,11060,10,-10
2020-06-01 16:02:32.965,11059,11060,11059,1,-1
2020-06-01 16:02:32.970,11059,11060,11059,3,-3
2020-06-01 16:02:32.971,11059,11060,11059,2,-2
2020-06-01 16:02:32.971,11059,11060,11059,2,-2
2020-06-01 16:02:32.971,11059,11060,11059,5,-5
2020-06-01 16:02:32.974,11059,11060,11058,1,-1
2020-06-01 16:02:32.976,11059,11060,11058,1,-1
2020-06-01 16:02:33.032,11058,11059,11058,1,-1
2020-06-01 16:02:33.033,11058,11059,11058,1,-1
2020-06-01 16:02:33.077,11058,11059,11058,2,-2
2020-06-01 16:02:33.104,11058,11059,11058,2,-2
2020-06-01 16:02:33.583,11058,11059,11058,1,-1
2020-06-01 16:02:33.647,11058,11059,11058,1,-1
2020-06-01 16:02:33.658,11058,11059,11058,1,-1
2020-06-01 16:02:33.662,11058,11059,11057,1,-1
2020-06-01 16:02:33.705,11058,11059,11057,2,-2
2020-06-01 16:02:33.836,11057,11059,11057,1,-1
2020-06-01 16:02:34.375,11058,11059,11058,1,1
2020-06-01 16:02:34.438,11058,11059,11059,1,1
2020-06-01 16:02:35.743,11058,11059,11059,2,2
2020-06-01 16:02:35.743,11058,11059,11059,2,2
2020-06-01 16:02:36.780,11059,11060,11059,1,-1
2020-06-01 16:02:37.456,11059,11060,11059,1,-1
2020-06-01 16:02:38.253,11059,11060,11060,2,2
2020-06-01 16:02:38.253,11059,11060,11060,4,4
2020-06-01 16:02:39.694,11060,11061,11060,1,-1
2020-06-01 16:02:42.485,11059,11060,11060,1,1
2020-06-01 16:02:43.455,11059,11061,11061,2,2
2020-06-01 16:02:46.283,11059,11060,11059,1,-1
2020-06-01 16:02:50.072,11059,11060,11059,2,-2
2020-06-01 16:02:51.745,11058,11059,11058,2,-2
2020-06-01 16:02:52.762,11057,11058,11058,3,3
2020-06-01 16:02:53.516,11058,11059,11058,1,-1
2020-06-01 16:02:53.765,11058,11059,11058,1,-1
2020-06-01 16:02:55.339,11058,11059,11058,1,-1
2020-06-01 16:02:55.647,11057,11058,11058,1,1
2020-06-01 16:02:57.447,11057,11058,11057,2,-2
2020-06-01 16:02:57.447,11057,11058,11057,2,-2
2020-06-01 16:02:57.447,11057,11058,11057,3,-3
2020-06-01 16:02:57.447,11057,11058,11057,1,-1
2020-06-01 16:02:57.447,11057,11058,11057,1,-1
2020-06-01 16:02:57.447,11057,11058,11057,1,-1
2020-06-01 16:02:57.447,11057,11058,11057,1,-1
2020-06-01 16:02:57.447,11057,11058,11057,12,-12
2020-06-01 16:02:57.447,11057,11058,11057,1,-1
2020-06-01 16:02:58.150,11056,11057,11057,1,1
2020-06-01 16:02:58.524,11056,11057,11057,1,1
2020-06-01 16:02:59.506,11056,11057,11057,1,1
2020-06-01 16:02:59.864,11056,11057,11057,2,2
2020-06-01 16:02:59.864,11056,11057,11057,2,2
2020-06-01 16:03:01.640,11057,11059,11057,2,-2
2020-06-01 16:03:01.721,11057,11059,11057,18,-18
2020-06-01 16:03:01.721,11057,11059,11056,8,-8
2020-06-01 16:03:01.756,11057,11058,11057,1,1
2020-06-01 16:03:01.874,11057,11058,11056,5,-5
2020-06-01 16:03:01.983,11056,11058,11058,4,4
2020-06-01 16:03:02.627,11056,11057,11057,1,1
2020-06-01 16:03:03.067,11057,11059,11057,1,-1
2020-06-01 16:03:04.473,11057,11058,11057,2,-2
2020-06-01 16:03:05.824,11057,11059,11057,1,-1
2020-06-01 16:03:08.490,11057,11058,11057,1,-1
2020-06-01 16:03:14.269,11057,11058,11057,1,-1
2020-06-01 16:03:14.564,11057,11058,11057,2,-2
2020-06-01 16:03:18.693,11057,11058,11058,1,1
2020-06-01 16:03:18.693,11057,11058,11058,1,1
2020-06-01 16:03:20.573,11058,11059,11059,1,1
2020-06-01 16:03:20.702,11058,11059,11058,1,-1
2020-06-01 16:03:24.919,11058,11059,11059,1,1
2020-06-01 16:03:24.919,11058,11059,11059,1,1
2020-06-01 16:03:29.852,11059,11060,11060,1,1
2020-06-01 16:03:36.554,11059,11060,11060,1,1
2020-06-01 16:03:56.860,11059,11060,11060,2,2
2020-06-01 16:04:07.162,11059,11060,11060,1,1
2020-06-01 16:04:07.454,11059,11060,11060,3,3
2020-06-01 16:04:10.328,11060,11061,11060,1,-1
2020-06-01 16:04:22.996,11060,11061,11060,5,-5
2020-06-01 16:04:51.717,11059,11060,11060,1,1
2020-06-01 16:04:55.792,11059,11060,11060,1,1
2020-06-01 16:05:22.762,11059,11060,11059,2,-2
2020-06-01 16:05:24.929,11059,11060,11059,5,-5
2020-06-01 16:05:32.664,11058,11059,11059,1,1
2020-06-01 16:05:34.575,11059,11060,11059,1,-1
2020-06-01 16:05:40.845,11059,11060,11059,1,-1
2020-06-01 16:05:41.678,11059,11060,11060,1,1
2020-06-01 16:05:41.679,11059,11060,11060,10,10
2020-06-01 16:05:44.379,11060,11061,11060,1,-1
2020-06-01 16:05:47.764,11059,11061,11061,1,1
2020-06-01 16:05:48.562,11060,11061,11060,1,-1
2020-06-01 16:05:49.498,11060,11061,11061,3,3
2020-06-01 16:05:55.928,11060,11062,11060,5,-5
2020-06-01 16:06:09.019,11060,11061,11060,1,-1
2020-06-01 16:06:11.407,11060,11061,11060,1,-1
2020-06-01 16:06:12.030,11060,11061,11060,2,-2
2020-06-01 16:06:12.030,11060,11061,11060,2,-2
2020-06-01 16:06:20.510,11059,11060,11060,1,1
2020-06-01 16:06:23.605,11059,11060,11060,1,1
2020-06-01 16:06:32.336,11059,11060,11060,1,1
2020-06-01 16:06:56.370,11059,11060,11060,1,1
2020-06-01 16:06:57.127,11059,11060,11059,1,-1
2020-06-01 16:06:57.128,11059,11060,11059,3,-3
2020-06-01 16:06:57.128,11059,11060,11059,5,-5
2020-06-01 16:06:59.622,11059,11060,11059,1,-1
2020-06-01 16:07:20.437,11058,11059,11058,1,-1
2020-06-01 16:07:21.086,11058,11059,11059,5,5
2020-06-01 16:07:31.666,11058,11059,11059,1,1
2020-06-01 16:07:32.985,11059,11060,11059,4,-4
2020-06-01 16:07:32.985,11059,11060,11058,1,-1
2020-06-01 16:07:35.350,11058,11059,11058,2,-2
2020-06-01 16:07:45.650,11058,11059,11059,1,1
2020-06-01 16:07:48.620,11058,11059,11058,12,-12
2020-06-01 16:07:48.620,11058,11059,11058,3,-3
2020-06-01 16:07:48.620,11058,11059,11058,5,-5
2020-06-01 16:07:48.621,11058,11059,11058,3,-3
2020-06-01 16:07:48.628,11058,11059,11057,3,-3
2020-06-01 16:07:48.628,11058,11059,11057,2,-2
2020-06-01 16:07:48.628,11058,11059,11057,1,-1
2020-06-01 16:07:48.629,11058,11059,11057,3,-3
2020-06-01 16:07:48.629,11058,11059,11057,4,-4
2020-06-01 16:07:48.630,11058,11059,11057,1,-1
2020-06-01 16:07:48.631,11057,11058,11057,4,-4
2020-06-01 16:07:48.641,11057,11058,11057,1,-1
2020-06-01 16:07:48.658,11057,11058,11056,1,-1
2020-06-01 16:07:48.658,11057,11058,11056,1,-1
2020-06-01 16:07:48.658,11057,11058,11056,1,-1
2020-06-01 16:07:48.676,11057,11058,11056,6,-6
2020-06-01 16:07:48.677,11057,11058,11055,15,-15
2020-06-01 16:07:48.678,11057,11058,11055,3,-3
2020-06-01 16:07:48.678,11057,11058,11055,2,-2
2020-06-01 16:07:48.679,11057,11058,11054,1,-1
2020-06-01 16:07:48.679,11057,11058,11054,1,-1
2020-06-01 16:07:48.680,11057,11058,11054,1,-1
2020-06-01 16:07:48.680,11057,11058,11054,9,-9
2020-06-01 16:07:48.681,11057,11058,11054,5,-5
2020-06-01 16:07:48.682,11057,11058,11053,15,-15
2020-06-01 16:07:48.688,11057,11058,11053,1,-1
2020-06-01 16:07:48.688,11057,11058,11053,2,-2
2020-06-01 16:07:48.703,11057,11058,11052,11,-11
2020-06-01 16:07:48.719,11057,11058,11051,1,-1
2020-06-01 16:07:48.721,11057,11058,11051,3,-3
2020-06-01 16:07:48.721,11057,11058,11051,1,-1
2020-06-01 16:07:48.721,11057,11058,11051,7,-7
2020-06-01 16:07:48.721,11057,11058,11051,1,-1
2020-06-01 16:07:48.721,11057,11058,11051,5,-5
2020-06-01 16:07:48.722,11057,11058,11051,3,-3
2020-06-01 16:07:48.722,11057,11058,11051,1,-1
2020-06-01 16:07:48.722,11057,11058,11051,4,-4
2020-06-01 16:07:48.722,11057,11058,11051,6,-6
2020-06-01 16:07:48.722,11057,11058,11051,2,-2
2020-06-01 16:07:48.722,11057,11058,11051,2,-2
2020-06-01 16:07:48.727,11057,11058,11050,6,-6
2020-06-01 16:07:48.727,11057,11058,11050,10,-10
2020-06-01 16:07:48.727,11057,11058,11050,4,-4
2020-06-01 16:07:48.731,11057,11058,11050,1,-1
2020-06-01 16:07:48.731,11057,11058,11050,1,-1
2020-06-01 16:07:48.732,11057,11058,11050,3,-3
2020-06-01 16:07:48.732,11057,11058,11050,1,-1
2020-06-01 16:07:48.732,11057,11058,11050,3,-3
2020-06-01 16:07:48.736,11057,11058,11050,4,-4
2020-06-01 16:07:48.789,11049,11050,11050,1,1
2020-06-01 16:07:48.806,11049,11050,11049,9,-9
2020-06-01 16:07:48.828,11049,11050,11049,2,-2
2020-06-01 16:07:48.828,11049,11050,11049,2,-2
2020-06-01 16:07:48.828,11049,11050,11049,1,-1
2020-06-01 16:07:48.828,11049,11050,11049,2,-2
2020-06-01 16:07:48.829,11049,11050,11049,1,-1
2020-06-01 16:07:48.832,11049,11050,11049,1,-1
2020-06-01 16:07:48.838,11049,11050,11049,2,-2
2020-06-01 16:07:48.881,11048,11049,11049,4,4
2020-06-01 16:07:48.912,11048,11049,11049,1,1
2020-06-01 16:07:48.957,11048,11049,11048,1,-1
2020-06-01 16:07:48.967,11048,11049,11048,4,-4
2020-06-01 16:07:48.976,11048,11049,11049,1,1
2020-06-01 16:07:48.980,11048,11049,11048,1,-1
2020-06-01 16:07:48.984,11048,11049,11048,1,-1
2020-06-01 16:07:49.077,11048,11049,11048,3,-3
2020-06-01 16:07:49.098,11048,11049,11049,3,3
2020-06-01 16:07:49.099,11048,11049,11049,1,1
2020-06-01 16:07:49.138,11049,11050,11050,4,4
2020-06-01 16:07:49.145,11049,11050,11049,2,-2
2020-06-01 16:07:49.169,11049,11050,11049,1,-1
2020-06-01 16:07:49.212,11049,11050,11049,2,-2
2020-06-01 16:07:49.223,11049,11050,11049,1,-1
2020-06-01 16:07:49.248,11049,11050,11049,1,-1
2020-06-01 16:07:49.278,11048,11049,11048,3,-3
2020-06-01 16:07:49.344,11048,11049,11048,1,-1
2020-06-01 16:07:49.366,11048,11049,11048,1,-1
2020-06-01 16:07:49.419,11048,11049,11048,3,-3
2020-06-01 16:07:49.509,11048,11049,11048,1,-1
2020-06-01 16:07:49.558,11048,11049,11048,1,-1
2020-06-01 16:07:49.560,11048,11049,11047,1,-1
2020-06-01 16:07:49.617,11048,11049,11047,7,-7
2020-06-01 16:07:49.637,11047,11048,11047,1,-1
2020-06-01 16:07:49.681,11047,11048,11047,1,-1
2020-06-01 16:07:49.802,11047,11048,11047,1,-1
2020-06-01 16:07:49.803,11047,11048,11047,2,-2
2020-06-01 16:07:49.804,11047,11048,11047,2,-2
2020-06-01 16:07:50.028,11047,11048,11047,2,-2
2020-06-01 16:07:50.028,11047,11048,11047,1,-1
2020-06-01 16:07:50.678,11047,11048,11048,1,1
2020-06-01 16:07:50.679,11047,11048,11048,3,3
2020-06-01 16:07:50.696,11047,11048,11049,1,1
2020-06-01 16:07:50.697,11047,11048,11049,1,1
2020-06-01 16:07:50.718,11047,11048,11049,1,1
2020-06-01 16:07:51.312,11049,11050,11050,1,1
2020-06-01 16:07:51.675,11049,11050,11050,2,2
2020-06-01 16:07:51.689,11049,11050,11050,1,1
2020-06-01 16:07:51.689,11049,11050,11050,2,2
2020-06-01 16:07:51.735,11049,11050,11052,3,3
2020-06-01 16:07:51.735,11049,11050,11052,3,3
2020-06-01 16:07:51.735,11049,11050,11052,1,1
2020-06-01 16:07:51.935,11053,11054,11053,6,6
2020-06-01 16:07:52.556,11052,11054,11054,1,1
2020-06-01 16:07:53.760,11053,11054,11053,1,-1
2020-06-01 16:07:53.803,11053,11054,11054,1,1
2020-06-01 16:07:55.774,11053,11054,11054,2,2
2020-06-01 16:07:57.064,11052,11053,11052,3,-3
2020-06-01 16:07:57.178,11051,11053,11052,2,-2
2020-06-01 16:07:57.306,11051,11053,11051,1,-1
2020-06-01 16:07:57.405,11051,11052,11051,1,-1
2020-06-01 16:07:59.950,11048,11050,11048,1,-1
2020-06-01 16:08:00.009,11048,11049,11048,1,-1
2020-06-01 16:08:00.469,11048,11049,11048,5,-5
2020-06-01 16:08:00.582,11047,11049,11049,1,1
2020-06-01 16:08:00.764,11048,11050,11049,1,-1
2020-06-01 16:08:01.755,11049,11050,11049,1,-1
2020-06-01 16:08:01.924,11048,11049,11049,1,1
2020-06-01 16:08:01.925,11048,11049,11049,3,3
2020-06-01 16:08:01.956,11048,11049,11049,4,4
2020-06-01 16:08:02.182,11048,11049,11049,1,1
2020-06-01 16:08:02.182,11048,11049,11050,6,6
2020-06-01 16:08:02.183,11048,11049,11050,1,1
2020-06-01 16:08:02.425,11048,11049,11048,1,-1
2020-06-01 16:08:02.451,11048,11049,11048,2,-2
2020-06-01 16:08:02.451,11048,11049,11047,6,-6
2020-06-01 16:08:02.492,11048,11049,11047,1,-1
2020-06-01 16:08:03.415,11048,11049,11048,5,5
2020-06-01 16:08:03.494,11048,11049,11048,2,-2
2020-06-01 16:08:03.506,11047,11048,11047,3,-3
2020-06-01 16:08:04.639,11046,11047,11046,5,-5
2020-06-01 16:08:04.685,11046,11047,11047,1,1
2020-06-01 16:08:04.800,11046,11047,11046,1,-1
2020-06-01 16:08:04.800,11046,11047,11046,4,-4
2020-06-01 16:08:04.874,11046,11047,11045,5,-5
2020-06-01 16:08:05.308,11045,11046,11045,4,-4
2020-06-01 16:08:05.308,11045,11046,11045,2,-2
2020-06-01 16:08:05.356,11045,11046,11045,1,-1
2020-06-01 16:08:05.467,11045,11046,11045,2,-2
2020-06-01 16:08:05.496,11045,11046,11045,1,-1
2020-06-01 16:08:05.496,11045,11046,11045,1,-1
2020-06-01 16:08:05.496,11045,11046,11045,1,-1
2020-06-01 16:08:05.496,11045,11046,11045,3,-3
2020-06-01 16:08:05.497,11045,11046,11045,1,-1
2020-06-01 16:08:05.506,11045,11046,11045,7,-7
2020-06-01 16:08:05.705,11044,11046,11044,1,-1
2020-06-01 16:08:05.894,11044,11046,11044,4,-4
2020-06-01 16:08:06.188,11044,11046,11046,1,1
2020-06-01 16:08:06.188,11044,11046,11046,2,2
2020-06-01 16:08:06.188,11044,11046,11046,2,2
2020-06-01 16:08:06.200,11044,11046,11045,1,-1
2020-06-01 16:08:06.347,11045,11047,11045,6,-6
2020-06-01 16:08:06.602,11045,11047,11046,1,1
2020-06-01 16:08:06.602,11045,11047,11045,1,-1
2020-06-01 16:08:06.682,11045,11047,11047,1,1
2020-06-01 16:08:06.785,11046,11047,11047,3,3
2020-06-01 16:08:06.785,11046,11047,11047,5,5
2020-06-01 16:08:06.785,11046,11047,11047,2,2
2020-06-01 16:08:06.917,11047,11048,11048,2,2
2020-06-01 16:08:07.197,11046,11048,11048,5,5
2020-06-01 16:08:07.241,11046,11048,11047,2,-2
2020-06-01 16:08:07.362,11047,11049,11047,1,-1
2020-06-01 16:08:07.522,11047,11049,11047,1,-1
2020-06-01 16:08:08.316,11047,11048,11047,1,-1
2020-06-01 16:08:08.605,11045,11047,11045,3,-3
2020-06-01 16:08:08.697,11045,11047,11046,1,1
2020-06-01 16:08:09.531,11044,11045,11045,1,1
2020-06-01 16:08:09.624,11044,11045,11045,1,1
2020-06-01 16:08:10.279,11044,11045,11044,5,-5
2020-06-01 16:08:10.397,11044,11045,11045,1,1
2020-06-01 16:08:10.455,11044,11045,11044,3,-3
2020-06-01 16:08:10.455,11044,11045,11043,2,-2
2020-06-01 16:08:10.671,11043,11044,11043,5,-5
2020-06-01 16:08:10.784,11043,11044,11043,2,-2
2020-06-01 16:08:10.785,11043,11044,11043,2,-2
2020-06-01 16:08:11.139,11042,11043,11043,1,1
2020-06-01 16:08:11.293,11042,11043,11043,1,1
2020-06-01 16:08:11.299,11042,11043,11042,5,-5
2020-06-01 16:08:11.300,11042,11043,11042,5,-5
2020-06-01 16:08:11.404,11042,11043,11042,2,-2
2020-06-01 16:08:11.404,11042,11043,11042,1,-1
2020-06-01 16:08:11.404,11042,11043,11042,2,-2
2020-06-01 16:08:11.426,11042,11043,11041,4,-4
2020-06-01 16:08:11.533,11041,11042,11041,4,-4
2020-06-01 16:08:11.607,11041,11042,11041,2,-2
2020-06-01 16:08:11.652,11041,11042,11041,1,-1
2020-06-01 16:08:11.669,11041,11042,11041,1,-1
2020-06-01 16:08:11.670,11041,11042,11041,3,-3
2020-06-01 16:08:11.677,11041,11042,11040,5,-5
2020-06-01 16:08:11.702,11041,11042,11040,5,-5
2020-06-01 16:08:11.765,11040,11041,11040,1,-1
2020-06-01 16:08:11.776,11040,11041,11040,1,-1
2020-06-01 16:08:11.789,11040,11041,11040,1,-1
2020-06-01 16:08:11.791,11040,11041,11040,8,-8
2020-06-01 16:08:11.791,11040,11041,11040,5,-5
2020-06-01 16:08:11.792,11040,11041,11040,1,-1
2020-06-01 16:08:11.792,11040,11041,11040,2,-2
2020-06-01 16:08:11.797,11040,11041,11040,1,-1
2020-06-01 16:08:11.809,11040,11041,11040,1,-1
2020-06-01 16:08:11.833,11040,11041,11040,1,-1
2020-06-01 16:08:11.833,11040,11041,11040,5,-5
2020-06-01 16:08:11.833,11040,11041,11040,6,-6
2020-06-01 16:08:11.835,11040,11041,11040,1,-1
2020-06-01 16:08:11.835,11040,11041,11040,1,-1
2020-06-01 16:08:11.835,11040,11041,11040,1,-1
2020-06-01 16:08:11.846,11040,11041,11040,4,-4
2020-06-01 16:08:11.848,11040,11041,11040,1,-1
2020-06-01 16:08:11.851,11040,11041,11040,3,-3
2020-06-01 16:08:11.851,11040,11041,11040,1,-1
2020-06-01 16:08:11.865,11040,11041,11039,1,-1
2020-06-01 16:08:11.865,11040,11041,11039,1,-1
2020-06-01 16:08:11.942,11039,11041,11039,1,-1
2020-06-01 16:08:11.966,11039,11041,11039,1,-1
2020-06-01 16:08:11.974,11039,11041,11039,9,-9
2020-06-01 16:08:11.983,11039,11041,11039,1,-1
2020-06-01 16:08:11.984,11039,11041,11038,1,-1
2020-06-01 16:08:11.993,11039,11041,11038,4,-4
2020-06-01 16:08:12.003,11039,11041,11038,2,-2
2020-06-01 16:08:12.010,11038,11040,11038,1,-1
2020-06-01 16:08:12.011,11038,11040,11038,2,-2
2020-06-01 16:08:12.013,11038,11040,11038,1,-1
2020-06-01 16:08:12.023,11038,11040,11038,1,-1
2020-06-01 16:08:12.026,11038,11040,11038,1,-1
2020-06-01 16:08:12.040,11038,11040,11038,1,-1
2020-06-01 16:08:12.063,11038,11040,11038,4,-4
2020-06-01 16:08:12.070,11038,11040,11038,6,-6
2020-06-01 16:08:12.082,11038,11040,11038,2,-2
2020-06-01 16:08:12.123,11038,11040,11038,4,-4
2020-06-01 16:08:12.126,11038,11040,11038,1,-1
2020-06-01 16:08:12.134,11038,11039,11038,1,-1
2020-06-01 16:08:12.151,11038,11039,11038,2,-2
2020-06-01 16:08:12.161,11038,11039,11038,1,-1
2020-06-01 16:08:12.163,11038,11039,11038,5,-5
2020-06-01 16:08:12.169,11038,11039,11038,1,-1
2020-06-01 16:08:12.173,11038,11039,11038,1,-1
2020-06-01 16:08:12.175,11038,11039,11038,15,-15
2020-06-01 16:08:12.185,11038,11039,11037,7,-7
2020-06-01 16:08:12.195,11038,11039,11037,1,-1
2020-06-01 16:08:12.196,11038,11039,11037,1,-1
2020-06-01 16:08:12.197,11038,11039,11037,1,-1
2020-06-01 16:08:12.229,11038,11039,11037,4,-4
2020-06-01 16:08:12.235,11038,11039,11037,1,-1
2020-06-01 16:08:12.269,11037,11039,11037,1,-1
2020-06-01 16:08:12.280,11037,11039,11037,1,-1
2020-06-01 16:08:12.303,11037,11039,11039,6,6
2020-06-01 16:08:12.330,11037,11039,11038,1,-1
2020-06-01 16:08:12.331,11037,11039,11038,1,-1
2020-06-01 16:08:12.332,11037,11039,11038,1,-1
2020-06-01 16:08:12.371,11037,11039,11037,1,-1
2020-06-01 16:08:12.375,11037,11039,11037,1,-1
2020-06-01 16:08:12.403,11037,11039,11037,2,-2
2020-06-01 16:08:12.403,11037,11039,11037,1,-1
2020-06-01 16:08:12.411,11037,11039,11037,1,-1
2020-06-01 16:08:12.416,11037,11039,11037,12,-12
2020-06-01 16:08:12.416,11037,11039,11036,3,-3
2020-06-01 16:08:12.418,11037,11039,11036,2,-2
2020-06-01 16:08:12.428,11037,11039,11036,7,-7
2020-06-01 16:08:12.471,11037,11039,11036,1,-1
2020-06-01 16:08:12.472,11037,11039,11036,2,-2
2020-06-01 16:08:12.482,11037,11039,11036,2,-2
2020-06-01 16:08:12.492,11037,11039,11036,1,-1
2020-06-01 16:08:12.520,11036,11037,11036,1,-1
2020-06-01 16:08:12.521,11036,11037,11036,4,-4
2020-06-01 16:08:12.536,11036,11037,11036,2,-2
2020-06-01 16:08:12.572,11036,11037,11036,1,-1
2020-06-01 16:08:12.578,11036,11037,11036,1,-1
2020-06-01 16:08:12.578,11036,11037,11035,3,-3
2020-06-01 16:08:12.605,11036,11037,11035,2,-2
2020-06-01 16:08:12.612,11036,11037,11035,1,-1
2020-06-01 16:08:12.623,11036,11037,11035,4,-4
2020-06-01 16:08:12.625,11036,11037,11035,1,-1
2020-06-01 16:08:12.627,11036,11037,11035,2,-2
2020-06-01 16:08:12.631,11035,11037,11035,1,-1
2020-06-01 16:08:12.637,11035,11037,11036,1,1
2020-06-01 16:08:12.648,11035,11037,11036,1,-1
2020-06-01 16:08:12.648,11035,11037,11035,1,-1
2020-06-01 16:08:12.652,11035,11037,11035,1,-1
2020-06-01 16:08:12.668,11035,11037,11035,1,-1
2020-06-01 16:08:12.708,11035,11037,11035,1,-1
2020-06-01 16:08:12.710,11035,11037,11035,4,-4
2020-06-01 16:08:12.731,11035,11037,11037,1,1
2020-06-01 16:08:12.731,11035,11037,11036,2,-2
2020-06-01 16:08:12.749,11035,11037,11036,1,-1
2020-06-01 16:08:12.750,11035,11037,11037,2,2
2020-06-01 16:08:12.764,11036,11038,11036,1,-1
2020-06-01 16:08:12.780,11036,11038,11036,1,-1
2020-06-01 16:08:12.806,11036,11038,11038,1,1
2020-06-01 16:08:12.807,11036,11038,11038,3,3
2020-06-01 16:08:12.809,11036,11038,11037,1,-1
2020-06-01 16:08:12.814,11036,11038,11037,1,-1
2020-06-01 16:08:12.833,11036,11038,11037,1,-1
2020-06-01 16:08:12.853,11036,11038,11037,1,-1
2020-06-01 16:08:12.857,11036,11038,11036,1,-1
2020-06-01 16:08:12.872,11036,11038,11036,2,-2
2020-06-01 16:08:12.891,11036,11038,11036,2,-2
2020-06-01 16:08:12.892,11036,11038,11036,1,-1
2020-06-01 16:08:12.902,11036,11038,11036,1,-1
2020-06-01 16:08:12.902,11036,11038,11035,1,-1
2020-06-01 16:08:12.951,11036,11038,11036,2,2
2020-06-01 16:08:12.963,11036,11038,11037,1,1
2020-06-01 16:08:12.963,11036,11038,11036,2,-2
2020-06-01 16:08:12.963,11036,11038,11036,1,-1
2020-06-01 16:08:12.963,11036,11038,11035,2,-2
2020-06-01 16:08:12.970,11036,11038,11035,1,-1
2020-06-01 16:08:12.984,11036,11038,11035,3,-3
2020-06-01 16:08:12.987,11036,11038,11036,2,2
2020-06-01 16:08:12.989,11036,11038,11035,2,-2
2020-06-01 16:08:12.995,11036,11038,11035,2,-2
2020-06-01 16:08:12.996,11036,11038,11035,1,-1
2020-06-01 16:08:13.000,11036,11038,11035,2,-2
2020-06-01 16:08:13.016,11035,11038,11035,2,-2
2020-06-01 16:08:13.019,11035,11038,11035,3,-3
2020-06-01 16:08:13.026,11035,11038,11036,1,1
2020-06-01 16:08:13.026,11035,11038,11035,3,-3
2020-06-01 16:08:13.034,11035,11038,11035,1,-1
2020-06-01 16:08:13.045,11035,11038,11035,2,-2
2020-06-01 16:08:13.048,11035,11038,11034,1,-1
2020-06-01 16:08:13.056,11035,11038,11034,1,-1
2020-06-01 16:08:13.057,11035,11038,11034,2,-2
2020-06-01 16:08:13.086,11035,11038,11035,1,1
2020-06-01 16:08:13.093,11035,11038,11035,1,-1
2020-06-01 16:08:13.093,11035,11038,11034,8,-8
2020-06-01 16:08:13.098,11035,11038,11034,1,-1
2020-06-01 16:08:13.110,11035,11038,11034,4,-4
2020-06-01 16:08:13.118,11035,11038,11033,1,-1
2020-06-01 16:08:13.131,11033,11035,11033,1,-1
2020-06-01 16:08:13.149,11033,11035,11033,1,-1
2020-06-01 16:08:13.172,11033,11035,11033,2,-2
2020-06-01 16:08:13.190,11033,11035,11034,1,1
2020-06-01 16:08:13.190,11033,11035,11033,3,-3
2020-06-01 16:08:13.202,11033,11035,11034,2,2
2020-06-01 16:08:13.213,11033,11035,11033,1,-1
2020-06-01 16:08:13.216,11033,11035,11033,1,-1
2020-06-01 16:08:13.227,11033,11035,11033,1,-1
2020-06-01 16:08:13.248,11033,11035,11033,1,-1
2020-06-01 16:08:13.284,11033,11035,11033,4,-4
2020-06-01 16:08:13.295,11033,11035,11033,1,-1
2020-06-01 16:08:13.334,11033,11035,11033,1,-1
2020-06-01 16:08:13.334,11033,11035,11033,1,-1
2020-06-01 16:08:13.353,11033,11035,11033,1,-1
2020-06-01 16:08:13.360,11033,11035,11033,1,-1
2020-06-01 16:08:13.370,11033,11035,11033,1,-1
2020-06-01 16:08:13.373,11033,11035,11033,1,-1
2020-06-01 16:08:13.373,11033,11035,11032,3,-3
2020-06-01 16:08:13.378,11033,11035,11032,1,-1
2020-06-01 16:08:13.385,11032,11034,11032,2,-2
2020-06-01 16:08:13.405,11032,11034,11032,1,-1
2020-06-01 16:08:13.409,11032,11034,11032,1,-1
2020-06-01 16:08:13.418,11032,11034,11033,1,1
2020-06-01 16:08:13.425,11032,11034,11032,1,-1
2020-06-01 16:08:13.428,11032,11034,11033,1,1
2020-06-01 16:08:13.430,11032,11034,11033,1,-1
2020-06-01 16:08:13.430,11032,11034,11032,1,-1
2020-06-01 16:08:13.439,11032,11034,11034,1,1
2020-06-01 16:08:13.440,11032,11034,11033,1,-1
2020-06-01 16:08:13.447,11032,11034,11034,1,1
2020-06-01 16:08:13.458,11032,11034,11035,1,1
2020-06-01 16:08:13.477,11032,11034,11033,3,-3
2020-06-01 16:08:13.478,11032,11034,11033,1,-1
2020-06-01 16:08:13.483,11032,11034,11032,1,-1
2020-06-01 16:08:13.484,11032,11034,11032,1,-1
2020-06-01 16:08:13.486,11032,11034,11035,1,1
2020-06-01 16:08:13.491,11032,11034,11035,1,1
2020-06-01 16:08:13.507,11033,11035,11033,1,-1
2020-06-01 16:08:13.527,11033,11035,11033,1,-1
2020-06-01 16:08:13.535,11033,11035,11033,1,-1
2020-06-01 16:08:13.537,11033,11035,11033,1,-1
2020-06-01 16:08:13.562,11033,11035,11033,1,-1
2020-06-01 16:08:13.566,11033,11035,11032,1,-1
2020-06-01 16:08:13.566,11033,11035,11032,1,-1
2020-06-01 16:08:13.577,11033,11035,11032,8,-8
2020-06-01 16:08:13.587,11033,11035,11032,1,-1
2020-06-01 16:08:13.626,11033,11035,11032,2,-2
2020-06-01 16:08:13.643,11032,11034,11033,1,1
2020-06-01 16:08:13.643,11032,11034,11032,1,-1
2020-06-01 16:08:13.643,11032,11034,11031,2,-2
2020-06-01 16:08:13.722,11032,11034,11032,2,2
2020-06-01 16:08:13.724,11032,11034,11032,1,-1
2020-06-01 16:08:13.786,11032,11034,11032,1,-1
2020-06-01 16:08:13.789,11032,11034,11032,2,-2
2020-06-01 16:08:13.847,11032,11034,11032,1,-1
2020-06-01 16:08:13.876,11032,11034,11032,1,-1
2020-06-01 16:08:13.920,11032,11034,11032,1,-1
2020-06-01 16:08:13.922,11032,11034,11033,1,1
2020-06-01 16:08:13.922,11032,11034,11032,1,-1
2020-06-01 16:08:13.923,11032,11034,11032,1,-1
2020-06-01 16:08:13.934,11032,11034,11032,1,-1
2020-06-01 16:08:13.936,11032,11034,11032,4,-4
2020-06-01 16:08:13.945,11032,11034,11032,1,-1
2020-06-01 16:08:14.026,11032,11034,11032,2,-2
2020-06-01 16:08:14.050,11032,11034,11034,1,1
2020-06-01 16:08:14.064,11032,11034,11034,1,1
2020-06-01 16:08:14.094,11032,11034,11034,1,1
2020-06-01 16:08:14.110,11032,11034,11033,1,-1
2020-06-01 16:08:14.290,11033,11035,11034,1,1
2020-06-01 16:08:14.404,11033,11034,11033,2,-2
2020-06-01 16:08:14.404,11033,11034,11032,1,-1
2020-06-01 16:08:14.407,11033,11034,11032,1,-1
2020-06-01 16:08:14.444,11033,11034,11032,3,-3
2020-06-01 16:08:14.444,11033,11034,11031,3,-3
2020-06-01 16:08:14.461,11033,11034,11031,2,-2
2020-06-01 16:08:14.526,11031,11033,11033,2,2
2020-06-01 16:08:14.561,11031,11033,11031,2,-2
2020-06-01 16:08:14.590,11031,11033,11031,1,-1
2020-06-01 16:08:14.608,11031,11033,11031,1,-1
2020-06-01 16:08:14.627,11031,11033,11031,1,-1
2020-06-01 16:08:14.658,11031,11033,11031,1,-1
2020-06-01 16:08:14.664,11031,11033,11031,2,-2
2020-06-01 16:08:14.676,11031,11033,11031,2,-2
2020-06-01 16:08:14.676,11031,11033,11030,1,-1
2020-06-01 16:08:14.693,11031,11033,11032,3,3
2020-06-01 16:08:14.696,11031,11033,11031,2,-2
2020-06-01 16:08:14.746,11031,11033,11031,1,-1
2020-06-01 16:08:14.809,11031,11033,11033,1,1
2020-06-01 16:08:14.810,11031,11033,11033,2,2
2020-06-01 16:08:14.823,11031,11033,11032,3,-3
2020-06-01 16:08:14.838,11031,11033,11032,1,-1
2020-06-01 16:08:14.917,11032,11034,11033,4,4
2020-06-01 16:08:14.917,11032,11034,11032,2,-2
2020-06-01 16:08:14.929,11032,11034,11032,1,-1
2020-06-01 16:08:14.939,11032,11034,11032,1,-1
2020-06-01 16:08:14.963,11032,11034,11032,4,-4
2020-06-01 16:08:14.963,11032,11034,11031,2,-2
2020-06-01 16:08:14.989,11032,11034,11031,2,-2
2020-06-01 16:08:15.027,11031,11033,11031,1,-1
2020-06-01 16:08:15.049,11031,11033,11031,4,-4
2020-06-01 16:08:15.050,11031,11033,11031,1,-1
2020-06-01 16:08:15.074,11031,11033,11031,3,-3
2020-06-01 16:08:15.097,11031,11033,11030,1,-1
2020-06-01 16:08:15.097,11031,11033,11030,1,-1
2020-06-01 16:08:15.108,11031,11033,11031,1,1
2020-06-01 16:08:15.141,11030,11032,11030,29,-29
2020-06-01 16:08:15.141,11030,11032,11029,17,-17
2020-06-01 16:08:15.141,11030,11032,11028,8,-8
2020-06-01 16:08:15.149,11030,11032,11029,1,1
2020-06-01 16:08:15.173,11030,11032,11028,1,-1
2020-06-01 16:08:15.178,11030,11032,11028,1,-1
2020-06-01 16:08:15.180,11030,11032,11028,1,-1
2020-06-01 16:08:15.216,11030,11032,11028,4,-4
2020-06-01 16:08:15.241,11030,11032,11029,1,1
2020-06-01 16:08:15.241,11030,11032,11028,1,-1
2020-06-01 16:08:15.256,11028,11031,11028,2,-2
2020-06-01 16:08:15.257,11028,11031,11027,4,-4
2020-06-01 16:08:15.260,11028,11031,11030,1,1
2020-06-01 16:08:15.290,11028,11031,11027,1,-1
2020-06-01 16:08:15.300,11028,11031,11028,1,1
2020-06-01 16:08:15.300,11028,11031,11027,1,-1
2020-06-01 16:08:15.311,11028,11031,11027,4,-4
2020-06-01 16:08:15.329,11028,11031,11027,1,-1
2020-06-01 16:08:15.333,11028,11031,11027,1,-1
2020-06-01 16:08:15.333,11028,11031,11027,3,-3
2020-06-01 16:08:15.344,11028,11031,11027,6,-6
2020-06-01 16:08:15.344,11028,11031,11026,21,-21
2020-06-01 16:08:15.344,11028,11031,11025,26,-26
2020-06-01 16:08:15.344,11028,11031,11024,3,-3
2020-06-01 16:08:15.345,11028,11031,11024,3,-3
2020-06-01 16:08:15.345,11028,11031,11024,10,-10
2020-06-01 16:08:15.345,11028,11031,11024,31,-31
2020-06-01 16:08:15.357,11028,11031,11026,1,1
2020-06-01 16:08:15.447,11025,11030,11026,1,-1
2020-06-01 16:08:15.453,11025,11030,11028,1,1
2020-06-01 16:08:15.471,11025,11030,11025,2,-2
2020-06-01 16:08:15.496,11025,11030,11025,1,-1
2020-06-01 16:08:15.526,11025,11029,11025,1,-1
2020-06-01 16:08:15.543,11025,11029,11026,1,1
2020-06-01 16:08:15.560,11025,11029,11025,1,-1
2020-06-01 16:08:15.596,11025,11029,11028,2,2
2020-06-01 16:08:15.596,11025,11029,11029,2,2
2020-06-01 16:08:15.606,11025,11029,11026,1,-1
2020-06-01 16:08:15.606,11025,11029,11025,3,-3
2020-06-01 16:08:15.606,11025,11029,11024,2,-2
2020-06-01 16:08:15.609,11025,11029,11025,1,1
2020-06-01 16:08:15.609,11025,11029,11024,1,-1
2020-06-01 16:08:15.609,11025,11029,11030,1,1
2020-06-01 16:08:15.611,11025,11029,11028,1,-1
2020-06-01 16:08:15.617,11025,11029,11024,3,-3
2020-06-01 16:08:15.623,11025,11029,11024,1,-1
2020-06-01 16:08:15.623,11025,11029,11024,1,-1
2020-06-01 16:08:15.639,11024,11028,11024,1,-1
2020-06-01 16:08:15.686,11024,11028,11025,1,1
2020-06-01 16:08:15.703,11024,11028,11025,3,-3
2020-06-01 16:08:15.703,11024,11028,11024,2,-2
2020-06-01 16:08:15.705,11024,11028,11024,2,-2
2020-06-01 16:08:15.736,11024,11028,11024,4,-4
2020-06-01 16:08:15.736,11024,11028,11023,6,-6
2020-06-01 16:08:15.740,11024,11028,11023,8,-8
2020-06-01 16:08:15.741,11024,11028,11023,1,-1
2020-06-01 16:08:15.767,11026,11028,11026,1,1
2020-06-01 16:08:15.781,11026,11028,11026,1,-1
2020-06-01 16:08:15.783,11026,11028,11026,1,-1
2020-06-01 16:08:15.815,11026,11028,11026,1,-1
2020-06-01 16:08:15.815,11026,11028,11025,1,-1
2020-06-01 16:08:15.823,11026,11028,11025,1,-1
2020-06-01 16:08:15.830,11026,11028,11025,2,-2
2020-06-01 16:08:15.866,11026,11028,11024,2,-2
2020-06-01 16:08:15.869,11026,11028,11024,2,-2
2020-06-01 16:08:15.869,11026,11028,11023,2,-2
2020-06-01 16:08:15.885,11023,11028,11023,2,-2
2020-06-01 16:08:15.891,11023,11028,11023,1,-1
2020-06-01 16:08:15.891,11023,11028,11023,1,-1
2020-06-01 16:08:15.910,11023,11028,11022,3,-3
2020-06-01 16:08:15.955,11023,11028,11022,1,-1
2020-06-01 16:08:15.959,11023,11028,11023,1,1
2020-06-01 16:08:15.975,11023,11028,11022,1,-1
2020-06-01 16:08:16.024,11024,11027,11024,1,1
2020-06-01 16:08:16.031,11024,11027,11023,3,-3
2020-06-01 16:08:16.031,11024,11027,11022,5,-5
2020-06-01 16:08:16.035,11024,11027,11022,1,-1
2020-06-01 16:08:16.045,11024,11027,11022,1,-1
2020-06-01 16:08:16.045,11024,11027,11022,1,-1
2020-06-01 16:08:16.052,11024,11027,11022,1,-1
2020-06-01 16:08:16.052,11024,11027,11021,11,-11
2020-06-01 16:08:16.052,11024,11027,11020,28,-28
2020-06-01 16:08:16.056,11024,11027,11021,1,1
2020-06-01 16:08:16.060,11024,11027,11023,1,1
2020-06-01 16:08:16.063,11024,11027,11021,1,-1
2020-06-01 16:08:16.076,11024,11027,11020,2,-2
2020-06-01 16:08:16.089,11024,11027,11020,1,-1
2020-06-01 16:08:16.132,11022,11025,11022,1,1
2020-06-01 16:08:16.133,11022,11025,11021,4,-4
2020-06-01 16:08:16.133,11022,11025,11020,4,-4
2020-06-01 16:08:16.135,11022,11025,11020,1,-1
2020-06-01 16:08:16.166,11022,11025,11021,1,1
2020-06-01 16:08:16.166,11022,11025,11020,1,-1
2020-06-01 16:08:16.179,11022,11025,11020,2,-2
2020-06-01 16:08:16.182,11022,11025,11020,1,-1
2020-06-01 16:08:16.208,11022,11025,11022,1,1
2020-06-01 16:08:16.220,11022,11025,11021,2,-2
2020-06-01 16:08:16.258,11020,11023,11023,2,2
2020-06-01 16:08:16.259,11020,11023,11020,1,-1
2020-06-01 16:08:16.284,11020,11023,11022,2,2
2020-06-01 16:08:16.290,11020,11023,11022,1,-1
2020-06-01 16:08:16.292,11020,11023,11021,1,-1
2020-06-01 16:08:16.292,11020,11023,11020,3,-3
2020-06-01 16:08:16.412,11020,11023,11021,1,1
2020-06-01 16:08:16.415,11020,11023,11021,1,-1
2020-06-01 16:08:16.442,11020,11023,11023,1,1
2020-06-01 16:08:16.467,11020,11023,11021,1,-1
2020-06-01 16:08:16.467,11020,11023,11020,1,-1
2020-06-01 16:08:16.495,11020,11023,11021,2,2
2020-06-01 16:08:16.607,11021,11023,11021,2,-2
2020-06-01 16:08:16.637,11021,11023,11021,2,-2
2020-06-01 16:08:16.667,11021,11023,11021,1,-1
2020-06-01 16:08:16.667,11021,11023,11020,2,-2
2020-06-01 16:08:16.693,11021,11023,11020,1,-1
2020-06-01 16:08:16.767,11021,11022,11021,2,2
2020-06-01 16:08:16.793,11021,11022,11020,1,-1
2020-06-01 16:08:16.852,11021,11022,11022,2,2
2020-06-01 16:08:16.939,11021,11023,11023,2,2
2020-06-01 16:08:17.010,11022,11024,11024,6,6
2020-06-01 16:08:17.010,11022,11024,11024,1,1
2020-06-01 16:08:17.041,11022,11024,11024,2,2
2020-06-01 16:08:17.054,11022,11024,11024,1,1
2020-06-01 16:08:17.070,11022,11024,11024,1,1
2020-06-01 16:08:17.076,11022,11024,11024,1,1
2020-06-01 16:08:17.084,11022,11024,11024,1,1
2020-06-01 16:08:17.088,11022,11024,11023,1,-1
2020-06-01 16:08:17.111,11022,11024,11023,1,-1
2020-06-01 16:08:17.133,11023,11025,11023,1,-1
2020-06-01 16:08:17.149,11023,11025,11025,1,1
2020-06-01 16:08:17.159,11023,11025,11023,1,-1
2020-06-01 16:08:17.159,11023,11025,11022,3,-3
2020-06-01 16:08:17.170,11023,11025,11022,3,-3
2020-06-01 16:08:17.268,11022,11024,11024,1,1
2020-06-01 16:08:17.336,11022,11024,11025,5,5
2020-06-01 16:08:17.337,11022,11024,11026,2,2
2020-06-01 16:08:17.366,11022,11024,11027,2,2
2020-06-01 16:08:17.487,11024,11028,11026,2,-2
2020-06-01 16:08:17.555,11027,11028,11027,1,1
2020-06-01 16:08:17.583,11027,11028,11027,1,-1
2020-06-01 16:08:17.587,11027,11028,11026,1,-1
2020-06-01 16:08:17.613,11027,11028,11028,1,1
2020-06-01 16:08:17.616,11027,11028,11026,1,-1
2020-06-01 16:08:17.635,11026,11028,11028,2,2
2020-06-01 16:08:17.643,11026,11028,11026,1,-1
2020-06-01 16:08:17.643,11026,11028,11026,1,-1
2020-06-01 16:08:17.672,11026,11028,11028,2,2
2020-06-01 16:08:17.731,11026,11028,11028,3,3
2020-06-01 16:08:17.752,11026,11028,11028,1,1
2020-06-01 16:08:17.754,11026,11028,11028,1,1
2020-06-01 16:08:17.758,11027,11030,11030,1,1
2020-06-01 16:08:17.862,11027,11030,11027,1,-1
2020-06-01 16:08:17.892,11027,11030,11030,1,1
2020-06-01 16:08:17.924,11027,11030,11028,1,-1
2020-06-01 16:08:18.108,11028,11030,11028,3,-3
2020-06-01 16:08:18.114,11028,11030,11028,1,-1
2020-06-01 16:08:18.114,11028,11030,11027,4,-4
2020-06-01 16:08:18.193,11027,11030,11029,1,1
2020-06-01 16:08:18.197,11027,11030,11028,1,-1
2020-06-01 16:08:18.247,11027,11030,11028,1,-1
2020-06-01 16:08:18.262,11027,11029,11028,1,-1
2020-06-01 16:08:18.262,11027,11029,11027,1,-1
2020-06-01 16:08:18.370,11027,11029,11028,1,1
2020-06-01 16:08:18.446,11027,11029,11027,1,-1
2020-06-01 16:08:18.535,11027,11029,11029,1,1
2020-06-01 16:08:18.589,11027,11029,11028,1,-1
2020-06-01 16:08:18.651,11027,11028,11028,1,1
2020-06-01 16:08:18.739,11027,11028,11029,1,1
2020-06-01 16:08:18.742,11027,11028,11029,1,1
2020-06-01 16:08:18.824,11028,11030,11029,1,-1
2020-06-01 16:08:18.900,11029,11031,11030,1,1
2020-06-01 16:08:18.900,11029,11031,11029,2,-2
2020-06-01 16:08:18.951,11029,11031,11028,2,-2
2020-06-01 16:08:18.951,11029,11031,11028,1,-1
2020-06-01 16:08:18.961,11029,11031,11028,1,-1
2020-06-01 16:08:19.207,11029,11031,11031,1,1
2020-06-01 16:08:19.243,11029,11031,11031,1,1
2020-06-01 16:08:19.253,11029,11031,11031,1,1
2020-06-01 16:08:19.383,11031,11032,11032,1,1
2020-06-01 16:08:19.593,11030,11032,11031,1,-1
2020-06-01 16:08:19.646,11030,11031,11031,1,1
2020-06-01 16:08:19.756,11030,11031,11030,1,-1
2020-06-01 16:08:19.757,11030,11031,11030,2,-2
2020-06-01 16:08:19.757,11030,11031,11029,1,-1
2020-06-01 16:08:19.858,11030,11031,11029,2,-2
2020-06-01 16:08:19.959,11028,11030,11028,3,-3
2020-06-01 16:08:19.959,11028,11030,11028,2,-2
2020-06-01 16:08:19.959,11028,11030,11028,2,-2
2020-06-01 16:08:20.059,11027,11029,11027,3,-3
2020-06-01 16:08:20.059,11027,11029,11027,1,-1
2020-06-01 16:08:20.059,11027,11029,11026,1,-1
2020-06-01 16:08:20.061,11027,11029,11026,1,-1
2020-06-01 16:08:20.061,11027,11029,11025,2,-2
2020-06-01 16:08:20.088,11027,11029,11027,1,1
2020-06-01 16:08:20.105,11027,11029,11027,1,-1
2020-06-01 16:08:20.160,11026,11028,11026,2,-2
2020-06-01 16:08:20.160,11026,11028,11026,1,-1
2020-06-01 16:08:20.161,11026,11028,11026,1,-1
2020-06-01 16:08:20.348,11027,11029,11029,1,1
2020-06-01 16:08:20.362,11027,11029,11028,1,-1
2020-06-01 16:08:20.463,11027,11030,11028,1,-1
2020-06-01 16:08:20.563,11027,11029,11027,1,-1
2020-06-01 16:08:20.563,11027,11029,11026,1,-1
2020-06-01 16:08:20.633,11026,11028,11028,1,1
2020-06-01 16:08:20.664,11026,11028,11026,1,-1
2020-06-01 16:08:20.964,11026,11028,11028,1,1
2020-06-01 16:08:20.965,11026,11028,11028,1,1
2020-06-01 16:08:21.443,11027,11029,11028,1,-1
2020-06-01 16:08:21.665,11027,11028,11028,1,1
2020-06-01 16:08:22.069,11027,11029,11029,1,1
2020-06-01 16:08:22.070,11027,11029,11029,2,2
2020-06-01 16:08:22.124,11027,11029,11030,1,1
2020-06-01 16:08:22.166,11029,11030,11030,1,1
2020-06-01 16:08:22.277,11029,11030,11030,1,1
2020-06-01 16:08:22.479,11029,11030,11030,1,1
2020-06-01 16:08:22.996,11030,11031,11031,1,1
2020-06-01 16:08:23.135,11030,11032,11030,1,-1
2020-06-01 16:08:23.269,11030,11031,11030,1,-1
2020-06-01 16:08:23.270,11030,11031,11030,1,-1
2020-06-01 16:08:23.499,11029,11030,11030,1,1
2020-06-01 16:08:23.604,11029,11030,11030,1,1
2020-06-01 16:08:23.813,11029,11030,11030,1,1
2020-06-01 16:08:24.454,11029,11031,11031,1,1
2020-06-01 16:08:24.787,11029,11030,11030,1,1
2020-06-01 16:08:24.831,11029,11030,11029,5,-5
2020-06-01 16:08:24.905,11029,11030,11029,3,-3
2020-06-01 16:08:24.970,11029,11030,11029,1,-1
2020-06-01 16:08:25.080,11028,11029,11029,2,2
2020-06-01 16:08:25.080,11028,11029,11030,3,3
2020-06-01 16:08:25.218,11029,11030,11030,1,1
2020-06-01 16:08:25.892,11029,11030,11029,3,-3
2020-06-01 16:08:25.893,11029,11030,11029,1,-1
2020-06-01 16:08:25.893,11029,11030,11029,1,-1
2020-06-01 16:08:26.742,11028,11030,11028,1,-1
2020-06-01 16:08:26.929,11029,11030,11028,8,-8
2020-06-01 16:08:26.985,11029,11030,11030,1,1
2020-06-01 16:08:27.042,11028,11030,11030,1,1
2020-06-01 16:08:27.102,11028,11030,11028,1,-1
2020-06-01 16:08:27.254,11028,11030,11028,1,-1
2020-06-01 16:08:27.436,11027,11029,11029,1,1
2020-06-01 16:08:27.500,11027,11029,11029,1,1
2020-06-01 16:08:27.892,11027,11029,11029,2,2
2020-06-01 16:08:28.373,11028,11030,11030,1,1
2020-06-01 16:08:29.068,11028,11030,11030,2,2
2020-06-01 16:08:29.520,11030,11032,11030,1,-1
2020-06-01 16:08:29.521,11030,11032,11030,1,-1
2020-06-01 16:08:29.587,11030,11032,11029,2,-2
2020-06-01 16:08:29.756,11029,11030,11029,1,-1
2020-06-01 16:08:29.897,11028,11030,11029,1,-1
2020-06-01 16:08:30.101,11028,11029,11028,1,-1
2020-06-01 16:08:30.176,11028,11029,11028,2,-2
2020-06-01 16:08:30.287,11028,11030,11028,1,-1
2020-06-01 16:08:30.922,11029,11030,11030,1,1
2020-06-01 16:08:30.923,11029,11030,11030,1,1
2020-06-01 16:08:31.371,11029,11030,11029,3,-3
2020-06-01 16:08:31.371,11029,11030,11028,3,-3
2020-06-01 16:08:31.393,11028,11030,11029,2,2
2020-06-01 16:08:31.849,11028,11030,11028,2,-2
2020-06-01 16:08:32.156,11027,11029,11027,1,-1
2020-06-01 16:08:33.012,11027,11028,11028,1,1
2020-06-01 16:08:33.779,11029,11031,11031,2,2
2020-06-01 16:08:34.335,11030,11032,11032,1,1
2020-06-01 16:08:34.336,11030,11032,11032,3,3
2020-06-01 16:08:34.336,11030,11032,11032,1,1
2020-06-01 16:08:35.747,11031,11033,11033,1,1
2020-06-01 16:08:36.896,11031,11033,11031,2,-2
2020-06-01 16:08:37.725,11031,11033,11031,1,-1
2020-06-01 16:08:38.661,11032,11034,11035,18,18
2020-06-01 16:08:38.661,11032,11034,11036,2,2
2020-06-01 16:08:38.672,11032,11034,11036,2,2
2020-06-01 16:08:38.795,11036,11038,11036,1,-1
2020-06-01 16:08:39.381,11035,11036,11035,1,-1
2020-06-01 16:08:39.891,11034,11035,11034,1,-1
2020-06-01 16:08:40.642,11032,11034,11032,3,-3
2020-06-01 16:08:41.059,11031,11033,11032,1,-1
2020-06-01 16:08:41.456,11032,11033,11032,1,-1
2020-06-01 16:08:41.651,11031,11032,11032,1,1
2020-06-01 16:08:41.893,11032,11033,11034,1,1
2020-06-01 16:08:42.131,11032,11034,11034,4,4
2020-06-01 16:08:42.131,11032,11034,11035,1,1
2020-06-01 16:08:42.167,11032,11034,11035,1,1
2020-06-01 16:08:42.182,11032,11034,11035,2,2
2020-06-01 16:08:42.690,11034,11036,11036,1,1
2020-06-01 16:08:42.690,11034,11036,11037,1,1
2020-06-01 16:08:42.902,11035,11037,11035,1,-1
2020-06-01 16:08:43.006,11035,11036,11035,1,-1
2020-06-01 16:08:43.583,11034,11036,11034,2,-2
2020-06-01 16:08:43.947,11035,11036,11036,1,1
2020-06-01 16:08:44.005,11035,11036,11036,1,1
2020-06-01 16:08:44.049,11035,11037,11037,1,1
2020-06-01 16:08:44.910,11035,11037,11035,4,-4
2020-06-01 16:08:45.120,11035,11037,11036,1,1
2020-06-01 16:08:46.350,11033,11035,11033,1,-1
2020-06-01 16:08:47.705,11033,11035,11033,1,-1
2020-06-01 16:08:48.743,11033,11035,11033,1,-1
2020-06-01 16:08:50.656,11034,11035,11034,2,2
2020-06-01 16:08:51.140,11033,11034,11033,2,-2
2020-06-01 16:08:51.814,11032,11033,11033,1,1
2020-06-01 16:08:51.899,11032,11033,11032,1,-1
2020-06-01 16:08:51.899,11032,11033,11032,1,-1
2020-06-01 16:08:52.168,11032,11033,11033,2,2
2020-06-01 16:08:53.720,11033,11034,11033,1,-1
2020-06-01 16:08:55.372,11031,11032,11031,3,-3
2020-06-01 16:08:55.802,11031,11032,11031,1,-1
2020-06-01 16:08:56.064,11031,11032,11032,4,4
2020-06-01 16:08:56.868,11031,11033,11031,2,-2
2020-06-01 16:08:57.168,11030,11032,11030,3,-3
2020-06-01 16:08:58.322,11031,11032,11031,2,2
2020-06-01 16:08:58.703,11031,11033,11033,1,1
2020-06-01 16:08:58.714,11031,11033,11031,3,-3
2020-06-01 16:08:59.072,11031,11033,11031,1,-1
2020-06-01 16:08:59.156,11032,11033,11033,3,3
2020-06-01 16:09:00.418,11031,11033,11032,1,-1
2020-06-01 16:09:00.531,11031,11033,11031,1,-1
2020-06-01 16:09:00.581,11031,11033,11031,8,-8
2020-06-01 16:09:00.581,11031,11033,11030,2,-2
2020-06-01 16:09:00.703,11030,11032,11030,5,-5
2020-06-01 16:09:00.759,11030,11032,11030,3,-3
2020-06-01 16:09:00.802,11030,11032,11030,1,-1
2020-06-01 16:09:00.873,11030,11032,11030,6,-6
2020-06-01 16:09:00.873,11030,11032,11029,4,-4
2020-06-01 16:09:00.873,11030,11032,11029,8,-8
2020-06-01 16:09:00.880,11030,11032,11031,1,1
2020-06-01 16:09:00.967,11029,11031,11029,7,-7
2020-06-01 16:09:01.118,11029,11031,11029,1,-1
2020-06-01 16:09:01.576,11030,11031,11030,1,1
2020-06-01 16:09:01.576,11030,11031,11029,1,-1
2020-06-01 16:09:01.637,11029,11031,11029,1,-1
2020-06-01 16:09:01.639,11029,11031,11029,1,-1
2020-06-01 16:09:01.644,11029,11031,11028,1,-1
2020-06-01 16:09:01.644,11029,11031,11028,1,-1
2020-06-01 16:09:01.653,11029,11031,11028,1,-1
2020-06-01 16:09:01.720,11029,11031,11028,5,-5
2020-06-01 16:09:01.778,11028,11029,11028,4,-4
2020-06-01 16:09:02.103,11028,11029,11028,1,-1
2020-06-01 16:09:02.110,11028,11029,11028,1,-1
2020-06-01 16:09:02.129,11028,11029,11028,2,-2
2020-06-01 16:09:02.129,11028,11029,11028,3,-3
2020-06-01 16:09:02.130,11028,11029,11028,14,-14
2020-06-01 16:09:02.130,11028,11029,11028,9,-9
2020-06-01 16:09:02.130,11028,11029,11028,2,-2
2020-06-01 16:09:02.496,11027,11028,11028,3,3
2020-06-01 16:09:02.497,11027,11028,11028,4,4
2020-06-01 16:09:02.622,11028,11029,11028,1,-1
2020-06-01 16:09:02.724,11028,11029,11028,4,-4
2020-06-01 16:09:02.822,11028,11030,11028,1,-1
2020-06-01 16:09:03.023,11028,11030,11028,1,-1
2020-06-01 16:09:03.074,11028,11030,11028,1,-1
2020-06-01 16:09:03.231,11028,11030,11027,1,-1
2020-06-01 16:09:03.930,11027,11029,11028,5,5
2020-06-01 16:09:05.165,11028,11030,11028,2,-2
2020-06-01 16:09:05.886,11027,11029,11027,2,-2
2020-06-01 16:09:06.040,11027,11029,11027,2,-2
2020-06-01 16:09:06.040,11027,11029,11027,1,-1
2020-06-01 16:09:06.040,11027,11029,11027,2,-2
2020-06-01 16:09:06.488,11026,11027,11026,1,-1
2020-06-01 16:09:06.812,11026,11028,11028,1,1
2020-06-01 16:09:06.892,11026,11028,11026,5,-5
2020-06-01 16:09:07.149,11025,11027,11027,2,2
2020-06-01 16:09:07.153,11025,11027,11026,1,-1
2020-06-01 16:09:07.196,11025,11027,11026,1,-1
2020-06-01 16:09:07.196,11025,11027,11026,2,-2
2020-06-01 16:09:07.220,11025,11027,11027,1,1
2020-06-01 16:09:07.575,11026,11028,11028,1,1
2020-06-01 16:09:07.796,11026,11028,11026,1,-1
2020-06-01 16:09:08.398,11027,11028,11027,1,1
2020-06-01 16:09:10.426,11027,11028,11027,3,-3
2020-06-01 16:09:10.892,11027,11028,11027,1,-1
2020-06-01 16:09:11.083,11026,11027,11027,1,1
2020-06-01 16:09:11.083,11026,11027,11028,1,1
2020-06-01 16:09:11.209,11026,11028,11026,1,-1
2020-06-01 16:09:11.685,11027,11028,11027,1,1
2020-06-01 16:09:11.685,11027,11028,11026,4,-4
2020-06-01 16:09:12.099,11027,11028,11027,1,1
2020-06-01 16:09:12.336,11027,11028,11027,3,-3
2020-06-01 16:09:12.336,11027,11028,11026,2,-2
2020-06-01 16:09:12.868,11027,11028,11027,1,1
2020-06-01 16:09:13.321,11027,11028,11028,3,3
2020-06-01 16:09:13.321,11027,11028,11028,2,2
2020-06-01 16:09:13.321,11027,11028,11028,3,3
2020-06-01 16:09:13.321,11027,11028,11028,1,1
2020-06-01 16:09:13.321,11027,11028,11028,3,3
2020-06-01 16:09:13.323,11027,11028,11029,1,1
2020-06-01 16:09:13.589,11028,11030,11029,2,-2
2020-06-01 16:09:13.638,11029,11030,11029,1,-1
2020-06-01 16:09:13.971,11027,11029,11027,1,-1
2020-06-01 16:09:14.827,11027,11029,11029,2,2
2020-06-01 16:09:15.104,11028,11029,11028,1,-1
2020-06-01 16:09:15.175,11027,11029,11028,1,-1
2020-06-01 16:09:15.175,11027,11029,11027,1,-1
2020-06-01 16:09:15.678,11027,11029,11027,1,-1
2020-06-01 16:09:17.459,11028,11030,11028,1,1
2020-06-01 16:09:17.618,11028,11030,11027,5,-5
2020-06-01 16:09:18.446,11027,11028,11027,5,-5
2020-06-01 16:09:18.725,11026,11028,11028,1,1
2020-06-01 16:09:19.370,11028,11030,11029,1,1
2020-06-01 16:09:19.685,11029,11030,11029,1,-1
2020-06-01 16:09:20.252,11029,11030,11029,2,-2
2020-06-01 16:09:20.252,11029,11030,11028,3,-3
2020-06-01 16:09:20.908,11028,11030,11029,1,1
2020-06-01 16:09:20.908,11028,11030,11028,3,-3
2020-06-01 16:09:20.908,11028,11030,11027,1,-1
2020-06-01 16:09:21.516,11028,11030,11029,3,3
2020-06-01 16:09:21.516,11028,11030,11029,1,-1
2020-06-01 16:09:22.505,11029,11030,11030,5,5
2020-06-01 16:09:22.505,11029,11030,11030,3,3
2020-06-01 16:09:22.505,11029,11030,11030,1,1
2020-06-01 16:09:22.505,11029,11030,11030,2,2
2020-06-01 16:09:22.505,11029,11030,11030,3,3
2020-06-01 16:09:22.505,11029,11030,11030,2,2
2020-06-01 16:09:22.527,11029,11030,11030,1,1
2020-06-01 16:09:22.527,11029,11030,11029,4,-4
2020-06-01 16:09:24.944,11030,11032,11030,1,1
2020-06-01 16:09:25.962,11030,11032,11032,1,1
2020-06-01 16:09:26.947,11030,11031,11030,1,-1
2020-06-01 16:09:26.947,11030,11031,11030,2,-2
2020-06-01 16:09:30.027,11030,11031,11031,1,1
2020-06-01 16:09:30.126,11030,11031,11030,2,-2
2020-06-01 16:09:30.127,11030,11031,11030,3,-3
2020-06-01 16:09:30.127,11030,11031,11030,1,-1
2020-06-01 16:09:30.127,11030,11031,11030,1,-1
2020-06-01 16:09:31.357,11030,11031,11030,1,-1
2020-06-01 16:09:31.572,11029,11030,11030,1,1
2020-06-01 16:09:32.072,11029,11030,11030,1,1
2020-06-01 16:09:32.831,11029,11031,11030,1,-1
2020-06-01 16:09:33.770,11029,11030,11030,1,1
2020-06-01 16:09:34.024,11029,11031,11031,2,2
2020-06-01 16:09:34.063,11029,11031,11032,24,24
2020-06-01 16:09:34.065,11029,11031,11033,2,2
2020-06-01 16:09:34.065,11029,11031,11033,1,1
2020-06-01 16:09:34.198,11033,11034,11033,1,-1
2020-06-01 16:09:34.364,11033,11034,11032,1,-1
2020-06-01 16:09:36.310,11033,11034,11034,1,1
2020-06-01 16:09:36.311,11033,11034,11034,1,1
2020-06-01 16:09:36.311,11033,11034,11034,2,2
2020-06-01 16:09:36.311,11033,11034,11034,3,3
2020-06-01 16:09:37.134,11033,11035,11035,1,1
2020-06-01 16:09:37.296,11033,11035,11035,1,1
2020-06-01 16:09:40.314,11034,11036,11035,1,-1
2020-06-01 16:09:41.363,11033,11035,11033,1,-1
2020-06-01 16:09:41.871,11033,11034,11034,1,1
2020-06-01 16:09:42.590,11031,11033,11033,1,1
2020-06-01 16:09:46.357,11030,11032,11032,3,3
2020-06-01 16:09:46.747,11031,11032,11032,1,1
2020-06-01 16:09:46.801,11031,11033,11033,1,1
2020-06-01 16:09:48.111,11031,11032,11032,1,1
2020-06-01 16:09:49.696,11033,11035,11033,1,1
2020-06-01 16:09:51.075,11033,11034,11033,1,-1
2020-06-01 16:09:51.247,11032,11033,11032,1,-1
2020-06-01 16:09:51.248,11032,11033,11031,2,-2
2020-06-01 16:09:51.248,11032,11033,11031,5,-5
2020-06-01 16:09:51.248,11032,11033,11031,1,-1
2020-06-01 16:09:51.248,11032,11033,11031,1,-1
2020-06-01 16:09:51.381,11030,11031,11031,4,4
2020-06-01 16:09:51.566,11030,11032,11032,1,1
2020-06-01 16:09:51.999,11031,11032,11032,1,1
2020-06-01 16:09:52.433,11031,11032,11032,1,1
2020-06-01 16:09:52.460,11031,11032,11031,1,-1
2020-06-01 16:09:53.487,11031,11032,11031,1,-1
2020-06-01 16:09:54.063,11031,11033,11031,1,-1
2020-06-01 16:09:54.130,11031,11033,11031,4,-4
2020-06-01 16:09:54.130,11031,11033,11030,1,-1
2020-06-01 16:09:54.234,11030,11032,11032,2,2
2020-06-01 16:09:55.101,11031,11032,11031,1,-1
2020-06-01 16:09:55.395,11030,11032,11031,1,-1
2020-06-01 16:09:55.580,11030,11032,11031,1,-1
2020-06-01 16:09:55.681,11030,11032,11030,1,-1
2020-06-01 16:09:55.957,11030,11032,11032,1,1
2020-06-01 16:09:57.686,11030,11032,11030,1,-1
2020-06-01 16:09:58.385,11031,11032,11031,1,1
2020-06-01 16:09:58.385,11031,11032,11030,1,-1
2020-06-01 16:09:59.162,11030,11031,11030,1,-1
2020-06-01 16:09:59.215,11030,11031,11030,15,-15
2020-06-01 16:09:59.215,11030,11031,11030,2,-2
2020-06-01 16:09:59.507,11029,11030,11030,1,1
2020-06-01 16:10:00.362,11029,11030,11030,1,1
2020-06-01 16:10:00.362,11029,11030,11031,9,9
2020-06-01 16:10:00.701,11030,11031,11031,1,1
2020-06-01 16:10:00.844,11030,11032,11030,1,-1
2020-06-01 16:10:00.935,11030,11031,11030,1,-1
2020-06-01 16:10:01.453,11030,11031,11030,1,-1
2020-06-01 16:10:01.453,11030,11031,11030,1,-1
2020-06-01 16:10:01.455,11030,11031,11029,1,-1
2020-06-01 16:10:01.455,11030,11031,11029,1,-1
2020-06-01 16:10:01.459,11030,11031,11029,1,-1
2020-06-01 16:10:01.908,11029,11030,11029,1,-1
2020-06-01 16:10:01.917,11029,11030,11029,1,-1
2020-06-01 16:10:01.940,11029,11030,11029,1,-1
2020-06-01 16:10:02.089,11029,11030,11029,3,-3
2020-06-01 16:10:02.089,11029,11030,11029,5,-5
2020-06-01 16:10:02.174,11028,11029,11028,1,-1
2020-06-01 16:10:02.234,11028,11029,11028,1,-1
2020-06-01 16:10:02.992,11028,11029,11028,1,-1
2020-06-01 16:10:03.341,11028,11029,11029,1,1
2020-06-01 16:10:03.556,11028,11029,11028,1,-1
