2022-01-18 15:00:00.045,18360,18361,18360,73,-73
2022-01-18 15:00:00.047,18360,18361,18360,7,-7
2022-01-18 15:00:00.293,18358,18361,18361,3,3
2022-01-18 15:00:00.337,18358,18361,18361,1,1
2022-01-18 15:00:00.387,18358,18361,18358,1,-1
2022-01-18 15:00:00.391,18358,18361,18358,1,-1
2022-01-18 15:00:00.395,18358,18361,18358,1,-1
2022-01-18 15:00:00.395,18358,18361,18357,3,-3
2022-01-18 15:00:00.416,18357,18360,18357,1,-1
2022-01-18 15:00:00.416,18357,18360,18356,1,-1
2022-01-18 15:00:00.418,18357,18360,18360,1,1
2022-01-18 15:00:00.418,18357,18360,18361,2,2
2022-01-18 15:00:00.458,18357,18360,18360,1,1
2022-01-18 15:00:00.468,18357,18360,18356,2,-2
2022-01-18 15:00:00.470,18357,18360,18355,1,-1
2022-01-18 15:00:00.483,18357,18360,18355,1,-1
2022-01-18 15:00:00.495,18357,18360,18360,1,1
2022-01-18 15:00:00.495,18357,18360,18361,2,2
2022-01-18 15:00:00.546,18355,18360,18355,2,-2
2022-01-18 15:00:00.608,18355,18360,18355,1,-1
2022-01-18 15:00:00.627,18355,18360,18360,1,1
2022-01-18 15:00:00.640,18355,18360,18361,1,1
2022-01-18 15:00:00.643,18355,18360,18355,2,-2
2022-01-18 15:00:00.682,18355,18361,18356,1,-1
2022-01-18 15:00:00.711,18355,18361,18355,1,-1
2022-01-18 15:00:00.711,18355,18361,18354,1,-1
2022-01-18 15:00:00.717,18355,18361,18354,1,-1
2022-01-18 15:00:00.764,18355,18361,18354,1,-1
2022-01-18 15:00:00.769,18355,18361,18354,2,-2
2022-01-18 15:00:00.769,18355,18361,18354,1,-1
2022-01-18 15:00:00.806,18353,18355,18353,1,-1
2022-01-18 15:00:00.814,18353,18355,18353,3,-3
2022-01-18 15:00:00.814,18353,18355,18353,3,-3
2022-01-18 15:00:00.815,18353,18355,18352,2,-2
2022-01-18 15:00:00.815,18353,18355,18352,3,-3
2022-01-18 15:00:00.817,18353,18355,18351,2,-2
2022-01-18 15:00:00.820,18353,18355,18351,2,-2
2022-01-18 15:00:00.820,18353,18355,18351,2,-2
2022-01-18 15:00:00.829,18353,18355,18350,3,-3
2022-01-18 15:00:00.836,18353,18355,18350,1,-1
2022-01-18 15:00:00.888,18353,18355,18350,1,-1
2022-01-18 15:00:00.896,18353,18355,18350,1,-1
2022-01-18 15:00:00.907,18350,18352,18351,1,1
2022-01-18 15:00:00.963,18350,18352,18350,1,-1
2022-01-18 15:00:00.966,18350,18352,18350,1,-1
2022-01-18 15:00:01.177,18350,18352,18352,1,1
2022-01-18 15:00:01.272,18350,18352,18350,1,-1
2022-01-18 15:00:01.293,18350,18352,18350,1,-1
2022-01-18 15:00:01.300,18350,18352,18350,3,-3
2022-01-18 15:00:01.315,18350,18352,18350,4,-4
2022-01-18 15:00:01.316,18350,18352,18350,1,-1
2022-01-18 15:00:01.316,18350,18352,18350,12,-12
2022-01-18 15:00:01.317,18350,18352,18349,1,-1
2022-01-18 15:00:01.317,18350,18352,18349,1,-1
2022-01-18 15:00:01.317,18350,18352,18349,1,-1
2022-01-18 15:00:01.342,18350,18352,18349,4,-4
2022-01-18 15:00:01.392,18350,18352,18349,1,-1
2022-01-18 15:00:01.466,18349,18351,18350,1,1
2022-01-18 15:00:01.466,18349,18351,18351,1,1
2022-01-18 15:00:01.492,18349,18351,18351,1,1
2022-01-18 15:00:01.492,18349,18351,18352,2,2
2022-01-18 15:00:01.492,18349,18351,18353,2,2
2022-01-18 15:00:01.505,18349,18351,18355,1,1
2022-01-18 15:00:01.557,18351,18356,18352,1,-1
2022-01-18 15:00:01.569,18351,18356,18351,1,-1
2022-01-18 15:00:01.663,18350,18355,18351,1,-1
2022-01-18 15:00:01.674,18350,18355,18350,1,-1
2022-01-18 15:00:01.711,18350,18355,18355,1,1
2022-01-18 15:00:01.789,18352,18356,18353,1,-1
2022-01-18 15:00:01.789,18352,18356,18352,2,-2
2022-01-18 15:00:01.934,18353,18356,18353,1,-1
2022-01-18 15:00:01.957,18353,18356,18352,1,-1
2022-01-18 15:00:02.036,18353,18356,18356,1,1
2022-01-18 15:00:02.094,18353,18356,18353,1,-1
2022-01-18 15:00:02.094,18353,18356,18353,1,-1
2022-01-18 15:00:02.200,18353,18357,18357,1,1
2022-01-18 15:00:02.200,18353,18357,18358,1,1
2022-01-18 15:00:02.200,18353,18357,18359,1,1
2022-01-18 15:00:02.241,18353,18357,18354,1,-1
2022-01-18 15:00:02.275,18353,18357,18358,1,1
2022-01-18 15:00:02.349,18354,18359,18358,1,1
2022-01-18 15:00:02.349,18354,18359,18359,2,2
2022-01-18 15:00:02.349,18354,18359,18360,1,1
2022-01-18 15:00:02.464,18356,18359,18359,1,1
2022-01-18 15:00:02.464,18356,18359,18360,2,2
2022-01-18 15:00:02.602,18356,18359,18356,1,-1
2022-01-18 15:00:02.656,18355,18359,18359,1,1
2022-01-18 15:00:02.656,18355,18359,18360,2,2
2022-01-18 15:00:02.772,18355,18359,18356,1,-1
2022-01-18 15:00:02.806,18356,18359,18358,2,2
2022-01-18 15:00:02.824,18356,18359,18359,1,1
2022-01-18 15:00:02.824,18356,18359,18360,3,3
2022-01-18 15:00:02.896,18356,18359,18360,1,1
2022-01-18 15:00:02.896,18356,18359,18361,2,2
2022-01-18 15:00:03.042,18358,18362,18358,1,-1
2022-01-18 15:00:03.483,18358,18361,18357,1,-1
2022-01-18 15:00:03.535,18357,18361,18357,1,-1
2022-01-18 15:00:03.578,18357,18361,18359,1,1
2022-01-18 15:00:03.726,18357,18360,18359,1,1
2022-01-18 15:00:03.785,18357,18360,18360,2,2
2022-01-18 15:00:03.785,18357,18360,18361,2,2
2022-01-18 15:00:03.786,18357,18360,18359,1,1
2022-01-18 15:00:03.811,18357,18360,18362,1,1
2022-01-18 15:00:04.509,18358,18361,18358,1,-1
2022-01-18 15:00:05.011,18359,18361,18361,1,1
2022-01-18 15:00:05.011,18359,18361,18359,1,-1
2022-01-18 15:00:05.764,18360,18361,18360,1,-1
2022-01-18 15:00:05.765,18360,18361,18360,1,-1
2022-01-18 15:00:06.584,18357,18361,18357,1,-1
2022-01-18 15:00:07.253,18357,18361,18357,2,-2
2022-01-18 15:00:07.253,18357,18361,18356,2,-2
2022-01-18 15:00:07.253,18357,18361,18355,1,-1
2022-01-18 15:00:11.017,18355,18358,18358,1,1
2022-01-18 15:00:11.683,18356,18358,18356,1,-1
2022-01-18 15:00:12.284,18355,18358,18355,1,-1
2022-01-18 15:00:12.413,18355,18358,18355,1,-1
2022-01-18 15:00:13.584,18355,18358,18357,1,1
2022-01-18 15:00:13.717,18356,18358,18358,1,1
2022-01-18 15:00:14.135,18357,18359,18357,2,-2
2022-01-18 15:00:16.731,18357,18359,18359,1,1
2022-01-18 15:00:16.893,18357,18360,18357,1,-1
2022-01-18 15:00:17.061,18357,18360,18357,1,-1
2022-01-18 15:00:17.412,18357,18360,18360,2,2
2022-01-18 15:00:17.539,18357,18360,18360,1,1
2022-01-18 15:00:17.758,18358,18360,18359,1,1
2022-01-18 15:00:18.608,18358,18360,18360,1,1
2022-01-18 15:00:18.716,18358,18360,18358,1,-1
2022-01-18 15:00:18.857,18358,18360,18359,1,1
2022-01-18 15:00:19.735,18358,18360,18360,1,1
2022-01-18 15:00:21.678,18358,18360,18360,2,2
2022-01-18 15:00:21.678,18358,18360,18360,2,2
2022-01-18 15:00:22.284,18358,18360,18360,2,2
2022-01-18 15:00:23.139,18359,18361,18361,7,7
2022-01-18 15:00:23.542,18360,18362,18362,4,4
2022-01-18 15:00:25.224,18360,18362,18362,13,13
2022-01-18 15:00:25.225,18360,18362,18363,1,1
2022-01-18 15:00:25.490,18361,18363,18361,1,-1
2022-01-18 15:00:25.558,18361,18363,18361,2,-2
2022-01-18 15:00:25.844,18361,18363,18361,1,-1
2022-01-18 15:00:26.579,18361,18363,18362,3,3
2022-01-18 15:00:26.880,18361,18363,18362,1,1
2022-01-18 15:00:27.651,18361,18363,18362,3,3
2022-01-18 15:00:28.153,18361,18363,18361,2,-2
2022-01-18 15:00:28.465,18361,18363,18362,3,3
2022-01-18 15:00:28.856,18361,18363,18363,10,10
2022-01-18 15:00:29.124,18362,18364,18362,2,-2
2022-01-18 15:00:29.338,18361,18364,18362,3,-3
2022-01-18 15:00:29.562,18362,18364,18363,2,2
2022-01-18 15:00:29.583,18362,18364,18362,3,-3
2022-01-18 15:00:29.663,18361,18362,18362,8,8
2022-01-18 15:00:30.173,18362,18364,18363,3,3
2022-01-18 15:00:30.918,18362,18364,18363,3,3
2022-01-18 15:00:31.017,18362,18364,18362,2,-2
2022-01-18 15:00:31.132,18362,18364,18362,3,-3
2022-01-18 15:00:31.454,18362,18364,18362,2,-2
2022-01-18 15:00:31.883,18362,18363,18362,1,-1
2022-01-18 15:00:32.215,18362,18363,18363,3,3
2022-01-18 15:00:32.226,18362,18363,18363,3,3
2022-01-18 15:00:32.837,18362,18364,18363,3,3
2022-01-18 15:00:33.300,18362,18364,18362,1,-1
2022-01-18 15:00:33.427,18362,18364,18363,1,1
2022-01-18 15:00:33.745,18362,18364,18363,3,3
2022-01-18 15:00:33.959,18362,18364,18364,7,7
2022-01-18 15:00:34.286,18363,18365,18363,3,-3
2022-01-18 15:00:34.700,18363,18365,18363,3,-3
2022-01-18 15:00:34.754,18363,18365,18364,1,1
2022-01-18 15:00:34.908,18363,18365,18364,10,10
2022-01-18 15:00:35.196,18363,18365,18365,2,2
2022-01-18 15:00:35.249,18363,18365,18364,3,3
2022-01-18 15:00:36.657,18363,18365,18365,2,2
2022-01-18 15:00:38.010,18363,18364,18364,6,6
2022-01-18 15:00:40.650,18363,18364,18363,2,-2
2022-01-18 15:00:41.312,18362,18364,18364,1,1
2022-01-18 15:00:44.442,18362,18363,18363,1,1
2022-01-18 15:00:44.443,18362,18363,18362,9,-9
2022-01-18 15:00:45.501,18361,18363,18362,1,1
2022-01-18 15:00:46.196,18361,18363,18361,1,-1
2022-01-18 15:00:46.767,18361,18363,18361,5,-5
2022-01-18 15:00:47.116,18361,18363,18361,3,-3
2022-01-18 15:00:47.117,18361,18363,18361,4,-4
2022-01-18 15:00:47.428,18361,18363,18361,2,-2
2022-01-18 15:00:48.146,18361,18363,18361,2,-2
2022-01-18 15:00:48.258,18361,18363,18363,1,1
2022-01-18 15:00:49.081,18362,18363,18362,2,-2
2022-01-18 15:00:49.608,18362,18364,18364,1,1
2022-01-18 15:00:52.012,18362,18364,18363,1,1
2022-01-18 15:00:53.128,18361,18363,18361,4,-4
2022-01-18 15:00:53.794,18362,18363,18362,1,-1
2022-01-18 15:00:53.892,18362,18363,18363,1,1
2022-01-18 15:00:53.892,18362,18363,18363,1,1
2022-01-18 15:00:53.893,18362,18363,18364,2,2
2022-01-18 15:00:54.054,18363,18364,18363,1,-1
2022-01-18 15:00:56.670,18362,18364,18362,1,-1
2022-01-18 15:00:57.739,18362,18364,18362,1,-1
2022-01-18 15:00:59.605,18362,18363,18362,2,-2
2022-01-18 15:00:59.898,18361,18363,18363,1,1
2022-01-18 15:00:59.906,18361,18362,18362,1,1
2022-01-18 15:01:00.041,18361,18363,18361,2,-2
2022-01-18 15:01:00.048,18361,18363,18363,2,2
2022-01-18 15:01:00.048,18361,18363,18364,11,11
2022-01-18 15:01:00.055,18361,18363,18364,1,1
2022-01-18 15:01:00.138,18361,18363,18361,3,-3
2022-01-18 15:01:01.114,18361,18363,18361,1,-1
2022-01-18 15:01:01.158,18361,18363,18363,1,1
2022-01-18 15:01:01.158,18361,18363,18363,1,1
2022-01-18 15:01:01.158,18361,18363,18363,1,1
2022-01-18 15:01:01.158,18361,18363,18363,1,1
2022-01-18 15:01:01.159,18361,18363,18364,1,1
2022-01-18 15:01:01.866,18362,18364,18362,1,-1
2022-01-18 15:01:03.947,18363,18364,18363,1,-1
2022-01-18 15:01:03.947,18363,18364,18362,1,-1
2022-01-18 15:01:04.548,18362,18364,18362,2,-2
2022-01-18 15:01:05.780,18361,18362,18362,2,2
2022-01-18 15:01:06.418,18362,18364,18364,1,1
2022-01-18 15:01:09.954,18363,18364,18364,1,1
2022-01-18 15:01:09.955,18363,18364,18364,1,1
2022-01-18 15:01:09.956,18363,18364,18365,9,9
2022-01-18 15:01:09.956,18363,18364,18365,2,2
2022-01-18 15:01:10.035,18363,18365,18365,1,1
2022-01-18 15:01:10.035,18363,18365,18365,1,1
2022-01-18 15:01:10.036,18363,18365,18365,1,1
2022-01-18 15:01:10.036,18363,18365,18365,1,1
2022-01-18 15:01:10.036,18363,18365,18365,1,1
2022-01-18 15:01:10.036,18363,18365,18365,1,1
2022-01-18 15:01:10.036,18363,18365,18366,1,1
2022-01-18 15:01:10.036,18363,18365,18366,1,1
2022-01-18 15:01:10.036,18363,18365,18366,1,1
2022-01-18 15:01:10.036,18363,18365,18366,1,1
2022-01-18 15:01:10.036,18363,18365,18366,1,1
2022-01-18 15:01:10.036,18363,18365,18366,1,1
2022-01-18 15:01:10.036,18363,18365,18366,1,1
2022-01-18 15:01:11.102,18364,18366,18364,3,-3
2022-01-18 15:01:11.313,18363,18365,18365,1,1
2022-01-18 15:01:11.554,18363,18366,18363,5,-5
2022-01-18 15:01:11.554,18363,18366,18363,3,-3
2022-01-18 15:01:11.554,18363,18366,18363,1,-1
2022-01-18 15:01:11.554,18363,18366,18363,1,-1
2022-01-18 15:01:11.554,18363,18366,18363,1,-1
2022-01-18 15:01:11.554,18363,18366,18363,1,-1
2022-01-18 15:01:17.839,18363,18365,18365,1,1
2022-01-18 15:01:19.123,18363,18365,18364,2,2
2022-01-18 15:01:19.158,18363,18365,18365,1,1
2022-01-18 15:01:19.158,18363,18365,18365,1,1
2022-01-18 15:01:19.158,18363,18365,18365,1,1
2022-01-18 15:01:19.159,18363,18365,18365,1,1
2022-01-18 15:01:21.143,18364,18366,18366,1,1
2022-01-18 15:01:21.145,18364,18366,18366,1,1
2022-01-18 15:01:21.188,18365,18367,18365,1,-1
2022-01-18 15:01:23.160,18364,18366,18366,2,2
2022-01-18 15:01:24.185,18364,18367,18364,5,-5
2022-01-18 15:01:24.411,18365,18367,18367,1,1
2022-01-18 15:01:24.647,18365,18367,18365,1,-1
2022-01-18 15:01:24.676,18365,18367,18365,1,-1
2022-01-18 15:01:24.838,18365,18367,18367,1,1
2022-01-18 15:01:25.827,18366,18367,18367,11,11
2022-01-18 15:01:25.872,18366,18367,18368,1,1
2022-01-18 15:01:25.976,18367,18368,18366,1,-1
2022-01-18 15:01:26.050,18365,18367,18366,1,1
2022-01-18 15:01:26.214,18365,18367,18367,1,1
2022-01-18 15:01:29.055,18365,18367,18365,1,-1
2022-01-18 15:01:29.157,18365,18367,18367,1,1
2022-01-18 15:01:29.158,18365,18367,18367,1,1
2022-01-18 15:01:29.158,18365,18367,18367,1,1
2022-01-18 15:01:29.158,18365,18367,18368,1,1
2022-01-18 15:01:29.158,18365,18367,18368,1,1
2022-01-18 15:01:29.159,18365,18367,18368,1,1
2022-01-18 15:01:29.300,18365,18368,18368,17,17
2022-01-18 15:01:29.347,18365,18368,18369,13,13
2022-01-18 15:01:29.575,18367,18369,18367,1,-1
2022-01-18 15:01:29.818,18366,18368,18366,1,-1
2022-01-18 15:01:30.458,18366,18369,18369,4,4
2022-01-18 15:01:31.467,18367,18369,18367,1,-1
2022-01-18 15:01:31.860,18367,18369,18369,1,1
2022-01-18 15:01:33.324,18368,18369,18368,1,-1
2022-01-18 15:01:34.326,18367,18369,18367,1,-1
2022-01-18 15:01:35.276,18367,18369,18369,12,12
2022-01-18 15:01:35.276,18367,18369,18370,2,2
2022-01-18 15:01:35.276,18367,18369,18370,4,4
2022-01-18 15:01:35.279,18367,18369,18370,25,25
2022-01-18 15:01:35.326,18370,18371,18369,1,-1
2022-01-18 15:01:35.360,18370,18371,18371,10,10
2022-01-18 15:01:35.360,18370,18371,18372,3,3
2022-01-18 15:01:35.472,18369,18371,18371,1,1
2022-01-18 15:01:36.328,18369,18371,18369,1,-1
2022-01-18 15:01:37.230,18368,18370,18370,1,1
2022-01-18 15:01:37.230,18368,18370,18371,2,2
2022-01-18 15:01:37.283,18369,18371,18371,1,1
2022-01-18 15:01:37.283,18369,18371,18371,1,1
2022-01-18 15:01:38.365,18370,18371,18370,1,-1
2022-01-18 15:01:39.494,18370,18371,18371,2,2
2022-01-18 15:01:39.494,18370,18371,18372,3,3
2022-01-18 15:01:39.805,18371,18372,18371,1,-1
2022-01-18 15:01:39.884,18371,18372,18371,1,-1
2022-01-18 15:01:40.143,18370,18371,18370,1,-1
2022-01-18 15:01:40.296,18369,18371,18371,1,1
2022-01-18 15:01:41.299,18369,18371,18371,1,1
2022-01-18 15:01:41.772,18369,18370,18370,1,1
2022-01-18 15:01:42.532,18369,18370,18370,3,3
2022-01-18 15:01:42.535,18369,18370,18370,1,1
2022-01-18 15:01:43.269,18369,18370,18370,1,1
2022-01-18 15:01:43.415,18369,18371,18371,4,4
2022-01-18 15:01:43.936,18369,18370,18370,3,3
2022-01-18 15:01:43.936,18369,18370,18370,1,1
2022-01-18 15:01:44.746,18370,18371,18370,1,-1
2022-01-18 15:01:46.461,18369,18370,18370,1,1
2022-01-18 15:01:46.461,18369,18370,18371,1,1
2022-01-18 15:01:46.569,18369,18370,18369,3,-3
2022-01-18 15:01:46.608,18369,18370,18370,1,1
2022-01-18 15:01:47.109,18368,18370,18370,1,1
2022-01-18 15:01:47.770,18368,18370,18370,2,2
2022-01-18 15:01:48.577,18368,18370,18369,1,1
2022-01-18 15:01:49.296,18368,18369,18369,1,1
2022-01-18 15:01:49.711,18368,18369,18369,1,1
2022-01-18 15:01:49.916,18368,18369,18368,8,-8
2022-01-18 15:01:49.916,18368,18369,18368,4,-4
2022-01-18 15:01:50.106,18367,18368,18368,4,4
2022-01-18 15:01:50.181,18367,18369,18369,9,9
2022-01-18 15:01:50.181,18367,18369,18370,1,1
2022-01-18 15:01:50.205,18367,18369,18369,1,1
2022-01-18 15:01:50.573,18368,18370,18370,6,6
2022-01-18 15:01:51.403,18368,18370,18370,2,2
2022-01-18 15:01:52.171,18368,18370,18370,1,1
2022-01-18 15:01:52.674,18368,18370,18370,1,1
2022-01-18 15:01:53.712,18368,18369,18369,1,1
2022-01-18 15:01:54.570,18368,18369,18369,4,4
2022-01-18 15:01:54.938,18368,18369,18369,2,2
2022-01-18 15:01:55.070,18369,18370,18369,1,-1
2022-01-18 15:01:55.080,18369,18370,18369,3,-3
2022-01-18 15:01:55.490,18368,18370,18369,1,1
2022-01-18 15:01:58.859,18368,18369,18368,2,-2
2022-01-18 15:01:59.764,18368,18369,18368,1,-1
2022-01-18 15:02:00.005,18368,18369,18368,1,-1
2022-01-18 15:02:00.584,18368,18369,18368,2,-2
2022-01-18 15:02:02.698,18368,18369,18368,2,-2
2022-01-18 15:02:03.088,18368,18369,18368,1,-1
2022-01-18 15:02:04.224,18368,18369,18368,1,-1
2022-01-18 15:02:04.429,18368,18369,18369,2,2
2022-01-18 15:02:05.372,18368,18369,18368,1,-1
2022-01-18 15:02:05.372,18368,18369,18368,2,-2
2022-01-18 15:02:08.505,18367,18368,18368,1,1
2022-01-18 15:02:10.002,18367,18368,18367,1,-1
2022-01-18 15:02:10.002,18367,18368,18366,1,-1
2022-01-18 15:02:10.036,18366,18367,18367,1,1
2022-01-18 15:02:10.037,18366,18367,18368,1,1
2022-01-18 15:02:11.992,18367,18368,18368,1,1
2022-01-18 15:02:13.153,18367,18368,18368,1,1
2022-01-18 15:02:13.153,18367,18368,18369,2,2
2022-01-18 15:02:16.547,18368,18369,18369,1,1
2022-01-18 15:02:16.549,18368,18369,18369,1,1
2022-01-18 15:02:16.550,18368,18369,18369,2,2
2022-01-18 15:02:17.648,18369,18370,18369,1,-1
2022-01-18 15:02:17.784,18368,18370,18368,1,-1
2022-01-18 15:02:19.450,18369,18370,18369,1,-1
2022-01-18 15:02:19.642,18369,18370,18369,1,-1
2022-01-18 15:02:20.401,18369,18370,18369,4,-4
2022-01-18 15:02:23.877,18369,18370,18369,2,-2
2022-01-18 15:02:24.403,18369,18370,18370,1,1
2022-01-18 15:02:24.432,18369,18370,18370,1,1
2022-01-18 15:02:26.028,18369,18370,18370,1,1
2022-01-18 15:02:26.028,18369,18370,18370,1,1
2022-01-18 15:02:26.029,18369,18370,18370,2,2
2022-01-18 15:02:26.029,18369,18370,18370,1,1
2022-01-18 15:02:26.029,18369,18370,18370,1,1
2022-01-18 15:02:26.029,18369,18370,18370,1,1
2022-01-18 15:02:26.029,18369,18370,18370,1,1
2022-01-18 15:02:26.947,18370,18371,18370,2,-2
2022-01-18 15:02:26.956,18370,18371,18370,1,-1
2022-01-18 15:02:27.150,18369,18371,18369,1,-1
2022-01-18 15:02:27.158,18369,18371,18371,1,1
2022-01-18 15:02:27.158,18369,18371,18371,1,1
2022-01-18 15:02:27.659,18370,18371,18371,11,11
2022-01-18 15:02:29.303,18371,18372,18372,15,15
2022-01-18 15:02:29.303,18371,18372,18372,3,3
2022-01-18 15:02:29.382,18371,18372,18372,2,2
2022-01-18 15:02:29.864,18372,18373,18373,24,24
2022-01-18 15:02:29.995,18373,18374,18373,3,-3
2022-01-18 15:02:30.049,18373,18374,18374,11,11
2022-01-18 15:02:30.049,18373,18374,18375,2,2
2022-01-18 15:02:30.052,18373,18374,18374,2,2
2022-01-18 15:02:30.279,18373,18375,18375,1,1
2022-01-18 15:02:30.285,18373,18375,18375,1,1
2022-01-18 15:02:30.287,18373,18375,18374,1,1
2022-01-18 15:02:30.306,18373,18375,18375,4,4
2022-01-18 15:02:30.306,18373,18375,18373,1,-1
2022-01-18 15:02:30.555,18372,18375,18375,1,1
2022-01-18 15:02:30.605,18372,18375,18375,1,1
2022-01-18 15:02:31.457,18373,18375,18373,5,-5
2022-01-18 15:02:31.457,18373,18375,18372,6,-6
2022-01-18 15:02:31.527,18373,18375,18374,1,1
2022-01-18 15:02:32.686,18373,18375,18374,2,2
2022-01-18 15:02:32.734,18373,18375,18375,1,1
2022-01-18 15:02:33.259,18373,18375,18375,1,1
2022-01-18 15:02:33.259,18373,18375,18375,8,8
2022-01-18 15:02:33.445,18375,18376,18375,1,-1
2022-01-18 15:02:33.524,18375,18376,18376,1,1
2022-01-18 15:02:33.656,18375,18376,18376,1,1
2022-01-18 15:02:33.878,18375,18376,18376,2,2
2022-01-18 15:02:33.894,18375,18376,18376,1,1
2022-01-18 15:02:34.194,18375,18376,18376,1,1
2022-01-18 15:02:34.957,18375,18376,18375,1,-1
2022-01-18 15:02:35.002,18375,18376,18375,3,-3
2022-01-18 15:02:35.108,18374,18375,18374,1,-1
2022-01-18 15:02:36.486,18372,18374,18374,2,2
2022-01-18 15:02:37.429,18372,18374,18374,1,1
2022-01-18 15:02:37.534,18372,18374,18374,1,1
2022-01-18 15:02:39.035,18372,18373,18373,1,1
2022-01-18 15:02:40.045,18372,18373,18373,1,1
2022-01-18 15:02:40.374,18372,18373,18372,1,-1
2022-01-18 15:02:40.375,18372,18373,18372,1,-1
2022-01-18 15:02:40.375,18372,18373,18372,1,-1
2022-01-18 15:02:40.416,18372,18373,18372,1,-1
2022-01-18 15:02:41.378,18371,18372,18371,3,-3
2022-01-18 15:02:42.539,18369,18370,18370,1,1
2022-01-18 15:02:44.155,18369,18370,18369,8,-8
2022-01-18 15:02:44.578,18368,18369,18368,3,-3
2022-01-18 15:02:44.578,18368,18369,18368,1,-1
2022-01-18 15:02:44.880,18366,18368,18368,1,1
2022-01-18 15:02:48.301,18367,18368,18367,1,-1
2022-01-18 15:02:48.434,18366,18368,18366,2,-2
2022-01-18 15:02:48.544,18366,18367,18366,1,-1
2022-01-18 15:02:48.650,18366,18367,18367,1,1
2022-01-18 15:02:48.672,18365,18366,18366,1,1
2022-01-18 15:02:48.870,18365,18366,18366,1,1
2022-01-18 15:02:49.315,18365,18366,18366,1,1
2022-01-18 15:02:51.080,18365,18366,18365,1,-1
2022-01-18 15:02:51.093,18365,18366,18365,9,-9
2022-01-18 15:02:52.062,18364,18366,18364,1,-1
2022-01-18 15:02:52.301,18364,18365,18364,1,-1
2022-01-18 15:02:52.448,18364,18365,18364,1,-1
2022-01-18 15:02:53.027,18363,18365,18363,1,-1
2022-01-18 15:02:53.352,18363,18365,18363,1,-1
2022-01-18 15:02:53.782,18363,18364,18363,1,-1
2022-01-18 15:02:58.768,18363,18365,18365,7,7
2022-01-18 15:02:58.768,18363,18365,18366,11,11
2022-01-18 15:02:58.770,18363,18365,18366,3,3
2022-01-18 15:02:58.770,18363,18365,18366,2,2
2022-01-18 15:02:58.770,18363,18365,18366,29,29
2022-01-18 15:03:00.084,18363,18365,18365,1,1
2022-01-18 15:03:00.088,18363,18365,18365,1,1
2022-01-18 15:03:00.102,18363,18365,18365,1,1
2022-01-18 15:03:00.113,18363,18365,18366,2,2
2022-01-18 15:03:00.122,18363,18365,18366,1,1
2022-01-18 15:03:00.134,18363,18365,18366,1,1
2022-01-18 15:03:00.549,18365,18367,18367,3,3
2022-01-18 15:03:00.590,18365,18367,18368,1,1
2022-01-18 15:03:00.918,18366,18368,18368,1,1
2022-01-18 15:03:00.959,18366,18368,18368,1,1
2022-01-18 15:03:01.023,18366,18368,18368,1,1
2022-01-18 15:03:01.227,18366,18368,18366,1,-1
2022-01-18 15:03:01.321,18366,18368,18368,1,1
2022-01-18 15:03:01.471,18366,18368,18366,1,-1
2022-01-18 15:03:01.702,18366,18368,18368,2,2
2022-01-18 15:03:01.702,18366,18368,18369,5,5
2022-01-18 15:03:02.195,18367,18369,18369,1,1
2022-01-18 15:03:03.084,18367,18369,18367,3,-3
2022-01-18 15:03:03.533,18367,18369,18369,2,2
2022-01-18 15:03:04.625,18367,18369,18369,2,2
2022-01-18 15:03:04.625,18367,18369,18370,12,12
2022-01-18 15:03:04.625,18367,18369,18371,1,1
2022-01-18 15:03:05.378,18369,18371,18371,1,1
2022-01-18 15:03:06.519,18369,18371,18369,1,-1
2022-01-18 15:03:06.698,18369,18371,18369,2,-2
2022-01-18 15:03:06.698,18369,18371,18368,2,-2
2022-01-18 15:03:11.969,18369,18370,18369,1,-1
2022-01-18 15:03:15.125,18370,18371,18371,2,2
2022-01-18 15:03:15.511,18370,18372,18372,3,3
2022-01-18 15:03:16.216,18371,18373,18373,2,2
2022-01-18 15:03:19.619,18371,18373,18371,1,-1
2022-01-18 15:03:19.658,18371,18373,18373,1,1
2022-01-18 15:03:20.292,18371,18373,18371,2,-2
2022-01-18 15:03:22.152,18370,18371,18371,1,1
2022-01-18 15:03:28.526,18370,18371,18371,1,1
2022-01-18 15:03:29.481,18370,18371,18371,4,4
2022-01-18 15:03:32.447,18370,18372,18372,1,1
2022-01-18 15:03:33.753,18371,18372,18372,2,2
2022-01-18 15:03:36.943,18371,18372,18371,1,-1
2022-01-18 15:03:38.719,18370,18372,18370,1,-1
2022-01-18 15:03:40.435,18371,18372,18371,1,-1
2022-01-18 15:03:40.637,18370,18371,18370,1,-1
2022-01-18 15:03:40.979,18369,18371,18369,1,-1
2022-01-18 15:03:41.017,18369,18371,18370,1,1
2022-01-18 15:03:41.554,18369,18371,18369,1,-1
2022-01-18 15:03:52.161,18368,18370,18370,1,1
2022-01-18 15:03:54.105,18368,18369,18369,1,1
2022-01-18 15:03:54.108,18368,18369,18369,1,1
2022-01-18 15:03:54.111,18368,18369,18369,1,1
2022-01-18 15:03:55.930,18369,18370,18369,1,-1
2022-01-18 15:03:56.251,18369,18370,18369,1,-1
2022-01-18 15:03:58.133,18369,18370,18370,1,1
2022-01-18 15:03:58.133,18369,18370,18370,1,1
2022-01-18 15:03:58.133,18369,18370,18370,1,1
2022-01-18 15:03:58.137,18369,18370,18370,1,1
2022-01-18 15:03:58.138,18369,18370,18369,1,-1
2022-01-18 15:03:59.179,18369,18370,18370,1,1
2022-01-18 15:03:59.290,18369,18371,18369,1,-1
2022-01-18 15:04:00.021,18369,18371,18369,1,-1
2022-01-18 15:04:01.926,18370,18371,18370,1,-1
2022-01-18 15:04:05.144,18370,18371,18370,1,-1
2022-01-18 15:04:09.118,18369,18370,18369,9,-9
2022-01-18 15:04:09.350,18368,18369,18368,2,-2
2022-01-18 15:04:09.352,18368,18369,18368,1,-1
2022-01-18 15:04:09.352,18368,18369,18368,5,-5
2022-01-18 15:04:11.309,18368,18369,18368,1,-1
2022-01-18 15:04:11.309,18368,18369,18368,2,-2
2022-01-18 15:04:11.309,18368,18369,18368,1,-1
2022-01-18 15:04:13.105,18367,18368,18368,1,1
2022-01-18 15:04:13.218,18367,18368,18368,1,1
2022-01-18 15:04:15.822,18367,18368,18368,1,1
2022-01-18 15:04:15.851,18367,18368,18368,1,1
2022-01-18 15:04:17.482,18367,18369,18367,1,-1
2022-01-18 15:04:22.533,18367,18368,18367,1,-1
2022-01-18 15:04:34.377,18367,18368,18368,1,1
2022-01-18 15:04:34.497,18367,18368,18367,1,-1
2022-01-18 15:04:34.563,18367,18368,18368,1,1
2022-01-18 15:04:37.827,18367,18368,18367,1,-1
2022-01-18 15:04:41.067,18367,18368,18368,1,1
2022-01-18 15:04:41.143,18367,18368,18368,1,1
2022-01-18 15:04:43.788,18367,18368,18368,1,1
2022-01-18 15:04:45.674,18367,18368,18368,1,1
2022-01-18 15:04:45.794,18367,18368,18368,1,1
2022-01-18 15:04:48.604,18368,18369,18368,1,-1
2022-01-18 15:04:54.267,18368,18369,18369,1,1
2022-01-18 15:04:57.277,18368,18369,18369,1,1
2022-01-18 15:05:00.377,18368,18369,18368,2,-2
2022-01-18 15:05:00.604,18367,18369,18369,1,1
2022-01-18 15:05:00.659,18367,18369,18369,1,1
2022-01-18 15:05:00.714,18367,18369,18369,1,1
2022-01-18 15:05:00.742,18367,18369,18369,1,1
2022-01-18 15:05:00.749,18367,18369,18369,1,1
2022-01-18 15:05:00.767,18367,18369,18370,1,1
2022-01-18 15:05:00.775,18367,18369,18370,1,1
2022-01-18 15:05:00.777,18367,18369,18370,1,1
2022-01-18 15:05:00.781,18368,18370,18370,1,1
2022-01-18 15:05:00.827,18368,18370,18370,1,1
2022-01-18 15:05:00.831,18368,18370,18370,1,1
2022-01-18 15:05:00.831,18368,18370,18370,1,1
2022-01-18 15:05:00.852,18368,18370,18370,1,1
2022-01-18 15:05:00.871,18368,18370,18370,1,1
2022-01-18 15:05:00.881,18368,18370,18370,1,1
2022-01-18 15:05:00.927,18369,18371,18371,1,1
2022-01-18 15:05:00.952,18369,18371,18371,1,1
2022-01-18 15:05:00.962,18369,18371,18371,1,1
2022-01-18 15:05:01.000,18369,18371,18371,1,1
2022-01-18 15:05:01.023,18369,18371,18371,1,1
2022-01-18 15:05:01.034,18369,18371,18371,1,1
2022-01-18 15:05:01.043,18369,18371,18371,1,1
2022-01-18 15:05:01.059,18369,18371,18372,1,1
2022-01-18 15:05:01.159,18369,18371,18371,1,1
2022-01-18 15:05:01.206,18369,18371,18372,1,1
2022-01-18 15:05:01.209,18369,18371,18372,1,1
2022-01-18 15:05:05.173,18370,18372,18372,1,1
2022-01-18 15:05:15.028,18370,18372,18372,1,1
2022-01-18 15:05:17.457,18370,18371,18370,3,-3
2022-01-18 15:05:17.457,18370,18371,18369,7,-7
2022-01-18 15:05:17.457,18370,18371,18368,20,-20
2022-01-18 15:05:17.460,18370,18371,18368,1,-1
2022-01-18 15:05:20.322,18368,18369,18369,3,3
2022-01-18 15:05:20.629,18368,18369,18369,1,1
2022-01-18 15:05:22.342,18370,18371,18371,1,1
2022-01-18 15:05:22.413,18370,18371,18370,1,-1
2022-01-18 15:05:27.799,18369,18370,18370,1,1
2022-01-18 15:05:27.799,18369,18370,18370,4,4
2022-01-18 15:05:33.880,18369,18371,18369,2,-2
2022-01-18 15:05:36.776,18368,18369,18369,1,1
2022-01-18 15:05:45.248,18368,18370,18370,1,1
2022-01-18 15:05:51.647,18369,18370,18369,3,-3
2022-01-18 15:05:53.039,18369,18370,18370,1,1
2022-01-18 15:05:57.959,18369,18370,18369,1,-1
2022-01-18 15:05:58.562,18368,18369,18369,2,2
2022-01-18 15:06:00.264,18368,18369,18369,1,1
2022-01-18 15:06:00.264,18368,18369,18370,5,5
2022-01-18 15:06:00.357,18368,18370,18370,6,6
2022-01-18 15:06:03.036,18368,18369,18368,3,-3
2022-01-18 15:06:03.037,18368,18369,18368,1,-1
2022-01-18 15:06:04.165,18367,18369,18369,2,2
2022-01-18 15:06:05.961,18367,18368,18367,4,-4
2022-01-18 15:06:05.962,18367,18368,18367,2,-2
2022-01-18 15:06:05.962,18367,18368,18367,1,-1
2022-01-18 15:06:05.962,18367,18368,18367,7,-7
2022-01-18 15:06:06.365,18366,18368,18368,1,1
2022-01-18 15:06:06.636,18366,18368,18368,1,1
2022-01-18 15:06:08.797,18366,18368,18367,1,1
2022-01-18 15:06:11.443,18366,18368,18368,1,1
2022-01-18 15:06:15.785,18366,18367,18366,2,-2
2022-01-18 15:06:16.174,18366,18367,18366,1,-1
2022-01-18 15:06:17.479,18366,18367,18367,1,1
2022-01-18 15:06:17.480,18366,18367,18367,1,1
2022-01-18 15:06:17.480,18366,18367,18367,1,1
2022-01-18 15:06:17.480,18366,18367,18367,2,2
2022-01-18 15:06:17.481,18366,18367,18367,2,2
2022-01-18 15:06:21.390,18367,18368,18367,1,-1
2022-01-18 15:06:24.898,18366,18367,18367,7,7
2022-01-18 15:06:24.899,18366,18367,18367,4,4
2022-01-18 15:06:34.143,18366,18367,18367,1,1
2022-01-18 15:06:36.124,18366,18367,18367,1,1
2022-01-18 15:06:37.802,18366,18368,18368,1,1
2022-01-18 15:06:40.409,18367,18368,18367,1,-1
2022-01-18 15:06:49.158,18366,18367,18367,1,1
2022-01-18 15:06:50.005,18366,18367,18367,1,1
2022-01-18 15:06:59.814,18367,18368,18368,1,1
2022-01-18 15:07:00.002,18367,18368,18367,1,-1
2022-01-18 15:07:00.395,18367,18368,18368,1,1
2022-01-18 15:07:00.424,18367,18369,18369,1,1
2022-01-18 15:07:04.695,18367,18369,18369,1,1
2022-01-18 15:07:05.201,18367,18369,18367,1,-1
2022-01-18 15:07:06.283,18367,18369,18367,1,-1
2022-01-18 15:07:07.028,18367,18369,18367,1,-1
2022-01-18 15:07:11.042,18366,18367,18366,1,-1
2022-01-18 15:07:11.042,18366,18367,18366,1,-1
2022-01-18 15:07:13.225,18366,18367,18367,3,3
2022-01-18 15:07:20.494,18366,18367,18366,1,-1
2022-01-18 15:07:20.594,18366,18367,18366,5,-5
2022-01-18 15:07:20.594,18366,18367,18366,1,-1
2022-01-18 15:07:20.594,18366,18367,18366,1,-1
2022-01-18 15:07:20.594,18366,18367,18366,1,-1
2022-01-18 15:07:20.594,18366,18367,18366,1,-1
2022-01-18 15:07:27.687,18365,18366,18365,11,-11
2022-01-18 15:07:27.687,18365,18366,18364,4,-4
2022-01-18 15:07:27.803,18364,18365,18365,1,1
2022-01-18 15:07:28.038,18364,18366,18364,1,-1
2022-01-18 15:07:28.301,18364,18366,18364,1,-1
2022-01-18 15:07:29.946,18363,18365,18363,1,-1
2022-01-18 15:07:30.837,18363,18365,18363,1,-1
2022-01-18 15:07:31.900,18364,18365,18364,1,-1
2022-01-18 15:07:33.576,18364,18365,18364,2,-2
2022-01-18 15:07:33.576,18364,18365,18363,6,-6
2022-01-18 15:07:33.579,18364,18365,18364,2,-2
2022-01-18 15:07:37.490,18363,18364,18363,1,-1
2022-01-18 15:07:40.003,18362,18364,18362,3,-3
2022-01-18 15:07:41.094,18362,18364,18362,1,-1
2022-01-18 15:07:45.714,18362,18363,18362,1,-1
2022-01-18 15:07:45.755,18362,18363,18362,1,-1
2022-01-18 15:07:49.132,18362,18363,18362,1,-1
2022-01-18 15:07:56.139,18362,18363,18363,8,8
2022-01-18 15:07:56.515,18363,18364,18363,1,-1
2022-01-18 15:07:58.699,18363,18364,18363,1,-1
2022-01-18 15:07:59.512,18363,18364,18363,1,-1
2022-01-18 15:07:59.961,18362,18363,18362,4,-4
2022-01-18 15:07:59.962,18362,18363,18362,2,-2
2022-01-18 15:08:00.068,18361,18362,18361,1,-1
2022-01-18 15:08:00.111,18361,18362,18362,1,1
2022-01-18 15:08:00.159,18361,18362,18362,1,1
2022-01-18 15:08:00.182,18361,18362,18361,1,-1
2022-01-18 15:08:03.219,18361,18362,18361,2,-2
2022-01-18 15:08:04.766,18361,18362,18361,1,-1
2022-01-18 15:08:04.777,18361,18362,18361,1,-1
2022-01-18 15:08:05.494,18361,18362,18361,1,-1
2022-01-18 15:08:09.795,18360,18361,18360,3,-3
2022-01-18 15:08:09.795,18360,18361,18360,1,-1
2022-01-18 15:08:09.795,18360,18361,18360,3,-3
2022-01-18 15:08:09.795,18360,18361,18360,3,-3
2022-01-18 15:08:09.796,18360,18361,18360,1,-1
2022-01-18 15:08:09.796,18360,18361,18360,2,-2
2022-01-18 15:08:10.807,18359,18360,18359,1,-1
2022-01-18 15:08:10.807,18359,18360,18359,1,-1
2022-01-18 15:08:10.808,18359,18360,18359,3,-3
2022-01-18 15:08:10.808,18359,18360,18359,1,-1
2022-01-18 15:08:10.808,18359,18360,18359,1,-1
2022-01-18 15:08:10.808,18359,18360,18359,1,-1
2022-01-18 15:08:11.280,18359,18360,18359,1,-1
2022-01-18 15:08:11.280,18359,18360,18359,1,-1
2022-01-18 15:08:11.280,18359,18360,18359,1,-1
2022-01-18 15:08:11.280,18359,18360,18359,2,-2
2022-01-18 15:08:11.280,18359,18360,18359,1,-1
2022-01-18 15:08:13.792,18358,18359,18358,1,-1
2022-01-18 15:08:13.793,18358,18359,18358,3,-3
2022-01-18 15:08:14.343,18357,18358,18357,2,-2
2022-01-18 15:08:14.370,18357,18358,18357,1,-1
2022-01-18 15:08:14.376,18357,18358,18357,1,-1
2022-01-18 15:08:15.319,18356,18357,18356,1,-1
2022-01-18 15:08:16.685,18355,18357,18356,1,1
2022-01-18 15:08:20.082,18356,18357,18356,1,-1
2022-01-18 15:08:20.666,18356,18357,18356,1,-1
2022-01-18 15:08:21.868,18356,18357,18356,3,-3
2022-01-18 15:08:22.970,18355,18356,18355,1,-1
2022-01-18 15:08:23.445,18355,18356,18355,1,-1
2022-01-18 15:08:23.520,18355,18356,18355,1,-1
2022-01-18 15:08:23.995,18354,18356,18356,1,1
2022-01-18 15:08:24.043,18355,18356,18355,1,-1
2022-01-18 15:08:24.125,18355,18356,18355,1,-1
2022-01-18 15:08:24.125,18355,18356,18354,4,-4
2022-01-18 15:08:24.125,18355,18356,18353,2,-2
2022-01-18 15:08:25.091,18354,18355,18355,1,1
2022-01-18 15:08:25.091,18354,18355,18356,4,4
2022-01-18 15:08:25.333,18354,18356,18354,3,-3
2022-01-18 15:08:27.792,18354,18355,18354,1,-1
2022-01-18 15:08:27.907,18354,18355,18354,1,-1
2022-01-18 15:08:28.077,18353,18355,18353,1,-1
2022-01-18 15:08:28.377,18353,18355,18353,1,-1
2022-01-18 15:08:28.901,18354,18355,18354,1,-1
2022-01-18 15:08:29.748,18354,18355,18355,2,2
2022-01-18 15:08:30.816,18354,18355,18354,1,-1
2022-01-18 15:08:31.182,18354,18355,18354,1,-1
2022-01-18 15:08:33.174,18353,18354,18353,1,-1
2022-01-18 15:08:34.464,18353,18354,18353,1,-1
2022-01-18 15:08:34.666,18353,18354,18353,1,-1
2022-01-18 15:08:35.537,18353,18354,18353,1,-1
2022-01-18 15:08:36.311,18352,18354,18353,1,1
2022-01-18 15:08:41.842,18353,18354,18353,1,-1
2022-01-18 15:08:42.962,18352,18353,18353,1,1
2022-01-18 15:08:43.383,18352,18353,18353,1,1
2022-01-18 15:08:44.304,18352,18354,18352,6,-6
2022-01-18 15:08:44.304,18352,18354,18352,2,-2
2022-01-18 15:08:46.715,18353,18354,18353,2,-2
2022-01-18 15:08:46.721,18353,18354,18352,1,-1
2022-01-18 15:08:47.195,18352,18353,18352,1,-1
2022-01-18 15:08:47.444,18352,18353,18352,1,-1
2022-01-18 15:08:47.603,18351,18353,18352,1,1
2022-01-18 15:08:48.921,18351,18352,18351,3,-3
2022-01-18 15:08:49.324,18351,18352,18352,1,1
2022-01-18 15:08:49.324,18351,18352,18352,1,1
2022-01-18 15:08:49.616,18351,18353,18351,1,-1
2022-01-18 15:08:50.833,18351,18352,18351,1,-1
2022-01-18 15:08:50.986,18351,18352,18352,1,1
2022-01-18 15:08:52.963,18351,18352,18351,1,-1
2022-01-18 15:08:53.443,18351,18352,18352,1,1
2022-01-18 15:08:54.157,18351,18352,18352,1,1
2022-01-18 15:08:54.336,18351,18352,18351,4,-4
2022-01-18 15:08:54.336,18351,18352,18350,6,-6
2022-01-18 15:08:54.638,18350,18352,18350,1,-1
2022-01-18 15:08:55.214,18350,18351,18350,1,-1
2022-01-18 15:08:55.470,18350,18351,18350,1,-1
2022-01-18 15:08:55.694,18350,18351,18351,2,2
2022-01-18 15:08:55.694,18350,18351,18352,3,3
2022-01-18 15:08:56.056,18351,18352,18351,2,-2
2022-01-18 15:08:58.929,18351,18352,18351,1,-1
2022-01-18 15:08:59.253,18351,18352,18351,1,-1
2022-01-18 15:08:59.877,18351,18352,18351,1,-1
2022-01-18 15:09:00.415,18351,18352,18352,1,1
2022-01-18 15:09:00.490,18351,18352,18352,1,1
2022-01-18 15:09:01.184,18351,18352,18351,1,-1
2022-01-18 15:09:02.095,18351,18352,18351,1,-1
2022-01-18 15:09:04.020,18351,18352,18352,1,1
2022-01-18 15:09:04.148,18352,18353,18352,1,-1
2022-01-18 15:09:04.608,18352,18353,18352,1,-1
2022-01-18 15:09:05.362,18351,18353,18352,1,1
2022-01-18 15:09:05.428,18351,18352,18351,1,-1
2022-01-18 15:09:05.454,18351,18352,18351,1,-1
2022-01-18 15:09:05.455,18351,18352,18351,1,-1
2022-01-18 15:09:05.455,18351,18352,18351,1,-1
2022-01-18 15:09:05.455,18351,18352,18351,4,-4
2022-01-18 15:09:05.656,18350,18351,18350,1,-1
2022-01-18 15:09:05.833,18350,18351,18351,1,1
2022-01-18 15:09:05.883,18350,18351,18351,1,1
2022-01-18 15:09:06.435,18350,18351,18350,3,-3
2022-01-18 15:09:09.616,18350,18351,18351,1,1
2022-01-18 15:09:11.117,18350,18351,18350,2,-2
2022-01-18 15:09:12.008,18349,18351,18349,1,-1
2022-01-18 15:09:12.048,18349,18351,18349,1,-1
2022-01-18 15:09:12.053,18349,18351,18349,1,-1
2022-01-18 15:09:12.087,18349,18351,18349,3,-3
2022-01-18 15:09:12.087,18349,18351,18348,7,-7
2022-01-18 15:09:12.214,18348,18350,18348,4,-4
2022-01-18 15:09:12.214,18348,18350,18347,1,-1
2022-01-18 15:09:12.324,18348,18350,18349,1,1
2022-01-18 15:09:12.332,18348,18350,18348,1,-1
2022-01-18 15:09:12.353,18348,18350,18348,2,-2
2022-01-18 15:09:12.358,18348,18350,18348,1,-1
2022-01-18 15:09:12.358,18348,18350,18347,1,-1
2022-01-18 15:09:12.362,18348,18350,18347,1,-1
2022-01-18 15:09:12.407,18347,18349,18347,1,-1
2022-01-18 15:09:12.419,18347,18349,18347,2,-2
2022-01-18 15:09:12.449,18347,18349,18347,2,-2
2022-01-18 15:09:12.470,18347,18349,18347,1,-1
2022-01-18 15:09:12.470,18347,18349,18346,1,-1
2022-01-18 15:09:12.508,18347,18349,18347,1,-1
2022-01-18 15:09:12.508,18347,18349,18346,5,-5
2022-01-18 15:09:12.554,18346,18348,18348,1,1
2022-01-18 15:09:12.587,18346,18348,18346,1,-1
2022-01-18 15:09:12.607,18346,18348,18346,1,-1
2022-01-18 15:09:12.636,18346,18348,18346,1,-1
2022-01-18 15:09:12.661,18346,18347,18346,1,-1
2022-01-18 15:09:12.722,18346,18347,18346,1,-1
2022-01-18 15:09:12.728,18346,18347,18346,1,-1
2022-01-18 15:09:12.729,18346,18347,18346,1,-1
2022-01-18 15:09:12.734,18346,18347,18346,1,-1
2022-01-18 15:09:12.745,18346,18347,18346,1,-1
2022-01-18 15:09:12.745,18346,18347,18346,1,-1
2022-01-18 15:09:12.745,18346,18347,18346,5,-5
2022-01-18 15:09:12.745,18346,18347,18346,1,-1
2022-01-18 15:09:12.745,18346,18347,18346,1,-1
2022-01-18 15:09:12.746,18346,18347,18346,1,-1
2022-01-18 15:09:12.770,18346,18347,18345,1,-1
2022-01-18 15:09:12.771,18346,18347,18345,1,-1
2022-01-18 15:09:12.784,18345,18346,18345,1,-1
2022-01-18 15:09:12.785,18345,18346,18344,1,-1
2022-01-18 15:09:12.822,18345,18346,18344,2,-2
2022-01-18 15:09:12.870,18345,18346,18345,1,-1
2022-01-18 15:09:12.880,18345,18346,18344,1,-1
2022-01-18 15:09:12.902,18345,18346,18345,1,-1
2022-01-18 15:09:13.002,18344,18345,18345,5,5
2022-01-18 15:09:13.002,18344,18345,18346,2,2
2022-01-18 15:09:13.078,18344,18346,18344,1,-1
2022-01-18 15:09:13.090,18344,18346,18344,1,-1
2022-01-18 15:09:13.094,18344,18346,18344,1,-1
2022-01-18 15:09:13.101,18344,18346,18344,1,-1
2022-01-18 15:09:13.109,18344,18346,18344,1,-1
2022-01-18 15:09:13.123,18344,18346,18344,1,-1
2022-01-18 15:09:13.222,18344,18345,18344,1,-1
2022-01-18 15:09:13.261,18344,18345,18344,2,-2
2022-01-18 15:09:13.269,18344,18345,18344,1,-1
2022-01-18 15:09:13.270,18344,18345,18346,1,1
2022-01-18 15:09:13.308,18345,18346,18345,1,-1
2022-01-18 15:09:13.308,18345,18346,18344,2,-2
2022-01-18 15:09:13.308,18345,18346,18343,2,-2
2022-01-18 15:09:13.311,18345,18346,18344,2,-2
2022-01-18 15:09:13.311,18345,18346,18343,3,-3
2022-01-18 15:09:13.414,18343,18344,18343,1,-1
2022-01-18 15:09:13.431,18343,18344,18344,2,2
2022-01-18 15:09:13.431,18343,18344,18345,1,1
2022-01-18 15:09:13.433,18343,18344,18343,1,-1
2022-01-18 15:09:13.529,18343,18344,18344,1,1
2022-01-18 15:09:13.529,18343,18344,18344,1,1
2022-01-18 15:09:13.625,18343,18345,18344,1,1
2022-01-18 15:09:13.646,18343,18345,18343,2,-2
2022-01-18 15:09:13.667,18343,18345,18343,1,-1
2022-01-18 15:09:13.669,18343,18345,18343,1,-1
2022-01-18 15:09:13.688,18343,18345,18343,1,-1
2022-01-18 15:09:13.700,18343,18345,18343,4,-4
2022-01-18 15:09:13.718,18343,18345,18343,4,-4
2022-01-18 15:09:13.727,18343,18345,18343,1,-1
2022-01-18 15:09:13.737,18343,18345,18343,1,-1
2022-01-18 15:09:13.780,18343,18345,18343,1,-1
2022-01-18 15:09:13.847,18343,18344,18343,3,-3
2022-01-18 15:09:13.919,18343,18344,18343,1,-1
2022-01-18 15:09:13.930,18343,18344,18342,1,-1
2022-01-18 15:09:13.955,18343,18344,18343,1,-1
2022-01-18 15:09:14.177,18342,18343,18342,1,-1
2022-01-18 15:09:14.486,18342,18343,18342,1,-1
2022-01-18 15:09:14.486,18342,18343,18342,1,-1
2022-01-18 15:09:14.486,18342,18343,18342,6,-6
2022-01-18 15:09:14.574,18342,18343,18343,1,1
2022-01-18 15:09:14.816,18342,18343,18342,1,-1
2022-01-18 15:09:14.895,18342,18343,18342,1,-1
2022-01-18 15:09:14.895,18342,18343,18343,1,1
2022-01-18 15:09:15.260,18341,18343,18343,4,4
2022-01-18 15:09:15.260,18341,18343,18344,1,1
2022-01-18 15:09:16.069,18342,18344,18343,1,1
2022-01-18 15:09:16.079,18342,18344,18343,1,1
2022-01-18 15:09:16.083,18342,18344,18342,1,-1
2022-01-18 15:09:16.226,18342,18344,18343,1,1
2022-01-18 15:09:16.226,18342,18344,18342,1,-1
2022-01-18 15:09:16.740,18342,18344,18344,1,1
2022-01-18 15:09:16.895,18342,18344,18344,1,1
2022-01-18 15:09:17.166,18342,18344,18342,4,-4
2022-01-18 15:09:17.387,18342,18344,18342,1,-1
2022-01-18 15:09:17.400,18342,18344,18343,1,1
2022-01-18 15:09:17.891,18341,18344,18341,1,-1
2022-01-18 15:09:18.361,18342,18344,18342,1,-1
2022-01-18 15:09:18.637,18341,18344,18341,4,-4
2022-01-18 15:09:19.062,18341,18343,18341,1,-1
2022-01-18 15:09:19.086,18341,18343,18342,1,1
2022-01-18 15:09:19.088,18341,18343,18341,1,-1
2022-01-18 15:09:19.143,18341,18343,18342,1,1
2022-01-18 15:09:20.197,18341,18342,18342,1,1
2022-01-18 15:09:20.206,18341,18342,18342,1,1
2022-01-18 15:09:20.796,18341,18342,18342,1,1
2022-01-18 15:09:21.317,18341,18342,18341,3,-3
2022-01-18 15:09:21.317,18341,18342,18340,1,-1
2022-01-18 15:09:21.428,18340,18342,18340,1,-1
2022-01-18 15:09:21.463,18340,18342,18340,1,-1
2022-01-18 15:09:22.051,18340,18342,18342,1,1
2022-01-18 15:09:22.400,18340,18341,18341,1,1
2022-01-18 15:09:23.225,18340,18341,18341,1,1
2022-01-18 15:09:23.322,18340,18342,18340,5,-5
2022-01-18 15:09:23.660,18340,18342,18340,1,-1
2022-01-18 15:09:23.731,18340,18342,18340,1,-1
2022-01-18 15:09:23.984,18340,18342,18340,3,-3
2022-01-18 15:09:24.273,18339,18341,18339,1,-1
2022-01-18 15:09:24.364,18340,18341,18341,3,3
2022-01-18 15:09:24.437,18340,18342,18342,1,1
2022-01-18 15:09:24.470,18340,18342,18342,1,1
2022-01-18 15:09:24.541,18340,18342,18340,2,-2
2022-01-18 15:09:24.552,18340,18342,18340,1,-1
2022-01-18 15:09:24.557,18340,18342,18340,1,-1
2022-01-18 15:09:24.698,18340,18342,18340,1,-1
2022-01-18 15:09:24.725,18340,18342,18340,1,-1
2022-01-18 15:09:24.754,18340,18342,18339,1,-1
2022-01-18 15:09:24.838,18339,18340,18340,5,5
2022-01-18 15:09:25.018,18339,18342,18339,1,-1
2022-01-18 15:09:25.219,18339,18341,18339,1,-1
2022-01-18 15:09:25.248,18339,18341,18341,3,3
2022-01-18 15:09:25.351,18339,18342,18340,1,-1
2022-01-18 15:09:25.603,18339,18342,18339,1,-1
2022-01-18 15:09:25.857,18340,18342,18340,1,-1
2022-01-18 15:09:25.902,18340,18342,18340,1,-1
2022-01-18 15:09:25.969,18340,18342,18340,1,-1
2022-01-18 15:09:26.032,18340,18342,18340,1,-1
2022-01-18 15:09:27.121,18340,18341,18341,1,1
2022-01-18 15:09:27.124,18340,18341,18341,1,1
2022-01-18 15:09:27.124,18340,18341,18342,2,2
2022-01-18 15:09:27.418,18341,18342,18342,3,3
2022-01-18 15:09:27.418,18341,18342,18342,4,4
2022-01-18 15:09:27.541,18342,18343,18343,1,1
2022-01-18 15:09:27.922,18341,18343,18341,1,-1
2022-01-18 15:09:28.466,18341,18343,18343,1,1
2022-01-18 15:09:28.466,18341,18343,18341,3,-3
2022-01-18 15:09:28.729,18341,18342,18342,1,1
2022-01-18 15:09:28.966,18342,18343,18342,2,-2
2022-01-18 15:09:28.966,18342,18343,18342,3,-3
2022-01-18 15:09:29.329,18341,18342,18342,1,1
2022-01-18 15:09:29.769,18342,18343,18342,1,-1
2022-01-18 15:09:29.928,18342,18343,18343,1,1
2022-01-18 15:09:29.928,18342,18343,18343,2,2
2022-01-18 15:09:30.686,18343,18344,18343,1,-1
2022-01-18 15:09:31.009,18342,18344,18344,1,1
2022-01-18 15:09:31.096,18342,18344,18344,3,3
2022-01-18 15:09:32.848,18342,18344,18344,1,1
2022-01-18 15:09:32.952,18342,18344,18344,2,2
2022-01-18 15:09:33.080,18343,18345,18344,5,5
2022-01-18 15:09:33.386,18344,18345,18345,1,1
2022-01-18 15:09:33.555,18344,18346,18344,1,-1
2022-01-18 15:09:33.935,18343,18345,18343,1,-1
2022-01-18 15:09:34.958,18345,18346,18346,2,2
2022-01-18 15:09:34.958,18345,18346,18347,3,3
2022-01-18 15:09:35.041,18346,18347,18347,1,1
2022-01-18 15:09:35.042,18346,18347,18347,1,1
2022-01-18 15:09:35.944,18346,18348,18346,1,-1
2022-01-18 15:09:35.944,18346,18348,18345,2,-2
2022-01-18 15:09:36.383,18346,18347,18347,2,2
2022-01-18 15:09:36.383,18346,18347,18348,1,1
2022-01-18 15:09:36.979,18346,18348,18346,3,-3
2022-01-18 15:09:41.199,18346,18347,18346,1,-1
2022-01-18 15:09:43.748,18343,18345,18345,2,2
2022-01-18 15:09:43.874,18343,18345,18343,1,-1
2022-01-18 15:09:44.503,18343,18344,18344,1,1
2022-01-18 15:09:46.017,18343,18345,18343,1,-1
2022-01-18 15:09:46.572,18343,18345,18343,1,-1
2022-01-18 15:09:47.346,18343,18345,18345,1,1
2022-01-18 15:09:48.057,18343,18344,18344,1,1
2022-01-18 15:09:48.411,18344,18346,18344,1,-1
2022-01-18 15:09:49.488,18345,18346,18345,1,-1
2022-01-18 15:09:49.609,18345,18346,18345,1,-1
2022-01-18 15:09:49.609,18345,18346,18344,1,-1
2022-01-18 15:09:51.353,18343,18345,18345,5,5
2022-01-18 15:09:53.490,18344,18345,18345,1,1
2022-01-18 15:09:54.825,18344,18345,18344,2,-2
2022-01-18 15:09:55.608,18343,18344,18344,1,1
2022-01-18 15:09:55.790,18343,18344,18344,1,1
2022-01-18 15:09:55.988,18344,18345,18345,1,1
2022-01-18 15:09:57.778,18344,18345,18344,1,-1
2022-01-18 15:09:58.071,18344,18345,18344,1,-1
2022-01-18 15:09:58.590,18344,18345,18344,1,-1
2022-01-18 15:09:58.590,18344,18345,18343,3,-3
2022-01-18 15:09:59.788,18343,18345,18343,5,-5
2022-01-18 15:10:00.416,18342,18344,18344,1,1
2022-01-18 15:10:00.454,18342,18344,18344,1,1
2022-01-18 15:10:00.631,18342,18344,18342,1,-1
2022-01-18 15:10:00.632,18342,18344,18342,1,-1
2022-01-18 15:10:00.638,18342,18344,18342,1,-1
2022-01-18 15:10:00.638,18342,18344,18342,1,-1
2022-01-18 15:10:00.642,18342,18344,18342,1,-1
2022-01-18 15:10:00.644,18342,18344,18341,1,-1
2022-01-18 15:10:00.663,18341,18343,18341,1,-1
2022-01-18 15:10:00.684,18341,18343,18341,1,-1
2022-01-18 15:10:00.685,18341,18343,18341,1,-1
2022-01-18 15:10:00.691,18341,18343,18341,1,-1
2022-01-18 15:10:00.696,18341,18343,18341,1,-1
2022-01-18 15:10:00.698,18341,18343,18340,1,-1
2022-01-18 15:10:00.716,18341,18343,18340,1,-1
2022-01-18 15:10:00.744,18341,18343,18342,1,1
2022-01-18 15:10:00.758,18341,18343,18340,1,-1
2022-01-18 15:10:00.764,18341,18343,18340,1,-1
2022-01-18 15:10:00.870,18340,18342,18340,1,-1
2022-01-18 15:10:00.899,18340,18342,18340,1,-1
2022-01-18 15:10:00.900,18340,18342,18340,1,-1
2022-01-18 15:10:01.201,18340,18342,18340,1,-1
2022-01-18 15:10:01.283,18340,18342,18340,1,-1
2022-01-18 15:10:01.364,18340,18342,18340,1,-1
2022-01-18 15:10:02.530,18340,18342,18341,1,1
2022-01-18 15:10:02.542,18340,18342,18342,3,3
2022-01-18 15:10:07.253,18342,18343,18343,1,1
2022-01-18 15:10:11.278,18343,18344,18344,1,1
2022-01-18 15:10:11.283,18343,18345,18343,1,-1
2022-01-18 15:10:11.283,18343,18345,18343,1,-1
2022-01-18 15:10:11.284,18343,18345,18343,1,-1
2022-01-18 15:10:11.734,18343,18345,18343,1,-1
2022-01-18 15:10:17.320,18343,18344,18344,1,1
2022-01-18 15:10:20.949,18344,18345,18344,1,-1
2022-01-18 15:10:21.866,18344,18345,18344,1,-1
2022-01-18 15:10:24.407,18344,18345,18345,2,2
2022-01-18 15:10:24.846,18344,18345,18344,1,-1
2022-01-18 15:10:25.842,18343,18345,18345,2,2
2022-01-18 15:10:25.845,18343,18345,18346,2,2
2022-01-18 15:10:26.071,18346,18347,18346,4,-4
2022-01-18 15:10:26.753,18345,18347,18347,1,1
2022-01-18 15:10:26.802,18345,18347,18347,1,1
2022-01-18 15:10:28.209,18346,18348,18348,5,5
2022-01-18 15:10:28.283,18347,18349,18347,1,-1
2022-01-18 15:10:28.283,18347,18349,18347,1,-1
2022-01-18 15:10:28.865,18347,18349,18349,1,1
2022-01-18 15:10:31.024,18348,18349,18348,1,-1
2022-01-18 15:10:34.055,18348,18349,18349,1,1
2022-01-18 15:10:34.528,18348,18350,18348,1,-1
2022-01-18 15:10:35.124,18348,18350,18350,4,4
2022-01-18 15:10:36.023,18350,18352,18352,2,2
2022-01-18 15:10:36.024,18350,18352,18352,1,1
2022-01-18 15:10:36.399,18351,18354,18351,3,-3
2022-01-18 15:10:37.147,18352,18353,18353,1,1
2022-01-18 15:10:37.465,18352,18354,18352,3,-3
2022-01-18 15:10:39.149,18352,18353,18353,1,1
2022-01-18 15:10:39.382,18352,18354,18354,1,1
2022-01-18 15:10:39.527,18352,18354,18354,1,1
2022-01-18 15:10:39.746,18352,18354,18354,1,1
2022-01-18 15:10:41.793,18354,18355,18354,1,-1
2022-01-18 15:10:42.003,18353,18355,18355,3,3
2022-01-18 15:10:42.043,18353,18355,18355,1,1
2022-01-18 15:10:43.087,18353,18355,18355,3,3
2022-01-18 15:10:43.772,18353,18355,18355,5,5
2022-01-18 15:10:44.395,18353,18354,18354,1,1
2022-01-18 15:10:45.075,18353,18354,18354,1,1
2022-01-18 15:10:45.076,18353,18354,18353,2,-2
2022-01-18 15:10:45.498,18352,18353,18353,1,1
2022-01-18 15:10:45.521,18352,18353,18353,1,1
2022-01-18 15:10:45.521,18352,18353,18354,3,3
2022-01-18 15:10:45.837,18352,18354,18352,1,-1
2022-01-18 15:10:46.031,18351,18352,18352,1,1
2022-01-18 15:10:50.238,18351,18352,18352,1,1
2022-01-18 15:10:52.226,18352,18353,18353,1,1
2022-01-18 15:10:52.725,18352,18353,18353,1,1
2022-01-18 15:10:52.725,18352,18353,18354,4,4
2022-01-18 15:10:53.573,18352,18354,18352,1,-1
2022-01-18 15:10:55.171,18353,18354,18354,1,1
2022-01-18 15:10:55.171,18353,18354,18355,4,4
2022-01-18 15:10:57.110,18353,18354,18354,1,1
2022-01-18 15:10:57.215,18353,18354,18354,1,1
2022-01-18 15:11:00.408,18353,18354,18354,1,1
2022-01-18 15:11:00.431,18353,18354,18355,1,1
2022-01-18 15:11:02.256,18354,18355,18355,2,2
2022-01-18 15:11:03.808,18353,18355,18355,1,1
2022-01-18 15:11:05.190,18354,18355,18354,1,-1
2022-01-18 15:11:05.599,18353,18354,18353,1,-1
2022-01-18 15:11:05.693,18353,18354,18354,1,1
2022-01-18 15:11:07.673,18353,18355,18353,1,-1
2022-01-18 15:11:08.598,18354,18355,18354,1,-1
2022-01-18 15:11:09.603,18353,18354,18354,5,5
2022-01-18 15:11:10.965,18354,18355,18355,1,1
2022-01-18 15:11:10.965,18354,18355,18355,3,3
2022-01-18 15:11:10.966,18354,18355,18355,3,3
2022-01-18 15:11:10.966,18354,18355,18355,1,1
2022-01-18 15:11:10.966,18354,18355,18355,2,2
2022-01-18 15:11:11.170,18355,18356,18355,1,-1
2022-01-18 15:11:12.770,18354,18355,18355,1,1
2022-01-18 15:11:14.574,18354,18355,18355,1,1
2022-01-18 15:11:14.739,18354,18355,18355,1,1
2022-01-18 15:11:18.625,18355,18356,18355,1,-1
2022-01-18 15:11:24.611,18353,18355,18355,1,1
2022-01-18 15:11:24.657,18353,18355,18355,1,1
2022-01-18 15:11:24.658,18353,18355,18355,1,1
2022-01-18 15:11:30.915,18354,18355,18354,1,-1
2022-01-18 15:11:32.635,18354,18355,18355,1,1
2022-01-18 15:11:34.821,18354,18355,18354,1,-1
2022-01-18 15:11:37.816,18353,18354,18354,1,1
2022-01-18 15:11:38.286,18353,18354,18354,1,1
2022-01-18 15:11:39.021,18353,18354,18354,1,1
2022-01-18 15:11:43.875,18353,18354,18353,1,-1
2022-01-18 15:11:47.445,18353,18354,18354,1,1
2022-01-18 15:11:47.723,18353,18355,18353,3,-3
2022-01-18 15:11:48.863,18353,18354,18353,1,-1
2022-01-18 15:11:53.698,18352,18354,18352,1,-1
2022-01-18 15:11:53.839,18351,18352,18351,1,-1
2022-01-18 15:11:59.639,18351,18352,18351,13,-13
2022-01-18 15:11:59.640,18351,18352,18351,1,-1
2022-01-18 15:12:00.220,18350,18351,18351,1,1
2022-01-18 15:12:00.247,18350,18351,18351,1,1
2022-01-18 15:12:01.653,18350,18351,18351,1,1
2022-01-18 15:12:01.734,18351,18353,18351,1,-1
2022-01-18 15:12:04.955,18351,18353,18351,1,-1
2022-01-18 15:12:05.305,18351,18353,18353,2,2
2022-01-18 15:12:10.490,18351,18352,18351,1,-1
2022-01-18 15:12:12.046,18350,18351,18350,1,-1
2022-01-18 15:12:14.147,18350,18351,18351,1,1
2022-01-18 15:12:15.829,18350,18352,18350,1,-1
2022-01-18 15:12:17.073,18350,18351,18350,5,-5
2022-01-18 15:12:20.419,18349,18350,18350,1,1
2022-01-18 15:12:27.029,18349,18350,18349,1,-1
2022-01-18 15:12:27.029,18349,18350,18349,2,-2
2022-01-18 15:12:27.528,18348,18349,18348,1,-1
2022-01-18 15:12:28.490,18348,18349,18348,1,-1
2022-01-18 15:12:29.253,18348,18349,18349,1,1
2022-01-18 15:12:29.420,18348,18349,18348,1,-1
2022-01-18 15:12:29.420,18348,18349,18348,1,-1
2022-01-18 15:12:30.320,18347,18349,18347,4,-4
2022-01-18 15:12:30.472,18347,18349,18349,3,3
2022-01-18 15:12:34.981,18348,18349,18349,2,2
2022-01-18 15:12:35.843,18349,18350,18350,2,2
2022-01-18 15:12:35.843,18349,18350,18350,5,5
2022-01-18 15:12:40.522,18351,18353,18353,1,1
2022-01-18 15:12:41.326,18352,18354,18352,1,-1
2022-01-18 15:12:44.276,18352,18353,18353,1,1
2022-01-18 15:12:47.945,18353,18354,18353,2,-2
2022-01-18 15:12:51.517,18352,18353,18352,2,-2
2022-01-18 15:12:51.517,18352,18353,18351,3,-3
2022-01-18 15:12:58.543,18351,18353,18351,1,-1
2022-01-18 15:13:00.170,18351,18353,18353,1,1
2022-01-18 15:13:00.182,18351,18353,18354,1,1
2022-01-18 15:13:00.642,18351,18353,18351,1,-1
2022-01-18 15:13:02.698,18351,18353,18351,1,-1
2022-01-18 15:13:06.225,18352,18353,18353,1,1
2022-01-18 15:13:11.072,18352,18354,18354,1,1
2022-01-18 15:13:13.290,18353,18354,18353,1,-1
2022-01-18 15:13:17.799,18352,18354,18354,1,1
2022-01-18 15:13:18.970,18352,18354,18353,2,2
2022-01-18 15:13:19.321,18352,18354,18353,1,1
2022-01-18 15:13:22.873,18352,18353,18353,1,1
2022-01-18 15:13:27.421,18352,18353,18352,2,-2
2022-01-18 15:13:31.006,18352,18353,18352,1,-1
2022-01-18 15:13:31.008,18352,18353,18352,1,-1
2022-01-18 15:13:31.008,18352,18353,18352,5,-5
2022-01-18 15:13:31.008,18352,18353,18352,4,-4
2022-01-18 15:13:31.008,18352,18353,18352,2,-2
2022-01-18 15:13:31.008,18352,18353,18352,1,-1
2022-01-18 15:13:36.525,18352,18353,18352,1,-1
2022-01-18 15:13:37.408,18351,18353,18353,1,1
2022-01-18 15:13:53.935,18352,18353,18353,6,6
2022-01-18 15:13:54.062,18353,18354,18353,2,-2
2022-01-18 15:13:56.642,18352,18353,18352,1,-1
2022-01-18 15:13:57.141,18352,18353,18352,2,-2
2022-01-18 15:14:00.424,18352,18353,18353,1,1
2022-01-18 15:14:00.447,18352,18353,18353,1,1
2022-01-18 15:14:01.757,18352,18353,18352,5,-5
2022-01-18 15:14:04.479,18351,18352,18352,1,1
2022-01-18 15:14:05.980,18351,18352,18351,1,-1
2022-01-18 15:14:06.314,18351,18352,18351,3,-3
2022-01-18 15:14:07.166,18351,18352,18351,3,-3
2022-01-18 15:14:14.240,18351,18352,18352,1,1
2022-01-18 15:14:14.468,18351,18353,18353,1,1
2022-01-18 15:14:16.808,18353,18354,18353,2,-2
2022-01-18 15:14:16.816,18353,18354,18354,8,8
2022-01-18 15:14:16.817,18353,18354,18354,3,3
2022-01-18 15:14:18.528,18354,18355,18354,1,-1
2022-01-18 15:14:28.084,18353,18354,18354,1,1
2022-01-18 15:14:33.007,18354,18355,18355,8,8
2022-01-18 15:14:33.008,18354,18355,18355,4,4
2022-01-18 15:14:34.343,18355,18356,18356,2,2
2022-01-18 15:14:34.343,18355,18356,18356,2,2
2022-01-18 15:14:34.425,18355,18357,18355,6,-6
2022-01-18 15:14:34.637,18356,18357,18356,3,-3
2022-01-18 15:14:34.643,18356,18357,18357,1,1
2022-01-18 15:14:35.212,18356,18357,18357,3,3
2022-01-18 15:14:35.733,18356,18357,18357,1,1
2022-01-18 15:14:36.539,18356,18357,18357,1,1
2022-01-18 15:14:36.550,18356,18357,18358,1,1
2022-01-18 15:14:36.550,18356,18357,18358,3,3
2022-01-18 15:14:36.550,18356,18357,18358,1,1
2022-01-18 15:14:36.550,18356,18357,18358,2,2
2022-01-18 15:14:36.556,18356,18357,18358,1,1
2022-01-18 15:14:36.556,18356,18357,18358,2,2
2022-01-18 15:14:36.829,18358,18359,18358,1,-1
2022-01-18 15:14:43.226,18357,18358,18358,3,3
2022-01-18 15:14:43.230,18357,18358,18359,4,4
2022-01-18 15:14:43.230,18357,18358,18359,1,1
2022-01-18 15:14:43.676,18358,18360,18360,2,2
2022-01-18 15:14:44.637,18358,18359,18359,1,1
2022-01-18 15:14:49.666,18358,18359,18358,1,-1
2022-01-18 15:14:49.666,18358,18359,18358,2,-2
2022-01-18 15:14:50.998,18357,18358,18358,1,1
2022-01-18 15:14:53.730,18357,18358,18357,1,-1
2022-01-18 15:14:59.999,18357,18358,18357,1,-1
2022-01-18 15:15:00.279,18356,18358,18358,1,1
2022-01-18 15:15:00.286,18356,18358,18358,2,2
2022-01-18 15:15:00.310,18356,18358,18358,1,1
2022-01-18 15:15:00.565,18356,18358,18358,1,1
2022-01-18 15:15:00.572,18356,18358,18358,1,1
2022-01-18 15:15:00.575,18356,18358,18358,1,1
2022-01-18 15:15:00.578,18356,18358,18358,1,1
2022-01-18 15:15:00.578,18356,18358,18359,1,1
2022-01-18 15:15:00.585,18356,18358,18359,1,1
2022-01-18 15:15:00.593,18356,18358,18359,1,1
2022-01-18 15:15:00.593,18356,18358,18359,1,1
2022-01-18 15:15:00.600,18356,18358,18359,1,1
2022-01-18 15:15:00.607,18356,18358,18359,1,1
2022-01-18 15:15:00.643,18356,18358,18359,1,1
2022-01-18 15:15:00.666,18357,18359,18359,1,1
2022-01-18 15:15:00.684,18357,18359,18360,1,1
2022-01-18 15:15:00.689,18357,18359,18360,1,1
2022-01-18 15:15:00.704,18357,18359,18360,1,1
2022-01-18 15:15:00.733,18357,18359,18360,1,1
2022-01-18 15:15:00.887,18359,18360,18360,1,1
2022-01-18 15:15:00.891,18359,18360,18359,1,-1
2022-01-18 15:15:00.896,18359,18360,18360,1,1
2022-01-18 15:15:01.309,18357,18360,18360,1,1
2022-01-18 15:15:11.029,18357,18359,18359,1,1
2022-01-18 15:15:21.513,18358,18359,18359,1,1
2022-01-18 15:15:21.516,18358,18359,18359,1,1
2022-01-18 15:15:22.324,18358,18359,18358,5,-5
2022-01-18 15:15:22.464,18358,18359,18359,1,1
2022-01-18 15:15:23.059,18359,18360,18359,2,-2
2022-01-18 15:15:23.059,18359,18360,18358,5,-5
2022-01-18 15:15:31.013,18357,18358,18358,1,1
2022-01-18 15:15:34.521,18357,18358,18357,1,-1
2022-01-18 15:15:34.533,18357,18358,18358,1,1
2022-01-18 15:15:39.106,18357,18358,18358,1,1
2022-01-18 15:15:39.106,18357,18358,18358,1,1
2022-01-18 15:15:39.169,18357,18358,18358,1,1
2022-01-18 15:15:39.169,18357,18358,18358,1,1
2022-01-18 15:15:41.123,18357,18358,18358,1,1
2022-01-18 15:15:41.124,18357,18358,18358,1,1
2022-01-18 15:15:41.124,18357,18358,18358,3,3
2022-01-18 15:15:41.124,18357,18358,18358,1,1
2022-01-18 15:15:41.124,18357,18358,18358,3,3
2022-01-18 15:15:41.158,18358,18359,18359,1,1
2022-01-18 15:15:43.348,18358,18359,18359,2,2
2022-01-18 15:15:43.348,18358,18359,18360,13,13
2022-01-18 15:15:44.229,18359,18360,18359,3,-3
2022-01-18 15:15:44.359,18358,18359,18359,2,2
2022-01-18 15:15:44.359,18358,18359,18360,1,1
2022-01-18 15:15:46.418,18359,18360,18360,1,1
2022-01-18 15:15:46.418,18359,18360,18360,1,1
2022-01-18 15:15:46.418,18359,18360,18360,1,1
2022-01-18 15:15:46.418,18359,18360,18360,3,3
2022-01-18 15:15:47.311,18359,18360,18360,1,1
2022-01-18 15:15:47.311,18359,18360,18361,4,4
2022-01-18 15:15:47.422,18359,18361,18361,1,1
2022-01-18 15:15:48.149,18360,18361,18361,5,5
2022-01-18 15:15:48.243,18360,18361,18361,1,1
2022-01-18 15:15:48.247,18360,18361,18362,5,5
2022-01-18 15:15:48.250,18360,18361,18362,2,2
2022-01-18 15:15:48.251,18360,18361,18362,1,1
2022-01-18 15:15:48.251,18360,18361,18362,1,1
2022-01-18 15:15:48.252,18360,18361,18362,1,1
2022-01-18 15:15:48.252,18360,18361,18362,1,1
2022-01-18 15:15:48.252,18360,18361,18362,1,1
2022-01-18 15:15:48.291,18362,18363,18363,2,2
2022-01-18 15:15:48.652,18362,18364,18364,2,2
2022-01-18 15:15:49.864,18362,18364,18364,1,1
2022-01-18 15:15:50.096,18362,18364,18364,1,1
2022-01-18 15:15:50.210,18362,18364,18362,3,-3
2022-01-18 15:15:53.108,18362,18364,18362,4,-4
2022-01-18 15:15:53.612,18361,18363,18363,1,1
2022-01-18 15:15:53.721,18361,18363,18361,3,-3
2022-01-18 15:15:54.707,18361,18363,18361,1,-1
2022-01-18 15:15:56.807,18361,18362,18362,4,4
2022-01-18 15:15:56.807,18361,18362,18363,5,5
2022-01-18 15:15:57.143,18361,18363,18361,5,-5
2022-01-18 15:16:00.388,18360,18362,18362,1,1
2022-01-18 15:16:00.409,18360,18362,18362,1,1
2022-01-18 15:16:00.409,18360,18362,18362,1,1
2022-01-18 15:16:00.409,18360,18362,18362,1,1
2022-01-18 15:16:00.409,18360,18362,18362,3,3
2022-01-18 15:16:00.409,18360,18362,18363,2,2
2022-01-18 15:16:00.410,18360,18362,18363,2,2
2022-01-18 15:16:00.410,18360,18362,18363,1,1
2022-01-18 15:16:00.416,18360,18362,18363,2,2
2022-01-18 15:16:00.416,18360,18362,18363,1,1
2022-01-18 15:16:00.426,18360,18362,18364,1,1
2022-01-18 15:16:02.753,18361,18363,18363,1,1
2022-01-18 15:16:02.783,18361,18363,18363,1,1
2022-01-18 15:16:02.783,18361,18363,18363,1,1
2022-01-18 15:16:02.783,18361,18363,18363,1,1
2022-01-18 15:16:02.784,18361,18363,18363,1,1
2022-01-18 15:16:02.784,18361,18363,18363,1,1
2022-01-18 15:16:05.542,18361,18363,18363,1,1
2022-01-18 15:16:05.542,18361,18363,18364,4,4
2022-01-18 15:16:05.598,18361,18363,18362,1,1
2022-01-18 15:16:07.711,18363,18364,18363,1,-1
2022-01-18 15:16:08.579,18363,18364,18364,5,5
2022-01-18 15:16:08.657,18363,18365,18365,1,1
2022-01-18 15:16:08.657,18363,18365,18365,1,1
2022-01-18 15:16:08.658,18363,18365,18365,1,1
2022-01-18 15:16:08.658,18363,18365,18365,1,1
2022-01-18 15:16:08.659,18363,18365,18365,1,1
2022-01-18 15:16:09.249,18364,18365,18364,1,-1
2022-01-18 15:16:09.370,18364,18365,18364,3,-3
2022-01-18 15:16:09.573,18363,18365,18365,8,8
2022-01-18 15:16:13.133,18364,18366,18364,1,-1
2022-01-18 15:16:13.724,18364,18366,18366,1,1
2022-01-18 15:16:15.573,18365,18366,18366,2,2
2022-01-18 15:16:15.589,18365,18366,18366,9,9
2022-01-18 15:16:15.684,18366,18367,18366,8,-8
2022-01-18 15:16:16.013,18366,18367,18366,2,-2
2022-01-18 15:16:16.013,18366,18367,18365,3,-3
2022-01-18 15:16:16.189,18365,18366,18365,1,-1
2022-01-18 15:16:16.209,18365,18366,18363,1,-1
2022-01-18 15:16:16.963,18362,18364,18364,3,3
2022-01-18 15:16:17.887,18362,18364,18362,5,-5
2022-01-18 15:16:17.907,18361,18362,18363,1,1
2022-01-18 15:16:17.908,18361,18362,18363,1,1
2022-01-18 15:16:17.908,18361,18362,18363,1,1
2022-01-18 15:16:17.908,18361,18362,18363,1,1
2022-01-18 15:16:17.908,18361,18362,18363,1,1
2022-01-18 15:16:17.908,18361,18362,18363,1,1
2022-01-18 15:16:17.908,18361,18362,18363,1,1
2022-01-18 15:16:17.908,18361,18362,18363,1,1
2022-01-18 15:16:17.908,18361,18362,18364,1,1
2022-01-18 15:16:17.908,18361,18362,18364,1,1
2022-01-18 15:16:17.909,18361,18362,18364,1,1
2022-01-18 15:16:17.909,18361,18362,18363,1,1
2022-01-18 15:16:17.910,18361,18362,18364,1,1
2022-01-18 15:16:18.285,18363,18365,18363,1,-1
2022-01-18 15:16:22.184,18364,18366,18366,1,1
2022-01-18 15:16:24.176,18364,18366,18364,1,-1
2022-01-18 15:16:26.990,18365,18366,18364,1,-1
2022-01-18 15:16:28.349,18365,18366,18365,1,-1
2022-01-18 15:16:28.349,18365,18366,18365,1,-1
2022-01-18 15:16:28.408,18364,18366,18366,1,1
2022-01-18 15:16:28.408,18364,18366,18366,1,1
2022-01-18 15:16:28.408,18364,18366,18366,1,1
2022-01-18 15:16:28.408,18364,18366,18366,1,1
2022-01-18 15:16:28.409,18364,18366,18366,1,1
2022-01-18 15:16:28.411,18364,18366,18367,1,1
2022-01-18 15:16:28.617,18365,18367,18367,1,1
2022-01-18 15:16:29.967,18365,18367,18367,1,1
2022-01-18 15:16:31.434,18366,18367,18366,3,-3
2022-01-18 15:16:32.738,18366,18367,18367,2,2
2022-01-18 15:16:32.744,18366,18367,18368,5,5
2022-01-18 15:16:32.744,18366,18367,18368,2,2
2022-01-18 15:16:32.767,18366,18367,18369,5,5
2022-01-18 15:16:32.768,18366,18367,18369,2,2
2022-01-18 15:16:32.797,18369,18370,18370,5,5
2022-01-18 15:16:32.885,18369,18370,18369,1,-1
2022-01-18 15:16:32.885,18369,18370,18368,2,-2
2022-01-18 15:16:32.916,18368,18370,18368,2,-2
2022-01-18 15:16:32.916,18368,18370,18367,1,-1
2022-01-18 15:16:33.340,18368,18370,18368,1,-1
2022-01-18 15:16:33.989,18368,18370,18368,1,-1
2022-01-18 15:16:34.886,18368,18370,18370,1,1
2022-01-18 15:16:38.066,18369,18370,18369,1,-1
2022-01-18 15:16:39.319,18368,18370,18368,1,-1
2022-01-18 15:16:39.407,18367,18369,18369,1,1
2022-01-18 15:16:39.407,18367,18369,18369,1,1
2022-01-18 15:16:39.407,18367,18369,18369,1,1
2022-01-18 15:16:39.408,18367,18369,18369,1,1
2022-01-18 15:16:39.665,18367,18369,18367,1,-1
2022-01-18 15:16:40.780,18368,18369,18368,1,-1
2022-01-18 15:16:41.875,18368,18369,18368,4,-4
2022-01-18 15:16:41.875,18368,18369,18368,1,-1
2022-01-18 15:16:42.683,18366,18368,18368,1,1
2022-01-18 15:16:42.775,18366,18368,18367,1,1
2022-01-18 15:16:42.775,18366,18368,18367,1,1
2022-01-18 15:16:43.420,18366,18368,18368,2,2
2022-01-18 15:16:43.420,18366,18368,18369,2,2
2022-01-18 15:16:50.655,18367,18369,18367,1,-1
2022-01-18 15:16:51.449,18367,18368,18368,1,1
2022-01-18 15:16:51.793,18367,18368,18368,1,1
2022-01-18 15:16:53.465,18367,18368,18367,4,-4
2022-01-18 15:16:53.479,18367,18368,18366,1,-1
2022-01-18 15:16:56.394,18365,18367,18365,2,-2
2022-01-18 15:16:59.428,18365,18366,18366,2,2
2022-01-18 15:17:00.099,18366,18368,18368,1,1
2022-01-18 15:17:00.158,18366,18368,18368,1,1
2022-01-18 15:17:00.158,18366,18368,18368,2,2
2022-01-18 15:17:00.158,18366,18368,18369,1,1
2022-01-18 15:17:00.158,18366,18368,18369,1,1
2022-01-18 15:17:00.159,18366,18368,18369,1,1
2022-01-18 15:17:00.159,18366,18368,18369,1,1
2022-01-18 15:17:00.168,18366,18368,18369,1,1
2022-01-18 15:17:01.282,18367,18369,18369,1,1
2022-01-18 15:17:03.277,18367,18369,18369,2,2
2022-01-18 15:17:07.990,18368,18369,18369,1,1
2022-01-18 15:17:10.290,18368,18370,18370,1,1
2022-01-18 15:17:10.411,18368,18370,18370,1,1
2022-01-18 15:17:12.426,18368,18369,18368,1,-1
2022-01-18 15:17:13.839,18367,18369,18367,1,-1
2022-01-18 15:17:18.601,18367,18368,18368,1,1
2022-01-18 15:17:19.556,18369,18370,18370,14,14
2022-01-18 15:17:19.658,18370,18371,18371,1,1
2022-01-18 15:17:19.658,18370,18371,18371,1,1
2022-01-18 15:17:19.658,18370,18371,18371,1,1
2022-01-18 15:17:19.659,18370,18371,18371,1,1
2022-01-18 15:17:19.659,18370,18371,18371,1,1
2022-01-18 15:17:19.659,18370,18371,18371,1,1
2022-01-18 15:17:19.660,18370,18371,18371,5,5
2022-01-18 15:17:19.660,18370,18371,18372,1,1
2022-01-18 15:17:19.834,18371,18372,18372,1,1
2022-01-18 15:17:19.898,18371,18372,18371,1,-1
2022-01-18 15:17:19.898,18371,18372,18370,2,-2
2022-01-18 15:17:21.835,18371,18372,18371,1,-1
2022-01-18 15:17:24.969,18369,18371,18371,1,1
2022-01-18 15:17:26.691,18370,18371,18370,1,-1
2022-01-18 15:17:28.153,18370,18371,18371,1,1
2022-01-18 15:17:28.158,18370,18371,18371,1,1
2022-01-18 15:17:28.159,18370,18371,18372,1,1
2022-01-18 15:17:28.159,18370,18371,18372,1,1
2022-01-18 15:17:28.429,18370,18371,18370,1,-1
2022-01-18 15:17:29.470,18370,18371,18370,1,-1
2022-01-18 15:17:29.896,18370,18371,18370,1,-1
2022-01-18 15:17:30.032,18369,18371,18369,8,-8
2022-01-18 15:17:30.257,18368,18370,18368,5,-5
2022-01-18 15:17:30.949,18367,18370,18369,1,1
2022-01-18 15:17:31.751,18368,18369,18369,1,1
2022-01-18 15:17:33.937,18368,18369,18368,1,-1
2022-01-18 15:17:34.118,18368,18369,18368,1,-1
2022-01-18 15:17:34.328,18367,18369,18369,1,1
2022-01-18 15:17:34.660,18367,18369,18369,5,5
2022-01-18 15:17:35.179,18367,18369,18369,3,3
2022-01-18 15:17:35.392,18367,18369,18368,1,1
2022-01-18 15:17:37.733,18368,18370,18370,1,1
2022-01-18 15:17:38.087,18368,18370,18368,1,-1
2022-01-18 15:17:38.157,18367,18369,18369,1,1
2022-01-18 15:17:38.216,18367,18369,18367,7,-7
2022-01-18 15:17:39.669,18366,18368,18366,2,-2
2022-01-18 15:17:44.272,18366,18367,18366,15,-15
2022-01-18 15:17:47.164,18365,18366,18366,1,1
2022-01-18 15:17:56.913,18366,18368,18366,1,-1
2022-01-18 15:17:58.718,18366,18367,18366,1,-1
2022-01-18 15:17:59.048,18366,18367,18367,1,1
2022-01-18 15:17:59.049,18366,18367,18367,1,1
2022-01-18 15:18:00.897,18366,18368,18368,1,1
2022-01-18 15:18:00.918,18366,18368,18368,1,1
2022-01-18 15:18:04.612,18367,18368,18367,1,-1
2022-01-18 15:18:04.612,18367,18368,18367,1,-1
2022-01-18 15:18:05.428,18366,18367,18366,2,-2
2022-01-18 15:18:05.429,18366,18367,18366,10,-10
2022-01-18 15:18:05.521,18366,18367,18365,1,-1
2022-01-18 15:18:05.654,18365,18366,18365,1,-1
2022-01-18 15:18:05.654,18365,18366,18364,1,-1
2022-01-18 15:18:05.723,18364,18366,18364,2,-2
2022-01-18 15:18:06.294,18364,18365,18365,1,1
2022-01-18 15:18:06.631,18364,18365,18364,1,-1
2022-01-18 15:18:11.733,18363,18365,18365,3,3
2022-01-18 15:18:14.181,18364,18365,18364,5,-5
2022-01-18 15:18:16.022,18364,18365,18365,1,1
2022-01-18 15:18:17.942,18364,18365,18365,2,2
2022-01-18 15:18:19.012,18364,18365,18365,1,1
2022-01-18 15:18:20.534,18365,18366,18366,2,2
2022-01-18 15:18:29.956,18365,18366,18365,1,-1
2022-01-18 15:18:30.313,18365,18366,18365,4,-4
2022-01-18 15:18:30.313,18365,18366,18364,1,-1
2022-01-18 15:18:36.069,18365,18366,18365,1,-1
2022-01-18 15:18:52.893,18364,18365,18365,1,1
2022-01-18 15:18:53.612,18364,18365,18364,1,-1
2022-01-18 15:18:53.618,18364,18365,18364,2,-2
2022-01-18 15:18:54.715,18363,18364,18364,1,1
2022-01-18 15:18:58.399,18364,18365,18365,1,1
2022-01-18 15:18:58.400,18364,18365,18365,2,2
2022-01-18 15:19:00.187,18365,18366,18366,1,1
2022-01-18 15:19:00.257,18365,18366,18367,1,1
2022-01-18 15:19:01.550,18366,18367,18367,1,1
2022-01-18 15:19:02.369,18367,18368,18367,1,-1
2022-01-18 15:19:02.570,18366,18368,18368,2,2
2022-01-18 15:19:09.781,18367,18368,18367,1,-1
2022-01-18 15:19:10.859,18366,18367,18367,1,1
2022-01-18 15:19:11.414,18366,18367,18367,2,2
2022-01-18 15:19:15.239,18367,18368,18368,1,1
2022-01-18 15:19:17.455,18367,18368,18368,1,1
2022-01-18 15:19:18.612,18367,18368,18368,1,1
2022-01-18 15:19:18.612,18367,18368,18369,11,11
2022-01-18 15:19:18.614,18367,18368,18369,1,1
2022-01-18 15:19:19.921,18369,18370,18369,1,-1
2022-01-18 15:19:19.921,18369,18370,18369,4,-4
2022-01-18 15:19:23.461,18367,18368,18368,4,4
2022-01-18 15:19:29.516,18368,18369,18368,1,-1
2022-01-18 15:19:34.966,18368,18369,18369,3,3
2022-01-18 15:19:34.966,18368,18369,18370,22,22
2022-01-18 15:19:35.148,18370,18371,18370,1,-1
2022-01-18 15:19:39.477,18370,18371,18371,2,2
2022-01-18 15:19:39.591,18370,18371,18371,3,3
2022-01-18 15:19:40.533,18371,18372,18372,5,5
2022-01-18 15:19:40.711,18371,18373,18371,1,-1
2022-01-18 15:19:43.677,18369,18371,18371,1,1
2022-01-18 15:19:44.120,18369,18371,18371,1,1
2022-01-18 15:19:49.651,18370,18371,18371,1,1
2022-01-18 15:19:53.125,18370,18371,18371,2,2
2022-01-18 15:19:58.732,18370,18371,18371,3,3
2022-01-18 15:19:58.732,18370,18371,18372,1,1
2022-01-18 15:19:59.746,18370,18372,18372,2,2
2022-01-18 15:20:00.236,18370,18372,18372,1,1
2022-01-18 15:20:00.258,18370,18372,18372,1,1
2022-01-18 15:20:00.499,18370,18372,18370,1,-1
2022-01-18 15:20:00.499,18370,18372,18370,1,-1
2022-01-18 15:20:00.522,18370,18372,18370,1,-1
2022-01-18 15:20:00.522,18370,18372,18370,1,-1
2022-01-18 15:20:00.533,18369,18371,18369,1,-1
2022-01-18 15:20:00.533,18369,18371,18369,1,-1
2022-01-18 15:20:00.534,18369,18371,18369,1,-1
2022-01-18 15:20:00.552,18369,18371,18369,1,-1
2022-01-18 15:20:00.552,18369,18371,18369,1,-1
2022-01-18 15:20:00.558,18369,18371,18369,1,-1
2022-01-18 15:20:00.559,18369,18371,18369,1,-1
2022-01-18 15:20:00.563,18369,18371,18368,1,-1
2022-01-18 15:20:00.572,18369,18371,18368,1,-1
2022-01-18 15:20:00.573,18369,18371,18368,1,-1
2022-01-18 15:20:00.611,18369,18371,18368,1,-1
2022-01-18 15:20:00.616,18369,18371,18368,1,-1
2022-01-18 15:20:00.851,18368,18369,18368,1,-1
2022-01-18 15:20:00.857,18368,18369,18367,1,-1
2022-01-18 15:20:00.943,18367,18369,18369,1,1
2022-01-18 15:20:01.612,18368,18369,18370,1,1
2022-01-18 15:20:01.623,18368,18369,18368,1,-1
2022-01-18 15:20:04.787,18366,18368,18368,1,1
2022-01-18 15:20:07.018,18366,18368,18368,2,2
2022-01-18 15:20:08.104,18367,18369,18368,1,1
2022-01-18 15:20:09.484,18367,18368,18368,2,2
2022-01-18 15:20:11.644,18367,18368,18368,1,1
2022-01-18 15:20:11.645,18367,18368,18368,3,3
2022-01-18 15:20:13.225,18367,18368,18368,1,1
2022-01-18 15:20:18.459,18368,18370,18368,1,-1
2022-01-18 15:20:19.365,18368,18370,18370,1,1
2022-01-18 15:20:19.887,18370,18371,18371,4,4
2022-01-18 15:20:22.376,18371,18372,18372,3,3
2022-01-18 15:20:22.376,18371,18372,18373,5,5
2022-01-18 15:20:22.445,18372,18373,18373,2,2
2022-01-18 15:20:27.330,18371,18372,18372,1,1
2022-01-18 15:20:28.402,18371,18373,18373,3,3
2022-01-18 15:20:29.485,18371,18372,18372,1,1
2022-01-18 15:20:30.241,18371,18373,18373,1,1
2022-01-18 15:20:35.998,18372,18373,18373,1,1
2022-01-18 15:20:36.091,18372,18373,18373,2,2
2022-01-18 15:20:38.549,18372,18373,18372,4,-4
2022-01-18 15:20:38.549,18372,18373,18371,1,-1
2022-01-18 15:20:40.941,18372,18373,18373,1,1
2022-01-18 15:20:46.383,18372,18373,18373,1,1
2022-01-18 15:20:48.562,18372,18373,18373,1,1
2022-01-18 15:20:50.362,18372,18373,18372,4,-4
2022-01-18 15:20:52.205,18371,18372,18371,1,-1
2022-01-18 15:20:52.205,18371,18372,18371,1,-1
2022-01-18 15:20:52.639,18370,18371,18371,1,1
2022-01-18 15:20:54.581,18370,18371,18370,13,-13
2022-01-18 15:20:59.070,18369,18371,18370,1,1
2022-01-18 15:21:00.456,18369,18371,18371,1,1
2022-01-18 15:21:00.457,18369,18371,18371,1,1
2022-01-18 15:21:01.056,18369,18371,18372,1,1
2022-01-18 15:21:03.072,18369,18372,18370,1,-1
2022-01-18 15:21:03.072,18369,18372,18369,1,-1
2022-01-18 15:21:07.640,18370,18371,18371,1,1
2022-01-18 15:21:09.235,18370,18372,18370,8,-8
2022-01-18 15:21:14.606,18371,18372,18371,1,-1
2022-01-18 15:21:20.518,18371,18372,18372,2,2
2022-01-18 15:21:20.578,18371,18372,18372,1,1
2022-01-18 15:21:26.136,18372,18373,18372,1,-1
2022-01-18 15:21:26.136,18372,18373,18372,3,-3
2022-01-18 15:21:26.136,18372,18373,18372,2,-2
2022-01-18 15:21:26.136,18372,18373,18372,3,-3
2022-01-18 15:21:30.773,18370,18372,18372,1,1
2022-01-18 15:21:33.489,18370,18372,18372,3,3
2022-01-18 15:21:48.315,18371,18372,18372,1,1
2022-01-18 15:21:56.353,18371,18372,18372,1,1
2022-01-18 15:22:00.393,18371,18372,18372,1,1
2022-01-18 15:22:00.414,18371,18372,18372,1,1
2022-01-18 15:22:01.649,18371,18372,18372,2,2
2022-01-18 15:22:02.579,18371,18372,18371,2,-2
2022-01-18 15:22:06.981,18370,18372,18371,1,1
2022-01-18 15:22:06.982,18370,18372,18372,4,4
2022-01-18 15:22:15.022,18370,18372,18372,3,3
2022-01-18 15:22:15.817,18372,18373,18373,1,1
2022-01-18 15:22:21.064,18372,18373,18372,1,-1
2022-01-18 15:22:22.164,18372,18373,18373,1,1
2022-01-18 15:22:22.608,18372,18373,18372,3,-3
2022-01-18 15:22:22.608,18372,18373,18372,1,-1
2022-01-18 15:22:22.608,18372,18373,18372,1,-1
2022-01-18 15:22:22.608,18372,18373,18372,1,-1
2022-01-18 15:22:31.576,18370,18371,18371,1,1
2022-01-18 15:22:39.438,18370,18371,18371,1,1
2022-01-18 15:22:39.439,18370,18371,18371,1,1
2022-01-18 15:22:40.211,18370,18371,18370,1,-1
2022-01-18 15:22:40.212,18370,18371,18370,4,-4
2022-01-18 15:22:41.631,18369,18371,18371,1,1
2022-01-18 15:22:41.951,18369,18371,18369,1,-1
2022-01-18 15:22:50.539,18370,18371,18371,1,1
2022-01-18 15:23:00.432,18370,18372,18372,1,1
2022-01-18 15:23:00.455,18370,18372,18372,1,1
2022-01-18 15:23:05.226,18370,18372,18372,5,5
2022-01-18 15:23:05.456,18372,18373,18373,9,9
2022-01-18 15:23:05.456,18372,18373,18373,1,1
2022-01-18 15:23:05.635,18373,18374,18374,1,1
2022-01-18 15:23:05.635,18373,18374,18374,3,3
2022-01-18 15:23:05.643,18373,18374,18375,1,1
2022-01-18 15:23:05.790,18373,18375,18374,1,1
2022-01-18 15:23:06.637,18370,18372,18372,1,1
2022-01-18 15:23:06.650,18370,18372,18372,1,1
2022-01-18 15:23:06.658,18371,18372,18372,2,2
2022-01-18 15:23:06.690,18371,18372,18373,1,1
2022-01-18 15:23:06.798,18371,18373,18373,1,1
2022-01-18 15:23:06.902,18371,18373,18373,1,1
2022-01-18 15:23:09.068,18372,18373,18372,1,-1
2022-01-18 15:23:09.246,18371,18373,18373,1,1
2022-01-18 15:23:24.936,18372,18373,18372,4,-4
2022-01-18 15:23:27.006,18372,18373,18372,1,-1
2022-01-18 15:23:27.033,18372,18373,18373,1,1
2022-01-18 15:23:27.033,18372,18373,18373,1,1
2022-01-18 15:23:28.966,18372,18373,18373,5,5
2022-01-18 15:23:28.966,18372,18373,18373,1,1
2022-01-18 15:23:29.033,18372,18373,18373,1,1
2022-01-18 15:23:29.185,18372,18373,18373,2,2
2022-01-18 15:23:29.185,18372,18373,18374,13,13
2022-01-18 15:23:29.185,18372,18373,18375,5,5
2022-01-18 15:23:31.705,18372,18373,18373,2,2
2022-01-18 15:23:33.254,18373,18374,18374,1,1
2022-01-18 15:23:34.446,18373,18375,18375,1,1
2022-01-18 15:23:35.959,18374,18375,18375,1,1
2022-01-18 15:23:38.111,18374,18375,18375,16,16
2022-01-18 15:23:39.674,18375,18376,18376,5,5
2022-01-18 15:23:39.783,18375,18376,18376,1,1
2022-01-18 15:23:39.783,18375,18376,18376,1,1
2022-01-18 15:23:39.783,18375,18376,18377,1,1
2022-01-18 15:23:40.089,18376,18377,18377,1,1
2022-01-18 15:23:40.148,18376,18377,18377,1,1
2022-01-18 15:23:40.816,18375,18377,18377,1,1
2022-01-18 15:23:41.548,18375,18377,18377,10,10
2022-01-18 15:23:41.982,18376,18377,18376,1,-1
2022-01-18 15:23:42.523,18376,18377,18377,1,1
2022-01-18 15:23:43.120,18376,18377,18377,1,1
2022-01-18 15:23:43.193,18376,18377,18376,1,-1
2022-01-18 15:23:43.872,18376,18377,18377,1,1
2022-01-18 15:23:44.065,18376,18377,18376,1,-1
2022-01-18 15:23:44.455,18376,18377,18377,1,1
2022-01-18 15:23:46.463,18376,18377,18377,1,1
2022-01-18 15:23:46.729,18376,18377,18376,1,-1
2022-01-18 15:23:49.486,18375,18377,18377,5,5
2022-01-18 15:23:54.073,18375,18376,18375,4,-4
2022-01-18 15:23:55.134,18374,18375,18375,1,1
2022-01-18 15:23:56.466,18374,18375,18374,1,-1
2022-01-18 15:23:57.418,18374,18375,18374,1,-1
2022-01-18 15:24:00.933,18373,18374,18374,1,1
2022-01-18 15:24:00.957,18373,18374,18374,1,1
2022-01-18 15:24:01.685,18373,18374,18374,4,4
2022-01-18 15:24:01.783,18373,18374,18374,1,1
2022-01-18 15:24:01.783,18373,18374,18374,1,1
2022-01-18 15:24:06.944,18374,18375,18374,1,-1
2022-01-18 15:24:09.009,18373,18374,18373,4,-4
2022-01-18 15:24:09.033,18372,18373,18373,1,1
2022-01-18 15:24:09.033,18372,18373,18374,1,1
2022-01-18 15:24:09.033,18372,18373,18374,1,1
2022-01-18 15:24:10.766,18372,18374,18372,1,-1
2022-01-18 15:24:10.804,18372,18374,18374,2,2
2022-01-18 15:24:13.768,18373,18374,18373,1,-1
2022-01-18 15:24:22.662,18372,18373,18372,13,-13
2022-01-18 15:24:22.663,18372,18373,18372,3,-3
2022-01-18 15:24:22.663,18372,18373,18372,1,-1
2022-01-18 15:24:22.663,18372,18373,18372,1,-1
2022-01-18 15:24:24.788,18371,18372,18371,1,-1
2022-01-18 15:24:24.788,18371,18372,18371,3,-3
2022-01-18 15:24:24.789,18371,18372,18371,1,-1
2022-01-18 15:24:24.789,18371,18372,18371,3,-3
2022-01-18 15:24:24.789,18371,18372,18371,1,-1
2022-01-18 15:24:24.789,18371,18372,18371,1,-1
2022-01-18 15:24:24.789,18371,18372,18371,5,-5
2022-01-18 15:24:26.017,18370,18371,18370,3,-3
2022-01-18 15:24:26.076,18369,18371,18369,1,-1
2022-01-18 15:24:26.500,18369,18371,18369,1,-1
2022-01-18 15:24:27.942,18369,18371,18371,1,1
2022-01-18 15:24:28.033,18369,18371,18371,1,1
2022-01-18 15:24:29.711,18370,18372,18370,1,-1
2022-01-18 15:24:32.177,18369,18371,18369,1,-1
2022-01-18 15:24:32.751,18369,18371,18369,1,-1
2022-01-18 15:24:34.752,18369,18370,18369,1,-1
2022-01-18 15:24:37.681,18369,18370,18369,1,-1
2022-01-18 15:24:39.843,18369,18370,18370,1,1
2022-01-18 15:24:39.908,18369,18370,18370,1,1
2022-01-18 15:24:40.316,18369,18371,18371,1,1
2022-01-18 15:24:40.876,18369,18371,18369,1,-1
2022-01-18 15:24:41.994,18370,18371,18371,1,1
2022-01-18 15:24:43.118,18370,18371,18371,1,1
2022-01-18 15:24:44.203,18370,18371,18371,1,1
2022-01-18 15:25:00.383,18370,18371,18371,1,1
2022-01-18 15:25:00.427,18370,18371,18371,1,1
2022-01-18 15:25:00.513,18370,18371,18372,2,2
2022-01-18 15:25:00.556,18370,18372,18372,1,1
2022-01-18 15:25:00.623,18370,18372,18372,1,1
2022-01-18 15:25:00.626,18370,18372,18372,1,1
2022-01-18 15:25:00.639,18370,18372,18372,1,1
2022-01-18 15:25:00.658,18370,18372,18372,1,1
2022-01-18 15:25:00.659,18370,18372,18372,1,1
2022-01-18 15:25:00.659,18370,18372,18373,1,1
2022-01-18 15:25:00.665,18370,18372,18373,1,1
2022-01-18 15:25:00.665,18370,18372,18373,1,1
2022-01-18 15:25:00.673,18370,18372,18373,1,1
2022-01-18 15:25:00.674,18370,18372,18373,1,1
2022-01-18 15:25:00.686,18370,18372,18373,1,1
2022-01-18 15:25:00.699,18370,18372,18373,1,1
2022-01-18 15:25:00.714,18370,18372,18373,1,1
2022-01-18 15:25:00.733,18370,18372,18373,1,1
2022-01-18 15:25:00.756,18370,18372,18373,1,1
2022-01-18 15:25:00.888,18372,18374,18373,1,1
2022-01-18 15:25:00.904,18372,18374,18372,2,-2
2022-01-18 15:25:00.904,18372,18374,18371,1,-1
2022-01-18 15:25:00.907,18371,18373,18373,1,1
2022-01-18 15:25:00.960,18371,18373,18373,1,1
2022-01-18 15:25:00.964,18371,18373,18373,1,1
2022-01-18 15:25:01.047,18371,18373,18373,1,1
2022-01-18 15:25:01.056,18371,18373,18371,1,-1
2022-01-18 15:25:01.115,18371,18373,18373,1,1
2022-01-18 15:25:01.328,18372,18374,18374,1,1
2022-01-18 15:25:05.033,18371,18373,18371,1,-1
2022-01-18 15:25:09.786,18370,18371,18371,1,1
2022-01-18 15:25:09.786,18370,18371,18371,1,1
2022-01-18 15:25:09.786,18370,18371,18371,1,1
2022-01-18 15:25:11.910,18371,18373,18371,1,-1
2022-01-18 15:25:16.469,18371,18372,18372,1,1
2022-01-18 15:25:16.884,18372,18374,18372,1,-1
2022-01-18 15:25:22.315,18373,18374,18374,1,1
2022-01-18 15:25:25.176,18374,18375,18374,1,-1
2022-01-18 15:25:28.376,18373,18374,18374,1,1
2022-01-18 15:25:33.720,18374,18375,18374,1,-1
2022-01-18 15:25:34.765,18374,18375,18375,3,3
2022-01-18 15:25:34.765,18374,18375,18375,1,1
2022-01-18 15:25:35.205,18375,18376,18375,2,-2
2022-01-18 15:25:35.581,18374,18376,18375,1,1
2022-01-18 15:25:35.581,18374,18376,18374,1,-1
2022-01-18 15:25:36.811,18374,18376,18376,5,5
2022-01-18 15:25:38.850,18376,18377,18377,1,1
2022-01-18 15:25:44.578,18376,18377,18377,1,1
2022-01-18 15:25:47.814,18376,18377,18377,1,1
2022-01-18 15:25:51.045,18376,18377,18376,1,-1
2022-01-18 15:25:54.894,18376,18377,18377,2,2
2022-01-18 15:25:55.751,18376,18377,18376,1,-1
2022-01-18 15:25:57.562,18375,18376,18376,1,1
2022-01-18 15:25:57.562,18375,18376,18377,1,1
2022-01-18 15:25:58.485,18375,18377,18375,2,-2
2022-01-18 15:26:00.270,18374,18376,18376,1,1
2022-01-18 15:26:00.302,18374,18376,18376,1,1
2022-01-18 15:26:02.276,18374,18375,18375,1,1
2022-01-18 15:26:03.476,18375,18376,18375,1,-1
2022-01-18 15:26:08.535,18375,18376,18375,1,-1
2022-01-18 15:26:09.533,18375,18376,18376,1,1
2022-01-18 15:26:09.533,18375,18376,18376,4,4
2022-01-18 15:26:11.503,18376,18377,18376,1,-1
2022-01-18 15:26:13.888,18375,18377,18376,1,1
2022-01-18 15:26:19.080,18376,18377,18376,1,-1
2022-01-18 15:26:21.262,18376,18377,18376,1,-1
2022-01-18 15:26:22.303,18376,18377,18377,13,13
2022-01-18 15:26:27.122,18377,18378,18378,1,1
2022-01-18 15:26:27.143,18377,18378,18377,1,-1
2022-01-18 15:26:27.458,18377,18378,18378,1,1
2022-01-18 15:26:27.483,18377,18378,18378,1,1
2022-01-18 15:26:27.491,18377,18378,18378,1,1
2022-01-18 15:26:27.533,18377,18378,18378,1,1
2022-01-18 15:26:28.468,18377,18378,18378,1,1
2022-01-18 15:26:29.335,18376,18378,18378,1,1
2022-01-18 15:26:30.854,18376,18378,18378,1,1
2022-01-18 15:26:33.149,18377,18378,18377,1,-1
2022-01-18 15:26:34.396,18377,18378,18377,2,-2
2022-01-18 15:26:35.643,18377,18378,18377,2,-2
2022-01-18 15:26:37.682,18377,18378,18378,2,2
2022-01-18 15:26:39.113,18377,18378,18377,1,-1
2022-01-18 15:26:40.200,18377,18378,18378,1,1
2022-01-18 15:26:40.200,18377,18378,18378,12,12
2022-01-18 15:26:40.201,18377,18378,18378,1,1
2022-01-18 15:26:40.201,18377,18378,18378,2,2
2022-01-18 15:26:40.656,18378,18379,18378,1,-1
2022-01-18 15:26:50.414,18378,18379,18378,1,-1
2022-01-18 15:26:50.878,18377,18378,18378,1,1
2022-01-18 15:26:50.878,18377,18378,18379,9,9
2022-01-18 15:26:51.019,18378,18379,18379,1,1
2022-01-18 15:26:51.020,18378,18379,18379,3,3
2022-01-18 15:26:51.020,18378,18379,18380,3,3
2022-01-18 15:26:51.020,18378,18379,18380,10,10
2022-01-18 15:26:51.050,18379,18380,18380,5,5
2022-01-18 15:26:51.091,18379,18380,18380,1,1
2022-01-18 15:26:51.091,18379,18380,18381,6,6
2022-01-18 15:26:51.091,18379,18380,18381,2,2
2022-01-18 15:26:51.092,18379,18380,18381,7,7
2022-01-18 15:26:51.154,18379,18380,18382,1,1
2022-01-18 15:26:51.156,18380,18382,18382,1,1
2022-01-18 15:26:51.161,18380,18382,18382,1,1
2022-01-18 15:26:51.171,18380,18382,18382,1,1
2022-01-18 15:26:51.175,18380,18382,18382,1,1
2022-01-18 15:26:51.182,18380,18382,18382,1,1
2022-01-18 15:26:51.191,18380,18382,18382,1,1
2022-01-18 15:26:51.203,18380,18382,18382,1,1
2022-01-18 15:26:51.204,18380,18382,18382,1,1
2022-01-18 15:26:51.208,18380,18382,18382,1,1
2022-01-18 15:26:51.316,18380,18382,18380,3,-3
2022-01-18 15:26:51.338,18380,18382,18382,1,1
2022-01-18 15:26:53.902,18379,18381,18379,1,-1
2022-01-18 15:26:54.883,18379,18381,18381,1,1
2022-01-18 15:26:56.902,18379,18381,18381,1,1
2022-01-18 15:26:59.373,18379,18381,18379,2,-2
2022-01-18 15:27:00.218,18379,18380,18380,1,1
2022-01-18 15:27:00.251,18379,18380,18380,1,1
2022-01-18 15:27:00.251,18379,18380,18381,1,1
2022-01-18 15:27:00.251,18379,18380,18381,2,2
2022-01-18 15:27:00.291,18379,18381,18381,1,1
2022-01-18 15:27:00.291,18379,18381,18381,4,4
2022-01-18 15:27:00.632,18379,18381,18381,1,1
2022-01-18 15:27:00.633,18379,18381,18381,1,1
2022-01-18 15:27:01.075,18380,18382,18382,2,2
2022-01-18 15:27:01.242,18380,18382,18382,1,1
2022-01-18 15:27:01.966,18381,18382,18382,2,2
2022-01-18 15:27:05.583,18381,18382,18382,3,3
2022-01-18 15:27:05.784,18381,18382,18382,1,1
2022-01-18 15:27:08.852,18381,18382,18381,1,-1
2022-01-18 15:27:11.100,18381,18382,18381,1,-1
2022-01-18 15:27:11.158,18381,18382,18382,1,1
2022-01-18 15:27:12.284,18381,18382,18382,1,1
2022-01-18 15:27:12.285,18381,18382,18382,2,2
2022-01-18 15:27:12.285,18381,18382,18382,6,6
2022-01-18 15:27:12.285,18381,18382,18382,2,2
2022-01-18 15:27:12.286,18381,18382,18382,1,1
2022-01-18 15:27:12.772,18381,18382,18381,1,-1
2022-01-18 15:27:12.797,18381,18382,18382,2,2
2022-01-18 15:27:12.797,18381,18382,18382,2,2
2022-01-18 15:27:12.797,18381,18382,18383,1,1
2022-01-18 15:27:13.081,18381,18383,18383,1,1
2022-01-18 15:27:13.089,18381,18383,18383,1,1
2022-01-18 15:27:13.668,18381,18383,18383,2,2
2022-01-18 15:27:14.157,18381,18383,18383,3,3
2022-01-18 15:27:15.591,18381,18383,18382,1,1
2022-01-18 15:27:16.901,18382,18383,18382,1,-1
2022-01-18 15:27:19.226,18381,18382,18381,9,-9
2022-01-18 15:27:19.389,18380,18381,18380,1,-1
2022-01-18 15:27:24.235,18380,18381,18381,1,1
2022-01-18 15:27:25.093,18379,18381,18381,2,2
2022-01-18 15:27:25.445,18379,18381,18381,3,3
2022-01-18 15:27:26.572,18379,18381,18381,2,2
2022-01-18 15:27:30.313,18379,18381,18381,2,2
2022-01-18 15:27:30.408,18379,18381,18381,1,1
2022-01-18 15:27:30.409,18379,18381,18381,1,1
2022-01-18 15:27:32.638,18379,18381,18379,5,-5
2022-01-18 15:27:36.472,18379,18380,18379,1,-1
2022-01-18 15:27:38.035,18379,18380,18379,1,-1
2022-01-18 15:27:38.720,18378,18380,18380,1,1
2022-01-18 15:27:44.661,18378,18379,18379,2,2
2022-01-18 15:27:44.712,18378,18379,18379,1,1
2022-01-18 15:27:45.546,18378,18379,18378,29,-29
2022-01-18 15:27:46.412,18376,18378,18378,1,1
2022-01-18 15:27:53.359,18376,18378,18376,5,-5
2022-01-18 15:27:53.408,18376,18378,18378,1,1
2022-01-18 15:27:53.430,18376,18378,18376,1,-1
2022-01-18 15:27:59.139,18376,18378,18376,1,-1
2022-01-18 15:28:00.475,18376,18378,18378,1,1
2022-01-18 15:28:00.497,18376,18378,18378,1,1
2022-01-18 15:28:00.904,18376,18378,18378,1,1
2022-01-18 15:28:01.229,18376,18378,18378,1,1
2022-01-18 15:28:01.270,18376,18378,18378,1,1
2022-01-18 15:28:01.277,18376,18378,18378,1,1
2022-01-18 15:28:01.282,18376,18378,18378,1,1
2022-01-18 15:28:01.283,18376,18378,18378,1,1
2022-01-18 15:28:01.283,18376,18378,18379,1,1
2022-01-18 15:28:01.284,18376,18378,18379,1,1
2022-01-18 15:28:02.225,18377,18379,18379,1,1
2022-01-18 15:28:02.252,18377,18379,18379,1,1
2022-01-18 15:28:09.908,18377,18378,18378,2,2
2022-01-18 15:28:09.909,18377,18378,18378,11,11
2022-01-18 15:28:13.930,18376,18378,18376,1,-1
2022-01-18 15:28:14.032,18376,18378,18378,1,1
2022-01-18 15:28:14.033,18376,18378,18379,1,1
2022-01-18 15:28:14.033,18376,18378,18379,1,1
2022-01-18 15:28:17.851,18378,18379,18378,3,-3
2022-01-18 15:28:17.852,18378,18379,18377,5,-5
2022-01-18 15:28:17.852,18378,18379,18376,5,-5
2022-01-18 15:28:17.853,18378,18379,18376,1,-1
2022-01-18 15:28:17.853,18378,18379,18376,1,-1
2022-01-18 15:28:17.860,18378,18379,18376,2,-2
2022-01-18 15:28:17.861,18378,18379,18376,2,-2
2022-01-18 15:28:17.983,18376,18377,18376,1,-1
2022-01-18 15:28:17.983,18376,18377,18375,2,-2
2022-01-18 15:28:18.099,18375,18376,18375,7,-7
2022-01-18 15:28:18.158,18374,18375,18375,1,1
2022-01-18 15:28:18.158,18374,18375,18375,1,1
2022-01-18 15:28:18.176,18374,18375,18375,1,1
2022-01-18 15:28:18.283,18374,18376,18374,3,-3
2022-01-18 15:28:18.624,18374,18376,18374,1,-1
2022-01-18 15:28:18.727,18374,18376,18374,3,-3
2022-01-18 15:28:19.336,18374,18376,18374,3,-3
2022-01-18 15:28:19.756,18376,18378,18376,3,-3
2022-01-18 15:28:19.798,18376,18378,18376,1,-1
2022-01-18 15:28:20.262,18376,18378,18376,1,-1
2022-01-18 15:28:29.279,18375,18376,18376,1,1
2022-01-18 15:28:29.564,18375,18376,18376,1,1
2022-01-18 15:28:35.434,18376,18377,18377,1,1
2022-01-18 15:28:35.533,18377,18378,18378,1,1
2022-01-18 15:28:35.533,18377,18378,18378,1,1
2022-01-18 15:28:35.533,18377,18378,18379,1,1
2022-01-18 15:28:35.993,18377,18379,18377,3,-3
2022-01-18 15:28:36.319,18377,18379,18377,1,-1
2022-01-18 15:28:36.319,18377,18379,18376,2,-2
2022-01-18 15:28:39.645,18376,18378,18378,1,1
2022-01-18 15:28:39.658,18377,18379,18379,1,1
2022-01-18 15:28:39.659,18377,18379,18379,1,1
2022-01-18 15:28:39.762,18377,18379,18377,3,-3
2022-01-18 15:28:55.566,18378,18379,18378,2,-2
2022-01-18 15:28:56.633,18377,18379,18379,1,1
2022-01-18 15:28:56.677,18378,18379,18379,1,1
2022-01-18 15:28:56.880,18378,18379,18379,1,1
2022-01-18 15:29:00.773,18378,18380,18380,1,1
2022-01-18 15:29:00.791,18378,18380,18380,1,1
2022-01-18 15:29:00.988,18378,18380,18380,1,1
2022-01-18 15:29:01.273,18378,18380,18380,2,2
2022-01-18 15:29:01.507,18379,18380,18380,1,1
2022-01-18 15:29:01.510,18379,18380,18380,2,2
2022-01-18 15:29:01.810,18379,18381,18381,1,1
2022-01-18 15:29:02.304,18379,18381,18381,1,1
2022-01-18 15:29:02.651,18379,18380,18380,2,2
2022-01-18 15:29:03.020,18379,18381,18381,1,1
2022-01-18 15:29:03.319,18379,18381,18381,1,1
2022-01-18 15:29:03.505,18380,18382,18380,1,-1
2022-01-18 15:29:03.505,18380,18382,18379,2,-2
2022-01-18 15:29:05.214,18380,18381,18380,3,-3
2022-01-18 15:29:06.241,18379,18381,18381,2,2
2022-01-18 15:29:07.084,18379,18382,18382,4,4
2022-01-18 15:29:08.793,18380,18382,18382,1,1
2022-01-18 15:29:11.732,18380,18382,18380,1,-1
2022-01-18 15:29:14.219,18379,18380,18380,2,2
2022-01-18 15:29:20.003,18379,18381,18381,1,1
2022-01-18 15:29:26.136,18380,18381,18381,1,1
2022-01-18 15:29:28.733,18380,18381,18381,3,3
2022-01-18 15:29:30.408,18380,18382,18380,1,-1
2022-01-18 15:29:30.713,18380,18382,18380,1,-1
2022-01-18 15:29:33.668,18381,18382,18381,1,-1
2022-01-18 15:29:37.605,18380,18381,18381,1,1
2022-01-18 15:29:38.925,18380,18382,18381,1,1
2022-01-18 15:29:39.310,18380,18382,18380,1,-1
2022-01-18 15:29:44.274,18380,18381,18380,1,-1
2022-01-18 15:29:49.559,18380,18381,18381,1,1
2022-01-18 15:29:51.765,18380,18381,18381,1,1
2022-01-18 15:30:02.345,18380,18381,18380,1,-1
2022-01-18 15:30:02.698,18380,18381,18381,2,2
2022-01-18 15:30:02.698,18380,18381,18382,6,6
2022-01-18 15:30:02.704,18380,18381,18382,1,1
2022-01-18 15:30:02.709,18380,18381,18382,1,1
2022-01-18 15:30:02.716,18380,18381,18382,1,1
2022-01-18 15:30:02.734,18380,18381,18382,1,1
2022-01-18 15:30:02.738,18380,18381,18382,1,1
2022-01-18 15:30:02.739,18380,18381,18382,2,2
2022-01-18 15:30:02.748,18380,18381,18382,1,1
2022-01-18 15:30:02.758,18380,18381,18382,1,1
2022-01-18 15:30:02.758,18380,18381,18382,15,15
2022-01-18 15:30:02.766,18380,18381,18383,1,1
2022-01-18 15:30:02.766,18380,18381,18383,3,3
2022-01-18 15:30:02.767,18380,18381,18383,1,1
2022-01-18 15:30:02.767,18380,18381,18383,5,5
2022-01-18 15:30:02.767,18380,18381,18383,3,3
2022-01-18 15:30:02.767,18380,18381,18383,1,1
2022-01-18 15:30:02.768,18380,18381,18383,3,3
2022-01-18 15:30:02.768,18380,18381,18383,1,1
2022-01-18 15:30:02.768,18380,18381,18383,3,3
2022-01-18 15:30:02.806,18383,18384,18384,1,1
2022-01-18 15:30:02.891,18383,18384,18384,1,1
2022-01-18 15:30:02.893,18383,18384,18384,1,1
2022-01-18 15:30:02.934,18383,18384,18384,1,1
2022-01-18 15:30:03.037,18383,18384,18384,9,9
2022-01-18 15:30:03.042,18383,18384,18385,1,1
2022-01-18 15:30:03.050,18383,18384,18385,1,1
2022-01-18 15:30:03.064,18383,18384,18385,1,1
2022-01-18 15:30:03.192,18384,18385,18385,1,1
2022-01-18 15:30:03.210,18384,18385,18385,1,1
2022-01-18 15:30:03.222,18384,18385,18385,1,1
2022-01-18 15:30:03.226,18384,18385,18385,1,1
2022-01-18 15:30:03.227,18384,18385,18385,2,2
2022-01-18 15:30:03.229,18384,18385,18385,1,1
2022-01-18 15:30:03.229,18384,18385,18385,7,7
2022-01-18 15:30:03.233,18384,18385,18385,1,1
2022-01-18 15:30:03.233,18384,18385,18385,1,1
2022-01-18 15:30:03.235,18384,18385,18385,1,1
2022-01-18 15:30:03.235,18384,18385,18385,1,1
2022-01-18 15:30:03.241,18384,18385,18385,1,1
2022-01-18 15:30:03.247,18384,18385,18385,7,7
2022-01-18 15:30:03.247,18384,18385,18386,3,3
2022-01-18 15:30:03.274,18384,18385,18386,2,2
2022-01-18 15:30:03.275,18384,18385,18386,1,1
2022-01-18 15:30:03.484,18385,18386,18386,2,2
2022-01-18 15:30:03.512,18385,18386,18386,1,1
2022-01-18 15:30:03.538,18385,18387,18386,1,1
2022-01-18 15:30:03.539,18385,18387,18386,1,1
2022-01-18 15:30:03.705,18385,18387,18385,2,-2
2022-01-18 15:30:03.712,18385,18387,18387,1,1
2022-01-18 15:30:03.712,18385,18387,18387,1,1
2022-01-18 15:30:03.715,18385,18387,18387,1,1
2022-01-18 15:30:03.720,18385,18387,18387,1,1
2022-01-18 15:30:03.727,18385,18387,18387,1,1
2022-01-18 15:30:03.754,18385,18387,18385,4,-4
2022-01-18 15:30:03.808,18385,18387,18387,1,1
2022-01-18 15:30:03.852,18385,18387,18387,1,1
2022-01-18 15:30:04.013,18385,18387,18387,5,5
2022-01-18 15:30:04.013,18385,18387,18388,5,5
2022-01-18 15:30:04.062,18386,18388,18386,1,-1
2022-01-18 15:30:04.222,18385,18386,18385,1,-1
2022-01-18 15:30:04.301,18385,18386,18385,1,-1
2022-01-18 15:30:04.302,18385,18386,18385,6,-6
2022-01-18 15:30:04.720,18382,18384,18384,8,8
2022-01-18 15:30:05.420,18383,18384,18384,1,1
2022-01-18 15:30:05.429,18383,18384,18383,1,-1
2022-01-18 15:30:05.429,18383,18384,18384,3,3
2022-01-18 15:30:06.174,18384,18385,18384,3,-3
2022-01-18 15:30:06.175,18384,18385,18385,2,2
2022-01-18 15:30:07.102,18383,18385,18385,2,2
2022-01-18 15:30:07.158,18383,18385,18385,1,1
2022-01-18 15:30:09.646,18382,18384,18384,1,1
2022-01-18 15:30:10.201,18382,18384,18384,1,1
2022-01-18 15:30:11.897,18383,18384,18383,1,-1
2022-01-18 15:30:14.266,18383,18384,18383,1,-1
2022-01-18 15:30:15.734,18382,18383,18382,2,-2
2022-01-18 15:30:20.191,18382,18383,18383,1,1
2022-01-18 15:30:22.409,18382,18383,18382,2,-2
2022-01-18 15:30:22.409,18382,18383,18382,1,-1
2022-01-18 15:30:22.409,18382,18383,18382,2,-2
2022-01-18 15:30:22.533,18381,18382,18382,1,1
2022-01-18 15:30:22.533,18381,18382,18382,1,1
2022-01-18 15:30:22.533,18381,18382,18382,1,1
2022-01-18 15:30:22.533,18381,18382,18382,1,1
2022-01-18 15:30:22.534,18381,18382,18382,1,1
2022-01-18 15:30:22.534,18381,18382,18383,1,1
2022-01-18 15:30:27.214,18381,18382,18381,1,-1
2022-01-18 15:30:28.883,18381,18382,18382,1,1
2022-01-18 15:30:28.907,18381,18382,18382,1,1
2022-01-18 15:30:28.908,18381,18382,18382,1,1
2022-01-18 15:30:29.533,18381,18382,18382,1,1
2022-01-18 15:30:33.321,18382,18383,18383,1,1
2022-01-18 15:30:33.321,18382,18383,18383,3,3
2022-01-18 15:30:34.212,18382,18384,18382,2,-2
2022-01-18 15:30:36.401,18383,18384,18384,1,1
2022-01-18 15:30:41.260,18383,18384,18383,1,-1
2022-01-18 15:30:41.282,18382,18384,18384,1,1
2022-01-18 15:30:41.283,18382,18384,18384,1,1
2022-01-18 15:30:44.168,18382,18384,18384,5,5
2022-01-18 15:30:45.077,18383,18384,18383,1,-1
2022-01-18 15:30:45.279,18382,18383,18384,1,1
2022-01-18 15:30:46.669,18382,18384,18382,1,-1
2022-01-18 15:30:48.162,18382,18384,18384,1,1
2022-01-18 15:30:48.283,18382,18384,18384,1,1
2022-01-18 15:30:48.283,18382,18384,18384,1,1
2022-01-18 15:30:48.284,18382,18384,18384,1,1
2022-01-18 15:30:48.848,18382,18384,18382,5,-5
2022-01-18 15:30:49.733,18382,18383,18382,8,-8
2022-01-18 15:30:50.580,18381,18382,18382,4,4
2022-01-18 15:30:55.083,18381,18383,18381,1,-1
2022-01-18 15:31:00.281,18381,18382,18382,1,1
2022-01-18 15:31:00.307,18381,18382,18382,1,1
2022-01-18 15:31:01.555,18381,18382,18381,3,-3
2022-01-18 15:31:01.658,18380,18381,18381,1,1
2022-01-18 15:31:01.658,18380,18381,18382,1,1
2022-01-18 15:31:03.160,18380,18381,18380,10,-10
2022-01-18 15:31:11.560,18379,18380,18380,1,1
2022-01-18 15:31:16.670,18379,18380,18379,1,-1
2022-01-18 15:31:16.783,18379,18380,18380,1,1
2022-01-18 15:31:16.783,18379,18380,18380,1,1
2022-01-18 15:31:16.783,18379,18380,18380,1,1
2022-01-18 15:31:16.783,18379,18380,18381,1,1
2022-01-18 15:31:20.985,18380,18381,18381,6,6
2022-01-18 15:31:21.033,18380,18381,18381,1,1
2022-01-18 15:31:21.034,18380,18381,18382,1,1
2022-01-18 15:31:22.260,18381,18382,18381,1,-1
2022-01-18 15:31:34.576,18380,18382,18380,1,-1
2022-01-18 15:31:36.509,18380,18381,18380,1,-1
2022-01-18 15:31:39.565,18380,18381,18381,1,1
2022-01-18 15:31:40.472,18380,18381,18380,5,-5
2022-01-18 15:31:48.219,18379,18381,18379,5,-5
2022-01-18 15:32:00.417,18380,18381,18380,1,-1
2022-01-18 15:32:00.417,18380,18381,18379,4,-4
2022-01-18 15:32:01.020,18379,18381,18381,1,1
2022-01-18 15:32:01.029,18379,18381,18381,1,1
2022-01-18 15:32:01.510,18379,18381,18381,1,1
2022-01-18 15:32:10.907,18380,18382,18382,5,5
2022-01-18 15:32:14.053,18381,18382,18381,1,-1
2022-01-18 15:32:16.672,18380,18382,18380,4,-4
2022-01-18 15:32:23.898,18381,18382,18381,1,-1
2022-01-18 15:32:31.992,18382,18383,18383,1,1
2022-01-18 15:32:41.377,18382,18384,18384,2,2
2022-01-18 15:32:45.186,18383,18384,18383,1,-1
2022-01-18 15:32:52.047,18380,18382,18382,1,1
2022-01-18 15:32:53.971,18381,18382,18381,1,-1
2022-01-18 15:32:55.294,18380,18381,18380,9,-9
2022-01-18 15:32:55.742,18379,18380,18380,1,1
2022-01-18 15:32:56.979,18379,18381,18380,1,1
2022-01-18 15:32:57.200,18379,18381,18379,5,-5
2022-01-18 15:33:00.979,18379,18381,18381,1,1
2022-01-18 15:33:00.991,18379,18381,18381,1,1
2022-01-18 15:33:03.076,18380,18381,18380,1,-1
2022-01-18 15:33:17.732,18379,18380,18380,1,1
2022-01-18 15:33:28.105,18379,18380,18379,3,-3
2022-01-18 15:33:28.121,18379,18380,18379,3,-3
2022-01-18 15:33:40.024,18378,18379,18378,5,-5
2022-01-18 15:33:41.849,18378,18379,18378,1,-1
2022-01-18 15:33:52.144,18378,18379,18378,4,-4
2022-01-18 15:33:54.222,18378,18379,18378,4,-4
2022-01-18 15:33:54.223,18378,18379,18378,1,-1
2022-01-18 15:33:59.955,18377,18379,18378,1,1
2022-01-18 15:34:00.288,18378,18379,18379,1,1
2022-01-18 15:34:00.321,18378,18379,18379,1,1
2022-01-18 15:34:00.408,18378,18379,18379,1,1
2022-01-18 15:34:00.409,18378,18379,18379,2,2
2022-01-18 15:34:00.409,18378,18379,18380,1,1
2022-01-18 15:34:00.409,18378,18379,18380,1,1
2022-01-18 15:34:00.409,18378,18379,18380,1,1
2022-01-18 15:34:00.409,18378,18379,18380,1,1
2022-01-18 15:34:01.151,18379,18380,18379,1,-1
2022-01-18 15:34:04.712,18379,18380,18379,1,-1
2022-01-18 15:34:05.305,18378,18380,18378,1,-1
2022-01-18 15:34:06.274,18377,18378,18378,1,1
2022-01-18 15:34:10.534,18378,18379,18379,1,1
2022-01-18 15:34:10.658,18379,18380,18380,1,1
2022-01-18 15:34:10.658,18379,18380,18380,1,1
2022-01-18 15:34:34.257,18380,18381,18380,1,-1
2022-01-18 15:34:35.496,18380,18381,18380,1,-1
2022-01-18 15:34:35.533,18378,18380,18380,1,1
2022-01-18 15:34:35.533,18378,18380,18380,1,1
2022-01-18 15:34:37.262,18378,18380,18378,1,-1
2022-01-18 15:34:51.286,18380,18381,18380,1,-1
2022-01-18 15:34:51.478,18380,18381,18380,1,-1
2022-01-18 15:34:51.508,18380,18381,18380,1,-1
2022-01-18 15:34:57.032,18380,18381,18380,1,-1
2022-01-18 15:34:57.158,18379,18380,18380,1,1
2022-01-18 15:35:00.240,18379,18380,18380,1,1
2022-01-18 15:35:00.240,18379,18380,18380,1,1
2022-01-18 15:35:00.596,18379,18381,18381,1,1
2022-01-18 15:35:00.628,18379,18381,18381,1,1
2022-01-18 15:35:01.766,18379,18380,18380,1,1
2022-01-18 15:35:02.076,18379,18380,18380,1,1
2022-01-18 15:35:02.077,18379,18380,18380,2,2
2022-01-18 15:35:28.244,18380,18381,18380,1,-1
2022-01-18 15:35:34.251,18380,18381,18380,2,-2
2022-01-18 15:35:49.719,18379,18380,18380,1,1
2022-01-18 15:35:50.637,18379,18380,18380,1,1
2022-01-18 15:35:50.637,18379,18380,18380,1,1
2022-01-18 15:36:02.161,18379,18380,18380,1,1
2022-01-18 15:36:12.325,18379,18381,18379,1,-1
2022-01-18 15:36:18.438,18379,18380,18379,1,-1
2022-01-18 15:36:19.216,18379,18380,18379,2,-2
2022-01-18 15:36:32.902,18378,18379,18378,1,-1
2022-01-18 15:36:36.421,18378,18379,18379,1,1
2022-01-18 15:36:55.565,18378,18379,18378,1,-1
2022-01-18 15:37:02.245,18378,18379,18378,1,-1
2022-01-18 15:37:08.099,18378,18379,18379,1,1
2022-01-18 15:37:13.727,18378,18379,18379,1,1
2022-01-18 15:37:14.196,18379,18380,18379,1,-1
2022-01-18 15:37:39.957,18378,18379,18378,3,-3
2022-01-18 15:37:52.197,18378,18379,18378,4,-4
2022-01-18 15:37:56.742,18378,18379,18378,1,-1
2022-01-18 15:37:57.802,18377,18379,18377,1,-1
2022-01-18 15:37:58.013,18377,18379,18377,1,-1
2022-01-18 15:37:58.647,18377,18379,18379,2,2
2022-01-18 15:38:05.833,18378,18379,18379,4,4
2022-01-18 15:38:05.834,18378,18379,18379,1,1
2022-01-18 15:38:05.834,18378,18379,18379,1,1
2022-01-18 15:38:05.834,18378,18379,18379,1,1
2022-01-18 15:38:05.834,18378,18379,18379,1,1
2022-01-18 15:38:05.834,18378,18379,18379,2,2
2022-01-18 15:38:05.834,18378,18379,18379,1,1
2022-01-18 15:38:05.834,18378,18379,18379,4,4
2022-01-18 15:38:21.986,18379,18380,18380,11,11
2022-01-18 15:38:27.650,18379,18380,18380,1,1
2022-01-18 15:38:30.566,18379,18380,18380,1,1
2022-01-18 15:38:30.976,18380,18381,18380,1,-1
2022-01-18 15:38:43.912,18380,18381,18380,1,-1
2022-01-18 15:38:48.667,18379,18380,18380,1,1
2022-01-18 15:38:53.154,18379,18380,18380,1,1
2022-01-18 15:38:56.977,18380,18381,18381,1,1
2022-01-18 15:38:59.452,18380,18381,18380,1,-1
2022-01-18 15:39:00.810,18379,18380,18380,1,1
2022-01-18 15:39:04.908,18380,18381,18380,1,-1
2022-01-18 15:39:05.049,18379,18380,18379,3,-3
2022-01-18 15:39:05.142,18379,18380,18380,1,1
2022-01-18 15:39:19.961,18379,18380,18380,2,2
2022-01-18 15:39:20.586,18379,18380,18380,1,1
2022-01-18 15:39:25.441,18379,18380,18379,6,-6
2022-01-18 15:39:35.995,18378,18379,18379,1,1
2022-01-18 15:39:52.182,18379,18380,18379,1,-1
2022-01-18 15:40:16.464,18379,18380,18380,7,7
2022-01-18 15:40:16.892,18379,18381,18381,1,1
2022-01-18 15:40:17.127,18379,18381,18379,1,-1
2022-01-18 15:40:17.158,18379,18381,18381,1,1
2022-01-18 15:40:19.486,18379,18381,18379,1,-1
2022-01-18 15:40:38.289,18379,18380,18379,1,-1
2022-01-18 15:41:03.355,18379,18380,18380,11,11
2022-01-18 15:41:03.356,18379,18380,18380,4,4
2022-01-18 15:41:03.409,18380,18381,18381,1,1
2022-01-18 15:41:03.755,18380,18381,18381,6,6
2022-01-18 15:41:03.755,18380,18381,18381,1,1
2022-01-18 15:41:04.876,18380,18382,18382,3,3
2022-01-18 15:41:09.505,18381,18382,18381,1,-1
