2020-07-13,15:00:00.058000,12190,12191,12191,80
2020-07-13,15:00:00.069000,12190,12191,12191,1
2020-07-13,15:00:00.135000,12190,12191,12190,10
2020-07-13,15:00:00.226000,12190,12191,12190,1
2020-07-13,15:00:00.324000,12190,12191,12191,20
2020-07-13,15:00:00.327000,12190,12191,12191,1
2020-07-13,15:00:00.347000,12190,12191,12190,10
2020-07-13,15:00:00.348000,12190,12191,12190,2
2020-07-13,15:00:00.358000,12190,12191,12191,10
2020-07-13,15:00:00.465000,12190,12191,12190,2
2020-07-13,15:00:00.479000,12190,12191,12190,1
2020-07-13,15:00:00.491000,12190,12191,12191,1
2020-07-13,15:00:00.527000,12190,12191,12190,1
2020-07-13,15:00:00.578000,12190,12191,12190,6
2020-07-13,15:00:00.578000,12190,12191,12190,1
2020-07-13,15:00:00.585000,12190,12191,12189,6
2020-07-13,15:00:00.606000,12190,12191,12189,8
2020-07-13,15:00:00.613000,12190,12191,12189,3
2020-07-13,15:00:00.631000,12188,12190,12189,2
2020-07-13,15:00:00.646000,12188,12190,12189,3
2020-07-13,15:00:00.653000,12188,12190,12188,2
2020-07-13,15:00:00.714000,12188,12190,12188,1
2020-07-13,15:00:00.751000,12188,12190,12190,1
2020-07-13,15:00:00.764000,12188,12190,12188,1
2020-07-13,15:00:00.815000,12188,12190,12190,1
2020-07-13,15:00:00.824000,12188,12190,12188,1
2020-07-13,15:00:00.857000,12188,12190,12190,2
2020-07-13,15:00:00.860000,12188,12190,12190,1
2020-07-13,15:00:00.868000,12188,12190,12189,2
2020-07-13,15:00:00.887000,12189,12190,12189,2
2020-07-13,15:00:00.941000,12189,12190,12190,1
2020-07-13,15:00:00.950000,12189,12190,12189,4
2020-07-13,15:00:00.953000,12189,12190,12190,4
2020-07-13,15:00:01.030000,12189,12191,12189,2
2020-07-13,15:00:01.216000,12188,12190,12188,2
2020-07-13,15:00:01.322000,12188,12190,12189,1
2020-07-13,15:00:01.453000,12189,12190,12189,3
2020-07-13,15:00:01.542000,12189,12190,12189,2
2020-07-13,15:00:01.542000,12189,12190,12188,1
2020-07-13,15:00:01.668000,12188,12190,12188,5
2020-07-13,15:00:01.733000,12188,12190,12188,3
2020-07-13,15:00:01.828000,12188,12189,12189,1
2020-07-13,15:00:01.860000,12188,12189,12188,3
2020-07-13,15:00:01.864000,12188,12189,12189,1
2020-07-13,15:00:01.915000,12188,12190,12188,1
2020-07-13,15:00:01.966000,12188,12190,12188,3
2020-07-13,15:00:01.972000,12188,12190,12188,6
2020-07-13,15:00:02.055000,12187,12189,12189,1
2020-07-13,15:00:02.164000,12187,12189,12187,1
2020-07-13,15:00:02.329000,12187,12189,12187,1
2020-07-13,15:00:02.332000,12187,12189,12188,2
2020-07-13,15:00:02.438000,12187,12189,12189,4
2020-07-13,15:00:02.683000,12188,12190,12188,3
2020-07-13,15:00:02.690000,12188,12190,12188,1
2020-07-13,15:00:02.707000,12188,12190,12188,5
2020-07-13,15:00:02.844000,12188,12190,12190,8
2020-07-13,15:00:02.918000,12188,12190,12189,5
2020-07-13,15:00:03.096000,12188,12190,12190,1
2020-07-13,15:00:03.210000,12188,12190,12190,2
2020-07-13,15:00:03.470000,12188,12189,12188,1
2020-07-13,15:00:03.538000,12188,12189,12188,2
2020-07-13,15:00:03.610000,12188,12189,12189,1
2020-07-13,15:00:04.078000,12188,12190,12190,1
2020-07-13,15:00:04.706000,12189,12191,12189,1
2020-07-13,15:00:05.153000,12189,12190,12190,1
2020-07-13,15:00:05.153000,12189,12190,12191,4
2020-07-13,15:00:05.285000,12189,12191,12191,3
2020-07-13,15:00:05.494000,12189,12191,12189,1
2020-07-13,15:00:05.513000,12189,12191,12189,1
2020-07-13,15:00:05.539000,12189,12191,12189,2
2020-07-13,15:00:05.597000,12189,12191,12190,1
2020-07-13,15:00:05.803000,12189,12190,12190,1
2020-07-13,15:00:05.805000,12189,12190,12190,2
2020-07-13,15:00:05.977000,12189,12190,12189,1
2020-07-13,15:00:06.308000,12189,12190,12189,1
2020-07-13,15:00:06.507000,12189,12190,12190,3
2020-07-13,15:00:06.925000,12190,12191,12190,1
2020-07-13,15:00:06.981000,12190,12191,12190,2
2020-07-13,15:00:07.128000,12190,12191,12191,1
2020-07-13,15:00:07.165000,12190,12191,12190,3
2020-07-13,15:00:07.174000,12190,12191,12191,2
2020-07-13,15:00:07.174000,12190,12191,12191,1
2020-07-13,15:00:07.521000,12191,12192,12191,2
2020-07-13,15:00:09.268000,12191,12192,12192,2
2020-07-13,15:00:09.268000,12191,12192,12192,5
2020-07-13,15:00:09.268000,12191,12192,12192,5
2020-07-13,15:00:09.269000,12191,12192,12192,1
2020-07-13,15:00:09.269000,12191,12192,12192,1
2020-07-13,15:00:09.269000,12191,12192,12192,1
2020-07-13,15:00:09.494000,12192,12193,12192,4
2020-07-13,15:00:09.615000,12192,12193,12193,1
2020-07-13,15:00:10.297000,12192,12193,12192,2
2020-07-13,15:00:11.499000,12192,12193,12193,3
2020-07-13,15:00:11.499000,12192,12193,12193,2
2020-07-13,15:00:11.499000,12192,12193,12193,1
2020-07-13,15:00:12.455000,12193,12194,12193,1
2020-07-13,15:00:12.783000,12193,12194,12193,1
2020-07-13,15:00:12.869000,12192,12193,12192,3
2020-07-13,15:00:13.083000,12191,12193,12192,3
2020-07-13,15:00:13.621000,12192,12193,12192,1
2020-07-13,15:00:14.572000,12191,12193,12193,5
2020-07-13,15:00:14.808000,12192,12193,12193,1
2020-07-13,15:00:14.945000,12192,12193,12192,5
2020-07-13,15:00:14.995000,12191,12193,12193,4
2020-07-13,15:00:15.392000,12191,12193,12191,1
2020-07-13,15:00:16.037000,12191,12193,12193,5
2020-07-13,15:00:17.356000,12191,12192,12192,1
2020-07-13,15:00:18.372000,12191,12192,12192,1
2020-07-13,15:00:19.299000,12191,12192,12192,1
2020-07-13,15:00:19.430000,12191,12192,12191,2
2020-07-13,15:00:19.716000,12191,12192,12192,2
2020-07-13,15:00:22.427000,12191,12192,12192,1
2020-07-13,15:00:22.664000,12191,12192,12192,2
2020-07-13,15:00:23.311000,12192,12193,12192,2
2020-07-13,15:00:23.492000,12191,12192,12192,3
2020-07-13,15:00:23.500000,12191,12192,12192,1
2020-07-13,15:00:23.500000,12191,12192,12192,2
2020-07-13,15:00:23.879000,12191,12192,12192,2
2020-07-13,15:00:24.099000,12192,12193,12192,1
2020-07-13,15:00:26.672000,12192,12193,12192,2
2020-07-13,15:00:26.835000,12192,12193,12193,1
2020-07-13,15:00:26.966000,12192,12193,12192,4
2020-07-13,15:00:27.117000,12192,12193,12192,3
2020-07-13,15:00:27.674000,12192,12193,12193,1
2020-07-13,15:00:28.692000,12192,12193,12193,1
2020-07-13,15:00:28.754000,12193,12194,12193,1
2020-07-13,15:00:29.091000,12192,12193,12193,2
2020-07-13,15:00:29.887000,12193,12194,12193,3
2020-07-13,15:00:30.378000,12193,12194,12194,2
2020-07-13,15:00:30.378000,12193,12194,12194,2
2020-07-13,15:00:30.378000,12193,12194,12194,2
2020-07-13,15:00:30.589000,12193,12195,12195,1
2020-07-13,15:00:30.935000,12194,12195,12194,2
2020-07-13,15:00:31.264000,12194,12195,12194,1
2020-07-13,15:00:33.729000,12194,12195,12194,1
2020-07-13,15:00:35.098000,12194,12195,12194,10
2020-07-13,15:00:36.519000,12193,12195,12195,1
2020-07-13,15:00:36.700000,12193,12195,12193,1
2020-07-13,15:00:37.550000,12194,12195,12194,1
2020-07-13,15:00:39.642000,12194,12195,12194,1
2020-07-13,15:00:40.076000,12194,12195,12194,1
2020-07-13,15:00:41.755000,12194,12195,12195,6
2020-07-13,15:00:46.643000,12194,12195,12195,2
2020-07-13,15:00:46.878000,12194,12195,12195,1
2020-07-13,15:00:47.118000,12194,12195,12194,3
2020-07-13,15:00:47.309000,12193,12194,12194,1
2020-07-13,15:00:48.054000,12193,12194,12194,1
2020-07-13,15:00:48.244000,12193,12194,12193,6
2020-07-13,15:00:48.578000,12192,12194,12194,1
2020-07-13,15:00:49.504000,12192,12194,12193,1
2020-07-13,15:00:50.622000,12192,12193,12193,1
2020-07-13,15:00:50.761000,12192,12193,12193,1
2020-07-13,15:00:50.761000,12192,12193,12194,1
2020-07-13,15:00:50.774000,12192,12193,12192,1
2020-07-13,15:00:51.118000,12193,12194,12193,1
2020-07-13,15:00:52.744000,12192,12193,12193,2
2020-07-13,15:00:53.880000,12193,12194,12194,1
2020-07-13,15:00:54.494000,12193,12194,12193,1
2020-07-13,15:00:59.222000,12193,12194,12193,2
2020-07-13,15:00:59.833000,12192,12193,12193,1
2020-07-13,15:00:59.989000,12192,12193,12192,4
2020-07-13,15:01:00.011000,12192,12193,12193,3
2020-07-13,15:01:00.012000,12192,12193,12193,3
2020-07-13,15:01:00.349000,12192,12193,12193,1
2020-07-13,15:01:00.494000,12192,12193,12192,5
2020-07-13,15:01:01.203000,12191,12193,12192,1
2020-07-13,15:01:01.722000,12191,12193,12192,2
2020-07-13,15:01:01.749000,12191,12192,12191,1
2020-07-13,15:01:01.753000,12191,12192,12191,1
2020-07-13,15:01:01.754000,12191,12192,12191,1
2020-07-13,15:01:01.759000,12191,12192,12191,1
2020-07-13,15:01:01.771000,12191,12192,12191,1
2020-07-13,15:01:01.771000,12191,12192,12191,1
2020-07-13,15:01:01.771000,12191,12192,12191,4
2020-07-13,15:01:01.790000,12191,12192,12190,5
2020-07-13,15:01:01.791000,12191,12192,12191,1
2020-07-13,15:01:01.794000,12191,12192,12191,2
2020-07-13,15:01:02.110000,12190,12192,12192,1
2020-07-13,15:01:02.150000,12190,12192,12192,1
2020-07-13,15:01:02.345000,12190,12192,12192,1
2020-07-13,15:01:02.827000,12190,12192,12192,4
2020-07-13,15:01:03.059000,12190,12192,12192,1
2020-07-13,15:01:03.130000,12190,12192,12190,5
2020-07-13,15:01:03.211000,12190,12192,12189,1
2020-07-13,15:01:03.732000,12189,12191,12191,1
2020-07-13,15:01:04.089000,12190,12191,12190,1
2020-07-13,15:01:04.388000,12190,12191,12190,1
2020-07-13,15:01:04.598000,12190,12191,12190,1
2020-07-13,15:01:04.987000,12190,12191,12191,2
2020-07-13,15:01:04.993000,12191,12192,12191,1
2020-07-13,15:01:05.007000,12191,12192,12191,1
2020-07-13,15:01:05.309000,12190,12192,12190,1
2020-07-13,15:01:05.726000,12190,12192,12190,2
2020-07-13,15:01:06.118000,12190,12192,12190,2
2020-07-13,15:01:07.020000,12190,12191,12191,1
2020-07-13,15:01:07.057000,12190,12191,12190,1
2020-07-13,15:01:07.253000,12190,12192,12192,1
2020-07-13,15:01:07.407000,12190,12192,12191,2
2020-07-13,15:01:07.685000,12190,12192,12190,1
2020-07-13,15:01:09.930000,12190,12191,12190,5
2020-07-13,15:01:11.182000,12190,12191,12191,2
2020-07-13,15:01:11.222000,12190,12191,12191,1
2020-07-13,15:01:13.120000,12190,12191,12191,1
2020-07-13,15:01:13.157000,12190,12191,12191,2
2020-07-13,15:01:13.445000,12191,12192,12191,1
2020-07-13,15:01:16.843000,12191,12192,12191,2
2020-07-13,15:01:17.825000,12191,12192,12191,2
2020-07-13,15:01:21.807000,12191,12192,12191,2
2020-07-13,15:01:22.685000,12191,12192,12191,1
2020-07-13,15:01:23.532000,12190,12191,12191,1
2020-07-13,15:01:24.872000,12191,12192,12192,2
2020-07-13,15:01:26.989000,12192,12193,12192,1
2020-07-13,15:01:28.370000,12192,12193,12192,1
2020-07-13,15:01:32.089000,12192,12193,12193,3
2020-07-13,15:01:35.638000,12192,12193,12192,1
2020-07-13,15:01:36.173000,12192,12193,12192,1
2020-07-13,15:01:36.770000,12192,12193,12192,1
2020-07-13,15:01:39.562000,12192,12193,12192,1
2020-07-13,15:01:41.934000,12192,12193,12192,1
2020-07-13,15:01:45.708000,12192,12193,12193,1
2020-07-13,15:01:46.616000,12192,12193,12192,2
2020-07-13,15:01:47.672000,12192,12193,12192,1
2020-07-13,15:01:49.377000,12192,12193,12192,1
2020-07-13,15:01:49.475000,12192,12193,12192,5
2020-07-13,15:01:49.496000,12191,12192,12191,1
2020-07-13,15:01:49.514000,12191,12192,12191,1
2020-07-13,15:01:49.779000,12191,12192,12192,1
2020-07-13,15:01:51.637000,12191,12192,12192,1
2020-07-13,15:01:51.998000,12191,12192,12192,1
2020-07-13,15:01:54.108000,12191,12192,12191,1
2020-07-13,15:01:54.743000,12191,12192,12191,1
2020-07-13,15:02:01.754000,12190,12191,12191,1
2020-07-13,15:02:03.523000,12190,12191,12190,2
2020-07-13,15:02:03.618000,12190,12191,12190,11
2020-07-13,15:02:03.619000,12190,12191,12190,1
2020-07-13,15:02:06.459000,12189,12190,12190,2
2020-07-13,15:02:08.117000,12189,12190,12190,2
2020-07-13,15:02:08.428000,12190,12191,12190,1
2020-07-13,15:02:09.681000,12190,12191,12191,2
2020-07-13,15:02:13.188000,12190,12191,12190,1
2020-07-13,15:02:13.196000,12190,12191,12191,1
2020-07-13,15:02:14.711000,12190,12191,12190,1
2020-07-13,15:02:15.873000,12190,12191,12190,7
2020-07-13,15:02:15.899000,12190,12191,12190,3
2020-07-13,15:02:15.920000,12190,12191,12190,1
2020-07-13,15:02:16.695000,12190,12191,12190,1
2020-07-13,15:02:17.461000,12190,12191,12190,1
2020-07-13,15:02:20.437000,12190,12191,12190,2
2020-07-13,15:02:22.468000,12190,12191,12190,3
2020-07-13,15:02:29.062000,12189,12190,12190,4
2020-07-13,15:02:29.927000,12190,12191,12190,1
2020-07-13,15:02:30.182000,12189,12191,12189,4
2020-07-13,15:02:30.364000,12189,12190,12189,2
2020-07-13,15:02:32.661000,12189,12190,12190,5
2020-07-13,15:02:32.713000,12189,12190,12189,10
2020-07-13,15:02:33.280000,12189,12190,12189,1
2020-07-13,15:02:34.118000,12189,12190,12190,1
2020-07-13,15:02:34.746000,12189,12190,12189,2
2020-07-13,15:02:35.886000,12189,12190,12190,2
2020-07-13,15:02:36.981000,12189,12191,12190,2
2020-07-13,15:02:38.509000,12190,12191,12191,4
2020-07-13,15:02:40.132000,12191,12192,12191,3
2020-07-13,15:02:43.118000,12191,12192,12192,2
2020-07-13,15:02:44.008000,12192,12193,12192,1
2020-07-13,15:02:50.326000,12191,12193,12191,1
2020-07-13,15:02:51.344000,12191,12193,12191,1
2020-07-13,15:02:52.786000,12191,12192,12191,6
2020-07-13,15:02:53.128000,12190,12191,12191,1
2020-07-13,15:02:56.980000,12191,12192,12191,1
2020-07-13,15:02:56.981000,12191,12192,12191,1
2020-07-13,15:02:58.268000,12190,12191,12191,1
2020-07-13,15:02:58.869000,12190,12191,12190,1
2020-07-13,15:03:05.547000,12190,12191,12190,2
2020-07-13,15:03:06.576000,12190,12191,12191,1
2020-07-13,15:03:10.936000,12190,12191,12191,1
2020-07-13,15:03:11.047000,12190,12191,12190,1
2020-07-13,15:03:11.242000,12190,12191,12190,3
2020-07-13,15:03:11.407000,12190,12191,12190,3
2020-07-13,15:03:17.293000,12190,12191,12190,1
2020-07-13,15:03:17.293000,12190,12191,12190,1
2020-07-13,15:03:19.788000,12190,12191,12190,1
2020-07-13,15:03:20.626000,12189,12190,12189,15
2020-07-13,15:03:20.979000,12188,12189,12189,1
2020-07-13,15:03:21.077000,12188,12189,12189,1
2020-07-13,15:03:21.317000,12188,12189,12189,2
2020-07-13,15:03:27.921000,12188,12189,12189,8
2020-07-13,15:03:27.921000,12188,12189,12190,3
2020-07-13,15:03:29.440000,12188,12190,12189,1
2020-07-13,15:03:30.214000,12189,12190,12189,1
2020-07-13,15:03:30.507000,12188,12189,12189,1
2020-07-13,15:03:38.838000,12188,12189,12188,1
2020-07-13,15:03:40.701000,12188,12189,12189,1
2020-07-13,15:03:42.422000,12188,12189,12189,1
2020-07-13,15:03:42.422000,12188,12189,12189,1
2020-07-13,15:03:45.246000,12189,12190,12189,1
2020-07-13,15:03:47.689000,12188,12189,12188,1
2020-07-13,15:03:50.925000,12188,12189,12188,1
2020-07-13,15:03:52.370000,12188,12190,12188,3
2020-07-13,15:03:54.814000,12188,12189,12189,6
2020-07-13,15:03:55.138000,12189,12190,12189,1
2020-07-13,15:03:55.729000,12189,12190,12190,1
2020-07-13,15:03:56.789000,12189,12190,12189,3
2020-07-13,15:04:00.585000,12189,12190,12189,4
2020-07-13,15:04:00.587000,12189,12190,12189,1
2020-07-13,15:04:00.769000,12189,12190,12189,1
2020-07-13,15:04:11.340000,12188,12189,12188,2
2020-07-13,15:04:11.921000,12188,12189,12189,2
2020-07-13,15:04:12.133000,12188,12189,12188,1
2020-07-13,15:04:13.888000,12188,12189,12189,1
2020-07-13,15:04:14.176000,12189,12190,12189,1
2020-07-13,15:04:17.413000,12189,12190,12190,24
2020-07-13,15:04:17.414000,12189,12190,12190,1
2020-07-13,15:04:23.702000,12189,12190,12190,1
2020-07-13,15:04:28.331000,12190,12191,12190,3
2020-07-13,15:04:32.515000,12189,12190,12189,1
2020-07-13,15:04:32.854000,12189,12190,12190,1
2020-07-13,15:04:34.924000,12189,12190,12190,1
2020-07-13,15:04:35.685000,12189,12190,12190,1
2020-07-13,15:04:37.200000,12189,12190,12190,1
2020-07-13,15:04:37.414000,12189,12190,12190,1
2020-07-13,15:04:38.255000,12189,12190,12190,1
2020-07-13,15:04:39.535000,12189,12190,12190,3
2020-07-13,15:04:40.683000,12189,12190,12190,1
2020-07-13,15:04:41.081000,12189,12190,12190,1
2020-07-13,15:04:42.046000,12189,12190,12189,8
2020-07-13,15:04:42.046000,12189,12190,12189,2
2020-07-13,15:04:44.985000,12188,12189,12189,1
2020-07-13,15:04:46.046000,12188,12189,12188,3
2020-07-13,15:04:46.046000,12188,12189,12188,5
2020-07-13,15:04:46.046000,12188,12189,12188,9
2020-07-13,15:04:46.046000,12188,12189,12188,8
2020-07-13,15:04:46.654000,12187,12188,12188,2
2020-07-13,15:04:48.597000,12187,12188,12188,1
2020-07-13,15:04:51.565000,12187,12188,12187,2
2020-07-13,15:04:51.688000,12187,12188,12187,2
2020-07-13,15:04:52.096000,12187,12188,12187,1
2020-07-13,15:04:52.212000,12187,12188,12188,2
2020-07-13,15:04:52.221000,12187,12188,12187,1
2020-07-13,15:04:52.338000,12187,12188,12188,1
2020-07-13,15:04:52.547000,12187,12188,12187,1
2020-07-13,15:04:52.995000,12187,12188,12187,1
2020-07-13,15:04:57.142000,12187,12188,12187,1
2020-07-13,15:05:00.121000,12187,12188,12187,1
2020-07-13,15:05:00.200000,12187,12188,12187,1
2020-07-13,15:05:00.393000,12187,12188,12188,5
2020-07-13,15:05:01.308000,12187,12188,12187,3
2020-07-13,15:05:01.725000,12187,12188,12187,1
2020-07-13,15:05:01.778000,12187,12188,12187,1
2020-07-13,15:05:02.714000,12186,12187,12187,1
2020-07-13,15:05:02.767000,12186,12187,12186,6
2020-07-13,15:05:03.173000,12186,12187,12186,10
2020-07-13,15:05:03.653000,12186,12187,12186,11
2020-07-13,15:05:03.653000,12186,12187,12185,29
2020-07-13,15:05:03.654000,12186,12187,12185,5
2020-07-13,15:05:03.654000,12186,12187,12185,2
2020-07-13,15:05:03.655000,12186,12187,12185,7
2020-07-13,15:05:03.827000,12184,12185,12184,1
2020-07-13,15:05:03.860000,12184,12185,12184,6
2020-07-13,15:05:04.054000,12184,12185,12185,2
2020-07-13,15:05:04.135000,12184,12185,12184,1
2020-07-13,15:05:04.922000,12184,12185,12184,1
2020-07-13,15:05:04.979000,12184,12185,12184,1
2020-07-13,15:05:05.092000,12184,12185,12185,1
2020-07-13,15:05:07.066000,12184,12185,12184,1
2020-07-13,15:05:07.149000,12184,12185,12184,3
2020-07-13,15:05:07.316000,12184,12185,12184,1
2020-07-13,15:05:07.419000,12184,12185,12185,1
2020-07-13,15:05:07.764000,12184,12185,12184,1
2020-07-13,15:05:07.863000,12184,12185,12184,2
2020-07-13,15:05:09.119000,12183,12184,12184,2
2020-07-13,15:05:09.913000,12183,12184,12184,1
2020-07-13,15:05:11.194000,12183,12184,12183,1
2020-07-13,15:05:11.200000,12183,12184,12184,1
2020-07-13,15:05:11.290000,12183,12184,12183,1
2020-07-13,15:05:11.363000,12183,12184,12184,3
2020-07-13,15:05:11.363000,12183,12184,12185,2
2020-07-13,15:05:11.692000,12184,12185,12185,1
2020-07-13,15:05:11.710000,12184,12185,12184,2
2020-07-13,15:05:11.733000,12184,12185,12184,2
2020-07-13,15:05:12.486000,12184,12185,12184,1
2020-07-13,15:05:13.540000,12183,12184,12184,2
2020-07-13,15:05:13.561000,12183,12184,12184,1
2020-07-13,15:05:19.259000,12184,12185,12184,1
2020-07-13,15:05:19.928000,12184,12185,12185,8
2020-07-13,15:05:20.277000,12185,12186,12185,1
2020-07-13,15:05:20.526000,12185,12186,12185,1
2020-07-13,15:05:20.544000,12185,12186,12185,1
2020-07-13,15:05:22.034000,12185,12186,12186,3
2020-07-13,15:05:25.395000,12185,12186,12186,1
2020-07-13,15:05:25.395000,12185,12186,12186,1
2020-07-13,15:05:25.395000,12185,12186,12186,1
2020-07-13,15:05:25.395000,12185,12186,12186,1
2020-07-13,15:05:25.769000,12186,12187,12186,2
2020-07-13,15:05:28.912000,12185,12187,12185,1
2020-07-13,15:05:36.355000,12185,12186,12185,1
2020-07-13,15:05:38.912000,12185,12186,12185,1
2020-07-13,15:05:38.962000,12185,12186,12185,4
2020-07-13,15:05:38.962000,12185,12186,12185,11
2020-07-13,15:05:38.963000,12185,12186,12185,3
2020-07-13,15:05:38.963000,12185,12186,12185,1
2020-07-13,15:05:38.963000,12185,12186,12185,1
2020-07-13,15:05:39.964000,12184,12185,12185,3
2020-07-13,15:05:39.964000,12184,12185,12186,2
2020-07-13,15:05:41.069000,12184,12185,12185,1
2020-07-13,15:05:42.840000,12184,12185,12185,2
2020-07-13,15:05:43.772000,12184,12185,12184,1
2020-07-13,15:05:43.772000,12184,12185,12184,2
2020-07-13,15:05:43.773000,12184,12185,12184,1
2020-07-13,15:05:44.943000,12183,12184,12184,1
2020-07-13,15:05:45.204000,12183,12184,12183,23
2020-07-13,15:05:45.204000,12183,12184,12182,2
2020-07-13,15:05:45.429000,12182,12183,12182,1
2020-07-13,15:05:45.480000,12182,12183,12182,1
2020-07-13,15:05:45.995000,12182,12183,12182,1
2020-07-13,15:05:47.021000,12182,12183,12182,1
2020-07-13,15:05:47.061000,12182,12183,12182,3
2020-07-13,15:05:47.242000,12182,12183,12183,1
2020-07-13,15:05:47.328000,12182,12183,12183,1
2020-07-13,15:05:47.932000,12182,12183,12183,5
2020-07-13,15:05:48.574000,12182,12183,12183,1
2020-07-13,15:05:49.426000,12182,12183,12183,1
2020-07-13,15:05:49.628000,12182,12183,12182,1
2020-07-13,15:05:49.714000,12182,12183,12182,1
2020-07-13,15:05:49.982000,12182,12183,12182,6
2020-07-13,15:05:51.289000,12181,12182,12182,1
2020-07-13,15:05:51.631000,12181,12182,12181,2
2020-07-13,15:05:51.669000,12181,12182,12181,5
2020-07-13,15:05:51.692000,12181,12182,12181,5
2020-07-13,15:05:51.716000,12181,12182,12181,5
2020-07-13,15:05:51.716000,12181,12182,12181,5
2020-07-13,15:05:51.741000,12181,12182,12180,5
2020-07-13,15:05:51.771000,12180,12182,12180,1
2020-07-13,15:05:51.773000,12180,12182,12180,1
2020-07-13,15:05:51.804000,12180,12182,12180,2
2020-07-13,15:05:51.888000,12180,12181,12180,1
2020-07-13,15:05:52.151000,12180,12181,12180,2
2020-07-13,15:05:52.191000,12180,12181,12180,2
2020-07-13,15:05:52.222000,12180,12181,12180,2
2020-07-13,15:05:52.262000,12180,12181,12180,2
2020-07-13,15:05:52.375000,12180,12181,12180,1
2020-07-13,15:05:52.417000,12180,12181,12180,1
2020-07-13,15:05:52.426000,12180,12181,12180,2
2020-07-13,15:05:52.549000,12180,12181,12181,2
2020-07-13,15:05:53.222000,12180,12181,12181,2
2020-07-13,15:05:53.588000,12180,12181,12180,2
2020-07-13,15:05:53.927000,12180,12181,12180,2
2020-07-13,15:05:54.249000,12180,12181,12180,1
2020-07-13,15:05:54.409000,12180,12181,12181,1
2020-07-13,15:05:54.911000,12180,12181,12180,1
2020-07-13,15:05:55.351000,12180,12181,12180,8
2020-07-13,15:05:55.754000,12179,12180,12180,1
2020-07-13,15:05:55.754000,12179,12180,12180,1
2020-07-13,15:05:55.754000,12179,12180,12180,1
2020-07-13,15:05:55.754000,12179,12180,12180,2
2020-07-13,15:05:55.754000,12179,12180,12180,1
2020-07-13,15:05:55.895000,12180,12181,12181,1
2020-07-13,15:05:56.040000,12180,12181,12180,1
2020-07-13,15:05:56.216000,12180,12181,12180,3
2020-07-13,15:05:56.328000,12180,12181,12181,2
2020-07-13,15:05:56.501000,12180,12181,12180,1
2020-07-13,15:05:56.718000,12180,12181,12180,2
2020-07-13,15:05:58.406000,12180,12181,12181,1
2020-07-13,15:05:58.406000,12180,12181,12181,1
2020-07-13,15:06:00.031000,12181,12182,12181,1
2020-07-13,15:06:00.057000,12181,12182,12181,2
2020-07-13,15:06:00.058000,12181,12182,12181,1
2020-07-13,15:06:00.332000,12181,12182,12181,1
2020-07-13,15:06:00.357000,12181,12182,12181,1
2020-07-13,15:06:00.735000,12181,12182,12182,1
2020-07-13,15:06:00.983000,12181,12182,12182,1
2020-07-13,15:06:00.983000,12181,12182,12182,1
2020-07-13,15:06:00.983000,12181,12182,12182,2
2020-07-13,15:06:04.853000,12182,12183,12182,1
2020-07-13,15:06:05.435000,12182,12183,12182,1
2020-07-13,15:06:05.501000,12182,12183,12182,1
2020-07-13,15:06:05.507000,12182,12183,12182,1
2020-07-13,15:06:06.240000,12182,12183,12182,2
2020-07-13,15:06:06.470000,12181,12183,12181,3
2020-07-13,15:06:07.357000,12181,12183,12183,2
2020-07-13,15:06:07.427000,12181,12183,12183,1
2020-07-13,15:06:08.236000,12181,12183,12183,1
2020-07-13,15:06:10.133000,12182,12183,12183,5
2020-07-13,15:06:11.018000,12182,12183,12183,4
2020-07-13,15:06:11.807000,12183,12184,12183,1
2020-07-13,15:06:18.133000,12183,12184,12184,3
2020-07-13,15:06:23.804000,12183,12184,12184,3
2020-07-13,15:06:25.454000,12183,12184,12183,1
2020-07-13,15:06:25.683000,12183,12184,12184,1
2020-07-13,15:06:29.088000,12183,12184,12184,1
2020-07-13,15:06:33.778000,12183,12184,12184,4
2020-07-13,15:06:36.207000,12183,12184,12184,1
2020-07-13,15:06:37.190000,12183,12184,12183,2
2020-07-13,15:06:37.323000,12183,12184,12183,5
2020-07-13,15:06:38.238000,12183,12184,12184,1
2020-07-13,15:06:40.919000,12183,12184,12184,1
2020-07-13,15:06:40.920000,12183,12184,12184,1
2020-07-13,15:06:46.115000,12183,12184,12184,1
2020-07-13,15:06:46.837000,12183,12184,12184,1
2020-07-13,15:06:49.954000,12183,12184,12184,2
2020-07-13,15:06:50.613000,12183,12184,12183,1
2020-07-13,15:06:53.361000,12183,12184,12183,1
2020-07-13,15:06:53.361000,12183,12184,12183,3
2020-07-13,15:06:53.361000,12183,12184,12183,4
2020-07-13,15:06:53.361000,12183,12184,12183,2
2020-07-13,15:06:53.361000,12183,12184,12183,2
2020-07-13,15:06:58.826000,12182,12183,12182,1
2020-07-13,15:06:58.872000,12182,12183,12183,1
2020-07-13,15:06:59.235000,12182,12183,12182,1
2020-07-13,15:07:00.636000,12182,12183,12183,2
2020-07-13,15:07:01.056000,12183,12184,12183,1
2020-07-13,15:07:09.962000,12183,12184,12184,1
2020-07-13,15:07:10.203000,12183,12184,12183,2
2020-07-13,15:07:12.792000,12183,12184,12184,1
2020-07-13,15:07:17.503000,12183,12184,12184,5
2020-07-13,15:07:17.503000,12183,12184,12184,1
2020-07-13,15:07:18.841000,12184,12185,12185,1
2020-07-13,15:07:18.841000,12184,12185,12185,5
2020-07-13,15:07:18.842000,12184,12185,12185,6
2020-07-13,15:07:19.273000,12184,12186,12186,1
2020-07-13,15:07:19.630000,12184,12185,12185,1
2020-07-13,15:07:32.027000,12184,12185,12185,4
2020-07-13,15:07:32.051000,12184,12185,12185,1
2020-07-13,15:07:32.834000,12185,12186,12185,5
2020-07-13,15:07:34.599000,12184,12185,12185,1
2020-07-13,15:07:37.570000,12185,12186,12185,4
2020-07-13,15:07:37.903000,12184,12185,12185,1
2020-07-13,15:07:37.957000,12184,12185,12185,1
2020-07-13,15:07:40.350000,12184,12185,12185,1
2020-07-13,15:07:40.418000,12184,12185,12185,1
2020-07-13,15:07:41.957000,12184,12186,12185,1
2020-07-13,15:07:44.209000,12184,12186,12185,2
2020-07-13,15:07:49.137000,12185,12186,12186,1
2020-07-13,15:07:49.543000,12185,12186,12186,2
2020-07-13,15:07:49.543000,12185,12186,12186,7
2020-07-13,15:07:50.563000,12186,12187,12187,2
2020-07-13,15:07:51.237000,12185,12187,12187,1
2020-07-13,15:07:58.303000,12186,12187,12186,2
2020-07-13,15:07:58.343000,12186,12187,12186,2
2020-07-13,15:07:58.604000,12186,12187,12186,2
2020-07-13,15:08:06.099000,12186,12187,12186,2
2020-07-13,15:08:06.603000,12186,12187,12186,2
2020-07-13,15:08:13.158000,12185,12186,12185,3
2020-07-13,15:08:22.531000,12185,12186,12186,3
2020-07-13,15:08:23.640000,12185,12186,12185,2
2020-07-13,15:08:25.516000,12185,12186,12185,1
2020-07-13,15:08:25.517000,12185,12186,12185,6
2020-07-13,15:08:25.517000,12185,12186,12185,2
2020-07-13,15:08:26.224000,12184,12185,12185,1
2020-07-13,15:08:27.158000,12184,12185,12185,1
2020-07-13,15:08:29.836000,12184,12185,12185,1
2020-07-13,15:08:32.298000,12184,12185,12184,2
2020-07-13,15:08:34.044000,12184,12185,12184,5
2020-07-13,15:08:34.044000,12184,12185,12184,5
2020-07-13,15:08:34.044000,12184,12185,12184,6
2020-07-13,15:08:34.059000,12184,12185,12183,1
2020-07-13,15:08:34.059000,12184,12185,12183,1
2020-07-13,15:08:34.068000,12184,12185,12183,1
2020-07-13,15:08:34.092000,12184,12185,12183,2
2020-07-13,15:08:34.092000,12184,12185,12183,8
2020-07-13,15:08:34.092000,12184,12185,12183,1
2020-07-13,15:08:34.093000,12184,12185,12183,1
2020-07-13,15:08:34.093000,12184,12185,12183,1
2020-07-13,15:08:34.093000,12184,12185,12183,7
2020-07-13,15:08:34.238000,12182,12183,12182,2
2020-07-13,15:08:38.001000,12182,12183,12182,5
2020-07-13,15:08:38.154000,12182,12183,12183,2
2020-07-13,15:08:38.154000,12182,12183,12183,2
2020-07-13,15:08:38.478000,12183,12184,12183,2
2020-07-13,15:08:39.530000,12183,12184,12184,2
2020-07-13,15:08:39.530000,12183,12184,12184,1
2020-07-13,15:08:39.530000,12183,12184,12184,1
2020-07-13,15:08:39.530000,12183,12184,12184,5
2020-07-13,15:08:39.530000,12183,12184,12184,2
2020-07-13,15:08:40.964000,12184,12185,12184,2
2020-07-13,15:08:42.677000,12184,12185,12184,1
2020-07-13,15:08:45.051000,12184,12185,12184,3
2020-07-13,15:08:45.915000,12184,12185,12184,5
2020-07-13,15:08:50.460000,12184,12185,12185,6
2020-07-13,15:08:56.207000,12185,12186,12186,3
2020-07-13,15:08:56.272000,12186,12187,12186,1
2020-07-13,15:08:56.327000,12186,12187,12187,1
2020-07-13,15:08:56.474000,12186,12187,12186,4
2020-07-13,15:09:01.820000,12185,12187,12185,2
2020-07-13,15:09:02.433000,12186,12187,12186,1
2020-07-13,15:09:02.542000,12185,12186,12186,2
2020-07-13,15:09:10.831000,12186,12187,12187,1
2020-07-13,15:09:10.885000,12186,12187,12186,7
2020-07-13,15:09:10.885000,12186,12187,12185,4
2020-07-13,15:09:12.607000,12185,12187,12187,1
2020-07-13,15:09:16.090000,12185,12186,12185,2
2020-07-13,15:09:20.628000,12185,12186,12186,1
2020-07-13,15:09:30.925000,12185,12186,12186,1
2020-07-13,15:09:32.985000,12185,12186,12186,1
2020-07-13,15:09:33.484000,12185,12186,12185,2
2020-07-13,15:09:34.584000,12185,12186,12186,2
2020-07-13,15:09:36.173000,12185,12186,12185,1
2020-07-13,15:09:37.603000,12185,12186,12185,2
2020-07-13,15:09:38.118000,12185,12186,12185,1
2020-07-13,15:09:38.916000,12184,12185,12185,4
2020-07-13,15:09:43.800000,12185,12186,12185,2
2020-07-13,15:09:47.733000,12185,12186,12185,1
2020-07-13,15:10:05.510000,12185,12186,12185,2
2020-07-13,15:10:06.081000,12184,12186,12186,1
2020-07-13,15:10:06.391000,12185,12186,12186,1
2020-07-13,15:10:06.600000,12185,12186,12185,2
2020-07-13,15:10:07.370000,12184,12186,12186,1
2020-07-13,15:10:12.468000,12185,12186,12185,1
2020-07-13,15:10:16.284000,12185,12186,12186,7
2020-07-13,15:10:22.316000,12186,12187,12187,15
2020-07-13,15:10:27.737000,12187,12188,12188,1
2020-07-13,15:10:31.998000,12187,12188,12187,2
2020-07-13,15:10:32.852000,12186,12187,12187,1
2020-07-13,15:10:34.388000,12186,12187,12187,1
2020-07-13,15:10:40.474000,12186,12187,12187,1
2020-07-13,15:10:40.474000,12186,12187,12187,1
2020-07-13,15:10:40.474000,12186,12187,12187,1
2020-07-13,15:10:50.702000,12187,12188,12188,1
2020-07-13,15:11:00.509000,12187,12188,12187,2
2020-07-13,15:11:00.789000,12187,12188,12187,1
2020-07-13,15:11:00.790000,12187,12188,12187,5
2020-07-13,15:11:01.263000,12186,12188,12188,1
2020-07-13,15:11:01.794000,12186,12188,12187,1
2020-07-13,15:11:02.086000,12186,12187,12186,1
2020-07-13,15:11:05.027000,12186,12187,12187,3
2020-07-13,15:11:18.557000,12187,12188,12187,10
2020-07-13,15:11:31.335000,12186,12187,12187,1
2020-07-13,15:11:32.512000,12186,12187,12186,1
2020-07-13,15:11:32.622000,12186,12187,12187,5
2020-07-13,15:11:43.947000,12186,12187,12187,1
2020-07-13,15:11:48.822000,12186,12187,12187,1
2020-07-13,15:11:56.593000,12186,12187,12187,1
2020-07-13,15:11:56.785000,12186,12187,12187,1
2020-07-13,15:11:58.992000,12186,12187,12187,1
2020-07-13,15:12:03.747000,12186,12187,12186,3
2020-07-13,15:12:04.054000,12186,12187,12187,1
2020-07-13,15:12:06.535000,12186,12187,12186,2
2020-07-13,15:12:06.538000,12186,12187,12186,3
2020-07-13,15:12:06.540000,12186,12187,12186,42
2020-07-13,15:12:06.974000,12185,12186,12185,1
2020-07-13,15:12:07.479000,12185,12186,12185,2
2020-07-13,15:12:07.673000,12184,12186,12186,1
2020-07-13,15:12:07.701000,12184,12186,12186,2
2020-07-13,15:12:09.182000,12184,12186,12184,1
2020-07-13,15:12:17.465000,12184,12185,12184,1
2020-07-13,15:12:17.773000,12184,12185,12184,1
2020-07-13,15:12:18.404000,12184,12185,12184,1
2020-07-13,15:12:19.028000,12184,12185,12184,1
2020-07-13,15:12:20.343000,12184,12185,12184,10
2020-07-13,15:12:21.601000,12184,12185,12184,2
2020-07-13,15:12:27.164000,12184,12185,12184,1
2020-07-13,15:12:27.722000,12183,12185,12184,3
2020-07-13,15:12:35.350000,12183,12184,12183,2
2020-07-13,15:12:36.953000,12183,12184,12183,2
2020-07-13,15:12:40.492000,12183,12184,12183,10
2020-07-13,15:12:48.652000,12183,12184,12183,3
2020-07-13,15:12:48.652000,12183,12184,12182,17
2020-07-13,15:12:52.835000,12182,12183,12183,4
2020-07-13,15:12:54.852000,12183,12184,12184,6
2020-07-13,15:12:57.148000,12184,12185,12184,1
2020-07-13,15:12:58.324000,12184,12185,12185,2
2020-07-13,15:13:02.104000,12184,12185,12184,1
2020-07-13,15:13:02.928000,12184,12185,12184,5
2020-07-13,15:13:02.928000,12184,12185,12183,15
2020-07-13,15:13:18.025000,12183,12184,12183,1
2020-07-13,15:13:19.466000,12183,12184,12183,3
2020-07-13,15:13:25.268000,12183,12184,12183,1
2020-07-13,15:13:27.941000,12183,12184,12183,3
2020-07-13,15:13:27.941000,12183,12184,12183,5
2020-07-13,15:13:34.556000,12182,12183,12182,1
2020-07-13,15:13:35.239000,12182,12183,12182,1
2020-07-13,15:13:36.043000,12182,12183,12183,3
2020-07-13,15:13:36.694000,12183,12184,12184,2
2020-07-13,15:13:52.052000,12183,12184,12184,1
2020-07-13,15:13:55.309000,12183,12184,12184,5
2020-07-13,15:13:56.596000,12184,12185,12185,3
2020-07-13,15:13:56.597000,12184,12185,12185,6
2020-07-13,15:13:56.597000,12184,12185,12185,1
2020-07-13,15:13:56.597000,12184,12185,12185,2
2020-07-13,15:13:56.655000,12184,12186,12184,1
2020-07-13,15:13:58.870000,12184,12186,12186,5
2020-07-13,15:14:02.060000,12185,12186,12186,2
2020-07-13,15:14:08.900000,12185,12186,12185,1
2020-07-13,15:14:13.997000,12185,12186,12185,1
2020-07-13,15:14:16.868000,12184,12185,12185,1
2020-07-13,15:14:17.216000,12184,12185,12185,1
2020-07-13,15:14:20.471000,12184,12185,12184,2
2020-07-13,15:14:20.471000,12184,12185,12184,1
2020-07-13,15:14:24.735000,12183,12184,12184,1
2020-07-13,15:14:25.158000,12183,12184,12184,1
2020-07-13,15:14:25.158000,12183,12184,12184,2
2020-07-13,15:14:40.068000,12183,12184,12184,1
2020-07-13,15:14:43.014000,12183,12184,12184,1
2020-07-13,15:14:54.457000,12183,12184,12184,1
2020-07-13,15:14:54.513000,12183,12184,12184,2
2020-07-13,15:14:56.653000,12183,12184,12183,1
2020-07-13,15:15:01.311000,12183,12184,12184,2
2020-07-13,15:15:01.858000,12184,12185,12185,2
2020-07-13,15:15:01.873000,12184,12185,12184,1
2020-07-13,15:15:01.927000,12184,12185,12184,1
2020-07-13,15:15:01.927000,12184,12185,12183,3
2020-07-13,15:15:02.056000,12183,12185,12183,5
2020-07-13,15:15:02.056000,12183,12185,12183,5
2020-07-13,15:15:02.515000,12183,12184,12183,4
2020-07-13,15:15:02.515000,12183,12184,12182,4
2020-07-13,15:15:03.542000,12182,12184,12182,15
2020-07-13,15:15:03.754000,12182,12183,12183,5
2020-07-13,15:15:06.248000,12183,12184,12183,4
2020-07-13,15:15:06.248000,12183,12184,12183,1
2020-07-13,15:15:06.249000,12183,12184,12183,1
2020-07-13,15:15:11.564000,12182,12183,12182,10
2020-07-13,15:15:13.157000,12182,12183,12182,1
2020-07-13,15:15:13.192000,12182,12183,12183,1
2020-07-13,15:15:18.329000,12181,12182,12181,3
2020-07-13,15:15:18.400000,12181,12182,12181,1
2020-07-13,15:15:18.579000,12181,12182,12181,4
2020-07-13,15:15:18.579000,12181,12182,12181,8
2020-07-13,15:15:18.580000,12181,12182,12181,1
2020-07-13,15:15:18.580000,12181,12182,12181,2
2020-07-13,15:15:18.580000,12181,12182,12181,1
2020-07-13,15:15:18.580000,12181,12182,12181,11
2020-07-13,15:15:21.423000,12181,12182,12181,1
2020-07-13,15:15:28.072000,12181,12182,12181,2
2020-07-13,15:15:39.440000,12181,12182,12181,5
2020-07-13,15:15:41.087000,12181,12182,12182,4
2020-07-13,15:15:41.087000,12181,12182,12182,2
2020-07-13,15:15:51.299000,12182,12183,12183,1
2020-07-13,15:15:57.870000,12182,12183,12182,1
2020-07-13,15:15:59.079000,12182,12183,12183,4
2020-07-13,15:16:06.905000,12183,12184,12183,1
2020-07-13,15:16:07.421000,12183,12184,12184,1
2020-07-13,15:16:10.450000,12183,12184,12183,1
2020-07-13,15:16:11.671000,12183,12184,12183,5
2020-07-13,15:16:11.671000,12183,12184,12182,15
2020-07-13,15:16:12.224000,12182,12183,12183,2
2020-07-13,15:16:16.652000,12183,12184,12183,1
2020-07-13,15:16:18.976000,12183,12184,12183,1
2020-07-13,15:16:22.358000,12182,12183,12182,1
2020-07-13,15:16:27.839000,12182,12183,12182,9
2020-07-13,15:16:28.203000,12181,12182,12182,21
2020-07-13,15:16:28.477000,12182,12184,12182,2
2020-07-13,15:16:31.958000,12183,12184,12183,1
2020-07-13,15:16:33.965000,12183,12184,12184,6
2020-07-13,15:16:45.286000,12183,12184,12183,16
2020-07-13,15:16:46.927000,12182,12183,12183,1
2020-07-13,15:16:47.522000,12182,12183,12183,3
2020-07-13,15:16:53.942000,12183,12184,12184,10
2020-07-13,15:16:55.936000,12184,12185,12185,1
2020-07-13,15:16:56.675000,12184,12185,12184,1
2020-07-13,15:16:58.268000,12184,12185,12185,15
2020-07-13,15:16:59.498000,12184,12186,12186,1
2020-07-13,15:17:03.251000,12184,12186,12184,1
2020-07-13,15:17:06.834000,12184,12186,12186,4
2020-07-13,15:17:10.453000,12184,12186,12185,1
2020-07-13,15:17:14.384000,12184,12185,12185,1
2020-07-13,15:17:16.147000,12184,12185,12185,1
2020-07-13,15:17:16.667000,12185,12186,12185,19
2020-07-13,15:17:16.667000,12185,12186,12184,16
2020-07-13,15:17:17.499000,12184,12185,12185,5
2020-07-13,15:17:21.101000,12185,12186,12185,2
2020-07-13,15:17:22.347000,12185,12186,12185,1
2020-07-13,15:17:23.101000,12185,12186,12185,2
2020-07-13,15:17:28.485000,12185,12186,12185,1
2020-07-13,15:17:34.309000,12184,12185,12184,10
2020-07-13,15:17:34.309000,12184,12185,12183,39
2020-07-13,15:17:39.104000,12183,12184,12184,2
2020-07-13,15:17:39.352000,12184,12185,12184,1
2020-07-13,15:17:40.048000,12184,12185,12184,1
2020-07-13,15:17:44.248000,12184,12185,12184,8
2020-07-13,15:17:44.248000,12184,12185,12183,3
2020-07-13,15:17:47.122000,12184,12185,12184,1
2020-07-13,15:17:49.060000,12183,12184,12184,1
2020-07-13,15:17:52.477000,12183,12184,12184,7
2020-07-13,15:17:55.639000,12184,12185,12184,7
2020-07-13,15:17:57.840000,12184,12185,12184,1
2020-07-13,15:18:01.262000,12184,12185,12185,4
2020-07-13,15:18:09.104000,12184,12185,12184,1
2020-07-13,15:18:12.978000,12184,12185,12184,1
2020-07-13,15:18:17.505000,12183,12184,12184,1
2020-07-13,15:18:20.475000,12184,12185,12184,2
2020-07-13,15:18:22.406000,12184,12185,12184,4
2020-07-13,15:18:22.447000,12184,12185,12184,1
2020-07-13,15:18:37.347000,12184,12185,12184,4
2020-07-13,15:18:37.347000,12184,12185,12184,1
2020-07-13,15:18:37.891000,12183,12184,12183,1
2020-07-13,15:18:44.295000,12183,12184,12184,1
2020-07-13,15:18:48.154000,12183,12184,12183,3
2020-07-13,15:18:51.940000,12183,12184,12183,1
2020-07-13,15:19:12.605000,12183,12184,12183,2
2020-07-13,15:19:14.480000,12183,12184,12183,1
2020-07-13,15:19:17.510000,12182,12183,12183,1
2020-07-13,15:19:20.519000,12182,12183,12183,3
2020-07-13,15:19:22.216000,12182,12183,12183,1
2020-07-13,15:19:22.642000,12183,12184,12183,1
2020-07-13,15:19:22.767000,12183,12184,12183,1
2020-07-13,15:19:23.031000,12183,12184,12183,1
2020-07-13,15:19:23.657000,12183,12184,12183,1
2020-07-13,15:19:25.207000,12183,12184,12183,1
2020-07-13,15:19:27.940000,12183,12184,12184,3
2020-07-13,15:19:27.940000,12183,12184,12184,3
2020-07-13,15:19:28.036000,12184,12185,12184,1
2020-07-13,15:19:44.180000,12183,12184,12184,7
2020-07-13,15:19:44.475000,12184,12185,12184,2
2020-07-13,15:19:46.614000,12184,12185,12184,2
2020-07-13,15:19:46.683000,12184,12185,12185,2
2020-07-13,15:19:51.930000,12184,12185,12184,5
2020-07-13,15:19:52.992000,12184,12185,12184,4
2020-07-13,15:19:54.386000,12184,12185,12184,1
2020-07-13,15:19:54.386000,12184,12185,12184,3
2020-07-13,15:19:54.386000,12184,12185,12184,1
2020-07-13,15:19:54.386000,12184,12185,12184,4
2020-07-13,15:19:54.387000,12184,12185,12184,1
2020-07-13,15:19:54.387000,12184,12185,12184,1
2020-07-13,15:19:54.387000,12184,12185,12184,1
2020-07-13,15:19:54.387000,12184,12185,12184,1
2020-07-13,15:19:54.392000,12184,12185,12184,1
2020-07-13,15:19:54.393000,12184,12185,12184,1
2020-07-13,15:19:54.393000,12184,12185,12184,1
2020-07-13,15:19:54.394000,12184,12185,12184,1
2020-07-13,15:19:54.394000,12184,12185,12184,2
2020-07-13,15:19:54.433000,12184,12185,12183,1
2020-07-13,15:19:54.433000,12184,12185,12183,1
2020-07-13,15:19:54.433000,12184,12185,12183,1
2020-07-13,15:19:56.160000,12184,12185,12184,1
2020-07-13,15:19:58.926000,12184,12185,12185,1
2020-07-13,15:19:58.990000,12184,12185,12185,2
2020-07-13,15:19:59.792000,12184,12185,12184,1
2020-07-13,15:20:04.342000,12184,12185,12185,1
2020-07-13,15:20:04.342000,12184,12185,12185,1
2020-07-13,15:20:04.342000,12184,12185,12185,1
2020-07-13,15:20:04.342000,12184,12185,12185,1
2020-07-13,15:20:04.343000,12184,12185,12185,1
2020-07-13,15:20:04.379000,12185,12186,12186,2
2020-07-13,15:20:04.379000,12185,12186,12186,1
2020-07-13,15:20:04.379000,12185,12186,12186,17
2020-07-13,15:20:04.379000,12185,12186,12186,1
2020-07-13,15:20:04.379000,12185,12186,12186,5
2020-07-13,15:20:04.379000,12185,12186,12186,1
2020-07-13,15:20:04.604000,12186,12187,12186,1
2020-07-13,15:20:06.129000,12186,12187,12186,7
2020-07-13,15:20:08.255000,12185,12186,12186,3
2020-07-13,15:20:12.561000,12185,12187,12187,1
2020-07-13,15:20:14.100000,12186,12187,12186,2
2020-07-13,15:20:22.943000,12185,12186,12186,1
2020-07-13,15:20:24.213000,12185,12186,12186,1
2020-07-13,15:20:26.767000,12185,12186,12185,1
2020-07-13,15:20:27.390000,12185,12186,12185,1
2020-07-13,15:20:28.085000,12185,12186,12185,1
2020-07-13,15:20:28.086000,12185,12186,12185,4
2020-07-13,15:20:28.086000,12185,12186,12185,1
2020-07-13,15:20:29.135000,12184,12186,12186,1
2020-07-13,15:20:29.860000,12185,12186,12186,1
2020-07-13,15:20:41.686000,12185,12186,12186,1
2020-07-13,15:20:42.433000,12185,12186,12186,1
2020-07-13,15:20:42.434000,12185,12186,12186,3
2020-07-13,15:20:47.493000,12186,12187,12186,1
2020-07-13,15:20:48.088000,12186,12187,12187,1
2020-07-13,15:20:48.145000,12186,12187,12187,1
2020-07-13,15:20:48.311000,12186,12187,12186,1
2020-07-13,15:20:48.930000,12186,12187,12186,1
2020-07-13,15:20:49.471000,12186,12187,12187,1
2020-07-13,15:20:49.903000,12186,12187,12186,2
2020-07-13,15:20:49.904000,12186,12187,12186,8
2020-07-13,15:20:50.227000,12185,12186,12186,1
2020-07-13,15:20:54.560000,12185,12187,12186,1
2020-07-13,15:21:06.796000,12185,12186,12186,2
2020-07-13,15:21:12.021000,12185,12186,12186,1
2020-07-13,15:21:17.290000,12185,12186,12186,1
2020-07-13,15:21:19.527000,12185,12186,12186,1
2020-07-13,15:21:19.819000,12185,12186,12186,2
2020-07-13,15:21:24.850000,12186,12187,12186,2
2020-07-13,15:21:33.097000,12186,12187,12186,1
2020-07-13,15:21:42.420000,12185,12186,12186,1
2020-07-13,15:21:42.500000,12185,12186,12186,1
2020-07-13,15:21:49.938000,12185,12186,12186,1
2020-07-13,15:21:55.273000,12185,12186,12186,4
2020-07-13,15:21:55.363000,12185,12186,12186,2
2020-07-13,15:22:01.763000,12186,12187,12186,1
2020-07-13,15:22:08.486000,12186,12187,12186,1
2020-07-13,15:22:14.439000,12186,12187,12187,3
2020-07-13,15:22:14.439000,12186,12187,12187,14
2020-07-13,15:22:19.773000,12186,12188,12188,10
2020-07-13,15:22:28.352000,12187,12188,12188,1
2020-07-13,15:22:33.898000,12187,12188,12187,4
2020-07-13,15:22:50.809000,12187,12188,12188,3
2020-07-13,15:22:50.809000,12187,12188,12188,1
2020-07-13,15:22:50.809000,12187,12188,12188,5
2020-07-13,15:22:50.810000,12187,12188,12188,4
2020-07-13,15:22:50.810000,12187,12188,12188,6
2020-07-13,15:22:50.810000,12187,12188,12188,3
2020-07-13,15:22:51.274000,12188,12189,12188,1
2020-07-13,15:22:54.833000,12188,12189,12188,2
2020-07-13,15:22:55.573000,12188,12189,12188,1
2020-07-13,15:22:58.522000,12188,12189,12189,1
2020-07-13,15:23:00.923000,12188,12189,12189,1
2020-07-13,15:23:01.270000,12188,12189,12189,1
2020-07-13,15:23:01.859000,12188,12189,12188,5
2020-07-13,15:23:07.383000,12188,12189,12189,1
2020-07-13,15:23:10.541000,12188,12189,12189,1
2020-07-13,15:23:11.871000,12188,12189,12188,2
2020-07-13,15:23:11.871000,12188,12189,12188,3
2020-07-13,15:23:12.642000,12187,12188,12188,1
2020-07-13,15:23:13.600000,12187,12188,12188,2
2020-07-13,15:23:16.066000,12187,12188,12188,1
2020-07-13,15:23:16.581000,12187,12188,12187,1
2020-07-13,15:23:17.277000,12187,12188,12188,1
2020-07-13,15:23:18.469000,12187,12188,12188,3
2020-07-13,15:23:18.926000,12187,12188,12188,1
2020-07-13,15:23:24.223000,12187,12188,12188,1
2020-07-13,15:23:27.938000,12187,12188,12187,1
2020-07-13,15:23:28.844000,12187,12188,12187,2
2020-07-13,15:23:29.773000,12187,12188,12187,3
2020-07-13,15:23:29.773000,12187,12188,12187,4
2020-07-13,15:23:29.774000,12187,12188,12187,5
2020-07-13,15:23:31.456000,12186,12187,12187,1
2020-07-13,15:23:32.216000,12186,12187,12187,1
2020-07-13,15:23:32.321000,12186,12187,12186,6
2020-07-13,15:23:32.321000,12186,12187,12186,2
2020-07-13,15:23:32.321000,12186,12187,12186,6
2020-07-13,15:23:33.397000,12185,12186,12185,1
2020-07-13,15:23:34.578000,12185,12186,12186,1
2020-07-13,15:23:35.066000,12185,12187,12187,1
2020-07-13,15:23:38.420000,12186,12188,12188,1
2020-07-13,15:23:41.127000,12187,12189,12187,1
2020-07-13,15:23:43.946000,12186,12188,12187,1
2020-07-13,15:23:44.809000,12186,12188,12188,2
2020-07-13,15:23:45.235000,12187,12188,12187,1
2020-07-13,15:23:50.921000,12188,12189,12189,2
2020-07-13,15:23:54.238000,12187,12188,12188,3
2020-07-13,15:23:55.974000,12188,12189,12188,1
2020-07-13,15:23:59.938000,12187,12188,12188,1
2020-07-13,15:24:04.017000,12188,12189,12188,1
2020-07-13,15:24:05.229000,12188,12189,12188,1
2020-07-13,15:24:05.230000,12188,12189,12188,5
2020-07-13,15:24:05.230000,12188,12189,12188,2
2020-07-13,15:24:10.336000,12187,12188,12187,1
2020-07-13,15:24:22.417000,12187,12188,12187,1
2020-07-13,15:24:23.713000,12187,12188,12187,1
2020-07-13,15:24:26.719000,12187,12188,12187,4
2020-07-13,15:24:26.719000,12187,12188,12187,2
2020-07-13,15:24:31.844000,12186,12187,12187,1
2020-07-13,15:24:37.163000,12186,12187,12187,2
2020-07-13,15:25:01.962000,12186,12187,12186,1
2020-07-13,15:25:02.870000,12186,12187,12186,1
2020-07-13,15:25:02.920000,12186,12187,12186,1
2020-07-13,15:25:07.573000,12186,12187,12187,1
2020-07-13,15:25:08.002000,12186,12187,12186,4
2020-07-13,15:25:15.122000,12186,12187,12186,1
2020-07-13,15:25:21.507000,12186,12187,12186,1
2020-07-13,15:25:24.670000,12186,12187,12186,1
2020-07-13,15:25:26.918000,12186,12187,12187,1
2020-07-13,15:25:44.432000,12185,12186,12186,1
2020-07-13,15:25:46.021000,12186,12187,12186,1
2020-07-13,15:25:48.025000,12185,12187,12185,1
2020-07-13,15:25:51.150000,12185,12187,12185,1
2020-07-13,15:25:54.591000,12186,12187,12186,1
2020-07-13,15:26:07.151000,12186,12187,12186,1
2020-07-13,15:26:08.182000,12185,12186,12186,1
2020-07-13,15:26:13.315000,12185,12186,12185,22
2020-07-13,15:26:16.046000,12184,12185,12185,1
2020-07-13,15:26:23.811000,12184,12185,12185,1
2020-07-13,15:26:28.111000,12184,12185,12184,2
2020-07-13,15:26:31.503000,12184,12185,12185,1
2020-07-13,15:26:41.530000,12184,12185,12185,1
2020-07-13,15:27:00.649000,12184,12185,12184,1
2020-07-13,15:27:01.675000,12184,12185,12184,5
2020-07-13,15:27:01.720000,12184,12185,12184,1
2020-07-13,15:27:03.796000,12183,12184,12183,1
2020-07-13,15:27:03.876000,12183,12184,12183,1
2020-07-13,15:27:03.884000,12183,12184,12183,1
2020-07-13,15:27:03.892000,12183,12184,12183,1
2020-07-13,15:27:03.912000,12183,12184,12183,1
2020-07-13,15:27:03.913000,12183,12184,12183,4
2020-07-13,15:27:04,12183,12184,12183,3
2020-07-13,15:27:04.922000,12183,12184,12184,1
2020-07-13,15:27:06.015000,12183,12184,12183,1
2020-07-13,15:27:07.342000,12182,12184,12182,1
2020-07-13,15:27:07.933000,12182,12184,12182,2
2020-07-13,15:27:10.641000,12182,12183,12183,6
2020-07-13,15:27:11.835000,12182,12183,12182,7
2020-07-13,15:27:13.129000,12181,12182,12181,1
2020-07-13,15:27:13.278000,12181,12182,12181,1
2020-07-13,15:27:13.837000,12181,12182,12181,1
2020-07-13,15:27:14.059000,12181,12182,12181,1
2020-07-13,15:27:14.060000,12181,12182,12181,1
2020-07-13,15:27:14.115000,12181,12182,12181,9
2020-07-13,15:27:15.136000,12180,12181,12181,1
2020-07-13,15:27:16.837000,12180,12181,12181,2
2020-07-13,15:27:17.109000,12181,12182,12181,1
2020-07-13,15:27:19.111000,12181,12182,12181,1
2020-07-13,15:27:22.523000,12181,12182,12182,1
2020-07-13,15:27:22.523000,12181,12182,12182,3
2020-07-13,15:27:23.208000,12181,12182,12181,1
2020-07-13,15:27:24.433000,12181,12182,12181,13
2020-07-13,15:27:25.379000,12181,12182,12182,1
2020-07-13,15:27:32.174000,12181,12182,12181,1
2020-07-13,15:27:35.019000,12181,12182,12181,4
2020-07-13,15:27:35.020000,12181,12182,12181,1
2020-07-13,15:27:37.909000,12180,12181,12180,14
2020-07-13,15:27:37.910000,12180,12181,12180,18
2020-07-13,15:27:38.043000,12179,12180,12179,1
2020-07-13,15:27:38.122000,12179,12180,12179,10
2020-07-13,15:27:38.233000,12179,12180,12179,1
2020-07-13,15:27:40.524000,12179,12180,12179,3
2020-07-13,15:27:43.210000,12179,12180,12179,1
2020-07-13,15:27:43.210000,12179,12180,12179,1
2020-07-13,15:27:43.210000,12179,12180,12179,1
2020-07-13,15:27:43.211000,12179,12180,12179,2
2020-07-13,15:27:43.211000,12179,12180,12179,2
2020-07-13,15:27:43.287000,12178,12179,12179,1
2020-07-13,15:27:43.317000,12178,12179,12179,5
2020-07-13,15:27:43.374000,12178,12179,12179,1
2020-07-13,15:27:44.187000,12178,12179,12179,1
2020-07-13,15:27:44.754000,12178,12179,12179,1
2020-07-13,15:27:46.178000,12178,12179,12178,1
2020-07-13,15:27:46.616000,12178,12179,12178,1
2020-07-13,15:27:46.660000,12178,12179,12178,2
2020-07-13,15:27:46.670000,12178,12179,12178,1
2020-07-13,15:27:46.806000,12178,12179,12178,1
2020-07-13,15:27:47.332000,12178,12179,12179,1
2020-07-13,15:27:50.661000,12178,12179,12178,4
2020-07-13,15:27:52.366000,12178,12179,12179,4
2020-07-13,15:27:52.366000,12178,12179,12179,3
2020-07-13,15:27:54.003000,12178,12180,12180,1
2020-07-13,15:27:54.416000,12179,12180,12179,1
2020-07-13,15:27:56.855000,12179,12180,12180,1
2020-07-13,15:27:57.719000,12179,12180,12180,2
2020-07-13,15:27:59.118000,12179,12180,12180,2
2020-07-13,15:28:08.287000,12179,12181,12179,4
2020-07-13,15:28:10.184000,12180,12181,12180,1
2020-07-13,15:28:10.699000,12179,12180,12179,1
2020-07-13,15:28:13.753000,12179,12180,12180,1
2020-07-13,15:28:15.628000,12180,12181,12180,1
2020-07-13,15:28:18.318000,12180,12181,12181,1
2020-07-13,15:28:18.449000,12180,12181,12181,4
2020-07-13,15:28:19.692000,12181,12182,12181,1
2020-07-13,15:28:20.085000,12181,12182,12181,1
2020-07-13,15:28:20.729000,12181,12182,12181,1
2020-07-13,15:28:24.569000,12180,12181,12180,7
2020-07-13,15:28:25.300000,12180,12181,12180,1
2020-07-13,15:28:27.214000,12180,12181,12180,1
2020-07-13,15:28:34.004000,12180,12181,12180,4
2020-07-13,15:28:36.537000,12179,12180,12180,1
2020-07-13,15:28:39.115000,12179,12180,12179,4
2020-07-13,15:28:39.115000,12179,12180,12179,3
2020-07-13,15:28:39.115000,12179,12180,12179,11
2020-07-13,15:28:39.115000,12179,12180,12179,3
2020-07-13,15:28:42.088000,12178,12179,12178,1
2020-07-13,15:28:42.445000,12178,12179,12178,1
2020-07-13,15:28:42.974000,12178,12179,12179,1
2020-07-13,15:28:43.086000,12178,12179,12178,1
2020-07-13,15:28:44.319000,12178,12179,12178,1
2020-07-13,15:28:44.339000,12178,12179,12178,5
2020-07-13,15:28:47.712000,12178,12179,12178,1
2020-07-13,15:28:49.070000,12178,12179,12179,4
2020-07-13,15:28:49.070000,12178,12179,12179,5
2020-07-13,15:28:53.153000,12179,12180,12179,1
2020-07-13,15:28:53.511000,12179,12180,12179,1
2020-07-13,15:28:57.789000,12179,12180,12179,1
2020-07-13,15:28:57.950000,12179,12180,12179,1
2020-07-13,15:29:14.243000,12179,12180,12180,5
2020-07-13,15:29:14.481000,12180,12181,12180,2
2020-07-13,15:29:16.307000,12179,12181,12179,1
2020-07-13,15:29:18.493000,12179,12180,12180,1
2020-07-13,15:29:32.674000,12180,12181,12180,1
2020-07-13,15:29:35.137000,12179,12180,12179,5
2020-07-13,15:29:35.472000,12179,12180,12180,1
2020-07-13,15:29:41.219000,12179,12180,12179,2
2020-07-13,15:29:52.353000,12179,12180,12180,5
2020-07-13,15:29:52.353000,12179,12180,12180,4
2020-07-13,15:29:58.055000,12180,12181,12180,4
2020-07-13,15:29:58.750000,12180,12181,12180,2
2020-07-13,15:30:01.218000,12180,12181,12180,3
2020-07-13,15:30:01.218000,12180,12181,12179,2
2020-07-13,15:30:01.691000,12179,12181,12179,3
2020-07-13,15:30:01.920000,12179,12180,12180,3
2020-07-13,15:30:01.980000,12179,12180,12179,1
2020-07-13,15:30:02.033000,12179,12180,12180,1
2020-07-13,15:30:02.087000,12179,12180,12180,1
2020-07-13,15:30:02.087000,12179,12180,12181,2
2020-07-13,15:30:02.458000,12179,12180,12180,1
2020-07-13,15:30:06.682000,12179,12180,12180,1
2020-07-13,15:30:07.434000,12179,12180,12180,1
2020-07-13,15:30:07.434000,12179,12180,12180,1
2020-07-13,15:30:10.813000,12180,12181,12180,1
2020-07-13,15:30:10.813000,12180,12181,12180,4
2020-07-13,15:30:10.814000,12180,12181,12180,5
2020-07-13,15:30:10.814000,12180,12181,12180,3
2020-07-13,15:30:16.829000,12180,12181,12180,1
2020-07-13,15:30:17.226000,12179,12180,12180,1
2020-07-13,15:30:22.283000,12179,12180,12180,1
2020-07-13,15:30:30.453000,12179,12180,12180,1
2020-07-13,15:30:31.430000,12179,12180,12180,5
2020-07-13,15:30:34.792000,12179,12180,12180,1
2020-07-13,15:30:38.857000,12180,12181,12181,3
2020-07-13,15:30:38.858000,12180,12181,12181,2
2020-07-13,15:31:01.059000,12181,12182,12182,3
2020-07-13,15:31:02.029000,12182,12183,12183,2
2020-07-13,15:31:02.029000,12182,12183,12183,1
2020-07-13,15:31:02.029000,12182,12183,12183,11
2020-07-13,15:31:05.387000,12183,12184,12184,1
2020-07-13,15:31:06.708000,12183,12184,12184,1
2020-07-13,15:31:09.187000,12183,12184,12184,4
2020-07-13,15:31:12.943000,12183,12184,12183,1
2020-07-13,15:31:13.222000,12183,12184,12183,1
2020-07-13,15:31:13.501000,12183,12184,12183,1
2020-07-13,15:31:13.564000,12183,12184,12184,1
2020-07-13,15:31:13.996000,12182,12184,12182,1
2020-07-13,15:31:14.077000,12182,12184,12182,1
2020-07-13,15:31:14.357000,12182,12184,12182,1
2020-07-13,15:31:14.622000,12183,12184,12183,1
2020-07-13,15:31:15.549000,12183,12184,12183,1
2020-07-13,15:31:29.118000,12181,12182,12182,1
2020-07-13,15:31:33.446000,12181,12182,12182,1
2020-07-13,15:31:41.602000,12181,12182,12181,2
2020-07-13,15:31:43.190000,12181,12182,12182,5
2020-07-13,15:31:43.217000,12181,12182,12183,2
2020-07-13,15:31:43.221000,12181,12182,12183,1
2020-07-13,15:31:45.184000,12182,12183,12183,1
2020-07-13,15:31:48.828000,12182,12183,12183,1
2020-07-13,15:31:49.665000,12183,12184,12183,1
2020-07-13,15:31:55.327000,12183,12184,12183,1
2020-07-13,15:31:55.385000,12183,12184,12183,1
2020-07-13,15:31:55.385000,12183,12184,12182,14
2020-07-13,15:31:59.675000,12182,12183,12183,1
2020-07-13,15:31:59.863000,12182,12184,12184,1
2020-07-13,15:32:15.127000,12183,12184,12184,2
2020-07-13,15:32:15.938000,12183,12184,12184,3
2020-07-13,15:32:18.634000,12183,12184,12184,2
2020-07-13,15:32:19.532000,12183,12184,12184,1
2020-07-13,15:32:21.447000,12183,12184,12183,2
2020-07-13,15:32:26.154000,12182,12183,12183,1
2020-07-13,15:32:30.150000,12182,12183,12183,2
2020-07-13,15:32:37.877000,12183,12184,12184,3
2020-07-13,15:32:37.877000,12183,12184,12184,1
2020-07-13,15:32:37.877000,12183,12184,12184,3
2020-07-13,15:32:38.521000,12184,12185,12185,2
2020-07-13,15:32:38.525000,12184,12185,12185,5
2020-07-13,15:32:38.525000,12184,12185,12185,8
2020-07-13,15:32:39.787000,12185,12186,12185,1
2020-07-13,15:32:40.139000,12185,12186,12185,1
2020-07-13,15:32:40.160000,12185,12186,12186,5
2020-07-13,15:32:40.678000,12185,12187,12185,1
2020-07-13,15:32:45.468000,12185,12186,12186,1
2020-07-13,15:32:50.359000,12186,12187,12186,1
2020-07-13,15:32:53.116000,12186,12187,12187,2
2020-07-13,15:32:56.763000,12186,12187,12187,1
2020-07-13,15:32:57.323000,12186,12187,12187,2
2020-07-13,15:32:57.323000,12186,12187,12187,4
2020-07-13,15:33:03.667000,12186,12187,12187,1
2020-07-13,15:33:04.524000,12186,12187,12187,1
2020-07-13,15:33:06.698000,12186,12187,12187,1
2020-07-13,15:33:07.660000,12186,12187,12187,1
2020-07-13,15:33:20.386000,12186,12187,12186,5
2020-07-13,15:33:20.386000,12186,12187,12186,5
2020-07-13,15:33:26.112000,12185,12186,12186,1
2020-07-13,15:33:26.345000,12185,12186,12186,1
2020-07-13,15:33:28.604000,12185,12186,12185,1
2020-07-13,15:33:33.308000,12185,12186,12186,1
2020-07-13,15:33:43.951000,12185,12186,12185,1
2020-07-13,15:33:45.359000,12185,12186,12185,2
2020-07-13,15:33:45.360000,12185,12186,12185,1
2020-07-13,15:33:45.608000,12184,12186,12186,1
2020-07-13,15:33:45.926000,12184,12186,12185,1
2020-07-13,15:33:53.826000,12185,12187,12185,1
2020-07-13,15:33:57.641000,12186,12187,12186,1
2020-07-13,15:34:07.415000,12185,12186,12186,2
2020-07-13,15:34:15.741000,12185,12186,12185,1
2020-07-13,15:34:17.564000,12185,12186,12185,3
2020-07-13,15:34:19.711000,12185,12186,12185,1
2020-07-13,15:34:47.634000,12184,12185,12185,1
2020-07-13,15:34:47.785000,12184,12185,12184,2
2020-07-13,15:34:47.900000,12183,12185,12183,1
2020-07-13,15:34:52.887000,12184,12185,12185,1
2020-07-13,15:34:52.888000,12184,12185,12185,4
2020-07-13,15:34:52.995000,12185,12186,12186,1
2020-07-13,15:34:59.625000,12185,12186,12186,2
2020-07-13,15:35:05.336000,12185,12186,12186,1
2020-07-13,15:35:08.687000,12186,12187,12186,9
2020-07-13,15:35:08.687000,12186,12187,12185,6
2020-07-13,15:35:35.485000,12186,12187,12187,1
2020-07-13,15:35:36.757000,12186,12187,12187,5
2020-07-13,15:35:36.757000,12186,12187,12187,3
2020-07-13,15:35:36.869000,12186,12187,12187,2
2020-07-13,15:35:38.648000,12186,12188,12188,1
2020-07-13,15:35:48.207000,12186,12187,12187,1
2020-07-13,15:35:52.924000,12186,12187,12186,4
2020-07-13,15:35:52.924000,12186,12187,12186,2
2020-07-13,15:35:52.924000,12186,12187,12186,2
2020-07-13,15:35:52.924000,12186,12187,12186,2
2020-07-13,15:35:53.623000,12185,12186,12186,1
2020-07-13,15:35:54.047000,12185,12186,12186,1
2020-07-13,15:35:55.192000,12185,12186,12185,2
2020-07-13,15:35:55.193000,12185,12186,12185,1
2020-07-13,15:35:56.754000,12184,12185,12185,1
2020-07-13,15:35:57.487000,12184,12185,12185,1
2020-07-13,15:36:02.667000,12184,12185,12185,1
2020-07-13,15:36:03.807000,12184,12185,12185,2
2020-07-13,15:36:06.417000,12184,12185,12184,2
2020-07-13,15:36:06.417000,12184,12185,12183,13
2020-07-13,15:36:06.787000,12183,12184,12184,2
2020-07-13,15:36:06.806000,12183,12184,12185,2
2020-07-13,15:36:09.057000,12184,12185,12185,1
2020-07-13,15:36:09.086000,12184,12185,12184,4
2020-07-13,15:36:09.618000,12184,12185,12185,1
2020-07-13,15:36:09.618000,12184,12185,12186,2
2020-07-13,15:36:22.331000,12184,12185,12185,1
2020-07-13,15:36:25.260000,12184,12185,12185,1
2020-07-13,15:36:27.372000,12184,12185,12185,1
2020-07-13,15:36:39.366000,12184,12186,12184,5
2020-07-13,15:36:41.750000,12184,12186,12186,1
2020-07-13,15:36:49.445000,12184,12186,12186,1
2020-07-13,15:36:49.908000,12184,12186,12186,1
2020-07-13,15:36:58.111000,12185,12186,12185,1
2020-07-13,15:36:59.628000,12185,12186,12186,1
2020-07-13,15:37:08.783000,12185,12187,12187,1
2020-07-13,15:37:11.313000,12185,12187,12185,1
2020-07-13,15:37:21.760000,12186,12187,12187,5
2020-07-13,15:37:21.760000,12186,12187,12187,1
2020-07-13,15:37:32.106000,12185,12187,12187,1
2020-07-13,15:37:58.408000,12186,12188,12188,1
2020-07-13,15:38:08.355000,12186,12188,12188,1
2020-07-13,15:38:14.881000,12187,12188,12187,1
2020-07-13,15:38:22.201000,12187,12188,12188,1
2020-07-13,15:38:33.614000,12187,12188,12188,1
2020-07-13,15:38:33.614000,12187,12188,12188,5
2020-07-13,15:38:33.614000,12187,12188,12188,1
2020-07-13,15:38:33.614000,12187,12188,12188,1
2020-07-13,15:38:39.659000,12188,12189,12189,1
2020-07-13,15:38:41.350000,12188,12189,12189,1
2020-07-13,15:38:42.879000,12187,12189,12189,1
2020-07-13,15:38:43.281000,12187,12189,12189,5
2020-07-13,15:38:51.813000,12188,12189,12188,2
2020-07-13,15:38:51.814000,12188,12189,12188,4
2020-07-13,15:38:52.280000,12187,12188,12188,1
2020-07-13,15:38:53.822000,12187,12188,12188,9
2020-07-13,15:38:56.443000,12187,12188,12187,1
2020-07-13,15:38:57.221000,12186,12187,12187,1
2020-07-13,15:39:00.829000,12186,12187,12186,2
2020-07-13,15:39:02.007000,12185,12186,12186,1
2020-07-13,15:39:07.816000,12185,12186,12186,1
2020-07-13,15:39:08.035000,12185,12186,12186,1
2020-07-13,15:39:08.244000,12185,12186,12185,2
2020-07-13,15:39:08.244000,12185,12186,12185,2
2020-07-13,15:39:09.855000,12184,12186,12186,1
2020-07-13,15:39:11.242000,12184,12185,12185,1
2020-07-13,15:39:11.353000,12184,12185,12185,1
2020-07-13,15:39:11.354000,12184,12185,12185,2
2020-07-13,15:39:15.169000,12184,12185,12184,1
2020-07-13,15:39:19.600000,12184,12185,12184,2
2020-07-13,15:39:25.746000,12184,12185,12185,2
2020-07-13,15:39:25.746000,12184,12185,12185,2
2020-07-13,15:40:11.327000,12187,12188,12187,1
2020-07-13,15:40:31.907000,12187,12188,12188,3
2020-07-13,15:40:31.907000,12187,12188,12188,3
2020-07-13,15:40:34.141000,12188,12189,12188,1
2020-07-13,15:40:41.016000,12188,12189,12188,2
2020-07-13,15:40:48.922000,12188,12189,12188,1
2020-07-13,15:41:00.378000,12188,12189,12189,7
2020-07-13,15:41:00.378000,12188,12189,12189,2
2020-07-13,15:41:00.715000,12189,12190,12190,3
2020-07-13,15:41:00.723000,12189,12190,12190,2
2020-07-13,15:41:00.783000,12189,12190,12190,1
2020-07-13,15:41:00.876000,12189,12190,12190,3
2020-07-13,15:41:00.876000,12189,12190,12190,13
2020-07-13,15:41:00.945000,12189,12190,12191,3
2020-07-13,15:41:00.988000,12189,12190,12191,2
2020-07-13,15:41:01.078000,12190,12191,12190,1
2020-07-13,15:41:07.009000,12190,12191,12190,1
2020-07-13,15:41:07.074000,12190,12191,12190,1
2020-07-13,15:41:11.448000,12190,12191,12190,1
2020-07-13,15:41:18.426000,12190,12191,12190,1
2020-07-13,15:41:18.426000,12190,12191,12190,1
2020-07-13,15:41:18.426000,12190,12191,12190,4
2020-07-13,15:41:19.450000,12189,12190,12190,2
2020-07-13,15:41:19.450000,12189,12190,12191,3
2020-07-13,15:41:22.652000,12190,12191,12191,1
2020-07-13,15:41:23.053000,12190,12191,12190,1
2020-07-13,15:41:32.887000,12190,12191,12190,1
2020-07-13,15:41:37.454000,12190,12191,12191,1
2020-07-13,15:41:37.651000,12190,12191,12190,1
2020-07-13,15:41:49.259000,12190,12191,12191,2
2020-07-13,15:41:49.259000,12190,12191,12191,4
2020-07-13,15:41:49.259000,12190,12191,12191,2
2020-07-13,15:41:49.260000,12190,12191,12191,1
2020-07-13,15:41:49.260000,12190,12191,12191,4
2020-07-13,15:41:49.260000,12190,12191,12191,2
2020-07-13,15:41:50.452000,12191,12192,12191,1
2020-07-13,15:41:50.845000,12191,12192,12191,1
2020-07-13,15:41:55.579000,12191,12192,12191,1
2020-07-13,15:42:01.552000,12191,12192,12191,5
2020-07-13,15:42:01.552000,12191,12192,12191,2
2020-07-13,15:42:08.107000,12190,12191,12191,1
2020-07-13,15:42:15.295000,12190,12191,12191,1
2020-07-13,15:42:20.312000,12190,12191,12190,4
2020-07-13,15:42:20.312000,12190,12191,12190,20
2020-07-13,15:42:20.351000,12190,12191,12189,5
2020-07-13,15:42:20.351000,12190,12191,12189,4
2020-07-13,15:42:20.351000,12190,12191,12189,5
2020-07-13,15:42:21.266000,12189,12190,12190,1
2020-07-13,15:42:21.317000,12189,12190,12189,2
2020-07-13,15:42:22.049000,12189,12190,12189,1
2020-07-13,15:42:22.049000,12189,12190,12189,4
2020-07-13,15:42:22.085000,12189,12190,12189,1
2020-07-13,15:42:22.086000,12189,12190,12189,1
2020-07-13,15:42:22.086000,12189,12190,12189,1
2020-07-13,15:42:23.032000,12188,12189,12188,1
2020-07-13,15:42:23.517000,12188,12190,12190,1
2020-07-13,15:42:27.090000,12189,12191,12190,1
2020-07-13,15:42:27.893000,12190,12191,12190,1
2020-07-13,15:42:30.915000,12189,12190,12190,1
2020-07-13,15:42:32.084000,12189,12191,12189,3
2020-07-13,15:42:32.800000,12189,12190,12190,1
2020-07-13,15:42:49.143000,12190,12191,12190,1
2020-07-13,15:43:02.827000,12190,12191,12191,1
2020-07-13,15:43:03.806000,12190,12191,12190,2
2020-07-13,15:43:07.337000,12190,12191,12190,1
2020-07-13,15:43:07.489000,12190,12191,12190,1
2020-07-13,15:43:07.490000,12190,12191,12190,2
2020-07-13,15:43:11.984000,12189,12190,12189,2
2020-07-13,15:43:12.232000,12189,12190,12189,1
2020-07-13,15:43:12.235000,12189,12190,12189,1
2020-07-13,15:43:26.640000,12188,12189,12188,1
2020-07-13,15:43:27.277000,12188,12189,12189,2
2020-07-13,15:43:41.456000,12188,12189,12188,1
2020-07-13,15:43:42.746000,12188,12189,12189,3
2020-07-13,15:43:49.686000,12188,12189,12189,2
2020-07-13,15:43:49.686000,12188,12189,12189,2
2020-07-13,15:44:04.262000,12188,12189,12189,1
2020-07-13,15:44:04.579000,12188,12189,12189,2
2020-07-13,15:44:06.645000,12188,12189,12189,1
2020-07-13,15:44:10.295000,12188,12189,12188,1
2020-07-13,15:44:17.319000,12188,12189,12188,3
2020-07-13,15:44:22.671000,12187,12188,12187,1
2020-07-13,15:44:26.136000,12187,12188,12188,3
2020-07-13,15:44:26.136000,12187,12188,12188,1
2020-07-13,15:44:26.249000,12188,12189,12188,1
2020-07-13,15:44:26.478000,12187,12189,12187,1
2020-07-13,15:44:27.111000,12187,12188,12187,2
2020-07-13,15:44:31.576000,12187,12188,12188,1
2020-07-13,15:44:31.577000,12187,12188,12188,1
2020-07-13,15:44:39.006000,12187,12188,12188,1
2020-07-13,15:44:41.877000,12188,12189,12188,1
2020-07-13,15:44:48.096000,12188,12189,12189,2
2020-07-13,15:44:57.903000,12188,12189,12189,2
2020-07-13,15:45:03.808000,12189,12190,12189,1
2020-07-13,15:45:08.376000,12188,12189,12189,1
2020-07-13,15:45:28.827000,12188,12189,12189,2
2020-07-13,15:45:28.827000,12188,12189,12189,5
2020-07-13,15:45:28.830000,12188,12189,12189,4
2020-07-13,15:45:28.830000,12188,12189,12190,12
2020-07-13,15:45:28.832000,12188,12189,12189,2
2020-07-13,15:45:28.875000,12188,12189,12189,1
2020-07-13,15:45:42.265000,12188,12189,12189,3
2020-07-13,15:46:00.638000,12188,12189,12189,2
2020-07-13,15:46:16.715000,12188,12189,12189,1
2020-07-13,15:46:18.284000,12188,12189,12189,1
2020-07-13,15:46:22.201000,12188,12189,12189,2
2020-07-13,15:46:24.590000,12189,12190,12189,1
2020-07-13,15:46:26.473000,12189,12190,12189,1
2020-07-13,15:46:36.744000,12189,12190,12189,1
2020-07-13,15:46:46.433000,12188,12189,12188,1
2020-07-13,15:46:55.654000,12188,12189,12188,2
2020-07-13,15:46:55.654000,12188,12189,12188,5
2020-07-13,15:46:55.654000,12188,12189,12188,2
2020-07-13,15:46:55.654000,12188,12189,12188,2
2020-07-13,15:47:07.980000,12188,12189,12188,1
2020-07-13,15:47:11.137000,12188,12189,12188,1
2020-07-13,15:47:14.072000,12187,12188,12188,4
2020-07-13,15:47:14.229000,12188,12189,12188,1
2020-07-13,15:47:21.412000,12187,12188,12188,1
2020-07-13,15:47:30.405000,12186,12187,12187,1
2020-07-13,15:47:30.405000,12186,12187,12187,3
2020-07-13,15:47:58.868000,12187,12188,12187,1
2020-07-13,15:48:18.274000,12187,12188,12187,2
2020-07-13,15:48:18.639000,12186,12187,12186,1
2020-07-13,15:48:27.781000,12186,12187,12186,1
2020-07-13,15:48:35.967000,12186,12187,12186,1
2020-07-13,15:48:44.181000,12186,12187,12187,1
2020-07-13,15:48:51.333000,12186,12187,12187,1
2020-07-13,15:48:51.741000,12186,12187,12187,2
2020-07-13,15:48:54.655000,12187,12188,12187,1
2020-07-13,15:48:54.655000,12187,12188,12186,1
2020-07-13,15:49:05.319000,12187,12188,12187,1
2020-07-13,15:49:12.496000,12186,12187,12186,1
2020-07-13,15:49:12.496000,12186,12187,12186,4
2020-07-13,15:49:12.496000,12186,12187,12186,1
2020-07-13,15:49:12.496000,12186,12187,12186,7
2020-07-13,15:49:16.466000,12186,12187,12186,1
2020-07-13,15:49:19.750000,12185,12186,12186,1
2020-07-13,15:49:23.641000,12186,12187,12186,4
2020-07-13,15:49:31.416000,12185,12186,12186,1
2020-07-13,15:49:31.726000,12186,12187,12186,2
2020-07-13,15:49:32.845000,12186,12187,12186,2
2020-07-13,15:49:40.416000,12185,12186,12186,3
2020-07-13,15:50:18.183000,12185,12186,12186,4
2020-07-13,15:50:30.643000,12186,12187,12186,5
2020-07-13,15:50:51.450000,12185,12186,12186,2
2020-07-13,15:51:07.382000,12186,12187,12186,1
2020-07-13,15:51:26.757000,12185,12186,12186,2
2020-07-13,15:51:36.513000,12186,12187,12186,3
2020-07-13,15:51:38.025000,12185,12186,12186,1
2020-07-13,15:51:38.025000,12185,12186,12186,1
2020-07-13,15:52:06.571000,12186,12187,12187,4
2020-07-13,15:53:06.231000,12187,12188,12188,1
2020-07-13,15:53:15.990000,12187,12188,12187,1
2020-07-13,15:53:15.990000,12187,12188,12187,1
2020-07-13,15:53:33.042000,12186,12187,12187,1
2020-07-13,15:53:34.690000,12186,12187,12187,1
2020-07-13,15:53:37.749000,12186,12187,12186,4
2020-07-13,15:53:52.632000,12186,12187,12186,1
2020-07-13,15:53:52.632000,12186,12187,12186,1
2020-07-13,15:53:52.632000,12186,12187,12186,2
2020-07-13,15:53:59.928000,12185,12186,12185,1
2020-07-13,15:54:17.163000,12185,12186,12185,4
2020-07-13,15:54:17.164000,12185,12186,12185,10
2020-07-13,15:54:17.164000,12185,12186,12185,1
2020-07-13,15:54:17.588000,12184,12185,12184,3
2020-07-13,15:54:18.458000,12184,12185,12184,6
2020-07-13,15:54:19.267000,12184,12185,12184,2
2020-07-13,15:54:19.646000,12184,12185,12184,2
2020-07-13,15:54:23.842000,12184,12185,12185,1
2020-07-13,15:54:31.383000,12183,12184,12184,1
2020-07-13,15:54:31.383000,12183,12184,12184,1
2020-07-13,15:54:32.044000,12184,12185,12184,1
2020-07-13,15:54:34.512000,12183,12184,12184,1
2020-07-13,15:54:44.135000,12184,12185,12184,1
2020-07-13,15:54:45.187000,12184,12185,12184,1
2020-07-13,15:54:53.429000,12183,12184,12184,1
2020-07-13,15:54:55.561000,12184,12185,12184,1
2020-07-13,15:55:06.132000,12184,12185,12184,2
2020-07-13,15:55:11.834000,12183,12184,12183,1
2020-07-13,15:55:14.748000,12183,12184,12184,1
2020-07-13,15:55:14.748000,12183,12184,12184,3
2020-07-13,15:55:24.945000,12184,12185,12185,2
2020-07-13,15:55:24.945000,12184,12185,12185,1
2020-07-13,15:55:44.920000,12184,12185,12185,3
2020-07-13,15:55:50.212000,12185,12186,12185,1
2020-07-13,15:56:01.817000,12185,12186,12185,1
2020-07-13,15:56:04.834000,12185,12186,12186,2
2020-07-13,15:56:07.064000,12185,12186,12186,1
2020-07-13,15:56:30.102000,12186,12187,12187,6
2020-07-13,15:56:32.115000,12186,12188,12187,2
2020-07-13,15:56:33.761000,12187,12188,12187,1
2020-07-13,15:56:37.898000,12186,12187,12187,1
2020-07-13,15:56:44.637000,12186,12187,12187,1
2020-07-13,15:57:01.719000,12186,12187,12186,2
2020-07-13,15:57:40.203000,12185,12186,12186,1
2020-07-13,15:58:03.378000,12185,12186,12185,1
2020-07-13,15:58:03.379000,12185,12186,12185,4
2020-07-13,15:58:03.379000,12185,12186,12185,5
2020-07-13,15:58:03.379000,12185,12186,12185,2
2020-07-13,15:58:09.944000,12184,12185,12184,1
2020-07-13,15:58:14.864000,12184,12185,12184,2
2020-07-13,15:58:14.864000,12184,12185,12184,5
2020-07-13,15:58:14.864000,12184,12185,12184,2
2020-07-13,15:58:14.892000,12183,12184,12183,1
2020-07-13,15:58:18.330000,12184,12185,12184,1
2020-07-13,15:58:18.384000,12184,12185,12184,2
2020-07-13,15:58:21.330000,12183,12184,12183,5
2020-07-13,15:58:26.490000,12183,12184,12183,1
2020-07-13,15:58:37.385000,12183,12184,12184,5
2020-07-13,15:58:37.386000,12183,12184,12184,2
2020-07-13,15:58:37.624000,12183,12185,12183,5
2020-07-13,15:58:47.109000,12183,12184,12183,1
2020-07-13,15:58:49.083000,12183,12184,12183,2
2020-07-13,15:58:49.140000,12182,12184,12183,1
2020-07-13,15:58:56.591000,12183,12184,12183,1
2020-07-13,15:59:04.728000,12183,12184,12184,1
2020-07-13,15:59:13.171000,12184,12185,12184,1
2020-07-13,15:59:16.559000,12184,12185,12184,1
2020-07-13,15:59:18.206000,12184,12185,12184,1
2020-07-13,15:59:18.459000,12184,12185,12184,1
2020-07-13,15:59:29.776000,12183,12184,12183,1
2020-07-13,15:59:29.780000,12183,12184,12183,5
2020-07-13,15:59:31.666000,12182,12183,12182,1
2020-07-13,15:59:31.666000,12182,12183,12182,5
2020-07-13,15:59:31.666000,12182,12183,12182,1
2020-07-13,15:59:32.284000,12181,12182,12182,1
2020-07-13,15:59:32.817000,12181,12182,12182,1
2020-07-13,15:59:53.834000,12181,12182,12181,7
2020-07-13,15:59:53.834000,12181,12182,12181,4
2020-07-13,16:00:01.343000,12181,12182,12181,4
2020-07-13,16:00:01.344000,12181,12182,12181,1
2020-07-13,16:00:01.465000,12180,12181,12180,4
2020-07-13,16:00:01.533000,12180,12181,12180,1
2020-07-13,16:00:01.546000,12180,12181,12180,1
2020-07-13,16:00:01.557000,12180,12181,12180,1
2020-07-13,16:00:01.565000,12180,12181,12180,2
2020-07-13,16:00:01.607000,12180,12181,12180,2
2020-07-13,16:00:05.699000,12180,12181,12180,1
2020-07-13,16:00:09.616000,12180,12181,12181,2
2020-07-13,16:00:09.620000,12180,12181,12181,2
2020-07-13,16:00:09.622000,12180,12181,12180,1
2020-07-13,16:00:09.629000,12180,12181,12180,1
2020-07-13,16:00:09.647000,12180,12181,12180,1
2020-07-13,16:00:09.648000,12180,12181,12180,1
2020-07-13,16:00:09.651000,12180,12181,12180,1
2020-07-13,16:00:09.651000,12180,12181,12180,2
2020-07-13,16:00:09.651000,12180,12181,12180,4
2020-07-13,16:00:09.651000,12180,12181,12180,2
2020-07-13,16:00:09.651000,12180,12181,12180,15
2020-07-13,16:00:09.652000,12180,12181,12179,1
2020-07-13,16:00:09.655000,12180,12181,12179,1
2020-07-13,16:00:09.657000,12180,12181,12179,2
2020-07-13,16:00:09.840000,12179,12180,12179,9
2020-07-13,16:00:09.840000,12179,12180,12178,1
2020-07-13,16:00:09.896000,12178,12180,12178,2
2020-07-13,16:00:09.923000,12178,12180,12178,3
2020-07-13,16:00:09.940000,12178,12180,12178,5
2020-07-13,16:00:09.940000,12178,12180,12178,5
2020-07-13,16:00:09.967000,12178,12180,12178,2
2020-07-13,16:00:10.050000,12178,12179,12178,5
2020-07-13,16:00:10.576000,12178,12179,12178,1
2020-07-13,16:00:10.604000,12178,12179,12178,1
2020-07-13,16:00:10.699000,12178,12179,12178,1
2020-07-13,16:00:10.806000,12178,12179,12178,9
2020-07-13,16:00:10.834000,12178,12179,12178,1
2020-07-13,16:00:11.191000,12177,12179,12177,1
2020-07-13,16:00:11.266000,12177,12179,12177,1
2020-07-13,16:00:11.268000,12177,12179,12177,1
2020-07-13,16:00:11.295000,12177,12179,12177,1
2020-07-13,16:00:11.369000,12177,12179,12177,3
2020-07-13,16:00:11.418000,12177,12179,12177,3
2020-07-13,16:00:11.423000,12177,12179,12178,1
2020-07-13,16:00:11.499000,12177,12179,12177,1
2020-07-13,16:00:11.534000,12177,12179,12177,3
2020-07-13,16:00:11.821000,12177,12179,12177,1
2020-07-13,16:00:14.629000,12177,12179,12178,1
2020-07-13,16:00:15.586000,12178,12179,12178,5
2020-07-13,16:00:15.686000,12177,12179,12177,1
2020-07-13,16:00:17.088000,12178,12179,12178,2
2020-07-13,16:00:17.728000,12178,12179,12179,1
2020-07-13,16:00:17.728000,12178,12179,12179,2
2020-07-13,16:00:17.728000,12178,12179,12179,1
2020-07-13,16:00:17.729000,12178,12179,12179,5
2020-07-13,16:00:17.870000,12179,12180,12180,2
2020-07-13,16:00:18.664000,12179,12180,12179,1
2020-07-13,16:00:20.371000,12179,12180,12180,1
2020-07-13,16:00:20.557000,12179,12180,12180,1
2020-07-13,16:00:25.989000,12179,12181,12180,1
2020-07-13,16:00:26.103000,12179,12180,12180,1
2020-07-13,16:00:26.391000,12179,12181,12181,1
2020-07-13,16:00:26.451000,12179,12181,12180,1
2020-07-13,16:00:36.403000,12180,12181,12180,2
2020-07-13,16:00:36.403000,12180,12181,12180,1
2020-07-13,16:00:38.970000,12179,12180,12179,2
2020-07-13,16:00:39.165000,12179,12180,12179,2
2020-07-13,16:00:39.420000,12178,12179,12178,5
2020-07-13,16:00:39.981000,12178,12179,12178,4
2020-07-13,16:00:39.982000,12178,12179,12178,1
2020-07-13,16:00:39.982000,12178,12179,12178,1
2020-07-13,16:00:40.535000,12177,12178,12177,4
2020-07-13,16:00:40.535000,12177,12178,12177,1
2020-07-13,16:00:40.536000,12177,12178,12177,1
2020-07-13,16:00:40.889000,12176,12177,12177,2
2020-07-13,16:00:40.891000,12176,12177,12177,1
2020-07-13,16:00:41.244000,12176,12177,12177,1
2020-07-13,16:00:41.249000,12176,12177,12176,1
2020-07-13,16:00:41.405000,12176,12178,12176,1
2020-07-13,16:00:41.429000,12176,12178,12177,1
2020-07-13,16:00:41.856000,12176,12177,12176,5
2020-07-13,16:00:42.365000,12176,12177,12176,3
2020-07-13,16:00:44.766000,12176,12177,12176,5
2020-07-13,16:00:45.953000,12176,12177,12177,2
2020-07-13,16:00:47.027000,12176,12178,12176,1
2020-07-13,16:00:47.733000,12176,12178,12176,4
2020-07-13,16:00:47.749000,12176,12177,12177,2
2020-07-13,16:00:48.686000,12176,12178,12176,1
2020-07-13,16:00:49.436000,12176,12178,12176,2
2020-07-13,16:00:52.508000,12176,12177,12176,1
2020-07-13,16:00:54.497000,12176,12177,12177,2
2020-07-13,16:00:54.703000,12176,12178,12176,1
2020-07-13,16:00:55.025000,12176,12178,12176,10
2020-07-13,16:00:55.380000,12176,12177,12176,1
2020-07-13,16:00:56.731000,12175,12176,12175,1
2020-07-13,16:00:56.774000,12175,12176,12175,2
2020-07-13,16:00:56.785000,12175,12176,12175,1
2020-07-13,16:00:57.055000,12175,12176,12175,1
2020-07-13,16:00:57.695000,12175,12176,12175,1
2020-07-13,16:00:59.519000,12175,12176,12176,2
2020-07-13,16:00:59.574000,12175,12176,12175,1
2020-07-13,16:00:59.677000,12175,12176,12176,1
2020-07-13,16:01:01.876000,12175,12176,12176,2
2020-07-13,16:01:03.258000,12175,12176,12176,1
2020-07-13,16:01:03.675000,12175,12176,12175,5
2020-07-13,16:01:03.850000,12175,12176,12175,10
2020-07-13,16:01:04.596000,12175,12176,12175,1
2020-07-13,16:01:08.947000,12175,12176,12176,1
2020-07-13,16:01:08.993000,12175,12176,12176,1
2020-07-13,16:01:09.907000,12175,12177,12175,1
2020-07-13,16:01:11.031000,12176,12177,12176,2
2020-07-13,16:01:11.201000,12176,12178,12176,1
2020-07-13,16:01:11.258000,12176,12178,12178,1
2020-07-13,16:01:13.064000,12177,12178,12177,1
2020-07-13,16:01:13.064000,12177,12178,12176,4
2020-07-13,16:01:17.904000,12176,12177,12177,1
2020-07-13,16:01:22.779000,12176,12177,12177,1
2020-07-13,16:01:25.117000,12177,12178,12178,1
2020-07-13,16:01:26.949000,12177,12178,12178,1
2020-07-13,16:01:29.611000,12177,12178,12178,1
2020-07-13,16:01:31.557000,12177,12178,12178,1
2020-07-13,16:01:39.713000,12179,12180,12179,1
2020-07-13,16:01:39.713000,12179,12180,12178,1
2020-07-13,16:01:41.247000,12178,12180,12180,2
2020-07-13,16:01:41.664000,12178,12180,12178,1
2020-07-13,16:01:48.229000,12178,12179,12179,1
2020-07-13,16:01:52.118000,12179,12180,12180,1
2020-07-13,16:01:53.160000,12179,12180,12180,1
2020-07-13,16:02:04.843000,12179,12180,12179,3
2020-07-13,16:02:07.949000,12179,12180,12180,1
2020-07-13,16:02:10.768000,12179,12180,12179,2
2020-07-13,16:02:11.527000,12178,12179,12179,1
2020-07-13,16:02:14.038000,12178,12179,12179,1
2020-07-13,16:02:14.335000,12179,12180,12179,1
2020-07-13,16:02:28.107000,12178,12179,12179,1
2020-07-13,16:02:29.127000,12178,12179,12179,1
2020-07-13,16:02:29.224000,12178,12179,12179,1
2020-07-13,16:02:40.721000,12178,12179,12179,1
2020-07-13,16:02:47.825000,12178,12179,12179,1
2020-07-13,16:02:48.599000,12178,12179,12179,1
2020-07-13,16:02:49.337000,12178,12180,12178,1
2020-07-13,16:02:55.252000,12178,12179,12179,1
2020-07-13,16:03:04.109000,12179,12180,12179,3
2020-07-13,16:03:04.599000,12179,12180,12179,1
2020-07-13,16:03:04.601000,12179,12180,12179,1
2020-07-13,16:03:06.293000,12178,12180,12179,1
2020-07-13,16:03:13.084000,12178,12179,12179,1
2020-07-13,16:03:13.709000,12179,12180,12179,1
2020-07-13,16:03:15.213000,12179,12180,12179,2
2020-07-13,16:03:20.944000,12179,12180,12179,1
2020-07-13,16:03:27.695000,12179,12180,12179,1
2020-07-13,16:03:44.634000,12178,12179,12179,4
2020-07-13,16:03:46.163000,12178,12179,12179,1
2020-07-13,16:03:55.058000,12178,12179,12178,1
2020-07-13,16:04:05.830000,12178,12179,12178,4
2020-07-13,16:04:05.831000,12178,12179,12178,2
2020-07-13,16:04:05.831000,12178,12179,12178,4
2020-07-13,16:04:05.831000,12178,12179,12178,5
2020-07-13,16:04:05.831000,12178,12179,12178,3
2020-07-13,16:04:05.831000,12178,12179,12178,3
2020-07-13,16:04:05.891000,12177,12178,12177,1
2020-07-13,16:04:10.924000,12177,12178,12177,3
2020-07-13,16:04:11.342000,12177,12178,12177,1
2020-07-13,16:04:12.131000,12177,12178,12177,2
2020-07-13,16:04:12.134000,12177,12178,12177,2
2020-07-13,16:04:14.683000,12176,12177,12177,1
2020-07-13,16:04:24.124000,12176,12177,12176,1
2020-07-13,16:04:25.160000,12176,12177,12176,2
2020-07-13,16:04:25.391000,12176,12177,12176,1
2020-07-13,16:04:30.718000,12176,12177,12177,5
2020-07-13,16:04:30.727000,12176,12177,12178,4
2020-07-13,16:04:30.749000,12177,12178,12177,1
2020-07-13,16:04:30.960000,12177,12178,12177,3
2020-07-13,16:04:33.965000,12177,12178,12177,1
2020-07-13,16:04:35.582000,12177,12178,12177,1
2020-07-13,16:04:39.622000,12176,12178,12178,1
2020-07-13,16:04:39.954000,12177,12178,12177,4
2020-07-13,16:04:47.966000,12177,12179,12177,1
2020-07-13,16:04:51.813000,12177,12178,12177,1
2020-07-13,16:04:56.707000,12176,12178,12178,4
2020-07-13,16:05:02.033000,12177,12178,12178,1
2020-07-13,16:05:03.259000,12177,12178,12178,1
2020-07-13,16:05:10.528000,12177,12178,12177,2
2020-07-13,16:05:11.391000,12177,12178,12177,1
2020-07-13,16:05:14.847000,12176,12177,12177,1
2020-07-13,16:05:16.769000,12176,12177,12177,1
2020-07-13,16:05:23.057000,12177,12178,12177,1
2020-07-13,16:05:31.299000,12177,12178,12178,2
2020-07-13,16:05:48.299000,12178,12179,12179,1
2020-07-13,16:05:48.370000,12178,12179,12179,1
2020-07-13,16:05:51.096000,12178,12179,12178,2
2020-07-13,16:05:57.215000,12178,12179,12179,1
2020-07-13,16:06:03.531000,12178,12179,12179,1
2020-07-13,16:06:05.233000,12178,12179,12178,1
2020-07-13,16:06:13.514000,12178,12179,12179,4
2020-07-13,16:06:13.515000,12178,12179,12179,5
2020-07-13,16:06:13.515000,12178,12179,12179,2
2020-07-13,16:06:13.515000,12178,12179,12179,1
2020-07-13,16:06:31.234000,12179,12180,12180,2
2020-07-13,16:06:31.234000,12179,12180,12180,2
2020-07-13,16:06:31.234000,12179,12180,12180,9
2020-07-13,16:06:38.157000,12179,12181,12180,1
2020-07-13,16:06:46.744000,12180,12181,12180,3
2020-07-13,16:06:54.975000,12180,12181,12180,2
2020-07-13,16:06:57.249000,12180,12181,12180,2
2020-07-13,16:07:00.983000,12180,12181,12180,1
2020-07-13,16:07:02.955000,12180,12181,12180,3
2020-07-13,16:07:11.038000,12180,12181,12180,1
2020-07-13,16:07:11.038000,12180,12181,12180,5
2020-07-13,16:07:11.632000,12179,12180,12180,1
2020-07-13,16:07:14.269000,12179,12180,12180,7
2020-07-13,16:07:25.526000,12179,12180,12180,3
2020-07-13,16:07:26.109000,12180,12181,12181,1
2020-07-13,16:07:42.543000,12180,12181,12181,1
2020-07-13,16:07:42.732000,12180,12181,12181,5
2020-07-13,16:07:49.875000,12180,12181,12180,2
2020-07-13,16:07:50.529000,12179,12181,12181,1
2020-07-13,16:08:00.578000,12179,12180,12180,1
2020-07-13,16:08:09.265000,12180,12181,12180,1
2020-07-13,16:08:14.722000,12180,12181,12180,1
2020-07-13,16:08:15.286000,12180,12181,12180,1
2020-07-13,16:08:17.850000,12179,12180,12179,1
2020-07-13,16:08:18.888000,12179,12180,12180,2
2020-07-13,16:08:23.383000,12179,12180,12180,1
2020-07-13,16:08:30.303000,12180,12181,12180,1
2020-07-13,16:08:45.448000,12180,12181,12181,1
2020-07-13,16:08:51.269000,12180,12181,12181,5
2020-07-13,16:08:51.269000,12180,12181,12181,1
2020-07-13,16:08:51.269000,12180,12181,12181,7
2020-07-13,16:08:53.414000,12181,12182,12181,1
2020-07-13,16:08:53.415000,12181,12182,12181,1
2020-07-13,16:09:05.952000,12181,12182,12182,1
2020-07-13,16:09:06.022000,12181,12182,12181,1
2020-07-13,16:09:17.648000,12181,12182,12182,1
2020-07-13,16:09:26.491000,12181,12182,12182,1
2020-07-13,16:09:28.256000,12181,12182,12182,6
2020-07-13,16:09:29.265000,12182,12183,12183,4
2020-07-13,16:09:34.421000,12183,12184,12184,2
2020-07-13,16:09:37.984000,12183,12185,12185,1
2020-07-13,16:09:39.201000,12183,12185,12183,3
2020-07-13,16:09:48.131000,12183,12184,12184,1
2020-07-13,16:09:52.177000,12183,12184,12184,1
2020-07-13,16:09:53.483000,12183,12184,12184,8
2020-07-13,16:09:58.756000,12184,12185,12185,1
2020-07-13,16:09:59.914000,12184,12185,12185,1
2020-07-13,16:10:02.278000,12184,12185,12185,24
2020-07-13,16:10:03.583000,12185,12186,12185,1
2020-07-13,16:10:15.608000,12185,12186,12186,1
2020-07-13,16:10:15.639000,12185,12186,12186,1
2020-07-13,16:10:17.227000,12185,12186,12185,1
2020-07-13,16:10:19.446000,12185,12186,12186,2
2020-07-13,16:10:20.278000,12185,12186,12185,1
2020-07-13,16:10:21.430000,12185,12186,12185,4
2020-07-13,16:10:21.430000,12185,12186,12185,9
2020-07-13,16:10:22.185000,12184,12185,12185,1
2020-07-13,16:10:30.229000,12184,12185,12185,1
2020-07-13,16:10:31.260000,12184,12185,12184,1
2020-07-13,16:10:45.779000,12184,12185,12184,1
2020-07-13,16:10:55.134000,12184,12185,12185,1
2020-07-13,16:10:55.657000,12184,12185,12184,2
2020-07-13,16:10:55.820000,12184,12185,12185,5
2020-07-13,16:10:55.820000,12184,12185,12185,2
2020-07-13,16:10:55.821000,12184,12185,12185,1
2020-07-13,16:11:02.504000,12185,12186,12185,1
2020-07-13,16:11:02.504000,12185,12186,12185,3
2020-07-13,16:11:04.626000,12185,12186,12185,2
2020-07-13,16:11:15.006000,12184,12185,12184,1
2020-07-13,16:11:15.007000,12184,12185,12184,1
2020-07-13,16:11:15.007000,12184,12185,12184,3
2020-07-13,16:11:15.007000,12184,12185,12184,2
2020-07-13,16:11:16.179000,12183,12184,12184,1
2020-07-13,16:11:29.801000,12184,12185,12184,1
2020-07-13,16:11:34.622000,12184,12185,12184,2
2020-07-13,16:11:40.612000,12184,12185,12185,4
2020-07-13,16:11:51.004000,12185,12186,12185,1
2020-07-13,16:11:54.169000,12185,12186,12185,2
2020-07-13,16:12:03.286000,12185,12186,12186,3
2020-07-13,16:12:03.287000,12185,12186,12186,5
2020-07-13,16:12:03.287000,12185,12186,12186,11
2020-07-13,16:12:16.158000,12185,12187,12187,1
2020-07-13,16:12:23.775000,12185,12186,12186,1
2020-07-13,16:12:30.928000,12185,12186,12186,1
2020-07-13,16:12:38.867000,12185,12186,12185,2
2020-07-13,16:12:38.867000,12185,12186,12185,2
2020-07-13,16:12:38.867000,12185,12186,12185,2
2020-07-13,16:12:56.462000,12185,12186,12185,1
2020-07-13,16:13:08.459000,12185,12186,12185,1
2020-07-13,16:13:08.459000,12185,12186,12185,6
2020-07-13,16:13:08.459000,12185,12186,12185,3
2020-07-13,16:13:08.459000,12185,12186,12185,2
2020-07-13,16:13:09.303000,12184,12185,12185,1
2020-07-13,16:13:09.668000,12184,12185,12185,1
2020-07-13,16:13:35.002000,12185,12186,12185,1
2020-07-13,16:13:43.170000,12185,12186,12186,1
2020-07-13,16:13:43.180000,12185,12186,12186,1
2020-07-13,16:13:43.183000,12185,12186,12186,1
2020-07-13,16:13:43.209000,12185,12186,12186,1
2020-07-13,16:14:06.983000,12185,12186,12186,5
2020-07-13,16:14:14.746000,12185,12186,12185,4
2020-07-13,16:14:14.746000,12185,12186,12185,5
2020-07-13,16:14:14.746000,12185,12186,12185,5
2020-07-13,16:14:14.746000,12185,12186,12185,1
2020-07-13,16:14:25.439000,12184,12185,12185,1
2020-07-13,16:14:26.074000,12184,12185,12184,1
2020-07-13,16:14:26.216000,12184,12185,12185,3
2020-07-13,16:14:49.941000,12184,12185,12185,1
2020-07-13,16:14:50.983000,12184,12185,12185,1
2020-07-13,16:14:52.921000,12184,12185,12185,1
2020-07-13,16:14:55.200000,12184,12185,12184,1
2020-07-13,16:14:59.024000,12184,12185,12185,2
2020-07-13,16:15:07.940000,12184,12185,12185,1
2020-07-13,16:15:13.312000,12184,12185,12185,5
2020-07-13,16:15:14.178000,12184,12185,12185,1
2020-07-13,16:15:22.159000,12184,12185,12185,1
2020-07-13,16:15:23.395000,12184,12185,12185,1
2020-07-13,16:15:23.396000,12184,12185,12185,1
2020-07-13,16:15:27.855000,12184,12185,12185,1
2020-07-13,16:15:41.559000,12185,12186,12186,5
2020-07-13,16:16:13.617000,12185,12186,12185,1
2020-07-13,16:16:15.020000,12184,12186,12186,1
2020-07-13,16:16:15.268000,12184,12186,12186,1
2020-07-13,16:16:28.062000,12185,12186,12185,1
2020-07-13,16:16:30.126000,12185,12186,12185,1
2020-07-13,16:16:47.197000,12185,12186,12185,1
2020-07-13,16:17:02.390000,12184,12185,12184,4
2020-07-13,16:17:02.390000,12184,12185,12184,5
2020-07-13,16:17:02.596000,12183,12184,12184,2
2020-07-13,16:17:02.596000,12183,12184,12185,1
2020-07-13,16:17:03.082000,12183,12184,12183,2
2020-07-13,16:17:03.363000,12182,12184,12182,1
2020-07-13,16:17:04.717000,12182,12184,12184,1
2020-07-13,16:17:17.736000,12183,12184,12183,1
2020-07-13,16:17:20.861000,12183,12184,12183,6
2020-07-13,16:17:33.352000,12182,12184,12182,3
2020-07-13,16:17:37.819000,12182,12183,12183,1
2020-07-13,16:17:38.382000,12182,12184,12182,1
2020-07-13,16:17:38.390000,12182,12184,12182,1
2020-07-13,16:17:43.997000,12183,12184,12184,1
2020-07-13,16:17:56.151000,12182,12183,12183,1
2020-07-13,16:18:09.757000,12182,12183,12183,2
2020-07-13,16:18:30.647000,12183,12184,12183,1
2020-07-13,16:18:30.647000,12183,12184,12183,2
2020-07-13,16:18:34.203000,12182,12183,12182,3
2020-07-13,16:18:38.371000,12182,12183,12182,2
2020-07-13,16:18:39.961000,12182,12183,12183,3
2020-07-13,16:18:44.712000,12182,12183,12182,3
2020-07-13,16:18:50.843000,12183,12184,12183,1
2020-07-13,16:18:52.875000,12182,12183,12183,1
2020-07-13,16:19:03.960000,12182,12183,12182,2
2020-07-13,16:19:05.537000,12182,12183,12182,1
2020-07-13,16:19:20.067000,12182,12183,12182,1
2020-07-13,16:19:27.044000,12182,12183,12182,4
2020-07-13,16:19:27.044000,12182,12183,12182,1
2020-07-13,16:19:32.109000,12181,12182,12181,4
2020-07-13,16:19:32.109000,12181,12182,12181,1
2020-07-13,16:19:32.109000,12181,12182,12181,1
2020-07-13,16:19:40.235000,12180,12181,12180,1
2020-07-13,16:19:40.275000,12180,12181,12181,1
2020-07-13,16:19:41.933000,12180,12181,12180,1
2020-07-13,16:19:44.961000,12180,12181,12181,1
2020-07-13,16:19:48.896000,12180,12181,12180,1
2020-07-13,16:19:52.025000,12180,12181,12181,2
2020-07-13,16:19:52.026000,12180,12181,12181,5
2020-07-13,16:19:52.026000,12180,12181,12181,1
2020-07-13,16:19:52.081000,12180,12181,12181,3
2020-07-13,16:19:52.081000,12180,12181,12181,1
2020-07-13,16:19:55.400000,12181,12182,12182,1
2020-07-13,16:19:57.763000,12181,12182,12181,1
2020-07-13,16:20:02.264000,12181,12182,12181,2
2020-07-13,16:20:02.264000,12181,12182,12180,2
2020-07-13,16:20:03.550000,12180,12182,12182,1
2020-07-13,16:20:07.074000,12180,12181,12181,1
2020-07-13,16:20:08.503000,12180,12181,12181,1
2020-07-13,16:20:10.090000,12180,12181,12181,1
2020-07-13,16:20:16.603000,12181,12183,12181,1
2020-07-13,16:20:16.943000,12181,12183,12181,1
2020-07-13,16:20:30.907000,12182,12183,12182,1
2020-07-13,16:20:38.619000,12181,12183,12181,1
2020-07-13,16:20:45.064000,12181,12182,12181,4
2020-07-13,16:20:46.958000,12181,12182,12181,1
2020-07-13,16:20:53.836000,12180,12181,12180,5
2020-07-13,16:21:02.229000,12180,12181,12180,1
2020-07-13,16:21:16.954000,12180,12181,12180,1
2020-07-13,16:21:18.320000,12180,12181,12181,1
2020-07-13,16:21:21.418000,12180,12181,12180,1
2020-07-13,16:22:05.982000,12180,12181,12180,1
2020-07-13,16:22:06.227000,12180,12181,12180,9
2020-07-13,16:22:06.228000,12180,12181,12180,1
2020-07-13,16:22:06.228000,12180,12181,12180,4
2020-07-13,16:22:06.228000,12180,12181,12180,1
2020-07-13,16:22:06.228000,12180,12181,12180,6
2020-07-13,16:22:06.228000,12180,12181,12180,4
2020-07-13,16:22:06.228000,12180,12181,12180,15
2020-07-13,16:22:06.228000,12180,12181,12180,1
2020-07-13,16:22:06.228000,12180,12181,12180,6
2020-07-13,16:22:06.710000,12179,12180,12179,4
2020-07-13,16:22:06.765000,12179,12180,12179,3
2020-07-13,16:22:06.766000,12179,12180,12178,1
2020-07-13,16:22:07.573000,12178,12180,12180,2
2020-07-13,16:22:12.786000,12178,12179,12178,3
2020-07-13,16:22:12.882000,12178,12179,12178,6
2020-07-13,16:22:16.680000,12177,12178,12178,1
2020-07-13,16:22:18.265000,12177,12178,12178,1
2020-07-13,16:22:18.813000,12177,12178,12177,1
2020-07-13,16:22:21.166000,12177,12178,12177,1
2020-07-13,16:22:23.102000,12177,12178,12177,5
2020-07-13,16:22:23.708000,12177,12178,12177,1
2020-07-13,16:22:30.954000,12177,12178,12177,6
2020-07-13,16:22:30.955000,12177,12178,12177,4
2020-07-13,16:22:33.880000,12177,12178,12177,2
2020-07-13,16:22:38.972000,12177,12178,12178,2
2020-07-13,16:22:49.843000,12177,12178,12178,1
2020-07-13,16:22:53.482000,12178,12179,12178,3
2020-07-13,16:22:57.184000,12178,12179,12178,1
2020-07-13,16:22:57.707000,12178,12179,12178,2
2020-07-13,16:23:01.648000,12178,12179,12178,1
2020-07-13,16:23:07.748000,12178,12179,12179,2
2020-07-13,16:23:09.928000,12178,12179,12179,2
2020-07-13,16:23:14.836000,12179,12180,12179,1
2020-07-13,16:23:18.741000,12179,12180,12180,2
2020-07-13,16:23:18.741000,12179,12180,12180,1
2020-07-13,16:23:20.697000,12179,12181,12179,3
2020-07-13,16:23:24.431000,12179,12181,12179,5
2020-07-13,16:23:24.451000,12179,12181,12179,1
2020-07-13,16:23:34.302000,12179,12180,12180,3
2020-07-13,16:23:42.593000,12179,12180,12179,1
2020-07-13,16:23:51.541000,12179,12180,12179,1
2020-07-13,16:23:58.394000,12179,12180,12179,1
2020-07-13,16:24:03.601000,12179,12180,12179,2
2020-07-13,16:24:04.253000,12179,12180,12179,1
2020-07-13,16:24:04.254000,12179,12180,12179,1
2020-07-13,16:24:06.351000,12178,12179,12179,1
2020-07-13,16:24:06.912000,12178,12179,12179,2
2020-07-13,16:24:08.345000,12178,12179,12178,1
2020-07-13,16:24:11.398000,12178,12179,12178,1
2020-07-13,16:24:31.253000,12178,12179,12179,5
2020-07-13,16:24:49.405000,12178,12179,12179,1
2020-07-13,16:24:56.451000,12178,12179,12179,1
2020-07-13,16:25:03.387000,12178,12179,12179,5
2020-07-13,16:25:07.331000,12178,12179,12179,1
2020-07-13,16:25:12.324000,12178,12179,12179,1
2020-07-13,16:25:15.085000,12178,12179,12179,1
2020-07-13,16:25:15.446000,12178,12179,12179,1
2020-07-13,16:25:24.799000,12178,12179,12178,3
2020-07-13,16:25:24.799000,12178,12179,12178,4
2020-07-13,16:25:24.800000,12178,12179,12178,5
2020-07-13,16:25:24.800000,12178,12179,12178,2
2020-07-13,16:25:24.801000,12178,12179,12178,4
2020-07-13,16:25:24.866000,12178,12179,12177,1
2020-07-13,16:25:25.088000,12177,12178,12177,4
2020-07-13,16:25:26.005000,12177,12178,12178,2
2020-07-13,16:25:29.568000,12177,12178,12177,1
2020-07-13,16:25:30.200000,12177,12178,12178,2
2020-07-13,16:25:30.200000,12177,12178,12178,1
2020-07-13,16:25:31,12178,12179,12178,1
2020-07-13,16:25:36.165000,12177,12179,12177,1
2020-07-13,16:25:37.457000,12177,12179,12178,1
2020-07-13,16:25:38.252000,12178,12179,12178,2
2020-07-13,16:26:00.015000,12178,12179,12179,20
2020-07-13,16:26:09.298000,12178,12179,12179,1
2020-07-13,16:26:19.416000,12178,12179,12178,5
2020-07-13,16:26:24.095000,12178,12179,12179,2
2020-07-13,16:26:32.699000,12179,12180,12179,1
2020-07-13,16:26:35.290000,12178,12180,12178,3
2020-07-13,16:26:42.098000,12178,12179,12178,3
2020-07-13,16:26:43.729000,12177,12179,12179,1
2020-07-13,16:26:48.216000,12177,12178,12177,1
2020-07-13,16:26:51.157000,12177,12178,12178,5
2020-07-13,16:26:52.144000,12177,12178,12177,2
2020-07-13,16:26:52.146000,12177,12178,12177,2
2020-07-13,16:26:52.147000,12177,12178,12177,2
2020-07-13,16:26:52.152000,12177,12178,12177,1
2020-07-13,16:26:52.152000,12177,12178,12177,1
2020-07-13,16:26:52.370000,12176,12177,12176,3
2020-07-13,16:26:52.372000,12176,12177,12176,2
2020-07-13,16:26:52.373000,12176,12177,12176,3
2020-07-13,16:26:53.428000,12176,12177,12176,1
2020-07-13,16:26:54.765000,12176,12177,12176,1
2020-07-13,16:26:55.750000,12176,12177,12177,1
2020-07-13,16:26:57.332000,12176,12177,12177,1
2020-07-13,16:27:04.174000,12177,12178,12177,2
2020-07-13,16:27:05.893000,12176,12177,12177,1
2020-07-13,16:27:14.260000,12176,12177,12176,2
2020-07-13,16:27:14.293000,12176,12177,12176,1
2020-07-13,16:27:14.294000,12176,12177,12176,5
2020-07-13,16:27:14.294000,12176,12177,12176,4
2020-07-13,16:27:15.073000,12175,12176,12175,1
2020-07-13,16:27:15.218000,12175,12176,12175,5
2020-07-13,16:27:15.226000,12175,12176,12175,2
2020-07-13,16:27:15.230000,12175,12176,12175,5
2020-07-13,16:27:15.245000,12175,12176,12175,2
2020-07-13,16:27:15.251000,12175,12176,12175,3
2020-07-13,16:27:15.252000,12175,12176,12175,5
2020-07-13,16:27:15.303000,12175,12176,12176,1
2020-07-13,16:27:15.319000,12175,12176,12175,5
2020-07-13,16:27:15.335000,12175,12176,12175,3
2020-07-13,16:27:15.335000,12175,12176,12174,2
2020-07-13,16:27:15.349000,12175,12176,12174,1
2020-07-13,16:27:15.389000,12174,12176,12174,1
2020-07-13,16:27:15.396000,12174,12176,12174,1
2020-07-13,16:27:15.403000,12174,12176,12174,2
2020-07-13,16:27:15.441000,12174,12176,12174,5
2020-07-13,16:27:15.458000,12174,12176,12174,1
2020-07-13,16:27:15.505000,12174,12175,12174,1
2020-07-13,16:27:15.578000,12174,12175,12174,1
2020-07-13,16:27:15.748000,12174,12175,12174,1
2020-07-13,16:27:15.762000,12174,12175,12174,1
2020-07-13,16:27:15.775000,12174,12175,12173,1
2020-07-13,16:27:15.777000,12174,12175,12173,1
2020-07-13,16:27:15.838000,12174,12175,12173,1
2020-07-13,16:27:15.877000,12173,12174,12173,3
2020-07-13,16:27:15.879000,12173,12174,12173,3
2020-07-13,16:27:15.984000,12173,12174,12173,1
2020-07-13,16:27:16.008000,12173,12174,12173,1
2020-07-13,16:27:16.019000,12173,12174,12173,1
2020-07-13,16:27:16.062000,12173,12174,12173,1
2020-07-13,16:27:16.084000,12173,12174,12173,1
2020-07-13,16:27:16.205000,12173,12174,12173,1
2020-07-13,16:27:16.290000,12173,12174,12173,1
2020-07-13,16:27:16.328000,12173,12174,12173,1
2020-07-13,16:27:16.459000,12173,12174,12173,1
2020-07-13,16:27:16.819000,12173,12174,12173,1
2020-07-13,16:27:17.713000,12173,12174,12173,1
2020-07-13,16:27:21.261000,12173,12174,12173,4
2020-07-13,16:27:21.774000,12173,12174,12173,3
2020-07-13,16:27:21.911000,12172,12173,12172,2
2020-07-13,16:27:21.918000,12172,12173,12172,2
2020-07-13,16:27:21.950000,12172,12173,12172,3
2020-07-13,16:27:21.991000,12172,12173,12172,2
2020-07-13,16:27:22.015000,12172,12173,12172,1
2020-07-13,16:27:22.111000,12172,12173,12172,3
2020-07-13,16:27:22.135000,12172,12173,12173,1
2020-07-13,16:27:22.531000,12172,12174,12172,1
2020-07-13,16:27:22.546000,12172,12174,12172,1
2020-07-13,16:27:25.043000,12173,12174,12173,1
2020-07-13,16:27:25.407000,12173,12174,12174,2
2020-07-13,16:27:25.503000,12173,12174,12173,3
2020-07-13,16:27:27.096000,12173,12174,12173,1
2020-07-13,16:27:28.869000,12173,12174,12174,5
2020-07-13,16:27:28.869000,12173,12174,12174,3
2020-07-13,16:27:29.438000,12174,12175,12175,1
2020-07-13,16:27:37.542000,12175,12176,12175,1
2020-07-13,16:27:49.499000,12175,12176,12175,2
2020-07-13,16:27:50.807000,12175,12176,12175,2
2020-07-13,16:27:51.147000,12175,12176,12176,2
2020-07-13,16:27:52.234000,12176,12177,12176,2
2020-07-13,16:27:52.498000,12176,12177,12176,1
2020-07-13,16:27:52.574000,12176,12177,12176,1
2020-07-13,16:27:52.574000,12176,12177,12176,2
2020-07-13,16:27:52.574000,12176,12177,12176,1
2020-07-13,16:27:52.574000,12176,12177,12176,5
2020-07-13,16:27:52.575000,12176,12177,12176,7
2020-07-13,16:27:52.575000,12176,12177,12176,3
2020-07-13,16:27:52.934000,12176,12177,12176,1
2020-07-13,16:27:52.934000,12176,12177,12175,1
2020-07-13,16:27:53.825000,12176,12177,12176,1
2020-07-13,16:27:53.938000,12176,12177,12176,2
2020-07-13,16:27:58.526000,12176,12177,12176,2
2020-07-13,16:28:01.634000,12176,12177,12177,2
2020-07-13,16:28:01.717000,12176,12177,12176,1
2020-07-13,16:28:08.247000,12176,12177,12177,1
2020-07-13,16:28:08.247000,12176,12177,12177,3
2020-07-13,16:28:09.434000,12176,12178,12178,1
2020-07-13,16:28:16.710000,12177,12178,12178,4
2020-07-13,16:28:16.710000,12177,12178,12178,1
2020-07-13,16:28:19.986000,12178,12179,12178,1
2020-07-13,16:28:22.915000,12178,12179,12179,2
2020-07-13,16:28:24.808000,12178,12179,12179,2
2020-07-13,16:28:25.738000,12178,12179,12179,3
2020-07-13,16:28:28.248000,12178,12179,12179,1
2020-07-13,16:28:28.602000,12179,12180,12179,1
2020-07-13,16:28:29.449000,12178,12179,12179,1
2020-07-13,16:28:30.070000,12178,12179,12179,1
2020-07-13,16:28:30.672000,12178,12179,12179,1
2020-07-13,16:28:31.577000,12178,12179,12178,2
2020-07-13,16:29:06.600000,12178,12179,12179,1
2020-07-13,16:29:10.563000,12178,12179,12178,2
2020-07-13,16:29:10.887000,12178,12179,12179,1
2020-07-13,16:29:16.365000,12178,12179,12178,1
2020-07-13,16:29:16.366000,12178,12179,12178,2
2020-07-13,16:29:17.424000,12177,12178,12178,2
2020-07-13,16:29:33.945000,12178,12179,12178,1
2020-07-13,16:29:36.939000,12178,12179,12179,2
2020-07-13,16:29:39.570000,12178,12179,12178,1
2020-07-13,16:29:45.309000,12178,12179,12178,1
2020-07-13,16:29:45.871000,12177,12178,12178,1
2020-07-13,16:29:47.405000,12177,12179,12179,1
2020-07-13,16:30:02.595000,12178,12179,12178,1
2020-07-13,16:30:02.701000,12177,12178,12178,1
2020-07-13,16:30:02.952000,12178,12179,12179,1
2020-07-13,16:30:02.984000,12178,12179,12179,2
2020-07-13,16:30:03.732000,12178,12179,12178,4
2020-07-13,16:30:03.796000,12178,12179,12178,10
2020-07-13,16:30:03.796000,12178,12179,12178,13
2020-07-13,16:30:03.797000,12178,12179,12178,1
2020-07-13,16:30:03.797000,12178,12179,12178,2
2020-07-13,16:30:03.797000,12178,12179,12178,1
2020-07-13,16:30:04.683000,12177,12178,12177,1
2020-07-13,16:30:04.683000,12177,12178,12177,1
2020-07-13,16:30:04.924000,12176,12178,12177,1
2020-07-13,16:30:05.337000,12176,12177,12177,5
2020-07-13,16:31:05.556000,12177,12178,12178,1
2020-07-13,16:31:05.557000,12177,12178,12178,2
2020-07-13,16:31:05.557000,12177,12178,12178,2
2020-07-13,16:31:10.186000,12178,12179,12178,1
2020-07-13,16:31:24.470000,12177,12179,12177,1
2020-07-13,16:31:32.400000,12178,12179,12178,1
2020-07-13,16:31:50.533000,12177,12179,12179,1
2020-07-13,16:31:59.573000,12177,12178,12178,1
2020-07-13,16:32:08.542000,12177,12178,12177,5
2020-07-13,16:32:08.543000,12177,12178,12177,1
2020-07-13,16:32:09.292000,12176,12177,12176,14
2020-07-13,16:32:09.292000,12176,12177,12176,2
2020-07-13,16:32:12.979000,12175,12176,12175,3
2020-07-13,16:32:19.890000,12174,12175,12174,1
2020-07-13,16:32:21.180000,12174,12175,12174,2
2020-07-13,16:32:21.181000,12174,12175,12174,1
2020-07-13,16:32:22.261000,12173,12175,12173,1
2020-07-13,16:32:22.548000,12173,12175,12175,1
2020-07-13,16:32:24.694000,12174,12175,12175,1
2020-07-13,16:32:24.729000,12174,12175,12174,1
2020-07-13,16:32:29.370000,12174,12176,12174,1
2020-07-13,16:32:30.661000,12174,12175,12174,1
2020-07-13,16:32:37.310000,12174,12175,12175,1
2020-07-13,16:32:37.363000,12174,12175,12174,1
2020-07-13,16:32:40.108000,12174,12175,12174,1
2020-07-13,16:32:40.477000,12174,12175,12174,1
2020-07-13,16:32:40.877000,12174,12175,12174,1
2020-07-13,16:32:41.994000,12174,12175,12174,1
2020-07-13,16:32:43.047000,12174,12175,12175,1
2020-07-13,16:32:46.863000,12174,12175,12175,1
2020-07-13,16:32:47.016000,12174,12175,12175,1
2020-07-13,16:32:54.733000,12175,12176,12175,1
2020-07-13,16:32:55.170000,12175,12176,12175,1
2020-07-13,16:32:59.503000,12175,12176,12175,1
2020-07-13,16:33:03.999000,12175,12176,12175,3
2020-07-13,16:33:05.451000,12175,12176,12175,1
2020-07-13,16:33:11.835000,12174,12176,12176,4
2020-07-13,16:33:22.997000,12176,12177,12176,1
2020-07-13,16:33:23.212000,12176,12177,12176,1
2020-07-13,16:33:27.411000,12176,12177,12177,1
2020-07-13,16:33:27.531000,12176,12177,12177,2
2020-07-13,16:33:27.531000,12176,12177,12178,3
2020-07-13,16:33:40.833000,12177,12178,12177,1
2020-07-13,16:33:41.653000,12176,12177,12176,1
2020-07-13,16:34:01.178000,12176,12177,12176,5
