2019-09-05,15:00:00.072000,10716,10718,10717,75
2019-09-05,15:00:00.073000,10717,10718,10717,1
2019-09-05,15:00:00.126000,10717,10718,10717,3
2019-09-05,15:00:00.126000,10717,10718,10716,1
2019-09-05,15:00:00.156000,10717,10718,10718,1
2019-09-05,15:00:00.220000,10716,10718,10716,1
2019-09-05,15:00:00.265000,10716,10718,10717,1
2019-09-05,15:00:00.307000,10717,10718,10717,1
2019-09-05,15:00:00.323000,10717,10718,10718,1
2019-09-05,15:00:00.326000,10717,10718,10717,2
2019-09-05,15:00:00.331000,10717,10718,10717,1
2019-09-05,15:00:00.343000,10717,10718,10717,1
2019-09-05,15:00:00.346000,10717,10718,10718,1
2019-09-05,15:00:00.347000,10717,10718,10717,1
2019-09-05,15:00:00.356000,10717,10718,10717,4
2019-09-05,15:00:00.357000,10717,10718,10718,1
2019-09-05,15:00:00.366000,10717,10718,10717,2
2019-09-05,15:00:00.373000,10717,10718,10717,3
2019-09-05,15:00:00.373000,10717,10718,10716,1
2019-09-05,15:00:00.382000,10717,10718,10718,1
2019-09-05,15:00:00.406000,10717,10718,10716,2
2019-09-05,15:00:00.409000,10717,10718,10718,1
2019-09-05,15:00:00.416000,10717,10718,10716,2
2019-09-05,15:00:00.416000,10717,10718,10716,4
2019-09-05,15:00:00.416000,10717,10718,10716,1
2019-09-05,15:00:00.421000,10717,10718,10716,2
2019-09-05,15:00:00.421000,10717,10718,10718,1
2019-09-05,15:00:00.430000,10716,10719,10716,2
2019-09-05,15:00:00.495000,10716,10719,10716,1
2019-09-05,15:00:00.503000,10716,10719,10716,1
2019-09-05,15:00:00.506000,10716,10719,10716,4
2019-09-05,15:00:00.535000,10716,10719,10716,2
2019-09-05,15:00:00.560000,10716,10718,10716,1
2019-09-05,15:00:00.561000,10716,10718,10716,1
2019-09-05,15:00:00.562000,10716,10718,10716,2
2019-09-05,15:00:00.605000,10716,10718,10716,2
2019-09-05,15:00:00.646000,10716,10718,10716,4
2019-09-05,15:00:00.671000,10716,10718,10716,2
2019-09-05,15:00:00.671000,10716,10718,10715,2
2019-09-05,15:00:00.677000,10715,10718,10715,2
2019-09-05,15:00:00.723000,10715,10718,10715,4
2019-09-05,15:00:00.731000,10715,10718,10715,1
2019-09-05,15:00:00.737000,10715,10718,10715,4
2019-09-05,15:00:00.771000,10715,10718,10715,4
2019-09-05,15:00:00.796000,10715,10718,10715,4
2019-09-05,15:00:00.826000,10715,10717,10715,4
2019-09-05,15:00:00.826000,10715,10717,10715,1
2019-09-05,15:00:00.853000,10715,10717,10715,4
2019-09-05,15:00:00.860000,10715,10717,10715,1
2019-09-05,15:00:00.931000,10716,10717,10716,1
2019-09-05,15:00:00.979000,10716,10717,10717,1
2019-09-05,15:00:01.034000,10716,10717,10715,1
2019-09-05,15:00:01.178000,10715,10716,10716,2
2019-09-05,15:00:01.372000,10715,10717,10716,1
2019-09-05,15:00:01.429000,10716,10717,10717,3
2019-09-05,15:00:01.457000,10716,10717,10716,1
2019-09-05,15:00:01.457000,10716,10717,10716,1
2019-09-05,15:00:01.458000,10716,10717,10716,1
2019-09-05,15:00:01.459000,10716,10717,10716,1
2019-09-05,15:00:01.561000,10716,10717,10717,3
2019-09-05,15:00:01.574000,10716,10717,10716,1
2019-09-05,15:00:01.683000,10716,10717,10717,2
2019-09-05,15:00:01.778000,10716,10717,10717,1
2019-09-05,15:00:01.803000,10716,10717,10717,1
2019-09-05,15:00:01.871000,10716,10717,10717,1
2019-09-05,15:00:02.228000,10716,10718,10716,1
2019-09-05,15:00:02.700000,10716,10718,10718,1
2019-09-05,15:00:03.071000,10716,10718,10718,1
2019-09-05,15:00:03.093000,10716,10718,10718,1
2019-09-05,15:00:03.484000,10716,10718,10716,1
2019-09-05,15:00:03.735000,10716,10718,10716,4
2019-09-05,15:00:03.772000,10716,10718,10716,4
2019-09-05,15:00:03.816000,10715,10718,10716,4
2019-09-05,15:00:03.847000,10715,10718,10715,2
2019-09-05,15:00:03.891000,10715,10718,10715,4
2019-09-05,15:00:03.942000,10715,10718,10716,2
2019-09-05,15:00:03.981000,10715,10718,10715,2
2019-09-05,15:00:04.163000,10715,10717,10717,3
2019-09-05,15:00:04.423000,10716,10718,10718,1
2019-09-05,15:00:05.037000,10717,10718,10717,1
2019-09-05,15:00:05.365000,10717,10718,10718,1
2019-09-05,15:00:06.146000,10717,10718,10717,1
2019-09-05,15:00:06.874000,10716,10717,10717,1
2019-09-05,15:00:07.215000,10716,10718,10718,5
2019-09-05,15:00:08.026000,10717,10718,10718,1
2019-09-05,15:00:08.078000,10717,10718,10718,1
2019-09-05,15:00:08.547000,10717,10718,10718,2
2019-09-05,15:00:08.783000,10717,10719,10719,2
2019-09-05,15:00:08.850000,10717,10720,10720,1
2019-09-05,15:00:08.946000,10719,10720,10719,1
2019-09-05,15:00:09.060000,10718,10720,10720,2
2019-09-05,15:00:09.658000,10717,10719,10717,2
2019-09-05,15:00:09.869000,10717,10718,10718,1
2019-09-05,15:00:10.589000,10717,10718,10717,2
2019-09-05,15:00:11.073000,10717,10718,10718,3
2019-09-05,15:00:11.073000,10717,10718,10719,2
2019-09-05,15:00:11.855000,10717,10719,10717,1
2019-09-05,15:00:12.047000,10717,10719,10719,2
2019-09-05,15:00:12.515000,10718,10719,10719,1
2019-09-05,15:00:13.082000,10718,10719,10718,1
2019-09-05,15:00:14.123000,10718,10719,10718,1
2019-09-05,15:00:14.213000,10718,10719,10718,1
2019-09-05,15:00:14.968000,10718,10719,10719,1
2019-09-05,15:00:15.859000,10718,10719,10719,2
2019-09-05,15:00:17.138000,10718,10719,10719,2
2019-09-05,15:00:17.178000,10718,10719,10719,3
2019-09-05,15:00:17.224000,10718,10719,10720,1
2019-09-05,15:00:18.765000,10718,10720,10718,1
2019-09-05,15:00:18.828000,10718,10720,10718,1
2019-09-05,15:00:21.155000,10718,10720,10720,5
2019-09-05,15:00:22.852000,10719,10720,10720,1
2019-09-05,15:00:23.360000,10719,10720,10720,1
2019-09-05,15:00:24.053000,10719,10720,10720,1
2019-09-05,15:00:25.090000,10719,10721,10721,1
2019-09-05,15:00:26.079000,10720,10721,10720,2
2019-09-05,15:00:26.921000,10720,10721,10720,2
2019-09-05,15:00:28.719000,10719,10720,10720,2
2019-09-05,15:00:29.249000,10719,10720,10720,1
2019-09-05,15:00:30.363000,10719,10720,10719,3
2019-09-05,15:00:30.431000,10718,10719,10719,2
2019-09-05,15:00:30.615000,10718,10719,10719,1
2019-09-05,15:00:30.697000,10718,10719,10719,1
2019-09-05,15:00:31.547000,10718,10719,10719,1
2019-09-05,15:00:32.179000,10718,10719,10719,2
2019-09-05,15:00:32.185000,10718,10719,10720,6
2019-09-05,15:00:32.415000,10719,10720,10720,1
2019-09-05,15:00:35.504000,10719,10720,10720,3
2019-09-05,15:00:36.974000,10719,10720,10720,1
2019-09-05,15:00:37.320000,10719,10720,10719,7
2019-09-05,15:00:39.070000,10719,10720,10719,2
2019-09-05,15:00:41.096000,10719,10720,10719,2
2019-09-05,15:00:41.349000,10719,10720,10719,2
2019-09-05,15:00:41.476000,10719,10720,10719,1
2019-09-05,15:00:42.061000,10719,10720,10719,2
2019-09-05,15:00:42.144000,10719,10720,10719,1
2019-09-05,15:00:42.553000,10718,10719,10719,1
2019-09-05,15:00:42.730000,10718,10719,10719,1
2019-09-05,15:00:45.637000,10718,10719,10719,7
2019-09-05,15:00:46.381000,10718,10719,10719,1
2019-09-05,15:00:47.522000,10718,10719,10718,1
2019-09-05,15:00:47.542000,10718,10719,10719,12
2019-09-05,15:00:47.637000,10719,10720,10719,1
2019-09-05,15:00:47.874000,10719,10720,10719,1
2019-09-05,15:00:48.040000,10719,10720,10719,3
2019-09-05,15:00:48.144000,10718,10719,10719,2
2019-09-05,15:00:50.391000,10719,10720,10719,1
2019-09-05,15:00:54.100000,10719,10720,10720,2
2019-09-05,15:00:56.364000,10719,10720,10719,1
2019-09-05,15:00:58.557000,10719,10720,10719,2
2019-09-05,15:00:58.558000,10719,10720,10719,2
2019-09-05,15:00:58.565000,10719,10720,10719,2
2019-09-05,15:00:58.913000,10719,10720,10719,5
2019-09-05,15:01:01.190000,10719,10720,10719,1
2019-09-05,15:01:02.145000,10719,10720,10719,1
2019-09-05,15:01:02.540000,10719,10720,10720,1
2019-09-05,15:01:02.622000,10719,10720,10719,3
2019-09-05,15:01:03.073000,10719,10720,10719,1
2019-09-05,15:01:03.273000,10718,10720,10718,1
2019-09-05,15:01:06.178000,10719,10720,10719,1
2019-09-05,15:01:06.362000,10719,10720,10720,1
2019-09-05,15:01:08.075000,10719,10720,10719,1
2019-09-05,15:01:09.761000,10718,10719,10719,5
2019-09-05,15:01:10.348000,10718,10719,10719,1
2019-09-05,15:01:10.383000,10718,10719,10719,1
2019-09-05,15:01:10.615000,10719,10720,10719,1
2019-09-05,15:01:10.734000,10718,10720,10720,1
2019-09-05,15:01:13.513000,10718,10719,10718,1
2019-09-05,15:01:13.723000,10718,10719,10718,1
2019-09-05,15:01:13.935000,10718,10720,10718,1
2019-09-05,15:01:14.167000,10718,10720,10719,1
2019-09-05,15:01:14.417000,10719,10720,10720,1
2019-09-05,15:01:14.858000,10719,10720,10719,1
2019-09-05,15:01:15.058000,10719,10720,10719,1
2019-09-05,15:01:15.332000,10719,10720,10720,2
2019-09-05,15:01:15.537000,10719,10720,10720,1
2019-09-05,15:01:17.055000,10719,10720,10719,1
2019-09-05,15:01:17.375000,10719,10720,10719,1
2019-09-05,15:01:17.380000,10719,10720,10719,1
2019-09-05,15:01:17.395000,10719,10720,10719,1
2019-09-05,15:01:17.397000,10719,10720,10719,1
2019-09-05,15:01:17.738000,10718,10720,10718,1
2019-09-05,15:01:18.673000,10718,10719,10719,1
2019-09-05,15:01:19.037000,10718,10719,10719,1
2019-09-05,15:01:19.720000,10718,10720,10720,1
2019-09-05,15:01:19.873000,10718,10719,10719,1
2019-09-05,15:01:20.440000,10719,10720,10719,1
2019-09-05,15:01:22.048000,10718,10719,10719,1
2019-09-05,15:01:22.340000,10719,10720,10719,2
2019-09-05,15:01:22.363000,10719,10720,10719,1
2019-09-05,15:01:22.411000,10719,10720,10719,1
2019-09-05,15:01:22.599000,10718,10720,10718,1
2019-09-05,15:01:23.669000,10718,10719,10719,1
2019-09-05,15:01:26.525000,10718,10719,10719,2
2019-09-05,15:01:28.735000,10718,10719,10719,9
2019-09-05,15:01:28.919000,10719,10720,10719,1
2019-09-05,15:01:31.369000,10719,10720,10719,1
2019-09-05,15:01:33.046000,10719,10720,10719,1
2019-09-05,15:01:33.188000,10719,10720,10719,1
2019-09-05,15:01:39.293000,10719,10720,10720,1
2019-09-05,15:01:40.428000,10719,10720,10720,2
2019-09-05,15:01:40.553000,10719,10720,10720,4
2019-09-05,15:01:41.583000,10719,10720,10720,1
2019-09-05,15:01:42.460000,10719,10720,10720,4
2019-09-05,15:01:50.237000,10720,10721,10721,1
2019-09-05,15:01:50.483000,10720,10721,10721,1
2019-09-05,15:01:50.672000,10720,10721,10720,1
2019-09-05,15:01:51.193000,10720,10721,10720,1
2019-09-05,15:01:52.718000,10720,10721,10721,2
2019-09-05,15:01:52.718000,10720,10721,10721,1
2019-09-05,15:01:52.718000,10720,10721,10721,10
2019-09-05,15:01:52.719000,10720,10721,10721,2
2019-09-05,15:01:52.803000,10720,10721,10721,1
2019-09-05,15:01:54.311000,10721,10722,10721,1
2019-09-05,15:01:55.701000,10721,10722,10721,1
2019-09-05,15:01:55.908000,10721,10722,10721,1
2019-09-05,15:01:56.091000,10721,10722,10721,1
2019-09-05,15:01:58.425000,10721,10722,10721,1
2019-09-05,15:01:58.528000,10721,10722,10721,5
2019-09-05,15:02:02.652000,10721,10722,10722,10
2019-09-05,15:02:02.776000,10721,10722,10722,3
2019-09-05,15:02:02.792000,10721,10722,10722,1
2019-09-05,15:02:02.803000,10722,10723,10722,1
2019-09-05,15:02:02.841000,10722,10723,10722,1
2019-09-05,15:02:02.847000,10722,10723,10722,2
2019-09-05,15:02:04.015000,10721,10722,10722,2
2019-09-05,15:02:04.950000,10721,10722,10721,9
2019-09-05,15:02:06.361000,10720,10721,10721,1
2019-09-05,15:02:09.546000,10720,10721,10721,1
2019-09-05,15:02:09.975000,10720,10721,10721,1
2019-09-05,15:02:11.327000,10720,10721,10720,14
2019-09-05,15:02:11.428000,10720,10721,10720,2
2019-09-05,15:02:11.613000,10720,10721,10721,1
2019-09-05,15:02:15.718000,10720,10721,10721,1
2019-09-05,15:02:16.328000,10720,10721,10720,35
2019-09-05,15:02:18.625000,10719,10720,10720,1
2019-09-05,15:02:18.853000,10719,10720,10720,1
2019-09-05,15:02:21.234000,10719,10720,10720,2
2019-09-05,15:02:26.116000,10719,10720,10720,6
2019-09-05,15:02:26.178000,10719,10720,10720,4
2019-09-05,15:02:27.131000,10720,10721,10720,1
2019-09-05,15:02:34.600000,10720,10721,10720,1
2019-09-05,15:02:35.343000,10720,10721,10720,1
2019-09-05,15:02:37.248000,10720,10721,10720,3
2019-09-05,15:02:37.926000,10720,10721,10720,1
2019-09-05,15:02:40.448000,10719,10720,10719,1
2019-09-05,15:02:42.955000,10719,10720,10720,2
2019-09-05,15:02:42.956000,10719,10720,10720,2
2019-09-05,15:02:42.963000,10719,10720,10720,2
2019-09-05,15:02:43.428000,10719,10720,10720,3
2019-09-05,15:02:43.553000,10719,10720,10720,3
2019-09-05,15:02:43.678000,10719,10720,10720,1
2019-09-05,15:02:44.950000,10720,10721,10720,1
2019-09-05,15:02:49.258000,10720,10721,10720,1
2019-09-05,15:02:50.828000,10720,10721,10721,11
2019-09-05,15:02:51.763000,10720,10722,10720,2
2019-09-05,15:02:57.524000,10720,10721,10720,3
2019-09-05,15:02:59.407000,10720,10721,10721,1
2019-09-05,15:03:04.440000,10720,10721,10720,1
2019-09-05,15:03:07.194000,10720,10721,10721,8
2019-09-05,15:03:08.706000,10721,10722,10721,1
2019-09-05,15:03:16.439000,10721,10722,10722,6
2019-09-05,15:03:16.657000,10721,10723,10722,1
2019-09-05,15:03:18.252000,10722,10723,10722,1
2019-09-05,15:03:19.935000,10722,10723,10722,1
2019-09-05,15:03:20.389000,10722,10723,10723,2
2019-09-05,15:03:22.799000,10722,10723,10723,1
2019-09-05,15:03:23.522000,10722,10723,10723,3
2019-09-05,15:03:26.982000,10723,10724,10724,1
2019-09-05,15:03:27.078000,10723,10724,10724,1
2019-09-05,15:03:27.223000,10723,10724,10723,2
2019-09-05,15:03:27.368000,10723,10724,10723,4
2019-09-05,15:03:27.865000,10722,10723,10723,1
2019-09-05,15:03:29.438000,10722,10723,10722,2
2019-09-05,15:03:29.841000,10721,10722,10722,2
2019-09-05,15:03:30.350000,10721,10722,10722,2
2019-09-05,15:03:32.196000,10721,10722,10722,1
2019-09-05,15:03:33.515000,10721,10722,10722,5
2019-09-05,15:03:36.136000,10721,10722,10722,10
2019-09-05,15:03:37.231000,10721,10722,10722,1
2019-09-05,15:03:39.293000,10721,10722,10722,1
2019-09-05,15:03:39.626000,10721,10722,10722,4
2019-09-05,15:03:39.801000,10721,10722,10722,1
2019-09-05,15:03:39.995000,10721,10722,10722,1
2019-09-05,15:03:40.792000,10721,10722,10722,1
2019-09-05,15:03:42.740000,10721,10722,10721,1
2019-09-05,15:03:49.598000,10721,10722,10721,2
2019-09-05,15:03:52.253000,10721,10722,10722,1
2019-09-05,15:03:56.187000,10721,10722,10721,1
2019-09-05,15:03:56.429000,10721,10722,10721,23
2019-09-05,15:04:00.518000,10720,10721,10721,1
2019-09-05,15:04:04.494000,10720,10721,10721,1
2019-09-05,15:04:11.480000,10720,10721,10721,1
2019-09-05,15:04:12.122000,10720,10721,10721,1
2019-09-05,15:04:13.336000,10721,10722,10721,1
2019-09-05,15:04:14.716000,10720,10721,10721,1
2019-09-05,15:04:15.281000,10720,10721,10721,1
2019-09-05,15:04:15.905000,10720,10721,10721,1
2019-09-05,15:04:20.573000,10720,10721,10721,1
2019-09-05,15:04:24.404000,10720,10721,10721,1
2019-09-05,15:04:24.688000,10720,10721,10721,1
2019-09-05,15:04:24.966000,10720,10721,10721,1
2019-09-05,15:04:27.387000,10720,10721,10721,1
2019-09-05,15:04:29.102000,10720,10721,10721,1
2019-09-05,15:04:29.178000,10720,10721,10721,4
2019-09-05,15:04:32.497000,10720,10721,10720,6
2019-09-05,15:04:45.337000,10720,10721,10720,1
2019-09-05,15:04:45.443000,10720,10721,10720,7
2019-09-05,15:04:58.166000,10720,10721,10720,1
2019-09-05,15:04:59.630000,10720,10721,10720,6
2019-09-05,15:05:09.200000,10719,10720,10720,1
2019-09-05,15:05:10.096000,10719,10720,10719,2
2019-09-05,15:05:15.669000,10719,10720,10720,2
2019-09-05,15:05:27.345000,10719,10720,10719,7
2019-09-05,15:05:27.345000,10719,10720,10719,1
2019-09-05,15:05:27.345000,10719,10720,10719,3
2019-09-05,15:05:27.345000,10719,10720,10719,1
2019-09-05,15:05:27.345000,10719,10720,10719,1
2019-09-05,15:05:27.447000,10718,10719,10718,1
2019-09-05,15:05:27.454000,10718,10719,10719,1
2019-09-05,15:05:27.598000,10718,10719,10718,1
2019-09-05,15:05:29.076000,10718,10719,10718,2
2019-09-05,15:05:29.076000,10718,10719,10718,8
2019-09-05,15:05:29.076000,10718,10719,10718,4
2019-09-05,15:05:29.080000,10718,10719,10718,3
2019-09-05,15:05:29.080000,10718,10719,10718,9
2019-09-05,15:05:29.081000,10718,10719,10718,1
2019-09-05,15:05:29.178000,10718,10719,10718,2
2019-09-05,15:05:29.178000,10718,10719,10718,3
2019-09-05,15:05:29.178000,10718,10719,10718,4
2019-09-05,15:05:29.179000,10718,10719,10718,4
2019-09-05,15:05:29.434000,10717,10718,10718,2
2019-09-05,15:05:30.944000,10717,10718,10718,1
2019-09-05,15:05:31.056000,10718,10719,10719,3
2019-09-05,15:05:35.059000,10718,10719,10719,1
2019-09-05,15:05:35.557000,10718,10719,10718,1
2019-09-05,15:05:36.665000,10718,10719,10718,1
2019-09-05,15:05:38.182000,10718,10719,10719,1
2019-09-05,15:05:38.183000,10718,10719,10719,1
2019-09-05,15:05:38.188000,10718,10719,10718,1
2019-09-05,15:05:38.190000,10718,10719,10719,1
2019-09-05,15:05:38.257000,10718,10719,10718,1
2019-09-05,15:05:39.621000,10718,10719,10719,1
2019-09-05,15:05:41.318000,10718,10719,10719,1
2019-09-05,15:05:41.318000,10718,10719,10719,1
2019-09-05,15:05:41.412000,10718,10719,10719,1
2019-09-05,15:05:43.607000,10718,10719,10719,1
2019-09-05,15:05:43.928000,10718,10719,10719,1
2019-09-05,15:05:43.928000,10718,10719,10719,1
2019-09-05,15:05:43.936000,10718,10719,10719,1
2019-09-05,15:05:43.941000,10718,10719,10719,1
2019-09-05,15:05:43.942000,10718,10719,10719,1
2019-09-05,15:05:49.542000,10718,10719,10719,1
2019-09-05,15:05:50.863000,10718,10719,10719,1
2019-09-05,15:05:51.575000,10718,10719,10719,1
2019-09-05,15:05:54.993000,10718,10719,10718,2
2019-09-05,15:05:55.941000,10718,10719,10719,1
2019-09-05,15:05:58.180000,10718,10719,10718,1
2019-09-05,15:05:58.967000,10718,10719,10719,2
2019-09-05,15:06:02.723000,10718,10719,10718,1
2019-09-05,15:06:04.194000,10718,10719,10719,2
2019-09-05,15:06:08.171000,10718,10719,10719,5
2019-09-05,15:06:11.267000,10718,10719,10719,1
2019-09-05,15:06:14.159000,10718,10719,10719,1
2019-09-05,15:06:14.196000,10718,10719,10719,1
2019-09-05,15:06:14.772000,10718,10719,10719,5
2019-09-05,15:06:15.549000,10718,10719,10719,3
2019-09-05,15:06:15.554000,10719,10720,10719,2
2019-09-05,15:06:19.262000,10719,10720,10719,1
2019-09-05,15:06:19.847000,10718,10720,10720,2
2019-09-05,15:06:20.483000,10718,10720,10720,1
2019-09-05,15:06:26.520000,10719,10720,10720,1
2019-09-05,15:06:27.171000,10719,10720,10719,1
2019-09-05,15:06:32.752000,10719,10720,10720,5
2019-09-05,15:06:32.803000,10719,10720,10720,6
2019-09-05,15:06:32.803000,10719,10720,10720,6
2019-09-05,15:06:38.818000,10720,10721,10720,1
2019-09-05,15:06:39.568000,10720,10721,10720,3
2019-09-05,15:06:41.498000,10720,10721,10720,1
2019-09-05,15:06:42.528000,10720,10721,10720,1
2019-09-05,15:06:45.334000,10720,10721,10721,1
2019-09-05,15:06:45.335000,10720,10721,10720,1
2019-09-05,15:06:55.651000,10720,10721,10721,1
2019-09-05,15:07:00.902000,10720,10721,10721,1
2019-09-05,15:07:02.415000,10720,10721,10721,2
2019-09-05,15:07:04.719000,10720,10721,10720,22
2019-09-05,15:07:04.908000,10719,10721,10719,1
2019-09-05,15:07:05.235000,10719,10720,10720,1
2019-09-05,15:07:06.915000,10719,10720,10720,2
2019-09-05,15:07:07.982000,10719,10720,10720,1
2019-09-05,15:07:11.179000,10719,10720,10719,6
2019-09-05,15:07:13.003000,10719,10720,10720,1
2019-09-05,15:07:13.716000,10719,10720,10720,1
2019-09-05,15:07:15.362000,10719,10720,10720,1
2019-09-05,15:07:16.181000,10719,10720,10719,2
2019-09-05,15:07:17.348000,10718,10720,10718,1
2019-09-05,15:07:17.935000,10719,10720,10719,1
2019-09-05,15:07:18.748000,10719,10720,10719,1
2019-09-05,15:07:21.488000,10719,10720,10719,1
2019-09-05,15:07:22.610000,10719,10720,10719,1
2019-09-05,15:07:29.958000,10719,10720,10719,1
2019-09-05,15:07:30.977000,10719,10720,10719,1
2019-09-05,15:07:30.977000,10719,10720,10719,11
2019-09-05,15:07:30.977000,10719,10720,10719,1
2019-09-05,15:07:30.978000,10719,10720,10719,1
2019-09-05,15:07:31.055000,10719,10720,10719,2
2019-09-05,15:07:37.608000,10718,10719,10718,1
2019-09-05,15:07:47.824000,10718,10719,10718,1
2019-09-05,15:07:49.901000,10718,10719,10718,2
2019-09-05,15:07:51.614000,10718,10719,10718,1
2019-09-05,15:07:55.990000,10718,10719,10719,1
2019-09-05,15:07:56.398000,10718,10719,10719,4
2019-09-05,15:07:57.358000,10719,10720,10719,1
2019-09-05,15:07:57.358000,10719,10720,10718,1
2019-09-05,15:08:02.682000,10718,10719,10719,2
2019-09-05,15:08:05.548000,10719,10720,10719,2
2019-09-05,15:08:08.281000,10719,10720,10719,4
2019-09-05,15:08:09.960000,10718,10720,10718,2
2019-09-05,15:08:14.877000,10718,10719,10719,4
2019-09-05,15:08:14.930000,10719,10720,10719,7
2019-09-05,15:08:15.567000,10718,10719,10719,1
2019-09-05,15:08:15.990000,10718,10719,10718,2
2019-09-05,15:08:16.381000,10718,10719,10718,1
2019-09-05,15:08:20.721000,10718,10719,10719,1
2019-09-05,15:08:21.629000,10718,10719,10718,11
2019-09-05,15:08:21.678000,10718,10719,10718,4
2019-09-05,15:08:23.880000,10717,10719,10717,1
2019-09-05,15:08:24.780000,10717,10719,10717,1
2019-09-05,15:08:25.330000,10717,10718,10717,1
2019-09-05,15:08:29.668000,10717,10718,10718,1
2019-09-05,15:08:30.172000,10717,10718,10717,1
2019-09-05,15:08:30.233000,10717,10718,10718,1
2019-09-05,15:08:31.171000,10717,10718,10718,1
2019-09-05,15:08:32.683000,10717,10718,10717,1
2019-09-05,15:08:39.424000,10717,10718,10717,1
2019-09-05,15:08:42.372000,10717,10718,10717,1
2019-09-05,15:08:43.855000,10717,10718,10717,1
2019-09-05,15:08:44.650000,10717,10718,10717,1
2019-09-05,15:08:46.491000,10717,10718,10718,5
2019-09-05,15:08:46.900000,10717,10718,10717,1
2019-09-05,15:08:48.611000,10717,10718,10718,1
2019-09-05,15:08:49.005000,10717,10718,10718,1
2019-09-05,15:08:49.567000,10717,10718,10718,1
2019-09-05,15:08:51.360000,10718,10719,10718,1
2019-09-05,15:08:52.595000,10718,10719,10718,1
2019-09-05,15:09:07.826000,10717,10718,10718,1
2019-09-05,15:09:11.597000,10717,10718,10717,1
2019-09-05,15:09:11.803000,10717,10718,10717,14
2019-09-05,15:09:11.803000,10717,10718,10717,1
2019-09-05,15:09:11.803000,10717,10718,10717,1
2019-09-05,15:09:11.930000,10717,10718,10717,4
2019-09-05,15:09:12.345000,10717,10718,10717,1
2019-09-05,15:09:12.345000,10717,10718,10717,1
2019-09-05,15:09:12.345000,10717,10718,10717,1
2019-09-05,15:09:12.345000,10717,10718,10717,1
2019-09-05,15:09:12.365000,10717,10718,10717,2
2019-09-05,15:09:12.365000,10717,10718,10717,1
2019-09-05,15:09:12.365000,10717,10718,10717,2
2019-09-05,15:09:12.366000,10717,10718,10717,4
2019-09-05,15:09:12.366000,10717,10718,10717,1
2019-09-05,15:09:12.366000,10717,10718,10717,5
2019-09-05,15:09:12.429000,10716,10717,10716,3
2019-09-05,15:09:12.724000,10716,10717,10716,4
2019-09-05,15:09:12.737000,10716,10717,10716,2
2019-09-05,15:09:12.753000,10716,10717,10716,4
2019-09-05,15:09:12.819000,10716,10717,10716,2
2019-09-05,15:09:12.828000,10716,10717,10716,2
2019-09-05,15:09:12.886000,10716,10717,10716,4
2019-09-05,15:09:12.913000,10716,10717,10716,2
2019-09-05,15:09:12.954000,10716,10717,10716,2
2019-09-05,15:09:12.980000,10716,10717,10716,2
2019-09-05,15:09:13.019000,10716,10717,10716,2
2019-09-05,15:09:13.049000,10716,10717,10716,2
2019-09-05,15:09:13.079000,10716,10717,10716,2
2019-09-05,15:09:13.115000,10716,10717,10716,2
2019-09-05,15:09:13.140000,10716,10717,10716,2
2019-09-05,15:09:13.257000,10715,10717,10717,2
2019-09-05,15:09:14.952000,10716,10717,10716,1
2019-09-05,15:09:16.188000,10716,10717,10717,2
2019-09-05,15:09:18.757000,10716,10717,10716,1
2019-09-05,15:09:20.356000,10716,10717,10717,1
2019-09-05,15:09:20.886000,10716,10717,10717,1
2019-09-05,15:09:24.358000,10716,10717,10716,8
2019-09-05,15:09:24.762000,10715,10716,10716,4
2019-09-05,15:09:24.763000,10715,10716,10716,2
2019-09-05,15:09:24.763000,10715,10716,10716,4
2019-09-05,15:09:24.763000,10715,10716,10716,1
2019-09-05,15:09:24.764000,10715,10716,10716,5
2019-09-05,15:09:28.305000,10716,10717,10717,1
2019-09-05,15:09:34.108000,10716,10717,10716,2
2019-09-05,15:09:34.269000,10716,10717,10716,1
2019-09-05,15:09:34.822000,10716,10717,10716,1
2019-09-05,15:09:36.037000,10716,10717,10716,3
2019-09-05,15:09:36.717000,10715,10716,10716,1
2019-09-05,15:09:36.826000,10715,10717,10717,1
2019-09-05,15:09:36.890000,10715,10717,10715,1
2019-09-05,15:09:36.934000,10715,10717,10715,3
2019-09-05,15:09:37.243000,10715,10717,10715,2
2019-09-05,15:09:37.470000,10715,10716,10715,5
2019-09-05,15:09:37.560000,10715,10716,10715,1
2019-09-05,15:09:37.574000,10715,10716,10715,1
2019-09-05,15:09:39.907000,10715,10716,10715,1
2019-09-05,15:09:43.365000,10715,10716,10715,2
2019-09-05,15:09:43.593000,10715,10716,10715,1
2019-09-05,15:09:45.512000,10715,10716,10715,20
2019-09-05,15:09:45.697000,10715,10716,10716,2
2019-09-05,15:09:45.739000,10715,10716,10715,1
2019-09-05,15:09:51.775000,10715,10716,10715,1
2019-09-05,15:09:53.471000,10715,10716,10715,1
2019-09-05,15:09:55.545000,10715,10716,10715,2
2019-09-05,15:09:57.909000,10715,10716,10715,1
2019-09-05,15:09:58.931000,10715,10716,10715,1
2019-09-05,15:10:01.563000,10715,10716,10715,1
2019-09-05,15:10:02,10715,10716,10715,1
2019-09-05,15:10:02.153000,10715,10716,10715,2
2019-09-05,15:10:02.184000,10715,10716,10715,2
2019-09-05,15:10:02.232000,10715,10716,10715,1
2019-09-05,15:10:02.248000,10715,10716,10715,1
2019-09-05,15:10:02.323000,10715,10716,10715,1
2019-09-05,15:10:02.613000,10715,10716,10715,1
2019-09-05,15:10:02.672000,10715,10716,10715,1
2019-09-05,15:10:03.480000,10715,10716,10715,10
2019-09-05,15:10:04.028000,10715,10716,10715,2
2019-09-05,15:10:04.312000,10715,10716,10715,2
2019-09-05,15:10:04.949000,10715,10716,10715,2
2019-09-05,15:10:05.073000,10715,10716,10715,1
2019-09-05,15:10:05.585000,10715,10716,10715,1
2019-09-05,15:10:06.270000,10715,10716,10715,1
2019-09-05,15:10:06.445000,10715,10716,10715,2
2019-09-05,15:10:08.082000,10714,10715,10715,1
2019-09-05,15:10:09.985000,10714,10715,10715,2
2019-09-05,15:10:10.053000,10714,10715,10715,1
2019-09-05,15:10:13.960000,10715,10716,10715,2
2019-09-05,15:10:14.497000,10715,10716,10715,1
2019-09-05,15:10:16.163000,10715,10716,10715,4
2019-09-05,15:10:16.163000,10715,10716,10714,11
2019-09-05,15:10:16.213000,10714,10716,10714,1
2019-09-05,15:10:16.271000,10714,10716,10714,2
2019-09-05,15:10:17.001000,10714,10715,10714,2
2019-09-05,15:10:18.084000,10714,10715,10714,1
2019-09-05,15:10:18.362000,10714,10715,10715,1
2019-09-05,15:10:18.928000,10714,10715,10715,1
2019-09-05,15:10:19.053000,10714,10715,10715,1
2019-09-05,15:10:19.082000,10714,10715,10715,1
2019-09-05,15:10:19.084000,10714,10715,10715,1
2019-09-05,15:10:19.084000,10714,10715,10715,1
2019-09-05,15:10:21.700000,10715,10716,10716,10
2019-09-05,15:10:22.842000,10715,10717,10715,1
2019-09-05,15:10:25.933000,10715,10716,10715,1
2019-09-05,15:10:29.587000,10715,10716,10715,2
2019-09-05,15:10:30.395000,10715,10716,10715,1
2019-09-05,15:10:42.939000,10715,10716,10715,1
2019-09-05,15:10:50.043000,10715,10716,10715,1
2019-09-05,15:10:50.396000,10715,10716,10715,1
2019-09-05,15:10:50.530000,10715,10716,10715,1
2019-09-05,15:10:52.878000,10715,10716,10716,1
2019-09-05,15:10:55.830000,10715,10716,10716,1
2019-09-05,15:11:01.921000,10715,10716,10716,1
2019-09-05,15:11:04.148000,10715,10716,10715,4
2019-09-05,15:11:09.812000,10715,10716,10716,1
2019-09-05,15:11:12.024000,10715,10716,10715,3
2019-09-05,15:11:12.924000,10715,10716,10716,10
2019-09-05,15:11:12.954000,10715,10716,10716,1
2019-09-05,15:11:12.954000,10715,10716,10716,1
2019-09-05,15:11:12.954000,10715,10716,10716,5
2019-09-05,15:11:12.954000,10715,10716,10716,2
2019-09-05,15:11:13.208000,10716,10717,10716,2
2019-09-05,15:11:21.635000,10716,10717,10717,12
2019-09-05,15:11:22.896000,10717,10718,10717,1
2019-09-05,15:11:23.671000,10717,10718,10717,1
2019-09-05,15:11:27.060000,10716,10718,10718,1
2019-09-05,15:11:27.210000,10716,10718,10718,1
2019-09-05,15:11:27.490000,10717,10718,10717,1
2019-09-05,15:11:27.567000,10716,10718,10717,1
2019-09-05,15:11:27.569000,10716,10718,10717,1
2019-09-05,15:11:30.551000,10716,10717,10717,1
2019-09-05,15:11:32.120000,10716,10717,10717,2
2019-09-05,15:11:33.163000,10717,10718,10717,1
2019-09-05,15:11:34.152000,10717,10718,10717,1
2019-09-05,15:11:35.865000,10716,10717,10717,1
2019-09-05,15:11:36.722000,10716,10717,10717,2
2019-09-05,15:11:39.036000,10716,10717,10717,1
2019-09-05,15:11:41.871000,10716,10717,10717,1
2019-09-05,15:11:45.998000,10716,10717,10717,3
2019-09-05,15:11:49.172000,10716,10717,10717,1
2019-09-05,15:11:49.369000,10716,10717,10717,1
2019-09-05,15:11:58.903000,10717,10718,10717,1
2019-09-05,15:11:58.929000,10717,10718,10717,1
2019-09-05,15:11:59.926000,10716,10717,10716,1
2019-09-05,15:12:05.844000,10717,10718,10717,1
2019-09-05,15:12:14.740000,10717,10718,10717,2
2019-09-05,15:12:16.920000,10717,10718,10717,1
2019-09-05,15:12:17.334000,10717,10718,10718,2
2019-09-05,15:12:17.418000,10717,10718,10717,1
2019-09-05,15:12:17.428000,10717,10718,10718,14
2019-09-05,15:12:17.553000,10717,10718,10718,1
2019-09-05,15:12:17.553000,10717,10718,10718,2
2019-09-05,15:12:17.553000,10717,10718,10718,7
2019-09-05,15:12:17.603000,10717,10718,10718,2
2019-09-05,15:12:21.121000,10718,10719,10718,2
2019-09-05,15:12:26.336000,10718,10719,10718,2
2019-09-05,15:12:30.417000,10718,10719,10719,1
2019-09-05,15:12:31.470000,10718,10719,10719,1
2019-09-05,15:12:33.020000,10718,10719,10718,1
2019-09-05,15:12:40.691000,10718,10719,10718,2
2019-09-05,15:12:40.691000,10718,10719,10718,1
2019-09-05,15:12:41.914000,10717,10718,10718,1
2019-09-05,15:12:44.799000,10717,10718,10718,1
2019-09-05,15:13:02.959000,10717,10718,10718,6
2019-09-05,15:13:03.053000,10717,10718,10718,1
2019-09-05,15:13:09.646000,10717,10718,10718,1
2019-09-05,15:13:27.717000,10717,10718,10718,16
2019-09-05,15:13:40.454000,10718,10719,10719,3
2019-09-05,15:13:41.167000,10718,10719,10719,3
2019-09-05,15:13:41.405000,10718,10719,10719,1
2019-09-05,15:13:45.679000,10718,10719,10719,1
2019-09-05,15:13:46.152000,10718,10719,10719,1
2019-09-05,15:13:46.788000,10718,10719,10719,1
2019-09-05,15:13:48.652000,10718,10719,10719,1
2019-09-05,15:13:49.157000,10718,10719,10719,1
2019-09-05,15:13:50.155000,10718,10719,10719,1
2019-09-05,15:13:51.905000,10718,10719,10719,1
2019-09-05,15:13:52.096000,10718,10719,10719,1
2019-09-05,15:13:52.406000,10718,10719,10719,1
2019-09-05,15:13:54.332000,10718,10719,10719,1
2019-09-05,15:13:54.788000,10718,10719,10719,1
2019-09-05,15:13:55.280000,10718,10719,10719,1
2019-09-05,15:13:55.363000,10718,10719,10719,5
2019-09-05,15:13:59.677000,10719,10720,10720,1
2019-09-05,15:13:59.843000,10719,10720,10720,1
2019-09-05,15:14:02.986000,10719,10720,10719,1
2019-09-05,15:14:03.010000,10719,10720,10719,1
2019-09-05,15:14:03.036000,10719,10720,10719,1
2019-09-05,15:14:03.120000,10719,10720,10719,1
2019-09-05,15:14:03.357000,10718,10719,10719,1
2019-09-05,15:14:03.407000,10718,10719,10719,1
2019-09-05,15:14:03.904000,10718,10719,10719,1
2019-09-05,15:14:04.785000,10718,10719,10719,1
2019-09-05,15:14:04.786000,10718,10719,10719,1
2019-09-05,15:14:05.121000,10718,10719,10719,1
2019-09-05,15:14:06.184000,10718,10720,10719,3
2019-09-05,15:14:15.918000,10719,10720,10719,2
2019-09-05,15:14:17.934000,10719,10720,10719,2
2019-09-05,15:14:26.327000,10719,10720,10720,2
2019-09-05,15:14:39.845000,10719,10720,10720,1
2019-09-05,15:14:45.389000,10719,10720,10719,1
2019-09-05,15:14:59.803000,10719,10720,10719,1
2019-09-05,15:15:07.388000,10719,10720,10720,23
2019-09-05,15:15:10.989000,10719,10720,10720,1
2019-09-05,15:15:14.829000,10719,10720,10720,1
2019-09-05,15:15:18.754000,10719,10720,10720,1
2019-09-05,15:15:20.483000,10719,10720,10720,11
2019-09-05,15:15:22.023000,10719,10720,10720,1
2019-09-05,15:15:22.279000,10719,10720,10720,1
2019-09-05,15:15:25.669000,10719,10720,10720,2
2019-09-05,15:15:26.154000,10719,10720,10720,1
2019-09-05,15:15:26.781000,10719,10720,10720,1
2019-09-05,15:15:27.698000,10719,10720,10720,1
2019-09-05,15:15:28.033000,10719,10720,10720,1
2019-09-05,15:15:30.536000,10720,10721,10720,1
2019-09-05,15:15:39.959000,10720,10721,10721,1
2019-09-05,15:15:42.405000,10720,10721,10721,1
2019-09-05,15:15:51.195000,10720,10721,10721,1
2019-09-05,15:15:54.067000,10720,10721,10721,8
2019-09-05,15:15:55.960000,10720,10721,10721,1
2019-09-05,15:16:02.729000,10720,10721,10721,1
2019-09-05,15:16:10.939000,10720,10721,10721,1
2019-09-05,15:16:12.118000,10720,10721,10720,2
2019-09-05,15:16:13.181000,10720,10721,10720,3
2019-09-05,15:16:14.653000,10720,10721,10721,1
2019-09-05,15:16:16.360000,10720,10721,10720,1
2019-09-05,15:16:19.474000,10720,10721,10721,1
2019-09-05,15:16:25.814000,10720,10721,10720,1
2019-09-05,15:16:26.252000,10720,10721,10721,1
2019-09-05,15:16:29.152000,10720,10721,10720,6
2019-09-05,15:16:29.944000,10720,10721,10721,1
2019-09-05,15:16:31.571000,10720,10721,10720,1
2019-09-05,15:16:32.225000,10720,10721,10720,1
2019-09-05,15:16:49.909000,10720,10721,10720,12
2019-09-05,15:16:49.928000,10720,10721,10720,3
2019-09-05,15:16:54.428000,10719,10720,10720,1
2019-09-05,15:16:55.190000,10719,10720,10720,1
2019-09-05,15:16:56.006000,10719,10720,10720,1
2019-09-05,15:16:57.773000,10719,10720,10719,1
2019-09-05,15:17:11.419000,10719,10720,10720,1
2019-09-05,15:17:12.327000,10719,10720,10719,2
2019-09-05,15:17:15.920000,10719,10720,10719,1
2019-09-05,15:17:18.810000,10719,10720,10719,1
2019-09-05,15:17:20.960000,10719,10720,10719,1
2019-09-05,15:17:35.438000,10719,10720,10719,2
2019-09-05,15:17:36.402000,10719,10720,10719,1
2019-09-05,15:17:37.121000,10719,10720,10719,15
2019-09-05,15:17:37.303000,10718,10719,10719,1
2019-09-05,15:17:46.854000,10718,10719,10718,1
2019-09-05,15:17:56.798000,10718,10719,10718,1
2019-09-05,15:17:57.150000,10718,10719,10718,1
2019-09-05,15:18:00.343000,10718,10719,10718,1
2019-09-05,15:18:01.631000,10718,10719,10718,2
2019-09-05,15:18:01.895000,10718,10719,10718,1
2019-09-05,15:18:03.166000,10718,10719,10718,1
2019-09-05,15:18:05.419000,10718,10719,10718,2
2019-09-05,15:18:06.255000,10718,10719,10718,3
2019-09-05,15:18:06.290000,10718,10719,10718,2
2019-09-05,15:18:06.722000,10717,10718,10717,3
2019-09-05,15:18:06.803000,10717,10718,10717,1
2019-09-05,15:18:06.929000,10717,10718,10718,1
2019-09-05,15:18:07.592000,10717,10718,10717,1
2019-09-05,15:18:10.932000,10716,10717,10717,2
2019-09-05,15:18:11.928000,10717,10718,10718,1
2019-09-05,15:18:12.114000,10717,10718,10718,1
2019-09-05,15:18:13.213000,10717,10718,10718,2
2019-09-05,15:18:13.213000,10717,10718,10718,2
2019-09-05,15:18:17.523000,10718,10719,10718,1
2019-09-05,15:18:17.553000,10717,10718,10718,1
2019-09-05,15:18:19.054000,10717,10718,10718,1
2019-09-05,15:18:21.274000,10718,10719,10718,2
2019-09-05,15:18:21.538000,10718,10719,10718,1
2019-09-05,15:18:25.534000,10718,10719,10718,1
2019-09-05,15:18:27.398000,10718,10719,10718,1
2019-09-05,15:18:27.577000,10718,10719,10718,1
2019-09-05,15:18:29.788000,10718,10719,10718,3
2019-09-05,15:18:29.941000,10718,10719,10718,1
2019-09-05,15:18:32.906000,10718,10719,10718,2
2019-09-05,15:18:34.423000,10718,10719,10719,1
2019-09-05,15:18:35.562000,10718,10719,10719,2
2019-09-05,15:18:38.391000,10718,10719,10718,20
2019-09-05,15:18:39.305000,10718,10719,10719,7
2019-09-05,15:18:43.047000,10719,10720,10719,1
2019-09-05,15:18:46.133000,10719,10720,10719,1
2019-09-05,15:18:47.415000,10718,10719,10719,1
2019-09-05,15:18:53.527000,10718,10719,10719,1
2019-09-05,15:19:08.050000,10718,10719,10719,1
2019-09-05,15:19:25.280000,10718,10719,10718,6
2019-09-05,15:19:25.303000,10718,10719,10718,1
2019-09-05,15:19:30.376000,10717,10718,10718,1
2019-09-05,15:19:43.070000,10717,10718,10717,2
2019-09-05,15:19:46.167000,10717,10718,10717,3
2019-09-05,15:19:51.511000,10717,10718,10717,1
2019-09-05,15:19:57.655000,10717,10718,10717,1
2019-09-05,15:19:58.550000,10717,10718,10718,1
2019-09-05,15:19:58.553000,10717,10718,10718,1
2019-09-05,15:19:58.901000,10717,10719,10717,1
2019-09-05,15:20:09.889000,10717,10719,10717,1
2019-09-05,15:20:43.053000,10718,10719,10718,1
2019-09-05,15:20:58.839000,10717,10719,10717,3
2019-09-05,15:21:04.178000,10717,10718,10718,2
2019-09-05,15:21:15.283000,10718,10719,10718,1
2019-09-05,15:21:24.218000,10718,10719,10718,1
2019-09-05,15:21:27.641000,10718,10719,10718,1
2019-09-05,15:21:28.428000,10718,10719,10719,4
2019-09-05,15:21:28.553000,10718,10719,10719,7
2019-09-05,15:21:28.553000,10718,10719,10719,1
2019-09-05,15:21:59.804000,10719,10720,10720,26
2019-09-05,15:22:00.053000,10720,10721,10720,1
2019-09-05,15:22:16.731000,10720,10721,10720,3
2019-09-05,15:22:21.186000,10719,10720,10720,1
2019-09-05,15:22:28.053000,10719,10720,10720,1
2019-09-05,15:22:59.571000,10719,10720,10719,1
2019-09-05,15:23:07.953000,10719,10720,10720,1
2019-09-05,15:23:18.293000,10719,10720,10720,1
2019-09-05,15:23:28.104000,10719,10720,10720,1
2019-09-05,15:23:31.383000,10719,10720,10720,1
2019-09-05,15:23:33.444000,10719,10720,10720,1
2019-09-05,15:23:37.236000,10719,10720,10720,1
2019-09-05,15:23:50.937000,10719,10720,10719,1
2019-09-05,15:23:56.597000,10719,10720,10719,1
2019-09-05,15:23:57.924000,10719,10720,10719,1
2019-09-05,15:24:01.929000,10719,10720,10719,1
2019-09-05,15:24:03.378000,10719,10720,10720,1
2019-09-05,15:24:06.742000,10719,10720,10719,1
2019-09-05,15:24:08.092000,10719,10720,10719,1
2019-09-05,15:24:08.093000,10719,10720,10719,10
2019-09-05,15:24:08.093000,10719,10720,10719,2
2019-09-05,15:24:08.093000,10719,10720,10719,1
2019-09-05,15:24:08.093000,10719,10720,10719,2
2019-09-05,15:24:08.310000,10718,10719,10718,1
2019-09-05,15:24:19.414000,10718,10719,10718,4
2019-09-05,15:24:19.428000,10718,10719,10718,19
2019-09-05,15:24:20.211000,10717,10718,10718,1
2019-09-05,15:24:20.211000,10717,10718,10718,1
2019-09-05,15:24:28.290000,10718,10719,10718,1
2019-09-05,15:24:30.562000,10718,10719,10718,1
2019-09-05,15:24:30.902000,10718,10719,10719,1
2019-09-05,15:24:31.930000,10718,10719,10718,1
2019-09-05,15:24:32.833000,10718,10719,10719,1
2019-09-05,15:24:35.435000,10718,10719,10719,1
2019-09-05,15:25:13.207000,10718,10719,10719,1
2019-09-05,15:25:14.073000,10718,10719,10718,3
2019-09-05,15:25:14.178000,10717,10718,10718,1
2019-09-05,15:25:26.961000,10718,10719,10719,2
2019-09-05,15:25:27.053000,10718,10719,10719,19
2019-09-05,15:25:43.377000,10719,10720,10719,1
2019-09-05,15:25:49.676000,10719,10720,10719,1
2019-09-05,15:26:17.956000,10719,10720,10720,53
2019-09-05,15:26:24.264000,10720,10721,10721,1
2019-09-05,15:26:24.264000,10720,10721,10721,1
2019-09-05,15:26:24.265000,10720,10721,10721,11
2019-09-05,15:26:24.265000,10720,10721,10721,3
2019-09-05,15:26:24.265000,10720,10721,10721,1
2019-09-05,15:26:26.587000,10721,10722,10722,1
2019-09-05,15:26:26.704000,10721,10722,10722,2
2019-09-05,15:26:26.818000,10721,10722,10722,1
2019-09-05,15:26:26.823000,10721,10722,10722,2
2019-09-05,15:26:28.499000,10721,10722,10722,1
2019-09-05,15:26:28.913000,10721,10722,10721,1
2019-09-05,15:26:32.139000,10721,10722,10722,1
2019-09-05,15:26:34.487000,10721,10722,10722,2
2019-09-05,15:26:37.858000,10721,10722,10722,1
2019-09-05,15:26:39.623000,10721,10722,10722,1
2019-09-05,15:26:40.165000,10721,10722,10722,1
2019-09-05,15:26:40.178000,10721,10722,10722,1
2019-09-05,15:26:40.729000,10722,10723,10722,1
2019-09-05,15:26:47.636000,10722,10723,10723,2
2019-09-05,15:26:48.693000,10722,10723,10723,1
2019-09-05,15:26:49.452000,10722,10723,10723,5
2019-09-05,15:26:50.206000,10723,10724,10723,1
2019-09-05,15:26:50.256000,10723,10724,10723,1
2019-09-05,15:26:50.312000,10722,10723,10723,1
2019-09-05,15:26:50.881000,10722,10723,10723,1
2019-09-05,15:26:51.870000,10722,10723,10723,1
2019-09-05,15:26:51.870000,10722,10723,10724,1
2019-09-05,15:26:52.066000,10722,10724,10724,33
2019-09-05,15:26:52.066000,10722,10724,10724,2
2019-09-05,15:26:52.067000,10722,10724,10724,1
2019-09-05,15:26:52.067000,10722,10724,10724,2
2019-09-05,15:26:52.067000,10722,10724,10724,2
2019-09-05,15:26:52.067000,10722,10724,10724,1
2019-09-05,15:26:52.067000,10722,10724,10724,2
2019-09-05,15:26:52.338000,10723,10725,10723,2
2019-09-05,15:26:52.671000,10723,10725,10725,1
2019-09-05,15:26:52.723000,10723,10725,10725,1
2019-09-05,15:26:52.809000,10723,10725,10725,1
2019-09-05,15:26:53.050000,10723,10724,10724,1
2019-09-05,15:26:56.028000,10723,10724,10724,1
2019-09-05,15:26:56.718000,10723,10724,10723,1
2019-09-05,15:26:57.203000,10723,10724,10724,1
2019-09-05,15:27:00.845000,10723,10724,10723,1
2019-09-05,15:27:02.495000,10723,10724,10724,1
2019-09-05,15:27:03.951000,10723,10724,10724,3
2019-09-05,15:27:07.562000,10723,10724,10724,1
2019-09-05,15:27:12.378000,10723,10724,10723,1
2019-09-05,15:27:12.582000,10723,10724,10723,1
2019-09-05,15:27:12.772000,10723,10724,10723,1
2019-09-05,15:27:13.408000,10723,10724,10723,5
2019-09-05,15:27:14.525000,10723,10724,10723,5
2019-09-05,15:27:14.647000,10722,10723,10723,1
2019-09-05,15:27:14.971000,10722,10723,10723,1
2019-09-05,15:27:20.707000,10722,10723,10723,1
2019-09-05,15:27:29.745000,10722,10723,10723,1
2019-09-05,15:27:32.934000,10722,10723,10722,1
2019-09-05,15:27:37.437000,10722,10723,10722,14
2019-09-05,15:27:41.457000,10721,10722,10722,1
2019-09-05,15:27:42.300000,10721,10722,10721,3
2019-09-05,15:27:43.899000,10721,10722,10722,1
2019-09-05,15:28:09.597000,10721,10722,10722,1
2019-09-05,15:28:10.240000,10721,10722,10721,2
2019-09-05,15:28:13.224000,10721,10722,10721,1
2019-09-05,15:28:13.224000,10721,10722,10721,1
2019-09-05,15:28:13.224000,10721,10722,10721,2
2019-09-05,15:28:13.224000,10721,10722,10721,3
2019-09-05,15:28:13.224000,10721,10722,10721,2
2019-09-05,15:28:13.855000,10720,10721,10721,1
2019-09-05,15:28:19.307000,10720,10721,10721,1
2019-09-05,15:28:26.191000,10720,10721,10720,1
2019-09-05,15:28:56.743000,10720,10721,10720,3
2019-09-05,15:28:57.504000,10720,10721,10720,2
2019-09-05,15:29:01.216000,10720,10721,10720,5
2019-09-05,15:29:01.453000,10720,10721,10720,1
2019-09-05,15:29:02.412000,10719,10720,10720,1
2019-09-05,15:29:05.133000,10719,10720,10720,1
2019-09-05,15:29:05.850000,10719,10720,10720,1
2019-09-05,15:29:10.665000,10719,10720,10719,1
2019-09-05,15:29:14.995000,10719,10720,10720,3
2019-09-05,15:29:29.843000,10720,10721,10721,1
2019-09-05,15:29:30.803000,10720,10721,10721,1
2019-09-05,15:29:32.429000,10720,10721,10721,3
2019-09-05,15:29:36.858000,10721,10722,10721,1
2019-09-05,15:29:38.083000,10721,10722,10722,1
2019-09-05,15:29:44.390000,10721,10722,10722,1
2019-09-05,15:29:45.806000,10721,10722,10721,5
2019-09-05,15:29:59.257000,10721,10722,10721,1
2019-09-05,15:30:01.259000,10721,10722,10721,22
2019-09-05,15:30:01.259000,10721,10722,10720,18
2019-09-05,15:30:03.955000,10720,10721,10720,2
2019-09-05,15:30:23.212000,10719,10720,10719,10
2019-09-05,15:30:29.293000,10719,10720,10719,2
2019-09-05,15:30:32.634000,10719,10720,10720,1
2019-09-05,15:30:33.021000,10719,10720,10719,1
2019-09-05,15:30:36.825000,10719,10720,10719,1
2019-09-05,15:30:37.776000,10719,10720,10719,1
2019-09-05,15:30:40.595000,10719,10720,10719,2
2019-09-05,15:30:41.543000,10719,10720,10719,2
2019-09-05,15:30:43.479000,10719,10720,10719,1
2019-09-05,15:31:01.912000,10719,10720,10719,1
2019-09-05,15:31:11.021000,10719,10720,10719,1
2019-09-05,15:31:18.035000,10719,10720,10719,1
2019-09-05,15:31:18.607000,10719,10720,10720,1
2019-09-05,15:31:20.039000,10719,10720,10719,1
2019-09-05,15:31:20.625000,10719,10720,10719,2
2019-09-05,15:31:22.185000,10719,10720,10719,1
2019-09-05,15:31:22.186000,10719,10720,10719,2
2019-09-05,15:31:22.186000,10719,10720,10719,1
2019-09-05,15:31:22.186000,10719,10720,10719,9
2019-09-05,15:31:22.187000,10719,10720,10719,4
2019-09-05,15:31:22.198000,10719,10720,10719,1
2019-09-05,15:31:22.644000,10718,10719,10718,29
2019-09-05,15:31:22.678000,10718,10719,10718,2
2019-09-05,15:31:22.678000,10718,10719,10718,3
2019-09-05,15:31:22.679000,10718,10719,10718,3
2019-09-05,15:31:27.364000,10718,10719,10718,2
2019-09-05,15:31:27.365000,10718,10719,10718,2
2019-09-05,15:31:31.024000,10717,10718,10717,1
2019-09-05,15:31:31.170000,10717,10718,10717,1
2019-09-05,15:31:31.873000,10717,10718,10718,1
2019-09-05,15:31:40.210000,10717,10718,10718,5
2019-09-05,15:31:43.108000,10717,10718,10718,1
2019-09-05,15:31:44.535000,10717,10718,10718,17
2019-09-05,15:32:09.562000,10717,10718,10718,1
2019-09-05,15:32:09.823000,10717,10718,10717,1
2019-09-05,15:32:10.526000,10717,10718,10718,6
2019-09-05,15:32:10.554000,10717,10718,10718,4
2019-09-05,15:32:11.284000,10718,10719,10718,1
2019-09-05,15:32:11.626000,10718,10719,10718,1
2019-09-05,15:32:14.755000,10718,10719,10719,1
2019-09-05,15:32:16.290000,10718,10719,10719,1
2019-09-05,15:32:23.460000,10719,10720,10719,6
2019-09-05,15:32:23.960000,10719,10720,10719,1
2019-09-05,15:32:24.270000,10719,10720,10719,1
2019-09-05,15:32:29.091000,10719,10720,10720,12
2019-09-05,15:32:41.178000,10720,10721,10721,4
2019-09-05,15:32:42.064000,10721,10722,10721,2
2019-09-05,15:32:50.573000,10720,10721,10721,1
2019-09-05,15:33:01.849000,10721,10722,10721,1
2019-09-05,15:33:09.409000,10720,10721,10721,1
2019-09-05,15:33:12.557000,10720,10721,10720,1
2019-09-05,15:33:22.818000,10720,10721,10721,1
2019-09-05,15:33:26.874000,10720,10721,10721,1
2019-09-05,15:33:34.962000,10720,10721,10720,3
2019-09-05,15:33:36.053000,10720,10721,10721,1
2019-09-05,15:33:37.653000,10720,10721,10720,1
2019-09-05,15:33:38.398000,10720,10721,10721,1
2019-09-05,15:33:39.950000,10720,10721,10721,1
2019-09-05,15:33:53.803000,10720,10721,10721,1
2019-09-05,15:33:59.103000,10720,10721,10721,3
2019-09-05,15:34:05.305000,10721,10722,10722,6
2019-09-05,15:34:14.121000,10721,10722,10722,1
2019-09-05,15:34:22.219000,10721,10722,10722,1
2019-09-05,15:34:23.961000,10721,10722,10722,17
2019-09-05,15:34:24.053000,10721,10722,10722,2
2019-09-05,15:34:32.445000,10722,10723,10722,1
2019-09-05,15:34:33.311000,10722,10723,10722,5
2019-09-05,15:34:48.827000,10722,10723,10723,1
2019-09-05,15:34:53.499000,10722,10723,10723,1
2019-09-05,15:34:56.244000,10722,10723,10723,1
2019-09-05,15:34:56.962000,10722,10723,10723,3
2019-09-05,15:34:58.173000,10722,10723,10723,2
2019-09-05,15:35:00.420000,10722,10723,10723,5
2019-09-05,15:35:02.013000,10722,10723,10723,1
2019-09-05,15:35:15.190000,10722,10723,10723,1
2019-09-05,15:35:27.811000,10722,10723,10723,1
2019-09-05,15:35:28.428000,10722,10723,10723,1
2019-09-05,15:35:34.305000,10722,10723,10722,1
2019-09-05,15:35:35.942000,10722,10723,10722,2
2019-09-05,15:35:39.234000,10722,10723,10722,1
2019-09-05,15:35:39.729000,10722,10723,10722,1
2019-09-05,15:35:39.983000,10721,10722,10722,1
2019-09-05,15:35:44.301000,10721,10722,10722,3
2019-09-05,15:35:52.787000,10722,10723,10722,1
2019-09-05,15:36:05.836000,10722,10723,10722,1
2019-09-05,15:36:09.831000,10721,10722,10722,1
2019-09-05,15:36:37.695000,10722,10723,10722,1
2019-09-05,15:36:37.705000,10722,10723,10722,1
2019-09-05,15:36:47.730000,10721,10722,10722,1
2019-09-05,15:37:02.992000,10721,10722,10722,1
2019-09-05,15:37:08.812000,10722,10723,10722,1
2019-09-05,15:37:21.460000,10722,10723,10722,1
2019-09-05,15:37:27.884000,10722,10723,10723,2
2019-09-05,15:37:27.928000,10722,10723,10723,1
2019-09-05,15:37:27.928000,10722,10723,10723,3
2019-09-05,15:37:39.848000,10723,10724,10724,2
2019-09-05,15:37:40.588000,10723,10724,10723,1
2019-09-05,15:37:41.338000,10723,10724,10724,1
2019-09-05,15:37:42.559000,10723,10724,10724,1
2019-09-05,15:37:42.562000,10723,10724,10724,1
2019-09-05,15:37:43.637000,10723,10724,10724,1
2019-09-05,15:37:47.232000,10723,10724,10724,2
2019-09-05,15:37:47.410000,10723,10724,10724,6
2019-09-05,15:37:49.715000,10723,10724,10724,2
2019-09-05,15:37:50.249000,10724,10725,10725,1
2019-09-05,15:37:50.836000,10724,10725,10725,2
2019-09-05,15:37:54.764000,10724,10725,10725,2
2019-09-05,15:38:05.454000,10724,10725,10724,7
2019-09-05,15:38:07.363000,10723,10724,10723,1
2019-09-05,15:38:07.921000,10723,10724,10723,2
2019-09-05,15:38:14.913000,10723,10724,10724,6
2019-09-05,15:38:14.913000,10723,10724,10724,1
2019-09-05,15:38:19.026000,10723,10724,10724,1
2019-09-05,15:38:20.969000,10723,10724,10724,2
2019-09-05,15:38:24.438000,10723,10724,10724,5
2019-09-05,15:38:25.016000,10724,10725,10724,2
2019-09-05,15:38:29.078000,10724,10725,10724,1
2019-09-05,15:38:39.177000,10724,10725,10724,1
2019-09-05,15:38:40.893000,10724,10725,10724,1
2019-09-05,15:38:44.624000,10724,10725,10724,1
2019-09-05,15:38:50.315000,10724,10725,10724,1
2019-09-05,15:39:05.067000,10724,10725,10724,2
2019-09-05,15:39:10.573000,10724,10725,10724,1
2019-09-05,15:39:14.615000,10724,10725,10724,2
2019-09-05,15:39:15.114000,10724,10725,10724,1
2019-09-05,15:39:21.804000,10724,10725,10724,1
2019-09-05,15:39:23.216000,10724,10725,10724,1
2019-09-05,15:39:23.275000,10724,10725,10725,1
2019-09-05,15:39:23.407000,10724,10725,10724,1
2019-09-05,15:39:23.543000,10724,10725,10724,1
2019-09-05,15:39:31.532000,10724,10725,10725,4
2019-09-05,15:39:32.974000,10724,10725,10725,6
2019-09-05,15:39:33.053000,10724,10725,10725,7
2019-09-05,15:39:33.053000,10724,10725,10725,2
2019-09-05,15:39:33.053000,10724,10725,10725,2
2019-09-05,15:39:33.053000,10724,10725,10725,5
2019-09-05,15:39:33.053000,10724,10725,10725,3
2019-09-05,15:39:33.053000,10724,10725,10725,4
2019-09-05,15:39:43.792000,10725,10726,10726,1
2019-09-05,15:39:43.831000,10725,10726,10726,2
2019-09-05,15:39:43.837000,10725,10726,10726,1
2019-09-05,15:39:43.843000,10725,10726,10726,1
2019-09-05,15:39:43.887000,10725,10726,10727,1
2019-09-05,15:39:44.438000,10725,10727,10727,1
2019-09-05,15:39:45.110000,10726,10727,10726,1
2019-09-05,15:39:45.110000,10726,10727,10725,1
2019-09-05,15:39:45.880000,10725,10726,10726,1
2019-09-05,15:39:46.368000,10725,10726,10725,3
2019-09-05,15:39:48.570000,10725,10726,10726,1
2019-09-05,15:39:49.693000,10725,10726,10726,1
2019-09-05,15:39:50.093000,10726,10727,10727,1
2019-09-05,15:39:51.416000,10726,10727,10726,1
2019-09-05,15:39:52.084000,10725,10726,10726,1
2019-09-05,15:39:52.460000,10725,10726,10726,1
2019-09-05,15:39:53.626000,10725,10726,10726,2
2019-09-05,15:39:54.250000,10725,10726,10726,1
2019-09-05,15:39:55.392000,10725,10726,10726,1
2019-09-05,15:39:57.073000,10725,10726,10726,1
2019-09-05,15:39:57.310000,10725,10726,10726,1
2019-09-05,15:39:58.040000,10726,10727,10727,1
2019-09-05,15:39:58.095000,10726,10727,10727,1
2019-09-05,15:39:58.293000,10726,10727,10727,1
2019-09-05,15:40:00.423000,10726,10727,10727,2
2019-09-05,15:40:01.878000,10726,10727,10727,1
2019-09-05,15:40:02.407000,10726,10727,10727,1
2019-09-05,15:40:02.543000,10726,10727,10727,1
2019-09-05,15:40:02.569000,10726,10727,10727,1
2019-09-05,15:40:05.687000,10726,10727,10726,1
2019-09-05,15:40:15.052000,10726,10727,10726,1
2019-09-05,15:40:15.077000,10726,10727,10727,4
2019-09-05,15:40:17.763000,10726,10727,10726,20
2019-09-05,15:40:17.803000,10726,10727,10726,3
2019-09-05,15:40:19.756000,10725,10726,10726,1
2019-09-05,15:40:20.049000,10725,10726,10726,1
2019-09-05,15:40:23.867000,10725,10726,10726,2
2019-09-05,15:40:28.807000,10725,10726,10726,2
2019-09-05,15:40:29.663000,10725,10726,10726,5
2019-09-05,15:40:33.147000,10725,10726,10726,1
2019-09-05,15:40:34.900000,10725,10726,10726,1
2019-09-05,15:40:36.499000,10725,10726,10725,1
2019-09-05,15:40:39.857000,10725,10726,10726,1
2019-09-05,15:40:52.550000,10725,10726,10725,1
2019-09-05,15:40:52.590000,10725,10726,10726,5
2019-09-05,15:40:52.792000,10725,10726,10725,1
2019-09-05,15:40:54.406000,10725,10726,10725,1
2019-09-05,15:40:57.850000,10725,10726,10725,14
2019-09-05,15:40:57.850000,10725,10726,10725,2
2019-09-05,15:40:58.784000,10724,10725,10725,1
2019-09-05,15:41:04.287000,10724,10725,10725,1
2019-09-05,15:41:06.864000,10724,10725,10725,4
2019-09-05,15:41:12.152000,10725,10726,10725,1
2019-09-05,15:41:13.433000,10724,10725,10725,1
2019-09-05,15:41:19.805000,10724,10725,10725,1
2019-09-05,15:41:21.596000,10725,10726,10725,1
2019-09-05,15:41:23.521000,10725,10726,10726,16
2019-09-05,15:41:26.297000,10726,10727,10726,2
2019-09-05,15:41:27.034000,10726,10727,10726,1
2019-09-05,15:41:27.586000,10726,10727,10727,2
2019-09-05,15:41:27.666000,10726,10727,10727,4
2019-09-05,15:41:27.678000,10726,10727,10727,6
2019-09-05,15:41:27.678000,10726,10727,10727,1
2019-09-05,15:41:30.338000,10727,10728,10728,1
2019-09-05,15:41:30.338000,10727,10728,10728,2
2019-09-05,15:41:30.338000,10727,10728,10728,11
2019-09-05,15:41:31.373000,10728,10729,10729,3
2019-09-05,15:41:31.513000,10728,10729,10729,3
2019-09-05,15:41:31.597000,10728,10729,10728,1
2019-09-05,15:41:33.709000,10728,10729,10728,1
2019-09-05,15:41:35.861000,10728,10729,10728,1
2019-09-05,15:41:38.061000,10728,10729,10729,2
2019-09-05,15:41:38.062000,10728,10729,10729,4
2019-09-05,15:41:38.062000,10728,10729,10729,5
2019-09-05,15:41:40.928000,10729,10730,10729,1
2019-09-05,15:41:41.040000,10729,10730,10730,1
2019-09-05,15:41:43.692000,10728,10730,10730,1
2019-09-05,15:41:47.170000,10729,10730,10729,3
2019-09-05,15:41:47.170000,10729,10730,10729,4
2019-09-05,15:41:47.873000,10728,10729,10729,10
2019-09-05,15:41:47.936000,10728,10729,10729,2
2019-09-05,15:41:48.977000,10728,10729,10728,1
2019-09-05,15:41:56.110000,10728,10729,10729,5
2019-09-05,15:41:58.346000,10728,10729,10729,2
2019-09-05,15:42:00.303000,10728,10730,10730,5
2019-09-05,15:42:08.241000,10729,10730,10730,1
2019-09-05,15:42:08.911000,10729,10730,10730,1
2019-09-05,15:42:13.158000,10729,10730,10729,2
2019-09-05,15:42:13.178000,10729,10730,10729,1
2019-09-05,15:42:13.206000,10729,10730,10730,5
2019-09-05,15:42:15.735000,10729,10730,10730,1
2019-09-05,15:42:15.795000,10729,10730,10729,1
2019-09-05,15:42:16.433000,10729,10730,10730,1
2019-09-05,15:42:16.785000,10729,10730,10730,1
2019-09-05,15:42:17.092000,10729,10730,10730,1
2019-09-05,15:42:23.824000,10729,10730,10729,1
2019-09-05,15:42:24.353000,10729,10730,10729,1
2019-09-05,15:42:27.033000,10729,10730,10729,1
2019-09-05,15:42:27.984000,10729,10730,10729,1
2019-09-05,15:42:28.557000,10729,10730,10729,4
2019-09-05,15:42:44.291000,10728,10729,10729,1
2019-09-05,15:42:51.169000,10728,10729,10729,1
2019-09-05,15:42:59.852000,10728,10729,10729,3
2019-09-05,15:42:59.928000,10728,10729,10729,5
2019-09-05,15:43:02.203000,10728,10729,10729,1
2019-09-05,15:43:04.712000,10728,10729,10729,3
2019-09-05,15:43:10.775000,10729,10730,10729,1
2019-09-05,15:43:15.371000,10729,10730,10729,2
2019-09-05,15:43:18.930000,10729,10730,10730,4
2019-09-05,15:43:19.077000,10729,10730,10730,7
2019-09-05,15:43:19.077000,10729,10730,10730,5
2019-09-05,15:43:19.078000,10729,10730,10730,1
2019-09-05,15:43:19.078000,10729,10730,10730,4
2019-09-05,15:43:19.178000,10729,10730,10730,3
2019-09-05,15:43:19.644000,10730,10731,10730,1
2019-09-05,15:43:23.337000,10730,10731,10731,1
2019-09-05,15:43:23.457000,10730,10731,10731,1
2019-09-05,15:43:23.461000,10730,10731,10731,1
2019-09-05,15:43:23.464000,10730,10731,10731,1
2019-09-05,15:43:23.631000,10730,10731,10731,1
2019-09-05,15:43:23.641000,10730,10731,10730,5
2019-09-05,15:43:23.681000,10729,10731,10731,1
2019-09-05,15:43:24.016000,10730,10731,10731,1
2019-09-05,15:43:24.117000,10730,10731,10731,1
2019-09-05,15:43:33.304000,10730,10731,10730,4
2019-09-05,15:43:33.842000,10729,10731,10731,1
2019-09-05,15:43:36.495000,10729,10731,10731,1
2019-09-05,15:43:36.553000,10729,10730,10730,1
2019-09-05,15:43:38.926000,10729,10730,10730,1
2019-09-05,15:43:41.196000,10729,10730,10730,1
2019-09-05,15:43:42.984000,10730,10731,10730,1
2019-09-05,15:43:44.228000,10729,10730,10730,1
2019-09-05,15:43:47.510000,10729,10730,10730,1
2019-09-05,15:43:49.468000,10729,10730,10730,3
2019-09-05,15:43:49.584000,10729,10730,10730,3
2019-09-05,15:43:49.768000,10729,10730,10730,15
2019-09-05,15:43:49.810000,10730,10731,10730,1
2019-09-05,15:43:50.593000,10730,10731,10730,1
2019-09-05,15:43:52.725000,10730,10731,10730,1
2019-09-05,15:43:55.124000,10730,10731,10730,1
2019-09-05,15:43:58.989000,10730,10731,10730,4
2019-09-05,15:44:00.261000,10730,10731,10730,1
2019-09-05,15:44:08.943000,10730,10731,10730,1
2019-09-05,15:44:15.431000,10730,10731,10731,1
2019-09-05,15:44:21.139000,10730,10731,10731,6
2019-09-05,15:44:23.064000,10730,10731,10731,1
2019-09-05,15:44:29.175000,10730,10731,10731,10
2019-09-05,15:44:33.082000,10730,10731,10731,3
2019-09-05,15:44:33.447000,10730,10731,10731,1
2019-09-05,15:44:36.383000,10730,10731,10730,16
2019-09-05,15:44:38.096000,10729,10730,10730,1
2019-09-05,15:44:51.810000,10729,10730,10729,1
2019-09-05,15:44:57.277000,10729,10730,10730,3
2019-09-05,15:45:07.241000,10729,10730,10729,1
2019-09-05,15:45:13.824000,10729,10730,10729,1
2019-09-05,15:45:24.391000,10729,10730,10729,1
2019-09-05,15:45:28.319000,10729,10730,10730,6
2019-09-05,15:45:34.274000,10729,10730,10730,2
2019-09-05,15:45:34.484000,10730,10731,10730,2
2019-09-05,15:45:40.615000,10730,10731,10730,1
2019-09-05,15:45:40.678000,10730,10731,10730,10
2019-09-05,15:45:52.525000,10729,10730,10730,1
2019-09-05,15:45:58.689000,10729,10730,10730,2
2019-09-05,15:46:01.969000,10729,10730,10730,1
2019-09-05,15:46:13.083000,10729,10730,10730,13
2019-09-05,15:46:13.083000,10729,10730,10730,1
2019-09-05,15:46:13.179000,10730,10731,10730,2
2019-09-05,15:46:25.744000,10730,10731,10730,1
2019-09-05,15:46:40.407000,10730,10731,10730,1
2019-09-05,15:46:43.262000,10730,10731,10731,1
2019-09-05,15:46:45.155000,10730,10731,10730,1
2019-09-05,15:46:53.510000,10730,10731,10730,1
2019-09-05,15:46:54.215000,10730,10731,10731,1
2019-09-05,15:46:55.068000,10730,10731,10731,1
2019-09-05,15:46:55.285000,10730,10731,10731,1
2019-09-05,15:46:55.332000,10730,10731,10731,8
2019-09-05,15:46:58.668000,10731,10732,10732,1
2019-09-05,15:46:58.770000,10731,10732,10732,1
2019-09-05,15:46:58.818000,10731,10732,10732,10
2019-09-05,15:46:58.819000,10731,10732,10732,1
2019-09-05,15:46:58.836000,10731,10732,10732,3
2019-09-05,15:46:58.890000,10731,10732,10731,5
2019-09-05,15:46:59.255000,10731,10732,10732,4
2019-09-05,15:47:05.957000,10731,10732,10732,23
2019-09-05,15:47:05.957000,10731,10732,10732,2
2019-09-05,15:47:07.822000,10731,10732,10732,2
2019-09-05,15:47:09.152000,10731,10732,10732,5
2019-09-05,15:47:11.798000,10731,10732,10732,1
2019-09-05,15:47:13.922000,10731,10732,10732,5
2019-09-05,15:47:14.359000,10731,10732,10732,1
2019-09-05,15:47:15.059000,10731,10732,10732,1
2019-09-05,15:47:15.537000,10731,10732,10732,1
2019-09-05,15:47:17.785000,10731,10732,10732,1
2019-09-05,15:47:18.201000,10731,10732,10732,1
2019-09-05,15:47:18.966000,10731,10732,10732,1
2019-09-05,15:47:20.060000,10731,10732,10731,18
2019-09-05,15:47:21.434000,10730,10731,10731,1
2019-09-05,15:47:22.768000,10730,10731,10731,6
2019-09-05,15:47:26.338000,10730,10731,10730,1
2019-09-05,15:47:29.997000,10730,10731,10730,1
2019-09-05,15:47:31.053000,10730,10731,10730,2
2019-09-05,15:47:32.152000,10730,10731,10730,1
2019-09-05,15:47:32.526000,10729,10730,10730,1
2019-09-05,15:47:45.425000,10729,10730,10729,5
2019-09-05,15:47:58.367000,10729,10730,10729,1
2019-09-05,15:48:03.741000,10729,10730,10729,5
2019-09-05,15:48:03.785000,10729,10730,10729,2
2019-09-05,15:48:03.785000,10729,10730,10729,2
2019-09-05,15:48:04.069000,10728,10729,10728,2
2019-09-05,15:48:04.073000,10728,10729,10728,10
2019-09-05,15:48:04.073000,10728,10729,10728,7
2019-09-05,15:48:04.093000,10728,10729,10728,2
2019-09-05,15:48:04.096000,10728,10729,10728,2
2019-09-05,15:48:04.098000,10728,10729,10728,1
2019-09-05,15:48:07.447000,10727,10728,10728,1
2019-09-05,15:48:09.927000,10727,10728,10727,1
2019-09-05,15:48:10.059000,10727,10728,10727,1
2019-09-05,15:48:10.416000,10727,10728,10727,1
2019-09-05,15:48:10.601000,10727,10728,10727,1
2019-09-05,15:48:11.369000,10727,10728,10727,1
2019-09-05,15:48:14.820000,10727,10728,10728,1
2019-09-05,15:48:15.369000,10727,10728,10727,1
2019-09-05,15:48:19.251000,10727,10728,10727,2
2019-09-05,15:48:19.387000,10727,10728,10727,1
2019-09-05,15:48:21.667000,10727,10728,10727,1
2019-09-05,15:48:22.041000,10727,10728,10727,12
2019-09-05,15:48:25.593000,10726,10727,10726,2
2019-09-05,15:48:25.811000,10726,10727,10726,1
2019-09-05,15:48:28.324000,10726,10727,10726,1
2019-09-05,15:48:29.317000,10726,10727,10726,1
2019-09-05,15:48:29.799000,10726,10727,10726,1
2019-09-05,15:48:29.829000,10726,10727,10726,1
2019-09-05,15:48:32.831000,10726,10727,10726,1
2019-09-05,15:48:36.401000,10725,10726,10725,1
2019-09-05,15:48:39.274000,10725,10726,10725,1
2019-09-05,15:48:40.093000,10725,10726,10725,1
2019-09-05,15:48:41.641000,10725,10726,10726,1
2019-09-05,15:48:41.641000,10725,10726,10726,2
2019-09-05,15:48:42.401000,10726,10727,10726,1
2019-09-05,15:48:44.762000,10726,10727,10726,2
2019-09-05,15:48:49.279000,10726,10727,10726,1
2019-09-05,15:48:51.996000,10726,10727,10726,1
2019-09-05,15:48:52.924000,10726,10727,10726,1
2019-09-05,15:48:53.888000,10726,10727,10726,1
2019-09-05,15:48:55.484000,10726,10727,10726,1
2019-09-05,15:48:56.555000,10726,10727,10727,4
2019-09-05,15:49:04.678000,10727,10728,10727,1
2019-09-05,15:49:14.054000,10727,10728,10728,3
2019-09-05,15:49:20.163000,10728,10729,10729,3
2019-09-05,15:49:23.230000,10729,10730,10729,1
2019-09-05,15:49:23.418000,10729,10730,10729,2
2019-09-05,15:49:26.466000,10729,10730,10729,1
2019-09-05,15:49:32.410000,10729,10730,10730,1
2019-09-05,15:49:32.410000,10729,10730,10730,1
2019-09-05,15:49:32.410000,10729,10730,10730,2
2019-09-05,15:49:32.410000,10729,10730,10730,1
2019-09-05,15:49:47.256000,10730,10731,10730,2
2019-09-05,15:49:55.083000,10729,10730,10730,2
2019-09-05,15:49:59.668000,10729,10730,10729,2
2019-09-05,15:49:59.711000,10729,10730,10729,2
2019-09-05,15:49:59.711000,10729,10730,10729,3
2019-09-05,15:49:59.910000,10729,10730,10729,1
2019-09-05,15:50:00.243000,10729,10730,10730,2
2019-09-05,15:50:00.246000,10729,10730,10730,6
2019-09-05,15:50:00.251000,10729,10730,10730,1
2019-09-05,15:50:00.447000,10729,10731,10730,2
2019-09-05,15:50:00.707000,10730,10731,10730,3
2019-09-05,15:50:00.891000,10730,10731,10730,1
2019-09-05,15:50:00.919000,10730,10731,10730,2
2019-09-05,15:50:02.519000,10730,10731,10730,2
2019-09-05,15:50:12.265000,10729,10730,10730,1
2019-09-05,15:50:13.370000,10729,10730,10730,1
2019-09-05,15:50:17.786000,10729,10731,10730,1
2019-09-05,15:50:22.121000,10729,10730,10729,2
2019-09-05,15:50:22.308000,10728,10729,10729,1
2019-09-05,15:50:42.047000,10728,10730,10728,6
2019-09-05,15:50:51.042000,10728,10729,10728,2
2019-09-05,15:50:56.164000,10728,10729,10728,1
2019-09-05,15:51:42.803000,10728,10729,10729,3
2019-09-05,15:51:43.444000,10728,10730,10730,1
2019-09-05,15:51:44.342000,10729,10730,10729,1
2019-09-05,15:51:52.482000,10729,10730,10729,1
2019-09-05,15:51:54.584000,10728,10730,10730,2
2019-09-05,15:51:57.901000,10728,10729,10729,1
2019-09-05,15:52:01.681000,10729,10730,10730,2
2019-09-05,15:52:01.687000,10729,10730,10730,3
2019-09-05,15:52:04.233000,10730,10731,10731,1
2019-09-05,15:52:05.793000,10730,10731,10731,1
2019-09-05,15:52:09.843000,10730,10731,10731,2
2019-09-05,15:52:14.099000,10730,10731,10731,2
2019-09-05,15:52:19.976000,10730,10731,10730,1
2019-09-05,15:52:42.854000,10730,10731,10731,15
2019-09-05,15:52:53.474000,10730,10731,10730,5
2019-09-05,15:52:53.664000,10730,10731,10731,1
2019-09-05,15:53:02.785000,10730,10731,10730,5
2019-09-05,15:53:02.836000,10730,10731,10730,1
2019-09-05,15:53:08.886000,10730,10731,10730,1
2019-09-05,15:53:10.567000,10730,10731,10730,1
2019-09-05,15:53:12.032000,10730,10731,10730,2
2019-09-05,15:53:12.529000,10729,10731,10730,1
2019-09-05,15:53:20.174000,10730,10731,10730,1
2019-09-05,15:53:24.418000,10730,10731,10730,5
2019-09-05,15:53:27.777000,10730,10731,10730,6
2019-09-05,15:53:44.891000,10728,10730,10730,2
2019-09-05,15:54:07.675000,10729,10730,10729,2
2019-09-05,15:54:09.560000,10729,10730,10729,1
2019-09-05,15:54:25.715000,10728,10729,10729,2
2019-09-05,15:54:25.803000,10728,10729,10729,2
2019-09-05,15:54:32.610000,10729,10730,10729,1
2019-09-05,15:54:47.569000,10729,10730,10729,1
2019-09-05,15:54:52.543000,10729,10730,10729,1
2019-09-05,15:54:58.852000,10729,10730,10729,3
2019-09-05,15:55:16.414000,10729,10730,10729,1
2019-09-05,15:55:34.097000,10729,10730,10730,1
2019-09-05,15:55:35.876000,10729,10730,10730,1
2019-09-05,15:55:56.368000,10729,10730,10730,1
2019-09-05,15:56:09.493000,10729,10730,10729,1
2019-09-05,15:56:10.393000,10729,10730,10729,1
2019-09-05,15:56:13.482000,10729,10730,10730,1
2019-09-05,15:56:45.689000,10729,10730,10730,1
2019-09-05,15:57:07.603000,10729,10730,10729,1
2019-09-05,15:57:19.425000,10729,10730,10730,2
2019-09-05,15:57:19.425000,10729,10730,10730,4
2019-09-05,15:57:19.425000,10729,10730,10730,7
2019-09-05,15:57:26.092000,10730,10731,10730,1
2019-09-05,15:57:26.092000,10730,10731,10729,1
2019-09-05,15:57:31.971000,10729,10730,10729,3
2019-09-05,15:57:42.800000,10729,10730,10730,4
2019-09-05,15:57:48.576000,10730,10731,10731,1
2019-09-05,15:57:53.664000,10730,10731,10730,3
2019-09-05,15:58:23.535000,10729,10730,10730,1
2019-09-05,15:58:35.764000,10729,10730,10729,5
2019-09-05,15:58:39.783000,10729,10730,10730,2
2019-09-05,15:58:49.212000,10729,10730,10730,1
2019-09-05,15:58:52.966000,10729,10730,10730,2
2019-09-05,15:59:06.764000,10729,10730,10730,1
2019-09-05,15:59:06.771000,10729,10730,10730,5
2019-09-05,15:59:10.169000,10729,10730,10730,1
2019-09-05,15:59:15.206000,10729,10730,10730,1
2019-09-05,15:59:15.834000,10730,10731,10730,1
2019-09-05,15:59:21.236000,10730,10731,10730,4
2019-09-05,15:59:24.139000,10730,10731,10730,1
2019-09-05,15:59:42.269000,10730,10731,10730,1
2019-09-05,16:00:00.232000,10730,10731,10730,1
2019-09-05,16:00:12.072000,10730,10731,10730,2
2019-09-05,16:00:13.242000,10729,10730,10730,2
2019-09-05,16:00:13.297000,10729,10730,10730,4
2019-09-05,16:00:13.297000,10729,10730,10731,5
2019-09-05,16:00:13.357000,10729,10731,10731,2
2019-09-05,16:00:13.367000,10729,10731,10731,1
2019-09-05,16:00:13.369000,10729,10731,10731,1
2019-09-05,16:00:13.389000,10729,10731,10731,1
2019-09-05,16:00:13.395000,10729,10731,10731,1
2019-09-05,16:00:13.404000,10729,10731,10731,1
2019-09-05,16:00:30.652000,10729,10730,10730,1
2019-09-05,16:00:51.164000,10729,10730,10730,1
2019-09-05,16:00:53.162000,10729,10730,10730,1
2019-09-05,16:01:08.355000,10729,10730,10729,2
2019-09-05,16:01:08.355000,10729,10730,10729,2
2019-09-05,16:01:08.355000,10729,10730,10729,6
2019-09-05,16:01:08.355000,10729,10730,10729,3
2019-09-05,16:01:08.511000,10728,10729,10728,1
2019-09-05,16:01:12.051000,10728,10729,10728,1
2019-09-05,16:01:16.149000,10728,10729,10728,2
2019-09-05,16:01:20.926000,10728,10730,10728,1
2019-09-05,16:01:21.084000,10728,10729,10729,1
2019-09-05,16:01:23.381000,10729,10730,10729,1
2019-09-05,16:01:53.788000,10729,10730,10729,4
2019-09-05,16:01:53.803000,10729,10730,10729,1
2019-09-05,16:01:53.804000,10729,10730,10729,8
2019-09-05,16:01:54.040000,10728,10729,10729,1
2019-09-05,16:01:54.053000,10729,10730,10729,1
2019-09-05,16:01:55.979000,10728,10729,10729,1
2019-09-05,16:02:00.903000,10728,10729,10728,1
2019-09-05,16:02:03.798000,10728,10729,10728,1
2019-09-05,16:02:36.450000,10728,10729,10728,1
2019-09-05,16:02:37.138000,10728,10729,10728,1
2019-09-05,16:02:37.330000,10728,10729,10728,1
2019-09-05,16:02:43.367000,10728,10729,10729,6
2019-09-05,16:02:45.200000,10729,10730,10729,2
2019-09-05,16:02:46.874000,10729,10730,10729,1
2019-09-05,16:02:51.395000,10729,10730,10729,1
2019-09-05,16:02:54.868000,10729,10730,10730,1
2019-09-05,16:02:54.871000,10729,10730,10730,2
2019-09-05,16:02:54.917000,10729,10730,10730,7
2019-09-05,16:02:54.918000,10729,10730,10730,9
2019-09-05,16:02:54.928000,10729,10730,10730,1
2019-09-05,16:02:54.928000,10729,10730,10730,9
2019-09-05,16:02:54.928000,10729,10730,10730,1
2019-09-05,16:02:54.928000,10729,10730,10730,2
2019-09-05,16:02:54.928000,10729,10730,10730,1
2019-09-05,16:02:54.928000,10729,10730,10730,7
2019-09-05,16:02:54.928000,10729,10730,10730,3
2019-09-05,16:02:54.928000,10729,10730,10730,2
2019-09-05,16:02:54.928000,10729,10730,10730,2
2019-09-05,16:02:54.928000,10729,10730,10730,8
2019-09-05,16:02:54.929000,10729,10730,10730,36
2019-09-05,16:02:55.012000,10729,10730,10730,1
2019-09-05,16:03:16.093000,10730,10731,10730,1
2019-09-05,16:03:16.178000,10729,10730,10730,1
2019-09-05,16:03:18.321000,10729,10730,10730,1
2019-09-05,16:03:31.718000,10730,10731,10731,1
2019-09-05,16:03:51.216000,10730,10731,10731,1
2019-09-05,16:03:52.419000,10730,10731,10731,7
2019-09-05,16:03:55.579000,10731,10732,10731,1
2019-09-05,16:03:58.366000,10731,10732,10731,1
2019-09-05,16:04:02.159000,10731,10732,10731,2
2019-09-05,16:04:02.159000,10731,10732,10731,1
2019-09-05,16:04:15.521000,10731,10732,10731,1
2019-09-05,16:04:24.279000,10731,10732,10731,1
2019-09-05,16:04:25.117000,10731,10732,10732,1
2019-09-05,16:04:44.380000,10731,10732,10732,2
2019-09-05,16:04:45.145000,10731,10732,10732,1
2019-09-05,16:04:45.520000,10731,10732,10732,1
2019-09-05,16:04:45.729000,10731,10732,10732,2
2019-09-05,16:04:45.919000,10731,10732,10731,1
2019-09-05,16:04:55.814000,10731,10732,10731,8
2019-09-05,16:04:59.504000,10730,10731,10731,1
2019-09-05,16:05:04.919000,10730,10731,10731,1
2019-09-05,16:05:28.785000,10730,10731,10731,2
2019-09-05,16:05:28.786000,10730,10731,10731,2
2019-09-05,16:05:28.787000,10730,10731,10731,4
2019-09-05,16:05:28.788000,10730,10731,10731,2
2019-09-05,16:05:28.789000,10730,10731,10731,1
2019-09-05,16:05:28.789000,10730,10731,10731,3
2019-09-05,16:05:28.789000,10730,10731,10731,1
2019-09-05,16:05:28.790000,10730,10731,10731,4
2019-09-05,16:05:28.792000,10730,10731,10731,13
2019-09-05,16:05:33.803000,10731,10732,10731,2
2019-09-05,16:06:11.057000,10730,10731,10730,6
2019-09-05,16:06:11.178000,10730,10731,10730,12
2019-09-05,16:06:19.912000,10730,10731,10730,1
2019-09-05,16:06:21.274000,10730,10731,10730,3
2019-09-05,16:06:21.300000,10730,10731,10730,1
2019-09-05,16:06:22.592000,10729,10730,10730,1
2019-09-05,16:06:48.027000,10729,10730,10730,1
2019-09-05,16:06:49.780000,10729,10730,10729,1
2019-09-05,16:06:54.496000,10729,10730,10729,1
2019-09-05,16:07:04.416000,10729,10730,10729,1
2019-09-05,16:07:07.618000,10729,10730,10729,5
2019-09-05,16:07:23.162000,10729,10730,10730,2
2019-09-05,16:07:23.489000,10729,10730,10729,1
2019-09-05,16:07:23.490000,10729,10730,10729,18
2019-09-05,16:07:23.490000,10729,10730,10729,3
2019-09-05,16:07:23.499000,10729,10730,10729,4
2019-09-05,16:07:23.524000,10729,10730,10729,2
2019-09-05,16:07:23.524000,10729,10730,10729,10
2019-09-05,16:07:23.524000,10729,10730,10729,3
2019-09-05,16:07:23.525000,10729,10730,10729,1
2019-09-05,16:07:23.525000,10729,10730,10729,1
2019-09-05,16:07:23.525000,10729,10730,10729,5
2019-09-05,16:07:23.525000,10729,10730,10729,2
2019-09-05,16:07:23.525000,10729,10730,10729,1
2019-09-05,16:07:23.525000,10729,10730,10729,2
2019-09-05,16:07:23.525000,10729,10730,10729,2
2019-09-05,16:07:23.534000,10729,10730,10728,7
2019-09-05,16:07:23.615000,10728,10729,10729,1
2019-09-05,16:07:35.209000,10728,10729,10729,2
2019-09-05,16:07:37.870000,10728,10729,10728,8
2019-09-05,16:07:37.870000,10728,10729,10728,8
2019-09-05,16:07:37.870000,10728,10729,10728,1
2019-09-05,16:07:41.805000,10727,10728,10727,1
2019-09-05,16:07:49.772000,10727,10728,10728,1
2019-09-05,16:07:49.905000,10728,10729,10728,1
2019-09-05,16:07:56.756000,10728,10729,10729,1
2019-09-05,16:07:56.756000,10728,10729,10729,1
2019-09-05,16:07:56.756000,10728,10729,10729,6
2019-09-05,16:07:57.651000,10728,10730,10729,1
2019-09-05,16:08:00.014000,10729,10730,10729,1
2019-09-05,16:08:00.423000,10729,10730,10729,1
2019-09-05,16:08:03.397000,10729,10730,10729,1
2019-09-05,16:08:12.621000,10729,10730,10730,15
2019-09-05,16:08:12.678000,10729,10730,10730,6
2019-09-05,16:08:12.803000,10729,10731,10730,4
2019-09-05,16:08:16.038000,10729,10731,10730,3
2019-09-05,16:08:16.386000,10730,10731,10730,1
2019-09-05,16:08:51.024000,10729,10730,10730,1
2019-09-05,16:08:52.748000,10729,10730,10730,5
2019-09-05,16:09:04.841000,10729,10730,10730,1
2019-09-05,16:09:25.270000,10729,10730,10730,4
2019-09-05,16:09:29.635000,10730,10731,10730,1
2019-09-05,16:09:41.484000,10730,10731,10730,1
2019-09-05,16:10:09.813000,10730,10731,10730,1
2019-09-05,16:10:14.594000,10730,10731,10731,2
2019-09-05,16:10:16.379000,10730,10731,10731,2
2019-09-05,16:10:23.125000,10730,10731,10731,4
2019-09-05,16:10:23.126000,10730,10731,10731,3
2019-09-05,16:10:25.007000,10731,10732,10732,1
2019-09-05,16:10:51.491000,10731,10732,10732,5
2019-09-05,16:10:53.827000,10731,10732,10731,6
2019-09-05,16:10:53.886000,10731,10732,10731,2
2019-09-05,16:10:54.722000,10730,10731,10731,1
2019-09-05,16:10:57.434000,10730,10731,10731,1
2019-09-05,16:10:58.930000,10730,10731,10731,1
2019-09-05,16:11:02.008000,10730,10732,10732,1
2019-09-05,16:11:04.737000,10730,10732,10732,1
2019-09-05,16:11:35.511000,10731,10732,10732,2
2019-09-05,16:11:35.511000,10731,10732,10732,3
2019-09-05,16:11:35.553000,10731,10732,10732,3
2019-09-05,16:11:35.553000,10731,10732,10732,9
2019-09-05,16:11:36.407000,10732,10733,10732,1
2019-09-05,16:11:38.104000,10731,10733,10733,1
2019-09-05,16:11:38.439000,10731,10732,10732,1
2019-09-05,16:11:39.390000,10731,10732,10732,2
2019-09-05,16:11:39.798000,10731,10732,10732,2
2019-09-05,16:11:40.218000,10731,10732,10732,1
2019-09-05,16:11:48.217000,10732,10733,10732,2
2019-09-05,16:12:01.854000,10732,10733,10732,1
2019-09-05,16:12:28.370000,10732,10733,10733,1
2019-09-05,16:12:30.330000,10732,10733,10733,1
2019-09-05,16:12:37.631000,10732,10733,10733,1
2019-09-05,16:12:42.535000,10732,10733,10732,5
2019-09-05,16:12:42.553000,10732,10733,10732,4
2019-09-05,16:12:42.553000,10732,10733,10732,3
2019-09-05,16:12:43.494000,10731,10732,10733,1
2019-09-05,16:12:50.763000,10732,10733,10733,2
2019-09-05,16:12:54.295000,10732,10733,10732,5
2019-09-05,16:12:58.098000,10732,10733,10732,2
2019-09-05,16:12:59.343000,10731,10732,10732,1
2019-09-05,16:12:59.391000,10731,10732,10732,1
2019-09-05,16:13:03.206000,10731,10732,10732,1
2019-09-05,16:13:06.879000,10731,10732,10732,1
2019-09-05,16:13:07.940000,10731,10732,10732,2
2019-09-05,16:13:07.940000,10731,10732,10732,2
2019-09-05,16:13:08.488000,10732,10733,10732,2
2019-09-05,16:13:53.294000,10732,10733,10732,1
2019-09-05,16:14:03.690000,10732,10733,10733,6
2019-09-05,16:14:03.690000,10732,10733,10733,5
2019-09-05,16:14:03.690000,10732,10733,10733,4
2019-09-05,16:14:03.690000,10732,10733,10733,4
2019-09-05,16:14:03.803000,10732,10733,10733,6
2019-09-05,16:14:03.803000,10732,10733,10733,6
2019-09-05,16:14:09.360000,10733,10734,10733,2
2019-09-05,16:14:09.361000,10733,10734,10733,2
2019-09-05,16:14:09.361000,10733,10734,10733,6
2019-09-05,16:14:12.440000,10732,10733,10732,2
2019-09-05,16:14:17.819000,10732,10733,10733,3
2019-09-05,16:14:21.839000,10732,10733,10733,1
2019-09-05,16:14:34.559000,10732,10733,10733,1
2019-09-05,16:14:38.007000,10732,10733,10733,1
2019-09-05,16:15:01.180000,10732,10733,10733,1
2019-09-05,16:15:03.489000,10732,10733,10733,12
2019-09-05,16:15:07.091000,10733,10734,10733,1
2019-09-05,16:15:08.836000,10733,10734,10733,10
2019-09-05,16:15:33.853000,10733,10734,10733,2
2019-09-05,16:16:09.191000,10733,10734,10733,1
2019-09-05,16:16:11.461000,10733,10734,10733,2
2019-09-05,16:16:18.045000,10733,10734,10734,3
2019-09-05,16:16:18.076000,10733,10734,10734,3
2019-09-05,16:16:18.077000,10733,10734,10734,1
2019-09-05,16:16:18.080000,10733,10734,10734,1
2019-09-05,16:16:18.083000,10733,10734,10734,1
2019-09-05,16:16:18.278000,10733,10734,10733,5
2019-09-05,16:17:00.482000,10733,10734,10734,6
2019-09-05,16:17:00.482000,10733,10734,10734,2
2019-09-05,16:17:00.484000,10733,10734,10734,1
2019-09-05,16:17:00.484000,10733,10734,10734,3
2019-09-05,16:17:00.484000,10733,10734,10734,1
2019-09-05,16:17:00.484000,10733,10734,10734,1
2019-09-05,16:17:00.484000,10733,10734,10734,5
2019-09-05,16:17:00.485000,10733,10734,10734,1
2019-09-05,16:17:00.485000,10733,10734,10734,1
2019-09-05,16:17:00.485000,10733,10734,10734,2
2019-09-05,16:17:05.863000,10734,10735,10734,1
2019-09-05,16:17:12.451000,10734,10735,10735,1
2019-09-05,16:17:12.630000,10734,10735,10735,3
2019-09-05,16:17:12.728000,10734,10735,10734,1
2019-09-05,16:17:12.783000,10734,10735,10734,5
2019-09-05,16:17:12.828000,10734,10735,10735,1
2019-09-05,16:17:12.842000,10734,10735,10735,2
2019-09-05,16:17:12.928000,10734,10735,10735,1
2019-09-05,16:17:29.512000,10734,10735,10735,1
2019-09-05,16:17:29.690000,10734,10735,10735,1
2019-09-05,16:17:29.708000,10734,10735,10735,2
2019-09-05,16:17:29.720000,10734,10735,10735,1
2019-09-05,16:17:29.725000,10734,10735,10735,1
2019-09-05,16:17:29.835000,10734,10735,10735,2
2019-09-05,16:17:31.550000,10734,10735,10735,2
2019-09-05,16:17:31.653000,10734,10735,10735,2
2019-09-05,16:17:31.969000,10734,10735,10735,1
2019-09-05,16:17:31.969000,10734,10735,10735,9
2019-09-05,16:17:31.969000,10734,10735,10735,6
2019-09-05,16:17:31.971000,10734,10735,10735,5
2019-09-05,16:17:32.053000,10734,10735,10735,4
2019-09-05,16:17:32.481000,10734,10735,10735,1
2019-09-05,16:17:33.397000,10734,10735,10735,1
2019-09-05,16:17:33.591000,10734,10735,10735,2
2019-09-05,16:17:34.405000,10734,10735,10735,1
2019-09-05,16:17:36.166000,10734,10735,10735,1
2019-09-05,16:17:38.432000,10734,10735,10735,2
2019-09-05,16:17:39.199000,10734,10735,10735,1
2019-09-05,16:17:39.406000,10734,10735,10735,1
2019-09-05,16:17:39.814000,10734,10735,10735,6
2019-09-05,16:17:40.563000,10734,10735,10735,6
2019-09-05,16:17:40.795000,10735,10736,10736,1
2019-09-05,16:17:40.840000,10735,10736,10736,1
2019-09-05,16:17:40.855000,10735,10736,10736,1
2019-09-05,16:17:40.914000,10735,10736,10736,2
2019-09-05,16:17:41.058000,10735,10736,10735,5
2019-09-05,16:17:41.339000,10735,10736,10736,1
2019-09-05,16:17:42.515000,10735,10736,10736,2
2019-09-05,16:17:45.701000,10735,10736,10736,1
2019-09-05,16:17:47.718000,10735,10736,10736,1
2019-09-05,16:17:49.485000,10735,10736,10736,1
2019-09-05,16:17:51.719000,10735,10736,10736,2
2019-09-05,16:17:51.741000,10735,10736,10736,2
2019-09-05,16:17:59.877000,10735,10736,10736,5
2019-09-05,16:18:02.008000,10735,10736,10736,1
2019-09-05,16:18:02.362000,10735,10736,10736,10
2019-09-05,16:18:03.355000,10735,10736,10736,2
2019-09-05,16:18:05.506000,10735,10736,10736,1
2019-09-05,16:18:05.801000,10735,10736,10736,1
2019-09-05,16:18:06.988000,10735,10736,10735,1
2019-09-05,16:18:09.011000,10735,10736,10736,1
2019-09-05,16:18:16.376000,10735,10736,10736,1
2019-09-05,16:18:16.736000,10735,10736,10736,1
2019-09-05,16:18:21.437000,10735,10736,10736,2
2019-09-05,16:18:21.727000,10735,10736,10736,1
2019-09-05,16:18:24.375000,10735,10736,10736,1
2019-09-05,16:18:30.926000,10735,10736,10736,1
2019-09-05,16:18:33.015000,10735,10736,10736,1
2019-09-05,16:18:35.346000,10735,10736,10736,2
2019-09-05,16:18:35.352000,10735,10736,10736,4
2019-09-05,16:18:35.354000,10735,10736,10736,7
2019-09-05,16:18:46.558000,10736,10737,10737,1
2019-09-05,16:18:46.699000,10736,10737,10737,1
2019-09-05,16:18:46.700000,10736,10737,10737,1
2019-09-05,16:18:46.873000,10736,10737,10737,1
2019-09-05,16:18:46.880000,10736,10737,10737,1
2019-09-05,16:18:46.901000,10736,10737,10736,5
2019-09-05,16:18:46.902000,10736,10737,10737,1
2019-09-05,16:18:50.495000,10736,10737,10737,1
2019-09-05,16:18:55.097000,10736,10737,10737,1
2019-09-05,16:18:56.109000,10736,10737,10736,1
2019-09-05,16:18:59.356000,10736,10737,10737,1
2019-09-05,16:19:00.406000,10736,10737,10736,1
2019-09-05,16:19:01.151000,10736,10737,10736,1
2019-09-05,16:19:02.355000,10736,10737,10737,2
2019-09-05,16:19:02.416000,10736,10737,10737,1
2019-09-05,16:19:11.104000,10736,10737,10737,1
2019-09-05,16:19:11.164000,10736,10737,10737,1
2019-09-05,16:19:22.212000,10736,10737,10737,1
2019-09-05,16:19:24.089000,10736,10737,10737,1
2019-09-05,16:19:24.343000,10736,10737,10737,1
2019-09-05,16:19:24.892000,10736,10737,10737,1
2019-09-05,16:19:35.419000,10736,10737,10737,2
2019-09-05,16:19:38.723000,10736,10737,10737,10
2019-09-05,16:19:39.226000,10736,10737,10736,1
2019-09-05,16:19:40.269000,10736,10737,10736,1
2019-09-05,16:19:40.408000,10736,10737,10737,1
2019-09-05,16:19:43.274000,10736,10737,10736,1
2019-09-05,16:19:43.580000,10736,10737,10736,1
2019-09-05,16:19:45.951000,10736,10737,10736,1
2019-09-05,16:19:46.140000,10736,10737,10736,1
2019-09-05,16:19:47.571000,10736,10737,10736,1
2019-09-05,16:19:47.789000,10736,10737,10736,1
2019-09-05,16:19:49.585000,10736,10737,10736,1
2019-09-05,16:19:49.609000,10736,10737,10736,1
2019-09-05,16:19:49.678000,10736,10737,10736,1
2019-09-05,16:19:49.678000,10736,10737,10736,3
2019-09-05,16:19:49.678000,10736,10737,10736,8
2019-09-05,16:19:49.678000,10736,10737,10736,7
2019-09-05,16:19:49.752000,10736,10737,10736,5
2019-09-05,16:19:49.914000,10735,10736,10736,1
2019-09-05,16:19:51.740000,10735,10736,10736,1
2019-09-05,16:19:59.157000,10735,10736,10736,1
2019-09-05,16:20:01.798000,10735,10736,10735,4
2019-09-05,16:20:04.436000,10735,10736,10735,1
2019-09-05,16:20:12.001000,10735,10736,10735,1
2019-09-05,16:20:12.274000,10735,10736,10735,1
2019-09-05,16:20:15.883000,10735,10736,10735,2
2019-09-05,16:20:20.626000,10735,10736,10735,3
2019-09-05,16:20:22.410000,10735,10736,10735,1
2019-09-05,16:20:23.200000,10735,10736,10735,2
2019-09-05,16:20:23.598000,10735,10736,10735,1
2019-09-05,16:20:30.750000,10735,10736,10736,3
2019-09-05,16:20:38.050000,10736,10737,10736,1
2019-09-05,16:20:39.067000,10736,10737,10736,1
2019-09-05,16:20:40.937000,10736,10737,10736,1
2019-09-05,16:20:44.738000,10736,10737,10736,1
2019-09-05,16:20:56.799000,10735,10736,10736,1
2019-09-05,16:21:01.605000,10735,10736,10735,1
2019-09-05,16:21:01.641000,10735,10736,10736,1
2019-09-05,16:21:06.908000,10735,10736,10736,1
2019-09-05,16:21:07.155000,10735,10736,10736,2
2019-09-05,16:21:07.481000,10735,10736,10736,1
2019-09-05,16:21:12.976000,10735,10736,10736,2
2019-09-05,16:21:14.244000,10736,10737,10736,1
2019-09-05,16:21:18.981000,10736,10737,10736,5
2019-09-05,16:21:19.838000,10735,10736,10735,1
2019-09-05,16:21:20.702000,10735,10736,10736,1
2019-09-05,16:21:22.289000,10735,10736,10736,1
2019-09-05,16:21:32.964000,10735,10736,10736,4
2019-09-05,16:21:33.006000,10735,10736,10736,2
2019-09-05,16:21:39.053000,10736,10737,10737,9
2019-09-05,16:21:40.611000,10736,10737,10737,10
2019-09-05,16:21:40.909000,10736,10738,10736,1
2019-09-05,16:21:41.928000,10737,10738,10737,4
2019-09-05,16:21:49.387000,10736,10737,10737,1
2019-09-05,16:21:55.712000,10736,10737,10737,1
2019-09-05,16:21:56.235000,10736,10737,10736,1
2019-09-05,16:22:00.823000,10736,10737,10737,1
2019-09-05,16:22:09.175000,10736,10737,10737,1
2019-09-05,16:22:09.221000,10736,10737,10737,3
2019-09-05,16:22:09.579000,10736,10737,10737,1
2019-09-05,16:22:10.114000,10736,10737,10737,1
2019-09-05,16:22:11.672000,10736,10737,10737,1
2019-09-05,16:22:13.380000,10736,10737,10737,1
2019-09-05,16:22:15.791000,10736,10737,10736,1
2019-09-05,16:22:20.926000,10736,10737,10736,1
2019-09-05,16:22:32.194000,10736,10737,10736,25
2019-09-05,16:22:37.742000,10735,10736,10736,1
2019-09-05,16:22:48.379000,10735,10736,10736,1
2019-09-05,16:22:53.388000,10735,10736,10735,1
2019-09-05,16:22:53.568000,10735,10736,10735,1
2019-09-05,16:22:56.716000,10735,10736,10735,3
2019-09-05,16:23:13.315000,10735,10736,10736,2
2019-09-05,16:23:22.720000,10735,10736,10736,1
2019-09-05,16:23:25.374000,10735,10736,10736,1
2019-09-05,16:23:25.434000,10735,10736,10736,2
2019-09-05,16:23:25.484000,10735,10736,10736,1
2019-09-05,16:23:25.528000,10735,10736,10736,1
2019-09-05,16:23:43.487000,10735,10736,10735,1
2019-09-05,16:23:52.153000,10735,10736,10735,1
2019-09-05,16:24:16.463000,10735,10736,10735,1
2019-09-05,16:24:21.917000,10735,10736,10735,10
2019-09-05,16:24:21.928000,10735,10736,10735,2
2019-09-05,16:24:22.929000,10735,10736,10735,3
2019-09-05,16:24:25.072000,10735,10736,10735,1
2019-09-05,16:24:26.021000,10735,10736,10735,1
2019-09-05,16:24:28.195000,10735,10736,10735,1
2019-09-05,16:24:28.926000,10735,10736,10735,1
2019-09-05,16:24:29.912000,10735,10736,10735,1
2019-09-05,16:24:29.928000,10735,10736,10735,1
2019-09-05,16:24:30.149000,10735,10736,10735,1
2019-09-05,16:24:30.178000,10735,10736,10735,2
2019-09-05,16:24:32.419000,10734,10735,10735,1
2019-09-05,16:24:39.998000,10734,10735,10734,2
2019-09-05,16:24:49.273000,10734,10735,10734,2
2019-09-05,16:24:50.292000,10734,10735,10734,1
2019-09-05,16:24:57.145000,10734,10735,10735,22
2019-09-05,16:24:57.145000,10734,10735,10735,1
2019-09-05,16:24:58.968000,10735,10736,10735,1
2019-09-05,16:25:02.208000,10734,10735,10734,1
2019-09-05,16:25:03.247000,10734,10735,10734,1
2019-09-05,16:25:03.759000,10734,10735,10735,2
2019-09-05,16:25:07.216000,10734,10735,10735,6
2019-09-05,16:25:07.216000,10734,10735,10736,59
2019-09-05,16:25:08.188000,10736,10737,10736,1
2019-09-05,16:25:08.909000,10736,10737,10736,1
2019-09-05,16:25:10.530000,10735,10736,10735,8
2019-09-05,16:25:10.530000,10735,10736,10735,7
2019-09-05,16:25:10.530000,10735,10736,10735,6
2019-09-05,16:25:10.530000,10735,10736,10735,1
2019-09-05,16:25:10.898000,10734,10735,10735,2
2019-09-05,16:25:12.988000,10734,10735,10735,2
2019-09-05,16:25:13.023000,10734,10735,10735,2
2019-09-05,16:25:13.023000,10734,10735,10735,2
2019-09-05,16:25:47.307000,10735,10736,10735,1
2019-09-05,16:25:50.600000,10735,10736,10735,1
2019-09-05,16:26:03.289000,10735,10736,10736,1
2019-09-05,16:26:18.154000,10735,10736,10736,1
2019-09-05,16:26:20.296000,10735,10736,10736,1
2019-09-05,16:26:21.397000,10735,10736,10735,6
2019-09-05,16:26:21.744000,10734,10735,10735,1
2019-09-05,16:26:21.744000,10734,10735,10735,1
2019-09-05,16:26:21.744000,10734,10735,10735,1
2019-09-05,16:26:21.744000,10734,10735,10735,1
2019-09-05,16:26:21.744000,10734,10735,10735,1
2019-09-05,16:26:21.745000,10734,10735,10735,1
2019-09-05,16:26:21.745000,10734,10735,10735,1
2019-09-05,16:26:21.745000,10734,10735,10735,1
2019-09-05,16:26:21.746000,10734,10735,10735,1
2019-09-05,16:26:21.803000,10734,10735,10735,2
2019-09-05,16:26:24.058000,10735,10736,10736,1
2019-09-05,16:26:28.170000,10735,10736,10736,1
2019-09-05,16:26:39.251000,10735,10736,10736,2
2019-09-05,16:26:43.683000,10735,10736,10736,2
2019-09-05,16:26:50.174000,10735,10736,10735,3
2019-09-05,16:26:51.804000,10735,10736,10735,1
2019-09-05,16:26:51.805000,10735,10736,10735,1
2019-09-05,16:26:55.014000,10735,10736,10736,3
2019-09-05,16:26:59.347000,10735,10736,10736,2
2019-09-05,16:27:00.653000,10735,10736,10736,8
2019-09-05,16:27:00.653000,10735,10736,10736,6
2019-09-05,16:27:00.678000,10735,10736,10736,10
2019-09-05,16:27:02.859000,10736,10737,10736,4
2019-09-05,16:27:07.108000,10736,10737,10736,5
2019-09-05,16:27:28.861000,10736,10737,10736,1
2019-09-05,16:27:34.798000,10736,10737,10736,1
2019-09-05,16:27:42.926000,10736,10737,10736,1
2019-09-05,16:27:48.825000,10736,10737,10737,1
2019-09-05,16:27:49.585000,10736,10737,10736,1
2019-09-05,16:27:52.010000,10736,10737,10736,1
2019-09-05,16:27:53.335000,10736,10737,10736,1
2019-09-05,16:27:57.026000,10736,10737,10736,1
2019-09-05,16:27:59.823000,10736,10737,10736,1
2019-09-05,16:28:12.617000,10736,10737,10736,2
2019-09-05,16:28:15.629000,10736,10737,10737,1
2019-09-05,16:28:21.953000,10736,10737,10737,1
2019-09-05,16:28:28.300000,10736,10737,10736,11
2019-09-05,16:28:45.828000,10735,10737,10737,1
2019-09-05,16:28:52.200000,10735,10737,10737,1
2019-09-05,16:28:54.289000,10736,10737,10737,1
2019-09-05,16:28:59.407000,10736,10737,10737,2
2019-09-05,16:28:59.492000,10736,10737,10736,1
2019-09-05,16:29:03.441000,10736,10737,10736,1
2019-09-05,16:29:14.239000,10736,10737,10737,1
2019-09-05,16:29:14.674000,10736,10737,10736,2
2019-09-05,16:29:14.674000,10736,10737,10736,1
2019-09-05,16:29:22.079000,10735,10736,10736,1
2019-09-05,16:29:23.893000,10735,10736,10736,1
2019-09-05,16:29:25.645000,10735,10736,10736,1
2019-09-05,16:29:27.937000,10735,10736,10736,1
2019-09-05,16:29:29.724000,10735,10736,10736,1
2019-09-05,16:29:31.823000,10735,10736,10736,1
2019-09-05,16:29:33.412000,10735,10736,10735,1
2019-09-05,16:29:33.777000,10735,10736,10736,1
2019-09-05,16:30:00.403000,10735,10736,10736,10
2019-09-05,16:30:16.763000,10736,10737,10737,1
2019-09-05,16:30:17.166000,10736,10737,10737,1
2019-09-05,16:30:18.945000,10736,10737,10737,1
2019-09-05,16:30:21.105000,10736,10737,10737,1
2019-09-05,16:30:42.681000,10736,10737,10736,1
2019-09-05,16:30:50.641000,10736,10737,10736,1
2019-09-05,16:30:56.603000,10736,10737,10736,1
2019-09-05,16:30:56.603000,10736,10737,10735,3
2019-09-05,16:31:24.010000,10735,10736,10735,1
2019-09-05,16:31:30.737000,10735,10736,10735,1
2019-09-05,16:31:48.877000,10735,10736,10736,6
2019-09-05,16:31:54.620000,10735,10736,10736,1
2019-09-05,16:32:12.510000,10735,10736,10736,1
2019-09-05,16:33:31.872000,10735,10736,10735,1
2019-09-05,16:33:40.932000,10735,10736,10735,1
2019-09-05,16:33:42.246000,10735,10736,10735,16
2019-09-05,16:33:43.127000,10734,10735,10735,1
2019-09-05,16:34:05.396000,10734,10735,10734,1
2019-09-05,16:34:12.231000,10734,10735,10734,2
2019-09-05,16:34:21.903000,10734,10735,10734,1
2019-09-05,16:34:27.567000,10734,10735,10734,1
2019-09-05,16:34:51.233000,10734,10735,10734,1
2019-09-05,16:34:56.216000,10734,10735,10734,1
2019-09-05,16:34:57.117000,10734,10735,10735,2
2019-09-05,16:35:02.572000,10734,10735,10735,2
2019-09-05,16:35:10.025000,10734,10735,10734,2
2019-09-05,16:35:17.485000,10734,10735,10735,1
2019-09-05,16:35:25.861000,10734,10735,10735,1
2019-09-05,16:35:58.183000,10734,10735,10735,1
2019-09-05,16:36:08.312000,10734,10735,10735,2
2019-09-05,16:36:08.686000,10734,10735,10735,1
2019-09-05,16:36:11.419000,10734,10735,10734,1
2019-09-05,16:36:15.324000,10734,10735,10734,1
2019-09-05,16:36:24.940000,10734,10735,10734,20
2019-09-05,16:36:27.830000,10734,10735,10734,4
2019-09-05,16:36:27.928000,10734,10735,10734,1
2019-09-05,16:36:28.053000,10734,10735,10734,3
2019-09-05,16:36:28.178000,10734,10735,10734,2
2019-09-05,16:36:28.304000,10734,10735,10734,1
2019-09-05,16:36:28.354000,10734,10735,10734,3
2019-09-05,16:36:28.404000,10734,10735,10734,3
2019-09-05,16:36:33.183000,10733,10734,10733,1
2019-09-05,16:36:33.339000,10733,10734,10733,1
2019-09-05,16:36:33.421000,10733,10734,10733,1
2019-09-05,16:36:40.057000,10733,10734,10733,2
2019-09-05,16:36:51.265000,10733,10734,10733,1
2019-09-05,16:36:55.301000,10733,10734,10733,1
2019-09-05,16:37:01.788000,10733,10734,10733,6
2019-09-05,16:37:03.547000,10733,10734,10733,1
2019-09-05,16:37:03.943000,10733,10734,10733,10
2019-09-05,16:37:04.927000,10733,10734,10733,2
2019-09-05,16:37:16.559000,10733,10734,10733,4
2019-09-05,16:37:24.947000,10733,10734,10733,2
2019-09-05,16:37:33.536000,10733,10734,10733,1
2019-09-05,16:37:50.851000,10733,10734,10733,2
2019-09-05,16:37:51.887000,10733,10734,10733,1
2019-09-05,16:37:57.122000,10733,10734,10734,20
2019-09-05,16:38:01.828000,10734,10735,10735,3
2019-09-05,16:38:01.928000,10734,10735,10735,11
2019-09-05,16:38:02.205000,10734,10735,10735,4
2019-09-05,16:38:02.206000,10734,10735,10735,1
2019-09-05,16:38:12.676000,10735,10736,10735,1
2019-09-05,16:38:14.987000,10735,10736,10735,1
2019-09-05,16:38:28.051000,10735,10736,10735,1
2019-09-05,16:38:30.689000,10735,10736,10735,1
2019-09-05,16:38:49.086000,10735,10736,10735,1
2019-09-05,16:38:56.303000,10735,10736,10735,5
2019-09-05,16:39:35.288000,10733,10735,10735,1
2019-09-05,16:39:43.574000,10733,10734,10734,3
2019-09-05,16:39:44.037000,10733,10734,10734,1
2019-09-05,16:39:56.404000,10733,10734,10734,1
2019-09-05,16:39:57.381000,10733,10734,10734,1
2019-09-05,16:40:01.140000,10733,10734,10733,1
2019-09-05,16:40:07.632000,10733,10734,10733,2
2019-09-05,16:40:09.973000,10733,10734,10733,1
2019-09-05,16:40:12.344000,10733,10734,10733,1
2019-09-05,16:40:22.443000,10733,10734,10733,4
2019-09-05,16:40:31.750000,10733,10734,10733,1
2019-09-05,16:40:59.752000,10733,10734,10734,1
2019-09-05,16:41:26.134000,10733,10734,10733,4
2019-09-05,16:41:32.991000,10733,10734,10733,1
2019-09-05,16:41:46.966000,10733,10734,10733,1
2019-09-05,16:41:58.190000,10733,10734,10733,5
2019-09-05,16:41:58.215000,10733,10734,10733,7
2019-09-05,16:41:58.303000,10733,10734,10733,14
2019-09-05,16:41:58.946000,10732,10733,10733,1
2019-09-05,16:42:00.664000,10732,10733,10733,1
2019-09-05,16:42:10.960000,10732,10733,10732,2
2019-09-05,16:42:11.335000,10732,10733,10732,1
2019-09-05,16:42:12.968000,10732,10733,10732,1
2019-09-05,16:42:18.378000,10732,10733,10732,1
2019-09-05,16:42:26.518000,10732,10733,10732,1
2019-09-05,16:42:38.235000,10732,10733,10732,1
2019-09-05,16:42:40.410000,10732,10733,10733,1
2019-09-05,16:42:43.973000,10732,10733,10733,1
2019-09-05,16:42:50.128000,10732,10733,10732,3
2019-09-05,16:42:54.656000,10732,10733,10732,2
2019-09-05,16:42:56.142000,10732,10733,10732,1
2019-09-05,16:42:57.671000,10732,10733,10732,2
2019-09-05,16:43:06.474000,10732,10733,10733,1
2019-09-05,16:43:13.934000,10732,10733,10732,1
2019-09-05,16:43:16.756000,10732,10733,10733,2
2019-09-05,16:43:21.204000,10732,10733,10733,2
2019-09-05,16:43:23.113000,10732,10733,10732,1
2019-09-05,16:43:24.976000,10732,10733,10733,2
2019-09-05,16:43:28.142000,10732,10733,10733,1
2019-09-05,16:43:28.263000,10732,10733,10733,6
2019-09-05,16:43:28.706000,10733,10734,10733,2
2019-09-05,16:43:38.677000,10733,10734,10734,10
2019-09-05,16:43:39.139000,10733,10734,10734,2
2019-09-05,16:43:40.059000,10733,10734,10734,2
2019-09-05,16:43:43.361000,10733,10734,10734,1
2019-09-05,16:43:43.922000,10733,10734,10734,1
2019-09-05,16:43:44.945000,10733,10734,10734,1
2019-09-05,16:43:48.668000,10733,10734,10734,1
2019-09-05,16:43:55.180000,10733,10734,10733,1
2019-09-05,16:43:57.825000,10733,10734,10734,1
2019-09-05,16:43:59.676000,10733,10734,10734,1
2019-09-05,16:44:10.142000,10734,10735,10735,1
2019-09-05,16:44:38.443000,10734,10735,10734,3
2019-09-05,16:44:48.409000,10734,10735,10735,2
2019-09-05,16:44:57.168000,10734,10735,10735,25
2019-09-05,16:44:57.178000,10734,10735,10735,6
2019-09-05,16:44:57.178000,10734,10735,10735,1
2019-09-05,16:44:57.303000,10734,10735,10735,3
2019-09-05,16:44:57.428000,10734,10736,10735,1
2019-09-05,16:44:57.510000,10734,10736,10735,1
2019-09-05,16:45:03.814000,10734,10735,10735,1
2019-09-05,16:45:10.627000,10735,10736,10735,1
2019-09-05,16:45:34.925000,10735,10736,10735,1
2019-09-05,16:45:46.260000,10734,10735,10735,1
2019-09-05,16:46:01.640000,10734,10735,10735,1
2019-09-05,16:46:30.072000,10734,10735,10735,1
2019-09-05,16:46:36.676000,10734,10735,10735,1
2019-09-05,16:46:52.482000,10734,10735,10735,1
2019-09-05,16:46:57.903000,10734,10735,10734,10
2019-09-05,16:46:57.903000,10734,10735,10734,4
2019-09-05,16:46:57.928000,10734,10735,10734,10
2019-09-05,16:46:57.928000,10734,10735,10734,2
2019-09-05,16:46:57.928000,10734,10735,10734,17
2019-09-05,16:47:05.374000,10733,10734,10733,4
2019-09-05,16:47:05.374000,10733,10734,10733,5
2019-09-05,16:47:05.374000,10733,10734,10733,3
2019-09-05,16:47:05.962000,10733,10734,10733,1
2019-09-05,16:47:06.766000,10733,10734,10733,1
2019-09-05,16:47:07.288000,10733,10734,10734,1
2019-09-05,16:47:07.548000,10733,10734,10733,1
2019-09-05,16:47:13.475000,10733,10734,10733,1
2019-09-05,16:47:15.145000,10733,10734,10733,1
2019-09-05,16:47:21.766000,10733,10734,10733,2
2019-09-05,16:47:29.080000,10733,10734,10733,4
2019-09-05,16:47:30.577000,10733,10734,10734,8
2019-09-05,16:47:30.577000,10733,10734,10734,1
2019-09-05,16:47:30.578000,10733,10734,10734,6
2019-09-05,16:47:30.578000,10733,10734,10734,3
2019-09-05,16:48:16.778000,10734,10735,10734,1
2019-09-05,16:48:17.450000,10734,10735,10735,23
2019-09-05,16:48:25.101000,10735,10736,10735,1
2019-09-05,16:48:32.025000,10735,10736,10736,2
2019-09-05,16:48:32.053000,10735,10736,10736,12
2019-09-05,16:48:32.053000,10735,10736,10736,1
2019-09-05,16:48:32.053000,10735,10736,10736,2
2019-09-05,16:48:32.053000,10735,10736,10736,2
2019-09-05,16:48:32.053000,10735,10736,10736,3
2019-09-05,16:48:32.054000,10735,10736,10736,1
2019-09-05,16:48:32.054000,10735,10736,10736,10
2019-09-05,16:48:32.651000,10736,10737,10736,1
2019-09-05,16:48:34.142000,10736,10737,10737,1
2019-09-05,16:48:34.408000,10736,10737,10736,1
2019-09-05,16:48:36.578000,10736,10737,10736,1
2019-09-05,16:48:40.982000,10736,10737,10736,2
2019-09-05,16:48:42.914000,10736,10737,10736,1
2019-09-05,16:48:46.027000,10736,10737,10736,1
2019-09-05,16:48:52.347000,10736,10737,10736,1
2019-09-05,16:48:55.529000,10736,10737,10736,1
2019-09-05,16:48:55.529000,10736,10737,10736,1
2019-09-05,16:49:02.195000,10735,10736,10736,5
2019-09-05,16:49:20.615000,10735,10736,10736,1
2019-09-05,16:49:21.303000,10735,10736,10736,2
2019-09-05,16:49:36.344000,10736,10737,10736,1
2019-09-05,16:49:36.844000,10736,10737,10736,1
2019-09-05,16:49:44.356000,10736,10737,10736,2
2019-09-05,16:49:48.480000,10736,10737,10737,4
2019-09-05,16:49:52.899000,10736,10737,10736,2
2019-09-05,16:49:55.946000,10736,10737,10737,2
2019-09-05,16:50:11.137000,10736,10737,10736,1
2019-09-05,16:50:15.975000,10736,10737,10737,2
2019-09-05,16:50:16.632000,10736,10737,10737,1
2019-09-05,16:50:24.769000,10736,10737,10737,1
2019-09-05,16:50:37.882000,10736,10737,10737,1
2019-09-05,16:50:41.504000,10736,10737,10736,1
2019-09-05,16:51:00.087000,10736,10737,10736,1
2019-09-05,16:51:02.986000,10736,10737,10736,1
2019-09-05,16:51:13.420000,10736,10737,10736,1
2019-09-05,16:51:24.409000,10736,10737,10736,1
2019-09-05,16:51:35.660000,10736,10737,10736,1
2019-09-05,16:52:17.530000,10736,10737,10736,2
2019-09-05,16:52:24.858000,10736,10737,10736,1
2019-09-05,16:52:36.235000,10736,10737,10737,1
2019-09-05,16:52:38.388000,10736,10737,10737,1
2019-09-05,16:52:52.976000,10736,10737,10737,1
2019-09-05,16:53:19.730000,10736,10737,10736,5
2019-09-05,16:53:19.730000,10736,10737,10736,2
2019-09-05,16:53:19.730000,10736,10737,10736,2
2019-09-05,16:53:19.730000,10736,10737,10736,1
2019-09-05,16:53:49.740000,10735,10736,10735,1
2019-09-05,16:54:06.977000,10735,10736,10735,1
2019-09-05,16:54:08.676000,10735,10736,10735,1
2019-09-05,16:54:10.449000,10735,10736,10736,1
2019-09-05,16:54:48.117000,10735,10736,10735,1
2019-09-05,16:54:49.180000,10735,10736,10736,1
2019-09-05,16:54:49.598000,10735,10736,10736,1
2019-09-05,16:54:53.794000,10735,10736,10736,1
2019-09-05,16:55:17.168000,10735,10736,10735,1
2019-09-05,16:55:51.098000,10735,10736,10735,1
2019-09-05,16:56:26.265000,10735,10736,10735,1
2019-09-05,16:56:41.624000,10735,10736,10735,1
2019-09-05,16:57:11.728000,10735,10736,10735,1
2019-09-05,16:57:26.108000,10735,10736,10736,20
2019-09-05,16:57:32.061000,10735,10736,10736,1
2019-09-05,16:57:39.064000,10735,10736,10736,1
2019-09-05,16:57:45.961000,10735,10736,10736,1
2019-09-05,16:57:55.226000,10735,10736,10736,14
2019-09-05,16:58:04.608000,10736,10737,10737,2
2019-09-05,16:58:04.638000,10736,10737,10737,3
2019-09-05,16:58:04.954000,10736,10737,10737,1
2019-09-05,16:58:08.853000,10736,10737,10737,2
2019-09-05,16:58:09.432000,10736,10737,10737,2
2019-09-05,16:58:09.698000,10736,10737,10737,2
2019-09-05,16:58:09.698000,10736,10737,10737,2
2019-09-05,16:58:09.698000,10736,10737,10737,1
2019-09-05,16:58:09.698000,10736,10737,10737,9
2019-09-05,16:58:09.699000,10736,10737,10737,2
2019-09-05,16:58:09.700000,10736,10737,10737,1
2019-09-05,16:58:09.803000,10736,10737,10737,1
2019-09-05,16:58:09.803000,10736,10737,10737,4
2019-09-05,16:58:09.803000,10736,10737,10737,12
2019-09-05,16:58:09.803000,10736,10737,10737,6
2019-09-05,16:58:09.803000,10736,10737,10737,1
2019-09-05,16:58:09.803000,10736,10737,10737,2
2019-09-05,16:58:09.804000,10736,10737,10737,4
2019-09-05,16:58:12.947000,10737,10738,10738,1
2019-09-05,16:58:12.956000,10737,10738,10738,2
2019-09-05,16:58:12.962000,10737,10738,10738,1
2019-09-05,16:58:12.970000,10737,10738,10738,4
2019-09-05,16:58:13.060000,10737,10738,10738,1
2019-09-05,16:58:13.075000,10737,10738,10738,1
2019-09-05,16:58:13.120000,10737,10738,10738,2
2019-09-05,16:58:13.235000,10737,10738,10738,1
2019-09-05,16:58:13.363000,10737,10738,10738,1
2019-09-05,16:58:14.202000,10737,10738,10738,1
2019-09-05,16:58:14.367000,10737,10738,10738,4
2019-09-05,16:58:17.358000,10737,10738,10737,1
2019-09-05,16:58:17.410000,10737,10738,10738,1
2019-09-05,16:58:17.417000,10737,10738,10738,2
2019-09-05,16:58:17.518000,10737,10738,10738,2
2019-09-05,16:58:18.807000,10737,10738,10738,2
2019-09-05,16:58:20.100000,10737,10738,10738,2
2019-09-05,16:58:23.807000,10737,10738,10738,2
2019-09-05,16:58:33.781000,10737,10738,10737,20
2019-09-05,16:58:35.457000,10737,10738,10738,2
2019-09-05,16:58:41.555000,10737,10738,10737,1
2019-09-05,16:58:54.860000,10737,10738,10737,1
2019-09-05,16:59:07.747000,10737,10738,10737,20
2019-09-05,16:59:09.621000,10737,10738,10738,2
2019-09-05,16:59:16.460000,10737,10738,10737,3
2019-09-05,16:59:16.460000,10737,10738,10737,1
2019-09-05,16:59:16.909000,10736,10737,10737,4
2019-09-05,16:59:21.782000,10736,10737,10737,1
2019-09-05,16:59:23.579000,10736,10737,10737,1
2019-09-05,16:59:28.611000,10737,10738,10737,1
2019-09-05,16:59:38.982000,10737,10738,10737,1
2019-09-05,16:59:45.641000,10737,10738,10737,1
2019-09-05,16:59:50.194000,10737,10738,10737,1
2019-09-05,17:00:01.392000,10737,10738,10738,1
2019-09-05,17:00:02.638000,10737,10738,10738,1
2019-09-05,17:00:03.095000,10737,10738,10738,1
2019-09-05,17:00:03.141000,10737,10738,10738,1
2019-09-05,17:00:20.497000,10737,10738,10737,1
2019-09-05,17:00:25.555000,10737,10738,10738,1
2019-09-05,17:00:28.712000,10737,10738,10738,1
2019-09-05,17:00:38.949000,10737,10738,10738,1
2019-09-05,17:00:49.618000,10737,10738,10738,1
2019-09-05,17:01:05.293000,10737,10738,10738,2
2019-09-05,17:01:14.335000,10737,10738,10738,1
