2023-02-22 15:00:00,15378,15378,15378,94,0
2023-02-22 15:00:00,15377,15377,15377,2,-2
2023-02-22 15:00:00,15377,15377,15377,2,0
2023-02-22 15:00:00,15377,15377,15377,2,0
2023-02-22 15:00:00,15377,15377,15377,4,0
2023-02-22 15:00:00,15377,15377,15377,2,0
2023-02-22 15:00:00,15378,15378,15378,8,8
2023-02-22 15:00:00,15377,15377,15377,4,-4
2023-02-22 15:00:00,15378,15378,15378,2,2
2023-02-22 15:00:00,15376,15376,15376,2,-2
2023-02-22 15:00:00,15377,15377,15377,6,6
2023-02-22 15:00:00,15378,15378,15378,2,2
2023-02-22 15:00:00,15378,15378,15378,2,0
2023-02-22 15:00:00,15378,15378,15378,6,0
2023-02-22 15:00:00,15379,15379,15379,4,4
2023-02-22 15:00:00,15378,15378,15378,2,-2
2023-02-22 15:00:00,15378,15378,15378,2,0
2023-02-22 15:00:00,15377,15377,15377,4,-4
2023-02-22 15:00:00,15379,15379,15379,2,2
2023-02-22 15:00:00,15379,15379,15379,2,0
2023-02-22 15:00:01,15379,15379,15379,4,0
2023-02-22 15:00:01,15378,15378,15378,2,-2
2023-02-22 15:00:01,15377,15377,15377,2,-2
2023-02-22 15:00:01,15377,15377,15377,2,0
2023-02-22 15:00:01,15377,15377,15377,2,0
2023-02-22 15:00:01,15378,15378,15378,4,4
2023-02-22 15:00:03,15379,15379,15379,2,2
2023-02-22 15:00:03,15379,15379,15379,8,0
2023-02-22 15:00:04,15380,15380,15380,2,2
2023-02-22 15:00:04,15380,15380,15380,10,0
2023-02-22 15:00:04,15380,15380,15380,6,0
2023-02-22 15:00:04,15379,15379,15379,2,-2
2023-02-22 15:00:05,15379,15379,15379,2,0
2023-02-22 15:00:05,15379,15379,15379,2,0
2023-02-22 15:00:07,15380,15380,15380,8,8
2023-02-22 15:00:08,15380,15380,15380,2,0
2023-02-22 15:00:08,15380,15380,15380,2,0
2023-02-22 15:00:08,15381,15381,15381,8,8
2023-02-22 15:00:09,15379,15379,15379,2,-2
2023-02-22 15:00:09,15381,15381,15381,8,8
2023-02-22 15:00:09,15381,15381,15381,2,0
2023-02-22 15:00:10,15381,15381,15381,6,0
2023-02-22 15:00:10,15382,15382,15382,2,2
2023-02-22 15:00:10,15382,15382,15382,2,0
2023-02-22 15:00:11,15382,15382,15382,8,0
2023-02-22 15:00:12,15380,15380,15380,2,-2
2023-02-22 15:00:13,15381,15381,15381,2,2
2023-02-22 15:00:13,15381,15381,15381,2,0
2023-02-22 15:00:15,15382,15382,15382,6,6
2023-02-22 15:00:16,15381,15381,15381,2,-2
2023-02-22 15:00:17,15382,15382,15382,2,2
2023-02-22 15:00:18,15381,15381,15381,2,-2
2023-02-22 15:00:18,15381,15381,15381,2,0
2023-02-22 15:00:19,15381,15381,15381,2,0
2023-02-22 15:00:20,15381,15381,15381,2,0
2023-02-22 15:00:20,15381,15381,15381,2,0
2023-02-22 15:00:20,15380,15380,15380,2,-2
2023-02-22 15:00:20,15381,15381,15381,2,2
2023-02-22 15:00:20,15380,15380,15380,2,-2
2023-02-22 15:00:22,15380,15380,15380,2,0
2023-02-22 15:00:22,15380,15380,15380,2,0
2023-02-22 15:00:23,15380,15380,15380,2,0
2023-02-22 15:00:25,15379,15379,15379,2,-2
2023-02-22 15:00:25,15379,15379,15379,2,0
2023-02-22 15:00:25,15379,15379,15379,2,0
2023-02-22 15:00:25,15379,15379,15379,2,0
2023-02-22 15:00:25,15379,15379,15379,2,0
2023-02-22 15:00:26,15378,15378,15378,2,-2
2023-02-22 15:00:26,15378,15378,15378,2,0
2023-02-22 15:00:26,15378,15378,15378,2,0
2023-02-22 15:00:27,15378,15378,15378,2,0
2023-02-22 15:00:27,15379,15379,15379,2,2
2023-02-22 15:00:28,15378,15378,15378,2,-2
2023-02-22 15:00:29,15378,15378,15378,2,0
2023-02-22 15:00:29,15378,15378,15378,2,0
2023-02-22 15:00:30,15379,15379,15379,2,2
2023-02-22 15:00:30,15378,15378,15378,2,-2
2023-02-22 15:00:32,15379,15379,15379,2,2
2023-02-22 15:00:34,15379,15379,15379,2,0
2023-02-22 15:00:35,15379,15379,15379,2,0
2023-02-22 15:00:36,15380,15380,15380,12,12
2023-02-22 15:00:38,15381,15381,15381,12,12
2023-02-22 15:00:41,15380,15380,15380,2,-2
2023-02-22 15:00:41,15380,15380,15380,2,0
2023-02-22 15:00:42,15380,15380,15380,8,0
2023-02-22 15:00:46,15381,15381,15381,2,2
2023-02-22 15:00:46,15380,15380,15380,2,-2
2023-02-22 15:00:48,15381,15381,15381,2,2
2023-02-22 15:00:48,15381,15381,15381,2,0
2023-02-22 15:00:52,15382,15382,15382,2,2
2023-02-22 15:00:55,15381,15381,15381,2,-2
2023-02-22 15:00:57,15381,15381,15381,2,0
2023-02-22 15:00:59,15382,15382,15382,8,8
2023-02-22 15:01:00,15380,15380,15380,2,-2
2023-02-22 15:01:00,15380,15380,15380,2,0
2023-02-22 15:01:00,15380,15380,15380,2,0
2023-02-22 15:01:00,15380,15380,15380,2,0
2023-02-22 15:01:00,15380,15380,15380,2,0
2023-02-22 15:01:00,15380,15380,15380,4,0
2023-02-22 15:01:00,15380,15380,15380,2,0
2023-02-22 15:01:00,15380,15380,15380,2,0
2023-02-22 15:01:01,15382,15382,15382,6,6
2023-02-22 15:01:02,15381,15381,15381,2,-2
2023-02-22 15:01:08,15381,15381,15381,2,0
2023-02-22 15:01:10,15381,15381,15381,2,0
2023-02-22 15:01:15,15381,15381,15381,2,0
2023-02-22 15:01:15,15381,15381,15381,2,0
2023-02-22 15:01:17,15382,15382,15382,2,2
2023-02-22 15:01:18,15381,15381,15381,2,-2
2023-02-22 15:01:18,15381,15381,15381,2,0
2023-02-22 15:01:18,15381,15381,15381,2,0
2023-02-22 15:01:21,15381,15381,15381,2,0
2023-02-22 15:01:22,15382,15382,15382,2,2
2023-02-22 15:01:23,15382,15382,15382,4,0
2023-02-22 15:01:23,15383,15383,15383,2,2
2023-02-22 15:01:23,15383,15383,15383,4,0
2023-02-22 15:01:26,15382,15382,15382,2,-2
2023-02-22 15:01:29,15382,15382,15382,2,0
2023-02-22 15:01:29,15382,15382,15382,2,0
2023-02-22 15:01:29,15382,15382,15382,4,0
2023-02-22 15:01:30,15381,15381,15381,2,-2
2023-02-22 15:01:30,15382,15382,15382,26,26
2023-02-22 15:01:31,15381,15381,15381,2,-2
2023-02-22 15:01:31,15381,15381,15381,2,0
2023-02-22 15:01:31,15381,15381,15381,2,0
2023-02-22 15:01:31,15381,15381,15381,4,0
2023-02-22 15:01:32,15382,15382,15382,6,6
2023-02-22 15:01:32,15383,15383,15383,2,2
2023-02-22 15:01:36,15382,15382,15382,2,-2
2023-02-22 15:01:36,15382,15382,15382,2,0
2023-02-22 15:01:36,15382,15382,15382,4,0
2023-02-22 15:01:36,15383,15383,15383,4,4
2023-02-22 15:01:36,15383,15383,15383,26,0
2023-02-22 15:01:36,15383,15383,15383,2,0
2023-02-22 15:01:36,15383,15383,15383,6,0
2023-02-22 15:01:36,15383,15383,15383,2,0
2023-02-22 15:01:36,15383,15383,15383,2,0
2023-02-22 15:01:36,15383,15383,15383,2,0
2023-02-22 15:01:36,15383,15383,15383,2,0
2023-02-22 15:01:36,15383,15383,15383,2,0
2023-02-22 15:01:36,15383,15383,15383,2,0
2023-02-22 15:01:38,15383,15383,15383,10,0
2023-02-22 15:01:41,15383,15383,15383,2,0
2023-02-22 15:01:41,15383,15383,15383,4,0
2023-02-22 15:01:44,15384,15384,15384,2,2
2023-02-22 15:01:46,15383,15383,15383,2,-2
2023-02-22 15:01:46,15383,15383,15383,2,0
2023-02-22 15:01:48,15384,15384,15384,4,4
2023-02-22 15:01:51,15383,15383,15383,2,-2
2023-02-22 15:01:51,15383,15383,15383,2,0
2023-02-22 15:01:52,15383,15383,15383,8,0
2023-02-22 15:01:53,15383,15383,15383,2,0
2023-02-22 15:02:00,15382,15382,15382,2,-2
2023-02-22 15:02:01,15382,15382,15382,4,0
2023-02-22 15:02:01,15382,15382,15382,2,0
2023-02-22 15:02:01,15382,15382,15382,2,0
2023-02-22 15:02:01,15382,15382,15382,2,0
2023-02-22 15:02:01,15382,15382,15382,2,0
2023-02-22 15:02:01,15382,15382,15382,2,0
2023-02-22 15:02:01,15381,15381,15381,2,-2
2023-02-22 15:02:01,15381,15381,15381,2,0
2023-02-22 15:02:07,15382,15382,15382,4,4
2023-02-22 15:02:11,15383,15383,15383,2,2
2023-02-22 15:02:19,15382,15382,15382,2,-2
2023-02-22 15:02:19,15383,15383,15383,2,2
2023-02-22 15:02:20,15382,15382,15382,2,-2
2023-02-22 15:02:28,15383,15383,15383,2,2
2023-02-22 15:02:31,15383,15383,15383,2,0
2023-02-22 15:02:33,15383,15383,15383,2,0
2023-02-22 15:02:39,15382,15382,15382,2,-2
2023-02-22 15:02:39,15383,15383,15383,2,2
2023-02-22 15:02:39,15383,15383,15383,2,0
2023-02-22 15:02:40,15383,15383,15383,2,0
2023-02-22 15:02:41,15383,15383,15383,2,0
2023-02-22 15:02:41,15383,15383,15383,2,0
2023-02-22 15:02:46,15382,15382,15382,2,-2
2023-02-22 15:02:59,15382,15382,15382,2,0
2023-02-22 15:03:00,15383,15383,15383,2,2
2023-02-22 15:03:00,15383,15383,15383,2,0
2023-02-22 15:03:00,15382,15382,15382,2,-2
2023-02-22 15:03:00,15383,15383,15383,8,8
2023-02-22 15:03:00,15383,15383,15383,2,0
2023-02-22 15:03:00,15383,15383,15383,8,0
2023-02-22 15:03:00,15383,15383,15383,2,0
2023-02-22 15:03:00,15383,15383,15383,2,0
2023-02-22 15:03:00,15383,15383,15383,6,0
2023-02-22 15:03:00,15382,15382,15382,2,-2
2023-02-22 15:03:04,15382,15382,15382,2,0
2023-02-22 15:03:04,15382,15382,15382,2,0
2023-02-22 15:03:05,15383,15383,15383,2,2
2023-02-22 15:03:08,15383,15383,15383,2,0
2023-02-22 15:03:08,15384,15384,15384,10,10
2023-02-22 15:03:08,15384,15384,15384,26,0
2023-02-22 15:03:20,15384,15384,15384,2,0
2023-02-22 15:03:21,15384,15384,15384,2,0
2023-02-22 15:03:22,15384,15384,15384,4,0
2023-02-22 15:03:23,15383,15383,15383,2,-2
2023-02-22 15:03:23,15383,15383,15383,2,0
2023-02-22 15:03:24,15382,15382,15382,2,-2
2023-02-22 15:03:48,15383,15383,15383,4,4
2023-02-22 15:03:48,15383,15383,15383,2,0
2023-02-22 15:04:00,15383,15383,15383,2,0
2023-02-22 15:04:01,15384,15384,15384,2,2
2023-02-22 15:04:08,15383,15383,15383,2,-2
2023-02-22 15:04:12,15384,15384,15384,4,4
2023-02-22 15:04:13,15383,15383,15383,2,-2
2023-02-22 15:04:15,15383,15383,15383,2,0
2023-02-22 15:04:18,15383,15383,15383,2,0
2023-02-22 15:04:19,15384,15384,15384,32,32
2023-02-22 15:04:20,15384,15384,15384,2,0
2023-02-22 15:04:20,15384,15384,15384,2,0
2023-02-22 15:04:23,15384,15384,15384,2,0
2023-02-22 15:04:25,15384,15384,15384,2,0
2023-02-22 15:04:25,15384,15384,15384,2,0
2023-02-22 15:04:25,15384,15384,15384,4,0
2023-02-22 15:04:25,15384,15384,15384,2,0
2023-02-22 15:04:25,15384,15384,15384,2,0
2023-02-22 15:04:27,15384,15384,15384,2,0
2023-02-22 15:04:36,15384,15384,15384,4,0
2023-02-22 15:04:43,15384,15384,15384,2,0
2023-02-22 15:04:43,15385,15385,15385,2,2
2023-02-22 15:04:43,15385,15385,15385,26,0
2023-02-22 15:04:43,15385,15385,15385,2,0
2023-02-22 15:04:43,15385,15385,15385,2,0
2023-02-22 15:04:45,15384,15384,15384,2,-2
2023-02-22 15:04:45,15384,15384,15384,6,0
2023-02-22 15:04:45,15384,15384,15384,2,0
2023-02-22 15:04:45,15385,15385,15385,2,2
2023-02-22 15:04:51,15385,15385,15385,8,0
2023-02-22 15:04:52,15384,15384,15384,2,-2
2023-02-22 15:04:52,15385,15385,15385,2,2
2023-02-22 15:04:52,15385,15385,15385,2,0
2023-02-22 15:04:53,15385,15385,15385,4,0
2023-02-22 15:04:54,15385,15385,15385,2,0
2023-02-22 15:04:55,15385,15385,15385,2,0
2023-02-22 15:04:56,15385,15385,15385,6,0
2023-02-22 15:04:58,15384,15384,15384,4,-4
2023-02-22 15:04:58,15384,15384,15384,2,0
2023-02-22 15:04:58,15384,15384,15384,4,0
2023-02-22 15:04:59,15384,15384,15384,2,0
2023-02-22 15:05:00,15385,15385,15385,4,4
2023-02-22 15:05:00,15384,15384,15384,2,-2
2023-02-22 15:05:00,15385,15385,15385,4,4
2023-02-22 15:05:03,15384,15384,15384,2,-2
2023-02-22 15:05:03,15384,15384,15384,2,0
2023-02-22 15:05:03,15384,15384,15384,2,0
2023-02-22 15:05:03,15384,15384,15384,2,0
2023-02-22 15:05:04,15385,15385,15385,2,2
2023-02-22 15:05:05,15385,15385,15385,2,0
2023-02-22 15:05:05,15384,15384,15384,2,-2
2023-02-22 15:05:09,15384,15384,15384,2,0
2023-02-22 15:05:13,15384,15384,15384,2,0
2023-02-22 15:05:16,15385,15385,15385,2,2
2023-02-22 15:05:18,15385,15385,15385,50,0
2023-02-22 15:05:19,15385,15385,15385,2,0
2023-02-22 15:05:42,15384,15384,15384,2,-2
2023-02-22 15:05:44,15384,15384,15384,2,0
2023-02-22 15:05:46,15384,15384,15384,2,0
2023-02-22 15:05:46,15384,15384,15384,2,0
2023-02-22 15:05:46,15384,15384,15384,2,0
2023-02-22 15:05:46,15384,15384,15384,2,0
2023-02-22 15:05:46,15384,15384,15384,2,0
2023-02-22 15:05:50,15383,15383,15383,12,-12
2023-02-22 15:05:50,15383,15383,15383,2,0
2023-02-22 15:05:50,15383,15383,15383,2,0
2023-02-22 15:05:50,15383,15383,15383,2,0
2023-02-22 15:05:50,15383,15383,15383,2,0
2023-02-22 15:05:50,15383,15383,15383,2,0
2023-02-22 15:05:56,15382,15382,15382,2,-2
2023-02-22 15:05:57,15382,15382,15382,2,0
2023-02-22 15:05:57,15382,15382,15382,2,0
2023-02-22 15:05:58,15383,15383,15383,2,2
2023-02-22 15:06:00,15382,15382,15382,2,-2
2023-02-22 15:06:01,15383,15383,15383,2,2
2023-02-22 15:06:03,15382,15382,15382,2,-2
2023-02-22 15:06:06,15382,15382,15382,2,0
2023-02-22 15:06:06,15382,15382,15382,2,0
2023-02-22 15:06:06,15382,15382,15382,2,0
2023-02-22 15:06:09,15381,15381,15381,2,-2
2023-02-22 15:06:11,15381,15381,15381,2,0
2023-02-22 15:06:11,15381,15381,15381,2,0
2023-02-22 15:06:11,15381,15381,15381,4,0
2023-02-22 15:06:11,15381,15381,15381,2,0
2023-02-22 15:06:14,15382,15382,15382,2,2
2023-02-22 15:06:27,15381,15381,15381,2,-2
2023-02-22 15:06:27,15381,15381,15381,4,0
2023-02-22 15:06:31,15381,15381,15381,2,0
2023-02-22 15:06:34,15381,15381,15381,4,0
2023-02-22 15:06:34,15381,15381,15381,4,0
2023-02-22 15:06:40,15381,15381,15381,2,0
2023-02-22 15:06:46,15381,15381,15381,2,0
2023-02-22 15:06:48,15381,15381,15381,2,0
2023-02-22 15:06:52,15380,15380,15380,2,-2
2023-02-22 15:06:55,15380,15380,15380,2,0
2023-02-22 15:06:55,15380,15380,15380,2,0
2023-02-22 15:06:55,15380,15380,15380,2,0
2023-02-22 15:06:55,15380,15380,15380,2,0
2023-02-22 15:06:55,15380,15380,15380,2,0
2023-02-22 15:06:55,15380,15380,15380,18,0
2023-02-22 15:06:55,15380,15380,15380,2,0
2023-02-22 15:06:55,15380,15380,15380,4,0
2023-02-22 15:06:55,15380,15380,15380,2,0
2023-02-22 15:06:55,15380,15380,15380,2,0
2023-02-22 15:06:59,15380,15380,15380,2,0
2023-02-22 15:07:00,15379,15379,15379,2,-2
2023-02-22 15:07:00,15379,15379,15379,2,0
2023-02-22 15:07:03,15379,15379,15379,2,0
2023-02-22 15:07:04,15379,15379,15379,2,0
2023-02-22 15:07:06,15379,15379,15379,2,0
2023-02-22 15:07:13,15379,15379,15379,2,0
2023-02-22 15:07:15,15379,15379,15379,2,0
2023-02-22 15:07:17,15379,15379,15379,2,0
2023-02-22 15:07:17,15379,15379,15379,2,0
2023-02-22 15:07:17,15379,15379,15379,2,0
2023-02-22 15:07:18,15379,15379,15379,4,0
2023-02-22 15:07:20,15378,15378,15378,2,-2
2023-02-22 15:07:21,15378,15378,15378,2,0
2023-02-22 15:07:21,15378,15378,15378,2,0
2023-02-22 15:07:21,15378,15378,15378,2,0
2023-02-22 15:07:21,15378,15378,15378,2,0
2023-02-22 15:07:21,15378,15378,15378,2,0
2023-02-22 15:07:21,15378,15378,15378,10,0
2023-02-22 15:07:21,15378,15378,15378,2,0
2023-02-22 15:07:21,15378,15378,15378,2,0
2023-02-22 15:07:21,15378,15378,15378,2,0
2023-02-22 15:07:21,15378,15378,15378,2,0
2023-02-22 15:07:22,15379,15379,15379,2,2
2023-02-22 15:07:22,15378,15378,15378,4,-4
2023-02-22 15:07:25,15377,15377,15377,2,-2
2023-02-22 15:07:28,15378,15378,15378,4,4
2023-02-22 15:07:28,15378,15378,15378,2,0
2023-02-22 15:07:30,15379,15379,15379,2,2
2023-02-22 15:07:30,15379,15379,15379,12,0
2023-02-22 15:07:30,15379,15379,15379,2,0
2023-02-22 15:07:30,15379,15379,15379,2,0
2023-02-22 15:07:30,15379,15379,15379,2,0
2023-02-22 15:07:33,15379,15379,15379,6,0
2023-02-22 15:07:33,15378,15378,15378,2,-2
2023-02-22 15:07:37,15379,15379,15379,2,2
2023-02-22 15:07:44,15378,15378,15378,2,-2
2023-02-22 15:07:55,15378,15378,15378,2,0
2023-02-22 15:07:56,15379,15379,15379,2,2
2023-02-22 15:07:58,15378,15378,15378,2,-2
2023-02-22 15:07:58,15378,15378,15378,2,0
2023-02-22 15:07:58,15378,15378,15378,2,0
2023-02-22 15:07:59,15378,15378,15378,2,0
2023-02-22 15:07:59,15378,15378,15378,2,0
2023-02-22 15:08:00,15378,15378,15378,2,0
2023-02-22 15:08:01,15378,15378,15378,2,0
2023-02-22 15:08:03,15378,15378,15378,8,0
2023-02-22 15:08:06,15378,15378,15378,2,0
2023-02-22 15:08:06,15378,15378,15378,4,0
2023-02-22 15:08:06,15378,15378,15378,4,0
2023-02-22 15:08:09,15378,15378,15378,2,0
2023-02-22 15:08:13,15377,15377,15377,2,-2
2023-02-22 15:08:17,15378,15378,15378,2,2
2023-02-22 15:08:17,15377,15377,15377,2,-2
2023-02-22 15:08:19,15377,15377,15377,2,0
2023-02-22 15:08:19,15378,15378,15378,2,2
2023-02-22 15:08:20,15377,15377,15377,2,-2
2023-02-22 15:08:20,15378,15378,15378,2,2
2023-02-22 15:08:20,15377,15377,15377,2,-2
2023-02-22 15:08:22,15377,15377,15377,2,0
2023-02-22 15:08:22,15377,15377,15377,2,0
2023-02-22 15:08:24,15377,15377,15377,2,0
2023-02-22 15:08:24,15377,15377,15377,2,0
2023-02-22 15:08:24,15377,15377,15377,10,0
2023-02-22 15:08:24,15377,15377,15377,2,0
2023-02-22 15:08:24,15377,15377,15377,2,0
2023-02-22 15:08:24,15377,15377,15377,2,0
2023-02-22 15:08:30,15376,15376,15376,2,-2
2023-02-22 15:08:30,15376,15376,15376,2,0
2023-02-22 15:08:30,15376,15376,15376,4,0
2023-02-22 15:08:30,15376,15376,15376,2,0
2023-02-22 15:08:30,15376,15376,15376,2,0
2023-02-22 15:08:30,15376,15376,15376,10,0
2023-02-22 15:08:30,15376,15376,15376,2,0
2023-02-22 15:08:30,15376,15376,15376,2,0
2023-02-22 15:08:30,15376,15376,15376,4,0
2023-02-22 15:08:30,15376,15376,15376,36,0
2023-02-22 15:08:30,15376,15376,15376,2,0
2023-02-22 15:08:30,15376,15376,15376,10,0
2023-02-22 15:08:30,15376,15376,15376,2,0
2023-02-22 15:08:30,15375,15375,15375,2,-2
2023-02-22 15:08:30,15375,15375,15375,2,0
2023-02-22 15:08:31,15375,15375,15375,2,0
2023-02-22 15:08:32,15375,15375,15375,2,0
2023-02-22 15:08:32,15375,15375,15375,2,0
2023-02-22 15:08:33,15375,15375,15375,2,0
2023-02-22 15:08:33,15375,15375,15375,2,0
2023-02-22 15:08:34,15375,15375,15375,2,0
2023-02-22 15:08:34,15376,15376,15376,2,2
2023-02-22 15:08:35,15375,15375,15375,2,-2
2023-02-22 15:08:35,15375,15375,15375,4,0
2023-02-22 15:08:39,15375,15375,15375,4,0
2023-02-22 15:08:40,15376,15376,15376,2,2
2023-02-22 15:08:40,15376,15376,15376,2,0
2023-02-22 15:08:40,15375,15375,15375,4,-4
2023-02-22 15:08:43,15377,15377,15377,2,2
2023-02-22 15:08:49,15376,15376,15376,2,-2
2023-02-22 15:08:50,15376,15376,15376,2,0
2023-02-22 15:08:51,15377,15377,15377,2,2
2023-02-22 15:08:55,15377,15377,15377,2,0
2023-02-22 15:08:58,15377,15377,15377,2,0
2023-02-22 15:09:00,15376,15376,15376,2,-2
2023-02-22 15:09:00,15376,15376,15376,2,0
2023-02-22 15:09:00,15377,15377,15377,2,2
2023-02-22 15:09:02,15376,15376,15376,2,-2
2023-02-22 15:09:02,15376,15376,15376,2,0
2023-02-22 15:09:03,15376,15376,15376,2,0
2023-02-22 15:09:05,15377,15377,15377,2,2
2023-02-22 15:09:06,15376,15376,15376,2,-2
2023-02-22 15:09:07,15376,15376,15376,2,0
2023-02-22 15:09:08,15377,15377,15377,2,2
2023-02-22 15:09:14,15376,15376,15376,4,-4
2023-02-22 15:09:15,15376,15376,15376,2,0
2023-02-22 15:09:15,15377,15377,15377,2,2
2023-02-22 15:09:16,15376,15376,15376,2,-2
2023-02-22 15:09:16,15376,15376,15376,2,0
2023-02-22 15:09:16,15376,15376,15376,2,0
2023-02-22 15:09:16,15376,15376,15376,6,0
2023-02-22 15:09:16,15376,15376,15376,2,0
2023-02-22 15:09:16,15376,15376,15376,2,0
2023-02-22 15:09:20,15375,15375,15375,2,-2
2023-02-22 15:09:20,15375,15375,15375,4,0
2023-02-22 15:09:22,15375,15375,15375,2,0
2023-02-22 15:09:22,15375,15375,15375,2,0
2023-02-22 15:09:23,15375,15375,15375,2,0
2023-02-22 15:09:23,15375,15375,15375,2,0
2023-02-22 15:09:23,15375,15375,15375,26,0
2023-02-22 15:09:23,15375,15375,15375,2,0
2023-02-22 15:09:23,15375,15375,15375,2,0
2023-02-22 15:09:23,15375,15375,15375,2,0
2023-02-22 15:09:23,15375,15375,15375,2,0
2023-02-22 15:09:23,15375,15375,15375,4,0
2023-02-22 15:09:23,15375,15375,15375,2,0
2023-02-22 15:09:23,15375,15375,15375,2,0
2023-02-22 15:09:23,15375,15375,15375,2,0
2023-02-22 15:09:23,15375,15375,15375,2,0
2023-02-22 15:09:23,15375,15375,15375,2,0
2023-02-22 15:09:23,15375,15375,15375,2,0
2023-02-22 15:09:23,15375,15375,15375,2,0
2023-02-22 15:09:23,15375,15375,15375,2,0
2023-02-22 15:09:26,15375,15375,15375,2,0
2023-02-22 15:09:32,15375,15375,15375,2,0
2023-02-22 15:09:34,15375,15375,15375,2,0
2023-02-22 15:09:39,15375,15375,15375,2,0
2023-02-22 15:09:40,15374,15374,15374,2,-2
2023-02-22 15:09:40,15374,15374,15374,4,0
2023-02-22 15:09:41,15374,15374,15374,2,0
2023-02-22 15:09:41,15374,15374,15374,2,0
2023-02-22 15:09:41,15374,15374,15374,2,0
2023-02-22 15:09:41,15375,15375,15375,2,2
2023-02-22 15:09:42,15374,15374,15374,2,-2
2023-02-22 15:09:42,15374,15374,15374,4,0
2023-02-22 15:09:43,15374,15374,15374,2,0
2023-02-22 15:09:46,15375,15375,15375,2,2
2023-02-22 15:09:48,15375,15375,15375,2,0
2023-02-22 15:09:48,15375,15375,15375,4,0
2023-02-22 15:09:52,15374,15374,15374,2,-2
2023-02-22 15:09:53,15374,15374,15374,4,0
2023-02-22 15:09:57,15374,15374,15374,2,0
2023-02-22 15:09:59,15374,15374,15374,2,0
2023-02-22 15:10:00,15374,15374,15374,2,0
2023-02-22 15:10:00,15374,15374,15374,2,0
2023-02-22 15:10:00,15374,15374,15374,2,0
2023-02-22 15:10:00,15374,15374,15374,2,0
2023-02-22 15:10:00,15374,15374,15374,2,0
2023-02-22 15:10:00,15374,15374,15374,20,0
2023-02-22 15:10:00,15374,15374,15374,2,0
2023-02-22 15:10:00,15374,15374,15374,2,0
2023-02-22 15:10:00,15374,15374,15374,26,0
2023-02-22 15:10:00,15374,15374,15374,2,0
2023-02-22 15:10:00,15374,15374,15374,2,0
2023-02-22 15:10:00,15374,15374,15374,2,0
2023-02-22 15:10:00,15374,15374,15374,2,0
2023-02-22 15:10:00,15374,15374,15374,2,0
2023-02-22 15:10:00,15374,15374,15374,2,0
2023-02-22 15:10:00,15374,15374,15374,2,0
2023-02-22 15:10:00,15374,15374,15374,2,0
2023-02-22 15:10:00,15374,15374,15374,2,0
2023-02-22 15:10:00,15374,15374,15374,4,0
2023-02-22 15:10:00,15374,15374,15374,6,0
2023-02-22 15:10:00,15373,15373,15373,2,-2
2023-02-22 15:10:00,15373,15373,15373,2,0
2023-02-22 15:10:00,15373,15373,15373,2,0
2023-02-22 15:10:00,15373,15373,15373,2,0
2023-02-22 15:10:00,15373,15373,15373,2,0
2023-02-22 15:10:00,15373,15373,15373,2,0
2023-02-22 15:10:00,15373,15373,15373,2,0
2023-02-22 15:10:02,15374,15374,15374,2,2
2023-02-22 15:10:03,15374,15374,15374,2,0
2023-02-22 15:10:04,15374,15374,15374,2,0
2023-02-22 15:10:06,15374,15374,15374,2,0
2023-02-22 15:10:07,15374,15374,15374,2,0
2023-02-22 15:10:07,15374,15374,15374,2,0
2023-02-22 15:10:08,15373,15373,15373,4,-4
2023-02-22 15:10:13,15374,15374,15374,2,2
2023-02-22 15:10:18,15374,15374,15374,2,0
2023-02-22 15:10:18,15374,15374,15374,4,0
2023-02-22 15:10:18,15374,15374,15374,2,0
2023-02-22 15:10:18,15374,15374,15374,4,0
2023-02-22 15:10:19,15374,15374,15374,2,0
2023-02-22 15:10:20,15374,15374,15374,2,0
2023-02-22 15:10:22,15374,15374,15374,8,0
2023-02-22 15:10:22,15374,15374,15374,2,0
2023-02-22 15:10:22,15374,15374,15374,4,0
2023-02-22 15:10:22,15374,15374,15374,6,0
2023-02-22 15:10:22,15374,15374,15374,2,0
2023-02-22 15:10:22,15374,15374,15374,6,0
2023-02-22 15:10:22,15374,15374,15374,2,0
2023-02-22 15:10:22,15374,15374,15374,50,0
2023-02-22 15:10:26,15374,15374,15374,2,0
2023-02-22 15:10:27,15374,15374,15374,2,0
2023-02-22 15:10:30,15374,15374,15374,2,0
2023-02-22 15:10:30,15374,15374,15374,2,0
2023-02-22 15:10:30,15373,15373,15373,16,-16
2023-02-22 15:10:34,15374,15374,15374,2,2
2023-02-22 15:10:43,15374,15374,15374,8,0
2023-02-22 15:10:51,15374,15374,15374,2,0
2023-02-22 15:11:00,15373,15373,15373,2,-2
2023-02-22 15:11:05,15374,15374,15374,2,2
2023-02-22 15:11:05,15374,15374,15374,2,0
2023-02-22 15:11:05,15374,15374,15374,2,0
2023-02-22 15:11:28,15374,15374,15374,2,0
2023-02-22 15:11:28,15374,15374,15374,2,0
2023-02-22 15:11:40,15374,15374,15374,2,0
2023-02-22 15:11:43,15374,15374,15374,2,0
2023-02-22 15:11:43,15374,15374,15374,2,0
2023-02-22 15:11:45,15374,15374,15374,2,0
2023-02-22 15:11:46,15374,15374,15374,6,0
2023-02-22 15:11:46,15374,15374,15374,2,0
2023-02-22 15:11:46,15374,15374,15374,2,0
2023-02-22 15:11:47,15374,15374,15374,2,0
2023-02-22 15:11:47,15374,15374,15374,2,0
2023-02-22 15:11:48,15374,15374,15374,8,0
2023-02-22 15:11:50,15373,15373,15373,2,-2
2023-02-22 15:11:55,15373,15373,15373,6,0
2023-02-22 15:11:55,15373,15373,15373,2,0
2023-02-22 15:11:55,15373,15373,15373,26,0
2023-02-22 15:11:55,15373,15373,15373,2,0
2023-02-22 15:11:55,15373,15373,15373,2,0
2023-02-22 15:11:55,15373,15373,15373,2,0
2023-02-22 15:11:55,15373,15373,15373,2,0
2023-02-22 15:11:55,15373,15373,15373,2,0
2023-02-22 15:11:55,15373,15373,15373,4,0
2023-02-22 15:11:55,15373,15373,15373,2,0
2023-02-22 15:11:55,15373,15373,15373,2,0
2023-02-22 15:11:55,15373,15373,15373,4,0
2023-02-22 15:11:55,15373,15373,15373,2,0
2023-02-22 15:12:00,15372,15372,15372,2,-2
2023-02-22 15:12:00,15372,15372,15372,2,0
2023-02-22 15:12:00,15372,15372,15372,4,0
2023-02-22 15:12:00,15372,15372,15372,4,0
2023-02-22 15:12:03,15373,15373,15373,2,2
2023-02-22 15:12:03,15373,15373,15373,2,0
2023-02-22 15:12:03,15373,15373,15373,2,0
2023-02-22 15:12:03,15373,15373,15373,2,0
2023-02-22 15:12:04,15373,15373,15373,2,0
2023-02-22 15:12:05,15373,15373,15373,2,0
2023-02-22 15:12:06,15373,15373,15373,2,0
2023-02-22 15:12:06,15373,15373,15373,2,0
2023-02-22 15:12:06,15373,15373,15373,6,0
2023-02-22 15:12:06,15373,15373,15373,2,0
2023-02-22 15:12:06,15373,15373,15373,2,0
2023-02-22 15:12:06,15373,15373,15373,2,0
2023-02-22 15:12:06,15373,15373,15373,2,0
2023-02-22 15:12:06,15373,15373,15373,2,0
2023-02-22 15:12:12,15373,15373,15373,2,0
2023-02-22 15:12:13,15373,15373,15373,2,0
2023-02-22 15:12:15,15374,15374,15374,2,2
2023-02-22 15:12:15,15374,15374,15374,8,0
2023-02-22 15:12:15,15374,15374,15374,8,0
2023-02-22 15:12:16,15373,15373,15373,4,-4
2023-02-22 15:12:17,15374,15374,15374,2,2
2023-02-22 15:12:17,15374,15374,15374,2,0
2023-02-22 15:12:17,15375,15375,15375,8,8
2023-02-22 15:12:26,15375,15375,15375,2,0
2023-02-22 15:12:28,15375,15375,15375,22,0
2023-02-22 15:12:35,15376,15376,15376,2,2
2023-02-22 15:12:35,15375,15375,15375,2,-2
2023-02-22 15:12:38,15376,15376,15376,2,2
2023-02-22 15:12:40,15376,15376,15376,4,0
2023-02-22 15:12:51,15376,15376,15376,2,0
2023-02-22 15:12:57,15377,15377,15377,2,2
2023-02-22 15:12:57,15377,15377,15377,4,0
2023-02-22 15:13:01,15377,15377,15377,2,0
2023-02-22 15:13:01,15376,15376,15376,2,-2
2023-02-22 15:13:01,15376,15376,15376,2,0
2023-02-22 15:13:09,15378,15378,15378,2,2
2023-02-22 15:13:11,15378,15378,15378,2,0
2023-02-22 15:13:11,15378,15378,15378,6,0
2023-02-22 15:13:11,15378,15378,15378,6,0
2023-02-22 15:13:12,15379,15379,15379,2,2
2023-02-22 15:13:14,15378,15378,15378,2,-2
2023-02-22 15:13:14,15378,15378,15378,2,0
2023-02-22 15:13:19,15379,15379,15379,2,2
2023-02-22 15:13:19,15379,15379,15379,2,0
2023-02-22 15:13:19,15379,15379,15379,2,0
2023-02-22 15:13:20,15379,15379,15379,2,0
2023-02-22 15:13:21,15379,15379,15379,2,0
2023-02-22 15:13:25,15379,15379,15379,2,0
2023-02-22 15:13:26,15379,15379,15379,2,0
2023-02-22 15:13:27,15379,15379,15379,2,0
2023-02-22 15:13:28,15379,15379,15379,8,0
2023-02-22 15:13:28,15379,15379,15379,2,0
2023-02-22 15:13:29,15379,15379,15379,2,0
2023-02-22 15:13:39,15378,15378,15378,2,-2
2023-02-22 15:13:44,15378,15378,15378,2,0
2023-02-22 15:13:45,15379,15379,15379,2,2
2023-02-22 15:13:56,15379,15379,15379,10,0
2023-02-22 15:13:57,15379,15379,15379,4,0
2023-02-22 15:13:58,15379,15379,15379,2,0
2023-02-22 15:13:59,15379,15379,15379,2,0
2023-02-22 15:13:59,15379,15379,15379,2,0
2023-02-22 15:14:00,15379,15379,15379,4,0
2023-02-22 15:14:08,15379,15379,15379,2,0
2023-02-22 15:14:09,15379,15379,15379,2,0
2023-02-22 15:14:16,15379,15379,15379,2,0
2023-02-22 15:14:20,15379,15379,15379,2,0
2023-02-22 15:14:23,15379,15379,15379,2,0
2023-02-22 15:14:41,15379,15379,15379,4,0
2023-02-22 15:14:42,15379,15379,15379,4,0
2023-02-22 15:14:44,15379,15379,15379,4,0
2023-02-22 15:14:45,15379,15379,15379,2,0
2023-02-22 15:14:46,15379,15379,15379,2,0
2023-02-22 15:14:49,15379,15379,15379,2,0
2023-02-22 15:14:55,15379,15379,15379,2,0
2023-02-22 15:14:56,15379,15379,15379,2,0
2023-02-22 15:14:59,15379,15379,15379,12,0
2023-02-22 15:15:00,15378,15378,15378,2,-2
2023-02-22 15:15:01,15378,15378,15378,2,0
2023-02-22 15:15:01,15378,15378,15378,4,0
2023-02-22 15:15:01,15378,15378,15378,2,0
2023-02-22 15:15:01,15378,15378,15378,4,0
2023-02-22 15:15:01,15378,15378,15378,2,0
2023-02-22 15:15:01,15378,15378,15378,4,0
2023-02-22 15:15:01,15378,15378,15378,2,0
2023-02-22 15:15:01,15378,15378,15378,10,0
2023-02-22 15:15:01,15378,15378,15378,10,0
2023-02-22 15:15:01,15378,15378,15378,2,0
2023-02-22 15:15:02,15378,15378,15378,16,0
2023-02-22 15:15:08,15377,15377,15377,2,-2
2023-02-22 15:15:08,15377,15377,15377,2,0
2023-02-22 15:15:08,15376,15376,15376,2,-2
2023-02-22 15:15:13,15378,15378,15378,2,2
2023-02-22 15:15:14,15377,15377,15377,2,-2
2023-02-22 15:15:14,15377,15377,15377,2,0
2023-02-22 15:15:18,15378,15378,15378,2,2
2023-02-22 15:15:21,15379,15379,15379,2,2
2023-02-22 15:15:26,15378,15378,15378,2,-2
2023-02-22 15:15:31,15378,15378,15378,2,0
2023-02-22 15:15:56,15377,15377,15377,2,-2
2023-02-22 15:15:56,15376,15376,15376,2,-2
2023-02-22 15:15:58,15376,15376,15376,2,0
2023-02-22 15:16:09,15376,15376,15376,2,0
2023-02-22 15:16:09,15375,15375,15375,2,-2
2023-02-22 15:16:16,15375,15375,15375,2,0
2023-02-22 15:16:18,15375,15375,15375,2,0
2023-02-22 15:16:20,15375,15375,15375,2,0
2023-02-22 15:16:20,15375,15375,15375,2,0
2023-02-22 15:16:21,15375,15375,15375,2,0
2023-02-22 15:16:23,15375,15375,15375,2,0
2023-02-22 15:16:25,15375,15375,15375,2,0
2023-02-22 15:16:25,15375,15375,15375,2,0
2023-02-22 15:16:31,15375,15375,15375,2,0
2023-02-22 15:16:34,15375,15375,15375,2,0
2023-02-22 15:16:40,15375,15375,15375,2,0
2023-02-22 15:16:53,15375,15375,15375,2,0
2023-02-22 15:16:55,15374,15374,15374,2,-2
2023-02-22 15:17:00,15374,15374,15374,2,0
2023-02-22 15:17:10,15374,15374,15374,2,0
2023-02-22 15:17:18,15374,15374,15374,2,0
2023-02-22 15:17:18,15374,15374,15374,2,0
2023-02-22 15:17:20,15375,15375,15375,2,2
2023-02-22 15:17:27,15375,15375,15375,2,0
2023-02-22 15:17:28,15375,15375,15375,2,0
2023-02-22 15:17:29,15375,15375,15375,2,0
2023-02-22 15:17:35,15375,15375,15375,2,0
2023-02-22 15:17:37,15375,15375,15375,4,0
2023-02-22 15:17:47,15375,15375,15375,2,0
2023-02-22 15:17:48,15375,15375,15375,2,0
2023-02-22 15:17:49,15375,15375,15375,2,0
2023-02-22 15:17:52,15375,15375,15375,2,0
2023-02-22 15:17:53,15375,15375,15375,2,0
2023-02-22 15:17:55,15375,15375,15375,2,0
2023-02-22 15:17:58,15376,15376,15376,2,2
2023-02-22 15:18:00,15375,15375,15375,2,-2
2023-02-22 15:18:02,15375,15375,15375,2,0
2023-02-22 15:18:29,15375,15375,15375,2,0
2023-02-22 15:18:31,15375,15375,15375,2,0
2023-02-22 15:18:44,15375,15375,15375,4,0
2023-02-22 15:19:00,15374,15374,15374,2,-2
2023-02-22 15:19:27,15374,15374,15374,2,0
2023-02-22 15:19:29,15374,15374,15374,2,0
2023-02-22 15:19:30,15374,15374,15374,2,0
2023-02-22 15:19:34,15374,15374,15374,2,0
2023-02-22 15:19:54,15374,15374,15374,2,0
2023-02-22 15:19:56,15374,15374,15374,2,0
2023-02-22 15:20:00,15374,15374,15374,2,0
2023-02-22 15:20:01,15374,15374,15374,2,0
2023-02-22 15:20:02,15374,15374,15374,2,0
2023-02-22 15:20:02,15374,15374,15374,2,0
2023-02-22 15:20:18,15374,15374,15374,2,0
2023-02-22 15:20:18,15374,15374,15374,2,0
2023-02-22 15:20:18,15374,15374,15374,2,0
2023-02-22 15:20:23,15374,15374,15374,2,0
2023-02-22 15:20:27,15374,15374,15374,2,0
2023-02-22 15:20:30,15374,15374,15374,2,0
2023-02-22 15:20:32,15374,15374,15374,2,0
2023-02-22 15:20:38,15373,15373,15373,4,-4
2023-02-22 15:20:38,15373,15373,15373,2,0
2023-02-22 15:20:38,15373,15373,15373,2,0
2023-02-22 15:20:38,15373,15373,15373,2,0
2023-02-22 15:20:38,15373,15373,15373,4,0
2023-02-22 15:20:38,15373,15373,15373,2,0
2023-02-22 15:20:38,15373,15373,15373,2,0
2023-02-22 15:20:38,15373,15373,15373,4,0
2023-02-22 15:20:38,15373,15373,15373,2,0
2023-02-22 15:20:38,15373,15373,15373,2,0
2023-02-22 15:20:46,15372,15372,15372,18,-18
2023-02-22 15:20:46,15372,15372,15372,4,0
2023-02-22 15:20:46,15372,15372,15372,2,0
2023-02-22 15:20:46,15372,15372,15372,6,0
2023-02-22 15:20:46,15372,15372,15372,2,0
2023-02-22 15:20:46,15372,15372,15372,2,0
2023-02-22 15:20:46,15372,15372,15372,6,0
2023-02-22 15:20:46,15372,15372,15372,2,0
2023-02-22 15:20:46,15372,15372,15372,2,0
2023-02-22 15:20:46,15372,15372,15372,2,0
2023-02-22 15:20:46,15372,15372,15372,10,0
2023-02-22 15:20:46,15372,15372,15372,2,0
2023-02-22 15:20:46,15372,15372,15372,2,0
2023-02-22 15:20:46,15371,15371,15371,2,-2
2023-02-22 15:20:46,15371,15371,15371,2,0
2023-02-22 15:20:46,15371,15371,15371,2,0
2023-02-22 15:20:46,15371,15371,15371,2,0
2023-02-22 15:20:47,15371,15371,15371,2,0
2023-02-22 15:20:47,15372,15372,15372,2,2
2023-02-22 15:20:50,15372,15372,15372,2,0
2023-02-22 15:20:55,15371,15371,15371,2,-2
2023-02-22 15:20:55,15371,15371,15371,2,0
2023-02-22 15:20:56,15371,15371,15371,2,0
2023-02-22 15:20:56,15372,15372,15372,2,2
2023-02-22 15:20:57,15371,15371,15371,2,-2
2023-02-22 15:20:57,15371,15371,15371,2,0
2023-02-22 15:21:00,15371,15371,15371,4,0
2023-02-22 15:21:00,15371,15371,15371,2,0
2023-02-22 15:21:00,15371,15371,15371,2,0
2023-02-22 15:21:03,15372,15372,15372,2,2
2023-02-22 15:21:03,15371,15371,15371,2,-2
2023-02-22 15:21:03,15371,15371,15371,10,0
2023-02-22 15:21:03,15371,15371,15371,6,0
2023-02-22 15:21:03,15371,15371,15371,2,0
2023-02-22 15:21:03,15371,15371,15371,2,0
2023-02-22 15:21:04,15371,15371,15371,2,0
2023-02-22 15:21:06,15371,15371,15371,2,0
2023-02-22 15:21:07,15372,15372,15372,2,2
2023-02-22 15:21:07,15372,15372,15372,2,0
2023-02-22 15:21:07,15372,15372,15372,2,0
2023-02-22 15:21:07,15372,15372,15372,4,0
2023-02-22 15:21:07,15372,15372,15372,4,0
2023-02-22 15:21:07,15372,15372,15372,2,0
2023-02-22 15:21:07,15372,15372,15372,2,0
2023-02-22 15:21:08,15372,15372,15372,2,0
2023-02-22 15:21:09,15373,15373,15373,2,2
2023-02-22 15:21:14,15373,15373,15373,2,0
2023-02-22 15:21:17,15373,15373,15373,4,0
2023-02-22 15:21:20,15372,15372,15372,2,-2
2023-02-22 15:21:33,15372,15372,15372,2,0
2023-02-22 15:21:33,15372,15372,15372,2,0
2023-02-22 15:21:35,15372,15372,15372,2,0
2023-02-22 15:21:39,15373,15373,15373,2,2
2023-02-22 15:21:42,15373,15373,15373,2,0
2023-02-22 15:21:52,15373,15373,15373,2,0
2023-02-22 15:22:00,15373,15373,15373,2,0
2023-02-22 15:22:00,15373,15373,15373,2,0
2023-02-22 15:22:03,15373,15373,15373,2,0
2023-02-22 15:22:04,15373,15373,15373,2,0
2023-02-22 15:22:27,15374,15374,15374,4,4
2023-02-22 15:22:27,15374,15374,15374,2,0
2023-02-22 15:22:27,15374,15374,15374,2,0
2023-02-22 15:22:27,15374,15374,15374,20,0
2023-02-22 15:22:27,15374,15374,15374,2,0
2023-02-22 15:22:27,15374,15374,15374,4,0
2023-02-22 15:22:27,15374,15374,15374,6,0
2023-02-22 15:22:27,15374,15374,15374,2,0
2023-02-22 15:22:27,15374,15374,15374,2,0
2023-02-22 15:22:29,15373,15373,15373,2,-2
2023-02-22 15:22:36,15374,15374,15374,4,4
2023-02-22 15:22:37,15374,15374,15374,2,0
2023-02-22 15:22:39,15375,15375,15375,4,4
2023-02-22 15:22:40,15375,15375,15375,2,0
2023-02-22 15:22:40,15375,15375,15375,2,0
2023-02-22 15:22:40,15375,15375,15375,4,0
2023-02-22 15:22:52,15375,15375,15375,2,0
2023-02-22 15:23:01,15374,15374,15374,2,-2
2023-02-22 15:23:09,15375,15375,15375,4,4
2023-02-22 15:23:12,15375,15375,15375,2,0
2023-02-22 15:23:16,15375,15375,15375,2,0
2023-02-22 15:23:18,15375,15375,15375,4,0
2023-02-22 15:23:18,15375,15375,15375,2,0
2023-02-22 15:23:33,15375,15375,15375,2,0
2023-02-22 15:23:37,15376,15376,15376,2,2
2023-02-22 15:23:41,15376,15376,15376,2,0
2023-02-22 15:23:41,15376,15376,15376,4,0
2023-02-22 15:23:42,15376,15376,15376,2,0
2023-02-22 15:23:47,15376,15376,15376,4,0
2023-02-22 15:23:47,15376,15376,15376,4,0
2023-02-22 15:23:47,15376,15376,15376,4,0
2023-02-22 15:23:47,15376,15376,15376,6,0
2023-02-22 15:23:48,15376,15376,15376,2,0
2023-02-22 15:23:48,15376,15376,15376,2,0
2023-02-22 15:23:53,15377,15377,15377,2,2
2023-02-22 15:23:53,15376,15376,15376,2,-2
2023-02-22 15:23:53,15376,15376,15376,2,0
2023-02-22 15:23:53,15376,15376,15376,4,0
2023-02-22 15:23:53,15376,15376,15376,2,0
2023-02-22 15:23:54,15376,15376,15376,2,0
2023-02-22 15:23:57,15376,15376,15376,2,0
2023-02-22 15:24:00,15376,15376,15376,2,0
2023-02-22 15:24:00,15376,15376,15376,2,0
2023-02-22 15:24:01,15376,15376,15376,2,0
2023-02-22 15:24:07,15377,15377,15377,2,2
2023-02-22 15:24:11,15377,15377,15377,4,0
2023-02-22 15:24:12,15377,15377,15377,6,0
2023-02-22 15:24:14,15377,15377,15377,2,0
2023-02-22 15:24:17,15377,15377,15377,4,0
2023-02-22 15:24:20,15377,15377,15377,2,0
2023-02-22 15:24:21,15377,15377,15377,2,0
2023-02-22 15:24:30,15377,15377,15377,2,0
2023-02-22 15:24:34,15377,15377,15377,2,0
2023-02-22 15:24:35,15377,15377,15377,2,0
2023-02-22 15:24:35,15378,15378,15378,8,8
2023-02-22 15:24:35,15378,15378,15378,2,0
2023-02-22 15:24:35,15378,15378,15378,2,0
2023-02-22 15:24:37,15377,15377,15377,2,-2
2023-02-22 15:24:39,15377,15377,15377,2,0
2023-02-22 15:24:39,15377,15377,15377,2,0
2023-02-22 15:24:41,15377,15377,15377,2,0
2023-02-22 15:24:55,15377,15377,15377,2,0
2023-02-22 15:24:56,15377,15377,15377,2,0
2023-02-22 15:24:56,15377,15377,15377,2,0
2023-02-22 15:25:06,15377,15377,15377,2,0
2023-02-22 15:25:06,15378,15378,15378,2,2
2023-02-22 15:25:07,15377,15377,15377,2,-2
2023-02-22 15:25:11,15377,15377,15377,2,0
2023-02-22 15:25:11,15376,15376,15376,2,-2
2023-02-22 15:25:14,15376,15376,15376,8,0
2023-02-22 15:25:14,15376,15376,15376,2,0
2023-02-22 15:25:14,15376,15376,15376,2,0
2023-02-22 15:25:14,15376,15376,15376,2,0
2023-02-22 15:25:31,15376,15376,15376,2,0
2023-02-22 15:25:52,15376,15376,15376,2,0
2023-02-22 15:25:54,15376,15376,15376,2,0
2023-02-22 15:26:00,15377,15377,15377,2,2
2023-02-22 15:26:13,15376,15376,15376,2,-2
2023-02-22 15:26:15,15376,15376,15376,4,0
2023-02-22 15:26:19,15376,15376,15376,2,0
2023-02-22 15:26:20,15376,15376,15376,2,0
2023-02-22 15:26:20,15377,15377,15377,38,38
2023-02-22 15:26:20,15377,15377,15377,4,0
2023-02-22 15:26:20,15377,15377,15377,4,0
2023-02-22 15:26:22,15377,15377,15377,4,0
2023-02-22 15:26:22,15377,15377,15377,4,0
2023-02-22 15:26:23,15377,15377,15377,4,0
2023-02-22 15:26:23,15377,15377,15377,2,0
2023-02-22 15:26:26,15377,15377,15377,2,0
2023-02-22 15:26:27,15378,15378,15378,4,4
2023-02-22 15:26:33,15378,15378,15378,4,0
2023-02-22 15:26:34,15378,15378,15378,2,0
2023-02-22 15:26:45,15378,15378,15378,2,0
2023-02-22 15:26:51,15378,15378,15378,4,0
2023-02-22 15:26:52,15378,15378,15378,2,0
2023-02-22 15:26:52,15378,15378,15378,2,0
2023-02-22 15:26:55,15379,15379,15379,2,2
2023-02-22 15:26:55,15379,15379,15379,4,0
2023-02-22 15:26:55,15379,15379,15379,2,0
2023-02-22 15:26:55,15379,15379,15379,2,0
2023-02-22 15:26:55,15379,15379,15379,2,0
2023-02-22 15:26:55,15379,15379,15379,2,0
2023-02-22 15:26:55,15379,15379,15379,2,0
2023-02-22 15:26:55,15379,15379,15379,8,0
2023-02-22 15:26:55,15379,15379,15379,2,0
2023-02-22 15:26:55,15379,15379,15379,2,0
2023-02-22 15:26:55,15379,15379,15379,4,0
2023-02-22 15:26:56,15380,15380,15380,2,2
2023-02-22 15:26:56,15380,15380,15380,2,0
2023-02-22 15:26:56,15379,15379,15379,4,-4
2023-02-22 15:26:56,15379,15379,15379,2,0
2023-02-22 15:26:56,15378,15378,15378,2,-2
2023-02-22 15:26:57,15378,15378,15378,2,0
2023-02-22 15:26:57,15378,15378,15378,2,0
2023-02-22 15:26:59,15378,15378,15378,2,0
2023-02-22 15:27:00,15379,15379,15379,20,20
2023-02-22 15:27:01,15378,15378,15378,2,-2
2023-02-22 15:27:05,15379,15379,15379,2,2
2023-02-22 15:27:05,15379,15379,15379,6,0
2023-02-22 15:27:05,15379,15379,15379,2,0
2023-02-22 15:27:05,15379,15379,15379,4,0
2023-02-22 15:27:05,15379,15379,15379,4,0
2023-02-22 15:27:05,15379,15379,15379,2,0
2023-02-22 15:27:05,15379,15379,15379,2,0
2023-02-22 15:27:05,15379,15379,15379,2,0
2023-02-22 15:27:05,15379,15379,15379,4,0
2023-02-22 15:27:05,15379,15379,15379,6,0
2023-02-22 15:27:05,15379,15379,15379,2,0
2023-02-22 15:27:14,15379,15379,15379,2,0
2023-02-22 15:27:14,15379,15379,15379,2,0
2023-02-22 15:27:14,15379,15379,15379,2,0
2023-02-22 15:27:14,15379,15379,15379,4,0
2023-02-22 15:27:14,15379,15379,15379,2,0
2023-02-22 15:27:15,15380,15380,15380,10,10
2023-02-22 15:27:15,15379,15379,15379,4,-4
2023-02-22 15:27:20,15380,15380,15380,4,4
2023-02-22 15:27:27,15380,15380,15380,2,0
2023-02-22 15:27:31,15380,15380,15380,2,0
2023-02-22 15:27:39,15380,15380,15380,2,0
2023-02-22 15:27:39,15380,15380,15380,2,0
2023-02-22 15:27:39,15380,15380,15380,2,0
2023-02-22 15:27:39,15380,15380,15380,2,0
2023-02-22 15:27:39,15380,15380,15380,2,0
2023-02-22 15:27:40,15380,15380,15380,2,0
2023-02-22 15:27:41,15380,15380,15380,4,0
2023-02-22 15:27:42,15380,15380,15380,6,0
2023-02-22 15:27:43,15380,15380,15380,4,0
2023-02-22 15:27:43,15380,15380,15380,2,0
2023-02-22 15:27:51,15380,15380,15380,12,0
2023-02-22 15:27:51,15380,15380,15380,2,0
2023-02-22 15:27:51,15380,15380,15380,2,0
2023-02-22 15:27:51,15380,15380,15380,2,0
2023-02-22 15:27:51,15379,15379,15379,2,-2
2023-02-22 15:27:58,15380,15380,15380,2,2
2023-02-22 15:28:02,15380,15380,15380,2,0
2023-02-22 15:28:03,15381,15381,15381,2,2
2023-02-22 15:28:03,15381,15381,15381,2,0
2023-02-22 15:28:04,15381,15381,15381,2,0
2023-02-22 15:28:08,15381,15381,15381,2,0
2023-02-22 15:28:09,15381,15381,15381,2,0
2023-02-22 15:28:10,15381,15381,15381,4,0
2023-02-22 15:28:11,15381,15381,15381,6,0
2023-02-22 15:28:11,15381,15381,15381,2,0
2023-02-22 15:28:20,15381,15381,15381,8,0
2023-02-22 15:28:20,15381,15381,15381,2,0
2023-02-22 15:28:22,15381,15381,15381,2,0
2023-02-22 15:28:31,15381,15381,15381,4,0
2023-02-22 15:28:35,15381,15381,15381,2,0
2023-02-22 15:28:44,15381,15381,15381,2,0
2023-02-22 15:28:52,15380,15380,15380,2,-2
2023-02-22 15:28:52,15380,15380,15380,2,0
2023-02-22 15:28:52,15380,15380,15380,2,0
2023-02-22 15:28:52,15380,15380,15380,2,0
2023-02-22 15:28:52,15380,15380,15380,2,0
2023-02-22 15:28:52,15380,15380,15380,4,0
2023-02-22 15:28:52,15380,15380,15380,2,0
2023-02-22 15:28:52,15380,15380,15380,2,0
2023-02-22 15:28:58,15380,15380,15380,2,0
2023-02-22 15:28:58,15380,15380,15380,2,0
2023-02-22 15:28:58,15380,15380,15380,2,0
2023-02-22 15:29:00,15380,15380,15380,2,0
2023-02-22 15:29:08,15380,15380,15380,2,0
2023-02-22 15:29:08,15381,15381,15381,2,2
2023-02-22 15:29:08,15381,15381,15381,2,0
2023-02-22 15:29:08,15381,15381,15381,2,0
2023-02-22 15:29:08,15381,15381,15381,2,0
2023-02-22 15:29:08,15381,15381,15381,2,0
2023-02-22 15:29:08,15381,15381,15381,2,0
2023-02-22 15:29:08,15381,15381,15381,2,0
2023-02-22 15:29:08,15381,15381,15381,2,0
2023-02-22 15:29:08,15381,15381,15381,2,0
2023-02-22 15:29:08,15381,15381,15381,2,0
2023-02-22 15:29:08,15381,15381,15381,4,0
2023-02-22 15:29:08,15380,15380,15380,2,-2
2023-02-22 15:29:14,15381,15381,15381,2,2
2023-02-22 15:29:14,15381,15381,15381,2,0
2023-02-22 15:29:19,15382,15382,15382,2,2
2023-02-22 15:29:33,15381,15381,15381,2,-2
2023-02-22 15:29:36,15381,15381,15381,2,0
2023-02-22 15:29:36,15381,15381,15381,2,0
2023-02-22 15:29:36,15381,15381,15381,4,0
2023-02-22 15:29:36,15381,15381,15381,2,0
2023-02-22 15:29:36,15381,15381,15381,20,0
2023-02-22 15:30:51,15381,15381,15381,2,0
2023-02-22 15:30:51,15381,15381,15381,2,0
2023-02-22 15:30:51,15382,15382,15382,2,2
2023-02-22 15:30:51,15382,15382,15382,2,0
2023-02-22 15:30:51,15382,15382,15382,10,0
2023-02-22 15:31:03,15382,15382,15382,4,0
2023-02-22 15:31:17,15382,15382,15382,4,0
2023-02-22 15:31:17,15382,15382,15382,4,0
2023-02-22 15:31:17,15381,15381,15381,2,-2
2023-02-22 15:31:19,15382,15382,15382,2,2
2023-02-22 15:31:24,15382,15382,15382,2,0
2023-02-22 15:31:28,15382,15382,15382,2,0
2023-02-22 15:31:28,15382,15382,15382,2,0
2023-02-22 15:31:42,15381,15381,15381,2,-2
2023-02-22 15:31:46,15382,15382,15382,2,2
2023-02-22 15:31:46,15381,15381,15381,2,-2
2023-02-22 15:31:48,15381,15381,15381,2,0
2023-02-22 15:32:01,15381,15381,15381,10,0
2023-02-22 15:32:03,15382,15382,15382,2,2
2023-02-22 15:32:05,15382,15382,15382,2,0
2023-02-22 15:32:05,15382,15382,15382,2,0
2023-02-22 15:32:06,15383,15383,15383,2,2
2023-02-22 15:32:29,15382,15382,15382,4,-4
2023-02-22 15:32:29,15382,15382,15382,4,0
2023-02-22 15:32:29,15382,15382,15382,2,0
2023-02-22 15:32:29,15382,15382,15382,2,0
2023-02-22 15:32:29,15382,15382,15382,2,0
2023-02-22 15:32:33,15382,15382,15382,2,0
2023-02-22 15:32:36,15382,15382,15382,6,0
2023-02-22 15:32:47,15382,15382,15382,2,0
2023-02-22 15:32:56,15383,15383,15383,2,2
2023-02-22 15:32:56,15383,15383,15383,2,0
2023-02-22 15:33:03,15383,15383,15383,2,0
2023-02-22 15:33:04,15383,15383,15383,2,0
2023-02-22 15:33:09,15383,15383,15383,14,0
2023-02-22 15:33:10,15384,15384,15384,2,2
2023-02-22 15:33:10,15384,15384,15384,2,0
2023-02-22 15:33:10,15383,15383,15383,2,-2
2023-02-22 15:33:10,15383,15383,15383,2,0
2023-02-22 15:33:10,15384,15384,15384,2,2
2023-02-22 15:33:14,15384,15384,15384,2,0
2023-02-22 15:33:14,15384,15384,15384,2,0
2023-02-22 15:33:15,15383,15383,15383,2,-2
2023-02-22 15:33:15,15383,15383,15383,4,0
2023-02-22 15:33:32,15384,15384,15384,2,2
2023-02-22 15:33:32,15384,15384,15384,2,0
2023-02-22 15:33:32,15383,15383,15383,2,-2
2023-02-22 15:33:37,15383,15383,15383,2,0
2023-02-22 15:33:37,15383,15383,15383,2,0
2023-02-22 15:33:37,15383,15383,15383,2,0
2023-02-22 15:33:37,15383,15383,15383,2,0
2023-02-22 15:33:37,15383,15383,15383,2,0
2023-02-22 15:33:38,15384,15384,15384,2,2
2023-02-22 15:33:43,15384,15384,15384,8,0
2023-02-22 15:33:44,15383,15383,15383,6,-6
2023-02-22 15:33:44,15382,15382,15382,4,-4
2023-02-22 15:33:52,15383,15383,15383,4,4
2023-02-22 15:33:57,15383,15383,15383,2,0
2023-02-22 15:34:01,15382,15382,15382,2,-2
2023-02-22 15:34:01,15383,15383,15383,6,6
2023-02-22 15:34:03,15383,15383,15383,2,0
2023-02-22 15:34:06,15383,15383,15383,2,0
2023-02-22 15:34:20,15383,15383,15383,4,0
2023-02-22 15:34:20,15384,15384,15384,2,2
2023-02-22 15:34:21,15382,15382,15382,2,-2
2023-02-22 15:34:21,15382,15382,15382,2,0
2023-02-22 15:34:21,15382,15382,15382,2,0
2023-02-22 15:34:21,15382,15382,15382,18,0
2023-02-22 15:34:21,15382,15382,15382,2,0
2023-02-22 15:34:21,15382,15382,15382,4,0
2023-02-22 15:34:21,15382,15382,15382,4,0
2023-02-22 15:34:21,15381,15381,15381,2,-2
2023-02-22 15:34:21,15381,15381,15381,2,0
2023-02-22 15:34:21,15381,15381,15381,2,0
2023-02-22 15:34:21,15381,15381,15381,2,0
2023-02-22 15:34:21,15381,15381,15381,4,0
2023-02-22 15:34:28,15381,15381,15381,2,0
2023-02-22 15:34:28,15381,15381,15381,2,0
2023-02-22 15:34:28,15381,15381,15381,4,0
2023-02-22 15:34:28,15381,15381,15381,2,0
2023-02-22 15:34:28,15381,15381,15381,2,0
2023-02-22 15:34:28,15381,15381,15381,2,0
2023-02-22 15:34:28,15380,15380,15380,4,-4
2023-02-22 15:34:28,15380,15380,15380,4,0
2023-02-22 15:34:28,15380,15380,15380,2,0
2023-02-22 15:34:28,15380,15380,15380,2,0
2023-02-22 15:34:28,15380,15380,15380,2,0
2023-02-22 15:34:28,15380,15380,15380,2,0
2023-02-22 15:34:28,15380,15380,15380,2,0
2023-02-22 15:34:28,15380,15380,15380,2,0
2023-02-22 15:34:28,15380,15380,15380,2,0
2023-02-22 15:34:28,15380,15380,15380,2,0
2023-02-22 15:34:30,15381,15381,15381,2,2
2023-02-22 15:34:30,15380,15380,15380,2,-2
2023-02-22 15:34:34,15380,15380,15380,2,0
2023-02-22 15:34:34,15382,15382,15382,10,10
2023-02-22 15:34:36,15382,15382,15382,2,0
2023-02-22 15:34:36,15380,15380,15380,2,-2
2023-02-22 15:34:42,15380,15380,15380,2,0
2023-02-22 15:34:42,15380,15380,15380,2,0
2023-02-22 15:34:42,15380,15380,15380,2,0
2023-02-22 15:34:46,15380,15380,15380,2,0
2023-02-22 15:34:48,15382,15382,15382,2,2
2023-02-22 15:34:48,15382,15382,15382,4,0
2023-02-22 15:34:53,15383,15383,15383,8,8
2023-02-22 15:34:58,15384,15384,15384,2,2
2023-02-22 15:35:19,15384,15384,15384,2,0
2023-02-22 15:35:19,15383,15383,15383,2,-2
2023-02-22 15:35:19,15383,15383,15383,2,0
2023-02-22 15:35:23,15383,15383,15383,2,0
2023-02-22 15:35:23,15383,15383,15383,2,0
2023-02-22 15:35:24,15383,15383,15383,2,0
2023-02-22 15:35:37,15383,15383,15383,2,0
2023-02-22 15:35:38,15384,15384,15384,4,4
2023-02-22 15:35:38,15383,15383,15383,2,-2
2023-02-22 15:35:42,15382,15382,15382,2,-2
2023-02-22 15:35:42,15382,15382,15382,2,0
2023-02-22 15:35:42,15382,15382,15382,2,0
2023-02-22 15:35:45,15383,15383,15383,2,2
2023-02-22 15:36:00,15383,15383,15383,2,0
2023-02-22 15:36:00,15384,15384,15384,2,2
2023-02-22 15:36:00,15383,15383,15383,2,-2
2023-02-22 15:36:18,15384,15384,15384,10,10
2023-02-22 15:36:18,15384,15384,15384,10,0
2023-02-22 15:36:30,15384,15384,15384,2,0
2023-02-22 15:36:32,15384,15384,15384,6,0
2023-02-22 15:36:33,15384,15384,15384,2,0
2023-02-22 15:36:39,15384,15384,15384,2,0
2023-02-22 15:36:41,15385,15385,15385,6,6
2023-02-22 15:36:41,15385,15385,15385,2,0
2023-02-22 15:36:41,15385,15385,15385,6,0
2023-02-22 15:36:41,15385,15385,15385,2,0
2023-02-22 15:36:41,15385,15385,15385,8,0
2023-02-22 15:36:41,15385,15385,15385,2,0
2023-02-22 15:36:41,15386,15386,15386,2,2
2023-02-22 15:36:41,15386,15386,15386,20,0
2023-02-22 15:36:41,15386,15386,15386,2,0
2023-02-22 15:36:41,15386,15386,15386,2,0
2023-02-22 15:36:41,15387,15387,15387,8,8
2023-02-22 15:36:41,15387,15387,15387,2,0
2023-02-22 15:36:41,15387,15387,15387,4,0
2023-02-22 15:36:41,15387,15387,15387,2,0
2023-02-22 15:36:41,15388,15388,15388,2,2
2023-02-22 15:36:41,15388,15388,15388,12,0
2023-02-22 15:36:41,15388,15388,15388,2,0
2023-02-22 15:36:41,15388,15388,15388,2,0
2023-02-22 15:36:41,15388,15388,15388,20,0
2023-02-22 15:36:41,15388,15388,15388,2,0
2023-02-22 15:36:41,15387,15387,15387,2,-2
2023-02-22 15:36:41,15387,15387,15387,2,0
2023-02-22 15:36:42,15387,15387,15387,2,0
2023-02-22 15:36:42,15388,15388,15388,8,8
2023-02-22 15:36:42,15388,15388,15388,2,0
2023-02-22 15:36:42,15388,15388,15388,2,0
2023-02-22 15:36:42,15387,15387,15387,2,-2
2023-02-22 15:36:42,15386,15386,15386,2,-2
2023-02-22 15:36:43,15386,15386,15386,2,0
2023-02-22 15:36:43,15385,15385,15385,2,-2
2023-02-22 15:36:46,15386,15386,15386,2,2
2023-02-22 15:36:50,15386,15386,15386,2,0
2023-02-22 15:36:52,15387,15387,15387,2,2
2023-02-22 15:36:56,15386,15386,15386,2,-2
2023-02-22 15:36:56,15386,15386,15386,2,0
2023-02-22 15:36:57,15387,15387,15387,10,10
2023-02-22 15:37:00,15387,15387,15387,2,0
2023-02-22 15:37:02,15387,15387,15387,4,0
2023-02-22 15:37:05,15387,15387,15387,2,0
2023-02-22 15:37:06,15387,15387,15387,2,0
2023-02-22 15:37:07,15387,15387,15387,2,0
2023-02-22 15:37:09,15386,15386,15386,2,-2
2023-02-22 15:37:10,15387,15387,15387,2,2
2023-02-22 15:37:16,15387,15387,15387,2,0
2023-02-22 15:37:18,15387,15387,15387,6,0
2023-02-22 15:37:19,15387,15387,15387,2,0
2023-02-22 15:37:27,15387,15387,15387,2,0
2023-02-22 15:37:32,15387,15387,15387,2,0
2023-02-22 15:37:32,15387,15387,15387,4,0
2023-02-22 15:37:32,15387,15387,15387,4,0
2023-02-22 15:37:34,15387,15387,15387,4,0
2023-02-22 15:37:39,15387,15387,15387,2,0
2023-02-22 15:37:41,15388,15388,15388,2,2
2023-02-22 15:37:42,15388,15388,15388,2,0
2023-02-22 15:37:42,15387,15387,15387,2,-2
2023-02-22 15:37:42,15388,15388,15388,2,2
2023-02-22 15:37:43,15388,15388,15388,2,0
2023-02-22 15:37:45,15388,15388,15388,2,0
2023-02-22 15:37:45,15388,15388,15388,2,0
2023-02-22 15:37:45,15387,15387,15387,2,-2
2023-02-22 15:37:50,15388,15388,15388,2,2
2023-02-22 15:37:50,15388,15388,15388,2,0
2023-02-22 15:37:56,15388,15388,15388,2,0
2023-02-22 15:37:57,15388,15388,15388,2,0
2023-02-22 15:37:58,15389,15389,15389,2,2
2023-02-22 15:38:00,15389,15389,15389,2,0
2023-02-22 15:38:06,15389,15389,15389,8,0
2023-02-22 15:38:07,15388,15388,15388,2,-2
2023-02-22 15:38:07,15388,15388,15388,2,0
2023-02-22 15:38:07,15389,15389,15389,2,2
2023-02-22 15:38:08,15388,15388,15388,2,-2
2023-02-22 15:38:08,15388,15388,15388,2,0
2023-02-22 15:38:10,15388,15388,15388,2,0
2023-02-22 15:38:12,15389,15389,15389,2,2
2023-02-22 15:38:18,15388,15388,15388,2,-2
2023-02-22 15:38:22,15388,15388,15388,2,0
2023-02-22 15:38:24,15388,15388,15388,2,0
2023-02-22 15:38:25,15388,15388,15388,4,0
2023-02-22 15:38:28,15388,15388,15388,4,0
2023-02-22 15:38:28,15388,15388,15388,2,0
2023-02-22 15:38:30,15388,15388,15388,2,0
2023-02-22 15:38:31,15388,15388,15388,4,0
2023-02-22 15:38:34,15388,15388,15388,2,0
2023-02-22 15:38:47,15387,15387,15387,2,-2
2023-02-22 15:38:47,15387,15387,15387,2,0
2023-02-22 15:38:47,15387,15387,15387,2,0
2023-02-22 15:38:47,15387,15387,15387,2,0
2023-02-22 15:38:54,15386,15386,15386,2,-2
2023-02-22 15:38:54,15386,15386,15386,6,0
2023-02-22 15:38:54,15386,15386,15386,2,0
2023-02-22 15:38:54,15386,15386,15386,8,0
2023-02-22 15:38:54,15386,15386,15386,4,0
2023-02-22 15:38:54,15386,15386,15386,2,0
2023-02-22 15:38:54,15386,15386,15386,4,0
2023-02-22 15:38:54,15386,15386,15386,2,0
2023-02-22 15:38:54,15385,15385,15385,2,-2
2023-02-22 15:39:00,15386,15386,15386,2,2
2023-02-22 15:39:00,15386,15386,15386,4,0
2023-02-22 15:39:01,15386,15386,15386,2,0
2023-02-22 15:39:02,15386,15386,15386,12,0
2023-02-22 15:39:15,15386,15386,15386,2,0
2023-02-22 15:39:17,15386,15386,15386,2,0
2023-02-22 15:39:17,15386,15386,15386,2,0
2023-02-22 15:39:17,15386,15386,15386,2,0
2023-02-22 15:39:17,15387,15387,15387,2,2
2023-02-22 15:39:18,15386,15386,15386,2,-2
2023-02-22 15:39:19,15386,15386,15386,2,0
2023-02-22 15:39:31,15386,15386,15386,2,0
2023-02-22 15:39:51,15386,15386,15386,2,0
2023-02-22 15:39:52,15387,15387,15387,4,4
2023-02-22 15:39:55,15386,15386,15386,2,-2
2023-02-22 15:39:59,15386,15386,15386,6,0
2023-02-22 15:39:59,15386,15386,15386,2,0
2023-02-22 15:39:59,15386,15386,15386,4,0
2023-02-22 15:39:59,15386,15386,15386,2,0
2023-02-22 15:39:59,15386,15386,15386,2,0
2023-02-22 15:39:59,15386,15386,15386,2,0
2023-02-22 15:40:10,15385,15385,15385,2,-2
2023-02-22 15:40:13,15386,15386,15386,2,2
2023-02-22 15:40:14,15385,15385,15385,2,-2
2023-02-22 15:40:14,15385,15385,15385,2,0
2023-02-22 15:40:16,15386,15386,15386,2,2
2023-02-22 15:40:19,15385,15385,15385,2,-2
2023-02-22 15:40:23,15385,15385,15385,2,0
2023-02-22 15:40:23,15385,15385,15385,12,0
2023-02-22 15:40:23,15385,15385,15385,2,0
2023-02-22 15:40:25,15384,15384,15384,2,-2
2023-02-22 15:40:25,15384,15384,15384,2,0
2023-02-22 15:40:25,15383,15383,15383,2,-2
2023-02-22 15:40:25,15383,15383,15383,2,0
2023-02-22 15:40:26,15385,15385,15385,4,4
2023-02-22 15:40:26,15385,15385,15385,2,0
2023-02-22 15:40:26,15385,15385,15385,2,0
2023-02-22 15:40:26,15385,15385,15385,6,0
2023-02-22 15:40:26,15385,15385,15385,2,0
2023-02-22 15:40:35,15385,15385,15385,2,0
2023-02-22 15:40:35,15385,15385,15385,4,0
2023-02-22 15:40:35,15385,15385,15385,2,0
2023-02-22 15:40:35,15385,15385,15385,2,0
2023-02-22 15:40:35,15385,15385,15385,6,0
2023-02-22 15:40:49,15384,15384,15384,2,-2
2023-02-22 15:40:53,15385,15385,15385,2,2
2023-02-22 15:40:53,15385,15385,15385,2,0
2023-02-22 15:40:53,15385,15385,15385,4,0
2023-02-22 15:40:53,15385,15385,15385,2,0
2023-02-22 15:40:53,15385,15385,15385,2,0
2023-02-22 15:40:53,15385,15385,15385,2,0
2023-02-22 15:40:53,15385,15385,15385,2,0
2023-02-22 15:40:53,15386,15386,15386,4,4
2023-02-22 15:41:00,15385,15385,15385,2,-2
2023-02-22 15:41:00,15384,15384,15384,2,-2
2023-02-22 15:41:05,15385,15385,15385,2,2
2023-02-22 15:41:16,15386,15386,15386,34,34
2023-02-22 15:41:17,15386,15386,15386,4,0
2023-02-22 15:41:17,15386,15386,15386,4,0
2023-02-22 15:41:17,15386,15386,15386,2,0
2023-02-22 15:41:17,15386,15386,15386,4,0
2023-02-22 15:41:17,15386,15386,15386,2,0
2023-02-22 15:41:17,15386,15386,15386,4,0
2023-02-22 15:41:18,15386,15386,15386,4,0
2023-02-22 15:41:18,15386,15386,15386,2,0
2023-02-22 15:41:24,15387,15387,15387,38,38
2023-02-22 15:41:26,15387,15387,15387,2,0
2023-02-22 15:41:30,15388,15388,15388,12,12
2023-02-22 15:41:31,15388,15388,15388,2,0
2023-02-22 15:41:31,15388,15388,15388,2,0
2023-02-22 15:41:37,15388,15388,15388,2,0
2023-02-22 15:41:37,15387,15387,15387,2,-2
2023-02-22 15:41:37,15387,15387,15387,4,0
2023-02-22 15:41:38,15388,15388,15388,2,2
2023-02-22 15:41:38,15389,15389,15389,2,2
2023-02-22 15:41:39,15388,15388,15388,2,-2
2023-02-22 15:41:39,15387,15387,15387,4,-4
2023-02-22 15:41:40,15387,15387,15387,4,0
2023-02-22 15:41:44,15388,15388,15388,2,2
2023-02-22 15:41:44,15388,15388,15388,2,0
2023-02-22 15:41:44,15387,15387,15387,2,-2
2023-02-22 15:41:44,15387,15387,15387,2,0
2023-02-22 15:41:51,15388,15388,15388,2,2
2023-02-22 15:42:09,15389,15389,15389,4,4
2023-02-22 15:42:15,15389,15389,15389,6,0
2023-02-22 15:42:15,15389,15389,15389,2,0
2023-02-22 15:42:15,15389,15389,15389,4,0
2023-02-22 15:42:21,15390,15390,15390,2,2
2023-02-22 15:42:29,15390,15390,15390,2,0
2023-02-22 15:42:35,15390,15390,15390,4,0
2023-02-22 15:42:40,15390,15390,15390,4,0
2023-02-22 15:42:42,15390,15390,15390,6,0
2023-02-22 15:42:42,15390,15390,15390,2,0
2023-02-22 15:42:45,15389,15389,15389,2,-2
2023-02-22 15:42:46,15390,15390,15390,4,4
2023-02-22 15:42:48,15390,15390,15390,2,0
2023-02-22 15:42:50,15390,15390,15390,2,0
2023-02-22 15:42:52,15390,15390,15390,2,0
2023-02-22 15:43:00,15390,15390,15390,4,0
2023-02-22 15:43:00,15390,15390,15390,2,0
2023-02-22 15:43:03,15390,15390,15390,2,0
2023-02-22 15:43:03,15390,15390,15390,2,0
2023-02-22 15:43:04,15390,15390,15390,2,0
2023-02-22 15:43:06,15390,15390,15390,2,0
2023-02-22 15:43:06,15390,15390,15390,2,0
2023-02-22 15:43:24,15389,15389,15389,2,-2
2023-02-22 15:43:24,15389,15389,15389,2,0
2023-02-22 15:43:24,15389,15389,15389,2,0
2023-02-22 15:43:24,15389,15389,15389,2,0
2023-02-22 15:43:39,15388,15388,15388,2,-2
2023-02-22 15:43:40,15388,15388,15388,2,0
2023-02-22 15:43:54,15388,15388,15388,2,0
2023-02-22 15:43:58,15388,15388,15388,2,0
2023-02-22 15:44:00,15389,15389,15389,2,2
2023-02-22 15:44:07,15389,15389,15389,2,0
2023-02-22 15:44:11,15389,15389,15389,2,0
2023-02-22 15:44:17,15388,15388,15388,2,-2
2023-02-22 15:44:17,15388,15388,15388,2,0
2023-02-22 15:44:20,15388,15388,15388,2,0
2023-02-22 15:44:40,15388,15388,15388,4,0
2023-02-22 15:44:40,15387,15387,15387,6,-6
2023-02-22 15:44:43,15388,15388,15388,10,10
2023-02-22 15:44:49,15388,15388,15388,2,0
2023-02-22 15:44:50,15388,15388,15388,2,0
2023-02-22 15:44:59,15389,15389,15389,2,2
2023-02-22 15:45:04,15389,15389,15389,2,0
2023-02-22 15:45:04,15389,15389,15389,2,0
2023-02-22 15:45:04,15389,15389,15389,6,0
2023-02-22 15:45:04,15389,15389,15389,2,0
2023-02-22 15:45:04,15389,15389,15389,4,0
2023-02-22 15:45:04,15390,15390,15390,2,2
2023-02-22 15:45:04,15390,15390,15390,2,0
2023-02-22 15:45:04,15390,15390,15390,2,0
2023-02-22 15:45:04,15390,15390,15390,2,0
2023-02-22 15:45:04,15390,15390,15390,2,0
2023-02-22 15:45:04,15390,15390,15390,2,0
2023-02-22 15:45:04,15390,15390,15390,2,0
2023-02-22 15:45:04,15390,15390,15390,2,0
2023-02-22 15:45:05,15389,15389,15389,2,-2
2023-02-22 15:45:15,15389,15389,15389,2,0
2023-02-22 15:45:18,15390,15390,15390,6,6
2023-02-22 15:45:35,15391,15391,15391,22,22
2023-02-22 15:45:36,15391,15391,15391,2,0
2023-02-22 15:45:38,15391,15391,15391,22,0
2023-02-22 15:45:38,15391,15391,15391,2,0
2023-02-22 15:45:46,15391,15391,15391,2,0
2023-02-22 15:45:51,15391,15391,15391,2,0
2023-02-22 15:45:51,15391,15391,15391,2,0
2023-02-22 15:45:51,15391,15391,15391,2,0
2023-02-22 15:45:51,15391,15391,15391,2,0
2023-02-22 15:45:51,15391,15391,15391,2,0
2023-02-22 15:45:52,15391,15391,15391,2,0
2023-02-22 15:45:52,15391,15391,15391,2,0
2023-02-22 15:45:53,15391,15391,15391,2,0
2023-02-22 15:45:55,15390,15390,15390,2,-2
2023-02-22 15:45:55,15390,15390,15390,2,0
2023-02-22 15:45:55,15390,15390,15390,2,0
2023-02-22 15:45:55,15390,15390,15390,4,0
2023-02-22 15:45:55,15390,15390,15390,2,0
2023-02-22 15:45:55,15390,15390,15390,2,0
2023-02-22 15:45:57,15391,15391,15391,32,32
2023-02-22 15:45:57,15391,15391,15391,2,0
2023-02-22 15:45:57,15391,15391,15391,16,0
2023-02-22 15:45:57,15391,15391,15391,2,0
2023-02-22 15:45:57,15391,15391,15391,2,0
2023-02-22 15:45:57,15391,15391,15391,4,0
2023-02-22 15:45:57,15391,15391,15391,2,0
2023-02-22 15:45:59,15390,15390,15390,2,-2
2023-02-22 15:45:59,15392,15392,15392,6,6
2023-02-22 15:45:59,15390,15390,15390,2,-2
2023-02-22 15:45:59,15390,15390,15390,2,0
2023-02-22 15:45:59,15390,15390,15390,2,0
2023-02-22 15:46:01,15391,15391,15391,4,4
2023-02-22 15:46:03,15391,15391,15391,2,0
2023-02-22 15:46:19,15391,15391,15391,2,0
2023-02-22 15:46:21,15391,15391,15391,2,0
2023-02-22 15:46:21,15391,15391,15391,2,0
2023-02-22 15:46:21,15391,15391,15391,2,0
2023-02-22 15:46:36,15390,15390,15390,2,-2
2023-02-22 15:46:48,15391,15391,15391,2,2
2023-02-22 15:46:59,15390,15390,15390,2,-2
2023-02-22 15:47:01,15390,15390,15390,2,0
2023-02-22 15:47:02,15391,15391,15391,2,2
2023-02-22 15:47:07,15390,15390,15390,6,-6
2023-02-22 15:47:07,15390,15390,15390,2,0
2023-02-22 15:47:07,15390,15390,15390,2,0
2023-02-22 15:47:07,15389,15389,15389,2,-2
2023-02-22 15:47:07,15389,15389,15389,4,0
2023-02-22 15:47:07,15389,15389,15389,2,0
2023-02-22 15:47:17,15389,15389,15389,2,0
2023-02-22 15:47:21,15389,15389,15389,2,0
2023-02-22 15:47:33,15389,15389,15389,2,0
2023-02-22 15:47:35,15390,15390,15390,2,2
2023-02-22 15:47:35,15390,15390,15390,2,0
2023-02-22 15:47:39,15390,15390,15390,2,0
2023-02-22 15:47:45,15390,15390,15390,2,0
2023-02-22 15:47:47,15390,15390,15390,2,0
2023-02-22 15:47:47,15390,15390,15390,6,0
2023-02-22 15:47:52,15390,15390,15390,4,0
2023-02-22 15:48:01,15390,15390,15390,2,0
2023-02-22 15:48:02,15391,15391,15391,2,2
2023-02-22 15:48:04,15390,15390,15390,4,-4
2023-02-22 15:48:05,15390,15390,15390,2,0
2023-02-22 15:48:24,15390,15390,15390,2,0
2023-02-22 15:48:36,15390,15390,15390,12,0
2023-02-22 15:48:40,15390,15390,15390,2,0
2023-02-22 15:48:48,15391,15391,15391,2,2
2023-02-22 15:49:11,15390,15390,15390,2,-2
2023-02-22 15:49:16,15390,15390,15390,2,0
2023-02-22 15:49:16,15390,15390,15390,2,0
2023-02-22 15:49:27,15390,15390,15390,20,0
2023-02-22 15:49:27,15390,15390,15390,2,0
2023-02-22 15:49:27,15390,15390,15390,2,0
2023-02-22 15:49:27,15390,15390,15390,2,0
2023-02-22 15:49:27,15390,15390,15390,2,0
2023-02-22 15:49:27,15390,15390,15390,6,0
2023-02-22 15:49:27,15390,15390,15390,2,0
2023-02-22 15:49:27,15390,15390,15390,2,0
2023-02-22 15:49:28,15389,15389,15389,2,-2
2023-02-22 15:49:32,15390,15390,15390,2,2
2023-02-22 15:49:33,15390,15390,15390,6,0
2023-02-22 15:49:33,15390,15390,15390,2,0
2023-02-22 15:49:40,15389,15389,15389,2,-2
2023-02-22 15:49:48,15389,15389,15389,2,0
2023-02-22 15:49:49,15389,15389,15389,2,0
2023-02-22 15:50:02,15389,15389,15389,2,0
2023-02-22 15:50:05,15389,15389,15389,2,0
2023-02-22 15:50:13,15389,15389,15389,2,0
2023-02-22 15:50:19,15390,15390,15390,2,2
2023-02-22 15:50:31,15390,15390,15390,8,0
2023-02-22 15:50:36,15389,15389,15389,2,-2
2023-02-22 15:50:36,15389,15389,15389,2,0
2023-02-22 15:50:39,15389,15389,15389,2,0
2023-02-22 15:50:39,15389,15389,15389,2,0
2023-02-22 15:50:42,15389,15389,15389,2,0
2023-02-22 15:50:53,15389,15389,15389,2,0
2023-02-22 15:50:53,15389,15389,15389,8,0
2023-02-22 15:50:53,15389,15389,15389,2,0
2023-02-22 15:50:59,15388,15388,15388,2,-2
2023-02-22 15:51:04,15389,15389,15389,2,2
2023-02-22 15:51:04,15388,15388,15388,2,-2
2023-02-22 15:51:05,15388,15388,15388,2,0
2023-02-22 15:51:09,15388,15388,15388,2,0
2023-02-22 15:51:11,15388,15388,15388,2,0
2023-02-22 15:51:11,15388,15388,15388,2,0
2023-02-22 15:51:11,15388,15388,15388,2,0
2023-02-22 15:51:11,15388,15388,15388,4,0
2023-02-22 15:51:14,15387,15387,15387,2,-2
2023-02-22 15:51:15,15387,15387,15387,2,0
2023-02-22 15:51:15,15387,15387,15387,2,0
2023-02-22 15:51:15,15387,15387,15387,2,0
2023-02-22 15:51:17,15387,15387,15387,4,0
2023-02-22 15:51:19,15387,15387,15387,2,0
2023-02-22 15:51:22,15387,15387,15387,2,0
2023-02-22 15:51:24,15387,15387,15387,2,0
2023-02-22 15:51:24,15387,15387,15387,2,0
2023-02-22 15:51:27,15387,15387,15387,2,0
2023-02-22 15:51:27,15387,15387,15387,2,0
2023-02-22 15:51:34,15387,15387,15387,2,0
2023-02-22 15:51:40,15386,15386,15386,4,-4
2023-02-22 15:51:40,15386,15386,15386,2,0
2023-02-22 15:51:42,15386,15386,15386,2,0
2023-02-22 15:51:42,15386,15386,15386,2,0
2023-02-22 15:51:42,15387,15387,15387,2,2
2023-02-22 15:51:46,15386,15386,15386,2,-2
2023-02-22 15:51:58,15386,15386,15386,2,0
2023-02-22 15:51:58,15386,15386,15386,2,0
2023-02-22 15:51:58,15386,15386,15386,2,0
2023-02-22 15:51:58,15386,15386,15386,2,0
2023-02-22 15:51:59,15386,15386,15386,2,0
2023-02-22 15:51:59,15386,15386,15386,2,0
2023-02-22 15:52:02,15387,15387,15387,2,2
2023-02-22 15:52:02,15387,15387,15387,6,0
2023-02-22 15:52:02,15387,15387,15387,4,0
2023-02-22 15:52:02,15387,15387,15387,2,0
2023-02-22 15:52:03,15387,15387,15387,2,0
2023-02-22 15:52:03,15387,15387,15387,4,0
2023-02-22 15:52:09,15387,15387,15387,2,0
2023-02-22 15:52:20,15387,15387,15387,2,0
2023-02-22 15:52:27,15387,15387,15387,2,0
2023-02-22 15:52:27,15386,15386,15386,4,-4
2023-02-22 15:52:27,15386,15386,15386,2,0
2023-02-22 15:52:30,15386,15386,15386,2,0
2023-02-22 15:52:36,15388,15388,15388,14,14
2023-02-22 15:52:36,15388,15388,15388,4,0
2023-02-22 15:52:41,15388,15388,15388,2,0
2023-02-22 15:52:44,15388,15388,15388,2,0
2023-02-22 15:52:48,15389,15389,15389,10,10
2023-02-22 15:52:52,15389,15389,15389,2,0
2023-02-22 15:52:57,15389,15389,15389,2,0
2023-02-22 15:53:08,15389,15389,15389,2,0
2023-02-22 15:53:16,15389,15389,15389,2,0
2023-02-22 15:53:20,15390,15390,15390,6,6
2023-02-22 15:53:31,15389,15389,15389,2,-2
2023-02-22 15:53:33,15389,15389,15389,2,0
2023-02-22 15:53:51,15389,15389,15389,2,0
2023-02-22 15:54:04,15389,15389,15389,2,0
2023-02-22 15:54:04,15389,15389,15389,2,0
2023-02-22 15:54:04,15389,15389,15389,2,0
2023-02-22 15:54:04,15389,15389,15389,12,0
2023-02-22 15:54:04,15388,15388,15388,2,-2
2023-02-22 15:54:04,15388,15388,15388,2,0
2023-02-22 15:54:04,15388,15388,15388,2,0
2023-02-22 15:54:04,15388,15388,15388,2,0
2023-02-22 15:54:04,15388,15388,15388,2,0
2023-02-22 15:54:04,15388,15388,15388,2,0
2023-02-22 15:54:04,15389,15389,15389,4,4
2023-02-22 15:54:25,15389,15389,15389,2,0
2023-02-22 15:54:26,15390,15390,15390,2,2
2023-02-22 15:54:36,15389,15389,15389,2,-2
2023-02-22 15:54:36,15389,15389,15389,2,0
2023-02-22 15:55:12,15389,15389,15389,2,0
2023-02-22 15:55:12,15389,15389,15389,2,0
2023-02-22 15:55:58,15387,15387,15387,2,-2
2023-02-22 15:56:09,15386,15386,15386,2,-2
2023-02-22 15:56:11,15386,15386,15386,2,0
2023-02-22 15:56:11,15386,15386,15386,2,0
2023-02-22 15:56:11,15386,15386,15386,2,0
2023-02-22 15:56:13,15386,15386,15386,2,0
2023-02-22 15:56:15,15386,15386,15386,2,0
2023-02-22 15:56:20,15386,15386,15386,2,0
2023-02-22 15:56:27,15385,15385,15385,2,-2
2023-02-22 15:56:27,15385,15385,15385,2,0
2023-02-22 15:56:29,15386,15386,15386,2,2
2023-02-22 15:56:33,15386,15386,15386,8,0
2023-02-22 15:56:33,15386,15386,15386,2,0
2023-02-22 15:56:51,15385,15385,15385,2,-2
2023-02-22 15:56:53,15385,15385,15385,2,0
2023-02-22 15:57:05,15385,15385,15385,2,0
2023-02-22 15:57:41,15385,15385,15385,2,0
2023-02-22 15:57:41,15385,15385,15385,2,0
2023-02-22 15:57:41,15385,15385,15385,2,0
2023-02-22 15:57:41,15385,15385,15385,2,0
2023-02-22 15:57:41,15385,15385,15385,2,0
2023-02-22 15:57:41,15385,15385,15385,2,0
2023-02-22 15:57:41,15385,15385,15385,2,0
2023-02-22 15:57:41,15385,15385,15385,2,0
2023-02-22 15:57:41,15385,15385,15385,2,0
2023-02-22 15:57:42,15385,15385,15385,2,0
2023-02-22 15:57:43,15385,15385,15385,4,0
2023-02-22 15:57:45,15385,15385,15385,20,0
2023-02-22 15:57:46,15384,15384,15384,2,-2
2023-02-22 15:57:46,15384,15384,15384,2,0
2023-02-22 15:57:47,15384,15384,15384,2,0
2023-02-22 15:57:47,15383,15383,15383,2,-2
2023-02-22 15:57:47,15383,15383,15383,4,0
2023-02-22 15:57:47,15383,15383,15383,2,0
2023-02-22 15:57:47,15383,15383,15383,2,0
2023-02-22 15:57:51,15383,15383,15383,2,0
2023-02-22 15:57:53,15383,15383,15383,2,0
2023-02-22 15:57:58,15383,15383,15383,2,0
2023-02-22 15:58:01,15383,15383,15383,2,0
2023-02-22 15:58:01,15383,15383,15383,2,0
2023-02-22 15:58:01,15383,15383,15383,2,0
2023-02-22 15:58:09,15383,15383,15383,4,0
2023-02-22 15:58:10,15383,15383,15383,2,0
2023-02-22 15:58:10,15383,15383,15383,2,0
2023-02-22 15:58:10,15383,15383,15383,2,0
2023-02-22 15:58:12,15382,15382,15382,2,-2
2023-02-22 15:58:12,15382,15382,15382,2,0
2023-02-22 15:58:12,15382,15382,15382,2,0
2023-02-22 15:58:12,15382,15382,15382,6,0
2023-02-22 15:58:12,15382,15382,15382,2,0
2023-02-22 15:58:12,15382,15382,15382,4,0
2023-02-22 15:58:12,15382,15382,15382,2,0
2023-02-22 15:58:12,15382,15382,15382,2,0
2023-02-22 15:58:12,15382,15382,15382,2,0
2023-02-22 15:58:12,15382,15382,15382,2,0
2023-02-22 15:58:12,15381,15381,15381,2,-2
2023-02-22 15:58:12,15381,15381,15381,2,0
2023-02-22 15:58:12,15381,15381,15381,2,0
2023-02-22 15:58:12,15381,15381,15381,2,0
2023-02-22 15:58:12,15381,15381,15381,2,0
2023-02-22 15:58:13,15381,15381,15381,2,0
2023-02-22 15:58:15,15381,15381,15381,2,0
2023-02-22 15:58:16,15381,15381,15381,2,0
2023-02-22 15:58:18,15382,15382,15382,2,2
2023-02-22 15:58:20,15381,15381,15381,2,-2
2023-02-22 15:58:22,15382,15382,15382,4,4
2023-02-22 15:58:23,15383,15383,15383,2,2
2023-02-22 15:58:32,15382,15382,15382,2,-2
2023-02-22 15:58:43,15382,15382,15382,2,0
2023-02-22 15:58:45,15382,15382,15382,2,0
2023-02-22 15:59:00,15382,15382,15382,2,0
2023-02-22 15:59:11,15382,15382,15382,2,0
2023-02-22 15:59:12,15381,15381,15381,2,-2
2023-02-22 15:59:12,15381,15381,15381,4,0
2023-02-22 15:59:12,15381,15381,15381,4,0
2023-02-22 15:59:12,15381,15381,15381,2,0
2023-02-22 15:59:12,15381,15381,15381,2,0
2023-02-22 15:59:12,15381,15381,15381,2,0
2023-02-22 15:59:12,15381,15381,15381,2,0
2023-02-22 15:59:12,15381,15381,15381,2,0
2023-02-22 15:59:12,15381,15381,15381,4,0
2023-02-22 15:59:12,15381,15381,15381,2,0
2023-02-22 15:59:12,15381,15381,15381,2,0
2023-02-22 15:59:18,15380,15380,15380,2,-2
2023-02-22 15:59:27,15381,15381,15381,2,2
2023-02-22 15:59:28,15382,15382,15382,2,2
2023-02-22 15:59:35,15381,15381,15381,2,-2
2023-02-22 15:59:51,15382,15382,15382,8,8
2023-02-22 15:59:53,15382,15382,15382,6,0
2023-02-22 16:00:00,15382,15382,15382,2,0
2023-02-22 16:00:00,15382,15382,15382,2,0
2023-02-22 16:00:00,15382,15382,15382,2,0
2023-02-22 16:00:00,15382,15382,15382,2,0
2023-02-22 16:00:00,15382,15382,15382,2,0
2023-02-22 16:00:00,15381,15381,15381,2,-2
2023-02-22 16:00:00,15383,15383,15383,2,2
2023-02-22 16:00:00,15383,15383,15383,2,0
2023-02-22 16:00:00,15383,15383,15383,2,0
2023-02-22 16:00:00,15382,15382,15382,2,-2
2023-02-22 16:00:00,15383,15383,15383,2,2
2023-02-22 16:00:01,15384,15384,15384,2,2
2023-02-22 16:00:01,15384,15384,15384,2,0
2023-02-22 16:00:01,15384,15384,15384,2,0
2023-02-22 16:00:01,15384,15384,15384,2,0
2023-02-22 16:00:01,15384,15384,15384,2,0
2023-02-22 16:00:01,15383,15383,15383,2,-2
2023-02-22 16:00:01,15383,15383,15383,2,0
2023-02-22 16:00:01,15383,15383,15383,2,0
2023-02-22 16:00:01,15385,15385,15385,4,4
2023-02-22 16:00:02,15385,15385,15385,2,0
2023-02-22 16:00:02,15385,15385,15385,2,0
2023-02-22 16:00:02,15386,15386,15386,4,4
2023-02-22 16:00:16,15384,15384,15384,2,-2
2023-02-22 16:00:16,15383,15383,15383,6,-6
2023-02-22 16:00:30,15385,15385,15385,2,2
2023-02-22 16:00:42,15385,15385,15385,2,0
2023-02-22 16:00:42,15385,15385,15385,2,0
2023-02-22 16:00:42,15385,15385,15385,4,0
2023-02-22 16:00:42,15385,15385,15385,2,0
2023-02-22 16:00:42,15385,15385,15385,2,0
2023-02-22 16:00:46,15385,15385,15385,2,0
2023-02-22 16:00:46,15385,15385,15385,2,0
2023-02-22 16:00:54,15385,15385,15385,2,0
2023-02-22 16:01:02,15386,15386,15386,2,2
2023-02-22 16:01:02,15386,15386,15386,8,0
2023-02-22 16:01:02,15386,15386,15386,8,0
2023-02-22 16:01:04,15386,15386,15386,2,0
2023-02-22 16:01:19,15385,15385,15385,4,-4
2023-02-22 16:01:20,15386,15386,15386,2,2
2023-02-22 16:01:27,15385,15385,15385,2,-2
2023-02-22 16:01:27,15385,15385,15385,2,0
2023-02-22 16:01:37,15385,15385,15385,2,0
2023-02-22 16:01:37,15385,15385,15385,2,0
2023-02-22 16:01:41,15385,15385,15385,2,0
2023-02-22 16:01:53,15385,15385,15385,2,0
2023-02-22 16:01:53,15385,15385,15385,2,0
2023-02-22 16:01:55,15385,15385,15385,2,0
2023-02-22 16:02:02,15383,15383,15383,2,-2
2023-02-22 16:02:02,15383,15383,15383,2,0
2023-02-22 16:02:11,15383,15383,15383,2,0
2023-02-22 16:02:14,15383,15383,15383,8,0
2023-02-22 16:02:14,15383,15383,15383,2,0
2023-02-22 16:02:14,15383,15383,15383,8,0
2023-02-22 16:02:14,15382,15382,15382,2,-2
2023-02-22 16:02:14,15382,15382,15382,2,0
2023-02-22 16:02:19,15381,15381,15381,2,-2
2023-02-22 16:02:19,15381,15381,15381,2,0
2023-02-22 16:02:19,15381,15381,15381,8,0
2023-02-22 16:02:19,15381,15381,15381,2,0
2023-02-22 16:02:19,15381,15381,15381,2,0
2023-02-22 16:02:19,15381,15381,15381,2,0
2023-02-22 16:02:24,15380,15380,15380,2,-2
2023-02-22 16:02:32,15381,15381,15381,2,2
2023-02-22 16:02:33,15381,15381,15381,22,0
2023-02-22 16:02:40,15381,15381,15381,4,0
2023-02-22 16:02:40,15381,15381,15381,4,0
2023-02-22 16:02:40,15380,15380,15380,6,-6
2023-02-22 16:02:46,15380,15380,15380,2,0
2023-02-22 16:02:46,15380,15380,15380,2,0
2023-02-22 16:02:47,15380,15380,15380,2,0
2023-02-22 16:02:47,15380,15380,15380,4,0
2023-02-22 16:02:47,15380,15380,15380,2,0
2023-02-22 16:02:51,15380,15380,15380,2,0
2023-02-22 16:02:51,15380,15380,15380,2,0
2023-02-22 16:02:55,15380,15380,15380,2,0
2023-02-22 16:02:55,15380,15380,15380,10,0
2023-02-22 16:02:55,15380,15380,15380,2,0
2023-02-22 16:02:55,15380,15380,15380,2,0
2023-02-22 16:02:55,15380,15380,15380,2,0
2023-02-22 16:02:55,15380,15380,15380,2,0
2023-02-22 16:02:57,15379,15379,15379,4,-4
2023-02-22 16:02:57,15379,15379,15379,2,0
2023-02-22 16:02:57,15379,15379,15379,4,0
2023-02-22 16:02:57,15379,15379,15379,2,0
2023-02-22 16:02:57,15378,15378,15378,2,-2
2023-02-22 16:02:59,15379,15379,15379,2,2
2023-02-22 16:03:00,15378,15378,15378,2,-2
2023-02-22 16:03:00,15378,15378,15378,2,0
2023-02-22 16:03:00,15378,15378,15378,6,0
2023-02-22 16:03:01,15379,15379,15379,2,2
2023-02-22 16:03:02,15379,15379,15379,2,0
2023-02-22 16:03:02,15379,15379,15379,2,0
2023-02-22 16:03:04,15379,15379,15379,2,0
2023-02-22 16:03:06,15381,15381,15381,2,2
2023-02-22 16:03:06,15379,15379,15379,2,-2
2023-02-22 16:03:09,15381,15381,15381,2,2
2023-02-22 16:03:09,15381,15381,15381,2,0
2023-02-22 16:03:10,15380,15380,15380,2,-2
2023-02-22 16:03:10,15380,15380,15380,4,0
2023-02-22 16:03:10,15380,15380,15380,2,0
2023-02-22 16:03:13,15382,15382,15382,2,2
2023-02-22 16:03:13,15383,15383,15383,2,2
2023-02-22 16:03:26,15382,15382,15382,2,-2
2023-02-22 16:03:27,15382,15382,15382,6,0
2023-02-22 16:03:34,15383,15383,15383,4,4
2023-02-22 16:03:38,15383,15383,15383,2,0
2023-02-22 16:03:40,15383,15383,15383,2,0
2023-02-22 16:03:49,15384,15384,15384,2,2
2023-02-22 16:03:54,15383,15383,15383,2,-2
2023-02-22 16:04:12,15383,15383,15383,2,0
2023-02-22 16:04:12,15383,15383,15383,2,0
2023-02-22 16:04:25,15384,15384,15384,2,2
2023-02-22 16:04:25,15384,15384,15384,16,0
2023-02-22 16:04:25,15384,15384,15384,4,0
2023-02-22 16:04:25,15384,15384,15384,2,0
2023-02-22 16:04:25,15384,15384,15384,4,0
2023-02-22 16:04:27,15385,15385,15385,2,2
2023-02-22 16:04:27,15385,15385,15385,2,0
2023-02-22 16:04:49,15384,15384,15384,2,-2
2023-02-22 16:04:50,15384,15384,15384,2,0
2023-02-22 16:04:50,15383,15383,15383,2,-2
2023-02-22 16:04:50,15383,15383,15383,2,0
2023-02-22 16:04:52,15383,15383,15383,10,0
2023-02-22 16:04:55,15383,15383,15383,2,0
2023-02-22 16:04:57,15382,15382,15382,2,-2
2023-02-22 16:04:57,15381,15381,15381,4,-4
2023-02-22 16:04:57,15381,15381,15381,2,0
2023-02-22 16:04:57,15381,15381,15381,4,0
2023-02-22 16:05:11,15382,15382,15382,4,4
2023-02-22 16:05:11,15384,15384,15384,2,2
2023-02-22 16:05:12,15384,15384,15384,2,0
2023-02-22 16:05:12,15384,15384,15384,2,0
2023-02-22 16:05:24,15383,15383,15383,2,-2
2023-02-22 16:05:35,15383,15383,15383,2,0
2023-02-22 16:05:35,15383,15383,15383,2,0
2023-02-22 16:05:58,15384,15384,15384,2,2
2023-02-22 16:05:58,15384,15384,15384,2,0
2023-02-22 16:05:58,15384,15384,15384,2,0
2023-02-22 16:06:16,15385,15385,15385,2,2
2023-02-22 16:06:16,15385,15385,15385,2,0
2023-02-22 16:06:16,15385,15385,15385,6,0
2023-02-22 16:06:16,15385,15385,15385,2,0
2023-02-22 16:06:16,15385,15385,15385,14,0
2023-02-22 16:06:24,15386,15386,15386,2,2
2023-02-22 16:06:24,15386,15386,15386,4,0
2023-02-22 16:06:24,15386,15386,15386,4,0
2023-02-22 16:06:29,15386,15386,15386,2,0
2023-02-22 16:06:29,15387,15387,15387,2,2
2023-02-22 16:06:30,15386,15386,15386,2,-2
2023-02-22 16:06:33,15387,15387,15387,8,8
2023-02-22 16:06:33,15387,15387,15387,2,0
2023-02-22 16:06:36,15387,15387,15387,2,0
2023-02-22 16:06:41,15388,15388,15388,2,2
2023-02-22 16:06:42,15387,15387,15387,2,-2
2023-02-22 16:06:44,15387,15387,15387,2,0
2023-02-22 16:06:50,15388,15388,15388,8,8
2023-02-22 16:06:55,15389,15389,15389,12,12
2023-02-22 16:06:56,15390,15390,15390,2,2
2023-02-22 16:06:56,15390,15390,15390,4,0
2023-02-22 16:06:56,15390,15390,15390,2,0
2023-02-22 16:06:56,15390,15390,15390,2,0
2023-02-22 16:06:56,15390,15390,15390,4,0
2023-02-22 16:06:56,15390,15390,15390,2,0
2023-02-22 16:06:56,15390,15390,15390,26,0
2023-02-22 16:06:56,15390,15390,15390,2,0
2023-02-22 16:06:56,15390,15390,15390,32,0
2023-02-22 16:06:56,15390,15390,15390,6,0
2023-02-22 16:06:57,15390,15390,15390,2,0
2023-02-22 16:07:00,15391,15391,15391,16,16
2023-02-22 16:07:00,15391,15391,15391,16,0
2023-02-22 16:07:00,15392,15392,15392,32,32
2023-02-22 16:07:00,15393,15393,15393,4,4
2023-02-22 16:07:00,15393,15393,15393,10,0
2023-02-22 16:07:00,15393,15393,15393,2,0
2023-02-22 16:07:00,15394,15394,15394,20,20
2023-02-22 16:07:00,15394,15394,15394,4,0
2023-02-22 16:07:00,15394,15394,15394,2,0
2023-02-22 16:07:01,15395,15395,15395,8,8
2023-02-22 16:07:01,15395,15395,15395,2,0
2023-02-22 16:07:01,15395,15395,15395,2,0
2023-02-22 16:07:01,15395,15395,15395,2,0
2023-02-22 16:07:01,15395,15395,15395,2,0
2023-02-22 16:07:01,15395,15395,15395,2,0
2023-02-22 16:07:01,15395,15395,15395,2,0
2023-02-22 16:07:01,15395,15395,15395,2,0
2023-02-22 16:07:01,15395,15395,15395,2,0
2023-02-22 16:07:01,15395,15395,15395,2,0
2023-02-22 16:07:01,15395,15395,15395,6,0
2023-02-22 16:07:01,15395,15395,15395,14,0
2023-02-22 16:07:01,15395,15395,15395,4,0
2023-02-22 16:07:01,15395,15395,15395,2,0
2023-02-22 16:07:01,15394,15394,15394,2,-2
2023-02-22 16:07:01,15394,15394,15394,2,0
2023-02-22 16:07:01,15395,15395,15395,2,2
2023-02-22 16:07:02,15394,15394,15394,2,-2
2023-02-22 16:07:02,15394,15394,15394,2,0
2023-02-22 16:07:02,15394,15394,15394,2,0
2023-02-22 16:07:04,15391,15391,15391,2,-2
2023-02-22 16:07:04,15391,15391,15391,2,0
2023-02-22 16:07:06,15391,15391,15391,2,0
2023-02-22 16:07:08,15390,15390,15390,10,-10
2023-02-22 16:07:12,15391,15391,15391,6,6
2023-02-22 16:07:17,15392,15392,15392,6,6
2023-02-22 16:07:19,15392,15392,15392,4,0
2023-02-22 16:07:19,15391,15391,15391,2,-2
2023-02-22 16:07:21,15391,15391,15391,2,0
2023-02-22 16:07:23,15393,15393,15393,4,4
2023-02-22 16:07:24,15392,15392,15392,2,-2
2023-02-22 16:07:25,15393,15393,15393,2,2
2023-02-22 16:07:29,15394,15394,15394,8,8
2023-02-22 16:07:29,15394,15394,15394,2,0
2023-02-22 16:07:29,15394,15394,15394,2,0
2023-02-22 16:07:29,15394,15394,15394,4,0
2023-02-22 16:07:29,15394,15394,15394,4,0
2023-02-22 16:07:29,15394,15394,15394,2,0
2023-02-22 16:07:29,15394,15394,15394,2,0
2023-02-22 16:07:30,15394,15394,15394,2,0
2023-02-22 16:07:33,15395,15395,15395,20,20
2023-02-22 16:07:33,15395,15395,15395,2,0
2023-02-22 16:07:36,15394,15394,15394,2,-2
2023-02-22 16:07:36,15394,15394,15394,4,0
2023-02-22 16:07:36,15395,15395,15395,6,6
2023-02-22 16:07:37,15395,15395,15395,2,0
2023-02-22 16:07:40,15394,15394,15394,2,-2
2023-02-22 16:07:42,15394,15394,15394,2,0
2023-02-22 16:07:44,15394,15394,15394,2,0
2023-02-22 16:07:45,15393,15393,15393,2,-2
2023-02-22 16:07:48,15393,15393,15393,2,0
2023-02-22 16:07:48,15393,15393,15393,2,0
2023-02-22 16:07:49,15394,15394,15394,20,20
2023-02-22 16:07:50,15393,15393,15393,4,-4
2023-02-22 16:07:50,15393,15393,15393,2,0
2023-02-22 16:07:52,15392,15392,15392,2,-2
2023-02-22 16:07:57,15391,15391,15391,2,-2
2023-02-22 16:07:58,15392,15392,15392,6,6
2023-02-22 16:07:59,15391,15391,15391,2,-2
2023-02-22 16:08:00,15391,15391,15391,2,0
2023-02-22 16:08:02,15392,15392,15392,4,4
2023-02-22 16:08:02,15392,15392,15392,2,0
2023-02-22 16:08:04,15392,15392,15392,4,0
2023-02-22 16:08:05,15392,15392,15392,2,0
2023-02-22 16:08:07,15392,15392,15392,2,0
2023-02-22 16:08:08,15392,15392,15392,30,0
2023-02-22 16:08:11,15391,15391,15391,4,-4
2023-02-22 16:08:11,15391,15391,15391,2,0
2023-02-22 16:08:11,15391,15391,15391,2,0
2023-02-22 16:08:13,15390,15390,15390,2,-2
2023-02-22 16:08:13,15390,15390,15390,4,0
2023-02-22 16:08:13,15390,15390,15390,2,0
2023-02-22 16:08:13,15390,15390,15390,2,0
2023-02-22 16:08:13,15390,15390,15390,2,0
2023-02-22 16:08:13,15390,15390,15390,2,0
2023-02-22 16:08:18,15389,15389,15389,2,-2
2023-02-22 16:08:19,15388,15388,15388,2,-2
2023-02-22 16:08:19,15388,15388,15388,2,0
2023-02-22 16:08:20,15388,15388,15388,6,0
2023-02-22 16:08:21,15387,15387,15387,2,-2
2023-02-22 16:08:21,15387,15387,15387,2,0
2023-02-22 16:08:21,15387,15387,15387,2,0
2023-02-22 16:08:21,15388,15388,15388,8,8
2023-02-22 16:08:25,15386,15386,15386,2,-2
2023-02-22 16:08:26,15387,15387,15387,2,2
2023-02-22 16:08:28,15388,15388,15388,2,2
2023-02-22 16:08:29,15387,15387,15387,2,-2
2023-02-22 16:08:31,15386,15386,15386,4,-4
2023-02-22 16:08:31,15386,15386,15386,2,0
2023-02-22 16:08:34,15386,15386,15386,2,0
2023-02-22 16:08:35,15387,15387,15387,6,6
2023-02-22 16:08:36,15387,15387,15387,6,0
2023-02-22 16:08:41,15387,15387,15387,2,0
2023-02-22 16:08:42,15387,15387,15387,2,0
2023-02-22 16:08:50,15386,15386,15386,2,-2
2023-02-22 16:08:50,15386,15386,15386,10,0
2023-02-22 16:08:50,15386,15386,15386,2,0
2023-02-22 16:08:50,15386,15386,15386,2,0
2023-02-22 16:08:50,15386,15386,15386,2,0
2023-02-22 16:08:52,15385,15385,15385,2,-2
2023-02-22 16:08:55,15386,15386,15386,2,2
2023-02-22 16:09:01,15385,15385,15385,2,-2
2023-02-22 16:09:01,15385,15385,15385,2,0
2023-02-22 16:09:01,15385,15385,15385,2,0
2023-02-22 16:09:01,15385,15385,15385,2,0
2023-02-22 16:09:01,15385,15385,15385,10,0
2023-02-22 16:09:01,15385,15385,15385,6,0
2023-02-22 16:09:01,15385,15385,15385,2,0
2023-02-22 16:09:01,15384,15384,15384,2,-2
2023-02-22 16:09:01,15384,15384,15384,2,0
2023-02-22 16:09:01,15383,15383,15383,2,-2
2023-02-22 16:09:01,15383,15383,15383,2,0
2023-02-22 16:09:01,15383,15383,15383,2,0
2023-02-22 16:09:01,15383,15383,15383,2,0
2023-02-22 16:09:01,15384,15384,15384,2,2
2023-02-22 16:09:02,15384,15384,15384,2,0
2023-02-22 16:09:03,15383,15383,15383,4,-4
2023-02-22 16:09:04,15383,15383,15383,2,0
2023-02-22 16:09:04,15383,15383,15383,4,0
2023-02-22 16:09:05,15382,15382,15382,2,-2
2023-02-22 16:09:05,15382,15382,15382,2,0
2023-02-22 16:09:05,15382,15382,15382,2,0
2023-02-22 16:09:05,15382,15382,15382,2,0
2023-02-22 16:09:05,15382,15382,15382,2,0
2023-02-22 16:09:05,15382,15382,15382,6,0
2023-02-22 16:09:05,15382,15382,15382,2,0
2023-02-22 16:09:05,15381,15381,15381,2,-2
2023-02-22 16:09:05,15381,15381,15381,2,0
2023-02-22 16:09:05,15381,15381,15381,2,0
2023-02-22 16:09:05,15381,15381,15381,2,0
2023-02-22 16:09:05,15381,15381,15381,2,0
2023-02-22 16:09:05,15380,15380,15380,2,-2
2023-02-22 16:09:05,15380,15380,15380,2,0
2023-02-22 16:09:07,15381,15381,15381,20,20
2023-02-22 16:09:07,15380,15380,15380,2,-2
2023-02-22 16:09:10,15382,15382,15382,2,2
2023-02-22 16:09:15,15382,15382,15382,10,0
2023-02-22 16:09:17,15382,15382,15382,2,0
2023-02-22 16:09:19,15381,15381,15381,2,-2
2023-02-22 16:09:22,15380,15380,15380,6,-6
2023-02-22 16:09:22,15380,15380,15380,2,0
2023-02-22 16:09:22,15380,15380,15380,4,0
2023-02-22 16:09:22,15380,15380,15380,2,0
2023-02-22 16:09:22,15380,15380,15380,10,0
2023-02-22 16:09:22,15380,15380,15380,2,0
2023-02-22 16:09:22,15380,15380,15380,2,0
2023-02-22 16:09:22,15380,15380,15380,10,0
2023-02-22 16:09:22,15380,15380,15380,2,0
2023-02-22 16:09:22,15380,15380,15380,2,0
2023-02-22 16:09:22,15380,15380,15380,2,0
2023-02-22 16:09:22,15380,15380,15380,2,0
2023-02-22 16:09:22,15380,15380,15380,2,0
2023-02-22 16:09:22,15380,15380,15380,4,0
2023-02-22 16:09:23,15381,15381,15381,2,2
2023-02-22 16:09:25,15381,15381,15381,2,0
2023-02-22 16:09:27,15382,15382,15382,4,4
2023-02-22 16:09:28,15381,15381,15381,2,-2
2023-02-22 16:09:34,15382,15382,15382,2,2
2023-02-22 16:09:34,15382,15382,15382,2,0
2023-02-22 16:09:35,15382,15382,15382,2,0
2023-02-22 16:09:35,15382,15382,15382,2,0
2023-02-22 16:09:38,15383,15383,15383,2,2
2023-02-22 16:09:38,15383,15383,15383,2,0
2023-02-22 16:09:39,15382,15382,15382,2,-2
2023-02-22 16:09:39,15382,15382,15382,2,0
2023-02-22 16:09:39,15382,15382,15382,2,0
2023-02-22 16:09:39,15382,15382,15382,2,0
2023-02-22 16:09:39,15382,15382,15382,2,0
2023-02-22 16:09:41,15382,15382,15382,2,0
2023-02-22 16:10:00,15383,15383,15383,2,2
2023-02-22 16:10:00,15383,15383,15383,2,0
2023-02-22 16:10:01,15382,15382,15382,2,-2
2023-02-22 16:10:02,15383,15383,15383,2,2
2023-02-22 16:10:09,15382,15382,15382,2,-2
2023-02-22 16:10:09,15382,15382,15382,2,0
2023-02-22 16:10:09,15382,15382,15382,2,0
2023-02-22 16:10:15,15381,15381,15381,2,-2
2023-02-22 16:10:15,15381,15381,15381,2,0
2023-02-22 16:10:15,15381,15381,15381,2,0
2023-02-22 16:10:15,15381,15381,15381,2,0
2023-02-22 16:10:15,15381,15381,15381,10,0
2023-02-22 16:10:15,15381,15381,15381,2,0
2023-02-22 16:10:17,15381,15381,15381,2,0
2023-02-22 16:10:17,15381,15381,15381,2,0
2023-02-22 16:10:17,15381,15381,15381,2,0
2023-02-22 16:10:24,15381,15381,15381,2,0
2023-02-22 16:10:24,15381,15381,15381,6,0
2023-02-22 16:10:27,15381,15381,15381,2,0
2023-02-22 16:10:29,15381,15381,15381,20,0
2023-02-22 16:10:30,15380,15380,15380,2,-2
2023-02-22 16:10:30,15380,15380,15380,4,0
2023-02-22 16:10:30,15380,15380,15380,10,0
2023-02-22 16:10:30,15380,15380,15380,10,0
2023-02-22 16:10:30,15380,15380,15380,8,0
2023-02-22 16:10:30,15380,15380,15380,2,0
2023-02-22 16:10:30,15380,15380,15380,4,0
2023-02-22 16:10:30,15380,15380,15380,8,0
2023-02-22 16:10:30,15380,15380,15380,4,0
2023-02-22 16:10:30,15380,15380,15380,2,0
2023-02-22 16:10:30,15380,15380,15380,2,0
2023-02-22 16:10:30,15380,15380,15380,2,0
2023-02-22 16:10:30,15380,15380,15380,18,0
2023-02-22 16:10:30,15380,15380,15380,2,0
2023-02-22 16:10:30,15379,15379,15379,2,-2
2023-02-22 16:10:32,15379,15379,15379,2,0
2023-02-22 16:10:32,15379,15379,15379,10,0
2023-02-22 16:10:32,15379,15379,15379,2,0
2023-02-22 16:10:32,15379,15379,15379,2,0
2023-02-22 16:10:32,15379,15379,15379,2,0
2023-02-22 16:10:32,15379,15379,15379,2,0
2023-02-22 16:10:32,15379,15379,15379,4,0
2023-02-22 16:10:32,15379,15379,15379,2,0
2023-02-22 16:10:32,15379,15379,15379,2,0
2023-02-22 16:10:36,15378,15378,15378,2,-2
2023-02-22 16:10:36,15378,15378,15378,2,0
2023-02-22 16:10:36,15378,15378,15378,2,0
2023-02-22 16:10:36,15378,15378,15378,2,0
2023-02-22 16:10:36,15378,15378,15378,2,0
2023-02-22 16:10:37,15378,15378,15378,2,0
2023-02-22 16:10:37,15378,15378,15378,2,0
2023-02-22 16:10:37,15378,15378,15378,4,0
2023-02-22 16:10:38,15378,15378,15378,2,0
2023-02-22 16:10:40,15378,15378,15378,2,0
2023-02-22 16:10:40,15378,15378,15378,2,0
2023-02-22 16:10:40,15378,15378,15378,2,0
2023-02-22 16:10:40,15378,15378,15378,2,0
2023-02-22 16:10:40,15378,15378,15378,2,0
2023-02-22 16:10:40,15378,15378,15378,2,0
2023-02-22 16:10:40,15378,15378,15378,2,0
2023-02-22 16:10:40,15378,15378,15378,2,0
2023-02-22 16:10:42,15379,15379,15379,2,2
2023-02-22 16:10:42,15378,15378,15378,2,-2
2023-02-22 16:10:44,15378,15378,15378,4,0
2023-02-22 16:10:45,15379,15379,15379,2,2
2023-02-22 16:10:46,15378,15378,15378,2,-2
2023-02-22 16:10:47,15378,15378,15378,2,0
2023-02-22 16:10:50,15378,15378,15378,2,0
2023-02-22 16:10:50,15379,15379,15379,6,6
2023-02-22 16:10:50,15379,15379,15379,6,0
2023-02-22 16:10:50,15379,15379,15379,4,0
2023-02-22 16:10:52,15378,15378,15378,2,-2
2023-02-22 16:10:55,15378,15378,15378,2,0
2023-02-22 16:10:57,15379,15379,15379,2,2
2023-02-22 16:10:57,15379,15379,15379,2,0
2023-02-22 16:10:57,15379,15379,15379,2,0
2023-02-22 16:11:01,15379,15379,15379,2,0
2023-02-22 16:11:07,15379,15379,15379,2,0
2023-02-22 16:11:08,15379,15379,15379,2,0
2023-02-22 16:11:08,15379,15379,15379,2,0
2023-02-22 16:11:09,15379,15379,15379,2,0
2023-02-22 16:11:12,15380,15380,15380,2,2
2023-02-22 16:11:12,15380,15380,15380,4,0
2023-02-22 16:11:12,15380,15380,15380,2,0
2023-02-22 16:11:15,15380,15380,15380,2,0
2023-02-22 16:11:17,15380,15380,15380,2,0
2023-02-22 16:11:17,15380,15380,15380,2,0
2023-02-22 16:11:17,15380,15380,15380,4,0
2023-02-22 16:11:17,15380,15380,15380,2,0
2023-02-22 16:11:22,15381,15381,15381,6,6
2023-02-22 16:11:29,15382,15382,15382,4,4
2023-02-22 16:11:33,15382,15382,15382,2,0
2023-02-22 16:12:00,15381,15381,15381,2,-2
2023-02-22 16:12:00,15381,15381,15381,2,0
2023-02-22 16:12:00,15381,15381,15381,2,0
2023-02-22 16:12:00,15381,15381,15381,2,0
2023-02-22 16:12:09,15381,15381,15381,6,0
2023-02-22 16:12:09,15381,15381,15381,2,0
2023-02-22 16:12:09,15381,15381,15381,4,0
2023-02-22 16:12:09,15381,15381,15381,8,0
2023-02-22 16:12:14,15381,15381,15381,4,0
2023-02-22 16:12:14,15381,15381,15381,2,0
2023-02-22 16:12:14,15381,15381,15381,6,0
2023-02-22 16:12:14,15381,15381,15381,2,0
2023-02-22 16:12:14,15381,15381,15381,2,0
2023-02-22 16:12:14,15381,15381,15381,2,0
2023-02-22 16:12:14,15381,15381,15381,2,0
2023-02-22 16:12:14,15381,15381,15381,12,0
2023-02-22 16:12:14,15381,15381,15381,8,0
2023-02-22 16:12:22,15382,15382,15382,2,2
2023-02-22 16:12:31,15383,15383,15383,2,2
2023-02-22 16:12:40,15383,15383,15383,4,0
2023-02-22 16:12:49,15384,15384,15384,4,4
2023-02-22 16:13:01,15383,15383,15383,2,-2
2023-02-22 16:13:01,15383,15383,15383,6,0
2023-02-22 16:13:01,15383,15383,15383,4,0
2023-02-22 16:13:03,15384,15384,15384,2,2
2023-02-22 16:13:09,15384,15384,15384,2,0
2023-02-22 16:13:09,15384,15384,15384,2,0
2023-02-22 16:13:09,15384,15384,15384,2,0
2023-02-22 16:13:09,15384,15384,15384,2,0
2023-02-22 16:13:17,15384,15384,15384,2,0
2023-02-22 16:13:19,15384,15384,15384,2,0
2023-02-22 16:13:26,15383,15383,15383,2,-2
2023-02-22 16:13:26,15383,15383,15383,2,0
2023-02-22 16:13:26,15383,15383,15383,2,0
2023-02-22 16:13:27,15382,15382,15382,4,-4
2023-02-22 16:13:27,15382,15382,15382,2,0
2023-02-22 16:13:27,15382,15382,15382,2,0
2023-02-22 16:13:27,15382,15382,15382,2,0
2023-02-22 16:13:27,15381,15381,15381,2,-2
2023-02-22 16:13:30,15382,15382,15382,2,2
2023-02-22 16:13:52,15384,15384,15384,2,2
2023-02-22 16:13:59,15383,15383,15383,2,-2
2023-02-22 16:14:00,15384,15384,15384,2,2
2023-02-22 16:14:01,15383,15383,15383,2,-2
2023-02-22 16:14:03,15384,15384,15384,2,2
2023-02-22 16:14:03,15385,15385,15385,4,4
2023-02-22 16:14:06,15383,15383,15383,2,-2
2023-02-22 16:14:08,15384,15384,15384,2,2
2023-02-22 16:14:08,15384,15384,15384,2,0
2023-02-22 16:14:13,15383,15383,15383,2,-2
2023-02-22 16:14:14,15384,15384,15384,2,2
2023-02-22 16:14:14,15385,15385,15385,2,2
2023-02-22 16:14:20,15384,15384,15384,2,-2
2023-02-22 16:14:21,15383,15383,15383,2,-2
2023-02-22 16:14:26,15383,15383,15383,2,0
2023-02-22 16:14:29,15383,15383,15383,2,0
2023-02-22 16:14:30,15383,15383,15383,2,0
2023-02-22 16:14:31,15382,15382,15382,2,-2
2023-02-22 16:14:41,15382,15382,15382,2,0
2023-02-22 16:15:03,15382,15382,15382,2,0
2023-02-22 16:15:04,15381,15381,15381,2,-2
2023-02-22 16:15:20,15381,15381,15381,2,0
2023-02-22 16:15:20,15381,15381,15381,10,0
2023-02-22 16:15:21,15382,15382,15382,2,2
2023-02-22 16:15:22,15381,15381,15381,4,-4
2023-02-22 16:15:22,15381,15381,15381,2,0
2023-02-22 16:15:22,15381,15381,15381,4,0
2023-02-22 16:15:25,15382,15382,15382,4,4
2023-02-22 16:15:26,15382,15382,15382,2,0
2023-02-22 16:15:50,15383,15383,15383,2,2
2023-02-22 16:15:50,15383,15383,15383,2,0
2023-02-22 16:15:50,15383,15383,15383,2,0
2023-02-22 16:15:50,15383,15383,15383,2,0
2023-02-22 16:15:50,15383,15383,15383,4,0
2023-02-22 16:15:50,15383,15383,15383,2,0
2023-02-22 16:16:03,15384,15384,15384,2,2
2023-02-22 16:16:06,15385,15385,15385,10,10
2023-02-22 16:16:09,15384,15384,15384,2,-2
2023-02-22 16:16:36,15385,15385,15385,2,2
2023-02-22 16:16:42,15385,15385,15385,2,0
2023-02-22 16:16:49,15385,15385,15385,2,0
2023-02-22 16:17:03,15384,15384,15384,2,-2
2023-02-22 16:17:03,15385,15385,15385,2,2
2023-02-22 16:17:14,15383,15383,15383,2,-2
2023-02-22 16:17:14,15382,15382,15382,2,-2
2023-02-22 16:17:14,15382,15382,15382,2,0
2023-02-22 16:17:28,15382,15382,15382,4,0
2023-02-22 16:17:28,15382,15382,15382,2,0
2023-02-22 16:17:28,15382,15382,15382,2,0
2023-02-22 16:17:28,15382,15382,15382,2,0
2023-02-22 16:17:42,15382,15382,15382,2,0
2023-02-22 16:17:55,15382,15382,15382,2,0
2023-02-22 16:18:04,15381,15381,15381,2,-2
2023-02-22 16:18:04,15381,15381,15381,2,0
2023-02-22 16:18:04,15381,15381,15381,2,0
2023-02-22 16:18:07,15380,15380,15380,2,-2
2023-02-22 16:18:07,15380,15380,15380,2,0
2023-02-22 16:18:07,15380,15380,15380,2,0
2023-02-22 16:18:08,15380,15380,15380,2,0
2023-02-22 16:18:09,15380,15380,15380,6,0
2023-02-22 16:18:20,15380,15380,15380,10,0
2023-02-22 16:18:21,15380,15380,15380,2,0
2023-02-22 16:18:22,15380,15380,15380,4,0
2023-02-22 16:18:22,15380,15380,15380,4,0
2023-02-22 16:18:23,15380,15380,15380,2,0
2023-02-22 16:18:23,15380,15380,15380,2,0
2023-02-22 16:18:23,15380,15380,15380,2,0
2023-02-22 16:18:23,15380,15380,15380,6,0
2023-02-22 16:18:23,15380,15380,15380,2,0
2023-02-22 16:18:23,15380,15380,15380,2,0
2023-02-22 16:18:23,15380,15380,15380,8,0
2023-02-22 16:18:43,15379,15379,15379,4,-4
2023-02-22 16:18:43,15379,15379,15379,6,0
2023-02-22 16:18:55,15379,15379,15379,2,0
2023-02-22 16:19:06,15379,15379,15379,2,0
2023-02-22 16:19:08,15379,15379,15379,2,0
2023-02-22 16:19:19,15379,15379,15379,2,0
2023-02-22 16:19:30,15380,15380,15380,2,2
2023-02-22 16:19:32,15380,15380,15380,2,0
2023-02-22 16:19:32,15380,15380,15380,4,0
2023-02-22 16:19:40,15381,15381,15381,2,2
2023-02-22 16:19:40,15381,15381,15381,2,0
2023-02-22 16:19:58,15382,15382,15382,2,2
2023-02-22 16:19:58,15382,15382,15382,2,0
2023-02-22 16:19:59,15383,15383,15383,2,2
2023-02-22 16:20:00,15384,15384,15384,20,20
2023-02-22 16:20:07,15384,15384,15384,2,0
2023-02-22 16:20:20,15385,15385,15385,10,10
2023-02-22 16:20:21,15385,15385,15385,4,0
2023-02-22 16:20:21,15385,15385,15385,4,0
2023-02-22 16:20:22,15385,15385,15385,2,0
2023-02-22 16:20:24,15384,15384,15384,2,-2
2023-02-22 16:20:47,15384,15384,15384,2,0
2023-02-22 16:20:49,15383,15383,15383,2,-2
2023-02-22 16:21:00,15383,15383,15383,2,0
2023-02-22 16:21:01,15383,15383,15383,2,0
2023-02-22 16:21:23,15383,15383,15383,2,0
2023-02-22 16:21:30,15383,15383,15383,2,0
2023-02-22 16:21:46,15384,15384,15384,18,18
2023-02-22 16:21:47,15385,15385,15385,2,2
2023-02-22 16:21:54,15385,15385,15385,2,0
2023-02-22 16:22:01,15384,15384,15384,2,-2
2023-02-22 16:22:05,15384,15384,15384,2,0
2023-02-22 16:22:13,15383,15383,15383,2,-2
2023-02-22 16:22:54,15384,15384,15384,2,2
2023-02-22 16:22:54,15383,15383,15383,2,-2
2023-02-22 16:22:54,15383,15383,15383,2,0
2023-02-22 16:22:56,15383,15383,15383,2,0
2023-02-22 16:23:20,15383,15383,15383,2,0
2023-02-22 16:23:20,15384,15384,15384,4,4
2023-02-22 16:23:46,15384,15384,15384,2,0
2023-02-22 16:23:56,15383,15383,15383,2,-2
2023-02-22 16:24:24,15383,15383,15383,2,0
2023-02-22 16:24:41,15382,15382,15382,2,-2
2023-02-22 16:24:41,15382,15382,15382,2,0
2023-02-22 16:24:58,15381,15381,15381,2,-2
2023-02-22 16:25:00,15381,15381,15381,2,0
2023-02-22 16:25:02,15381,15381,15381,6,0
2023-02-22 16:25:02,15381,15381,15381,2,0
2023-02-22 16:25:02,15382,15382,15382,2,2
2023-02-22 16:25:02,15382,15382,15382,2,0
2023-02-22 16:25:12,15381,15381,15381,2,-2
2023-02-22 16:25:20,15381,15381,15381,2,0
2023-02-22 16:25:28,15381,15381,15381,2,0
2023-02-22 16:25:28,15380,15380,15380,2,-2
2023-02-22 16:25:28,15380,15380,15380,2,0
2023-02-22 16:25:34,15380,15380,15380,2,0
2023-02-22 16:25:35,15380,15380,15380,2,0
2023-02-22 16:25:43,15381,15381,15381,2,2
2023-02-22 16:25:48,15380,15380,15380,6,-6
2023-02-22 16:25:48,15380,15380,15380,6,0
2023-02-22 16:25:48,15380,15380,15380,2,0
2023-02-22 16:25:48,15380,15380,15380,2,0
2023-02-22 16:25:48,15380,15380,15380,2,0
2023-02-22 16:25:50,15380,15380,15380,2,0
2023-02-22 16:26:00,15379,15379,15379,2,-2
2023-02-22 16:26:01,15379,15379,15379,2,0
2023-02-22 16:26:07,15380,15380,15380,4,4
2023-02-22 16:26:07,15381,15381,15381,2,2
2023-02-22 16:26:17,15379,15379,15379,2,-2
2023-02-22 16:26:17,15379,15379,15379,2,0
2023-02-22 16:26:25,15378,15378,15378,2,-2
2023-02-22 16:26:25,15378,15378,15378,2,0
2023-02-22 16:26:25,15378,15378,15378,4,0
2023-02-22 16:26:25,15378,15378,15378,2,0
2023-02-22 16:26:25,15378,15378,15378,2,0
2023-02-22 16:26:25,15378,15378,15378,2,0
2023-02-22 16:26:25,15378,15378,15378,2,0
2023-02-22 16:26:25,15378,15378,15378,4,0
2023-02-22 16:26:25,15378,15378,15378,2,0
2023-02-22 16:26:25,15378,15378,15378,2,0
2023-02-22 16:26:25,15377,15377,15377,6,-6
2023-02-22 16:26:25,15377,15377,15377,6,0
2023-02-22 16:26:25,15377,15377,15377,6,0
2023-02-22 16:26:26,15378,15378,15378,2,2
2023-02-22 16:26:27,15377,15377,15377,10,-10
2023-02-22 16:26:40,15377,15377,15377,2,0
2023-02-22 16:26:43,15377,15377,15377,2,0
2023-02-22 16:26:55,15377,15377,15377,2,0
2023-02-22 16:27:00,15377,15377,15377,2,0
2023-02-22 16:27:01,15377,15377,15377,4,0
2023-02-22 16:27:02,15378,15378,15378,2,2
2023-02-22 16:27:03,15377,15377,15377,2,-2
2023-02-22 16:27:05,15377,15377,15377,2,0
2023-02-22 16:27:05,15377,15377,15377,2,0
2023-02-22 16:27:05,15377,15377,15377,2,0
2023-02-22 16:27:05,15377,15377,15377,2,0
2023-02-22 16:27:05,15377,15377,15377,2,0
2023-02-22 16:27:05,15377,15377,15377,4,0
2023-02-22 16:27:05,15377,15377,15377,2,0
2023-02-22 16:27:05,15377,15377,15377,2,0
2023-02-22 16:27:05,15377,15377,15377,2,0
2023-02-22 16:27:05,15376,15376,15376,2,-2
2023-02-22 16:27:05,15376,15376,15376,2,0
2023-02-22 16:27:09,15376,15376,15376,4,0
2023-02-22 16:27:12,15376,15376,15376,34,0
2023-02-22 16:27:12,15376,15376,15376,2,0
2023-02-22 16:27:12,15376,15376,15376,2,0
2023-02-22 16:27:12,15376,15376,15376,4,0
2023-02-22 16:27:12,15376,15376,15376,2,0
2023-02-22 16:27:12,15376,15376,15376,2,0
2023-02-22 16:27:12,15376,15376,15376,2,0
2023-02-22 16:27:12,15376,15376,15376,2,0
2023-02-22 16:27:12,15376,15376,15376,2,0
2023-02-22 16:27:13,15376,15376,15376,2,0
2023-02-22 16:27:13,15376,15376,15376,2,0
2023-02-22 16:27:13,15375,15375,15375,2,-2
2023-02-22 16:27:13,15375,15375,15375,4,0
2023-02-22 16:27:13,15375,15375,15375,2,0
2023-02-22 16:27:14,15375,15375,15375,2,0
2023-02-22 16:27:14,15375,15375,15375,2,0
2023-02-22 16:27:14,15375,15375,15375,2,0
2023-02-22 16:27:14,15375,15375,15375,2,0
2023-02-22 16:27:15,15376,15376,15376,2,2
2023-02-22 16:27:23,15376,15376,15376,2,0
2023-02-22 16:27:23,15375,15375,15375,2,-2
2023-02-22 16:27:24,15375,15375,15375,2,0
2023-02-22 16:27:25,15375,15375,15375,2,0
2023-02-22 16:27:25,15375,15375,15375,2,0
2023-02-22 16:27:25,15375,15375,15375,2,0
2023-02-22 16:27:25,15375,15375,15375,2,0
2023-02-22 16:27:25,15375,15375,15375,2,0
2023-02-22 16:27:25,15375,15375,15375,2,0
2023-02-22 16:27:25,15375,15375,15375,2,0
2023-02-22 16:27:25,15375,15375,15375,2,0
2023-02-22 16:27:25,15375,15375,15375,2,0
2023-02-22 16:27:25,15375,15375,15375,2,0
2023-02-22 16:27:25,15375,15375,15375,20,0
2023-02-22 16:27:25,15375,15375,15375,2,0
2023-02-22 16:27:26,15374,15374,15374,2,-2
2023-02-22 16:27:26,15374,15374,15374,2,0
2023-02-22 16:27:26,15374,15374,15374,2,0
2023-02-22 16:27:26,15374,15374,15374,2,0
2023-02-22 16:27:26,15374,15374,15374,2,0
2023-02-22 16:27:26,15374,15374,15374,2,0
2023-02-22 16:27:29,15373,15373,15373,2,-2
2023-02-22 16:27:29,15373,15373,15373,2,0
2023-02-22 16:27:30,15374,15374,15374,4,4
2023-02-22 16:27:31,15374,15374,15374,2,0
2023-02-22 16:27:34,15374,15374,15374,2,0
2023-02-22 16:27:36,15374,15374,15374,2,0
2023-02-22 16:27:37,15374,15374,15374,2,0
2023-02-22 16:27:39,15373,15373,15373,2,-2
2023-02-22 16:27:39,15373,15373,15373,2,0
2023-02-22 16:27:45,15374,15374,15374,2,2
2023-02-22 16:27:46,15373,15373,15373,4,-4
2023-02-22 16:27:46,15373,15373,15373,2,0
2023-02-22 16:27:46,15373,15373,15373,2,0
2023-02-22 16:27:46,15373,15373,15373,8,0
2023-02-22 16:27:47,15373,15373,15373,2,0
2023-02-22 16:27:48,15373,15373,15373,2,0
2023-02-22 16:27:50,15374,15374,15374,4,4
2023-02-22 16:27:50,15373,15373,15373,2,-2
2023-02-22 16:27:50,15373,15373,15373,2,0
2023-02-22 16:27:51,15373,15373,15373,2,0
2023-02-22 16:27:52,15373,15373,15373,4,0
2023-02-22 16:27:55,15373,15373,15373,2,0
2023-02-22 16:27:58,15373,15373,15373,2,0
2023-02-22 16:28:00,15373,15373,15373,2,0
2023-02-22 16:28:00,15373,15373,15373,2,0
2023-02-22 16:28:00,15373,15373,15373,2,0
2023-02-22 16:28:00,15373,15373,15373,2,0
2023-02-22 16:28:00,15373,15373,15373,2,0
2023-02-22 16:28:00,15373,15373,15373,2,0
2023-02-22 16:28:02,15372,15372,15372,2,-2
2023-02-22 16:28:02,15372,15372,15372,2,0
2023-02-22 16:28:02,15373,15373,15373,2,2
2023-02-22 16:28:02,15372,15372,15372,4,-4
2023-02-22 16:28:06,15373,15373,15373,4,4
2023-02-22 16:28:06,15373,15373,15373,2,0
2023-02-22 16:28:06,15373,15373,15373,2,0
2023-02-22 16:28:06,15373,15373,15373,2,0
2023-02-22 16:28:06,15373,15373,15373,4,0
2023-02-22 16:28:06,15373,15373,15373,2,0
2023-02-22 16:28:06,15373,15373,15373,2,0
2023-02-22 16:28:06,15373,15373,15373,4,0
2023-02-22 16:28:06,15373,15373,15373,6,0
2023-02-22 16:28:11,15374,15374,15374,2,2
2023-02-22 16:28:20,15374,15374,15374,2,0
2023-02-22 16:28:20,15375,15375,15375,2,2
2023-02-22 16:28:20,15375,15375,15375,2,0
2023-02-22 16:28:23,15376,15376,15376,22,22
2023-02-22 16:28:26,15376,15376,15376,2,0
2023-02-22 16:28:28,15375,15375,15375,2,-2
2023-02-22 16:28:28,15375,15375,15375,2,0
2023-02-22 16:28:28,15375,15375,15375,2,0
2023-02-22 16:28:29,15375,15375,15375,2,0
2023-02-22 16:28:29,15375,15375,15375,2,0
2023-02-22 16:28:30,15375,15375,15375,2,0
2023-02-22 16:28:36,15376,15376,15376,2,2
2023-02-22 16:28:44,15375,15375,15375,2,-2
2023-02-22 16:28:44,15375,15375,15375,2,0
2023-02-22 16:28:44,15375,15375,15375,6,0
2023-02-22 16:28:44,15375,15375,15375,2,0
2023-02-22 16:28:52,15375,15375,15375,2,0
2023-02-22 16:28:57,15374,15374,15374,2,-2
2023-02-22 16:28:57,15374,15374,15374,4,0
2023-02-22 16:28:59,15374,15374,15374,2,0
2023-02-22 16:29:00,15373,15373,15373,2,-2
2023-02-22 16:29:01,15374,15374,15374,2,2
2023-02-22 16:29:03,15373,15373,15373,2,-2
2023-02-22 16:29:03,15373,15373,15373,2,0
