2020-10-14 15:00:00.095,12896,12898,12897,40,-40
2020-10-14 15:00:00.126,12897,12898,12898,11,11
2020-10-14 15:00:00.267,12898,12899,12899,1,1
2020-10-14 15:00:00.268,12898,12899,12899,4,4
2020-10-14 15:00:00.268,12898,12899,12899,1,1
2020-10-14 15:00:00.357,12899,12900,12900,1,1
2020-10-14 15:00:00.477,12899,12900,12899,3,-3
2020-10-14 15:00:00.494,12899,12900,12899,1,-1
2020-10-14 15:00:00.503,12899,12900,12898,1,-1
2020-10-14 15:00:00.527,12899,12900,12898,4,-4
2020-10-14 15:00:00.531,12899,12900,12899,2,2
2020-10-14 15:00:00.543,12899,12900,12898,2,-2
2020-10-14 15:00:00.544,12898,12899,12898,1,-1
2020-10-14 15:00:00.583,12898,12899,12898,1,-1
2020-10-14 15:00:00.617,12898,12899,12898,1,-1
2020-10-14 15:00:00.624,12898,12899,12898,1,-1
2020-10-14 15:00:00.656,12898,12899,12897,1,-1
2020-10-14 15:00:00.673,12897,12899,12897,3,-3
2020-10-14 15:00:00.699,12897,12899,12897,2,-2
2020-10-14 15:00:00.703,12897,12899,12897,1,-1
2020-10-14 15:00:00.720,12897,12899,12897,1,-1
2020-10-14 15:00:00.745,12897,12899,12897,1,-1
2020-10-14 15:00:00.745,12897,12899,12897,1,-1
2020-10-14 15:00:00.753,12897,12899,12897,1,-1
2020-10-14 15:00:00.757,12897,12899,12897,1,-1
2020-10-14 15:00:00.778,12897,12899,12897,3,-3
2020-10-14 15:00:00.861,12897,12898,12898,2,2
2020-10-14 15:00:00.862,12897,12898,12897,1,-1
2020-10-14 15:00:00.862,12897,12898,12897,1,-1
2020-10-14 15:00:00.873,12897,12898,12897,3,-3
2020-10-14 15:00:00.887,12897,12898,12897,2,-2
2020-10-14 15:00:00.949,12897,12898,12897,3,-3
2020-10-14 15:00:00.974,12897,12898,12898,3,3
2020-10-14 15:00:00.974,12897,12898,12899,1,1
2020-10-14 15:00:00.975,12897,12898,12899,26,26
2020-10-14 15:00:00.975,12897,12898,12899,4,4
2020-10-14 15:00:00.975,12897,12898,12899,6,6
2020-10-14 15:00:01.037,12897,12898,12898,1,1
2020-10-14 15:00:01.060,12897,12898,12897,1,-1
2020-10-14 15:00:01.124,12897,12898,12897,1,-1
2020-10-14 15:00:01.177,12897,12898,12897,1,-1
2020-10-14 15:00:01.178,12897,12898,12898,2,2
2020-10-14 15:00:01.634,12897,12899,12899,8,8
2020-10-14 15:00:01.634,12897,12899,12900,17,17
2020-10-14 15:00:01.636,12897,12899,12900,5,5
2020-10-14 15:00:01.821,12900,12901,12900,2,-2
2020-10-14 15:00:01.897,12900,12901,12900,1,-1
2020-10-14 15:00:01.919,12900,12901,12900,17,-17
2020-10-14 15:00:01.921,12900,12901,12899,1,-1
2020-10-14 15:00:02.020,12900,12901,12899,1,-1
2020-10-14 15:00:02.166,12898,12900,12898,1,-1
2020-10-14 15:00:02.595,12897,12898,12898,1,1
2020-10-14 15:00:02.635,12897,12898,12898,1,1
2020-10-14 15:00:03.516,12898,12899,12898,1,-1
2020-10-14 15:00:04.267,12898,12899,12898,3,-3
2020-10-14 15:00:04.267,12898,12899,12898,12,-12
2020-10-14 15:00:05.040,12897,12899,12898,1,-1
2020-10-14 15:00:07.237,12897,12899,12898,1,-1
2020-10-14 15:00:07.544,12898,12899,12898,2,-2
2020-10-14 15:00:07.669,12897,12898,12897,3,-3
2020-10-14 15:00:09.434,12897,12899,12897,1,-1
2020-10-14 15:00:09.807,12898,12899,12898,1,1
2020-10-14 15:00:09.872,12898,12899,12899,4,4
2020-10-14 15:00:10.141,12899,12900,12899,1,-1
2020-10-14 15:00:10.142,12899,12900,12900,1,1
2020-10-14 15:00:10.187,12900,12901,12900,1,-1
2020-10-14 15:00:10.405,12900,12901,12900,1,-1
2020-10-14 15:00:10.411,12900,12901,12900,1,-1
2020-10-14 15:00:11.554,12898,12900,12898,4,-4
2020-10-14 15:00:11.656,12898,12900,12898,3,-3
2020-10-14 15:00:11.892,12898,12899,12898,1,-1
2020-10-14 15:00:12.840,12898,12899,12899,1,1
2020-10-14 15:00:13.552,12898,12899,12899,1,1
2020-10-14 15:00:14.003,12898,12900,12899,1,-1
2020-10-14 15:00:14.085,12898,12899,12899,1,1
2020-10-14 15:00:15.025,12898,12899,12899,1,1
2020-10-14 15:00:16.753,12898,12899,12898,8,-8
2020-10-14 15:00:16.794,12897,12898,12897,1,-1
2020-10-14 15:00:16.891,12897,12898,12898,1,1
2020-10-14 15:00:17.020,12897,12898,12898,6,6
2020-10-14 15:00:17.669,12898,12899,12899,1,1
2020-10-14 15:00:20.456,12898,12899,12899,1,1
2020-10-14 15:00:20.792,12898,12899,12899,3,3
2020-10-14 15:00:24.757,12898,12899,12899,1,1
2020-10-14 15:00:26.677,12898,12899,12898,4,-4
2020-10-14 15:00:28.344,12898,12899,12898,1,-1
2020-10-14 15:00:30.270,12898,12899,12899,6,6
2020-10-14 15:00:30.282,12898,12899,12899,10,10
2020-10-14 15:00:30.713,12899,12900,12899,1,-1
2020-10-14 15:00:30.894,12898,12900,12898,1,-1
2020-10-14 15:00:35.118,12899,12900,12900,1,1
2020-10-14 15:00:37.119,12899,12900,12900,1,1
2020-10-14 15:00:38.417,12899,12900,12900,8,8
2020-10-14 15:00:39.845,12899,12900,12900,1,1
2020-10-14 15:00:40.741,12900,12901,12900,2,-2
2020-10-14 15:00:41.111,12899,12900,12900,2,2
2020-10-14 15:00:46.311,12899,12900,12899,6,-6
2020-10-14 15:00:52.306,12898,12899,12898,1,-1
2020-10-14 15:00:52.306,12898,12899,12898,2,-2
2020-10-14 15:00:58.368,12898,12899,12898,1,-1
2020-10-14 15:00:59.276,12897,12898,12897,2,-2
2020-10-14 15:00:59.442,12897,12898,12897,1,-1
2020-10-14 15:01:00.050,12897,12898,12897,3,-3
2020-10-14 15:01:00.051,12897,12898,12897,7,-7
2020-10-14 15:01:00.161,12897,12898,12897,1,-1
2020-10-14 15:01:00.190,12896,12897,12897,2,2
2020-10-14 15:01:00.255,12896,12897,12897,1,1
2020-10-14 15:01:00.262,12896,12897,12898,1,1
2020-10-14 15:01:00.444,12896,12898,12898,1,1
2020-10-14 15:01:02.005,12896,12897,12897,1,1
2020-10-14 15:01:02.024,12896,12897,12897,2,2
2020-10-14 15:01:03.399,12897,12898,12897,1,-1
2020-10-14 15:01:05.676,12897,12898,12897,1,-1
2020-10-14 15:01:09.466,12897,12898,12897,2,-2
2020-10-14 15:01:09.993,12897,12898,12898,1,1
2020-10-14 15:01:12.735,12897,12898,12898,1,1
2020-10-14 15:01:12.796,12897,12898,12898,1,1
2020-10-14 15:01:12.796,12897,12898,12898,1,1
2020-10-14 15:01:12.796,12897,12898,12899,1,1
2020-10-14 15:01:12.796,12897,12898,12899,1,1
2020-10-14 15:01:12.797,12897,12898,12899,1,1
2020-10-14 15:01:12.797,12897,12898,12899,1,1
2020-10-14 15:01:12.797,12897,12898,12899,1,1
2020-10-14 15:01:12.797,12897,12898,12899,1,1
2020-10-14 15:01:12.798,12897,12898,12899,1,1
2020-10-14 15:01:12.807,12897,12898,12898,1,1
2020-10-14 15:01:15.999,12898,12899,12898,3,-3
2020-10-14 15:01:16.350,12898,12899,12898,1,-1
2020-10-14 15:01:16.350,12898,12899,12897,17,-17
2020-10-14 15:01:16.351,12898,12899,12897,2,-2
2020-10-14 15:01:18.070,12897,12898,12898,1,1
2020-10-14 15:01:27.622,12897,12898,12897,5,-5
2020-10-14 15:01:27.623,12897,12898,12897,1,-1
2020-10-14 15:01:29.163,12896,12897,12897,1,1
2020-10-14 15:01:32.843,12896,12897,12896,1,-1
2020-10-14 15:01:36.253,12896,12897,12896,5,-5
2020-10-14 15:01:38.194,12896,12897,12896,3,-3
2020-10-14 15:01:38.195,12896,12897,12896,2,-2
2020-10-14 15:01:38.295,12895,12897,12897,1,1
2020-10-14 15:01:43.705,12895,12896,12896,2,2
2020-10-14 15:01:45.446,12895,12896,12896,2,2
2020-10-14 15:01:47.305,12896,12897,12896,1,-1
2020-10-14 15:01:50.164,12895,12896,12896,1,1
2020-10-14 15:01:50.172,12895,12896,12896,1,1
2020-10-14 15:01:50.752,12895,12896,12895,3,-3
2020-10-14 15:01:52.027,12895,12896,12895,1,-1
2020-10-14 15:01:52.678,12895,12896,12896,1,1
2020-10-14 15:01:54.796,12895,12896,12895,15,-15
2020-10-14 15:01:57.197,12894,12895,12894,1,-1
2020-10-14 15:01:58.076,12894,12895,12894,4,-4
2020-10-14 15:01:58.077,12894,12895,12894,6,-6
2020-10-14 15:01:58.077,12894,12895,12894,7,-7
2020-10-14 15:01:59.073,12893,12894,12893,2,-2
2020-10-14 15:02:01.071,12893,12894,12893,15,-15
2020-10-14 15:02:01.855,12892,12893,12892,1,-1
2020-10-14 15:02:01.860,12892,12893,12892,1,-1
2020-10-14 15:02:02.159,12892,12893,12893,4,4
2020-10-14 15:02:02.159,12892,12893,12893,1,1
2020-10-14 15:02:03.785,12892,12893,12893,1,1
2020-10-14 15:02:04.196,12892,12893,12892,7,-7
2020-10-14 15:02:05.331,12891,12892,12892,3,3
2020-10-14 15:02:07.414,12891,12892,12891,1,-1
2020-10-14 15:02:09.437,12891,12892,12891,5,-5
2020-10-14 15:02:10.644,12890,12891,12890,4,-4
2020-10-14 15:02:10.644,12890,12891,12890,4,-4
2020-10-14 15:02:10.644,12890,12891,12890,8,-8
2020-10-14 15:02:10.644,12890,12891,12890,3,-3
2020-10-14 15:02:12.063,12889,12891,12889,1,-1
2020-10-14 15:02:13.149,12889,12891,12889,4,-4
2020-10-14 15:02:13.149,12889,12891,12888,1,-1
2020-10-14 15:02:13.297,12889,12891,12889,1,1
2020-10-14 15:02:15.960,12889,12890,12889,1,-1
2020-10-14 15:02:15.961,12889,12890,12889,1,-1
2020-10-14 15:02:15.963,12889,12890,12889,2,-2
2020-10-14 15:02:17.711,12889,12890,12889,3,-3
2020-10-14 15:02:20.647,12889,12891,12889,1,-1
2020-10-14 15:02:25.420,12890,12891,12890,5,5
2020-10-14 15:02:25.478,12890,12891,12891,2,2
2020-10-14 15:02:26.254,12890,12891,12891,1,1
2020-10-14 15:02:28.078,12891,12892,12891,1,-1
2020-10-14 15:02:30.079,12891,12892,12891,1,-1
2020-10-14 15:02:30.538,12890,12892,12890,1,-1
2020-10-14 15:02:33.600,12891,12892,12891,4,4
2020-10-14 15:02:35.229,12890,12891,12891,1,1
2020-10-14 15:02:35.912,12890,12891,12891,1,1
2020-10-14 15:02:37.335,12890,12891,12891,5,5
2020-10-14 15:02:39.476,12890,12891,12891,4,4
2020-10-14 15:02:39.830,12891,12892,12891,1,-1
2020-10-14 15:02:42.214,12891,12892,12892,9,9
2020-10-14 15:02:42.248,12891,12892,12892,1,1
2020-10-14 15:02:42.884,12891,12892,12891,5,-5
2020-10-14 15:02:43.329,12891,12892,12891,1,-1
2020-10-14 15:02:44.077,12891,12892,12892,1,1
2020-10-14 15:02:44.077,12891,12892,12892,1,1
2020-10-14 15:02:45.248,12892,12893,12892,1,-1
2020-10-14 15:02:45.589,12892,12893,12892,1,-1
2020-10-14 15:02:47.180,12892,12893,12892,2,-2
2020-10-14 15:02:47.182,12892,12893,12892,3,-3
2020-10-14 15:02:47.230,12892,12893,12892,5,-5
2020-10-14 15:02:47.973,12891,12893,12891,2,-2
2020-10-14 15:02:48.499,12891,12893,12893,1,1
2020-10-14 15:02:54.882,12892,12893,12893,4,4
2020-10-14 15:03:02.326,12893,12894,12894,2,2
2020-10-14 15:03:08.164,12893,12894,12894,1,1
2020-10-14 15:03:08.952,12893,12894,12894,1,1
2020-10-14 15:03:11.235,12893,12894,12894,2,2
2020-10-14 15:03:14.357,12893,12894,12893,2,-2
2020-10-14 15:03:15.227,12892,12894,12893,2,-2
2020-10-14 15:03:23.224,12893,12894,12893,1,-1
2020-10-14 15:03:32.651,12892,12894,12894,1,1
2020-10-14 15:03:34.510,12892,12893,12892,1,-1
2020-10-14 15:03:34.511,12892,12893,12892,4,-4
2020-10-14 15:03:34.511,12892,12893,12892,2,-2
2020-10-14 15:03:35.230,12891,12892,12892,2,2
2020-10-14 15:03:35.230,12891,12892,12893,2,2
2020-10-14 15:03:38.117,12891,12892,12892,1,1
2020-10-14 15:03:46.020,12891,12892,12892,1,1
2020-10-14 15:03:51.715,12891,12892,12892,1,1
2020-10-14 15:04:00.590,12891,12892,12892,2,2
2020-10-14 15:04:02.010,12891,12892,12892,4,4
2020-10-14 15:04:02.010,12891,12892,12892,2,2
2020-10-14 15:04:02.222,12892,12893,12893,17,17
2020-10-14 15:04:04.003,12893,12894,12894,4,4
2020-10-14 15:04:04.003,12893,12894,12894,6,6
2020-10-14 15:04:04.401,12894,12895,12894,2,-2
2020-10-14 15:04:07.762,12894,12895,12894,1,-1
2020-10-14 15:04:07.798,12894,12895,12894,1,-1
2020-10-14 15:04:15.484,12893,12894,12893,1,-1
2020-10-14 15:04:20.825,12892,12893,12893,1,1
2020-10-14 15:04:28.635,12892,12893,12893,1,1
2020-10-14 15:04:31.724,12892,12893,12893,1,1
2020-10-14 15:04:33.560,12892,12893,12893,1,1
2020-10-14 15:04:34.793,12893,12894,12894,1,1
2020-10-14 15:04:34.793,12893,12894,12894,7,7
2020-10-14 15:04:40.131,12893,12895,12893,1,-1
2020-10-14 15:04:46.636,12893,12894,12893,2,-2
2020-10-14 15:04:49.503,12892,12894,12894,10,10
2020-10-14 15:04:49.503,12892,12894,12895,15,15
2020-10-14 15:04:49.504,12892,12894,12894,2,2
2020-10-14 15:04:49.504,12892,12894,12894,1,1
2020-10-14 15:04:50.610,12893,12894,12893,1,-1
2020-10-14 15:04:51.600,12893,12894,12894,1,1
2020-10-14 15:04:51.892,12893,12894,12893,1,-1
2020-10-14 15:04:55.282,12893,12894,12894,2,2
2020-10-14 15:04:56.296,12894,12895,12894,1,-1
2020-10-14 15:04:57.458,12894,12895,12894,1,-1
2020-10-14 15:04:57.818,12894,12895,12894,1,-1
2020-10-14 15:05:16.020,12893,12894,12894,1,1
2020-10-14 15:05:17.702,12893,12894,12893,3,-3
2020-10-14 15:05:24.118,12892,12893,12893,1,1
2020-10-14 15:05:24.415,12892,12893,12892,1,-1
2020-10-14 15:05:27.462,12892,12893,12892,1,-1
2020-10-14 15:05:27.463,12892,12893,12892,1,-1
2020-10-14 15:05:27.464,12892,12893,12892,1,-1
2020-10-14 15:05:32.450,12891,12892,12892,1,1
2020-10-14 15:05:33.064,12891,12892,12891,1,-1
2020-10-14 15:05:34.474,12891,12892,12892,1,1
2020-10-14 15:05:34.581,12891,12892,12892,1,1
2020-10-14 15:05:35.345,12891,12892,12891,7,-7
2020-10-14 15:05:40.652,12890,12891,12890,6,-6
2020-10-14 15:05:41.434,12889,12890,12890,1,1
2020-10-14 15:05:41.983,12889,12890,12889,1,-1
2020-10-14 15:05:45.284,12889,12890,12889,1,-1
2020-10-14 15:05:47.700,12889,12890,12889,1,-1
2020-10-14 15:05:49.830,12889,12890,12889,1,-1
2020-10-14 15:05:50.426,12889,12890,12889,1,-1
2020-10-14 15:05:52.613,12888,12889,12889,1,1
2020-10-14 15:05:55.217,12889,12890,12889,1,-1
2020-10-14 15:05:56.753,12888,12889,12889,2,2
2020-10-14 15:05:59.537,12888,12889,12889,1,1
2020-10-14 15:06:02.012,12889,12890,12889,1,-1
2020-10-14 15:06:04.895,12889,12890,12889,1,-1
2020-10-14 15:06:04.895,12889,12890,12889,1,-1
2020-10-14 15:06:04.895,12889,12890,12889,2,-2
2020-10-14 15:06:07.939,12888,12889,12888,3,-3
2020-10-14 15:06:07.939,12888,12889,12888,21,-21
2020-10-14 15:06:07.939,12888,12889,12888,1,-1
2020-10-14 15:06:07.939,12888,12889,12888,3,-3
2020-10-14 15:06:08.096,12887,12888,12887,1,-1
2020-10-14 15:06:09.012,12887,12888,12888,1,1
2020-10-14 15:06:09.034,12887,12888,12888,1,1
2020-10-14 15:06:09.260,12887,12889,12887,1,-1
2020-10-14 15:06:09.269,12887,12889,12887,2,-2
2020-10-14 15:06:09.292,12887,12889,12887,3,-3
2020-10-14 15:06:09.350,12887,12889,12887,1,-1
2020-10-14 15:06:09.534,12887,12889,12887,1,-1
2020-10-14 15:06:11.400,12887,12889,12888,1,1
2020-10-14 15:06:12.798,12887,12889,12887,1,-1
2020-10-14 15:06:15.482,12887,12888,12887,1,-1
2020-10-14 15:06:16.401,12887,12888,12888,1,1
2020-10-14 15:06:16.645,12888,12889,12888,1,-1
2020-10-14 15:06:17.304,12887,12889,12887,2,-2
2020-10-14 15:06:19.567,12887,12889,12887,1,-1
2020-10-14 15:06:20.578,12887,12889,12887,1,-1
2020-10-14 15:06:27.275,12887,12888,12888,1,1
2020-10-14 15:06:29.178,12887,12888,12888,4,4
2020-10-14 15:06:29.343,12888,12889,12888,4,-4
2020-10-14 15:06:34.626,12888,12889,12889,1,1
2020-10-14 15:06:39.004,12888,12889,12888,1,-1
2020-10-14 15:06:42.509,12888,12889,12888,1,-1
2020-10-14 15:06:43.369,12888,12889,12889,1,1
2020-10-14 15:06:43.449,12888,12889,12888,1,-1
2020-10-14 15:06:46.971,12888,12889,12888,2,-2
2020-10-14 15:06:49.158,12888,12889,12888,1,-1
2020-10-14 15:06:50.796,12888,12889,12889,2,2
2020-10-14 15:07:00.177,12888,12889,12888,4,-4
2020-10-14 15:07:00.177,12888,12889,12888,1,-1
2020-10-14 15:07:05.487,12888,12889,12889,9,9
2020-10-14 15:07:10.488,12888,12889,12889,6,6
2020-10-14 15:07:14.462,12889,12890,12889,1,-1
2020-10-14 15:07:15.395,12889,12890,12889,1,-1
2020-10-14 15:07:15.396,12889,12890,12889,3,-3
2020-10-14 15:07:17.219,12888,12890,12888,1,-1
2020-10-14 15:07:17.965,12889,12890,12889,4,4
2020-10-14 15:07:18.763,12889,12890,12889,3,-3
2020-10-14 15:07:20.157,12888,12890,12890,5,5
2020-10-14 15:07:23.247,12888,12889,12888,1,-1
2020-10-14 15:07:28.774,12888,12889,12889,3,3
2020-10-14 15:07:40.867,12889,12890,12889,1,-1
2020-10-14 15:07:43.206,12889,12890,12890,5,5
2020-10-14 15:07:56.034,12889,12890,12889,1,-1
2020-10-14 15:07:57.110,12889,12890,12889,1,-1
2020-10-14 15:08:06.075,12888,12889,12888,1,-1
2020-10-14 15:08:06.464,12888,12889,12888,3,-3
2020-10-14 15:08:06.861,12888,12889,12888,3,-3
2020-10-14 15:08:07.342,12888,12889,12888,1,-1
2020-10-14 15:08:14.622,12888,12889,12888,1,-1
2020-10-14 15:08:17.455,12887,12888,12887,1,-1
2020-10-14 15:08:18.064,12887,12888,12888,1,1
2020-10-14 15:08:28.388,12888,12889,12888,3,-3
2020-10-14 15:08:30.018,12888,12889,12889,1,1
2020-10-14 15:08:31.862,12888,12889,12889,4,4
2020-10-14 15:08:31.863,12888,12889,12889,4,4
2020-10-14 15:08:42.262,12888,12889,12889,1,1
2020-10-14 15:08:42.702,12888,12889,12889,1,1
2020-10-14 15:08:51.784,12889,12890,12890,1,1
2020-10-14 15:08:54.444,12889,12890,12889,1,-1
2020-10-14 15:08:54.602,12889,12890,12889,1,-1
2020-10-14 15:08:55.102,12889,12890,12889,1,-1
2020-10-14 15:08:59.592,12888,12889,12889,1,1
2020-10-14 15:09:05.827,12888,12889,12888,4,-4
2020-10-14 15:09:05.828,12888,12889,12888,1,-1
2020-10-14 15:09:05.828,12888,12889,12888,2,-2
2020-10-14 15:09:05.828,12888,12889,12888,2,-2
2020-10-14 15:09:05.828,12888,12889,12888,1,-1
2020-10-14 15:09:05.828,12888,12889,12888,1,-1
2020-10-14 15:09:09.719,12887,12888,12888,1,1
2020-10-14 15:09:24.774,12887,12888,12888,1,1
2020-10-14 15:09:24.832,12887,12888,12887,1,-1
2020-10-14 15:09:31.117,12887,12888,12888,2,2
2020-10-14 15:09:31.482,12888,12889,12888,2,-2
2020-10-14 15:09:42.572,12887,12888,12888,2,2
2020-10-14 15:09:42.979,12888,12889,12888,2,-2
2020-10-14 15:09:43.546,12888,12889,12888,1,-1
2020-10-14 15:09:50.376,12888,12889,12889,1,1
2020-10-14 15:09:50.376,12888,12889,12889,3,3
2020-10-14 15:09:50.376,12888,12889,12889,1,1
2020-10-14 15:10:08.975,12889,12890,12890,1,1
2020-10-14 15:10:09.236,12889,12890,12890,1,1
2020-10-14 15:10:09.237,12889,12890,12890,3,3
2020-10-14 15:10:09.277,12889,12890,12891,1,1
2020-10-14 15:10:09.325,12889,12891,12889,2,-2
2020-10-14 15:10:20.555,12889,12890,12890,2,2
2020-10-14 15:10:21.133,12889,12890,12889,2,-2
2020-10-14 15:10:29.630,12889,12890,12890,1,1
2020-10-14 15:10:29.630,12889,12890,12890,1,1
2020-10-14 15:10:35.368,12890,12891,12890,1,-1
2020-10-14 15:10:36.146,12890,12891,12891,1,1
2020-10-14 15:10:37.817,12890,12891,12891,2,2
2020-10-14 15:10:37.902,12890,12891,12891,1,1
2020-10-14 15:10:48.826,12890,12892,12891,2,-2
2020-10-14 15:10:55.031,12891,12892,12892,4,4
2020-10-14 15:10:55.705,12892,12893,12893,2,2
2020-10-14 15:10:58.169,12892,12893,12893,2,2
2020-10-14 15:10:58.471,12892,12894,12894,2,2
2020-10-14 15:11:00.437,12893,12894,12893,1,-1
2020-10-14 15:11:03.699,12893,12894,12894,1,1
2020-10-14 15:11:06.558,12893,12894,12894,2,2
2020-10-14 15:11:09.746,12894,12895,12894,2,-2
2020-10-14 15:11:10.907,12894,12895,12894,2,-2
2020-10-14 15:11:12.854,12894,12895,12895,1,1
2020-10-14 15:11:13.143,12894,12895,12895,1,1
2020-10-14 15:11:19.717,12894,12895,12894,1,-1
2020-10-14 15:11:32.808,12894,12895,12894,1,-1
2020-10-14 15:11:33.504,12894,12895,12894,1,-1
2020-10-14 15:11:34.772,12894,12895,12894,1,-1
2020-10-14 15:11:36.817,12894,12895,12894,6,-6
2020-10-14 15:11:36.817,12894,12895,12894,1,-1
2020-10-14 15:11:40.529,12893,12894,12893,3,-3
2020-10-14 15:11:44.812,12892,12893,12893,1,1
2020-10-14 15:11:45.626,12893,12894,12893,3,-3
2020-10-14 15:11:50.423,12892,12893,12893,1,1
2020-10-14 15:11:50.599,12893,12894,12893,1,-1
2020-10-14 15:11:56.287,12892,12893,12893,1,1
2020-10-14 15:12:03.190,12892,12893,12893,1,1
2020-10-14 15:12:09.543,12892,12893,12893,1,1
2020-10-14 15:12:13.216,12892,12893,12892,4,-4
2020-10-14 15:12:13.217,12892,12893,12892,3,-3
2020-10-14 15:12:15.837,12891,12892,12891,2,-2
2020-10-14 15:12:15.837,12891,12892,12891,1,-1
2020-10-14 15:12:21.679,12890,12891,12890,5,-5
2020-10-14 15:12:21.680,12890,12891,12890,2,-2
2020-10-14 15:12:29.259,12889,12890,12890,1,1
2020-10-14 15:12:30.983,12889,12890,12890,1,1
2020-10-14 15:12:31.921,12890,12891,12890,1,-1
2020-10-14 15:12:41.740,12890,12891,12890,1,-1
2020-10-14 15:12:50.814,12889,12890,12889,1,-1
2020-10-14 15:12:55.438,12889,12890,12889,1,-1
2020-10-14 15:12:55.438,12889,12890,12889,6,-6
2020-10-14 15:13:03.712,12888,12889,12888,6,-6
2020-10-14 15:13:05.686,12888,12889,12888,3,-3
2020-10-14 15:13:14.586,12887,12888,12888,2,2
2020-10-14 15:13:17.394,12888,12889,12888,2,-2
2020-10-14 15:13:33.060,12888,12889,12888,1,-1
2020-10-14 15:13:33.692,12888,12889,12888,5,-5
2020-10-14 15:13:34.628,12888,12889,12888,3,-3
2020-10-14 15:13:37.292,12887,12888,12888,1,1
2020-10-14 15:13:46.283,12887,12888,12888,1,1
2020-10-14 15:13:47.068,12887,12888,12888,2,2
2020-10-14 15:13:47.399,12887,12888,12888,1,1
2020-10-14 15:13:48.047,12887,12888,12888,1,1
2020-10-14 15:13:52.297,12887,12888,12888,2,2
2020-10-14 15:14:02.229,12888,12889,12888,1,-1
2020-10-14 15:14:03.662,12887,12888,12888,1,1
2020-10-14 15:14:07.825,12887,12888,12888,1,1
2020-10-14 15:14:16.985,12888,12889,12889,5,5
2020-10-14 15:14:31.471,12889,12890,12890,2,2
2020-10-14 15:14:39.748,12889,12890,12890,1,1
2020-10-14 15:14:44.676,12890,12891,12891,1,1
2020-10-14 15:14:47.432,12890,12891,12891,1,1
2020-10-14 15:14:50.817,12890,12891,12891,1,1
2020-10-14 15:14:52.886,12891,12892,12891,1,-1
2020-10-14 15:14:53.732,12890,12891,12891,1,1
2020-10-14 15:14:54.755,12890,12892,12891,1,-1
2020-10-14 15:14:58.889,12890,12892,12891,1,-1
2020-10-14 15:15:00.147,12891,12892,12891,1,-1
2020-10-14 15:15:10.453,12891,12892,12891,1,-1
2020-10-14 15:15:11.633,12890,12892,12890,2,-2
2020-10-14 15:15:17.116,12890,12892,12892,1,1
2020-10-14 15:15:19.729,12891,12892,12891,1,-1
2020-10-14 15:15:19.729,12891,12892,12891,1,-1
2020-10-14 15:15:34.922,12890,12891,12890,1,-1
2020-10-14 15:15:37.452,12890,12891,12891,1,1
2020-10-14 15:15:38.252,12890,12891,12890,1,-1
2020-10-14 15:15:41.280,12890,12891,12890,4,-4
2020-10-14 15:15:41.280,12890,12891,12890,3,-3
2020-10-14 15:15:41.280,12890,12891,12890,3,-3
2020-10-14 15:15:43.074,12889,12890,12889,5,-5
2020-10-14 15:15:47.957,12889,12890,12889,1,-1
2020-10-14 15:15:48.881,12888,12889,12888,1,-1
2020-10-14 15:15:48.883,12888,12889,12888,1,-1
2020-10-14 15:15:49.217,12888,12889,12888,4,-4
2020-10-14 15:15:49.217,12888,12889,12888,3,-3
2020-10-14 15:15:49.217,12888,12889,12888,7,-7
2020-10-14 15:15:49.217,12888,12889,12888,1,-1
2020-10-14 15:15:50.802,12887,12888,12887,1,-1
2020-10-14 15:15:52.569,12887,12888,12887,1,-1
2020-10-14 15:15:54.112,12887,12888,12888,4,4
2020-10-14 15:15:54.112,12887,12888,12888,2,2
2020-10-14 15:15:56.537,12888,12889,12888,1,-1
2020-10-14 15:15:59.460,12888,12889,12889,4,4
2020-10-14 15:16:01.308,12888,12889,12889,1,1
2020-10-14 15:16:01.463,12888,12890,12888,1,-1
2020-10-14 15:16:01.539,12888,12890,12888,1,-1
2020-10-14 15:16:13.830,12889,12890,12889,1,1
2020-10-14 15:16:14.277,12889,12890,12890,4,4
2020-10-14 15:16:14.277,12889,12890,12890,2,2
2020-10-14 15:16:16.554,12890,12891,12891,1,1
2020-10-14 15:16:20.149,12890,12892,12890,1,-1
2020-10-14 15:16:30.172,12889,12890,12889,1,-1
2020-10-14 15:16:36.150,12888,12889,12889,1,1
2020-10-14 15:16:36.277,12889,12890,12889,1,-1
2020-10-14 15:16:49.856,12888,12889,12888,2,-2
2020-10-14 15:16:49.857,12888,12889,12888,3,-3
2020-10-14 15:16:50.566,12887,12888,12887,4,-4
2020-10-14 15:16:50.566,12887,12888,12887,2,-2
2020-10-14 15:16:50.566,12887,12888,12887,3,-3
2020-10-14 15:16:53.061,12886,12887,12886,23,-23
2020-10-14 15:16:56.047,12885,12887,12885,1,-1
2020-10-14 15:17:00.963,12885,12886,12885,2,-2
2020-10-14 15:17:02.895,12885,12886,12885,2,-2
2020-10-14 15:17:05.834,12885,12886,12886,2,2
2020-10-14 15:17:06.202,12886,12887,12887,2,2
2020-10-14 15:17:07.331,12886,12888,12886,1,-1
2020-10-14 15:17:11.990,12887,12888,12887,1,1
2020-10-14 15:17:15.752,12886,12888,12886,1,-1
2020-10-14 15:17:19.677,12887,12888,12887,1,1
2020-10-14 15:17:29.885,12887,12888,12888,4,4
2020-10-14 15:17:37.226,12888,12889,12889,3,3
2020-10-14 15:17:37.226,12888,12889,12890,2,2
2020-10-14 15:17:37.694,12888,12890,12888,1,-1
2020-10-14 15:17:52.608,12888,12889,12888,1,-1
2020-10-14 15:18:02.389,12888,12889,12889,8,8
2020-10-14 15:18:02.711,12888,12889,12888,1,-1
2020-10-14 15:18:05.227,12888,12889,12888,1,-1
2020-10-14 15:18:10.386,12888,12889,12888,2,-2
2020-10-14 15:18:14.683,12887,12889,12887,4,-4
2020-10-14 15:18:33.477,12888,12889,12888,1,1
2020-10-14 15:18:40.373,12887,12888,12887,1,-1
2020-10-14 15:18:44.384,12887,12888,12888,2,2
2020-10-14 15:19:06.248,12887,12888,12887,2,-2
2020-10-14 15:19:06.579,12887,12888,12887,1,-1
2020-10-14 15:19:13.199,12887,12888,12887,1,-1
2020-10-14 15:19:17.287,12887,12888,12887,1,-1
2020-10-14 15:19:27.028,12887,12888,12887,4,-4
2020-10-14 15:19:48.545,12887,12888,12887,4,-4
2020-10-14 15:19:48.545,12887,12888,12887,1,-1
2020-10-14 15:20:03.735,12886,12887,12887,1,1
2020-10-14 15:20:03.736,12886,12887,12887,1,1
2020-10-14 15:20:06.410,12887,12888,12888,5,5
2020-10-14 15:20:11.332,12888,12889,12888,1,-1
2020-10-14 15:20:19.140,12888,12889,12888,2,-2
2020-10-14 15:20:19.140,12888,12889,12888,3,-3
2020-10-14 15:20:19.140,12888,12889,12888,1,-1
2020-10-14 15:20:19.831,12887,12888,12887,1,-1
2020-10-14 15:20:24.400,12886,12888,12887,1,-1
2020-10-14 15:20:34.175,12886,12887,12887,1,1
2020-10-14 15:20:36.502,12886,12887,12886,8,-8
2020-10-14 15:20:39.617,12885,12886,12885,1,-1
2020-10-14 15:20:40.562,12885,12886,12886,1,1
2020-10-14 15:20:41.504,12885,12886,12885,24,-24
2020-10-14 15:20:43.658,12884,12885,12884,1,-1
2020-10-14 15:20:43.752,12884,12885,12884,1,-1
2020-10-14 15:20:43.805,12884,12885,12884,21,-21
2020-10-14 15:20:43.805,12884,12885,12883,29,-29
2020-10-14 15:20:43.807,12884,12885,12883,1,-1
2020-10-14 15:20:43.813,12884,12885,12882,2,-2
2020-10-14 15:20:43.821,12884,12885,12882,5,-5
2020-10-14 15:20:43.894,12884,12885,12881,2,-2
2020-10-14 15:20:43.981,12881,12882,12881,5,-5
2020-10-14 15:20:44.006,12881,12882,12881,2,-2
2020-10-14 15:20:44.008,12881,12882,12881,4,-4
2020-10-14 15:20:44.008,12881,12882,12881,8,-8
2020-10-14 15:20:44.009,12881,12882,12881,1,-1
2020-10-14 15:20:44.065,12880,12881,12880,4,-4
2020-10-14 15:20:44.371,12880,12881,12880,1,-1
2020-10-14 15:20:45.463,12880,12881,12880,1,-1
2020-10-14 15:20:45.601,12880,12881,12880,11,-11
2020-10-14 15:20:46.197,12879,12880,12880,1,1
2020-10-14 15:20:46.234,12879,12880,12881,1,1
2020-10-14 15:20:46.928,12880,12881,12881,1,1
2020-10-14 15:20:47.675,12880,12881,12881,4,4
2020-10-14 15:20:47.708,12880,12881,12881,1,1
2020-10-14 15:20:48.225,12881,12882,12881,4,-4
2020-10-14 15:20:48.226,12881,12882,12881,1,-1
2020-10-14 15:20:52.282,12881,12882,12882,1,1
2020-10-14 15:20:55.837,12881,12882,12881,10,-10
2020-10-14 15:20:56.175,12880,12881,12881,1,1
2020-10-14 15:20:57.006,12880,12881,12880,1,-1
2020-10-14 15:20:57.006,12880,12881,12880,4,-4
2020-10-14 15:20:57.064,12879,12880,12879,1,-1
2020-10-14 15:20:57.183,12879,12880,12879,1,-1
2020-10-14 15:20:57.183,12879,12880,12878,1,-1
2020-10-14 15:20:57.308,12878,12879,12878,2,-2
2020-10-14 15:20:57.853,12878,12879,12879,1,1
2020-10-14 15:20:59.472,12878,12879,12879,1,1
2020-10-14 15:21:04.193,12879,12881,12879,1,-1
2020-10-14 15:21:04.285,12879,12881,12881,2,2
2020-10-14 15:21:04.380,12879,12881,12879,1,-1
2020-10-14 15:21:04.919,12880,12881,12880,1,1
2020-10-14 15:21:04.989,12880,12881,12880,3,-3
2020-10-14 15:21:04.989,12880,12881,12879,3,-3
2020-10-14 15:21:05.327,12880,12881,12880,1,1
2020-10-14 15:21:05.413,12880,12881,12880,1,-1
2020-10-14 15:21:05.441,12879,12881,12879,1,-1
2020-10-14 15:21:06.488,12880,12881,12880,1,1
2020-10-14 15:21:07.287,12880,12881,12881,3,3
2020-10-14 15:21:08.020,12880,12882,12880,1,-1
2020-10-14 15:21:08.730,12881,12882,12881,2,2
2020-10-14 15:21:08.730,12881,12882,12880,1,-1
2020-10-14 15:21:14.473,12881,12882,12881,1,1
2020-10-14 15:21:14.970,12881,12882,12881,3,-3
2020-10-14 15:21:15.602,12880,12881,12881,1,1
2020-10-14 15:21:19.051,12880,12881,12881,1,1
2020-10-14 15:21:19.754,12881,12882,12881,2,-2
2020-10-14 15:21:19.990,12881,12882,12882,2,2
2020-10-14 15:21:20.158,12881,12882,12881,1,-1
2020-10-14 15:21:21.402,12881,12882,12881,1,-1
2020-10-14 15:21:21.872,12881,12882,12881,1,-1
2020-10-14 15:21:22.923,12881,12882,12882,1,1
2020-10-14 15:21:23.675,12881,12882,12881,1,-1
2020-10-14 15:21:23.884,12881,12882,12882,4,4
2020-10-14 15:21:23.884,12881,12882,12882,5,5
2020-10-14 15:21:23.885,12881,12882,12882,2,2
2020-10-14 15:21:23.885,12881,12882,12882,1,1
2020-10-14 15:21:23.885,12881,12882,12882,5,5
2020-10-14 15:21:23.958,12882,12884,12882,1,-1
2020-10-14 15:21:24.412,12882,12884,12882,5,-5
2020-10-14 15:21:25.728,12882,12884,12882,1,-1
2020-10-14 15:21:34.364,12883,12884,12883,1,1
2020-10-14 15:21:36.706,12883,12884,12884,7,7
2020-10-14 15:21:36.733,12883,12884,12884,1,1
2020-10-14 15:21:39.682,12884,12885,12884,1,-1
2020-10-14 15:21:42.073,12884,12885,12885,2,2
2020-10-14 15:21:42.693,12884,12885,12885,1,1
2020-10-14 15:21:42.850,12884,12885,12885,1,1
2020-10-14 15:21:42.963,12885,12886,12885,1,-1
2020-10-14 15:21:45.615,12885,12886,12886,1,1
2020-10-14 15:21:45.712,12885,12886,12885,1,-1
2020-10-14 15:21:46.267,12884,12886,12886,4,4
2020-10-14 15:21:49.740,12885,12886,12885,3,-3
2020-10-14 15:21:51.628,12885,12886,12885,2,-2
2020-10-14 15:21:51.825,12885,12886,12885,3,-3
2020-10-14 15:21:51.825,12885,12886,12885,1,-1
2020-10-14 15:21:58.184,12885,12886,12885,1,-1
2020-10-14 15:22:14.341,12884,12885,12885,1,1
2020-10-14 15:22:14.586,12884,12885,12884,2,-2
2020-10-14 15:22:14.628,12884,12885,12884,2,-2
2020-10-14 15:22:19.636,12884,12885,12885,1,1
2020-10-14 15:22:19.896,12885,12886,12885,1,-1
2020-10-14 15:22:22.147,12885,12886,12885,1,-1
2020-10-14 15:22:22.506,12885,12886,12885,2,-2
2020-10-14 15:22:23.069,12884,12885,12885,1,1
2020-10-14 15:22:26.658,12884,12885,12885,2,2
2020-10-14 15:22:28.593,12885,12886,12885,1,-1
2020-10-14 15:22:33.010,12885,12886,12886,4,4
2020-10-14 15:22:40.135,12884,12885,12885,1,1
2020-10-14 15:22:44.005,12885,12886,12885,2,-2
2020-10-14 15:22:49.694,12885,12886,12885,1,-1
2020-10-14 15:22:52.056,12885,12886,12886,3,3
2020-10-14 15:22:52.374,12885,12886,12886,1,1
2020-10-14 15:23:00.592,12885,12886,12886,1,1
2020-10-14 15:23:06.909,12885,12886,12885,3,-3
2020-10-14 15:23:06.909,12885,12886,12885,1,-1
2020-10-14 15:23:11.516,12884,12885,12885,1,1
2020-10-14 15:23:18.374,12884,12885,12884,2,-2
2020-10-14 15:23:19.483,12883,12884,12884,1,1
2020-10-14 15:23:24.498,12883,12884,12883,6,-6
2020-10-14 15:23:25.957,12883,12884,12883,1,-1
2020-10-14 15:23:33.642,12882,12883,12882,1,-1
2020-10-14 15:23:33.939,12882,12883,12882,1,-1
2020-10-14 15:23:34.675,12881,12883,12883,2,2
2020-10-14 15:23:39.259,12882,12883,12882,4,-4
2020-10-14 15:23:41.602,12882,12883,12882,2,-2
2020-10-14 15:23:48.820,12882,12883,12882,1,-1
2020-10-14 15:23:49.077,12882,12883,12883,1,1
2020-10-14 15:23:49.470,12882,12883,12883,3,3
2020-10-14 15:23:54.030,12883,12884,12883,1,-1
2020-10-14 15:24:03.694,12883,12884,12884,4,4
2020-10-14 15:24:09.814,12884,12885,12885,1,1
2020-10-14 15:24:19.336,12884,12885,12885,1,1
2020-10-14 15:24:19.659,12884,12885,12884,7,-7
2020-10-14 15:24:19.662,12884,12885,12884,2,-2
2020-10-14 15:24:19.707,12883,12885,12883,5,-5
2020-10-14 15:24:19.707,12883,12885,12882,2,-2
2020-10-14 15:24:20.677,12882,12884,12884,1,1
2020-10-14 15:24:34.197,12883,12884,12883,1,-1
2020-10-14 15:24:36.300,12883,12884,12884,3,3
2020-10-14 15:24:45.138,12884,12885,12885,1,1
2020-10-14 15:24:45.645,12884,12885,12885,6,6
2020-10-14 15:25:00.459,12885,12886,12885,1,-1
2020-10-14 15:25:08.898,12884,12886,12884,1,-1
2020-10-14 15:25:22.484,12885,12886,12885,1,1
2020-10-14 15:25:22.924,12885,12886,12885,2,-2
2020-10-14 15:25:28.738,12885,12886,12886,1,1
2020-10-14 15:25:29.035,12885,12886,12885,1,-1
2020-10-14 15:25:29.035,12885,12886,12884,1,-1
2020-10-14 15:25:29.052,12884,12885,12885,2,2
2020-10-14 15:25:30.040,12884,12886,12886,5,5
2020-10-14 15:25:33.716,12884,12886,12884,1,-1
2020-10-14 15:26:00.463,12885,12886,12885,3,3
2020-10-14 15:26:00.547,12884,12885,12885,1,1
2020-10-14 15:26:06.712,12885,12886,12885,2,-2
2020-10-14 15:26:12.705,12884,12885,12885,1,1
2020-10-14 15:26:19.400,12884,12885,12885,1,1
2020-10-14 15:26:19.400,12884,12885,12885,1,1
2020-10-14 15:26:34.620,12884,12885,12884,15,-15
2020-10-14 15:26:34.621,12884,12885,12884,1,-1
2020-10-14 15:26:34.679,12883,12884,12884,2,2
2020-10-14 15:26:40.988,12883,12884,12884,1,1
2020-10-14 15:26:41.046,12883,12884,12884,1,1
2020-10-14 15:26:50.225,12883,12884,12884,1,1
2020-10-14 15:27:01.757,12883,12884,12884,1,1
2020-10-14 15:27:02.276,12883,12884,12884,5,5
2020-10-14 15:27:02.276,12883,12884,12884,2,2
2020-10-14 15:27:03.510,12883,12884,12884,1,1
2020-10-14 15:27:20.338,12884,12886,12885,1,1
2020-10-14 15:27:24.678,12885,12886,12886,4,4
2020-10-14 15:27:30.463,12886,12887,12886,4,-4
2020-10-14 15:27:30.464,12886,12887,12886,1,-1
2020-10-14 15:27:37.306,12885,12886,12886,1,1
2020-10-14 15:27:38.641,12885,12886,12886,3,3
2020-10-14 15:27:52.432,12885,12886,12886,1,1
2020-10-14 15:27:52.702,12885,12886,12885,2,-2
2020-10-14 15:27:52.741,12885,12886,12884,2,-2
2020-10-14 15:27:53.626,12884,12885,12885,1,1
2020-10-14 15:27:59.618,12884,12886,12886,9,9
2020-10-14 15:28:01.006,12885,12887,12887,14,14
2020-10-14 15:28:01.550,12886,12888,12888,4,4
2020-10-14 15:28:04.639,12886,12888,12886,5,-5
2020-10-14 15:28:15.867,12886,12887,12887,6,6
2020-10-14 15:28:18.630,12886,12887,12887,1,1
2020-10-14 15:28:28.576,12887,12888,12888,4,4
2020-10-14 15:28:36.799,12887,12888,12887,5,-5
2020-10-14 15:28:44.090,12887,12888,12888,1,1
2020-10-14 15:29:04.132,12887,12888,12888,1,1
2020-10-14 15:29:05.806,12887,12888,12888,5,5
2020-10-14 15:29:11.210,12887,12888,12888,1,1
2020-10-14 15:29:15.235,12887,12888,12888,1,1
2020-10-14 15:29:16.363,12888,12889,12888,1,-1
2020-10-14 15:29:16.363,12888,12889,12887,1,-1
2020-10-14 15:29:24.476,12887,12888,12888,1,1
2020-10-14 15:29:29.052,12887,12888,12887,3,-3
2020-10-14 15:29:29.052,12887,12888,12887,2,-2
2020-10-14 15:29:29.052,12887,12888,12887,6,-6
2020-10-14 15:29:43.659,12886,12887,12887,1,1
2020-10-14 15:29:53.014,12886,12888,12886,1,-1
2020-10-14 15:30:02.600,12886,12887,12887,3,3
2020-10-14 15:30:03.046,12886,12887,12886,1,-1
2020-10-14 15:30:24.407,12886,12887,12886,4,-4
2020-10-14 15:30:24.407,12886,12887,12886,3,-3
2020-10-14 15:30:24.408,12886,12887,12885,2,-2
2020-10-14 15:30:28.325,12885,12886,12885,1,-1
2020-10-14 15:30:28.325,12885,12886,12885,9,-9
2020-10-14 15:30:28.325,12885,12886,12885,1,-1
2020-10-14 15:30:28.341,12885,12886,12885,3,-3
2020-10-14 15:30:28.895,12885,12886,12886,1,1
2020-10-14 15:30:39.177,12885,12886,12886,1,1
2020-10-14 15:30:49.861,12885,12886,12886,4,4
2020-10-14 15:30:49.966,12886,12887,12886,1,-1
2020-10-14 15:30:53.072,12886,12887,12886,1,-1
2020-10-14 15:30:53.193,12886,12887,12887,1,1
2020-10-14 15:31:24.585,12886,12887,12886,1,-1
2020-10-14 15:31:27.792,12886,12887,12886,1,-1
2020-10-14 15:31:29.292,12886,12887,12887,5,5
2020-10-14 15:31:37.622,12886,12887,12887,2,2
2020-10-14 15:31:41.862,12887,12888,12887,1,-1
2020-10-14 15:31:41.862,12887,12888,12887,1,-1
2020-10-14 15:31:42.345,12886,12888,12888,2,2
2020-10-14 15:31:54.898,12885,12886,12885,2,-2
2020-10-14 15:31:56.199,12884,12885,12884,2,-2
2020-10-14 15:31:56.370,12884,12885,12884,1,-1
2020-10-14 15:32:01.193,12884,12885,12884,6,-6
2020-10-14 15:32:01.194,12884,12885,12884,1,-1
2020-10-14 15:32:01.195,12884,12885,12884,3,-3
2020-10-14 15:32:02.487,12884,12885,12884,1,-1
2020-10-14 15:32:02.758,12883,12884,12884,1,1
2020-10-14 15:32:05.485,12884,12885,12885,1,1
2020-10-14 15:32:08.615,12884,12885,12884,2,-2
2020-10-14 15:32:09.810,12883,12884,12884,1,1
2020-10-14 15:32:10.171,12883,12884,12884,1,1
2020-10-14 15:32:18.634,12883,12884,12884,1,1
2020-10-14 15:32:19.374,12883,12884,12883,1,-1
2020-10-14 15:32:21.360,12883,12884,12884,1,1
2020-10-14 15:32:26.202,12883,12884,12884,1,1
2020-10-14 15:32:27.175,12884,12885,12884,1,-1
2020-10-14 15:32:28.335,12883,12885,12885,1,1
2020-10-14 15:32:29.273,12884,12885,12885,1,1
2020-10-14 15:32:29.273,12884,12885,12886,1,1
2020-10-14 15:32:45.014,12883,12884,12884,1,1
2020-10-14 15:32:45.863,12883,12884,12883,2,-2
2020-10-14 15:32:45.864,12883,12884,12883,2,-2
2020-10-14 15:32:45.864,12883,12884,12883,4,-4
2020-10-14 15:32:52.324,12882,12883,12883,1,1
2020-10-14 15:32:52.324,12882,12883,12883,1,1
2020-10-14 15:32:52.324,12882,12883,12883,1,1
2020-10-14 15:32:52.324,12882,12883,12883,1,1
2020-10-14 15:32:53.754,12883,12884,12883,1,-1
2020-10-14 15:33:02.882,12883,12884,12884,1,1
2020-10-14 15:33:14.022,12883,12884,12884,4,4
2020-10-14 15:33:14.557,12884,12885,12885,1,1
2020-10-14 15:33:39.652,12884,12886,12886,1,1
2020-10-14 15:33:49.143,12884,12885,12884,1,-1
2020-10-14 15:33:49.359,12883,12885,12885,1,1
2020-10-14 15:33:57.402,12884,12885,12885,1,1
2020-10-14 15:34:24.330,12885,12886,12886,1,1
2020-10-14 15:34:25.866,12885,12886,12885,2,-2
2020-10-14 15:34:27.919,12885,12886,12886,1,1
2020-10-14 15:34:29.958,12885,12886,12885,2,-2
2020-10-14 15:35:07.466,12885,12886,12886,1,1
2020-10-14 15:35:07.466,12885,12886,12886,4,4
2020-10-14 15:35:07.466,12885,12886,12886,2,2
2020-10-14 15:35:29.750,12887,12888,12888,4,4
2020-10-14 15:35:29.751,12887,12888,12888,1,1
2020-10-14 15:35:31.161,12887,12888,12888,1,1
2020-10-14 15:35:35.275,12888,12889,12888,1,-1
2020-10-14 15:35:42.756,12887,12888,12888,2,2
2020-10-14 15:35:42.756,12887,12888,12888,2,2
2020-10-14 15:35:47.726,12888,12889,12888,1,-1
2020-10-14 15:35:48.468,12888,12889,12889,7,7
2020-10-14 15:35:48.870,12889,12890,12890,4,4
2020-10-14 15:35:48.871,12889,12890,12890,7,7
2020-10-14 15:35:49.092,12890,12891,12891,1,1
2020-10-14 15:35:53.220,12890,12891,12890,1,-1
2020-10-14 15:35:56.071,12890,12891,12890,1,-1
2020-10-14 15:35:58.479,12889,12890,12890,1,1
2020-10-14 15:36:01.872,12889,12891,12890,5,-5
2020-10-14 15:36:06.755,12890,12891,12890,2,-2
2020-10-14 15:36:06.870,12890,12891,12890,1,-1
2020-10-14 15:36:08.400,12890,12891,12890,1,-1
2020-10-14 15:36:15.632,12889,12890,12890,8,8
2020-10-14 15:36:19.245,12890,12891,12890,1,-1
2020-10-14 15:36:19.996,12890,12891,12890,1,-1
2020-10-14 15:36:19.996,12890,12891,12890,4,-4
2020-10-14 15:36:19.996,12890,12891,12890,2,-2
2020-10-14 15:36:28.501,12889,12890,12890,1,1
2020-10-14 15:36:32.393,12889,12890,12890,1,1
2020-10-14 15:36:34.399,12889,12890,12890,1,1
2020-10-14 15:36:35.672,12889,12890,12890,1,1
2020-10-14 15:36:38.051,12889,12890,12890,1,1
2020-10-14 15:36:38.051,12889,12890,12890,1,1
2020-10-14 15:36:40.107,12889,12891,12891,1,1
2020-10-14 15:36:41.273,12889,12891,12891,1,1
2020-10-14 15:36:42.197,12889,12891,12891,1,1
2020-10-14 15:36:47.649,12890,12891,12891,1,1
2020-10-14 15:36:49.760,12890,12891,12891,1,1
2020-10-14 15:36:50.445,12890,12891,12891,1,1
2020-10-14 15:36:56.789,12890,12891,12891,1,1
2020-10-14 15:37:00.841,12890,12891,12890,10,-10
2020-10-14 15:37:13.076,12890,12891,12890,1,-1
2020-10-14 15:37:13.543,12889,12890,12890,2,2
2020-10-14 15:37:17.468,12890,12891,12890,1,-1
2020-10-14 15:37:19.227,12890,12891,12891,1,1
2020-10-14 15:37:20.377,12890,12891,12891,1,1
2020-10-14 15:37:25.249,12890,12891,12891,1,1
2020-10-14 15:37:25.599,12890,12891,12891,4,4
2020-10-14 15:37:29.389,12891,12892,12891,1,-1
2020-10-14 15:37:33.808,12891,12892,12891,1,-1
2020-10-14 15:37:52.636,12891,12892,12892,1,1
2020-10-14 15:37:56.221,12891,12892,12891,1,-1
2020-10-14 15:38:02.722,12891,12892,12892,1,1
2020-10-14 15:38:02.722,12891,12892,12892,4,4
2020-10-14 15:38:02.722,12891,12892,12892,5,5
2020-10-14 15:38:02.722,12891,12892,12892,6,6
2020-10-14 15:38:02.722,12891,12892,12892,4,4
2020-10-14 15:38:02.722,12891,12892,12892,3,3
2020-10-14 15:38:02.796,12891,12893,12892,1,-1
2020-10-14 15:38:14.433,12892,12893,12892,5,-5
2020-10-14 15:38:14.790,12891,12892,12892,1,1
2020-10-14 15:38:19.903,12891,12892,12892,1,1
2020-10-14 15:38:19.909,12891,12892,12892,3,3
2020-10-14 15:38:24.430,12891,12892,12892,1,1
2020-10-14 15:38:29.925,12891,12892,12892,2,2
2020-10-14 15:38:30.642,12891,12892,12892,1,1
2020-10-14 15:38:32.537,12891,12892,12892,6,6
2020-10-14 15:38:32.538,12891,12892,12892,1,1
2020-10-14 15:38:41.562,12891,12892,12891,2,-2
2020-10-14 15:38:41.563,12891,12892,12891,7,-7
2020-10-14 15:38:57.778,12890,12891,12891,1,1
2020-10-14 15:39:08.346,12890,12891,12891,1,1
2020-10-14 15:39:09.718,12890,12891,12891,1,1
2020-10-14 15:39:13.252,12890,12891,12891,1,1
2020-10-14 15:39:26.028,12890,12891,12890,8,-8
2020-10-14 15:39:26.028,12890,12891,12890,1,-1
2020-10-14 15:39:35.800,12889,12890,12890,1,1
2020-10-14 15:39:39.649,12890,12891,12890,1,-1
2020-10-14 15:39:41.244,12890,12891,12890,1,-1
2020-10-14 15:39:41.830,12890,12891,12890,1,-1
2020-10-14 15:39:46.277,12889,12890,12890,2,2
2020-10-14 15:39:50.108,12889,12890,12890,1,1
2020-10-14 15:40:01.695,12890,12891,12890,1,-1
2020-10-14 15:40:01.695,12890,12891,12890,1,-1
2020-10-14 15:40:24.598,12890,12891,12891,2,2
2020-10-14 15:40:26.667,12891,12892,12892,2,2
2020-10-14 15:40:27.645,12891,12892,12892,1,1
2020-10-14 15:40:27.652,12891,12892,12892,1,1
2020-10-14 15:40:27.674,12891,12892,12892,1,1
2020-10-14 15:40:27.674,12891,12892,12892,1,1
2020-10-14 15:40:27.684,12891,12892,12893,1,1
2020-10-14 15:40:27.720,12891,12892,12893,1,1
2020-10-14 15:40:27.730,12891,12892,12893,1,1
2020-10-14 15:40:27.840,12892,12893,12892,1,-1
2020-10-14 15:40:28.833,12892,12893,12892,1,-1
2020-10-14 15:40:35.593,12892,12893,12892,3,-3
2020-10-14 15:40:42.674,12892,12893,12892,1,-1
2020-10-14 15:40:44.609,12892,12893,12892,2,-2
2020-10-14 15:40:48.870,12891,12892,12892,1,1
2020-10-14 15:40:57.786,12891,12892,12892,5,5
2020-10-14 15:40:59.550,12891,12892,12891,1,-1
2020-10-14 15:41:01.109,12891,12892,12892,1,1
2020-10-14 15:41:01.403,12891,12893,12891,1,-1
2020-10-14 15:41:29.503,12892,12893,12892,1,1
2020-10-14 15:41:36.677,12892,12893,12892,1,-1
2020-10-14 15:41:38.731,12892,12893,12892,1,-1
2020-10-14 15:41:41.451,12892,12893,12893,1,1
2020-10-14 15:41:47.751,12892,12893,12892,1,-1
2020-10-14 15:41:47.751,12892,12893,12892,1,-1
2020-10-14 15:41:47.751,12892,12893,12892,1,-1
2020-10-14 15:41:47.751,12892,12893,12892,4,-4
2020-10-14 15:41:54.317,12891,12892,12892,1,1
2020-10-14 15:41:56.506,12891,12892,12891,1,-1
2020-10-14 15:41:56.506,12891,12892,12891,5,-5
2020-10-14 15:41:56.506,12891,12892,12891,4,-4
2020-10-14 15:41:56.506,12891,12892,12891,2,-2
2020-10-14 15:42:10.343,12890,12891,12891,1,1
2020-10-14 15:42:14.046,12891,12892,12891,2,-2
2020-10-14 15:42:18.486,12891,12892,12891,1,-1
2020-10-14 15:42:20.522,12891,12892,12892,2,2
2020-10-14 15:42:22.201,12892,12893,12892,1,-1
2020-10-14 15:42:24.868,12892,12893,12893,2,2
2020-10-14 15:42:26.418,12892,12893,12892,1,-1
2020-10-14 15:42:32.694,12892,12893,12893,2,2
2020-10-14 15:42:44.096,12892,12893,12893,1,1
2020-10-14 15:42:50.427,12892,12893,12893,7,7
2020-10-14 15:42:53.454,12893,12894,12893,1,-1
2020-10-14 15:42:55.537,12893,12894,12894,2,2
2020-10-14 15:42:57.636,12893,12894,12893,1,-1
2020-10-14 15:43:07.169,12893,12894,12893,2,-2
2020-10-14 15:43:07.297,12892,12893,12893,1,1
2020-10-14 15:43:07.475,12892,12894,12892,1,-1
2020-10-14 15:43:18.797,12893,12894,12894,9,9
2020-10-14 15:43:18.797,12893,12894,12894,4,4
2020-10-14 15:43:18.797,12893,12894,12894,2,2
2020-10-14 15:43:18.797,12893,12894,12894,4,4
2020-10-14 15:43:18.797,12893,12894,12894,6,6
2020-10-14 15:43:23.615,12893,12895,12895,2,2
2020-10-14 15:43:29.705,12893,12894,12894,1,1
2020-10-14 15:43:36.501,12893,12895,12895,2,2
2020-10-14 15:43:36.778,12894,12895,12894,2,-2
2020-10-14 15:43:46.882,12893,12894,12893,3,-3
2020-10-14 15:43:51.885,12893,12894,12893,2,-2
2020-10-14 15:43:54.890,12892,12893,12893,1,1
2020-10-14 15:43:56.887,12893,12894,12893,2,-2
2020-10-14 15:44:10.245,12892,12893,12893,1,1
2020-10-14 15:44:12.883,12892,12893,12893,2,2
2020-10-14 15:44:14.858,12892,12893,12893,1,1
2020-10-14 15:44:14.859,12892,12893,12893,1,1
2020-10-14 15:44:23.404,12892,12893,12893,3,3
2020-10-14 15:44:32.080,12892,12893,12893,4,4
2020-10-14 15:44:32.080,12892,12893,12894,1,1
2020-10-14 15:44:46.045,12893,12894,12894,1,1
2020-10-14 15:44:55.986,12893,12894,12893,1,-1
2020-10-14 15:45:12.493,12893,12894,12893,3,-3
2020-10-14 15:45:12.904,12892,12893,12893,1,1
2020-10-14 15:45:12.905,12892,12893,12893,1,1
2020-10-14 15:45:16.890,12893,12894,12894,2,2
2020-10-14 15:45:27.099,12893,12894,12893,1,-1
2020-10-14 15:45:27.099,12893,12894,12893,1,-1
2020-10-14 15:45:27.099,12893,12894,12893,2,-2
2020-10-14 15:45:31.290,12892,12893,12892,14,-14
2020-10-14 15:45:31.290,12892,12893,12892,1,-1
2020-10-14 15:45:31.290,12892,12893,12892,1,-1
2020-10-14 15:45:39.357,12891,12892,12891,2,-2
2020-10-14 15:45:48.816,12890,12891,12890,1,-1
2020-10-14 15:45:49.041,12890,12891,12890,1,-1
2020-10-14 15:45:49.098,12890,12891,12890,3,-3
2020-10-14 15:45:53.113,12890,12891,12890,1,-1
2020-10-14 15:46:05.194,12890,12891,12890,1,-1
2020-10-14 15:46:12.500,12890,12891,12890,2,-2
2020-10-14 15:46:31.847,12889,12890,12890,1,1
2020-10-14 15:46:42.327,12889,12890,12890,1,1
2020-10-14 15:46:42.327,12889,12890,12890,1,1
2020-10-14 15:46:42.328,12889,12890,12890,3,3
2020-10-14 15:46:42.420,12890,12891,12891,1,1
2020-10-14 15:46:59.105,12890,12891,12891,1,1
2020-10-14 15:47:00.187,12890,12891,12891,2,2
2020-10-14 15:47:00.776,12890,12891,12891,1,1
2020-10-14 15:47:09.715,12890,12891,12891,1,1
2020-10-14 15:47:15.783,12891,12892,12891,1,-1
2020-10-14 15:47:55.055,12891,12892,12892,1,1
2020-10-14 15:48:02.275,12891,12892,12892,5,5
2020-10-14 15:48:16.350,12891,12892,12892,2,2
2020-10-14 15:48:40.158,12891,12892,12892,1,1
2020-10-14 15:48:40.487,12892,12893,12892,1,-1
2020-10-14 15:48:45.077,12892,12893,12892,1,-1
2020-10-14 15:48:52.786,12892,12893,12893,3,3
2020-10-14 15:48:59.245,12892,12894,12892,1,-1
2020-10-14 15:49:03.635,12893,12894,12893,1,1
2020-10-14 15:49:38.625,12892,12893,12893,1,1
2020-10-14 15:50:18.108,12892,12893,12893,2,2
2020-10-14 15:50:21.579,12892,12893,12892,4,-4
2020-10-14 15:50:21.579,12892,12893,12892,8,-8
2020-10-14 15:50:21.579,12892,12893,12892,3,-3
2020-10-14 15:50:35.837,12891,12892,12892,3,3
2020-10-14 15:50:40.947,12891,12892,12892,2,2
2020-10-14 15:50:43.783,12891,12892,12892,1,1
2020-10-14 15:50:47.055,12891,12892,12891,1,-1
2020-10-14 15:50:49.408,12891,12892,12892,1,1
2020-10-14 15:50:50.030,12892,12893,12892,1,-1
2020-10-14 15:50:57.084,12892,12893,12893,6,6
2020-10-14 15:51:06.972,12893,12894,12894,1,1
2020-10-14 15:51:09.811,12893,12894,12893,1,-1
2020-10-14 15:51:20.152,12893,12894,12893,3,-3
2020-10-14 15:51:25.337,12892,12893,12893,4,4
2020-10-14 15:51:25.337,12892,12893,12894,1,1
2020-10-14 15:51:36.391,12892,12894,12892,1,-1
2020-10-14 15:51:40.744,12892,12893,12893,2,2
2020-10-14 15:51:53.729,12892,12893,12892,2,-2
2020-10-14 15:52:03.454,12891,12892,12891,1,-1
2020-10-14 15:52:16.213,12891,12893,12893,1,1
2020-10-14 15:52:24.731,12891,12892,12891,2,-2
2020-10-14 15:52:37.353,12890,12891,12890,2,-2
2020-10-14 15:52:37.354,12890,12891,12890,2,-2
2020-10-14 15:52:37.354,12890,12891,12890,4,-4
2020-10-14 15:52:48.563,12890,12891,12890,2,-2
2020-10-14 15:52:54.526,12889,12890,12890,2,2
2020-10-14 15:52:55.756,12889,12890,12889,1,-1
2020-10-14 15:52:55.784,12889,12890,12889,1,-1
2020-10-14 15:52:55.784,12889,12890,12889,1,-1
2020-10-14 15:52:55.785,12889,12890,12889,2,-2
2020-10-14 15:52:58.473,12889,12890,12889,1,-1
2020-10-14 15:53:05.211,12889,12890,12890,3,3
2020-10-14 15:53:19.520,12890,12891,12890,1,-1
2020-10-14 15:53:26.226,12890,12891,12891,4,4
2020-10-14 15:53:26.226,12890,12891,12891,5,5
2020-10-14 15:53:27.816,12891,12892,12891,1,-1
2020-10-14 15:54:20.621,12891,12892,12892,1,1
2020-10-14 15:54:44.388,12891,12892,12892,1,1
2020-10-14 15:54:58.644,12891,12892,12892,1,1
2020-10-14 15:55:02.360,12891,12892,12892,3,3
2020-10-14 15:55:02.575,12891,12892,12892,1,1
2020-10-14 15:55:02.674,12891,12893,12893,1,1
2020-10-14 15:55:08.137,12891,12892,12892,1,1
2020-10-14 15:55:24.946,12892,12893,12893,4,4
2020-10-14 15:55:29.627,12892,12893,12893,1,1
2020-10-14 15:55:33.441,12892,12893,12893,1,1
2020-10-14 15:55:44.427,12892,12893,12893,4,4
2020-10-14 15:55:44.555,12893,12894,12893,2,-2
2020-10-14 15:55:49.512,12892,12893,12893,1,1
2020-10-14 15:55:53.044,12892,12894,12894,1,1
2020-10-14 15:55:58.745,12892,12894,12893,1,-1
2020-10-14 15:56:18.439,12892,12894,12894,1,1
2020-10-14 15:56:37.482,12892,12893,12893,1,1
2020-10-14 15:57:02.190,12892,12893,12893,1,1
2020-10-14 15:57:03.417,12893,12894,12893,1,-1
2020-10-14 15:57:03.418,12893,12894,12893,2,-2
2020-10-14 15:57:05.991,12893,12894,12893,5,-5
2020-10-14 15:57:06.651,12893,12894,12893,1,-1
2020-10-14 15:57:08.556,12893,12894,12893,1,-1
2020-10-14 15:57:30.654,12892,12893,12892,2,-2
2020-10-14 15:58:07.567,12892,12893,12893,4,4
2020-10-14 15:58:07.567,12892,12893,12893,2,2
2020-10-14 15:58:07.567,12892,12893,12893,1,1
2020-10-14 15:58:07.567,12892,12893,12893,10,10
2020-10-14 15:58:07.913,12893,12894,12893,1,-1
2020-10-14 15:58:08.141,12893,12894,12894,1,1
2020-10-14 15:58:11.337,12892,12893,12893,2,2
2020-10-14 15:58:21.375,12893,12894,12893,1,-1
2020-10-14 15:58:38.733,12893,12894,12893,1,-1
2020-10-14 15:58:49.393,12893,12894,12893,3,-3
2020-10-14 15:59:00.281,12893,12894,12893,1,-1
2020-10-14 15:59:04.212,12893,12894,12893,1,-1
2020-10-14 15:59:11.584,12893,12894,12894,1,1
2020-10-14 15:59:36.988,12893,12894,12893,1,-1
2020-10-14 15:59:36.988,12893,12894,12893,3,-3
2020-10-14 15:59:36.989,12893,12894,12893,1,-1
2020-10-14 15:59:36.989,12893,12894,12893,3,-3
2020-10-14 15:59:40.998,12892,12893,12894,1,1
2020-10-14 15:59:41.176,12893,12894,12893,1,-1
2020-10-14 15:59:41.406,12892,12894,12894,21,21
2020-10-14 15:59:45.421,12893,12895,12894,1,-1
2020-10-14 15:59:45.899,12893,12895,12895,1,1
2020-10-14 15:59:46.487,12893,12895,12895,2,2
2020-10-14 15:59:46.609,12893,12895,12895,1,1
2020-10-14 15:59:46.828,12893,12895,12895,1,1
2020-10-14 15:59:52.731,12894,12895,12895,1,1
2020-10-14 15:59:54.007,12894,12895,12895,1,1
2020-10-14 15:59:56.703,12894,12895,12894,1,-1
2020-10-14 16:00:00.220,12894,12895,12895,1,1
2020-10-14 16:00:01.461,12894,12895,12894,2,-2
2020-10-14 16:00:01.834,12893,12895,12895,2,2
2020-10-14 16:00:01.845,12893,12895,12895,2,2
2020-10-14 16:00:02.795,12894,12895,12895,2,2
2020-10-14 16:00:02.832,12894,12895,12895,2,2
2020-10-14 16:00:04.704,12894,12895,12894,1,-1
2020-10-14 16:00:18.238,12892,12893,12893,1,1
2020-10-14 16:00:43.408,12893,12894,12894,1,1
2020-10-14 16:00:43.614,12894,12895,12895,2,2
2020-10-14 16:00:43.723,12894,12895,12895,2,2
2020-10-14 16:00:48.775,12893,12894,12894,1,1
2020-10-14 16:01:01.009,12893,12895,12895,1,1
2020-10-14 16:01:02.034,12894,12895,12895,5,5
2020-10-14 16:01:16.244,12893,12895,12895,1,1
2020-10-14 16:01:16.506,12893,12895,12895,10,10
2020-10-14 16:01:18.066,12894,12895,12895,1,1
2020-10-14 16:01:28.588,12895,12896,12895,5,-5
2020-10-14 16:01:29.633,12894,12895,12895,6,6
2020-10-14 16:01:37.699,12894,12896,12896,10,10
2020-10-14 16:01:43.576,12895,12896,12895,1,-1
2020-10-14 16:01:53.969,12895,12896,12896,34,34
2020-10-14 16:01:56.498,12896,12897,12896,4,-4
2020-10-14 16:02:01.501,12896,12897,12896,1,-1
2020-10-14 16:02:02.196,12896,12897,12897,2,2
2020-10-14 16:02:02.582,12896,12897,12897,1,1
2020-10-14 16:02:02.587,12896,12897,12897,1,1
2020-10-14 16:02:02.592,12896,12897,12897,1,1
2020-10-14 16:02:16.516,12896,12897,12896,1,-1
2020-10-14 16:02:25.814,12896,12897,12897,2,2
2020-10-14 16:02:28.203,12896,12897,12897,1,1
2020-10-14 16:02:33.398,12896,12897,12896,2,-2
2020-10-14 16:02:36.507,12896,12897,12897,1,1
2020-10-14 16:02:45.295,12896,12897,12897,1,1
2020-10-14 16:02:46.576,12896,12897,12897,1,1
2020-10-14 16:02:48.531,12896,12897,12897,4,4
2020-10-14 16:02:48.531,12896,12897,12897,6,6
2020-10-14 16:02:48.531,12896,12897,12897,11,11
2020-10-14 16:02:48.531,12896,12897,12897,2,2
2020-10-14 16:02:48.531,12896,12897,12897,2,2
2020-10-14 16:02:48.531,12896,12897,12897,9,9
2020-10-14 16:02:48.675,12897,12898,12898,1,1
2020-10-14 16:02:50.702,12897,12898,12897,2,-2
2020-10-14 16:02:52.592,12897,12898,12897,1,-1
2020-10-14 16:02:52.780,12897,12898,12898,7,7
2020-10-14 16:02:52.801,12897,12898,12898,7,7
2020-10-14 16:02:55.270,12897,12898,12897,5,-5
2020-10-14 16:03:02.685,12896,12897,12897,1,1
2020-10-14 16:03:06.794,12897,12898,12897,1,-1
2020-10-14 16:03:09.233,12897,12898,12897,1,-1
2020-10-14 16:03:11.055,12897,12898,12897,1,-1
2020-10-14 16:03:21.747,12897,12898,12897,2,-2
2020-10-14 16:03:24.067,12897,12898,12898,5,5
2020-10-14 16:03:24.271,12897,12898,12898,5,5
2020-10-14 16:03:25.573,12897,12899,12899,2,2
2020-10-14 16:03:31.837,12897,12898,12898,1,1
2020-10-14 16:03:33.368,12897,12898,12898,1,1
2020-10-14 16:03:35.967,12897,12898,12898,1,1
2020-10-14 16:03:51.651,12897,12898,12898,1,1
2020-10-14 16:04:02.248,12897,12898,12898,1,1
2020-10-14 16:04:02.319,12897,12898,12898,1,1
2020-10-14 16:04:03.815,12897,12898,12898,1,1
2020-10-14 16:04:07.829,12897,12898,12898,1,1
2020-10-14 16:04:10.190,12897,12898,12897,1,-1
2020-10-14 16:04:11.751,12897,12898,12897,1,-1
2020-10-14 16:04:15.792,12897,12898,12897,1,-1
2020-10-14 16:04:19.862,12897,12898,12897,4,-4
2020-10-14 16:04:19.863,12897,12898,12897,2,-2
2020-10-14 16:04:19.863,12897,12898,12897,2,-2
2020-10-14 16:04:19.863,12897,12898,12897,2,-2
2020-10-14 16:04:19.863,12897,12898,12897,2,-2
2020-10-14 16:04:25.354,12896,12897,12896,1,-1
2020-10-14 16:04:33.083,12896,12897,12897,2,2
2020-10-14 16:04:39.737,12896,12897,12896,15,-15
2020-10-14 16:04:40.015,12895,12896,12896,9,9
2020-10-14 16:04:42.476,12896,12897,12896,1,-1
2020-10-14 16:04:45.806,12896,12897,12896,1,-1
2020-10-14 16:04:45.807,12896,12897,12896,1,-1
2020-10-14 16:04:45.807,12896,12897,12896,1,-1
2020-10-14 16:04:46.541,12895,12896,12896,3,3
2020-10-14 16:04:47.461,12896,12897,12896,1,-1
2020-10-14 16:04:52.022,12896,12897,12896,1,-1
2020-10-14 16:04:52.022,12896,12897,12896,1,-1
2020-10-14 16:05:12.171,12895,12896,12895,1,-1
2020-10-14 16:05:13.463,12895,12896,12896,1,1
2020-10-14 16:05:15.651,12895,12896,12895,2,-2
2020-10-14 16:05:15.652,12895,12896,12895,5,-5
2020-10-14 16:05:54.838,12894,12895,12894,1,-1
2020-10-14 16:05:55.156,12894,12895,12895,2,2
2020-10-14 16:05:55.164,12894,12895,12895,2,2
2020-10-14 16:06:15.690,12894,12895,12894,1,-1
2020-10-14 16:06:43.824,12894,12895,12894,1,-1
2020-10-14 16:06:52.301,12894,12895,12894,1,-1
2020-10-14 16:06:56.156,12894,12895,12894,1,-1
2020-10-14 16:06:57.203,12894,12895,12894,1,-1
2020-10-14 16:06:58.187,12893,12894,12894,3,3
2020-10-14 16:07:12.536,12893,12894,12894,1,1
2020-10-14 16:07:12.766,12893,12894,12893,1,-1
2020-10-14 16:07:12.946,12893,12894,12893,3,-3
2020-10-14 16:07:13.036,12893,12894,12893,1,-1
2020-10-14 16:07:33.482,12893,12894,12893,1,-1
2020-10-14 16:07:37.124,12893,12894,12893,1,-1
2020-10-14 16:07:37.471,12893,12894,12893,1,-1
2020-10-14 16:07:47.610,12893,12894,12894,1,1
2020-10-14 16:07:59.309,12893,12894,12893,2,-2
2020-10-14 16:07:59.965,12892,12894,12892,1,-1
2020-10-14 16:08:03.778,12892,12893,12892,1,-1
2020-10-14 16:08:12.188,12892,12893,12893,1,1
2020-10-14 16:08:14.431,12893,12894,12894,9,9
2020-10-14 16:08:14.544,12894,12895,12895,3,3
2020-10-14 16:08:21.938,12893,12895,12895,1,1
2020-10-14 16:08:25.365,12893,12895,12895,3,3
2020-10-14 16:08:36.250,12894,12895,12895,1,1
2020-10-14 16:08:43.046,12894,12895,12895,1,1
2020-10-14 16:08:50.130,12894,12895,12894,3,-3
2020-10-14 16:09:04.451,12894,12895,12894,3,-3
2020-10-14 16:09:05.538,12893,12895,12893,4,-4
2020-10-14 16:09:05.681,12893,12894,12893,4,-4
2020-10-14 16:09:05.795,12893,12894,12893,1,-1
2020-10-14 16:09:05.795,12893,12894,12892,3,-3
2020-10-14 16:09:05.876,12893,12894,12892,2,-2
2020-10-14 16:09:17.169,12892,12893,12893,2,2
2020-10-14 16:09:23.618,12893,12894,12894,2,2
2020-10-14 16:09:36.602,12893,12894,12893,2,-2
2020-10-14 16:09:41.454,12893,12894,12894,2,2
2020-10-14 16:09:53.324,12893,12894,12893,2,-2
2020-10-14 16:10:01.966,12892,12893,12892,6,-6
2020-10-14 16:10:02.227,12892,12893,12892,6,-6
2020-10-14 16:10:02.312,12891,12892,12892,1,1
2020-10-14 16:10:03.990,12891,12892,12891,1,-1
2020-10-14 16:10:04.379,12891,12892,12891,1,-1
2020-10-14 16:10:16.552,12891,12892,12891,1,-1
2020-10-14 16:10:25.417,12891,12892,12892,4,4
2020-10-14 16:10:27.718,12892,12893,12892,1,-1
2020-10-14 16:11:01.657,12892,12893,12892,1,-1
2020-10-14 16:11:02.430,12892,12893,12892,1,-1
2020-10-14 16:11:28.121,12892,12893,12892,3,-3
2020-10-14 16:11:32.212,12891,12892,12891,3,-3
2020-10-14 16:11:42.305,12891,12892,12891,1,-1
2020-10-14 16:11:44.545,12891,12892,12892,1,1
2020-10-14 16:12:00.141,12891,12892,12892,6,6
2020-10-14 16:12:02.278,12892,12893,12892,4,-4
2020-10-14 16:12:02.279,12892,12893,12892,1,-1
2020-10-14 16:12:06.204,12892,12893,12892,2,-2
2020-10-14 16:12:08.600,12892,12893,12893,4,4
2020-10-14 16:12:17.318,12892,12894,12894,1,1
2020-10-14 16:12:27.402,12892,12893,12893,1,1
2020-10-14 16:12:47.708,12893,12894,12893,1,-1
2020-10-14 16:12:57.928,12893,12894,12894,1,1
2020-10-14 16:13:02.097,12893,12894,12894,1,1
2020-10-14 16:13:05.961,12894,12895,12894,1,-1
2020-10-14 16:13:10.660,12893,12894,12894,2,2
2020-10-14 16:13:13.383,12893,12895,12895,2,2
2020-10-14 16:13:13.655,12893,12895,12895,2,2
2020-10-14 16:13:38.577,12893,12894,12894,1,1
2020-10-14 16:13:48.668,12893,12894,12894,1,1
2020-10-14 16:13:58.504,12893,12894,12894,2,2
2020-10-14 16:14:01.589,12894,12895,12894,1,-1
2020-10-14 16:14:02.417,12894,12895,12894,2,-2
2020-10-14 16:14:13.257,12893,12894,12894,1,1
2020-10-14 16:14:13.258,12893,12894,12894,1,1
2020-10-14 16:14:40.920,12893,12894,12894,1,1
2020-10-14 16:15:02.236,12894,12895,12894,1,-1
2020-10-14 16:15:02.511,12894,12895,12894,1,-1
2020-10-14 16:15:02.643,12894,12895,12895,1,1
2020-10-14 16:15:04.688,12894,12895,12894,2,-2
2020-10-14 16:15:05.051,12894,12895,12895,2,2
2020-10-14 16:15:18.666,12894,12895,12894,2,-2
2020-10-14 16:15:21.571,12894,12895,12894,1,-1
2020-10-14 16:15:30.197,12893,12894,12894,1,1
2020-10-14 16:16:00.072,12894,12895,12894,1,-1
2020-10-14 16:16:02.388,12894,12895,12895,4,4
2020-10-14 16:16:04.742,12894,12895,12894,1,-1
2020-10-14 16:16:18.016,12894,12895,12894,1,-1
2020-10-14 16:16:19.796,12894,12895,12894,2,-2
2020-10-14 16:16:19.797,12894,12895,12894,4,-4
2020-10-14 16:16:19.797,12894,12895,12894,1,-1
2020-10-14 16:16:33.773,12893,12894,12894,2,2
2020-10-14 16:16:34.590,12893,12895,12893,1,-1
2020-10-14 16:16:58.848,12893,12894,12894,5,5
2020-10-14 16:17:02.292,12893,12894,12894,8,8
2020-10-14 16:17:05.682,12893,12894,12894,1,1
2020-10-14 16:17:38.627,12894,12895,12894,1,-1
2020-10-14 16:17:38.627,12894,12895,12894,1,-1
2020-10-14 16:17:38.628,12894,12895,12894,1,-1
2020-10-14 16:18:01.252,12894,12895,12894,1,-1
2020-10-14 16:18:07.018,12893,12895,12893,1,-1
2020-10-14 16:18:19.161,12893,12894,12893,3,-3
2020-10-14 16:18:19.162,12893,12894,12893,5,-5
2020-10-14 16:18:47.514,12892,12893,12893,1,1
2020-10-14 16:19:02.349,12892,12893,12892,5,-5
2020-10-14 16:19:36.991,12891,12892,12892,1,1
2020-10-14 16:19:44.482,12891,12892,12892,1,1
2020-10-14 16:19:55.517,12892,12893,12892,1,-1
2020-10-14 16:20:02.250,12891,12892,12891,5,-5
2020-10-14 16:20:02.251,12891,12892,12891,2,-2
2020-10-14 16:20:12.085,12890,12891,12891,1,1
2020-10-14 16:20:15.554,12890,12891,12891,5,5
2020-10-14 16:20:19.596,12890,12891,12890,1,-1
2020-10-14 16:20:19.827,12890,12891,12890,1,-1
2020-10-14 16:20:20.568,12890,12891,12890,6,-6
2020-10-14 16:20:30.421,12889,12890,12889,3,-3
2020-10-14 16:20:31.492,12888,12890,12890,1,1
2020-10-14 16:20:36.010,12889,12890,12889,1,-1
2020-10-14 16:20:38.817,12889,12890,12889,1,-1
2020-10-14 16:20:39.396,12889,12890,12889,2,-2
2020-10-14 16:20:43.492,12889,12890,12889,1,-1
2020-10-14 16:20:43.921,12889,12890,12890,1,1
2020-10-14 16:20:48.902,12889,12890,12889,2,-2
2020-10-14 16:20:49.207,12889,12890,12890,1,1
2020-10-14 16:20:58.057,12889,12890,12890,1,1
2020-10-14 16:21:09.269,12889,12890,12890,3,3
2020-10-14 16:21:14.599,12890,12892,12890,1,-1
2020-10-14 16:21:14.851,12890,12892,12892,1,1
2020-10-14 16:21:57.543,12891,12892,12892,1,1
2020-10-14 16:22:22.163,12891,12892,12892,1,1
2020-10-14 16:22:22.163,12891,12892,12892,4,4
2020-10-14 16:22:22.163,12891,12892,12892,3,3
2020-10-14 16:22:22.163,12891,12892,12892,3,3
2020-10-14 16:22:44.206,12892,12893,12893,3,3
2020-10-14 16:23:20.066,12893,12894,12893,1,-1
2020-10-14 16:23:24.344,12893,12894,12893,1,-1
2020-10-14 16:23:35.809,12893,12894,12893,1,-1
2020-10-14 16:23:41.688,12893,12894,12893,1,-1
2020-10-14 16:23:41.688,12893,12894,12893,1,-1
2020-10-14 16:24:39.744,12892,12893,12893,4,4
2020-10-14 16:24:40.044,12892,12894,12892,1,-1
2020-10-14 16:24:58.614,12892,12893,12893,4,4
2020-10-14 16:26:11.111,12892,12893,12892,1,-1
2020-10-14 16:26:22.423,12892,12893,12892,1,-1
2020-10-14 16:26:25.650,12892,12893,12892,2,-2
2020-10-14 16:26:42.283,12892,12893,12892,1,-1
2020-10-14 16:26:42.283,12892,12893,12891,1,-1
2020-10-14 16:27:03.065,12891,12892,12892,1,1
2020-10-14 16:27:04.719,12891,12892,12892,1,1
2020-10-14 16:28:00.089,12891,12893,12893,1,1
2020-10-14 16:28:10.267,12892,12893,12893,1,1
2020-10-14 16:28:36.867,12892,12893,12893,6,6
2020-10-14 16:28:36.867,12892,12893,12893,1,1
2020-10-14 16:28:47.845,12893,12894,12894,1,1
2020-10-14 16:28:50.189,12893,12894,12894,6,6
2020-10-14 16:28:59.187,12894,12895,12895,1,1
2020-10-14 16:29:02.384,12894,12895,12895,7,7
2020-10-14 16:29:02.384,12894,12895,12895,12,12
2020-10-14 16:29:04.226,12895,12896,12896,3,3
2020-10-14 16:29:09.812,12895,12896,12896,1,1
2020-10-14 16:29:10.892,12895,12896,12896,1,1
2020-10-14 16:29:10.893,12895,12896,12896,1,1
2020-10-14 16:29:17.864,12895,12896,12896,1,1
2020-10-14 16:29:20.115,12895,12896,12896,2,2
2020-10-14 16:29:20.554,12895,12897,12897,1,1
2020-10-14 16:29:20.849,12896,12897,12897,1,1
2020-10-14 16:29:31.143,12896,12897,12897,6,6
2020-10-14 16:29:32.182,12897,12898,12897,1,-1
2020-10-14 16:29:36.063,12897,12898,12898,1,1
2020-10-14 16:29:39.664,12897,12898,12898,1,1
2020-10-14 16:29:39.924,12897,12898,12897,1,-1
2020-10-14 16:29:40.294,12897,12898,12897,1,-1
2020-10-14 16:29:47.986,12896,12897,12897,1,1
2020-10-14 16:29:48.076,12897,12898,12898,9,9
2020-10-14 16:29:48.076,12897,12898,12898,1,1
2020-10-14 16:29:52.591,12898,12899,12898,1,-1
2020-10-14 16:29:58.327,12898,12899,12899,5,5
2020-10-14 16:30:00.036,12898,12899,12899,1,1
2020-10-14 16:30:01.327,12898,12899,12899,1,1
2020-10-14 16:30:01.334,12898,12899,12899,1,1
2020-10-14 16:30:01.342,12898,12899,12899,1,1
2020-10-14 16:30:01.365,12898,12899,12899,1,1
2020-10-14 16:30:01.371,12898,12899,12899,1,1
2020-10-14 16:30:01.383,12898,12899,12899,1,1
2020-10-14 16:30:01.383,12898,12899,12899,4,4
2020-10-14 16:30:01.443,12898,12899,12899,14,14
2020-10-14 16:30:01.758,12899,12900,12899,1,-1
2020-10-14 16:30:02.298,12899,12900,12900,1,1
2020-10-14 16:30:02.319,12899,12900,12900,1,1
2020-10-14 16:30:02.449,12899,12900,12900,1,1
2020-10-14 16:30:02.488,12899,12900,12900,35,35
2020-10-14 16:30:02.526,12899,12900,12901,1,1
2020-10-14 16:30:02.545,12900,12901,12901,18,18
2020-10-14 16:30:02.546,12900,12901,12901,1,1
2020-10-14 16:30:02.549,12900,12901,12902,3,3
2020-10-14 16:30:02.669,12901,12902,12902,4,4
2020-10-14 16:30:02.720,12901,12902,12903,2,2
2020-10-14 16:30:02.795,12902,12903,12903,2,2
2020-10-14 16:30:02.821,12902,12903,12903,1,1
2020-10-14 16:30:02.851,12902,12903,12903,4,4
2020-10-14 16:30:02.852,12902,12903,12903,9,9
2020-10-14 16:30:02.852,12902,12903,12903,2,2
2020-10-14 16:30:02.852,12902,12903,12903,1,1
2020-10-14 16:30:02.889,12902,12903,12904,1,1
2020-10-14 16:30:02.904,12902,12903,12904,1,1
2020-10-14 16:30:02.922,12903,12904,12904,2,2
2020-10-14 16:30:03.024,12903,12904,12904,2,2
2020-10-14 16:30:03.041,12903,12904,12904,2,2
2020-10-14 16:30:03.316,12903,12904,12904,2,2
2020-10-14 16:30:03.595,12903,12904,12903,1,-1
2020-10-14 16:30:03.903,12903,12904,12904,1,1
2020-10-14 16:30:05.922,12902,12904,12904,1,1
2020-10-14 16:30:08.115,12902,12903,12902,1,-1
2020-10-14 16:30:08.278,12901,12902,12902,2,2
2020-10-14 16:30:10.773,12901,12902,12902,1,1
2020-10-14 16:30:10.796,12901,12902,12902,1,1
2020-10-14 16:30:10.797,12901,12902,12902,1,1
2020-10-14 16:30:10.798,12901,12902,12902,1,1
2020-10-14 16:30:10.799,12901,12902,12903,1,1
2020-10-14 16:30:10.800,12901,12902,12903,1,1
2020-10-14 16:30:10.928,12901,12903,12903,1,1
2020-10-14 16:30:11.898,12901,12903,12903,1,1
2020-10-14 16:30:12.664,12902,12903,12902,1,-1
2020-10-14 16:30:12.871,12901,12903,12901,2,-2
2020-10-14 16:30:16.658,12901,12902,12902,3,3
2020-10-14 16:30:17.935,12901,12903,12903,5,5
2020-10-14 16:30:18.190,12901,12903,12901,1,-1
2020-10-14 16:30:18.200,12901,12903,12901,1,-1
2020-10-14 16:30:18.956,12901,12902,12902,1,1
2020-10-14 16:30:23.938,12901,12902,12902,1,1
2020-10-14 16:30:23.986,12901,12902,12903,2,2
2020-10-14 16:30:25.501,12902,12903,12902,1,-1
2020-10-14 16:30:27.983,12902,12903,12903,5,5
2020-10-14 16:30:29.317,12902,12903,12903,1,1
2020-10-14 16:30:29.889,12902,12903,12903,1,1
2020-10-14 16:30:35.923,12902,12903,12902,1,-1
2020-10-14 16:30:39.659,12902,12903,12902,3,-3
2020-10-14 16:30:46.500,12901,12902,12902,4,4
2020-10-14 16:30:52.076,12901,12902,12902,1,1
2020-10-14 16:30:57.237,12901,12902,12901,3,-3
2020-10-14 16:30:58.643,12900,12901,12900,1,-1
2020-10-14 16:31:04.099,12900,12901,12900,1,-1
2020-10-14 16:31:04.279,12900,12901,12901,1,1
2020-10-14 16:31:08.197,12900,12901,12901,4,4
2020-10-14 16:31:08.823,12900,12901,12901,1,1
2020-10-14 16:31:23.765,12901,12902,12901,1,-1
2020-10-14 16:31:24.229,12901,12902,12901,1,-1
2020-10-14 16:31:24.283,12901,12902,12901,2,-2
2020-10-14 16:31:24.284,12901,12902,12901,1,-1
2020-10-14 16:31:30.270,12901,12902,12901,1,-1
2020-10-14 16:31:40.063,12901,12902,12901,1,-1
2020-10-14 16:31:49.521,12901,12902,12901,1,-1
2020-10-14 16:31:54.199,12901,12902,12901,1,-1
2020-10-14 16:32:00.457,12901,12902,12901,1,-1
2020-10-14 16:32:00.740,12901,12902,12901,4,-4
2020-10-14 16:32:00.740,12901,12902,12901,3,-3
2020-10-14 16:32:00.802,12900,12901,12901,1,1
2020-10-14 16:32:00.964,12900,12901,12901,1,1
2020-10-14 16:32:09.758,12900,12901,12900,2,-2
2020-10-14 16:32:18.481,12900,12901,12901,1,1
2020-10-14 16:32:19.185,12900,12901,12900,1,-1
2020-10-14 16:32:19.947,12900,12901,12901,1,1
2020-10-14 16:32:21.050,12900,12901,12900,5,-5
2020-10-14 16:32:23.397,12900,12901,12901,3,3
2020-10-14 16:32:33.487,12900,12901,12901,4,4
2020-10-14 16:32:34.377,12901,12902,12901,1,-1
2020-10-14 16:32:40.163,12900,12901,12901,1,1
2020-10-14 16:32:41.377,12900,12902,12902,1,1
2020-10-14 16:32:45.421,12901,12902,12901,1,-1
2020-10-14 16:32:47.187,12901,12902,12901,1,-1
2020-10-14 16:32:54.739,12901,12902,12902,1,1
2020-10-14 16:32:55.735,12901,12902,12901,1,-1
2020-10-14 16:32:57.342,12901,12902,12901,1,-1
2020-10-14 16:33:02.115,12901,12902,12902,2,2
2020-10-14 16:33:02.115,12901,12902,12902,1,1
2020-10-14 16:33:02.115,12901,12902,12902,4,4
2020-10-14 16:33:02.115,12901,12902,12902,1,1
2020-10-14 16:33:08.854,12902,12903,12903,1,1
2020-10-14 16:33:08.854,12902,12903,12903,3,3
2020-10-14 16:33:08.854,12902,12903,12903,5,5
2020-10-14 16:33:08.854,12902,12903,12903,2,2
2020-10-14 16:33:08.855,12902,12903,12903,9,9
2020-10-14 16:33:08.855,12902,12903,12903,4,4
2020-10-14 16:33:10.640,12903,12904,12904,1,1
2020-10-14 16:33:10.770,12903,12904,12904,1,1
2020-10-14 16:33:11.496,12903,12904,12904,1,1
2020-10-14 16:33:14.176,12903,12904,12904,1,1
2020-10-14 16:33:16.089,12903,12904,12904,1,1
2020-10-14 16:33:17.592,12903,12904,12904,2,2
2020-10-14 16:33:19.357,12903,12904,12904,1,1
2020-10-14 16:33:24.155,12902,12904,12904,1,1
2020-10-14 16:33:27.011,12902,12904,12902,1,-1
2020-10-14 16:33:41.288,12902,12903,12903,4,4
2020-10-14 16:33:47.526,12902,12903,12902,4,-4
2020-10-14 16:33:48.738,12901,12902,12902,1,1
2020-10-14 16:33:50.264,12901,12902,12902,1,1
2020-10-14 16:33:50.635,12901,12902,12902,1,1
2020-10-14 16:33:54.147,12901,12902,12901,2,-2
2020-10-14 16:33:56.324,12900,12902,12902,1,1
2020-10-14 16:34:01.155,12900,12901,12900,5,-5
2020-10-14 16:34:04.000,12900,12901,12900,1,-1
2020-10-14 16:34:07.767,12900,12901,12901,2,2
2020-10-14 16:34:16.043,12900,12901,12901,2,2
2020-10-14 16:34:16.574,12901,12902,12901,1,-1
2020-10-14 16:34:36.703,12901,12902,12902,1,1
2020-10-14 16:34:39.671,12901,12902,12902,5,5
2020-10-14 16:34:50.401,12902,12903,12902,1,-1
2020-10-14 16:34:54.399,12901,12902,12901,2,-2
2020-10-14 16:35:20.453,12900,12901,12900,1,-1
2020-10-14 16:35:22.477,12900,12901,12900,1,-1
2020-10-14 16:35:22.659,12900,12901,12901,2,2
2020-10-14 16:35:30.356,12900,12901,12901,2,2
2020-10-14 16:35:30.356,12900,12901,12901,4,4
2020-10-14 16:35:30.357,12900,12901,12901,8,8
2020-10-14 16:35:30.357,12900,12901,12901,1,1
2020-10-14 16:35:37.946,12901,12902,12901,2,-2
2020-10-14 16:36:02.216,12901,12902,12902,4,4
2020-10-14 16:36:02.481,12901,12902,12902,1,1
2020-10-14 16:36:02.511,12901,12902,12902,1,1
2020-10-14 16:36:05.273,12901,12902,12901,1,-1
2020-10-14 16:36:05.273,12901,12902,12901,1,-1
2020-10-14 16:36:20.543,12901,12902,12901,1,-1
2020-10-14 16:36:20.543,12901,12902,12901,1,-1
2020-10-14 16:36:21.076,12900,12901,12901,1,1
2020-10-14 16:36:33.280,12900,12901,12901,1,1
2020-10-14 16:36:37.861,12900,12901,12900,1,-1
2020-10-14 16:36:43.529,12900,12901,12900,1,-1
2020-10-14 16:36:43.587,12900,12901,12900,4,-4
2020-10-14 16:36:43.588,12900,12901,12900,15,-15
2020-10-14 16:36:50.296,12899,12900,12899,2,-2
2020-10-14 16:36:50.471,12899,12900,12899,1,-1
2020-10-14 16:36:56.996,12899,12900,12899,2,-2
2020-10-14 16:37:05.045,12898,12899,12898,3,-3
2020-10-14 16:37:10.606,12897,12898,12898,2,2
2020-10-14 16:37:10.635,12897,12898,12898,2,2
2020-10-14 16:37:11.290,12897,12898,12898,1,1
2020-10-14 16:37:14.153,12897,12898,12898,9,9
2020-10-14 16:37:14.612,12898,12899,12898,1,-1
2020-10-14 16:37:16.997,12898,12899,12898,1,-1
2020-10-14 16:37:21.154,12898,12899,12899,3,3
2020-10-14 16:37:34.392,12898,12899,12898,1,-1
2020-10-14 16:37:41.108,12898,12899,12898,1,-1
2020-10-14 16:37:41.292,12898,12899,12898,1,-1
2020-10-14 16:37:59.731,12898,12899,12899,1,1
2020-10-14 16:38:10.019,12898,12899,12899,1,1
2020-10-14 16:38:10.229,12898,12899,12899,2,2
2020-10-14 16:38:10.229,12898,12899,12900,1,1
2020-10-14 16:38:10.302,12898,12900,12900,3,3
2020-10-14 16:38:16.784,12898,12899,12898,2,-2
2020-10-14 16:38:17.830,12898,12899,12898,1,-1
2020-10-14 16:38:26.740,12898,12899,12898,6,-6
2020-10-14 16:38:39.677,12898,12899,12898,1,-1
2020-10-14 16:38:40.324,12898,12899,12898,1,-1
2020-10-14 16:38:53.643,12898,12899,12898,1,-1
2020-10-14 16:38:58.338,12898,12899,12898,1,-1
2020-10-14 16:38:59.796,12898,12899,12898,3,-3
2020-10-14 16:39:10.693,12897,12898,12898,4,4
2020-10-14 16:39:27.992,12898,12899,12898,1,-1
2020-10-14 16:39:29.504,12897,12898,12897,1,-1
2020-10-14 16:39:29.794,12897,12898,12898,1,1
2020-10-14 16:39:32.791,12897,12898,12898,1,1
2020-10-14 16:39:34.863,12897,12898,12898,1,1
2020-10-14 16:39:35.395,12897,12898,12898,1,1
2020-10-14 16:39:39.043,12897,12898,12898,1,1
2020-10-14 16:40:01.083,12897,12898,12898,4,4
2020-10-14 16:40:14.787,12898,12899,12898,1,-1
2020-10-14 16:40:16.019,12898,12899,12898,1,-1
2020-10-14 16:40:17.437,12898,12899,12898,1,-1
2020-10-14 16:40:18.570,12898,12899,12898,1,-1
2020-10-14 16:40:26.301,12897,12898,12898,1,1
2020-10-14 16:40:37.673,12898,12899,12899,1,1
2020-10-14 16:40:46.002,12898,12899,12899,1,1
2020-10-14 16:40:46.052,12898,12899,12898,1,-1
2020-10-14 16:41:02.226,12898,12899,12899,1,1
2020-10-14 16:41:07.207,12898,12899,12899,1,1
2020-10-14 16:41:11.544,12898,12899,12898,1,-1
2020-10-14 16:41:30.080,12898,12899,12898,1,-1
2020-10-14 16:41:32.203,12898,12899,12898,1,-1
2020-10-14 16:41:41.289,12898,12899,12899,3,3
2020-10-14 16:41:41.569,12898,12899,12899,1,1
2020-10-14 16:41:49.260,12898,12899,12899,1,1
2020-10-14 16:41:51.678,12898,12899,12899,1,1
2020-10-14 16:41:54.254,12898,12900,12898,1,-1
2020-10-14 16:42:02.408,12898,12899,12899,1,1
2020-10-14 16:42:26.466,12898,12900,12899,1,-1
2020-10-14 16:42:28.529,12898,12899,12899,1,1
2020-10-14 16:42:30.919,12898,12899,12899,1,1
2020-10-14 16:42:42.782,12899,12900,12899,1,-1
2020-10-14 16:42:50.466,12899,12900,12900,2,2
2020-10-14 16:42:50.466,12899,12900,12900,7,7
2020-10-14 16:42:50.466,12899,12900,12900,2,2
2020-10-14 16:42:50.467,12899,12900,12900,1,1
2020-10-14 16:42:53.826,12900,12901,12901,2,2
2020-10-14 16:42:53.827,12900,12901,12901,7,7
2020-10-14 16:43:06.840,12901,12902,12902,2,2
2020-10-14 16:43:07.087,12902,12903,12902,1,-1
2020-10-14 16:43:15.579,12902,12903,12903,1,1
2020-10-14 16:43:15.911,12902,12903,12903,2,2
2020-10-14 16:43:21.082,12902,12903,12903,5,5
2020-10-14 16:43:31.166,12902,12903,12903,1,1
2020-10-14 16:43:33.112,12902,12903,12903,1,1
2020-10-14 16:43:36.962,12902,12903,12903,1,1
2020-10-14 16:43:38.530,12902,12903,12903,1,1
2020-10-14 16:43:42.693,12902,12903,12903,2,2
2020-10-14 16:43:45.947,12902,12903,12902,5,-5
2020-10-14 16:43:47.359,12900,12902,12902,1,1
2020-10-14 16:43:50.292,12900,12902,12902,1,1
2020-10-14 16:43:54.027,12900,12901,12901,1,1
2020-10-14 16:43:54.027,12900,12901,12902,1,1
2020-10-14 16:44:10.413,12900,12901,12901,1,1
2020-10-14 16:44:10.668,12900,12902,12902,1,1
2020-10-14 16:44:14.199,12900,12902,12902,1,1
2020-10-14 16:44:16.431,12901,12902,12901,1,-1
2020-10-14 16:44:17.018,12901,12902,12902,1,1
2020-10-14 16:44:18.983,12901,12902,12901,1,-1
2020-10-14 16:44:19.943,12900,12901,12901,1,1
2020-10-14 16:44:26.026,12900,12901,12901,1,1
2020-10-14 16:44:26.102,12900,12901,12901,1,1
2020-10-14 16:44:32.938,12900,12902,12902,1,1
2020-10-14 16:44:40.463,12900,12901,12901,1,1
2020-10-14 16:44:43.154,12900,12901,12901,1,1
2020-10-14 16:44:45.599,12900,12902,12901,1,-1
2020-10-14 16:45:09.111,12900,12901,12901,1,1
2020-10-14 16:45:09.250,12900,12902,12902,1,1
2020-10-14 16:45:09.348,12900,12902,12902,1,1
2020-10-14 16:45:14.053,12901,12902,12902,1,1
2020-10-14 16:45:19.303,12901,12902,12902,1,1
2020-10-14 16:45:23.506,12901,12902,12902,1,1
2020-10-14 16:45:30.736,12901,12902,12902,1,1
2020-10-14 16:45:39.511,12901,12902,12902,4,4
2020-10-14 16:45:39.531,12901,12902,12902,2,2
2020-10-14 16:45:39.531,12901,12902,12902,2,2
2020-10-14 16:45:39.531,12901,12902,12902,2,2
2020-10-14 16:45:41.216,12902,12903,12902,5,-5
2020-10-14 16:45:49.818,12901,12902,12902,2,2
2020-10-14 16:45:57.011,12901,12902,12902,1,1
2020-10-14 16:46:02.389,12902,12903,12903,9,9
2020-10-14 16:46:02.479,12903,12904,12903,3,-3
2020-10-14 16:46:07.573,12903,12904,12904,2,2
2020-10-14 16:46:07.736,12903,12904,12904,2,2
2020-10-14 16:46:07.779,12903,12904,12904,1,1
2020-10-14 16:46:12.623,12903,12904,12904,1,1
2020-10-14 16:46:17.094,12903,12904,12904,1,1
2020-10-14 16:46:17.094,12903,12904,12905,1,1
2020-10-14 16:46:17.215,12903,12905,12905,15,15
2020-10-14 16:46:17.216,12903,12905,12905,2,2
2020-10-14 16:46:20.966,12904,12905,12905,4,4
2020-10-14 16:46:22.263,12904,12906,12904,1,-1
2020-10-14 16:46:29.957,12904,12905,12905,2,2
2020-10-14 16:46:31.236,12904,12905,12905,2,2
2020-10-14 16:46:33.539,12904,12905,12905,1,1
2020-10-14 16:46:33.776,12904,12905,12904,3,-3
2020-10-14 16:46:35.456,12903,12905,12905,1,1
2020-10-14 16:46:36.748,12903,12905,12905,1,1
2020-10-14 16:46:43.211,12903,12904,12903,2,-2
2020-10-14 16:47:02.255,12902,12903,12902,6,-6
2020-10-14 16:47:09.911,12902,12903,12902,1,-1
2020-10-14 16:47:10.232,12901,12903,12903,1,1
2020-10-14 16:47:11.274,12901,12903,12903,1,1
2020-10-14 16:47:18.074,12901,12903,12903,1,1
2020-10-14 16:47:21.899,12902,12903,12902,1,-1
2020-10-14 16:47:25.264,12902,12903,12902,1,-1
2020-10-14 16:47:27.033,12902,12903,12902,2,-2
2020-10-14 16:47:31.405,12902,12903,12902,2,-2
2020-10-14 16:48:02.148,12902,12903,12902,4,-4
2020-10-14 16:48:05.202,12902,12903,12903,1,1
2020-10-14 16:48:06.568,12902,12903,12902,1,-1
2020-10-14 16:48:09.507,12902,12903,12902,3,-3
2020-10-14 16:48:09.564,12901,12903,12903,1,1
2020-10-14 16:48:13.256,12901,12903,12903,1,1
2020-10-14 16:48:17.950,12902,12903,12902,1,-1
2020-10-14 16:49:20.601,12902,12903,12902,2,-2
2020-10-14 16:49:30.519,12901,12902,12902,1,1
2020-10-14 16:49:30.519,12901,12902,12903,2,2
2020-10-14 16:49:46.896,12901,12902,12902,2,2
2020-10-14 16:49:56.496,12901,12902,12902,1,1
2020-10-14 16:50:02.207,12901,12902,12901,5,-5
2020-10-14 16:50:04.060,12901,12902,12902,1,1
2020-10-14 16:50:15.092,12901,12902,12901,1,-1
2020-10-14 16:50:15.765,12901,12902,12901,1,-1
2020-10-14 16:50:20.049,12900,12901,12900,1,-1
2020-10-14 16:50:22.384,12900,12901,12900,1,-1
2020-10-14 16:50:29.807,12900,12901,12901,1,1
2020-10-14 16:50:50.233,12901,12902,12901,1,-1
2020-10-14 16:50:51.206,12901,12902,12902,2,2
2020-10-14 16:51:04.785,12902,12903,12903,1,1
2020-10-14 16:51:31.236,12902,12903,12903,1,1
2020-10-14 16:51:31.236,12902,12903,12903,3,3
2020-10-14 16:51:31.236,12902,12903,12903,4,4
2020-10-14 16:51:43.979,12903,12904,12903,3,-3
2020-10-14 16:51:50.249,12903,12904,12903,1,-1
2020-10-14 16:52:02.251,12902,12903,12902,5,-5
2020-10-14 16:52:14.244,12902,12903,12902,1,-1
2020-10-14 16:52:18.285,12902,12903,12902,1,-1
2020-10-14 16:52:40.486,12901,12902,12902,1,1
2020-10-14 16:52:41.866,12901,12902,12902,2,2
2020-10-14 16:53:02.159,12901,12902,12902,10,10
2020-10-14 16:53:02.159,12901,12902,12902,1,1
2020-10-14 16:53:12.048,12902,12903,12903,5,5
2020-10-14 16:53:12.049,12902,12903,12903,1,1
2020-10-14 16:53:12.049,12902,12903,12903,2,2
2020-10-14 16:53:13.786,12902,12904,12904,1,1
2020-10-14 16:53:18.961,12903,12904,12904,3,3
2020-10-14 16:53:19.198,12903,12904,12903,1,-1
2020-10-14 16:53:33.117,12903,12904,12903,5,-5
2020-10-14 16:53:33.117,12903,12904,12903,1,-1
2020-10-14 16:53:46.750,12903,12904,12904,1,1
2020-10-14 16:53:47.278,12903,12904,12903,4,-4
2020-10-14 16:53:48.674,12902,12903,12903,1,1
2020-10-14 16:53:55.281,12902,12904,12904,2,2
2020-10-14 16:54:11.775,12903,12904,12903,1,-1
2020-10-14 16:54:23.248,12903,12904,12904,7,7
2020-10-14 16:54:47.432,12903,12904,12904,1,1
2020-10-14 16:54:50.246,12903,12904,12904,4,4
2020-10-14 16:54:57.201,12903,12904,12904,1,1
2020-10-14 16:55:02.229,12903,12904,12903,5,-5
2020-10-14 16:55:02.695,12903,12904,12904,1,1
2020-10-14 16:55:04.651,12903,12904,12903,1,-1
2020-10-14 16:55:14.246,12902,12903,12903,4,4
2020-10-14 16:55:30.246,12902,12903,12903,7,7
2020-10-14 16:55:47.830,12902,12903,12903,1,1
2020-10-14 16:55:50.502,12903,12904,12903,1,-1
2020-10-14 16:55:52.675,12902,12903,12902,10,-10
2020-10-14 16:56:05.245,12901,12903,12903,7,7
2020-10-14 16:56:19.899,12902,12903,12903,1,1
2020-10-14 16:56:21.463,12902,12903,12902,1,-1
2020-10-14 16:56:23.977,12902,12903,12902,3,-3
2020-10-14 16:56:30.602,12902,12903,12902,1,-1
2020-10-14 16:56:36.363,12901,12902,12901,3,-3
2020-10-14 16:56:36.363,12901,12902,12901,4,-4
2020-10-14 16:56:38.492,12900,12902,12900,1,-1
2020-10-14 16:56:44.654,12900,12901,12900,5,-5
2020-10-14 16:56:48.245,12900,12901,12901,2,2
2020-10-14 16:56:53.384,12901,12902,12901,1,-1
2020-10-14 16:56:56.246,12900,12901,12901,5,5
2020-10-14 16:57:02.288,12900,12901,12900,4,-4
2020-10-14 16:57:13.016,12900,12901,12900,1,-1
2020-10-14 16:57:16.246,12900,12901,12901,7,7
2020-10-14 16:57:16.901,12900,12901,12901,2,2
2020-10-14 16:57:35.218,12900,12901,12900,1,-1
2020-10-14 16:57:43.247,12900,12901,12901,5,5
2020-10-14 16:57:44.342,12900,12901,12900,1,-1
2020-10-14 16:57:52.683,12900,12901,12900,1,-1
2020-10-14 16:58:02.189,12900,12901,12901,2,2
2020-10-14 16:58:03.246,12900,12901,12901,6,6
2020-10-14 16:58:26.246,12900,12901,12901,6,6
2020-10-14 16:58:33.348,12900,12902,12900,3,-3
2020-10-14 16:58:33.355,12900,12902,12900,3,-3
2020-10-14 16:58:39.217,12900,12902,12900,2,-2
2020-10-14 16:58:43.243,12900,12901,12900,1,-1
2020-10-14 16:58:44.377,12900,12901,12900,2,-2
2020-10-14 16:58:56.273,12899,12900,12900,1,1
2020-10-14 16:59:11.069,12899,12900,12900,2,2
2020-10-14 16:59:11.390,12899,12901,12901,1,1
2020-10-14 16:59:12.817,12900,12901,12900,1,-1
2020-10-14 16:59:21.562,12900,12901,12901,1,1
2020-10-14 16:59:33.089,12901,12902,12901,1,-1
2020-10-14 16:59:40.071,12900,12901,12900,2,-2
2020-10-14 16:59:46.939,12900,12901,12900,2,-2
2020-10-14 16:59:48.350,12900,12901,12900,1,-1
2020-10-14 16:59:57.321,12899,12900,12899,1,-1
2020-10-14 16:59:57.693,12899,12900,12900,2,2
2020-10-14 16:59:58.142,12899,12900,12899,1,-1
2020-10-14 16:59:59.234,12899,12900,12900,1,1
2020-10-14 17:00:00.346,12899,12900,12900,1,1
2020-10-14 17:00:00.546,12899,12901,12901,3,3
2020-10-14 17:00:00.656,12899,12901,12901,3,3
2020-10-14 17:00:03.339,12900,12901,12900,1,-1
2020-10-14 17:00:03.433,12900,12901,12900,2,-2
2020-10-14 17:00:12.321,12900,12901,12901,1,1
2020-10-14 17:00:22.978,12900,12901,12900,2,-2
2020-10-14 17:00:23.363,12899,12900,12900,3,3
2020-10-14 17:00:23.608,12899,12901,12901,1,1
2020-10-14 17:00:25.330,12900,12901,12900,1,-1
2020-10-14 17:00:28.771,12899,12900,12900,2,2
2020-10-14 17:00:36.321,12900,12901,12901,1,1
2020-10-14 17:00:38.030,12900,12901,12900,1,-1
2020-10-14 17:00:42.853,12900,12901,12900,1,-1
2020-10-14 17:00:47.059,12900,12901,12901,3,3
2020-10-14 17:00:48.321,12900,12902,12902,1,1
2020-10-14 17:00:59.684,12900,12901,12901,1,1
2020-10-14 17:01:00.322,12900,12902,12902,1,1
2020-10-14 17:01:01.018,12901,12902,12902,4,4
2020-10-14 17:01:01.018,12901,12902,12902,6,6
2020-10-14 17:01:01.018,12901,12902,12902,4,4
2020-10-14 17:01:01.018,12901,12902,12902,8,8
2020-10-14 17:01:01.746,12902,12903,12903,3,3
2020-10-14 17:01:01.746,12902,12903,12903,11,11
2020-10-14 17:01:01.746,12902,12903,12903,2,2
2020-10-14 17:01:01.876,12903,12904,12904,4,4
2020-10-14 17:01:01.876,12903,12904,12904,1,1
2020-10-14 17:01:01.876,12903,12904,12904,8,8
2020-10-14 17:01:01.876,12903,12904,12904,1,1
2020-10-14 17:01:02.354,12904,12905,12905,3,3
2020-10-14 17:01:02.620,12904,12905,12905,1,1
2020-10-14 17:01:02.640,12904,12905,12905,1,1
2020-10-14 17:01:02.715,12904,12905,12905,1,1
2020-10-14 17:01:02.763,12904,12905,12905,4,4
2020-10-14 17:01:02.764,12904,12905,12905,5,5
2020-10-14 17:01:02.765,12904,12905,12905,16,16
2020-10-14 17:01:02.765,12904,12905,12905,6,6
2020-10-14 17:01:02.765,12904,12905,12905,4,4
2020-10-14 17:01:02.765,12904,12905,12905,5,5
2020-10-14 17:01:02.765,12904,12905,12905,1,1
2020-10-14 17:01:02.765,12904,12905,12905,4,4
2020-10-14 17:01:02.765,12904,12905,12905,1,1
2020-10-14 17:01:02.765,12904,12905,12905,2,2
2020-10-14 17:01:02.833,12905,12906,12905,1,-1
2020-10-14 17:01:03.597,12905,12906,12905,1,-1
2020-10-14 17:01:03.597,12905,12906,12905,1,-1
2020-10-14 17:01:03.605,12905,12906,12905,1,-1
2020-10-14 17:01:03.864,12904,12905,12905,1,1
2020-10-14 17:01:05.930,12904,12905,12904,1,-1
2020-10-14 17:01:06.219,12904,12905,12904,2,-2
2020-10-14 17:01:07.807,12903,12904,12904,2,2
2020-10-14 17:01:14.453,12904,12905,12905,2,2
2020-10-14 17:01:17.527,12905,12906,12905,1,-1
2020-10-14 17:01:20.084,12905,12906,12906,5,5
2020-10-14 17:01:20.616,12905,12906,12905,6,-6
2020-10-14 17:01:20.617,12905,12906,12905,1,-1
2020-10-14 17:01:20.887,12904,12906,12906,3,3
2020-10-14 17:01:21.892,12905,12906,12906,2,2
2020-10-14 17:01:26.474,12905,12906,12906,1,1
2020-10-14 17:01:26.772,12905,12906,12906,2,2
2020-10-14 17:01:28.513,12905,12906,12905,1,-1
2020-10-14 17:01:28.811,12905,12906,12905,2,-2
2020-10-14 17:01:28.811,12905,12906,12904,1,-1
2020-10-14 17:01:29.530,12904,12906,12906,1,1
2020-10-14 17:01:29.700,12904,12906,12904,2,-2
2020-10-14 17:01:30.307,12904,12906,12906,2,2
2020-10-14 17:01:33.384,12904,12906,12906,2,2
2020-10-14 17:01:40.801,12905,12906,12906,2,2
2020-10-14 17:01:40.801,12905,12906,12907,1,1
2020-10-14 17:01:40.950,12905,12907,12907,2,2
2020-10-14 17:01:43.804,12906,12907,12906,1,-1
2020-10-14 17:01:43.804,12906,12907,12906,1,-1
2020-10-14 17:01:47.866,12905,12906,12906,1,1
2020-10-14 17:01:48.091,12905,12906,12905,3,-3
2020-10-14 17:01:48.775,12904,12905,12905,1,1
2020-10-14 17:02:00.321,12904,12905,12905,1,1
2020-10-14 17:02:00.445,12904,12905,12904,4,-4
2020-10-14 17:02:00.819,12903,12904,12904,2,2
2020-10-14 17:02:08.114,12903,12904,12904,1,1
2020-10-14 17:02:08.170,12903,12904,12904,1,1
2020-10-14 17:02:12.321,12903,12904,12904,1,1
2020-10-14 17:02:16.576,12903,12904,12904,1,1
2020-10-14 17:02:19.382,12903,12904,12904,1,1
2020-10-14 17:02:21.314,12903,12904,12904,1,1
2020-10-14 17:02:24.321,12903,12904,12904,1,1
2020-10-14 17:02:31.383,12903,12904,12903,2,-2
2020-10-14 17:02:31.653,12903,12904,12903,1,-1
2020-10-14 17:02:31.724,12903,12904,12903,2,-2
2020-10-14 17:02:31.878,12903,12904,12903,2,-2
2020-10-14 17:02:32.043,12903,12904,12903,1,-1
2020-10-14 17:02:32.128,12903,12904,12903,2,-2
2020-10-14 17:02:32.199,12903,12904,12903,2,-2
2020-10-14 17:02:32.199,12903,12904,12903,24,-24
2020-10-14 17:02:32.271,12903,12904,12902,2,-2
2020-10-14 17:02:38.374,12902,12903,12902,1,-1
2020-10-14 17:02:45.737,12902,12903,12902,1,-1
2020-10-14 17:02:45.857,12901,12902,12902,1,1
2020-10-14 17:02:54.790,12901,12902,12901,2,-2
2020-10-14 17:02:54.790,12901,12902,12901,1,-1
2020-10-14 17:02:55.660,12900,12901,12900,3,-3
2020-10-14 17:02:55.666,12900,12901,12900,3,-3
2020-10-14 17:02:55.729,12900,12901,12901,3,3
2020-10-14 17:03:10.023,12901,12902,12902,1,1
2020-10-14 17:03:10.191,12901,12902,12901,1,-1
2020-10-14 17:03:10.236,12901,12902,12901,1,-1
2020-10-14 17:03:18.245,12901,12902,12901,1,-1
2020-10-14 17:03:18.352,12901,12902,12902,1,1
2020-10-14 17:03:21.022,12901,12902,12902,1,1
2020-10-14 17:03:22.122,12901,12903,12901,1,-1
2020-10-14 17:03:26.621,12901,12902,12902,1,1
2020-10-14 17:03:32.022,12901,12902,12902,1,1
2020-10-14 17:03:33.997,12901,12903,12902,1,-1
2020-10-14 17:03:43.023,12901,12902,12902,1,1
2020-10-14 17:03:54.022,12902,12903,12903,1,1
2020-10-14 17:03:55.701,12902,12903,12903,3,3
2020-10-14 17:03:55.719,12902,12903,12903,3,3
2020-10-14 17:04:05.021,12902,12903,12903,1,1
2020-10-14 17:04:05.199,12902,12903,12903,1,1
2020-10-14 17:04:05.257,12902,12903,12903,1,1
2020-10-14 17:04:12.022,12902,12904,12903,1,-1
2020-10-14 17:04:23.285,12903,12904,12903,1,-1
2020-10-14 17:04:38.021,12902,12903,12903,1,1
2020-10-14 17:04:49.023,12902,12903,12903,1,1
2020-10-14 17:05:00.022,12902,12903,12903,1,1
2020-10-14 17:05:02.263,12902,12903,12902,1,-1
2020-10-14 17:05:06.951,12902,12903,12902,1,-1
2020-10-14 17:05:06.951,12902,12903,12901,2,-2
2020-10-14 17:05:07.889,12902,12903,12902,1,1
2020-10-14 17:05:14.314,12901,12903,12901,3,-3
2020-10-14 17:05:21.345,12902,12903,12902,1,1
2020-10-14 17:05:33.022,12902,12903,12903,1,1
2020-10-14 17:05:44.023,12902,12903,12903,1,1
2020-10-14 17:05:55.024,12902,12903,12903,1,1
2020-10-14 17:06:02.167,12902,12903,12902,5,-5
2020-10-14 17:06:02.167,12902,12903,12902,1,-1
2020-10-14 17:06:02.353,12901,12903,12901,1,-1
2020-10-14 17:06:02.417,12901,12903,12901,1,-1
2020-10-14 17:06:02.715,12901,12903,12903,1,1
2020-10-14 17:06:02.880,12901,12903,12903,1,1
2020-10-14 17:06:17.024,12902,12903,12903,1,1
2020-10-14 17:06:28.021,12902,12903,12903,1,1
2020-10-14 17:06:39.022,12902,12903,12903,1,1
2020-10-14 17:06:50.023,12902,12903,12903,1,1
2020-10-14 17:06:53.750,12901,12903,12901,1,-1
2020-10-14 17:07:01.022,12902,12903,12903,1,1
2020-10-14 17:07:12.022,12902,12903,12903,1,1
2020-10-14 17:07:23.022,12902,12903,12903,1,1
2020-10-14 17:07:34.022,12902,12903,12903,1,1
2020-10-14 17:07:45.022,12902,12903,12903,1,1
2020-10-14 17:07:56.022,12902,12903,12903,1,1
2020-10-14 17:07:56.145,12902,12903,12903,3,3
2020-10-14 17:07:56.150,12902,12903,12903,3,3
2020-10-14 17:08:02.227,12902,12903,12902,3,-3
2020-10-14 17:08:13.003,12901,12902,12902,1,1
2020-10-14 17:08:13.003,12901,12902,12902,2,2
2020-10-14 17:08:14.022,12901,12903,12902,1,-1
2020-10-14 17:08:29.024,12902,12903,12903,1,1
2020-10-14 17:08:32.685,12902,12903,12902,2,-2
2020-10-14 17:08:36.106,12902,12903,12902,2,-2
2020-10-14 17:08:49.950,12901,12902,12901,2,-2
2020-10-14 17:08:51.022,12901,12902,12902,1,1
2020-10-14 17:08:55.165,12901,12902,12901,2,-2
2020-10-14 17:09:02.416,12900,12901,12900,6,-6
2020-10-14 17:09:06.266,12900,12901,12900,2,-2
2020-10-14 17:09:06.268,12900,12901,12900,1,-1
2020-10-14 17:09:06.270,12900,12901,12900,1,-1
2020-10-14 17:09:13.022,12900,12901,12901,1,1
2020-10-14 17:09:17.991,12900,12901,12901,1,1
2020-10-14 17:09:20.159,12901,12902,12902,1,1
2020-10-14 17:09:24.022,12901,12902,12902,1,1
2020-10-14 17:09:24.538,12901,12902,12901,2,-2
2020-10-14 17:09:35.022,12902,12903,12903,1,1
2020-10-14 17:09:46.022,12902,12903,12903,1,1
2020-10-14 17:09:57.025,12901,12902,12902,1,1
2020-10-14 17:10:25.333,12902,12903,12902,1,-1
2020-10-14 17:11:02.178,12901,12902,12902,4,4
2020-10-14 17:11:13.622,12901,12902,12901,3,-3
2020-10-14 17:11:42.482,12900,12901,12900,1,-1
2020-10-14 17:11:51.982,12900,12901,12901,1,1
2020-10-14 17:12:02.415,12900,12901,12900,7,-7
2020-10-14 17:12:10.684,12900,12901,12900,1,-1
2020-10-14 17:12:23.182,12900,12901,12901,1,1
2020-10-14 17:12:47.986,12900,12901,12900,1,-1
2020-10-14 17:12:48.385,12900,12901,12900,4,-4
2020-10-14 17:12:48.386,12900,12901,12900,1,-1
2020-10-14 17:12:55.333,12899,12900,12900,4,4
2020-10-14 17:12:55.335,12899,12900,12900,4,4
2020-10-14 17:13:00.122,12899,12900,12900,2,2
2020-10-14 17:13:02.232,12899,12900,12900,2,2
2020-10-14 17:13:02.233,12899,12900,12900,2,2
2020-10-14 17:13:03.807,12899,12900,12900,1,1
2020-10-14 17:13:05.174,12899,12900,12900,3,3
2020-10-14 17:13:06.631,12900,12901,12900,2,-2
2020-10-14 17:13:10.907,12899,12900,12900,1,1
2020-10-14 17:13:15.166,12899,12900,12900,1,1
2020-10-14 17:13:17.198,12899,12900,12899,2,-2
2020-10-14 17:13:17.343,12899,12900,12899,1,-1
2020-10-14 17:13:17.388,12899,12900,12899,1,-1
2020-10-14 17:13:17.495,12899,12900,12900,1,1
2020-10-14 17:13:23.288,12899,12900,12899,1,-1
2020-10-14 17:13:27.250,12899,12900,12899,1,-1
2020-10-14 17:13:32.819,12899,12900,12899,1,-1
2020-10-14 17:13:33.022,12899,12900,12900,2,2
2020-10-14 17:13:33.022,12899,12900,12901,1,1
2020-10-14 17:13:33.825,12900,12901,12900,4,-4
2020-10-14 17:13:43.645,12899,12900,12900,1,1
2020-10-14 17:13:45.948,12899,12900,12900,1,1
2020-10-14 17:13:50.199,12899,12900,12899,1,-1
2020-10-14 17:13:52.297,12899,12900,12900,6,6
2020-10-14 17:13:53.689,12900,12901,12900,3,-3
2020-10-14 17:13:55.793,12900,12901,12900,1,-1
2020-10-14 17:14:10.389,12899,12900,12900,1,1
2020-10-14 17:14:30.175,12900,12901,12901,11,11
2020-10-14 17:14:34.392,12901,12902,12902,2,2
2020-10-14 17:14:35.032,12902,12903,12902,3,-3
2020-10-14 17:14:50.296,12900,12902,12902,1,1
2020-10-14 17:15:16.477,12901,12902,12901,1,-1
2020-10-14 17:15:19.238,12901,12902,12901,2,-2
2020-10-14 17:15:33.726,12901,12902,12901,1,-1
2020-10-14 17:15:59.560,12901,12902,12901,2,-2
2020-10-14 17:16:12.240,12901,12902,12902,6,6
2020-10-14 17:16:12.240,12901,12902,12902,2,2
2020-10-14 17:16:13.786,12902,12903,12902,1,-1
2020-10-14 17:16:22.634,12901,12902,12902,1,1
2020-10-14 17:16:26.583,12902,12903,12902,1,-1
2020-10-14 17:16:33.975,12902,12903,12903,1,1
2020-10-14 17:16:33.975,12902,12903,12903,3,3
2020-10-14 17:16:33.975,12902,12903,12903,2,2
2020-10-14 17:16:33.975,12902,12903,12903,2,2
2020-10-14 17:17:02.375,12903,12904,12903,1,-1
2020-10-14 17:17:55.281,12901,12902,12901,4,-4
2020-10-14 17:18:11.658,12901,12903,12901,1,-1
2020-10-14 17:18:16.607,12902,12903,12902,1,1
2020-10-14 17:18:34.143,12901,12902,12902,1,1
2020-10-14 17:18:38.314,12901,12902,12902,1,1
2020-10-14 17:18:39.117,12902,12903,12902,1,-1
2020-10-14 17:18:44.042,12902,12903,12903,1,1
2020-10-14 17:18:46.451,12902,12903,12902,1,-1
2020-10-14 17:19:05.294,12902,12903,12903,2,2
2020-10-14 17:19:25.580,12903,12904,12903,2,-2
2020-10-14 17:19:28.307,12902,12903,12903,1,1
2020-10-14 17:19:54.264,12902,12903,12903,1,1
2020-10-14 17:20:00.512,12902,12903,12903,1,1
2020-10-14 17:20:01.460,12902,12903,12903,2,2
2020-10-14 17:20:02.382,12902,12903,12902,1,-1
2020-10-14 17:20:03.469,12902,12903,12902,2,-2
2020-10-14 17:21:33.429,12902,12903,12903,2,2
2020-10-14 17:21:33.430,12902,12903,12903,2,2
2020-10-14 17:21:57.542,12903,12904,12904,2,2
2020-10-14 17:21:57.542,12903,12904,12904,2,2
2020-10-14 17:21:57.542,12903,12904,12904,6,6
2020-10-14 17:22:11.119,12903,12904,12904,1,1
2020-10-14 17:22:18.777,12903,12904,12904,1,1
2020-10-14 17:22:31.785,12903,12905,12905,1,1
2020-10-14 17:22:35.392,12903,12904,12904,1,1
2020-10-14 17:22:36.652,12903,12904,12904,1,1
2020-10-14 17:23:27.844,12904,12905,12904,1,-1
2020-10-14 17:23:41.426,12904,12905,12904,1,-1
2020-10-14 17:23:48.791,12904,12905,12904,1,-1
2020-10-14 17:24:00.548,12904,12905,12905,1,1
2020-10-14 17:24:02.188,12904,12905,12905,10,10
2020-10-14 17:24:02.417,12904,12905,12905,1,1
2020-10-14 17:24:02.508,12905,12906,12905,2,-2
2020-10-14 17:24:02.857,12904,12906,12904,3,-3
2020-10-14 17:24:15.537,12904,12906,12904,1,-1
2020-10-14 17:24:22.495,12904,12905,12904,1,-1
2020-10-14 17:25:02.405,12903,12904,12904,3,3
2020-10-14 17:25:02.694,12903,12904,12904,1,1
2020-10-14 17:25:02.694,12903,12904,12905,2,2
2020-10-14 17:25:06.876,12903,12904,12904,1,1
2020-10-14 17:25:33.824,12903,12904,12904,2,2
2020-10-14 17:25:48.511,12903,12904,12903,4,-4
2020-10-14 17:25:48.511,12903,12904,12903,2,-2
2020-10-14 17:25:48.800,12902,12903,12903,1,1
2020-10-14 17:25:48.892,12902,12903,12903,1,1
2020-10-14 17:26:20.436,12902,12903,12903,1,1
2020-10-14 17:26:20.436,12902,12903,12903,3,3
2020-10-14 17:26:22.352,12903,12904,12903,2,-2
2020-10-14 17:26:24.488,12902,12904,12903,1,-1
2020-10-14 17:26:25.166,12902,12904,12902,1,-1
2020-10-14 17:26:30.572,12902,12903,12902,1,-1
2020-10-14 17:26:30.778,12902,12903,12902,1,-1
2020-10-14 17:26:32.871,12902,12903,12902,1,-1
2020-10-14 17:26:40.863,12902,12903,12902,2,-2
2020-10-14 17:26:55.390,12901,12903,12901,1,-1
2020-10-14 17:26:55.653,12901,12902,12901,1,-1
2020-10-14 17:27:02.157,12901,12902,12901,10,-10
2020-10-14 17:27:02.347,12901,12902,12901,6,-6
2020-10-14 17:27:02.413,12901,12902,12902,1,1
2020-10-14 17:27:22.558,12901,12902,12901,2,-2
2020-10-14 17:27:26.803,12901,12902,12901,1,-1
2020-10-14 17:28:01.554,12900,12901,12900,1,-1
2020-10-14 17:28:04.505,12900,12901,12900,1,-1
2020-10-14 17:28:08.399,12900,12901,12900,4,-4
2020-10-14 17:28:08.399,12900,12901,12900,15,-15
2020-10-14 17:28:08.402,12900,12901,12899,1,-1
2020-10-14 17:28:25.392,12899,12900,12900,2,2
2020-10-14 17:28:26.389,12900,12901,12900,2,-2
2020-10-14 17:28:28.822,12900,12901,12901,2,2
2020-10-14 17:28:28.823,12900,12901,12901,1,1
2020-10-14 17:28:32.398,12901,12902,12902,2,2
2020-10-14 17:28:35.293,12902,12903,12903,2,2
2020-10-14 17:28:35.293,12902,12903,12903,2,2
2020-10-14 17:28:35.293,12902,12903,12903,2,2
2020-10-14 17:28:35.293,12902,12903,12903,2,2
2020-10-14 17:28:35.293,12902,12903,12903,1,1
2020-10-14 17:28:50.508,12902,12904,12902,1,-1
2020-10-14 17:28:53.552,12902,12903,12902,1,-1
2020-10-14 17:29:03.452,12902,12903,12902,2,-2
2020-10-14 17:29:21.684,12901,12902,12901,2,-2
2020-10-14 17:29:45.940,12900,12901,12900,1,-1
2020-10-14 17:29:58.019,12900,12901,12900,1,-1
2020-10-14 17:30:04.686,12899,12900,12900,1,1
2020-10-14 17:30:05.148,12900,12901,12901,1,1
2020-10-14 17:30:32.555,12900,12901,12900,3,-3
2020-10-14 17:30:44.921,12900,12901,12900,2,-2
2020-10-14 17:31:02.274,12899,12900,12899,7,-7
2020-10-14 17:31:11.478,12899,12900,12899,1,-1
2020-10-14 17:31:13.461,12899,12900,12899,1,-1
2020-10-14 17:31:13.777,12899,12900,12899,1,-1
2020-10-14 17:31:26.486,12899,12900,12899,1,-1
2020-10-14 17:31:27.834,12899,12900,12899,1,-1
2020-10-14 17:31:32.545,12899,12900,12899,1,-1
2020-10-14 17:31:32.621,12899,12900,12899,1,-1
2020-10-14 17:31:36.022,12899,12900,12899,1,-1
2020-10-14 17:31:44.430,12899,12900,12899,2,-2
2020-10-14 17:32:00.233,12899,12900,12899,1,-1
2020-10-14 17:32:04.225,12898,12899,12899,1,1
2020-10-14 17:32:12.571,12898,12899,12898,13,-13
2020-10-14 17:32:12.714,12898,12899,12898,4,-4
2020-10-14 17:32:12.714,12898,12899,12897,8,-8
2020-10-14 17:32:12.852,12897,12899,12897,1,-1
2020-10-14 17:32:12.874,12897,12899,12897,1,-1
2020-10-14 17:32:13.963,12898,12899,12898,1,1
2020-10-14 17:32:21.938,12898,12899,12898,1,-1
2020-10-14 17:32:23.360,12898,12899,12898,1,-1
2020-10-14 17:32:26.389,12897,12899,12898,1,-1
2020-10-14 17:32:28.799,12897,12899,12899,1,1
2020-10-14 17:33:02.336,12898,12899,12899,5,5
2020-10-14 17:33:02.779,12898,12899,12899,2,2
2020-10-14 17:33:05.596,12898,12899,12899,3,3
2020-10-14 17:33:07.092,12899,12900,12899,1,-1
2020-10-14 17:33:13.305,12899,12900,12899,1,-1
2020-10-14 17:33:17.484,12899,12900,12899,1,-1
2020-10-14 17:33:23.282,12899,12900,12899,1,-1
2020-10-14 17:33:43.272,12898,12899,12898,1,-1
2020-10-14 17:33:43.272,12898,12899,12898,3,-3
2020-10-14 17:33:55.124,12897,12898,12897,1,-1
2020-10-14 17:33:58.164,12897,12898,12897,9,-9
2020-10-14 17:33:58.870,12896,12897,12896,1,-1
2020-10-14 17:33:58.870,12896,12897,12896,4,-4
2020-10-14 17:33:58.870,12896,12897,12896,4,-4
2020-10-14 17:33:58.870,12896,12897,12896,4,-4
2020-10-14 17:33:58.870,12896,12897,12896,10,-10
2020-10-14 17:33:58.967,12895,12896,12895,1,-1
2020-10-14 17:33:58.977,12895,12896,12896,2,2
2020-10-14 17:33:59.012,12895,12896,12895,1,-1
2020-10-14 17:33:59.013,12895,12896,12896,2,2
2020-10-14 17:33:59.213,12895,12896,12895,1,-1
2020-10-14 17:33:59.681,12895,12896,12895,4,-4
2020-10-14 17:33:59.682,12895,12896,12895,5,-5
2020-10-14 17:34:00.398,12895,12896,12895,2,-2
2020-10-14 17:34:02.134,12895,12896,12896,2,2
2020-10-14 17:34:02.134,12895,12896,12896,2,2
2020-10-14 17:34:02.241,12895,12897,12895,1,-1
2020-10-14 17:34:02.735,12895,12897,12895,1,-1
2020-10-14 17:34:06.643,12895,12897,12895,1,-1
2020-10-14 17:34:07.881,12895,12897,12896,1,1
2020-10-14 17:34:11.807,12895,12897,12896,1,-1
2020-10-14 17:34:14.320,12896,12897,12896,1,-1
2020-10-14 17:34:14.486,12896,12897,12896,2,-2
2020-10-14 17:34:14.495,12896,12897,12895,6,-6
2020-10-14 17:34:14.544,12896,12897,12896,2,2
2020-10-14 17:34:18.660,12896,12897,12896,1,-1
2020-10-14 17:34:26.776,12896,12897,12896,1,-1
2020-10-14 17:34:26.779,12896,12897,12896,2,-2
2020-10-14 17:34:28.323,12895,12896,12896,1,1
2020-10-14 17:34:28.564,12895,12896,12896,3,3
2020-10-14 17:34:38.691,12895,12896,12896,1,1
2020-10-14 17:34:46.427,12895,12897,12895,1,-1
2020-10-14 17:34:48.360,12896,12897,12896,1,1
2020-10-14 17:34:49.503,12896,12897,12896,2,-2
2020-10-14 17:34:52.533,12896,12897,12896,1,-1
2020-10-14 17:34:54.649,12896,12897,12896,1,-1
2020-10-14 17:35:07.822,12896,12897,12896,2,-2
2020-10-14 17:35:07.823,12896,12897,12896,1,-1
2020-10-14 17:35:09.032,12895,12896,12896,1,1
2020-10-14 17:35:09.427,12895,12896,12896,1,1
2020-10-14 17:35:15.113,12895,12897,12897,1,1
2020-10-14 17:35:18.398,12895,12896,12895,1,-1
2020-10-14 17:35:18.400,12895,12896,12895,8,-8
2020-10-14 17:35:18.907,12894,12895,12895,1,1
2020-10-14 17:35:31.669,12894,12895,12894,2,-2
2020-10-14 17:35:39.212,12894,12895,12894,2,-2
2020-10-14 17:35:39.607,12894,12895,12894,3,-3
2020-10-14 17:35:39.947,12894,12895,12894,1,-1
2020-10-14 17:35:41.551,12893,12895,12894,1,-1
2020-10-14 17:35:52.493,12893,12894,12894,5,5
2020-10-14 17:35:53.551,12893,12895,12893,1,-1
2020-10-14 17:35:53.688,12893,12895,12893,3,-3
2020-10-14 17:35:53.834,12893,12895,12893,1,-1
2020-10-14 17:35:54.831,12893,12894,12894,1,1
2020-10-14 17:35:56.420,12894,12895,12895,1,1
2020-10-14 17:35:56.420,12894,12895,12895,1,1
2020-10-14 17:35:56.421,12894,12895,12895,2,2
2020-10-14 17:35:56.421,12894,12895,12895,2,2
2020-10-14 17:35:56.421,12894,12895,12895,6,6
2020-10-14 17:36:01.251,12895,12896,12896,1,1
2020-10-14 17:36:07.665,12895,12896,12895,2,-2
2020-10-14 17:36:07.666,12895,12896,12895,3,-3
2020-10-14 17:36:18.845,12894,12895,12894,5,-5
2020-10-14 17:36:22.901,12894,12895,12894,1,-1
2020-10-14 17:36:27.948,12893,12895,12894,1,-1
2020-10-14 17:36:32.950,12893,12894,12894,1,1
2020-10-14 17:36:38.000,12893,12894,12894,2,2
2020-10-14 17:36:55.281,12893,12894,12893,4,-4
2020-10-14 17:36:55.799,12893,12894,12894,2,2
2020-10-14 17:36:59.662,12894,12895,12894,4,-4
2020-10-14 17:37:07.804,12893,12895,12894,1,-1
2020-10-14 17:37:27.568,12893,12894,12894,4,4
2020-10-14 17:37:35.168,12894,12895,12894,1,-1
2020-10-14 17:37:44.339,12893,12894,12894,1,1
2020-10-14 17:37:49.880,12893,12895,12893,1,-1
2020-10-14 17:37:56.232,12894,12895,12894,1,1
2020-10-14 17:38:06.725,12894,12895,12894,1,-1
2020-10-14 17:38:29.591,12894,12895,12894,1,-1
2020-10-14 17:38:32.334,12894,12895,12894,1,-1
2020-10-14 17:38:38.112,12894,12895,12895,4,4
2020-10-14 17:38:38.112,12894,12895,12895,7,7
2020-10-14 17:38:48.838,12894,12895,12895,1,1
2020-10-14 17:38:49.092,12894,12895,12894,2,-2
2020-10-14 17:38:49.106,12894,12895,12894,2,-2
2020-10-14 17:38:53.893,12894,12895,12894,1,-1
2020-10-14 17:38:55.850,12893,12895,12894,1,-1
2020-10-14 17:39:04.175,12893,12894,12894,1,1
2020-10-14 17:39:32.729,12893,12894,12894,4,4
2020-10-14 17:39:33.006,12894,12895,12894,1,-1
2020-10-14 17:39:40.589,12894,12895,12894,1,-1
2020-10-14 17:39:43.079,12894,12895,12894,1,-1
2020-10-14 17:39:45.196,12893,12894,12894,1,1
2020-10-14 17:40:02.472,12894,12895,12894,1,-1
2020-10-14 17:40:03.165,12894,12895,12894,2,-2
2020-10-14 17:40:05.839,12894,12895,12895,2,2
2020-10-14 17:40:16.522,12894,12895,12894,2,-2
2020-10-14 17:40:21.029,12894,12895,12894,1,-1
2020-10-14 17:40:22.593,12894,12895,12895,4,4
2020-10-14 17:40:32.285,12894,12895,12895,1,1
2020-10-14 17:40:34.638,12894,12895,12895,2,2
2020-10-14 17:40:34.775,12894,12895,12895,1,1
2020-10-14 17:40:42.222,12895,12896,12895,1,-1
2020-10-14 17:40:47.473,12895,12896,12895,1,-1
