2020-05-04,15:00:00.092000,10637,10638,10638,129
2020-05-04,15:00:00.183000,10637,10638,10638,16
2020-05-04,15:00:00.183000,10637,10638,10639,3
2020-05-04,15:00:00.268000,10637,10639,10639,1
2020-05-04,15:00:00.388000,10638,10639,10638,1
2020-05-04,15:00:00.397000,10638,10639,10637,1
2020-05-04,15:00:00.407000,10638,10639,10637,1
2020-05-04,15:00:00.670000,10637,10639,10637,1
2020-05-04,15:00:00.706000,10637,10639,10638,1
2020-05-04,15:00:00.706000,10637,10639,10639,1
2020-05-04,15:00:00.732000,10637,10639,10639,1
2020-05-04,15:00:00.750000,10637,10639,10637,1
2020-05-04,15:00:00.819000,10637,10639,10639,3
2020-05-04,15:00:00.860000,10637,10639,10639,1
2020-05-04,15:00:00.941000,10637,10639,10639,1
2020-05-04,15:00:00.960000,10637,10639,10639,1
2020-05-04,15:00:00.970000,10637,10639,10639,1
2020-05-04,15:00:00.996000,10637,10639,10637,1
2020-05-04,15:00:01.052000,10637,10639,10639,3
2020-05-04,15:00:01.054000,10637,10639,10639,1
2020-05-04,15:00:01.140000,10637,10639,10638,1
2020-05-04,15:00:01.157000,10637,10639,10637,4
2020-05-04,15:00:01.213000,10637,10639,10639,1
2020-05-04,15:00:01.220000,10637,10639,10639,1
2020-05-04,15:00:01.242000,10637,10639,10637,1
2020-05-04,15:00:01.256000,10637,10639,10637,1
2020-05-04,15:00:01.335000,10637,10638,10637,4
2020-05-04,15:00:01.338000,10637,10638,10638,1
2020-05-04,15:00:01.437000,10637,10638,10639,1
2020-05-04,15:00:01.540000,10637,10639,10639,2
2020-05-04,15:00:01.545000,10637,10639,10637,5
2020-05-04,15:00:01.691000,10637,10639,10637,1
2020-05-04,15:00:01.810000,10637,10639,10637,5
2020-05-04,15:00:01.829000,10637,10639,10639,2
2020-05-04,15:00:01.950000,10637,10639,10639,1
2020-05-04,15:00:02.149000,10638,10639,10639,1
2020-05-04,15:00:02.217000,10638,10640,10638,5
2020-05-04,15:00:02.535000,10637,10639,10639,2
2020-05-04,15:00:02.535000,10637,10639,10639,1
2020-05-04,15:00:02.535000,10637,10639,10639,2
2020-05-04,15:00:02.710000,10639,10640,10639,5
2020-05-04,15:00:02.826000,10639,10640,10639,1
2020-05-04,15:00:02.835000,10639,10640,10639,1
2020-05-04,15:00:02.851000,10639,10640,10638,1
2020-05-04,15:00:02.871000,10639,10640,10638,11
2020-05-04,15:00:02.871000,10639,10640,10637,1
2020-05-04,15:00:02.871000,10639,10640,10637,11
2020-05-04,15:00:02.871000,10639,10640,10636,1
2020-05-04,15:00:02.960000,10637,10639,10637,4
2020-05-04,15:00:03.060000,10637,10639,10639,2
2020-05-04,15:00:03.311000,10637,10639,10639,2
2020-05-04,15:00:03.324000,10637,10639,10637,1
2020-05-04,15:00:03.524000,10637,10639,10639,2
2020-05-04,15:00:03.545000,10637,10639,10639,2
2020-05-04,15:00:03.689000,10637,10639,10637,1
2020-05-04,15:00:03.737000,10636,10638,10638,1
2020-05-04,15:00:04.175000,10636,10638,10638,3
2020-05-04,15:00:04.448000,10638,10639,10638,7
2020-05-04,15:00:04.774000,10638,10639,10638,1
2020-05-04,15:00:05.141000,10637,10639,10639,2
2020-05-04,15:00:05.141000,10637,10639,10639,1
2020-05-04,15:00:05.638000,10638,10640,10638,1
2020-05-04,15:00:06.435000,10638,10640,10639,1
2020-05-04,15:00:07.213000,10638,10639,10639,1
2020-05-04,15:00:07.928000,10638,10639,10638,1
2020-05-04,15:00:08.248000,10638,10639,10639,1
2020-05-04,15:00:08.694000,10638,10639,10639,1
2020-05-04,15:00:08.788000,10638,10639,10638,1
2020-05-04,15:00:09.299000,10638,10639,10639,4
2020-05-04,15:00:09.791000,10638,10639,10639,1
2020-05-04,15:00:10.414000,10639,10640,10639,1
2020-05-04,15:00:10.745000,10639,10640,10640,12
2020-05-04,15:00:10.746000,10639,10640,10640,17
2020-05-04,15:00:10.746000,10639,10640,10640,1
2020-05-04,15:00:10.746000,10639,10640,10640,1
2020-05-04,15:00:10.746000,10639,10640,10640,1
2020-05-04,15:00:10.748000,10639,10640,10640,2
2020-05-04,15:00:10.748000,10639,10640,10640,2
2020-05-04,15:00:10.748000,10639,10640,10640,2
2020-05-04,15:00:10.748000,10639,10640,10640,1
2020-05-04,15:00:10.750000,10639,10640,10640,1
2020-05-04,15:00:10.919000,10639,10641,10639,1
2020-05-04,15:00:11.155000,10639,10641,10639,1
2020-05-04,15:00:11.309000,10639,10641,10641,2
2020-05-04,15:00:11.587000,10639,10641,10639,1
2020-05-04,15:00:11.657000,10639,10641,10639,3
2020-05-04,15:00:11.658000,10639,10641,10639,1
2020-05-04,15:00:11.718000,10640,10641,10641,1
2020-05-04,15:00:12.002000,10640,10641,10640,1
2020-05-04,15:00:12.157000,10640,10641,10640,1
2020-05-04,15:00:12.463000,10640,10641,10641,10
2020-05-04,15:00:12.614000,10640,10641,10640,1
2020-05-04,15:00:12.884000,10640,10641,10641,1
2020-05-04,15:00:12.890000,10640,10641,10641,1
2020-05-04,15:00:12.896000,10640,10641,10641,1
2020-05-04,15:00:13.132000,10640,10641,10640,1
2020-05-04,15:00:13.517000,10640,10641,10640,2
2020-05-04,15:00:15.138000,10639,10640,10639,2
2020-05-04,15:00:15.251000,10639,10640,10639,2
2020-05-04,15:00:15.872000,10639,10640,10640,1
2020-05-04,15:00:15.876000,10639,10640,10640,1
2020-05-04,15:00:15.952000,10639,10640,10640,1
2020-05-04,15:00:15.989000,10639,10640,10640,1
2020-05-04,15:00:16.366000,10639,10640,10640,1
2020-05-04,15:00:16.496000,10640,10641,10640,1
2020-05-04,15:00:16.656000,10640,10641,10641,12
2020-05-04,15:00:16.657000,10640,10641,10641,1
2020-05-04,15:00:16.715000,10640,10642,10642,7
2020-05-04,15:00:17.038000,10640,10642,10640,1
2020-05-04,15:00:17.380000,10640,10641,10640,1
2020-05-04,15:00:17.560000,10640,10641,10640,1
2020-05-04,15:00:17.718000,10640,10641,10641,1
2020-05-04,15:00:17.761000,10640,10641,10640,5
2020-05-04,15:00:17.914000,10640,10641,10640,10
2020-05-04,15:00:18.155000,10639,10640,10639,2
2020-05-04,15:00:18.173000,10639,10640,10639,1
2020-05-04,15:00:18.453000,10639,10640,10640,1
2020-05-04,15:00:18.573000,10639,10640,10639,2
2020-05-04,15:00:18.723000,10638,10640,10640,1
2020-05-04,15:00:18.901000,10638,10640,10640,2
2020-05-04,15:00:18.994000,10639,10640,10639,1
2020-05-04,15:00:19.320000,10638,10640,10640,1
2020-05-04,15:00:20.777000,10639,10640,10639,2
2020-05-04,15:00:21.448000,10639,10640,10640,1
2020-05-04,15:00:21.472000,10639,10640,10640,3
2020-05-04,15:00:21.495000,10639,10640,10640,1
2020-05-04,15:00:21.507000,10639,10640,10640,1
2020-05-04,15:00:21.518000,10639,10640,10640,1
2020-05-04,15:00:21.534000,10639,10640,10640,2
2020-05-04,15:00:21.550000,10639,10640,10640,1
2020-05-04,15:00:21.565000,10639,10640,10640,1
2020-05-04,15:00:21.582000,10639,10640,10640,1
2020-05-04,15:00:21.918000,10639,10640,10640,1
2020-05-04,15:00:21.930000,10639,10640,10640,1
2020-05-04,15:00:22.113000,10639,10640,10639,1
2020-05-04,15:00:22.496000,10639,10640,10639,1
2020-05-04,15:00:22.969000,10639,10640,10640,2
2020-05-04,15:00:23.493000,10639,10640,10639,2
2020-05-04,15:00:23.662000,10639,10640,10640,1
2020-05-04,15:00:25.112000,10639,10640,10639,1
2020-05-04,15:00:25.188000,10639,10640,10640,1
2020-05-04,15:00:25.749000,10639,10640,10640,1
2020-05-04,15:00:26.200000,10639,10640,10639,1
2020-05-04,15:00:26.848000,10639,10640,10640,1
2020-05-04,15:00:27.956000,10639,10640,10640,1
2020-05-04,15:00:28.092000,10639,10640,10639,2
2020-05-04,15:00:28.578000,10639,10640,10639,1
2020-05-04,15:00:28.648000,10639,10640,10639,3
2020-05-04,15:00:30.384000,10638,10639,10638,2
2020-05-04,15:00:30.387000,10638,10639,10638,4
2020-05-04,15:00:30.387000,10638,10639,10638,2
2020-05-04,15:00:30.654000,10637,10638,10638,1
2020-05-04,15:00:31.014000,10637,10638,10638,1
2020-05-04,15:00:31.014000,10637,10638,10639,1
2020-05-04,15:00:31.996000,10637,10639,10637,1
2020-05-04,15:00:32.610000,10637,10639,10637,1
2020-05-04,15:00:35.684000,10637,10638,10637,1
2020-05-04,15:00:35.819000,10637,10638,10638,1
2020-05-04,15:00:35.893000,10637,10638,10637,1
2020-05-04,15:00:36.090000,10637,10638,10638,1
2020-05-04,15:00:36.144000,10637,10638,10638,1
2020-05-04,15:00:37.675000,10637,10638,10637,3
2020-05-04,15:00:37.675000,10637,10638,10637,1
2020-05-04,15:00:37.677000,10637,10638,10637,2
2020-05-04,15:00:38.328000,10636,10637,10636,1
2020-05-04,15:00:38.525000,10636,10637,10636,1
2020-05-04,15:00:38.632000,10636,10637,10636,1
2020-05-04,15:00:38.709000,10636,10637,10636,1
2020-05-04,15:00:38.837000,10636,10637,10636,1
2020-05-04,15:00:38.841000,10636,10637,10636,1
2020-05-04,15:00:38.842000,10636,10637,10636,2
2020-05-04,15:00:38.842000,10636,10637,10636,2
2020-05-04,15:00:38.884000,10636,10637,10636,1
2020-05-04,15:00:39.046000,10636,10637,10636,1
2020-05-04,15:00:40.692000,10635,10636,10636,1
2020-05-04,15:00:40.725000,10635,10636,10635,1
2020-05-04,15:00:40.911000,10635,10636,10635,1
2020-05-04,15:00:40.932000,10635,10636,10636,2
2020-05-04,15:00:40.940000,10635,10636,10635,1
2020-05-04,15:00:41.108000,10635,10636,10635,1
2020-05-04,15:00:41.108000,10635,10636,10635,1
2020-05-04,15:00:41.108000,10635,10636,10635,1
2020-05-04,15:00:41.251000,10634,10635,10635,1
2020-05-04,15:00:41.391000,10634,10635,10635,1
2020-05-04,15:00:41.475000,10635,10636,10635,3
2020-05-04,15:00:41.475000,10635,10636,10634,1
2020-05-04,15:00:41.722000,10634,10636,10634,1
2020-05-04,15:00:42.184000,10635,10636,10634,1
2020-05-04,15:00:42.377000,10634,10635,10635,2
2020-05-04,15:00:42.469000,10635,10636,10635,1
2020-05-04,15:00:45.055000,10633,10634,10634,3
2020-05-04,15:00:46.061000,10633,10635,10633,1
2020-05-04,15:00:46.252000,10633,10634,10634,3
2020-05-04,15:00:46.406000,10634,10635,10634,1
2020-05-04,15:00:46.732000,10633,10634,10634,1
2020-05-04,15:00:46.938000,10633,10634,10633,1
2020-05-04,15:00:47.166000,10632,10634,10632,3
2020-05-04,15:00:48.677000,10632,10633,10633,5
2020-05-04,15:00:49.782000,10632,10634,10632,1
2020-05-04,15:00:51.038000,10633,10634,10634,1
2020-05-04,15:00:52.284000,10634,10635,10634,1
2020-05-04,15:00:52.702000,10634,10635,10634,1
2020-05-04,15:00:52.835000,10634,10635,10635,4
2020-05-04,15:00:53.085000,10635,10636,10636,3
2020-05-04,15:00:54.243000,10635,10636,10636,1
2020-05-04,15:00:54.518000,10636,10637,10636,1
2020-05-04,15:00:55.421000,10635,10637,10635,1
2020-05-04,15:00:56.738000,10634,10636,10636,1
2020-05-04,15:00:58.905000,10636,10637,10636,1
2020-05-04,15:00:58.922000,10636,10637,10635,2
2020-05-04,15:01:00.035000,10635,10636,10635,1
2020-05-04,15:01:00.048000,10635,10636,10634,4
2020-05-04,15:01:00.107000,10634,10635,10635,1
2020-05-04,15:01:00.220000,10634,10635,10634,1
2020-05-04,15:01:00.230000,10634,10635,10634,1
2020-05-04,15:01:00.332000,10634,10635,10634,1
2020-05-04,15:01:00.332000,10634,10635,10634,2
2020-05-04,15:01:00.627000,10633,10634,10634,1
2020-05-04,15:01:01.244000,10633,10634,10633,4
2020-05-04,15:01:01.244000,10633,10634,10633,2
2020-05-04,15:01:01.530000,10632,10633,10633,1
2020-05-04,15:01:01.606000,10632,10633,10632,4
2020-05-04,15:01:01.782000,10631,10633,10633,1
2020-05-04,15:01:01.812000,10631,10633,10631,1
2020-05-04,15:01:01.815000,10631,10633,10631,1
2020-05-04,15:01:01.827000,10631,10633,10631,1
2020-05-04,15:01:01.830000,10631,10633,10631,1
2020-05-04,15:01:01.830000,10631,10633,10631,1
2020-05-04,15:01:01.830000,10631,10633,10631,1
2020-05-04,15:01:01.846000,10631,10632,10631,1
2020-05-04,15:01:02.938000,10631,10632,10631,1
2020-05-04,15:01:03.995000,10631,10633,10633,1
2020-05-04,15:01:04.285000,10631,10633,10631,1
2020-05-04,15:01:04.423000,10631,10633,10631,1
2020-05-04,15:01:04.482000,10631,10633,10633,2
2020-05-04,15:01:04.867000,10631,10633,10632,1
2020-05-04,15:01:06.146000,10632,10633,10632,1
2020-05-04,15:01:06.979000,10631,10632,10631,1
2020-05-04,15:01:07.617000,10631,10632,10632,1
2020-05-04,15:01:08.035000,10631,10632,10631,1
2020-05-04,15:01:08.094000,10630,10631,10631,1
2020-05-04,15:01:08.533000,10630,10631,10630,2
2020-05-04,15:01:08.533000,10630,10631,10630,7
2020-05-04,15:01:08.533000,10630,10631,10630,1
2020-05-04,15:01:09.327000,10629,10630,10629,1
2020-05-04,15:01:09.671000,10629,10630,10630,1
2020-05-04,15:01:10.299000,10629,10630,10630,3
2020-05-04,15:01:10.815000,10629,10630,10629,1
2020-05-04,15:01:11.025000,10628,10630,10630,1
2020-05-04,15:01:12.304000,10628,10629,10628,1
2020-05-04,15:01:12.593000,10628,10629,10629,1
2020-05-04,15:01:12.639000,10628,10629,10628,1
2020-05-04,15:01:13.612000,10628,10630,10630,1
2020-05-04,15:01:14.317000,10628,10629,10629,1
2020-05-04,15:01:14.486000,10628,10629,10628,1
2020-05-04,15:01:14.515000,10628,10629,10628,1
2020-05-04,15:01:15.339000,10628,10629,10628,1
2020-05-04,15:01:15.549000,10627,10628,10627,1
2020-05-04,15:01:16.924000,10627,10628,10628,2
2020-05-04,15:01:16.924000,10627,10628,10629,1
2020-05-04,15:01:17.529000,10628,10629,10628,1
2020-05-04,15:01:17.529000,10628,10629,10627,1
2020-05-04,15:01:17.633000,10627,10629,10629,1
2020-05-04,15:01:18.063000,10627,10628,10627,1
2020-05-04,15:01:18.621000,10627,10628,10627,1
2020-05-04,15:01:18.622000,10627,10628,10627,1
2020-05-04,15:01:18.788000,10627,10628,10627,2
2020-05-04,15:01:20.692000,10626,10628,10626,2
2020-05-04,15:01:20.897000,10626,10628,10628,1
2020-05-04,15:01:21.843000,10627,10628,10627,1
2020-05-04,15:01:24.172000,10626,10627,10627,1
2020-05-04,15:01:24.172000,10626,10627,10628,2
2020-05-04,15:01:24.469000,10626,10628,10626,1
2020-05-04,15:01:25.064000,10626,10628,10627,1
2020-05-04,15:01:25.199000,10626,10628,10627,1
2020-05-04,15:01:25.473000,10626,10627,10626,1
2020-05-04,15:01:25.572000,10626,10627,10626,4
2020-05-04,15:01:25.599000,10625,10627,10625,7
2020-05-04,15:01:25.883000,10624,10625,10625,1
2020-05-04,15:01:25.897000,10624,10625,10625,1
2020-05-04,15:01:25.918000,10624,10625,10625,1
2020-05-04,15:01:26.513000,10625,10627,10627,1
2020-05-04,15:01:30.355000,10626,10627,10627,1
2020-05-04,15:01:30.989000,10626,10627,10627,1
2020-05-04,15:01:32.600000,10626,10627,10627,10
2020-05-04,15:01:32.644000,10626,10627,10628,8
2020-05-04,15:01:32.812000,10628,10629,10629,3
2020-05-04,15:01:32.817000,10628,10629,10630,6
2020-05-04,15:01:33.744000,10629,10630,10629,1
2020-05-04,15:01:34.471000,10628,10630,10628,1
2020-05-04,15:01:35.342000,10628,10630,10630,1
2020-05-04,15:01:36.590000,10628,10630,10630,11
2020-05-04,15:01:37.913000,10628,10629,10629,2
2020-05-04,15:01:39.938000,10628,10629,10628,1
2020-05-04,15:01:39.938000,10628,10629,10628,2
2020-05-04,15:01:41.113000,10627,10628,10627,2
2020-05-04,15:01:41.113000,10627,10628,10627,4
2020-05-04,15:01:42.308000,10626,10627,10626,2
2020-05-04,15:01:42.308000,10626,10627,10626,2
2020-05-04,15:01:42.468000,10626,10627,10626,2
2020-05-04,15:01:44.964000,10628,10630,10628,2
2020-05-04,15:01:45.893000,10627,10628,10627,1
2020-05-04,15:01:47.477000,10626,10628,10628,5
2020-05-04,15:01:47.618000,10626,10628,10626,1
2020-05-04,15:01:49.637000,10626,10627,10627,1
2020-05-04,15:01:49.637000,10626,10627,10628,2
2020-05-04,15:01:50.568000,10627,10628,10628,3
2020-05-04,15:01:50.568000,10627,10628,10629,2
2020-05-04,15:01:51.293000,10627,10628,10627,3
2020-05-04,15:01:51.293000,10627,10628,10626,2
2020-05-04,15:01:54.339000,10627,10628,10627,1
2020-05-04,15:01:59.065000,10626,10627,10627,1
2020-05-04,15:01:59.503000,10626,10628,10626,1
2020-05-04,15:01:59.977000,10626,10627,10626,2
2020-05-04,15:02:00.263000,10626,10627,10626,1
2020-05-04,15:02:01.189000,10626,10627,10626,2
2020-05-04,15:02:02.115000,10626,10627,10626,1
2020-05-04,15:02:02.388000,10626,10627,10626,5
2020-05-04,15:02:02.402000,10626,10627,10627,1
2020-05-04,15:02:02.685000,10625,10627,10625,3
2020-05-04,15:02:02.685000,10625,10627,10625,3
2020-05-04,15:02:02.880000,10624,10626,10626,3
2020-05-04,15:02:03.485000,10624,10626,10626,5
2020-05-04,15:02:03.529000,10624,10626,10624,1
2020-05-04,15:02:03.718000,10624,10626,10624,1
2020-05-04,15:02:03.901000,10624,10626,10626,1
2020-05-04,15:02:04.099000,10624,10626,10626,1
2020-05-04,15:02:04.515000,10624,10625,10624,1
2020-05-04,15:02:05.031000,10624,10625,10624,3
2020-05-04,15:02:11.141000,10623,10624,10624,1
2020-05-04,15:02:12.585000,10623,10624,10623,3
2020-05-04,15:02:15.343000,10622,10623,10623,1
2020-05-04,15:02:16.052000,10622,10623,10623,2
2020-05-04,15:02:17.074000,10623,10624,10623,1
2020-05-04,15:02:20.613000,10622,10623,10623,1
2020-05-04,15:02:20.866000,10622,10623,10623,1
2020-05-04,15:02:21.887000,10623,10624,10623,2
2020-05-04,15:02:21.912000,10623,10624,10623,1
2020-05-04,15:02:21.928000,10623,10624,10623,1
2020-05-04,15:02:22.026000,10622,10623,10623,5
2020-05-04,15:02:22.200000,10622,10623,10623,5
2020-05-04,15:02:22.427000,10622,10624,10624,5
2020-05-04,15:02:23.656000,10623,10624,10623,3
2020-05-04,15:02:25.335000,10623,10624,10624,16
2020-05-04,15:02:26.840000,10624,10625,10625,1
2020-05-04,15:02:27.566000,10624,10625,10624,3
2020-05-04,15:02:27.924000,10624,10625,10624,10
2020-05-04,15:02:28.722000,10623,10625,10623,1
2020-05-04,15:02:30.287000,10623,10624,10623,1
2020-05-04,15:02:31.333000,10623,10624,10624,1
2020-05-04,15:02:31.621000,10623,10625,10623,1
2020-05-04,15:02:32.095000,10624,10625,10624,1
2020-05-04,15:02:33.844000,10623,10624,10624,1
2020-05-04,15:02:37.185000,10623,10624,10623,3
2020-05-04,15:02:39.474000,10623,10624,10623,4
2020-05-04,15:02:39.803000,10623,10624,10624,1
2020-05-04,15:02:39.926000,10623,10624,10623,1
2020-05-04,15:02:40.418000,10623,10624,10623,1
2020-05-04,15:02:42.097000,10623,10624,10623,1
2020-05-04,15:02:43.140000,10623,10624,10624,2
2020-05-04,15:02:43.330000,10624,10625,10624,5
2020-05-04,15:02:43.330000,10624,10625,10624,2
2020-05-04,15:02:43.575000,10623,10624,10624,1
2020-05-04,15:02:43.575000,10623,10624,10624,2
2020-05-04,15:02:43.575000,10623,10624,10624,1
2020-05-04,15:02:49.143000,10624,10625,10624,6
2020-05-04,15:02:49.262000,10623,10624,10624,2
2020-05-04,15:02:49.262000,10623,10624,10625,3
2020-05-04,15:02:51.110000,10624,10625,10625,2
2020-05-04,15:02:51.114000,10624,10625,10625,9
2020-05-04,15:02:51.286000,10624,10626,10624,1
2020-05-04,15:02:55.613000,10624,10625,10625,1
2020-05-04,15:02:55.915000,10624,10625,10625,2
2020-05-04,15:02:55.915000,10624,10625,10626,3
2020-05-04,15:02:58.004000,10624,10625,10625,1
2020-05-04,15:02:59.261000,10625,10626,10625,5
2020-05-04,15:03:00.304000,10624,10625,10624,2
2020-05-04,15:03:00.524000,10624,10625,10624,2
2020-05-04,15:03:00.524000,10624,10625,10624,1
2020-05-04,15:03:00.790000,10623,10625,10625,1
2020-05-04,15:03:06.616000,10624,10625,10624,1
2020-05-04,15:03:09.646000,10623,10625,10625,1
2020-05-04,15:03:10.382000,10623,10625,10625,1
2020-05-04,15:03:12.241000,10625,10626,10625,1
2020-05-04,15:03:12.830000,10624,10625,10624,1
2020-05-04,15:03:13.642000,10624,10625,10624,1
2020-05-04,15:03:14.338000,10624,10625,10624,1
2020-05-04,15:03:14.511000,10623,10625,10623,1
2020-05-04,15:03:15.975000,10623,10624,10623,1
2020-05-04,15:03:17.058000,10623,10624,10624,1
2020-05-04,15:03:19.171000,10623,10624,10623,5
2020-05-04,15:03:21.410000,10622,10623,10622,1
2020-05-04,15:03:21.439000,10622,10623,10623,7
2020-05-04,15:03:21.439000,10622,10623,10623,2
2020-05-04,15:03:22.062000,10623,10624,10624,1
2020-05-04,15:03:24.385000,10623,10624,10624,2
2020-05-04,15:03:24.920000,10624,10625,10624,1
2020-05-04,15:03:26.558000,10623,10624,10623,1
2020-05-04,15:03:27.463000,10623,10624,10624,1
2020-05-04,15:03:27.834000,10623,10624,10624,3
2020-05-04,15:03:27.834000,10623,10624,10625,2
2020-05-04,15:03:28.498000,10624,10625,10625,3
2020-05-04,15:03:31.627000,10625,10626,10626,5
2020-05-04,15:03:31.627000,10625,10626,10626,1
2020-05-04,15:03:32.187000,10625,10627,10625,1
2020-05-04,15:03:32.988000,10625,10626,10625,3
2020-05-04,15:03:35.452000,10624,10625,10624,1
2020-05-04,15:03:38.208000,10624,10625,10624,3
2020-05-04,15:03:39.188000,10624,10625,10625,1
2020-05-04,15:03:41.534000,10624,10625,10625,2
2020-05-04,15:03:42.576000,10625,10626,10625,1
2020-05-04,15:03:44.073000,10625,10626,10625,1
2020-05-04,15:03:45.583000,10625,10626,10626,1
2020-05-04,15:03:45.583000,10625,10626,10627,4
2020-05-04,15:03:49.482000,10626,10627,10627,2
2020-05-04,15:03:49.483000,10626,10627,10627,5
2020-05-04,15:03:50.441000,10627,10628,10628,7
2020-05-04,15:03:51.509000,10627,10628,10627,1
2020-05-04,15:03:51.696000,10626,10628,10627,1
2020-05-04,15:03:51.787000,10626,10628,10626,1
2020-05-04,15:03:55.899000,10626,10627,10627,2
2020-05-04,15:03:55.899000,10626,10627,10628,2
2020-05-04,15:03:57.008000,10626,10628,10628,1
2020-05-04,15:03:57.102000,10626,10628,10626,4
2020-05-04,15:03:57.804000,10625,10626,10626,1
2020-05-04,15:03:59.850000,10625,10626,10626,1
2020-05-04,15:04:00.260000,10625,10626,10625,4
2020-05-04,15:04:00.394000,10624,10625,10624,3
2020-05-04,15:04:00.606000,10624,10625,10624,1
2020-05-04,15:04:00.889000,10624,10625,10625,1
2020-05-04,15:04:01.066000,10624,10625,10625,1
2020-05-04,15:04:01.883000,10624,10625,10624,2
2020-05-04,15:04:01.936000,10624,10625,10624,1
2020-05-04,15:04:01.936000,10624,10625,10624,1
2020-05-04,15:04:02.046000,10624,10625,10624,1
2020-05-04,15:04:02.046000,10624,10625,10624,2
2020-05-04,15:04:02.046000,10624,10625,10624,2
2020-05-04,15:04:02.046000,10624,10625,10624,2
2020-05-04,15:04:02.046000,10624,10625,10624,3
2020-05-04,15:04:02.047000,10624,10625,10624,2
2020-05-04,15:04:02.047000,10624,10625,10624,2
2020-05-04,15:04:02.047000,10624,10625,10624,2
2020-05-04,15:04:02.047000,10624,10625,10624,3
2020-05-04,15:04:03.069000,10623,10624,10623,2
2020-05-04,15:04:05.164000,10623,10624,10624,1
2020-05-04,15:04:05.164000,10623,10624,10624,1
2020-05-04,15:04:05.337000,10624,10625,10624,2
2020-05-04,15:04:06.240000,10624,10625,10624,1
2020-05-04,15:04:08.005000,10624,10625,10625,2
2020-05-04,15:04:08.005000,10624,10625,10626,1
2020-05-04,15:04:13.290000,10624,10625,10625,1
2020-05-04,15:04:14.231000,10624,10625,10625,1
2020-05-04,15:04:22.122000,10626,10627,10626,1
2020-05-04,15:04:22.929000,10626,10627,10626,1
2020-05-04,15:04:25.438000,10626,10627,10626,1
2020-05-04,15:04:25.489000,10626,10627,10626,2
2020-05-04,15:04:25.489000,10626,10627,10625,1
2020-05-04,15:04:26.202000,10626,10627,10625,1
2020-05-04,15:04:28.392000,10626,10627,10627,4
2020-05-04,15:04:32.777000,10625,10626,10625,1
2020-05-04,15:04:32.850000,10625,10626,10625,1
2020-05-04,15:04:33.595000,10625,10626,10626,1
2020-05-04,15:04:37.209000,10626,10627,10627,4
2020-05-04,15:04:37.210000,10626,10627,10627,10
2020-05-04,15:04:37.326000,10626,10627,10627,1
2020-05-04,15:04:40.651000,10626,10627,10627,2
2020-05-04,15:04:42.489000,10627,10628,10628,12
2020-05-04,15:04:42.734000,10628,10629,10629,1
2020-05-04,15:04:43.480000,10628,10629,10629,1
2020-05-04,15:04:43.834000,10628,10629,10629,2
2020-05-04,15:04:44.349000,10628,10629,10628,1
2020-05-04,15:04:45.597000,10628,10629,10629,1
2020-05-04,15:04:47.099000,10629,10630,10630,3
2020-05-04,15:04:47.099000,10629,10630,10630,16
2020-05-04,15:04:47.099000,10629,10630,10630,3
2020-05-04,15:04:47.099000,10629,10630,10630,4
2020-05-04,15:04:47.100000,10629,10630,10630,4
2020-05-04,15:04:47.100000,10629,10630,10630,6
2020-05-04,15:04:47.100000,10629,10630,10630,5
2020-05-04,15:04:47.100000,10629,10630,10630,1
2020-05-04,15:04:48.151000,10629,10631,10629,1
2020-05-04,15:04:50.777000,10629,10630,10630,1
2020-05-04,15:04:51.187000,10629,10630,10630,1
2020-05-04,15:04:53.937000,10629,10631,10631,12
2020-05-04,15:04:54.006000,10630,10631,10631,1
2020-05-04,15:04:54.224000,10630,10631,10630,1
2020-05-04,15:04:55.901000,10630,10631,10631,1
2020-05-04,15:04:56.132000,10630,10632,10630,2
2020-05-04,15:04:57.097000,10630,10631,10631,1
2020-05-04,15:04:57.324000,10630,10631,10631,6
2020-05-04,15:04:57.700000,10631,10632,10631,1
2020-05-04,15:04:57.706000,10631,10632,10632,1
2020-05-04,15:04:59.208000,10631,10632,10632,3
2020-05-04,15:04:59.495000,10631,10632,10632,1
2020-05-04,15:04:59.621000,10631,10632,10632,2
2020-05-04,15:05:00.185000,10631,10632,10632,1
2020-05-04,15:05:00.587000,10632,10633,10632,2
2020-05-04,15:05:00.807000,10632,10633,10631,1
2020-05-04,15:05:01.656000,10631,10632,10632,1
2020-05-04,15:05:01.805000,10631,10632,10631,1
2020-05-04,15:05:01.902000,10631,10632,10632,1
2020-05-04,15:05:02.270000,10631,10632,10632,1
2020-05-04,15:05:02.569000,10631,10632,10632,2
2020-05-04,15:05:02.571000,10631,10632,10632,3
2020-05-04,15:05:03.176000,10631,10633,10633,15
2020-05-04,15:05:03.456000,10632,10633,10634,1
2020-05-04,15:05:04.232000,10632,10634,10634,1
2020-05-04,15:05:04.796000,10632,10634,10633,1
2020-05-04,15:05:05.233000,10632,10633,10633,1
2020-05-04,15:05:05.506000,10633,10634,10634,1
2020-05-04,15:05:05.775000,10633,10634,10634,1
2020-05-04,15:05:05.954000,10634,10635,10633,1
2020-05-04,15:05:06.709000,10633,10634,10634,1
2020-05-04,15:05:06.709000,10633,10634,10635,1
2020-05-04,15:05:06.872000,10634,10635,10635,1
2020-05-04,15:05:07.031000,10634,10635,10635,1
2020-05-04,15:05:07.393000,10634,10635,10635,1
2020-05-04,15:05:07.619000,10634,10635,10635,2
2020-05-04,15:05:07.927000,10634,10636,10634,1
2020-05-04,15:05:09.108000,10634,10635,10635,1
2020-05-04,15:05:09.773000,10635,10636,10636,1
2020-05-04,15:05:10.180000,10635,10636,10636,7
2020-05-04,15:05:10.280000,10635,10637,10637,1
2020-05-04,15:05:10.780000,10636,10637,10637,7
2020-05-04,15:05:11.792000,10636,10637,10637,2
2020-05-04,15:05:11.826000,10636,10637,10637,5
2020-05-04,15:05:11.868000,10637,10638,10637,1
2020-05-04,15:05:12.405000,10637,10638,10638,2
2020-05-04,15:05:12.590000,10637,10638,10637,3
2020-05-04,15:05:12.710000,10637,10638,10637,4
2020-05-04,15:05:12.835000,10637,10638,10637,2
2020-05-04,15:05:13.460000,10637,10638,10637,2
2020-05-04,15:05:13.595000,10636,10638,10638,1
2020-05-04,15:05:15.300000,10637,10638,10638,4
2020-05-04,15:05:16.100000,10637,10638,10637,2
2020-05-04,15:05:16.210000,10636,10637,10636,3
2020-05-04,15:05:16.482000,10635,10636,10636,1
2020-05-04,15:05:16.816000,10634,10636,10636,1
2020-05-04,15:05:17.742000,10634,10635,10634,6
2020-05-04,15:05:18.173000,10633,10634,10633,1
2020-05-04,15:05:18.624000,10632,10633,10633,1
2020-05-04,15:05:19.610000,10632,10633,10632,1
2020-05-04,15:05:19.610000,10632,10633,10632,1
2020-05-04,15:05:21.566000,10631,10632,10631,1
2020-05-04,15:05:21.725000,10631,10632,10632,1
2020-05-04,15:05:24.107000,10631,10632,10631,2
2020-05-04,15:05:25.888000,10631,10632,10631,5
2020-05-04,15:05:26.046000,10630,10631,10631,1
2020-05-04,15:05:29.061000,10630,10631,10630,9
2020-05-04,15:05:29.932000,10629,10630,10630,1
2020-05-04,15:05:31.940000,10629,10630,10629,1
2020-05-04,15:05:32.054000,10629,10630,10630,1
2020-05-04,15:05:35.619000,10629,10630,10630,1
2020-05-04,15:05:39.317000,10630,10631,10630,1
2020-05-04,15:05:39.943000,10629,10630,10629,1
2020-05-04,15:05:40.617000,10628,10630,10630,1
2020-05-04,15:05:40.798000,10628,10630,10630,1
2020-05-04,15:05:40.934000,10628,10630,10629,1
2020-05-04,15:05:41.530000,10628,10629,10629,1
2020-05-04,15:05:42.028000,10628,10629,10628,1
2020-05-04,15:05:42.028000,10628,10629,10628,1
2020-05-04,15:05:42.146000,10627,10628,10627,1
2020-05-04,15:05:43.049000,10627,10629,10629,1
2020-05-04,15:05:45.178000,10629,10630,10629,1
2020-05-04,15:05:46.751000,10630,10631,10631,2
2020-05-04,15:05:46.751000,10630,10631,10632,4
2020-05-04,15:05:47.334000,10631,10632,10632,1
2020-05-04,15:05:53.306000,10629,10631,10629,1
2020-05-04,15:05:58.170000,10630,10631,10630,1
2020-05-04,15:06:00.018000,10630,10631,10631,1
2020-05-04,15:06:00.159000,10630,10631,10630,1
2020-05-04,15:06:01.215000,10629,10631,10629,1
2020-05-04,15:06:04.836000,10629,10631,10631,1
2020-05-04,15:06:05.342000,10629,10631,10629,1
2020-05-04,15:06:08.051000,10629,10630,10630,1
2020-05-04,15:06:08.231000,10629,10630,10630,1
2020-05-04,15:06:10.806000,10630,10631,10630,1
2020-05-04,15:06:12.339000,10629,10630,10629,1
2020-05-04,15:06:12.339000,10629,10630,10628,2
2020-05-04,15:06:14.525000,10629,10630,10630,1
2020-05-04,15:06:16.048000,10629,10631,10629,1
2020-05-04,15:06:22.820000,10629,10630,10630,1
2020-05-04,15:06:27.259000,10629,10630,10630,1
2020-05-04,15:06:27.761000,10630,10631,10630,1
2020-05-04,15:06:29.944000,10629,10630,10630,1
2020-05-04,15:06:30.464000,10630,10631,10630,2
2020-05-04,15:06:32.462000,10629,10630,10629,4
2020-05-04,15:06:32.681000,10628,10629,10628,1
2020-05-04,15:06:32.681000,10628,10629,10628,1
2020-05-04,15:06:32.682000,10628,10629,10628,2
2020-05-04,15:06:32.682000,10628,10629,10628,2
2020-05-04,15:06:32.682000,10628,10629,10628,4
2020-05-04,15:06:32.682000,10628,10629,10628,1
2020-05-04,15:06:32.682000,10628,10629,10628,6
2020-05-04,15:06:32.683000,10628,10629,10628,1
2020-05-04,15:06:32.683000,10628,10629,10628,8
2020-05-04,15:06:36.323000,10628,10630,10628,1
2020-05-04,15:06:41.838000,10629,10630,10630,4
2020-05-04,15:06:42.172000,10629,10631,10631,12
2020-05-04,15:06:48.436000,10631,10632,10632,2
2020-05-04,15:06:48.436000,10631,10632,10632,1
2020-05-04,15:06:52.636000,10631,10632,10632,1
2020-05-04,15:06:55.350000,10631,10632,10632,1
2020-05-04,15:06:57.516000,10632,10633,10633,2
2020-05-04,15:06:57.584000,10632,10633,10633,1
2020-05-04,15:07:02.977000,10633,10635,10635,1
2020-05-04,15:07:03.752000,10633,10634,10634,4
2020-05-04,15:07:03.752000,10633,10634,10635,1
2020-05-04,15:07:08.160000,10634,10635,10634,1
2020-05-04,15:07:09.427000,10633,10635,10635,2
2020-05-04,15:07:15.965000,10633,10634,10634,2
2020-05-04,15:07:18.158000,10633,10634,10634,5
2020-05-04,15:07:21.376000,10633,10635,10635,10
2020-05-04,15:07:24.876000,10633,10634,10634,1
2020-05-04,15:07:27.308000,10633,10634,10633,1
2020-05-04,15:07:27.504000,10633,10634,10633,6
2020-05-04,15:07:27.708000,10632,10633,10633,2
2020-05-04,15:07:29.988000,10632,10634,10634,6
2020-05-04,15:07:39.256000,10633,10634,10634,6
2020-05-04,15:07:46.623000,10632,10634,10634,8
2020-05-04,15:07:46.623000,10632,10634,10634,4
2020-05-04,15:07:46.624000,10632,10634,10634,3
2020-05-04,15:07:47.722000,10633,10634,10633,1
2020-05-04,15:07:48.085000,10632,10634,10632,1
2020-05-04,15:07:52.536000,10632,10633,10632,3
2020-05-04,15:07:53.105000,10631,10633,10631,4
2020-05-04,15:07:54.812000,10631,10633,10631,1
2020-05-04,15:08:04.031000,10632,10633,10632,5
2020-05-04,15:08:04.031000,10632,10633,10632,1
2020-05-04,15:08:04.032000,10632,10633,10632,2
2020-05-04,15:08:04.494000,10632,10633,10632,1
2020-05-04,15:08:04.494000,10632,10633,10631,2
2020-05-04,15:08:07.366000,10631,10632,10631,2
2020-05-04,15:08:11.047000,10631,10632,10631,1
2020-05-04,15:08:16.540000,10631,10632,10632,1
2020-05-04,15:08:16.540000,10631,10632,10632,2
2020-05-04,15:08:19.316000,10632,10633,10632,5
2020-05-04,15:08:20.342000,10632,10633,10632,1
2020-05-04,15:08:28.339000,10632,10633,10632,1
2020-05-04,15:08:28.340000,10632,10633,10632,2
2020-05-04,15:08:28.340000,10632,10633,10632,2
2020-05-04,15:08:30.909000,10631,10632,10631,3
2020-05-04,15:08:31.171000,10630,10631,10631,1
2020-05-04,15:08:31.349000,10631,10632,10631,1
2020-05-04,15:08:31.902000,10630,10631,10631,1
2020-05-04,15:08:49.979000,10630,10631,10631,6
2020-05-04,15:08:49.979000,10630,10631,10632,4
2020-05-04,15:08:51.120000,10631,10632,10631,2
2020-05-04,15:08:56.430000,10631,10632,10631,1
2020-05-04,15:09:02.609000,10631,10632,10631,1
2020-05-04,15:09:02.971000,10631,10632,10632,1
2020-05-04,15:09:03.030000,10631,10632,10633,1
2020-05-04,15:09:03.066000,10631,10632,10633,1
2020-05-04,15:09:03.076000,10631,10632,10633,2
2020-05-04,15:09:03.090000,10632,10634,10634,1
2020-05-04,15:09:03.114000,10632,10634,10634,1
2020-05-04,15:09:03.137000,10632,10634,10634,1
2020-05-04,15:09:03.323000,10633,10635,10635,1
2020-05-04,15:09:09.260000,10632,10634,10634,1
2020-05-04,15:09:09.877000,10632,10634,10634,1
2020-05-04,15:09:11.916000,10633,10634,10633,1
2020-05-04,15:09:12.616000,10631,10633,10633,1
2020-05-04,15:09:14.041000,10632,10633,10632,1
2020-05-04,15:09:19.041000,10631,10632,10631,1
2020-05-04,15:09:20.681000,10631,10633,10632,1
2020-05-04,15:09:22.636000,10631,10632,10631,1
2020-05-04,15:09:22.702000,10631,10632,10631,1
2020-05-04,15:09:22.916000,10631,10632,10631,1
2020-05-04,15:09:23.151000,10631,10632,10631,1
2020-05-04,15:09:23.241000,10631,10632,10631,1
2020-05-04,15:09:24.345000,10631,10632,10632,1
2020-05-04,15:09:24.371000,10631,10632,10632,1
2020-05-04,15:09:24.506000,10631,10633,10633,1
2020-05-04,15:09:28.754000,10631,10633,10633,1
2020-05-04,15:09:40.612000,10632,10633,10633,2
2020-05-04,15:09:40.612000,10632,10633,10634,3
2020-05-04,15:09:45.961000,10633,10635,10634,1
2020-05-04,15:10:01.029000,10633,10634,10633,1
2020-05-04,15:10:01.029000,10633,10634,10633,2
2020-05-04,15:10:01.451000,10632,10633,10633,1
2020-05-04,15:10:09.008000,10632,10633,10632,2
2020-05-04,15:10:09.010000,10632,10633,10632,2
2020-05-04,15:10:09.373000,10631,10632,10631,2
2020-05-04,15:10:09.378000,10631,10632,10631,1
2020-05-04,15:10:09.473000,10631,10632,10632,1
2020-05-04,15:10:10.112000,10631,10632,10631,1
2020-05-04,15:10:10.112000,10631,10632,10631,1
2020-05-04,15:10:11.732000,10630,10631,10631,1
2020-05-04,15:10:14.282000,10630,10631,10630,1
2020-05-04,15:10:14.300000,10630,10631,10631,1
2020-05-04,15:10:18.494000,10630,10631,10631,1
2020-05-04,15:10:25.978000,10630,10631,10631,1
2020-05-04,15:10:28.978000,10630,10631,10630,10
2020-05-04,15:10:29.249000,10630,10631,10630,1
2020-05-04,15:10:29.318000,10630,10631,10630,1
2020-05-04,15:10:29.356000,10630,10631,10630,1
2020-05-04,15:10:29.356000,10630,10631,10630,1
2020-05-04,15:10:29.356000,10630,10631,10630,1
2020-05-04,15:10:30.774000,10629,10630,10630,1
2020-05-04,15:10:32.020000,10629,10630,10630,1
2020-05-04,15:10:34.101000,10629,10630,10630,1
2020-05-04,15:10:34.870000,10630,10631,10630,1
2020-05-04,15:10:35.043000,10630,10631,10631,1
2020-05-04,15:10:35.043000,10630,10631,10631,3
2020-05-04,15:10:36.132000,10631,10633,10631,1
2020-05-04,15:10:37.663000,10631,10633,10631,1
2020-05-04,15:10:48.653000,10630,10631,10632,1
2020-05-04,15:10:48.951000,10631,10632,10631,1
2020-05-04,15:10:51.065000,10630,10631,10630,2
2020-05-04,15:10:51.104000,10629,10631,10630,1
2020-05-04,15:10:51.765000,10629,10630,10629,2
2020-05-04,15:10:53.888000,10629,10630,10629,3
2020-05-04,15:10:55.216000,10628,10629,10629,2
2020-05-04,15:11:00.300000,10628,10630,10628,3
2020-05-04,15:11:03.429000,10628,10629,10628,6
2020-05-04,15:11:03.880000,10627,10628,10627,1
2020-05-04,15:11:04.237000,10627,10628,10627,1
2020-05-04,15:11:05.404000,10626,10627,10627,1
2020-05-04,15:11:06.941000,10626,10627,10626,1
2020-05-04,15:11:07.581000,10626,10627,10626,2
2020-05-04,15:11:07.785000,10626,10627,10626,1
2020-05-04,15:11:07.934000,10626,10627,10626,1
2020-05-04,15:11:09.304000,10626,10627,10626,1
2020-05-04,15:11:10.691000,10625,10627,10625,1
2020-05-04,15:11:10.802000,10625,10627,10625,1
2020-05-04,15:11:16.618000,10625,10626,10625,1
2020-05-04,15:11:17.149000,10626,10627,10626,1
2020-05-04,15:11:20.448000,10625,10626,10626,15
2020-05-04,15:11:24.480000,10627,10628,10627,1
2020-05-04,15:11:25.841000,10626,10627,10626,1
2020-05-04,15:11:26.028000,10626,10627,10626,1
2020-05-04,15:11:26.201000,10626,10627,10626,1
2020-05-04,15:11:27.761000,10626,10627,10626,3
2020-05-04,15:11:30.240000,10625,10626,10626,8
2020-05-04,15:11:35.921000,10626,10627,10626,1
2020-05-04,15:11:39.600000,10625,10626,10625,1
2020-05-04,15:11:39.601000,10625,10626,10625,7
2020-05-04,15:11:40.509000,10624,10625,10625,1
2020-05-04,15:11:43.563000,10625,10626,10625,1
2020-05-04,15:11:44.967000,10625,10626,10625,1
2020-05-04,15:11:48.106000,10624,10625,10624,1
2020-05-04,15:11:48.231000,10624,10625,10624,1
2020-05-04,15:11:48.383000,10624,10625,10625,1
2020-05-04,15:11:50.356000,10624,10626,10624,3
2020-05-04,15:11:53.419000,10624,10625,10624,1
2020-05-04,15:11:56.179000,10624,10625,10624,2
2020-05-04,15:11:56.250000,10623,10624,10623,1
2020-05-04,15:11:56.512000,10623,10624,10623,1
2020-05-04,15:11:56.512000,10623,10624,10623,1
2020-05-04,15:11:56.612000,10623,10624,10623,1
2020-05-04,15:11:59.834000,10623,10624,10624,1
2020-05-04,15:11:59.931000,10623,10624,10624,1
2020-05-04,15:11:59.980000,10623,10624,10624,2
2020-05-04,15:12:00.737000,10624,10625,10624,5
2020-05-04,15:12:01.958000,10624,10625,10624,1
2020-05-04,15:12:02.941000,10624,10625,10624,1
2020-05-04,15:12:03.537000,10624,10625,10625,1
2020-05-04,15:12:04.719000,10624,10625,10624,5
2020-05-04,15:12:05.258000,10624,10625,10624,1
2020-05-04,15:12:05.526000,10624,10625,10625,1
2020-05-04,15:12:10.297000,10624,10625,10625,2
2020-05-04,15:12:11.563000,10624,10625,10624,1
2020-05-04,15:12:16.105000,10624,10625,10624,1
2020-05-04,15:12:19.504000,10624,10625,10625,10
2020-05-04,15:12:20.663000,10625,10626,10625,2
2020-05-04,15:12:21.583000,10625,10626,10625,1
2020-05-04,15:12:22.554000,10625,10626,10625,1
2020-05-04,15:12:23.068000,10625,10626,10626,1
2020-05-04,15:12:24.325000,10625,10626,10626,3
2020-05-04,15:12:24.728000,10626,10627,10627,2
2020-05-04,15:12:25.276000,10626,10627,10626,1
2020-05-04,15:12:26.116000,10626,10627,10627,1
2020-05-04,15:12:26.750000,10627,10628,10628,1
2020-05-04,15:12:26.785000,10627,10628,10628,3
2020-05-04,15:12:29.427000,10628,10629,10629,1
2020-05-04,15:12:29.717000,10629,10630,10629,1
2020-05-04,15:12:30.471000,10628,10629,10629,1
2020-05-04,15:12:33.266000,10629,10630,10629,3
2020-05-04,15:12:36.040000,10628,10629,10628,6
2020-05-04,15:12:36.041000,10628,10629,10628,1
2020-05-04,15:12:38.004000,10627,10628,10627,1
2020-05-04,15:12:45.209000,10627,10629,10627,2
2020-05-04,15:12:49.579000,10628,10629,10628,1
2020-05-04,15:12:55.845000,10627,10628,10627,1
2020-05-04,15:13:01.641000,10626,10628,10626,1
2020-05-04,15:13:03.735000,10626,10627,10626,1
2020-05-04,15:13:11.110000,10626,10627,10627,1
2020-05-04,15:13:12.270000,10626,10627,10627,1
2020-05-04,15:13:12.606000,10627,10628,10627,1
2020-05-04,15:13:13.525000,10627,10628,10627,1
2020-05-04,15:13:16.372000,10626,10627,10626,1
2020-05-04,15:13:16.614000,10626,10627,10627,6
2020-05-04,15:13:16.614000,10626,10627,10627,3
2020-05-04,15:13:16.614000,10626,10627,10627,1
2020-05-04,15:13:22.356000,10626,10627,10626,2
2020-05-04,15:13:22.356000,10626,10627,10626,3
2020-05-04,15:13:22.357000,10626,10627,10626,2
2020-05-04,15:13:22.357000,10626,10627,10626,1
2020-05-04,15:13:22.357000,10626,10627,10626,1
2020-05-04,15:13:22.725000,10625,10626,10626,1
2020-05-04,15:13:29.889000,10626,10627,10626,1
2020-05-04,15:13:34.926000,10625,10626,10625,5
2020-05-04,15:13:34.926000,10625,10626,10625,4
2020-05-04,15:13:34.926000,10625,10626,10625,2
2020-05-04,15:13:34.926000,10625,10626,10625,1
2020-05-04,15:13:34.926000,10625,10626,10625,5
2020-05-04,15:13:36.191000,10624,10625,10625,1
2020-05-04,15:13:38.071000,10624,10625,10624,2
2020-05-04,15:13:38.272000,10624,10625,10624,1
2020-05-04,15:13:42.151000,10623,10625,10623,1
2020-05-04,15:13:43.894000,10623,10625,10623,1
2020-05-04,15:13:45.199000,10623,10624,10623,1
2020-05-04,15:13:46.082000,10623,10624,10623,1
2020-05-04,15:13:46.880000,10623,10624,10623,1
2020-05-04,15:13:47.672000,10623,10624,10624,1
2020-05-04,15:13:48.028000,10624,10626,10624,1
2020-05-04,15:13:49.803000,10623,10625,10623,1
2020-05-04,15:13:51.099000,10623,10624,10623,1
2020-05-04,15:14:00.774000,10624,10625,10624,1
2020-05-04,15:14:04.418000,10623,10624,10624,5
2020-05-04,15:14:05.837000,10624,10625,10624,1
2020-05-04,15:14:14.116000,10623,10624,10623,1
2020-05-04,15:14:15.625000,10623,10624,10624,3
2020-05-04,15:14:15.625000,10623,10624,10624,2
2020-05-04,15:14:16.030000,10624,10625,10625,1
2020-05-04,15:14:16.515000,10624,10626,10626,1
2020-05-04,15:14:20.245000,10623,10625,10625,1
2020-05-04,15:14:26.167000,10624,10625,10625,4
2020-05-04,15:14:28.690000,10624,10625,10625,1
2020-05-04,15:14:29.499000,10624,10625,10625,1
2020-05-04,15:14:31.131000,10624,10625,10625,2
2020-05-04,15:14:35.746000,10625,10626,10626,9
2020-05-04,15:14:37.074000,10626,10628,10628,1
2020-05-04,15:14:42.081000,10626,10627,10626,1
2020-05-04,15:14:43.598000,10625,10627,10626,1
2020-05-04,15:14:46.380000,10626,10627,10626,1
2020-05-04,15:14:46.550000,10625,10626,10626,1
2020-05-04,15:14:46.958000,10625,10627,10627,1
2020-05-04,15:14:49.460000,10627,10628,10627,2
2020-05-04,15:14:54.832000,10626,10627,10627,1
2020-05-04,15:14:59.361000,10626,10627,10626,2
2020-05-04,15:14:59.361000,10626,10627,10626,1
2020-05-04,15:15:02.704000,10625,10626,10626,1
2020-05-04,15:15:02.704000,10625,10626,10627,2
2020-05-04,15:15:02.888000,10625,10627,10625,7
2020-05-04,15:15:02.888000,10625,10627,10624,8
2020-05-04,15:15:02.891000,10625,10627,10624,1
2020-05-04,15:15:02.901000,10625,10627,10624,6
2020-05-04,15:15:02.901000,10625,10627,10623,1
2020-05-04,15:15:02.912000,10625,10627,10625,2
2020-05-04,15:15:03.116000,10623,10624,10623,1
2020-05-04,15:15:03.143000,10623,10624,10624,3
2020-05-04,15:15:03.151000,10623,10624,10623,2
2020-05-04,15:15:03.527000,10623,10625,10625,5
2020-05-04,15:15:03.928000,10623,10625,10623,1
2020-05-04,15:15:06.340000,10625,10626,10626,3
2020-05-04,15:15:06.413000,10625,10626,10625,5
2020-05-04,15:15:09.426000,10626,10627,10626,1
2020-05-04,15:15:15.449000,10625,10626,10625,5
2020-05-04,15:15:20.128000,10623,10624,10623,3
2020-05-04,15:15:20.128000,10623,10624,10622,2
2020-05-04,15:15:20.445000,10622,10623,10622,1
2020-05-04,15:15:20.500000,10622,10623,10622,1
2020-05-04,15:15:20.678000,10622,10624,10622,1
2020-05-04,15:15:20.785000,10622,10623,10622,2
2020-05-04,15:15:20.789000,10622,10623,10621,2
2020-05-04,15:15:20.794000,10622,10623,10621,3
2020-05-04,15:15:20.893000,10621,10623,10621,4
2020-05-04,15:15:20.914000,10621,10623,10621,1
2020-05-04,15:15:21.192000,10621,10622,10621,1
2020-05-04,15:15:21.220000,10620,10622,10620,1
2020-05-04,15:15:21.432000,10620,10622,10620,1
2020-05-04,15:15:21.702000,10620,10622,10620,1
2020-05-04,15:15:22.877000,10620,10622,10622,1
2020-05-04,15:15:23.768000,10620,10621,10620,1
2020-05-04,15:15:24.376000,10620,10621,10621,8
2020-05-04,15:15:28.549000,10621,10622,10621,1
2020-05-04,15:15:29.943000,10621,10622,10621,1
2020-05-04,15:15:30.580000,10621,10622,10622,1
2020-05-04,15:15:31.078000,10622,10623,10622,1
2020-05-04,15:15:31.856000,10621,10623,10621,2
2020-05-04,15:15:34.039000,10621,10622,10622,1
2020-05-04,15:15:34.919000,10621,10623,10621,1
2020-05-04,15:15:37.329000,10621,10622,10621,1
2020-05-04,15:15:37.841000,10621,10622,10621,1
2020-05-04,15:15:37.865000,10621,10622,10621,1
2020-05-04,15:15:38.319000,10620,10621,10620,5
2020-05-04,15:15:38.440000,10620,10621,10620,1
2020-05-04,15:15:38.460000,10620,10621,10621,1
2020-05-04,15:15:41.101000,10620,10622,10620,1
2020-05-04,15:15:43.309000,10621,10622,10621,3
2020-05-04,15:15:47.903000,10621,10622,10622,1
2020-05-04,15:15:48.844000,10621,10622,10622,9
2020-05-04,15:15:50.824000,10623,10624,10623,1
2020-05-04,15:15:50.921000,10623,10625,10625,2
2020-05-04,15:15:51.177000,10623,10625,10623,1
2020-05-04,15:15:51.267000,10623,10625,10623,1
2020-05-04,15:15:52.115000,10623,10625,10623,1
2020-05-04,15:15:55.907000,10623,10624,10624,3
2020-05-04,15:15:57.405000,10623,10624,10624,1
2020-05-04,15:16:02.135000,10623,10624,10623,2
2020-05-04,15:16:09.119000,10622,10623,10623,3
2020-05-04,15:16:18.071000,10623,10624,10623,1
2020-05-04,15:16:22.690000,10623,10624,10623,1
2020-05-04,15:16:22.920000,10623,10624,10623,1
2020-05-04,15:16:23.668000,10622,10624,10624,1
2020-05-04,15:16:40,10623,10624,10624,2
2020-05-04,15:16:40.121000,10623,10624,10624,3
2020-05-04,15:16:40.890000,10624,10625,10625,2
2020-05-04,15:16:41.004000,10625,10626,10626,16
2020-05-04,15:16:48.793000,10624,10626,10626,1
2020-05-04,15:16:53.125000,10624,10626,10626,1
2020-05-04,15:16:53.741000,10625,10626,10625,1
2020-05-04,15:16:57.177000,10625,10626,10625,1
2020-05-04,15:16:58.628000,10624,10625,10624,1
2020-05-04,15:16:58.628000,10624,10625,10624,1
2020-05-04,15:17:01.406000,10623,10624,10623,3
2020-05-04,15:17:01.406000,10623,10624,10623,1
2020-05-04,15:17:02.193000,10622,10623,10623,1
2020-05-04,15:17:02.319000,10622,10623,10623,1
2020-05-04,15:17:03.622000,10622,10624,10624,4
2020-05-04,15:17:06.365000,10622,10623,10623,1
2020-05-04,15:17:08.503000,10622,10623,10623,1
2020-05-04,15:17:08.677000,10622,10623,10622,7
2020-05-04,15:17:14.716000,10622,10623,10622,1
2020-05-04,15:17:23.762000,10622,10623,10622,3
2020-05-04,15:17:28.055000,10621,10622,10622,1
2020-05-04,15:17:28.986000,10621,10622,10621,6
2020-05-04,15:17:31.254000,10620,10622,10620,1
2020-05-04,15:17:32.275000,10620,10622,10620,1
2020-05-04,15:17:33.174000,10620,10621,10620,28
2020-05-04,15:17:33.217000,10619,10620,10619,8
2020-05-04,15:17:33.720000,10618,10619,10618,1
2020-05-04,15:17:33.860000,10618,10619,10618,2
2020-05-04,15:17:34.035000,10618,10619,10618,1
2020-05-04,15:17:34.834000,10618,10619,10618,3
2020-05-04,15:17:35.100000,10618,10619,10618,1
2020-05-04,15:17:36.089000,10618,10619,10618,1
2020-05-04,15:17:38.463000,10619,10620,10620,1
2020-05-04,15:17:39.975000,10619,10620,10619,1
2020-05-04,15:17:40.585000,10619,10620,10619,1
2020-05-04,15:17:40.695000,10619,10620,10619,2
2020-05-04,15:17:41.226000,10619,10620,10619,5
2020-05-04,15:17:41.269000,10619,10620,10619,1
2020-05-04,15:17:41.420000,10619,10620,10619,1
2020-05-04,15:17:41.912000,10618,10620,10618,2
2020-05-04,15:17:42.648000,10618,10620,10618,1
2020-05-04,15:17:47.230000,10618,10619,10619,1
2020-05-04,15:17:47.664000,10618,10620,10618,1
2020-05-04,15:17:51.359000,10617,10619,10618,1
2020-05-04,15:17:54.989000,10618,10619,10619,1
2020-05-04,15:17:57.245000,10618,10619,10619,1
2020-05-04,15:18:05.823000,10619,10620,10619,1
2020-05-04,15:18:11.306000,10619,10620,10619,1
2020-05-04,15:18:11.707000,10619,10620,10620,14
2020-05-04,15:18:12.744000,10620,10621,10619,1
2020-05-04,15:18:12.968000,10619,10621,10621,1
2020-05-04,15:18:13.260000,10619,10621,10621,1
2020-05-04,15:18:14.665000,10619,10621,10620,1
2020-05-04,15:18:18.099000,10619,10620,10620,1
2020-05-04,15:18:21.314000,10619,10620,10619,1
2020-05-04,15:18:21.314000,10619,10620,10619,1
2020-05-04,15:18:21.976000,10618,10619,10620,1
2020-05-04,15:18:24.589000,10619,10620,10619,1
2020-05-04,15:18:25.315000,10618,10619,10618,5
2020-05-04,15:18:25.355000,10617,10619,10618,1
2020-05-04,15:18:26.077000,10617,10619,10617,1
2020-05-04,15:18:27.078000,10617,10618,10618,1
2020-05-04,15:18:32.647000,10617,10618,10618,2
2020-05-04,15:18:32.871000,10617,10618,10617,1
2020-05-04,15:18:34.540000,10617,10618,10618,1
2020-05-04,15:18:35.394000,10617,10618,10617,1
2020-05-04,15:18:40.716000,10617,10618,10618,3
2020-05-04,15:18:40.776000,10617,10618,10618,2
2020-05-04,15:18:41.744000,10617,10619,10617,1
2020-05-04,15:18:42.093000,10617,10619,10617,1
2020-05-04,15:18:42.472000,10618,10619,10618,1
2020-05-04,15:18:42.472000,10618,10619,10617,4
2020-05-04,15:18:43.989000,10616,10618,10616,2
2020-05-04,15:18:45.210000,10616,10617,10616,3
2020-05-04,15:18:49.070000,10615,10617,10615,1
2020-05-04,15:18:49.113000,10615,10616,10615,1
2020-05-04,15:18:49.136000,10615,10616,10615,2
2020-05-04,15:18:49.136000,10615,10616,10614,1
2020-05-04,15:18:49.287000,10614,10616,10614,4
2020-05-04,15:18:49.287000,10614,10616,10613,1
2020-05-04,15:18:49.371000,10614,10615,10614,1
2020-05-04,15:18:49.548000,10613,10615,10613,1
2020-05-04,15:18:49.548000,10613,10615,10613,1
2020-05-04,15:18:49.577000,10613,10615,10613,1
2020-05-04,15:18:49.620000,10613,10614,10614,1
2020-05-04,15:18:49.621000,10613,10614,10614,1
2020-05-04,15:18:49.756000,10613,10614,10613,16
2020-05-04,15:18:50.393000,10612,10613,10612,1
2020-05-04,15:18:50.532000,10612,10613,10613,2
2020-05-04,15:18:50.542000,10612,10613,10612,1
2020-05-04,15:18:50.721000,10612,10613,10612,1
2020-05-04,15:18:50.760000,10612,10613,10613,1
2020-05-04,15:18:51.681000,10612,10613,10613,1
2020-05-04,15:18:51.719000,10612,10613,10613,1
2020-05-04,15:18:52.455000,10612,10613,10612,1
2020-05-04,15:18:53.753000,10612,10613,10612,2
2020-05-04,15:18:53.779000,10612,10613,10612,1
2020-05-04,15:18:54.121000,10612,10613,10612,1
2020-05-04,15:18:54.171000,10612,10613,10612,1
2020-05-04,15:18:54.525000,10612,10613,10612,1
2020-05-04,15:18:54.540000,10612,10613,10612,1
2020-05-04,15:18:54.998000,10612,10613,10612,1
2020-05-04,15:18:55.318000,10612,10613,10612,1
2020-05-04,15:18:56.591000,10612,10613,10612,2
2020-05-04,15:18:58.768000,10611,10612,10611,4
2020-05-04,15:18:58.929000,10611,10612,10611,1
2020-05-04,15:18:59.799000,10611,10612,10611,2
2020-05-04,15:18:59.799000,10611,10612,10610,3
2020-05-04,15:18:59.862000,10610,10612,10610,1
2020-05-04,15:18:59.919000,10610,10612,10610,1
2020-05-04,15:18:59.933000,10610,10612,10612,1
2020-05-04,15:19:00.165000,10610,10612,10610,4
2020-05-04,15:19:00.210000,10610,10611,10610,2
2020-05-04,15:19:00.431000,10610,10611,10610,1
2020-05-04,15:19:00.965000,10610,10611,10610,1
2020-05-04,15:19:00.968000,10610,10611,10609,1
2020-05-04,15:19:01.090000,10609,10611,10611,1
2020-05-04,15:19:01.138000,10609,10611,10609,3
2020-05-04,15:19:01.357000,10609,10611,10609,1
2020-05-04,15:19:01.477000,10609,10611,10609,1
2020-05-04,15:19:02.116000,10609,10610,10610,1
2020-05-04,15:19:02.347000,10609,10611,10609,1
2020-05-04,15:19:02.430000,10609,10611,10609,1
2020-05-04,15:19:02.567000,10609,10610,10609,1
2020-05-04,15:19:04.533000,10609,10610,10609,1
2020-05-04,15:19:04.821000,10609,10610,10609,3
2020-05-04,15:19:05.045000,10609,10610,10609,1
2020-05-04,15:19:05.749000,10608,10609,10608,4
2020-05-04,15:19:06.503000,10608,10609,10608,1
2020-05-04,15:19:06.948000,10608,10609,10608,13
2020-05-04,15:19:06.948000,10608,10609,10607,7
2020-05-04,15:19:08.188000,10606,10608,10607,1
2020-05-04,15:19:08.584000,10607,10608,10607,1
2020-05-04,15:19:08.885000,10607,10608,10607,1
2020-05-04,15:19:10.255000,10607,10608,10607,1
2020-05-04,15:19:10.785000,10607,10608,10607,3
2020-05-04,15:19:11.317000,10607,10608,10608,1
2020-05-04,15:19:12.575000,10607,10608,10607,2
2020-05-04,15:19:12.934000,10606,10608,10606,1
2020-05-04,15:19:13.057000,10606,10608,10607,1
2020-05-04,15:19:13.448000,10606,10608,10606,4
2020-05-04,15:19:14.321000,10606,10608,10608,1
2020-05-04,15:19:15.117000,10606,10607,10607,1
2020-05-04,15:19:15.430000,10606,10607,10606,2
2020-05-04,15:19:16.178000,10606,10607,10607,1
2020-05-04,15:19:17.657000,10606,10607,10607,1
2020-05-04,15:19:17.819000,10606,10607,10607,1
2020-05-04,15:19:18.571000,10606,10607,10607,2
2020-05-04,15:19:19.710000,10606,10607,10606,1
2020-05-04,15:19:20.304000,10606,10607,10607,1
2020-05-04,15:19:20.703000,10606,10607,10607,3
2020-05-04,15:19:21.941000,10607,10608,10608,1
2020-05-04,15:19:22.039000,10607,10608,10607,2
2020-05-04,15:19:22.040000,10607,10608,10608,1
2020-05-04,15:19:24.095000,10608,10609,10608,1
2020-05-04,15:19:24.473000,10608,10609,10608,1
2020-05-04,15:19:24.518000,10608,10609,10608,2
2020-05-04,15:19:29.232000,10608,10609,10608,1
2020-05-04,15:19:29.999000,10608,10609,10608,1
2020-05-04,15:19:36.805000,10608,10609,10609,2
2020-05-04,15:19:37.591000,10609,10610,10610,3
2020-05-04,15:19:37.869000,10609,10610,10609,1
2020-05-04,15:19:41.119000,10609,10610,10609,1
2020-05-04,15:19:43.171000,10609,10610,10609,3
2020-05-04,15:19:43.171000,10609,10610,10609,3
2020-05-04,15:19:43.304000,10609,10610,10609,2
2020-05-04,15:19:43.304000,10609,10610,10609,1
2020-05-04,15:19:43.864000,10608,10609,10609,1
2020-05-04,15:19:45.168000,10608,10609,10609,1
2020-05-04,15:19:47.423000,10608,10609,10608,5
2020-05-04,15:19:47.423000,10608,10609,10608,3
2020-05-04,15:19:47.479000,10607,10608,10607,5
2020-05-04,15:19:47.480000,10607,10608,10607,4
2020-05-04,15:19:48.926000,10606,10608,10608,1
2020-05-04,15:19:48.960000,10606,10608,10608,2
2020-05-04,15:19:50.504000,10606,10607,10606,1
2020-05-04,15:19:51.244000,10606,10607,10607,1
2020-05-04,15:19:52.811000,10606,10607,10606,1
2020-05-04,15:19:53.230000,10606,10607,10607,1
2020-05-04,15:19:54.875000,10606,10607,10607,1
2020-05-04,15:19:56.089000,10606,10607,10606,5
2020-05-04,15:19:56.708000,10606,10607,10606,1
2020-05-04,15:19:58.451000,10607,10608,10608,1
2020-05-04,15:19:59.156000,10607,10608,10607,1
2020-05-04,15:20:00.816000,10606,10607,10606,1
2020-05-04,15:20:00.926000,10605,10606,10605,9
2020-05-04,15:20:00.926000,10605,10606,10604,10
2020-05-04,15:20:01.141000,10604,10605,10604,1
2020-05-04,15:20:01.632000,10604,10605,10605,1
2020-05-04,15:20:02.047000,10605,10606,10605,1
2020-05-04,15:20:02.145000,10605,10606,10606,1
2020-05-04,15:20:02.318000,10605,10606,10605,3
2020-05-04,15:20:02.318000,10605,10606,10604,6
2020-05-04,15:20:02.318000,10605,10606,10603,11
2020-05-04,15:20:02.399000,10603,10605,10603,3
2020-05-04,15:20:02.427000,10603,10605,10603,1
2020-05-04,15:20:02.551000,10603,10605,10603,1
2020-05-04,15:20:02.700000,10603,10605,10603,1
2020-05-04,15:20:06.048000,10603,10605,10603,1
2020-05-04,15:20:07.810000,10603,10605,10603,1
2020-05-04,15:20:08.556000,10603,10605,10603,5
2020-05-04,15:20:08.556000,10603,10605,10602,15
2020-05-04,15:20:08.622000,10602,10603,10602,1
2020-05-04,15:20:08.968000,10602,10603,10602,1
2020-05-04,15:20:09.050000,10602,10603,10602,1
2020-05-04,15:20:09.541000,10602,10603,10603,1
2020-05-04,15:20:09.656000,10602,10603,10602,1
2020-05-04,15:20:09.855000,10602,10603,10602,3
2020-05-04,15:20:11.252000,10601,10602,10601,1
2020-05-04,15:20:11.315000,10601,10602,10601,1
2020-05-04,15:20:11.453000,10601,10602,10601,1
2020-05-04,15:20:11.552000,10601,10602,10601,2
2020-05-04,15:20:11.553000,10601,10602,10601,4
2020-05-04,15:20:11.553000,10601,10602,10601,4
2020-05-04,15:20:11.596000,10600,10601,10600,1
2020-05-04,15:20:11.609000,10600,10601,10600,2
2020-05-04,15:20:11.650000,10600,10601,10600,1
2020-05-04,15:20:11.716000,10600,10601,10601,1
2020-05-04,15:20:11.748000,10600,10601,10600,2
2020-05-04,15:20:11.750000,10600,10601,10600,1
2020-05-04,15:20:11.838000,10600,10601,10600,1
2020-05-04,15:20:11.871000,10600,10601,10600,1
2020-05-04,15:20:11.882000,10600,10601,10600,1
2020-05-04,15:20:11.932000,10600,10601,10600,1
2020-05-04,15:20:12.069000,10600,10601,10600,1
2020-05-04,15:20:12.154000,10600,10601,10600,2
2020-05-04,15:20:12.154000,10600,10601,10600,2
2020-05-04,15:20:12.154000,10600,10601,10600,1
2020-05-04,15:20:12.268000,10600,10601,10600,1
2020-05-04,15:20:12.366000,10600,10601,10600,1
2020-05-04,15:20:12.531000,10600,10601,10600,5
2020-05-04,15:20:12.542000,10600,10601,10599,1
2020-05-04,15:20:12.642000,10599,10600,10599,1
2020-05-04,15:20:12.674000,10599,10600,10598,1
2020-05-04,15:20:12.890000,10598,10600,10598,2
2020-05-04,15:20:13.015000,10598,10600,10598,2
2020-05-04,15:20:13.063000,10598,10600,10598,2
2020-05-04,15:20:13.114000,10598,10599,10598,1
2020-05-04,15:20:13.186000,10598,10599,10599,1
2020-05-04,15:20:13.191000,10598,10599,10598,1
2020-05-04,15:20:13.296000,10598,10600,10600,1
2020-05-04,15:20:13.503000,10598,10600,10600,1
2020-05-04,15:20:13.504000,10598,10600,10598,12
2020-05-04,15:20:13.504000,10598,10600,10597,14
2020-05-04,15:20:13.504000,10598,10600,10596,5
2020-05-04,15:20:13.653000,10597,10599,10597,1
2020-05-04,15:20:13.876000,10598,10599,10598,1
2020-05-04,15:20:13.887000,10598,10599,10598,1
2020-05-04,15:20:13.889000,10598,10599,10598,1
2020-05-04,15:20:14.248000,10597,10599,10597,1
2020-05-04,15:20:14.282000,10597,10599,10599,1
2020-05-04,15:20:14.998000,10597,10599,10597,1
2020-05-04,15:20:15.225000,10597,10598,10597,6
2020-05-04,15:20:15.405000,10597,10598,10598,3
2020-05-04,15:20:16.077000,10597,10599,10597,1
2020-05-04,15:20:16.155000,10597,10599,10597,1
2020-05-04,15:20:16.374000,10597,10598,10598,1
2020-05-04,15:20:16.786000,10597,10598,10598,1
2020-05-04,15:20:16.793000,10597,10598,10598,1
2020-05-04,15:20:17.523000,10598,10599,10598,2
2020-05-04,15:20:17.729000,10597,10599,10597,1
2020-05-04,15:20:17.839000,10597,10599,10597,1
2020-05-04,15:20:19.227000,10597,10598,10597,2
2020-05-04,15:20:19.377000,10596,10598,10596,2
2020-05-04,15:20:19.450000,10596,10598,10597,1
2020-05-04,15:20:19.761000,10596,10597,10596,7
2020-05-04,15:20:19.761000,10596,10597,10595,3
2020-05-04,15:20:20.067000,10595,10597,10595,1
2020-05-04,15:20:21.416000,10596,10597,10596,1
2020-05-04,15:20:21.916000,10596,10597,10597,5
2020-05-04,15:20:22.225000,10597,10598,10598,4
2020-05-04,15:20:22.439000,10598,10599,10598,1
2020-05-04,15:20:22.487000,10598,10599,10599,1
2020-05-04,15:20:22.493000,10598,10599,10599,3
2020-05-04,15:20:22.498000,10598,10599,10598,3
2020-05-04,15:20:22.499000,10598,10599,10599,3
2020-05-04,15:20:23.158000,10598,10599,10598,1
2020-05-04,15:20:23.209000,10598,10599,10599,2
2020-05-04,15:20:23.741000,10598,10599,10599,9
2020-05-04,15:20:23.844000,10599,10600,10600,9
2020-05-04,15:20:23.859000,10599,10600,10599,1
2020-05-04,15:20:23.903000,10599,10600,10599,1
2020-05-04,15:20:24.117000,10599,10601,10601,5
2020-05-04,15:20:25.400000,10599,10600,10600,1
2020-05-04,15:20:26.513000,10599,10600,10599,1
2020-05-04,15:20:26.760000,10599,10600,10600,1
2020-05-04,15:20:26.760000,10599,10600,10599,1
2020-05-04,15:20:27.054000,10598,10599,10598,1
2020-05-04,15:20:27.889000,10598,10599,10598,1
2020-05-04,15:20:28.157000,10598,10599,10599,1
2020-05-04,15:20:28.293000,10598,10599,10599,1
2020-05-04,15:20:28.546000,10598,10599,10598,2
2020-05-04,15:20:28.727000,10597,10598,10598,1
2020-05-04,15:20:28.741000,10597,10598,10597,1
2020-05-04,15:20:29.159000,10597,10599,10598,1
2020-05-04,15:20:29.265000,10597,10599,10599,3
2020-05-04,15:20:29.349000,10598,10599,10598,1
2020-05-04,15:20:29.427000,10598,10599,10599,1
2020-05-04,15:20:29.781000,10598,10600,10598,1
2020-05-04,15:20:30.107000,10598,10600,10598,8
2020-05-04,15:20:30.107000,10598,10600,10597,2
2020-05-04,15:20:31.328000,10598,10600,10599,1
2020-05-04,15:20:31.389000,10599,10600,10599,2
2020-05-04,15:20:31.389000,10599,10600,10599,2
2020-05-04,15:20:31.729000,10599,10600,10599,1
2020-05-04,15:20:31.731000,10599,10600,10599,1
2020-05-04,15:20:33.237000,10598,10599,10598,1
2020-05-04,15:20:33.907000,10598,10600,10598,2
2020-05-04,15:20:34.268000,10599,10600,10599,1
2020-05-04,15:20:34.428000,10598,10600,10600,9
2020-05-04,15:20:34.943000,10600,10601,10600,4
2020-05-04,15:20:34.943000,10600,10601,10599,16
2020-05-04,15:20:35.477000,10599,10601,10599,2
2020-05-04,15:20:35.726000,10599,10600,10599,1
2020-05-04,15:20:36.242000,10598,10600,10598,2
2020-05-04,15:20:36.422000,10598,10600,10600,6
2020-05-04,15:20:36.611000,10599,10601,10599,1
2020-05-04,15:20:36.659000,10599,10601,10599,1
2020-05-04,15:20:37.996000,10599,10600,10599,1
2020-05-04,15:20:38.246000,10599,10600,10600,1
2020-05-04,15:20:39.305000,10599,10600,10599,1
2020-05-04,15:20:39.430000,10599,10600,10600,8
2020-05-04,15:20:40.472000,10600,10601,10600,1
2020-05-04,15:20:41.060000,10600,10601,10600,1
2020-05-04,15:20:41.989000,10600,10601,10600,1
2020-05-04,15:20:43.140000,10600,10601,10600,1
2020-05-04,15:20:43.371000,10600,10601,10600,1
2020-05-04,15:20:43.578000,10600,10601,10600,1
2020-05-04,15:20:43.578000,10600,10601,10599,1
2020-05-04,15:20:44.018000,10599,10601,10600,1
2020-05-04,15:20:44.720000,10600,10601,10601,6
2020-05-04,15:20:45.419000,10600,10602,10600,1
2020-05-04,15:20:45.729000,10601,10602,10601,2
2020-05-04,15:20:46.135000,10601,10602,10601,1
2020-05-04,15:20:46.487000,10601,10602,10601,1
2020-05-04,15:20:46.875000,10601,10602,10601,1
2020-05-04,15:20:47.347000,10601,10602,10601,1
2020-05-04,15:20:47.777000,10600,10601,10600,1
2020-05-04,15:20:49.748000,10600,10601,10601,5
2020-05-04,15:20:49.912000,10600,10601,10601,1
2020-05-04,15:20:51.574000,10600,10601,10601,1
2020-05-04,15:20:52.610000,10600,10601,10600,2
2020-05-04,15:20:53.158000,10600,10601,10600,4
2020-05-04,15:20:54.270000,10600,10601,10601,1
2020-05-04,15:20:54.272000,10600,10601,10601,8
2020-05-04,15:20:56.095000,10601,10602,10601,1
2020-05-04,15:20:56.287000,10601,10602,10602,3
2020-05-04,15:20:57.178000,10601,10602,10601,2
2020-05-04,15:20:57.178000,10601,10602,10601,1
2020-05-04,15:20:57.249000,10600,10601,10600,1
2020-05-04,15:21:00.870000,10600,10601,10601,5
2020-05-04,15:21:01.228000,10600,10601,10600,6
2020-05-04,15:21:01.299000,10600,10601,10600,1
2020-05-04,15:21:01.376000,10600,10601,10600,6
2020-05-04,15:21:01.376000,10600,10601,10600,2
2020-05-04,15:21:01.837000,10599,10600,10600,4
2020-05-04,15:21:03.391000,10600,10601,10600,3
2020-05-04,15:21:04.822000,10600,10601,10601,3
2020-05-04,15:21:05.969000,10601,10602,10601,1
2020-05-04,15:21:06.608000,10601,10602,10601,5
2020-05-04,15:21:07.146000,10600,10602,10600,15
2020-05-04,15:21:09.356000,10600,10602,10602,1
2020-05-04,15:21:09.969000,10600,10602,10601,1
2020-05-04,15:21:12.459000,10601,10602,10602,1
2020-05-04,15:21:13.665000,10601,10602,10602,1
2020-05-04,15:21:16.666000,10601,10602,10601,1
2020-05-04,15:21:16.756000,10601,10602,10602,1
2020-05-04,15:21:19.428000,10601,10602,10602,3
2020-05-04,15:21:19.428000,10601,10602,10602,1
2020-05-04,15:21:19.957000,10602,10603,10602,1
2020-05-04,15:21:24.158000,10602,10603,10603,1
2020-05-04,15:21:24.840000,10602,10603,10602,2
2020-05-04,15:21:25.575000,10601,10602,10602,1
2020-05-04,15:21:29.080000,10601,10602,10601,1
2020-05-04,15:21:29.083000,10601,10602,10601,1
2020-05-04,15:21:29.083000,10601,10602,10601,1
2020-05-04,15:21:29.083000,10601,10602,10601,1
2020-05-04,15:21:29.084000,10601,10602,10601,3
2020-05-04,15:21:31.900000,10600,10601,10601,9
2020-05-04,15:21:31.900000,10600,10601,10602,38
2020-05-04,15:21:31.900000,10600,10601,10603,35
2020-05-04,15:21:31.902000,10600,10601,10603,5
2020-05-04,15:21:31.902000,10600,10601,10603,3
2020-05-04,15:21:31.902000,10600,10601,10603,1
2020-05-04,15:21:33.176000,10602,10604,10602,1
2020-05-04,15:21:33.950000,10602,10603,10602,9
2020-05-04,15:21:33.950000,10602,10603,10601,1
2020-05-04,15:21:36.158000,10601,10602,10602,1
2020-05-04,15:21:36.280000,10601,10602,10602,1
2020-05-04,15:21:36.489000,10601,10602,10602,9
2020-05-04,15:21:36.904000,10602,10603,10603,5
2020-05-04,15:21:37.098000,10602,10604,10602,1
2020-05-04,15:21:38.205000,10603,10604,10603,1
2020-05-04,15:21:39.344000,10603,10604,10604,2
2020-05-04,15:21:39.711000,10604,10605,10605,4
2020-05-04,15:21:41.854000,10604,10605,10605,1
2020-05-04,15:21:42.973000,10604,10605,10605,1
2020-05-04,15:21:43.943000,10604,10605,10604,1
2020-05-04,15:21:44.521000,10602,10604,10604,1
2020-05-04,15:21:47.107000,10602,10603,10602,1
2020-05-04,15:21:49.564000,10602,10603,10602,1
2020-05-04,15:21:49.564000,10602,10603,10602,3
2020-05-04,15:21:49.565000,10602,10603,10602,6
2020-05-04,15:21:50.619000,10601,10602,10602,1
2020-05-04,15:21:51.404000,10601,10602,10602,1
2020-05-04,15:21:51.702000,10601,10602,10602,3
2020-05-04,15:21:52.121000,10601,10602,10602,1
2020-05-04,15:21:54.176000,10601,10602,10602,1
2020-05-04,15:21:55.271000,10602,10603,10603,1
2020-05-04,15:21:56.168000,10602,10603,10602,2
2020-05-04,15:21:57.881000,10602,10603,10602,4
2020-05-04,15:21:59.361000,10602,10603,10603,1
2020-05-04,15:22:01.588000,10602,10603,10602,1
2020-05-04,15:22:02.860000,10601,10602,10602,1
2020-05-04,15:22:03.630000,10602,10603,10602,4
2020-05-04,15:22:03.630000,10602,10603,10602,3
2020-05-04,15:22:03.630000,10602,10603,10602,5
2020-05-04,15:22:06.646000,10601,10602,10602,1
2020-05-04,15:22:07.274000,10601,10602,10602,3
2020-05-04,15:22:08.187000,10602,10603,10603,1
2020-05-04,15:22:08.504000,10602,10603,10602,5
2020-05-04,15:22:09.231000,10602,10603,10602,4
2020-05-04,15:22:09.231000,10602,10603,10602,1
2020-05-04,15:22:10.820000,10601,10602,10601,1
2020-05-04,15:22:10.878000,10601,10602,10602,1
2020-05-04,15:22:11.704000,10602,10603,10602,1
2020-05-04,15:22:16.795000,10602,10603,10602,3
2020-05-04,15:22:16.795000,10602,10603,10602,3
2020-05-04,15:22:16.796000,10602,10603,10602,1
2020-05-04,15:22:16.796000,10602,10603,10602,1
2020-05-04,15:22:17.862000,10601,10602,10602,1
2020-05-04,15:22:20.127000,10602,10603,10603,4
2020-05-04,15:22:20.504000,10602,10603,10603,1
2020-05-04,15:22:20.542000,10602,10603,10602,1
2020-05-04,15:22:21.180000,10602,10603,10602,1
2020-05-04,15:22:21.801000,10601,10602,10602,1
2020-05-04,15:22:22.346000,10601,10602,10602,13
2020-05-04,15:22:29.158000,10601,10602,10602,4
2020-05-04,15:22:34.317000,10601,10602,10602,1
2020-05-04,15:22:34.755000,10601,10602,10602,3
2020-05-04,15:22:39.351000,10601,10602,10602,1
2020-05-04,15:22:41.597000,10602,10603,10602,5
2020-05-04,15:22:43.246000,10602,10603,10602,2
2020-05-04,15:22:45.356000,10602,10603,10602,1
2020-05-04,15:22:47.261000,10602,10603,10603,4
2020-05-04,15:22:47.261000,10602,10603,10603,7
2020-05-04,15:22:47.541000,10603,10604,10603,4
2020-05-04,15:22:47.913000,10603,10604,10603,2
2020-05-04,15:22:48.771000,10603,10604,10604,5
2020-05-04,15:22:48.797000,10603,10604,10605,1
2020-05-04,15:22:49.120000,10604,10605,10605,1
2020-05-04,15:22:50.071000,10604,10605,10604,1
2020-05-04,15:22:50.159000,10604,10605,10605,5
2020-05-04,15:22:51.951000,10604,10605,10605,9
2020-05-04,15:22:52.126000,10605,10606,10606,5
2020-05-04,15:22:52.448000,10605,10607,10605,2
2020-05-04,15:22:53.697000,10605,10607,10605,10
2020-05-04,15:22:56.200000,10605,10606,10606,1
2020-05-04,15:22:57.364000,10605,10606,10606,2
2020-05-04,15:22:58.210000,10605,10606,10606,1
2020-05-04,15:23:01.820000,10606,10607,10606,1
2020-05-04,15:23:08.859000,10607,10608,10607,2
2020-05-04,15:23:09.930000,10607,10608,10607,1
2020-05-04,15:23:10.001000,10606,10608,10608,1
2020-05-04,15:23:10.956000,10606,10607,10606,1
2020-05-04,15:23:12.067000,10606,10607,10607,1
2020-05-04,15:23:13.741000,10607,10608,10607,1
2020-05-04,15:23:13.828000,10607,10608,10607,1
2020-05-04,15:23:14.994000,10606,10608,10608,1
2020-05-04,15:23:17.327000,10607,10608,10608,5
2020-05-04,15:23:17.796000,10608,10609,10608,3
2020-05-04,15:23:17.945000,10607,10608,10608,1
2020-05-04,15:23:18.069000,10607,10608,10608,2
2020-05-04,15:23:18.421000,10607,10608,10608,3
2020-05-04,15:23:18.421000,10607,10608,10609,2
2020-05-04,15:23:18.612000,10607,10608,10607,1
2020-05-04,15:23:19.743000,10607,10608,10608,2
2020-05-04,15:23:19.920000,10607,10608,10608,1
2020-05-04,15:23:19.920000,10607,10608,10609,9
2020-05-04,15:23:21.004000,10608,10609,10608,5
2020-05-04,15:23:21.132000,10607,10609,10608,1
2020-05-04,15:23:24.602000,10607,10608,10608,1
2020-05-04,15:23:24.944000,10608,10609,10609,3
2020-05-04,15:23:27.960000,10608,10609,10609,1
2020-05-04,15:23:29.340000,10608,10609,10609,1
2020-05-04,15:23:29.898000,10608,10609,10609,1
2020-05-04,15:23:29.898000,10608,10609,10610,1
2020-05-04,15:23:30.489000,10608,10610,10609,1
2020-05-04,15:23:32.163000,10608,10610,10610,1
2020-05-04,15:23:32.471000,10609,10610,10610,1
2020-05-04,15:23:33.999000,10609,10610,10609,1
2020-05-04,15:23:35.190000,10609,10610,10610,10
2020-05-04,15:23:35.373000,10609,10610,10610,2
2020-05-04,15:23:36.616000,10609,10610,10610,2
2020-05-04,15:23:37.475000,10609,10610,10610,1
2020-05-04,15:23:37.492000,10609,10610,10610,2
2020-05-04,15:23:37.492000,10609,10610,10610,1
2020-05-04,15:23:37.492000,10609,10610,10610,4
2020-05-04,15:23:37.492000,10609,10610,10610,2
2020-05-04,15:23:37.492000,10609,10610,10610,3
2020-05-04,15:23:37.492000,10609,10610,10610,2
2020-05-04,15:23:39.728000,10609,10610,10610,1
2020-05-04,15:23:40.061000,10609,10610,10609,1
2020-05-04,15:23:40.062000,10609,10610,10610,3
2020-05-04,15:23:41.512000,10609,10610,10610,3
2020-05-04,15:23:45.325000,10610,10611,10610,1
2020-05-04,15:23:49.013000,10610,10611,10610,1
2020-05-04,15:23:50.264000,10610,10611,10610,1
2020-05-04,15:23:54.799000,10610,10611,10610,1
2020-05-04,15:23:54.976000,10610,10611,10611,10
2020-05-04,15:23:57.259000,10610,10611,10610,2
2020-05-04,15:23:57.756000,10609,10610,10610,1
2020-05-04,15:23:58.546000,10609,10611,10609,2
2020-05-04,15:23:58.982000,10609,10611,10611,1
2020-05-04,15:23:59.186000,10609,10611,10611,1
2020-05-04,15:24:00.460000,10610,10611,10611,1
2020-05-04,15:24:01.958000,10610,10611,10610,1
2020-05-04,15:24:06.721000,10611,10612,10611,1
2020-05-04,15:24:07.130000,10611,10612,10611,1
2020-05-04,15:24:09.406000,10610,10611,10611,1
2020-05-04,15:24:10.337000,10610,10612,10610,2
2020-05-04,15:24:13.034000,10611,10612,10611,1
2020-05-04,15:24:14.292000,10611,10612,10612,10
2020-05-04,15:24:14.534000,10611,10612,10612,1
2020-05-04,15:24:14.809000,10611,10612,10612,1
2020-05-04,15:24:16.430000,10611,10612,10612,1
2020-05-04,15:24:16.719000,10611,10612,10612,1
2020-05-04,15:24:19.425000,10611,10613,10613,1
2020-05-04,15:24:19.589000,10612,10613,10613,1
2020-05-04,15:24:21.732000,10612,10613,10613,1
2020-05-04,15:24:22.212000,10612,10613,10613,2
2020-05-04,15:24:22.440000,10613,10614,10614,1
2020-05-04,15:24:22.669000,10613,10614,10613,1
2020-05-04,15:24:24.550000,10613,10614,10614,1
2020-05-04,15:24:24.995000,10613,10614,10614,1
2020-05-04,15:24:27.442000,10613,10614,10613,1
2020-05-04,15:24:29.097000,10613,10614,10614,1
2020-05-04,15:24:29.993000,10613,10614,10613,1
2020-05-04,15:24:30.816000,10613,10614,10614,1
2020-05-04,15:24:33.595000,10613,10614,10614,1
2020-05-04,15:24:36.951000,10613,10614,10614,1
2020-05-04,15:24:38.709000,10613,10614,10614,5
2020-05-04,15:24:39.419000,10614,10615,10614,1
2020-05-04,15:24:41.300000,10614,10615,10615,1
2020-05-04,15:24:41.359000,10614,10615,10615,2
2020-05-04,15:24:41.648000,10614,10615,10615,1
2020-05-04,15:24:42.335000,10614,10615,10615,1
2020-05-04,15:24:43.669000,10614,10615,10615,1
2020-05-04,15:24:44.385000,10614,10615,10615,1
2020-05-04,15:24:44.856000,10614,10615,10615,8
2020-05-04,15:24:50.085000,10615,10616,10615,1
2020-05-04,15:24:50.116000,10615,10616,10615,5
2020-05-04,15:24:51.280000,10614,10615,10615,1
2020-05-04,15:24:51.562000,10614,10615,10615,1
2020-05-04,15:24:51.909000,10614,10615,10614,2
2020-05-04,15:24:52.964000,10613,10614,10614,1
2020-05-04,15:24:56.017000,10613,10614,10614,1
2020-05-04,15:24:56.264000,10613,10614,10614,1
2020-05-04,15:24:56.361000,10613,10614,10614,1
2020-05-04,15:24:58.057000,10613,10615,10615,1
2020-05-04,15:24:58.238000,10614,10615,10615,1
2020-05-04,15:24:58.306000,10614,10615,10614,1
2020-05-04,15:25:06.789000,10614,10615,10615,1
2020-05-04,15:25:07.117000,10614,10615,10614,1
2020-05-04,15:25:07.119000,10614,10615,10614,1
2020-05-04,15:25:09.813000,10613,10614,10613,6
2020-05-04,15:25:12.381000,10612,10613,10613,1
2020-05-04,15:25:14.112000,10612,10613,10613,1
2020-05-04,15:25:16.834000,10613,10614,10614,1
2020-05-04,15:25:18.858000,10613,10614,10613,1
2020-05-04,15:25:19.480000,10612,10613,10613,1
2020-05-04,15:25:20.778000,10612,10613,10613,1
2020-05-04,15:25:22.675000,10612,10613,10612,2
2020-05-04,15:25:24.082000,10612,10613,10612,2
2020-05-04,15:25:25.585000,10611,10612,10612,1
2020-05-04,15:25:27.249000,10611,10612,10611,1
2020-05-04,15:25:27.677000,10611,10612,10612,2
2020-05-04,15:25:32.352000,10611,10612,10612,1
2020-05-04,15:25:32.464000,10611,10612,10611,1
2020-05-04,15:25:35.028000,10611,10612,10612,8
2020-05-04,15:25:35.029000,10611,10612,10612,1
2020-05-04,15:25:35.534000,10611,10612,10611,1
2020-05-04,15:25:41.252000,10611,10612,10611,2
2020-05-04,15:25:43.337000,10610,10611,10610,2
2020-05-04,15:25:43.337000,10610,10611,10610,7
2020-05-04,15:25:46.591000,10610,10611,10611,2
2020-05-04,15:25:47.326000,10610,10612,10610,1
2020-05-04,15:25:48.669000,10610,10611,10610,1
2020-05-04,15:25:51.305000,10611,10612,10611,1
2020-05-04,15:25:59.124000,10611,10612,10612,5
2020-05-04,15:26:01.136000,10612,10613,10613,1
2020-05-04,15:26:01.137000,10612,10613,10613,3
2020-05-04,15:26:04.465000,10613,10614,10613,1
2020-05-04,15:26:05.651000,10612,10613,10613,1
2020-05-04,15:26:10.477000,10612,10613,10613,1
2020-05-04,15:26:17.214000,10612,10613,10612,1
2020-05-04,15:26:17.214000,10612,10613,10611,1
2020-05-04,15:26:17.239000,10612,10613,10611,2
2020-05-04,15:26:23.117000,10611,10613,10611,1
2020-05-04,15:26:29.442000,10611,10612,10612,2
2020-05-04,15:26:31.396000,10611,10612,10611,1
2020-05-04,15:26:36.286000,10610,10611,10611,1
2020-05-04,15:26:36.998000,10610,10612,10612,4
2020-05-04,15:26:37.071000,10610,10612,10610,3
2020-05-04,15:26:37.307000,10610,10612,10610,3
2020-05-04,15:26:45.288000,10611,10612,10611,1
2020-05-04,15:26:45.288000,10611,10612,10610,3
2020-05-04,15:26:47.995000,10610,10611,10610,4
2020-05-04,15:26:47.998000,10610,10611,10610,1
2020-05-04,15:26:48.087000,10609,10610,10609,1
2020-05-04,15:26:48.087000,10609,10610,10609,1
2020-05-04,15:26:50.117000,10609,10610,10610,1
2020-05-04,15:26:51.703000,10608,10610,10610,1
2020-05-04,15:26:52.194000,10609,10610,10610,3
2020-05-04,15:26:52.215000,10609,10611,10610,1
2020-05-04,15:26:57.011000,10609,10610,10610,1
2020-05-04,15:26:57.485000,10609,10610,10610,1
2020-05-04,15:27:05.647000,10610,10611,10611,6
2020-05-04,15:27:06.713000,10611,10612,10612,2
2020-05-04,15:27:07.253000,10612,10613,10613,3
2020-05-04,15:27:07.883000,10612,10614,10614,3
2020-05-04,15:27:14.426000,10612,10613,10612,1
2020-05-04,15:27:17.447000,10611,10612,10612,1
2020-05-04,15:27:20.719000,10612,10613,10613,5
2020-05-04,15:27:24.079000,10613,10614,10614,1
2020-05-04,15:27:27.644000,10613,10614,10614,1
2020-05-04,15:27:27.656000,10613,10614,10613,9
2020-05-04,15:27:36.021000,10612,10613,10612,1
2020-05-04,15:27:39.462000,10612,10613,10613,1
2020-05-04,15:27:42.929000,10612,10613,10613,3
2020-05-04,15:27:42.929000,10612,10613,10613,4
2020-05-04,15:27:42.929000,10612,10613,10613,2
2020-05-04,15:27:51.977000,10612,10613,10613,2
2020-05-04,15:27:52.508000,10613,10614,10614,6
2020-05-04,15:27:55.161000,10614,10615,10614,1
2020-05-04,15:28:00.802000,10614,10615,10615,3
2020-05-04,15:28:02.751000,10614,10615,10615,1
2020-05-04,15:28:05.772000,10614,10615,10615,5
2020-05-04,15:28:07.133000,10615,10616,10615,1
2020-05-04,15:28:07.231000,10614,10616,10615,1
2020-05-04,15:28:13.302000,10614,10615,10615,1
2020-05-04,15:28:19.008000,10614,10615,10614,1
2020-05-04,15:28:23.003000,10614,10615,10614,2
2020-05-04,15:28:23.554000,10613,10614,10614,1
2020-05-04,15:28:23.554000,10613,10614,10615,3
2020-05-04,15:28:24.090000,10613,10614,10614,1
2020-05-04,15:28:27.824000,10613,10615,10613,4
2020-05-04,15:28:29.980000,10612,10614,10614,1
2020-05-04,15:28:39.299000,10613,10614,10614,2
2020-05-04,15:28:39.300000,10613,10614,10614,1
2020-05-04,15:28:45.056000,10614,10615,10615,5
2020-05-04,15:28:47.849000,10615,10616,10615,2
2020-05-04,15:28:48.593000,10615,10616,10616,1
2020-05-04,15:28:48.884000,10615,10616,10616,2
2020-05-04,15:28:48.884000,10615,10616,10617,1
2020-05-04,15:28:48.976000,10615,10617,10617,1
2020-05-04,15:28:49.929000,10615,10616,10616,1
2020-05-04,15:28:50.472000,10615,10617,10616,1
2020-05-04,15:28:50.505000,10615,10617,10616,1
2020-05-04,15:28:51.384000,10615,10617,10617,1
2020-05-04,15:28:53.599000,10615,10616,10616,2
2020-05-04,15:28:53.937000,10615,10616,10616,1
2020-05-04,15:28:54.517000,10615,10616,10616,1
2020-05-04,15:28:55.307000,10615,10616,10616,1
2020-05-04,15:28:56.939000,10615,10616,10616,1
2020-05-04,15:28:56.961000,10616,10617,10617,1
2020-05-04,15:28:56.961000,10616,10617,10617,3
2020-05-04,15:29:00.962000,10617,10618,10618,1
2020-05-04,15:29:02.214000,10617,10618,10617,3
2020-05-04,15:29:03.345000,10616,10617,10617,1
2020-05-04,15:29:04.663000,10616,10618,10618,1
2020-05-04,15:29:05.243000,10616,10618,10618,1
2020-05-04,15:29:06.260000,10616,10618,10617,1
2020-05-04,15:29:06.423000,10616,10618,10618,1
2020-05-04,15:29:06.831000,10617,10618,10618,1
2020-05-04,15:29:07.375000,10617,10618,10618,1
2020-05-04,15:29:07.452000,10617,10618,10617,1
2020-05-04,15:29:11.687000,10617,10618,10617,1
2020-05-04,15:29:14.832000,10617,10618,10617,1
2020-05-04,15:29:20.588000,10617,10618,10617,1
2020-05-04,15:29:24.435000,10616,10617,10617,6
2020-05-04,15:29:24.435000,10616,10617,10618,2
2020-05-04,15:29:29.427000,10616,10618,10617,1
2020-05-04,15:29:33.308000,10617,10618,10617,1
2020-05-04,15:29:38.032000,10616,10617,10616,4
2020-05-04,15:29:40.505000,10615,10616,10615,3
2020-05-04,15:29:43.739000,10614,10615,10615,1
2020-05-04,15:29:43.739000,10614,10615,10616,8
2020-05-04,15:29:43.739000,10614,10615,10617,1
2020-05-04,15:29:49.947000,10615,10616,10614,1
2020-05-04,15:29:52.607000,10614,10615,10614,2
2020-05-04,15:29:59.660000,10613,10614,10613,5
2020-05-04,15:30:03.353000,10612,10613,10613,2
2020-05-04,15:30:03.785000,10612,10613,10612,1
2020-05-04,15:30:03.789000,10612,10613,10612,1
2020-05-04,15:30:04.246000,10612,10613,10612,1
2020-05-04,15:30:04.330000,10612,10613,10611,1
2020-05-04,15:30:04.337000,10611,10613,10611,1
2020-05-04,15:30:04.342000,10611,10613,10611,1
2020-05-04,15:30:04.841000,10611,10613,10611,1
2020-05-04,15:30:08.095000,10611,10612,10612,1
2020-05-04,15:30:09.161000,10611,10613,10611,1
2020-05-04,15:30:10.400000,10611,10612,10612,1
2020-05-04,15:30:11.561000,10611,10613,10611,1
2020-05-04,15:30:14.627000,10611,10612,10611,1
2020-05-04,15:30:21.310000,10611,10612,10612,3
2020-05-04,15:30:21.598000,10612,10613,10613,1
2020-05-04,15:30:21.598000,10612,10613,10613,1
2020-05-04,15:30:21.639000,10612,10613,10613,4
2020-05-04,15:30:21.639000,10612,10613,10613,5
2020-05-04,15:30:22.617000,10613,10614,10613,1
2020-05-04,15:30:23.002000,10613,10614,10614,3
2020-05-04,15:30:28.776000,10614,10615,10614,1
2020-05-04,15:30:28.776000,10614,10615,10613,1
2020-05-04,15:30:28.997000,10613,10615,10613,3
2020-05-04,15:30:33.289000,10612,10614,10614,1
2020-05-04,15:30:43.837000,10615,10616,10616,1
2020-05-04,15:30:44.475000,10615,10617,10615,1
2020-05-04,15:30:46.245000,10614,10616,10614,1
2020-05-04,15:30:48.829000,10615,10617,10615,4
2020-05-04,15:30:51.208000,10615,10616,10615,1
2020-05-04,15:30:51.431000,10614,10616,10616,1
2020-05-04,15:30:51.663000,10614,10616,10616,1
2020-05-04,15:30:57.555000,10616,10617,10616,1
2020-05-04,15:30:57.555000,10616,10617,10616,1
2020-05-04,15:30:59.042000,10614,10616,10616,1
2020-05-04,15:31:06.508000,10615,10616,10616,1
2020-05-04,15:31:10.244000,10616,10617,10616,1
2020-05-04,15:31:10.925000,10616,10617,10616,1
2020-05-04,15:31:20.834000,10615,10616,10616,1
2020-05-04,15:31:25.425000,10615,10616,10615,1
2020-05-04,15:31:26.323000,10614,10615,10615,2
2020-05-04,15:31:28.846000,10614,10615,10615,3
2020-05-04,15:31:29.160000,10614,10615,10614,2
2020-05-04,15:31:43.373000,10616,10617,10617,4
2020-05-04,15:31:43.373000,10616,10617,10617,1
2020-05-04,15:31:52.074000,10615,10617,10617,1
2020-05-04,15:32:01.050000,10616,10617,10617,1
2020-05-04,15:32:02.327000,10616,10618,10618,1
2020-05-04,15:32:04.421000,10616,10617,10617,1
2020-05-04,15:32:05.077000,10616,10617,10616,1
2020-05-04,15:32:05.782000,10616,10617,10617,5
2020-05-04,15:32:05.783000,10616,10617,10617,6
2020-05-04,15:32:13.654000,10616,10617,10617,1
2020-05-04,15:32:18.337000,10617,10618,10618,3
2020-05-04,15:32:18.338000,10617,10618,10618,3
2020-05-04,15:32:21.636000,10618,10619,10619,7
2020-05-04,15:32:23.007000,10619,10620,10619,2
2020-05-04,15:32:23.674000,10619,10620,10620,1
2020-05-04,15:32:24.068000,10619,10620,10620,2
2020-05-04,15:32:24.090000,10619,10620,10620,1
2020-05-04,15:32:24.090000,10619,10620,10620,5
2020-05-04,15:32:24.091000,10619,10620,10620,3
2020-05-04,15:32:24.091000,10619,10620,10620,4
2020-05-04,15:32:24.292000,10620,10621,10621,2
2020-05-04,15:32:24.502000,10620,10621,10621,1
2020-05-04,15:32:24.595000,10621,10622,10621,1
2020-05-04,15:32:24.599000,10621,10622,10622,1
2020-05-04,15:32:24.744000,10621,10623,10623,1
2020-05-04,15:32:25.981000,10621,10622,10622,3
2020-05-04,15:32:25.981000,10621,10622,10623,1
2020-05-04,15:32:26.414000,10621,10623,10623,2
2020-05-04,15:32:30.265000,10622,10623,10623,4
2020-05-04,15:32:30.265000,10622,10623,10624,3
2020-05-04,15:32:33.135000,10623,10624,10623,1
2020-05-04,15:32:33.788000,10623,10624,10624,1
2020-05-04,15:32:33.788000,10623,10624,10624,1
2020-05-04,15:32:34.070000,10624,10625,10624,1
2020-05-04,15:32:35.199000,10624,10625,10625,4
2020-05-04,15:32:35.420000,10625,10626,10626,1
2020-05-04,15:32:35.481000,10625,10626,10626,1
2020-05-04,15:32:35.533000,10625,10626,10625,1
2020-05-04,15:32:35.569000,10625,10626,10626,1
2020-05-04,15:32:35.585000,10625,10626,10626,1
2020-05-04,15:32:35.728000,10625,10626,10626,1
2020-05-04,15:32:35.740000,10625,10626,10626,1
2020-05-04,15:32:36.333000,10625,10626,10626,3
2020-05-04,15:32:36.333000,10625,10626,10626,2
2020-05-04,15:32:36.333000,10625,10626,10626,2
2020-05-04,15:32:37.922000,10626,10627,10626,1
2020-05-04,15:32:38.360000,10625,10627,10626,2
2020-05-04,15:32:38.815000,10625,10627,10627,1
2020-05-04,15:32:39.580000,10625,10627,10626,3
2020-05-04,15:32:39.609000,10626,10627,10626,1
2020-05-04,15:32:39.888000,10626,10627,10627,1
2020-05-04,15:32:40.296000,10626,10627,10627,1
2020-05-04,15:32:42.531000,10626,10627,10626,1
2020-05-04,15:32:43.956000,10626,10627,10626,1
2020-05-04,15:32:43.957000,10626,10627,10626,11
2020-05-04,15:32:44.005000,10625,10626,10625,2
2020-05-04,15:32:44.006000,10625,10626,10625,7
2020-05-04,15:32:44.242000,10624,10625,10624,1
2020-05-04,15:32:47.195000,10624,10625,10625,1
2020-05-04,15:32:49.790000,10624,10625,10624,1
2020-05-04,15:32:51.288000,10624,10625,10624,2
2020-05-04,15:32:52.540000,10623,10625,10625,8
2020-05-04,15:32:52.541000,10623,10625,10625,2
2020-05-04,15:32:54.841000,10624,10625,10624,2
2020-05-04,15:32:55.457000,10624,10625,10625,1
2020-05-04,15:32:55.719000,10624,10625,10625,4
2020-05-04,15:32:56.320000,10624,10626,10624,2
2020-05-04,15:32:58.210000,10625,10626,10625,1
2020-05-04,15:32:58.224000,10625,10626,10626,1
2020-05-04,15:32:59.130000,10625,10626,10625,1
2020-05-04,15:33:00.386000,10624,10625,10625,1
2020-05-04,15:33:01.327000,10624,10625,10625,1
2020-05-04,15:33:02.036000,10624,10625,10624,1
2020-05-04,15:33:02.538000,10623,10624,10624,4
2020-05-04,15:33:02.571000,10623,10624,10623,2
2020-05-04,15:33:04.987000,10623,10624,10624,2
2020-05-04,15:33:05.677000,10623,10624,10623,3
2020-05-04,15:33:07.244000,10623,10624,10624,1
2020-05-04,15:33:07.879000,10623,10624,10624,1
2020-05-04,15:33:13.113000,10624,10625,10625,1
2020-05-04,15:33:13.122000,10624,10625,10625,1
2020-05-04,15:33:13.123000,10624,10625,10625,1
2020-05-04,15:33:13.778000,10625,10626,10625,1
2020-05-04,15:33:14.370000,10625,10626,10625,2
2020-05-04,15:33:14.580000,10624,10626,10624,1
2020-05-04,15:33:14.712000,10624,10625,10625,2
2020-05-04,15:33:14.831000,10624,10625,10626,1
2020-05-04,15:33:15.864000,10625,10626,10626,2
2020-05-04,15:33:17.556000,10625,10626,10625,1
2020-05-04,15:33:19.161000,10624,10625,10624,1
2020-05-04,15:33:20.138000,10623,10625,10625,1
2020-05-04,15:33:20.770000,10623,10624,10624,1
2020-05-04,15:33:22.785000,10623,10624,10624,1
2020-05-04,15:33:30.641000,10623,10624,10623,2
2020-05-04,15:33:31.077000,10623,10624,10623,2
2020-05-04,15:33:32.351000,10622,10623,10623,1
2020-05-04,15:33:32.726000,10622,10623,10623,1
2020-05-04,15:33:46.015000,10622,10623,10622,1
2020-05-04,15:33:46.015000,10622,10623,10622,2
2020-05-04,15:33:46.016000,10622,10623,10622,1
2020-05-04,15:33:46.016000,10622,10623,10622,2
2020-05-04,15:33:50.329000,10621,10622,10621,2
2020-05-04,15:33:51.206000,10621,10622,10621,1
2020-05-04,15:33:51.206000,10621,10622,10620,9
2020-05-04,15:33:51.560000,10620,10621,10620,1
2020-05-04,15:33:51.561000,10620,10621,10620,2
2020-05-04,15:33:52.785000,10619,10620,10619,2
2020-05-04,15:33:52.858000,10619,10620,10619,1
2020-05-04,15:33:53.666000,10619,10620,10619,1
2020-05-04,15:33:54.503000,10619,10620,10620,5
2020-05-04,15:33:54.504000,10619,10620,10620,4
2020-05-04,15:33:56.977000,10620,10621,10621,1
2020-05-04,15:33:58.046000,10620,10621,10621,4
2020-05-04,15:33:58.231000,10621,10622,10621,1
2020-05-04,15:34:01.418000,10621,10622,10622,1
2020-05-04,15:34:03.042000,10621,10622,10622,4
2020-05-04,15:34:04.686000,10622,10623,10623,1
2020-05-04,15:34:06.970000,10622,10623,10622,2
2020-05-04,15:34:07.071000,10622,10623,10622,1
2020-05-04,15:34:08.596000,10622,10623,10623,1
2020-05-04,15:34:09.859000,10622,10623,10623,2
2020-05-04,15:34:10.594000,10622,10623,10623,1
2020-05-04,15:34:12.633000,10622,10623,10623,1
2020-05-04,15:34:16.922000,10623,10624,10624,3
2020-05-04,15:34:17.258000,10624,10625,10625,3
2020-05-04,15:34:21.611000,10625,10626,10625,1
2020-05-04,15:34:22.664000,10625,10626,10626,6
2020-05-04,15:34:24.198000,10626,10627,10626,1
2020-05-04,15:34:25.932000,10626,10627,10627,5
2020-05-04,15:34:26.065000,10626,10627,10627,1
2020-05-04,15:34:26.183000,10626,10627,10626,1
2020-05-04,15:34:27.629000,10625,10627,10627,1
2020-05-04,15:34:31.299000,10626,10627,10626,1
2020-05-04,15:34:31.998000,10626,10627,10626,1
2020-05-04,15:34:32.971000,10626,10627,10626,1
2020-05-04,15:34:32.972000,10626,10627,10626,3
2020-05-04,15:34:33.481000,10625,10627,10627,1
2020-05-04,15:34:33.905000,10625,10627,10627,2
2020-05-04,15:34:34.285000,10626,10627,10626,2
2020-05-04,15:34:34.616000,10625,10626,10625,2
2020-05-04,15:34:35.025000,10625,10626,10625,3
2020-05-04,15:34:35.450000,10624,10625,10625,1
2020-05-04,15:34:37.751000,10625,10626,10625,1
2020-05-04,15:34:44.317000,10624,10625,10625,1
2020-05-04,15:34:50.660000,10625,10626,10625,1
2020-05-04,15:35:00.443000,10625,10626,10626,1
2020-05-04,15:35:00.565000,10625,10626,10625,1
2020-05-04,15:35:02.825000,10624,10625,10624,1
2020-05-04,15:35:06.064000,10624,10625,10625,1
2020-05-04,15:35:12.854000,10624,10625,10625,1
2020-05-04,15:35:13.880000,10625,10626,10626,1
2020-05-04,15:35:15.622000,10625,10626,10625,3
2020-05-04,15:35:15.622000,10625,10626,10625,1
2020-05-04,15:35:16.556000,10624,10625,10625,5
2020-05-04,15:35:16.577000,10624,10625,10625,1
2020-05-04,15:35:16.577000,10624,10625,10625,1
2020-05-04,15:35:18.017000,10624,10625,10625,1
2020-05-04,15:35:19.365000,10624,10625,10624,9
2020-05-04,15:35:19.408000,10624,10625,10623,3
2020-05-04,15:35:19.408000,10624,10625,10623,4
2020-05-04,15:35:31.374000,10624,10625,10624,2
2020-05-04,15:35:32.931000,10624,10625,10625,3
2020-05-04,15:35:36.309000,10625,10626,10626,4
2020-05-04,15:35:42.314000,10626,10627,10627,2
2020-05-04,15:35:43.673000,10626,10627,10627,4
2020-05-04,15:35:43.858000,10626,10627,10627,1
2020-05-04,15:35:44.850000,10626,10627,10627,1
2020-05-04,15:35:45.547000,10626,10627,10627,1
2020-05-04,15:35:45.945000,10627,10628,10627,2
2020-05-04,15:35:48.372000,10627,10628,10627,5
2020-05-04,15:35:48.372000,10627,10628,10627,1
2020-05-04,15:35:48.492000,10626,10627,10627,1
2020-05-04,15:35:51.760000,10626,10628,10627,5
2020-05-04,15:35:51.798000,10626,10628,10627,1
2020-05-04,15:35:51.907000,10626,10627,10627,1
2020-05-04,15:35:53.256000,10627,10628,10627,1
2020-05-04,15:35:54.791000,10626,10627,10626,1
2020-05-04,15:35:58.342000,10626,10627,10626,1
2020-05-04,15:35:58.622000,10626,10627,10626,1
2020-05-04,15:36:07.308000,10626,10627,10626,1
2020-05-04,15:36:09.677000,10626,10627,10626,8
2020-05-04,15:36:09.677000,10626,10627,10626,1
2020-05-04,15:36:09.677000,10626,10627,10626,5
2020-05-04,15:36:11.181000,10625,10626,10625,1
2020-05-04,15:36:13.002000,10624,10625,10624,2
2020-05-04,15:36:15.319000,10623,10624,10623,2
2020-05-04,15:36:22.452000,10622,10623,10622,2
2020-05-04,15:36:22.453000,10622,10623,10622,5
2020-05-04,15:36:23.274000,10621,10623,10621,5
2020-05-04,15:36:23.994000,10620,10622,10622,1
2020-05-04,15:36:31.063000,10622,10623,10622,1
2020-05-04,15:36:35.046000,10622,10623,10623,3
2020-05-04,15:36:35.046000,10622,10623,10623,1
2020-05-04,15:36:36.033000,10622,10624,10622,10
2020-05-04,15:36:37.896000,10622,10624,10622,1
2020-05-04,15:36:43.889000,10623,10624,10624,1
2020-05-04,15:36:43.889000,10623,10624,10625,1
2020-05-04,15:36:52.792000,10624,10625,10624,1
2020-05-04,15:36:54.346000,10624,10625,10624,2
2020-05-04,15:36:58.111000,10624,10625,10624,1
2020-05-04,15:36:58.111000,10624,10625,10623,4
2020-05-04,15:36:58.393000,10623,10625,10623,5
2020-05-04,15:36:58.581000,10623,10624,10623,1
2020-05-04,15:36:58.581000,10623,10624,10622,4
2020-05-04,15:37:04.404000,10623,10624,10624,3
2020-05-04,15:37:05.120000,10623,10624,10624,1
2020-05-04,15:37:06.893000,10623,10624,10623,1
2020-05-04,15:37:07.291000,10623,10624,10624,1
2020-05-04,15:37:29.274000,10623,10624,10624,1
2020-05-04,15:37:30.147000,10624,10625,10624,2
2020-05-04,15:37:38.580000,10623,10624,10623,1
2020-05-04,15:37:38.641000,10623,10624,10624,2
2020-05-04,15:37:47.109000,10623,10624,10624,1
2020-05-04,15:37:48.403000,10623,10624,10624,4
2020-05-04,15:37:48.403000,10623,10624,10624,2
2020-05-04,15:37:49.946000,10623,10624,10623,1
2020-05-04,15:38:02.505000,10623,10624,10624,2
2020-05-04,15:38:03.201000,10624,10625,10625,3
2020-05-04,15:38:03.201000,10624,10625,10625,1
2020-05-04,15:38:03.201000,10624,10625,10625,1
2020-05-04,15:38:03.508000,10625,10626,10626,1
2020-05-04,15:38:03.515000,10625,10626,10626,1
2020-05-04,15:38:03.638000,10626,10627,10627,5
2020-05-04,15:38:04.223000,10626,10627,10627,2
2020-05-04,15:38:13.404000,10626,10627,10627,1
2020-05-04,15:38:19.873000,10626,10627,10627,1
2020-05-04,15:38:23.262000,10626,10627,10627,1
2020-05-04,15:38:25.870000,10627,10628,10627,1
2020-05-04,15:38:27.906000,10626,10627,10627,1
2020-05-04,15:38:30.102000,10627,10628,10628,2
2020-05-04,15:38:30.213000,10627,10628,10628,7
2020-05-04,15:38:30.213000,10627,10628,10628,2
2020-05-04,15:38:30.213000,10627,10628,10628,18
2020-05-04,15:38:30.213000,10627,10628,10628,5
2020-05-04,15:38:30.213000,10627,10628,10628,1
2020-05-04,15:38:30.213000,10627,10628,10628,4
2020-05-04,15:38:30.566000,10628,10629,10629,3
2020-05-04,15:38:30.585000,10628,10629,10629,2
2020-05-04,15:38:30.610000,10628,10629,10629,2
2020-05-04,15:38:30.636000,10628,10629,10629,2
2020-05-04,15:38:30.636000,10628,10629,10629,3
2020-05-04,15:38:30.636000,10628,10629,10629,2
2020-05-04,15:38:30.636000,10628,10629,10629,3
2020-05-04,15:38:30.636000,10628,10629,10629,2
2020-05-04,15:38:31.426000,10629,10630,10629,1
2020-05-04,15:38:34.213000,10629,10630,10629,1
2020-05-04,15:38:34.410000,10629,10630,10629,1
2020-05-04,15:38:34.969000,10629,10630,10629,2
2020-05-04,15:38:35.463000,10628,10629,10629,1
2020-05-04,15:38:39.087000,10628,10629,10629,1
2020-05-04,15:38:39.113000,10628,10629,10629,1
2020-05-04,15:38:39.178000,10628,10629,10630,1
2020-05-04,15:38:39.259000,10628,10630,10630,1
2020-05-04,15:38:39.293000,10628,10630,10630,1
2020-05-04,15:38:39.389000,10628,10630,10630,1
2020-05-04,15:38:41.285000,10628,10630,10630,1
2020-05-04,15:38:43.594000,10628,10629,10629,1
2020-05-04,15:38:49.186000,10628,10629,10629,2
2020-05-04,15:38:50.909000,10628,10629,10629,1
2020-05-04,15:38:54.518000,10628,10629,10628,6
2020-05-04,15:38:54.646000,10627,10628,10628,1
2020-05-04,15:38:55.646000,10627,10628,10628,1
2020-05-04,15:38:56.138000,10627,10628,10627,4
2020-05-04,15:38:58.736000,10625,10627,10627,1
2020-05-04,15:39:14.835000,10626,10627,10627,1
2020-05-04,15:39:16.324000,10627,10628,10627,1
2020-05-04,15:39:17.860000,10628,10629,10628,1
2020-05-04,15:39:18.266000,10627,10629,10629,1
2020-05-04,15:39:22.322000,10628,10629,10629,6
2020-05-04,15:39:25.844000,10629,10630,10630,1
2020-05-04,15:39:26.948000,10629,10630,10630,1
2020-05-04,15:39:30.632000,10629,10630,10630,1
2020-05-04,15:39:33.912000,10629,10630,10630,1
2020-05-04,15:39:36.206000,10629,10630,10630,5
2020-05-04,15:39:41.534000,10629,10630,10630,1
2020-05-04,15:39:41.534000,10629,10630,10630,4
2020-05-04,15:39:41.534000,10629,10630,10630,1
2020-05-04,15:39:41.534000,10629,10630,10630,1
2020-05-04,15:39:41.534000,10629,10630,10630,1
2020-05-04,15:39:41.534000,10629,10630,10630,8
2020-05-04,15:39:41.534000,10629,10630,10630,2
2020-05-04,15:39:41.640000,10630,10631,10631,9
2020-05-04,15:39:41.672000,10630,10631,10632,1
2020-05-04,15:39:41.741000,10630,10632,10632,1
2020-05-04,15:39:41.750000,10630,10632,10632,1
2020-05-04,15:39:41.997000,10631,10632,10632,1
2020-05-04,15:39:42.771000,10630,10631,10631,1
2020-05-04,15:39:44.164000,10630,10631,10631,1
2020-05-04,15:39:44.871000,10630,10632,10632,4
2020-05-04,15:39:47.916000,10630,10632,10630,1
2020-05-04,15:39:49.782000,10630,10631,10631,1
2020-05-04,15:39:49.918000,10630,10632,10632,1
2020-05-04,15:39:51.539000,10630,10631,10631,1
2020-05-04,15:39:51.585000,10630,10631,10631,1
2020-05-04,15:39:52.652000,10630,10632,10632,1
2020-05-04,15:39:55.710000,10630,10631,10631,1
2020-05-04,15:40:00.175000,10631,10632,10631,1
2020-05-04,15:40:00.515000,10630,10632,10632,1
2020-05-04,15:40:00.521000,10630,10632,10632,1
2020-05-04,15:40:00.527000,10630,10632,10632,1
2020-05-04,15:40:00.536000,10630,10632,10632,1
2020-05-04,15:40:00.545000,10630,10632,10632,1
2020-05-04,15:40:02.144000,10631,10632,10632,1
2020-05-04,15:40:03.798000,10631,10632,10631,1
2020-05-04,15:40:07.650000,10631,10632,10631,1
2020-05-04,15:40:09.399000,10630,10631,10630,1
2020-05-04,15:40:09.399000,10630,10631,10630,5
2020-05-04,15:40:09.436000,10630,10631,10630,1
2020-05-04,15:40:09.799000,10629,10630,10630,2
2020-05-04,15:40:09.879000,10629,10631,10631,1
2020-05-04,15:40:10.111000,10629,10631,10631,2
2020-05-04,15:40:11.838000,10629,10631,10630,1
2020-05-04,15:40:13.131000,10629,10630,10629,1
2020-05-04,15:40:13.132000,10629,10630,10629,8
2020-05-04,15:40:14.333000,10628,10630,10630,1
2020-05-04,15:40:18.278000,10628,10629,10628,1
2020-05-04,15:40:18.978000,10628,10629,10629,3
2020-05-04,15:40:18.978000,10628,10629,10630,2
2020-05-04,15:40:23.327000,10629,10630,10630,1
2020-05-04,15:40:23.914000,10629,10631,10631,1
2020-05-04,15:40:28.041000,10629,10630,10630,1
2020-05-04,15:40:28.681000,10630,10631,10631,2
2020-05-04,15:40:31.720000,10630,10631,10630,1
2020-05-04,15:40:33.575000,10630,10631,10630,1
2020-05-04,15:40:33.576000,10630,10631,10630,2
2020-05-04,15:40:35.735000,10629,10630,10630,1
2020-05-04,15:40:37.259000,10629,10630,10629,5
2020-05-04,15:40:38.909000,10629,10630,10630,4
2020-05-04,15:40:42.865000,10629,10630,10630,1
2020-05-04,15:40:42.926000,10629,10630,10630,1
2020-05-04,15:40:43.289000,10630,10631,10630,1
2020-05-04,15:40:44.432000,10630,10631,10630,1
2020-05-04,15:40:45.365000,10630,10631,10631,1
2020-05-04,15:40:45.795000,10630,10631,10631,1
2020-05-04,15:40:57.954000,10630,10631,10631,2
2020-05-04,15:41:01.890000,10630,10631,10630,2
2020-05-04,15:41:02.694000,10629,10631,10631,1
2020-05-04,15:41:02.694000,10629,10631,10631,1
2020-05-04,15:41:18.398000,10629,10630,10629,1
2020-05-04,15:41:20.454000,10629,10630,10630,2
2020-05-04,15:41:30.254000,10630,10631,10630,2
2020-05-04,15:41:31.980000,10630,10631,10630,1
2020-05-04,15:41:33.770000,10630,10631,10631,3
2020-05-04,15:41:33.770000,10630,10631,10631,1
2020-05-04,15:41:33.771000,10630,10631,10631,3
2020-05-04,15:41:34.196000,10631,10632,10631,5
2020-05-04,15:41:38.090000,10631,10632,10632,1
2020-05-04,15:41:38.899000,10631,10632,10632,10
2020-05-04,15:41:40.310000,10631,10632,10631,1
2020-05-04,15:41:41.807000,10631,10632,10632,1
2020-05-04,15:41:45.497000,10631,10632,10631,1
2020-05-04,15:41:52.983000,10631,10632,10631,1
2020-05-04,15:41:53.844000,10631,10632,10632,1
2020-05-04,15:41:54.531000,10631,10632,10632,1
2020-05-04,15:41:54.531000,10631,10632,10633,4
2020-05-04,15:41:55.170000,10632,10633,10632,1
2020-05-04,15:41:58.854000,10631,10632,10632,1
2020-05-04,15:42:00.122000,10632,10633,10632,1
2020-05-04,15:42:00.159000,10632,10633,10633,2
2020-05-04,15:42:00.508000,10632,10633,10633,1
2020-05-04,15:42:00.689000,10632,10633,10633,1
2020-05-04,15:42:00.708000,10632,10633,10633,1
2020-05-04,15:42:04.618000,10632,10633,10633,5
2020-05-04,15:42:04.618000,10632,10633,10633,2
2020-05-04,15:42:05.566000,10632,10634,10632,1
2020-05-04,15:42:08.936000,10633,10634,10634,3
2020-05-04,15:42:09.086000,10633,10634,10634,1
2020-05-04,15:42:09.109000,10633,10634,10634,1
2020-05-04,15:42:09.117000,10633,10634,10634,1
2020-05-04,15:42:09.394000,10633,10634,10634,3
2020-05-04,15:42:09.718000,10633,10634,10634,3
2020-05-04,15:42:09.912000,10633,10634,10634,3
2020-05-04,15:42:10.057000,10633,10634,10633,1
2020-05-04,15:42:10.472000,10633,10634,10633,1
2020-05-04,15:42:12.447000,10633,10634,10633,5
2020-05-04,15:42:14.950000,10633,10634,10634,5
2020-05-04,15:42:16.238000,10633,10634,10634,1
2020-05-04,15:42:18.286000,10633,10635,10634,5
2020-05-04,15:42:20.760000,10633,10634,10633,2
2020-05-04,15:42:24.730000,10633,10634,10634,1
2020-05-04,15:42:24.730000,10633,10634,10634,1
2020-05-04,15:42:24.731000,10633,10634,10634,5
2020-05-04,15:42:25.229000,10634,10635,10634,1
2020-05-04,15:42:29.061000,10634,10635,10634,1
2020-05-04,15:42:30.371000,10634,10635,10635,3
2020-05-04,15:42:30.481000,10634,10635,10635,1
2020-05-04,15:42:30.487000,10634,10635,10635,1
2020-05-04,15:42:30.490000,10634,10635,10635,1
2020-05-04,15:42:30.494000,10634,10635,10635,1
2020-05-04,15:42:30.515000,10634,10635,10634,1
2020-05-04,15:42:30.600000,10634,10635,10634,1
2020-05-04,15:42:30.989000,10634,10635,10635,2
2020-05-04,15:42:33.954000,10634,10635,10634,1
2020-05-04,15:42:35.301000,10633,10635,10635,1
2020-05-04,15:42:36.874000,10633,10635,10635,5
2020-05-04,15:42:37.108000,10633,10635,10635,5
2020-05-04,15:42:37.255000,10633,10635,10635,5
2020-05-04,15:42:37.484000,10634,10635,10635,5
2020-05-04,15:42:38.264000,10634,10635,10635,1
2020-05-04,15:42:42.679000,10634,10635,10634,1
2020-05-04,15:42:44.174000,10634,10635,10634,1
2020-05-04,15:42:44.174000,10634,10635,10633,1
2020-05-04,15:42:44.229000,10633,10634,10634,1
2020-05-04,15:42:44.511000,10633,10634,10635,1
2020-05-04,15:42:48.836000,10634,10635,10634,1
2020-05-04,15:42:50.467000,10634,10635,10634,5
2020-05-04,15:42:54.572000,10634,10635,10634,1
2020-05-04,15:42:57.044000,10634,10635,10634,5
2020-05-04,15:42:57.044000,10634,10635,10634,2
2020-05-04,15:42:57.047000,10634,10635,10634,3
2020-05-04,15:42:57.047000,10634,10635,10634,4
2020-05-04,15:42:57.158000,10633,10634,10634,1
2020-05-04,15:42:58.081000,10633,10634,10633,1
2020-05-04,15:42:58.785000,10633,10634,10633,8
2020-05-04,15:42:59.386000,10632,10634,10632,1
2020-05-04,15:43:00.841000,10633,10634,10634,1
2020-05-04,15:43:03.260000,10633,10634,10634,1
2020-05-04,15:43:06.518000,10633,10634,10634,1
2020-05-04,15:43:11.258000,10633,10634,10634,1
2020-05-04,15:43:14.926000,10632,10634,10634,1
2020-05-04,15:43:20.140000,10632,10634,10632,3
2020-05-04,15:43:21.408000,10632,10634,10632,1
2020-05-04,15:43:22.059000,10633,10634,10634,5
2020-05-04,15:43:24.271000,10633,10634,10633,1
2020-05-04,15:43:26.547000,10632,10634,10632,1
2020-05-04,15:43:29.097000,10633,10634,10633,1
2020-05-04,15:43:29.293000,10632,10634,10634,3
2020-05-04,15:43:36.340000,10633,10634,10634,1
2020-05-04,15:43:36.358000,10633,10634,10634,1
2020-05-04,15:43:36.949000,10633,10634,10633,1
2020-05-04,15:43:40.343000,10633,10634,10633,1
2020-05-04,15:43:43.259000,10632,10633,10633,1
2020-05-04,15:43:44.438000,10632,10633,10633,1
2020-05-04,15:43:50.714000,10632,10633,10632,1
2020-05-04,15:43:53.007000,10632,10633,10633,4
2020-05-04,15:43:56.624000,10633,10634,10633,1
2020-05-04,15:43:56.847000,10633,10634,10633,1
2020-05-04,15:43:57.705000,10633,10634,10634,1
2020-05-04,15:43:58.757000,10633,10634,10634,4
2020-05-04,15:43:58.757000,10633,10634,10634,2
2020-05-04,15:43:58.758000,10633,10634,10634,2
2020-05-04,15:43:58.758000,10633,10634,10634,1
2020-05-04,15:43:58.903000,10634,10635,10635,3
2020-05-04,15:43:58.906000,10634,10635,10635,1
2020-05-04,15:43:58.911000,10634,10635,10635,2
2020-05-04,15:43:58.912000,10634,10635,10635,3
2020-05-04,15:44:01.233000,10634,10635,10635,2
2020-05-04,15:44:03.357000,10634,10635,10634,1
2020-05-04,15:44:12.419000,10633,10635,10635,3
2020-05-04,15:44:15.675000,10634,10635,10634,2
2020-05-04,15:44:18.045000,10633,10634,10634,1
2020-05-04,15:44:21.261000,10633,10634,10634,1
2020-05-04,15:44:22.869000,10633,10635,10633,1
2020-05-04,15:44:25.427000,10633,10634,10634,1
2020-05-04,15:44:27.013000,10633,10635,10633,1
2020-05-04,15:44:30.293000,10633,10635,10635,1
2020-05-04,15:44:32.211000,10634,10635,10634,1
2020-05-04,15:44:33.096000,10634,10635,10634,2
2020-05-04,15:44:38.539000,10634,10635,10634,1
2020-05-04,15:44:40.787000,10633,10635,10635,2
2020-05-04,15:44:41.493000,10633,10634,10633,16
2020-05-04,15:44:41.496000,10633,10634,10632,21
2020-05-04,15:44:41.508000,10633,10634,10631,18
2020-05-04,15:44:41.508000,10633,10634,10631,1
2020-05-04,15:44:41.508000,10633,10634,10631,2
2020-05-04,15:44:41.536000,10633,10634,10630,5
2020-05-04,15:44:41.536000,10633,10634,10630,3
2020-05-04,15:44:41.536000,10633,10634,10630,4
2020-05-04,15:44:41.598000,10629,10630,10629,1
2020-05-04,15:44:41.598000,10629,10630,10629,1
2020-05-04,15:44:41.658000,10629,10630,10629,1
2020-05-04,15:44:41.813000,10629,10630,10629,2
2020-05-04,15:44:44.565000,10629,10631,10631,1
2020-05-04,15:44:46.512000,10630,10631,10630,2
2020-05-04,15:44:46.512000,10630,10631,10629,3
2020-05-04,15:44:46.512000,10630,10631,10629,3
2020-05-04,15:44:46.877000,10630,10631,10630,1
2020-05-04,15:44:48.526000,10630,10631,10630,1
2020-05-04,15:44:49.979000,10629,10631,10629,1
2020-05-04,15:44:50.348000,10629,10631,10629,1
2020-05-04,15:44:50.398000,10629,10631,10629,1
2020-05-04,15:44:52.875000,10629,10630,10630,2
2020-05-04,15:44:55.534000,10630,10631,10631,2
2020-05-04,15:44:57.356000,10631,10632,10632,2
2020-05-04,15:44:57.415000,10631,10632,10632,1
2020-05-04,15:44:57.548000,10632,10633,10633,12
