2020-07-02,15:00:00.085000,11728,11729,11729,165
2020-07-02,15:00:00.087000,11728,11729,11729,10
2020-07-02,15:00:00.198000,11728,11730,11730,1
2020-07-02,15:00:00.198000,11728,11730,11730,35
2020-07-02,15:00:00.198000,11728,11730,11730,4
2020-07-02,15:00:00.199000,11728,11730,11731,10
2020-07-02,15:00:00.260000,11729,11732,11732,4
2020-07-02,15:00:00.264000,11729,11732,11732,1
2020-07-02,15:00:00.273000,11729,11732,11729,2
2020-07-02,15:00:00.278000,11729,11732,11732,1
2020-07-02,15:00:00.330000,11729,11732,11733,1
2020-07-02,15:00:00.368000,11729,11733,11733,1
2020-07-02,15:00:00.379000,11729,11733,11729,2
2020-07-02,15:00:00.393000,11729,11733,11729,1
2020-07-02,15:00:00.421000,11729,11733,11729,1
2020-07-02,15:00:00.441000,11729,11733,11729,1
2020-07-02,15:00:00.453000,11729,11733,11732,6
2020-07-02,15:00:00.474000,11729,11733,11732,1
2020-07-02,15:00:00.474000,11729,11733,11733,4
2020-07-02,15:00:00.582000,11729,11733,11729,1
2020-07-02,15:00:00.582000,11729,11733,11728,1
2020-07-02,15:00:00.593000,11729,11733,11729,1
2020-07-02,15:00:00.593000,11729,11733,11733,1
2020-07-02,15:00:00.602000,11729,11733,11733,1
2020-07-02,15:00:00.602000,11729,11733,11733,1
2020-07-02,15:00:00.642000,11729,11733,11729,3
2020-07-02,15:00:00.642000,11729,11733,11728,1
2020-07-02,15:00:00.733000,11729,11733,11731,1
2020-07-02,15:00:00.740000,11729,11733,11730,2
2020-07-02,15:00:00.740000,11729,11733,11730,1
2020-07-02,15:00:00.752000,11730,11732,11732,1
2020-07-02,15:00:00.754000,11730,11732,11730,1
2020-07-02,15:00:00.761000,11730,11732,11732,3
2020-07-02,15:00:00.763000,11730,11732,11732,1
2020-07-02,15:00:00.809000,11730,11732,11732,1
2020-07-02,15:00:00.816000,11730,11732,11730,1
2020-07-02,15:00:00.840000,11730,11732,11730,4
2020-07-02,15:00:00.852000,11730,11732,11731,1
2020-07-02,15:00:00.874000,11730,11732,11730,1
2020-07-02,15:00:00.898000,11730,11732,11730,2
2020-07-02,15:00:00.906000,11730,11732,11730,3
2020-07-02,15:00:00.930000,11730,11732,11729,1
2020-07-02,15:00:00.934000,11730,11732,11729,3
2020-07-02,15:00:00.942000,11730,11732,11731,1
2020-07-02,15:00:00.960000,11730,11732,11729,3
2020-07-02,15:00:01.009000,11729,11731,11729,1
2020-07-02,15:00:01.017000,11729,11731,11729,3
2020-07-02,15:00:01.030000,11729,11731,11730,1
2020-07-02,15:00:01.077000,11729,11731,11729,1
2020-07-02,15:00:01.170000,11729,11730,11729,1
2020-07-02,15:00:01.197000,11729,11730,11731,1
2020-07-02,15:00:01.276000,11729,11731,11731,1
2020-07-02,15:00:01.287000,11729,11731,11729,1
2020-07-02,15:00:01.294000,11729,11731,11731,1
2020-07-02,15:00:01.374000,11729,11731,11729,1
2020-07-02,15:00:01.397000,11729,11731,11731,1
2020-07-02,15:00:01.399000,11729,11731,11729,12
2020-07-02,15:00:01.400000,11729,11731,11729,2
2020-07-02,15:00:01.554000,11729,11730,11729,2
2020-07-02,15:00:01.566000,11729,11730,11729,1
2020-07-02,15:00:01.585000,11729,11730,11728,1
2020-07-02,15:00:01.587000,11729,11730,11728,1
2020-07-02,15:00:01.605000,11729,11730,11728,1
2020-07-02,15:00:01.640000,11728,11730,11728,1
2020-07-02,15:00:01.669000,11728,11730,11729,1
2020-07-02,15:00:01.697000,11728,11730,11729,2
2020-07-02,15:00:01.761000,11728,11730,11730,1
2020-07-02,15:00:01.771000,11728,11730,11728,1
2020-07-02,15:00:01.774000,11728,11730,11729,1
2020-07-02,15:00:01.778000,11728,11730,11729,2
2020-07-02,15:00:01.778000,11728,11730,11729,1
2020-07-02,15:00:01.779000,11728,11730,11729,1
2020-07-02,15:00:01.779000,11728,11730,11728,1
2020-07-02,15:00:01.779000,11728,11730,11729,1
2020-07-02,15:00:01.797000,11728,11730,11729,3
2020-07-02,15:00:01.801000,11728,11730,11729,1
2020-07-02,15:00:01.840000,11728,11730,11730,1
2020-07-02,15:00:01.923000,11728,11730,11729,1
2020-07-02,15:00:01.942000,11728,11730,11729,2
2020-07-02,15:00:01.975000,11728,11730,11728,20
2020-07-02,15:00:01.975000,11728,11730,11728,1
2020-07-02,15:00:02,11728,11729,11729,1
2020-07-02,15:00:02.015000,11728,11729,11728,1
2020-07-02,15:00:02.051000,11728,11729,11729,1
2020-07-02,15:00:02.100000,11728,11729,11729,1
2020-07-02,15:00:02.100000,11728,11729,11728,1
2020-07-02,15:00:02.100000,11728,11729,11728,6
2020-07-02,15:00:02.186000,11728,11729,11729,1
2020-07-02,15:00:02.219000,11728,11729,11728,1
2020-07-02,15:00:02.254000,11728,11729,11728,2
2020-07-02,15:00:02.257000,11728,11729,11729,1
2020-07-02,15:00:02.285000,11728,11729,11728,6
2020-07-02,15:00:02.285000,11728,11729,11728,19
2020-07-02,15:00:02.285000,11728,11729,11728,1
2020-07-02,15:00:02.327000,11728,11729,11728,1
2020-07-02,15:00:02.383000,11727,11728,11727,1
2020-07-02,15:00:02.407000,11727,11728,11728,1
2020-07-02,15:00:02.472000,11727,11728,11729,1
2020-07-02,15:00:02.485000,11727,11728,11728,2
2020-07-02,15:00:02.486000,11727,11728,11728,2
2020-07-02,15:00:02.513000,11728,11729,11727,2
2020-07-02,15:00:02.543000,11728,11729,11729,1
2020-07-02,15:00:02.559000,11728,11729,11729,1
2020-07-02,15:00:02.890000,11728,11729,11728,1
2020-07-02,15:00:02.930000,11728,11729,11728,1
2020-07-02,15:00:03.262000,11728,11729,11728,1
2020-07-02,15:00:03.289000,11728,11729,11729,1
2020-07-02,15:00:03.356000,11728,11729,11729,1
2020-07-02,15:00:03.372000,11728,11729,11729,1
2020-07-02,15:00:03.645000,11728,11729,11729,2
2020-07-02,15:00:03.672000,11728,11729,11730,1
2020-07-02,15:00:03.759000,11728,11730,11728,11
2020-07-02,15:00:03.861000,11728,11730,11729,1
2020-07-02,15:00:03.985000,11727,11729,11729,1
2020-07-02,15:00:04.174000,11727,11729,11729,1
2020-07-02,15:00:04.623000,11727,11729,11727,1
2020-07-02,15:00:04.946000,11727,11729,11729,1
2020-07-02,15:00:05.352000,11728,11729,11728,1
2020-07-02,15:00:05.567000,11728,11729,11729,2
2020-07-02,15:00:05.665000,11729,11730,11729,1
2020-07-02,15:00:05.964000,11729,11730,11729,3
2020-07-02,15:00:06.322000,11729,11730,11730,1
2020-07-02,15:00:07.865000,11729,11730,11729,2
2020-07-02,15:00:09.218000,11729,11730,11730,1
2020-07-02,15:00:09.460000,11729,11730,11730,1
2020-07-02,15:00:09.629000,11729,11730,11730,2
2020-07-02,15:00:09.726000,11729,11730,11729,4
2020-07-02,15:00:10.190000,11729,11730,11730,1
2020-07-02,15:00:10.376000,11729,11730,11730,5
2020-07-02,15:00:10.893000,11729,11730,11730,8
2020-07-02,15:00:10.946000,11729,11730,11730,1
2020-07-02,15:00:12.553000,11730,11731,11731,1
2020-07-02,15:00:12.956000,11730,11731,11731,3
2020-07-02,15:00:13.377000,11730,11731,11730,11
2020-07-02,15:00:14.144000,11730,11731,11730,2
2020-07-02,15:00:14.165000,11730,11731,11730,1
2020-07-02,15:00:14.302000,11729,11731,11731,1
2020-07-02,15:00:14.541000,11729,11730,11729,1
2020-07-02,15:00:14.775000,11729,11730,11730,1
2020-07-02,15:00:15.104000,11729,11731,11730,1
2020-07-02,15:00:15.146000,11729,11730,11730,1
2020-07-02,15:00:15.149000,11729,11730,11729,2
2020-07-02,15:00:15.377000,11729,11730,11729,1
2020-07-02,15:00:15.817000,11729,11730,11730,1
2020-07-02,15:00:15.855000,11729,11730,11730,1
2020-07-02,15:00:15.945000,11729,11730,11729,2
2020-07-02,15:00:16.002000,11729,11730,11729,8
2020-07-02,15:00:16.506000,11728,11729,11728,1
2020-07-02,15:00:16.538000,11728,11729,11729,1
2020-07-02,15:00:16.666000,11728,11729,11729,1
2020-07-02,15:00:16.992000,11728,11729,11728,1
2020-07-02,15:00:17.117000,11727,11728,11727,17
2020-07-02,15:00:17.230000,11727,11728,11727,1
2020-07-02,15:00:17.625000,11726,11728,11728,6
2020-07-02,15:00:17.642000,11726,11728,11728,1
2020-07-02,15:00:17.717000,11726,11728,11728,2
2020-07-02,15:00:18.742000,11726,11727,11726,4
2020-07-02,15:00:19.136000,11725,11727,11725,1
2020-07-02,15:00:19.153000,11725,11727,11725,1
2020-07-02,15:00:19.303000,11725,11726,11725,1
2020-07-02,15:00:19.935000,11725,11726,11725,1
2020-07-02,15:00:20.181000,11725,11726,11725,1
2020-07-02,15:00:20.514000,11725,11726,11725,13
2020-07-02,15:00:21.578000,11724,11725,11725,1
2020-07-02,15:00:22.992000,11724,11725,11724,2
2020-07-02,15:00:23.123000,11724,11725,11724,3
2020-07-02,15:00:23.283000,11724,11725,11725,1
2020-07-02,15:00:23.315000,11724,11725,11724,3
2020-07-02,15:00:24.242000,11724,11725,11725,5
2020-07-02,15:00:24.367000,11724,11725,11725,3
2020-07-02,15:00:24.449000,11724,11725,11726,2
2020-07-02,15:00:25.167000,11724,11726,11724,1
2020-07-02,15:00:25.673000,11724,11725,11725,1
2020-07-02,15:00:25.885000,11725,11726,11725,1
2020-07-02,15:00:26.400000,11725,11726,11725,1
2020-07-02,15:00:27.001000,11725,11726,11725,1
2020-07-02,15:00:27.172000,11725,11726,11725,1
2020-07-02,15:00:27.439000,11725,11726,11725,1
2020-07-02,15:00:27.604000,11725,11726,11725,1
2020-07-02,15:00:27.683000,11725,11726,11725,1
2020-07-02,15:00:27.899000,11724,11726,11726,1
2020-07-02,15:00:28.296000,11724,11725,11724,1
2020-07-02,15:00:28.733000,11724,11725,11724,1
2020-07-02,15:00:28.778000,11724,11725,11725,4
2020-07-02,15:00:29.139000,11725,11726,11726,1
2020-07-02,15:00:29.402000,11725,11726,11725,1
2020-07-02,15:00:30.251000,11725,11726,11726,2
2020-07-02,15:00:32.010000,11726,11727,11726,1
2020-07-02,15:00:32.547000,11726,11727,11727,1
2020-07-02,15:00:32.547000,11726,11727,11728,2
2020-07-02,15:00:32.659000,11726,11728,11726,1
2020-07-02,15:00:32.764000,11726,11728,11726,1
2020-07-02,15:00:33.462000,11726,11728,11726,1
2020-07-02,15:00:34.012000,11727,11728,11727,1
2020-07-02,15:00:34.864000,11727,11728,11727,1
2020-07-02,15:00:35.076000,11727,11728,11728,1
2020-07-02,15:00:35.709000,11727,11728,11727,1
2020-07-02,15:00:37.921000,11727,11728,11728,3
2020-07-02,15:00:37.921000,11727,11728,11729,12
2020-07-02,15:00:37.921000,11727,11728,11730,4
2020-07-02,15:00:38.207000,11728,11730,11728,1
2020-07-02,15:00:38.267000,11727,11728,11727,1
2020-07-02,15:00:38.654000,11727,11728,11728,1
2020-07-02,15:00:38.747000,11727,11729,11727,1
2020-07-02,15:00:38.912000,11727,11729,11727,1
2020-07-02,15:00:41.503000,11727,11728,11727,1
2020-07-02,15:00:42.828000,11727,11728,11727,1
2020-07-02,15:00:43.408000,11727,11728,11728,1
2020-07-02,15:00:43.440000,11727,11728,11727,2
2020-07-02,15:00:43.844000,11727,11728,11727,1
2020-07-02,15:00:44.829000,11727,11728,11727,2
2020-07-02,15:00:45.843000,11727,11728,11728,1
2020-07-02,15:00:48.064000,11727,11728,11727,1
2020-07-02,15:00:50.177000,11727,11728,11727,1
2020-07-02,15:00:50.577000,11727,11728,11728,1
2020-07-02,15:00:51.298000,11727,11728,11727,1
2020-07-02,15:00:51.582000,11727,11728,11727,2
2020-07-02,15:00:51.871000,11727,11728,11728,1
2020-07-02,15:00:54.331000,11727,11728,11728,3
2020-07-02,15:00:54.332000,11727,11728,11728,6
2020-07-02,15:00:54.510000,11728,11729,11728,1
2020-07-02,15:00:55.315000,11728,11729,11728,1
2020-07-02,15:00:57.672000,11728,11729,11728,2
2020-07-02,15:00:58.392000,11727,11729,11729,6
2020-07-02,15:00:59.046000,11727,11729,11729,2
2020-07-02,15:01:00.079000,11728,11729,11727,1
2020-07-02,15:01:00.088000,11728,11729,11727,1
2020-07-02,15:01:00.094000,11728,11729,11729,1
2020-07-02,15:01:00.234000,11727,11729,11727,1
2020-07-02,15:01:00.281000,11727,11729,11727,12
2020-07-02,15:01:00.281000,11727,11729,11726,18
2020-07-02,15:01:00.464000,11726,11727,11728,1
2020-07-02,15:01:00.682000,11726,11728,11726,6
2020-07-02,15:01:00.702000,11726,11728,11726,4
2020-07-02,15:01:00.739000,11726,11728,11727,1
2020-07-02,15:01:00.742000,11726,11727,11726,1
2020-07-02,15:01:00.820000,11726,11727,11727,4
2020-07-02,15:01:00.981000,11726,11728,11726,2
2020-07-02,15:01:02.256000,11726,11727,11727,6
2020-07-02,15:01:03.274000,11727,11728,11728,1
2020-07-02,15:01:03.372000,11727,11728,11728,2
2020-07-02,15:01:03.373000,11727,11728,11728,2
2020-07-02,15:01:03.373000,11727,11728,11727,1
2020-07-02,15:01:03.375000,11727,11728,11727,1
2020-07-02,15:01:03.375000,11727,11728,11726,1
2020-07-02,15:01:03.376000,11727,11728,11726,2
2020-07-02,15:01:03.448000,11727,11728,11727,1
2020-07-02,15:01:03.874000,11726,11727,11727,2
2020-07-02,15:01:05.163000,11726,11728,11726,1
2020-07-02,15:01:05.225000,11726,11728,11728,15
2020-07-02,15:01:05.225000,11726,11728,11729,1
2020-07-02,15:01:09.564000,11727,11728,11727,9
2020-07-02,15:01:10.371000,11727,11728,11728,1
2020-07-02,15:01:10.452000,11727,11728,11728,1
2020-07-02,15:01:14.376000,11727,11728,11728,10
2020-07-02,15:01:14.582000,11727,11728,11728,7
2020-07-02,15:01:14.844000,11728,11729,11729,10
2020-07-02,15:01:15.344000,11727,11729,11729,2
2020-07-02,15:01:16.373000,11728,11729,11729,10
2020-07-02,15:01:17.397000,11729,11730,11729,1
2020-07-02,15:01:17.739000,11728,11730,11730,2
2020-07-02,15:01:18.337000,11728,11730,11728,1
2020-07-02,15:01:20.480000,11729,11730,11730,1
2020-07-02,15:01:20.922000,11729,11730,11729,1
2020-07-02,15:01:21.534000,11729,11730,11730,1
2020-07-02,15:01:21.752000,11729,11730,11730,1
2020-07-02,15:01:22.228000,11729,11730,11730,2
2020-07-02,15:01:24.470000,11729,11730,11729,1
2020-07-02,15:01:24.503000,11729,11730,11729,1
2020-07-02,15:01:25.639000,11729,11730,11729,1
2020-07-02,15:01:25.742000,11729,11730,11729,1
2020-07-02,15:01:26.571000,11728,11730,11730,10
2020-07-02,15:01:28.440000,11729,11730,11729,1
2020-07-02,15:01:28.558000,11729,11730,11729,1
2020-07-02,15:01:28.997000,11729,11730,11730,15
2020-07-02,15:01:29.056000,11729,11730,11730,1
2020-07-02,15:01:29.256000,11729,11730,11730,1
2020-07-02,15:01:30.395000,11729,11730,11730,1
2020-07-02,15:01:30.403000,11729,11730,11731,1
2020-07-02,15:01:30.439000,11729,11730,11731,1
2020-07-02,15:01:30.495000,11729,11731,11731,1
2020-07-02,15:01:30.523000,11729,11731,11731,1
2020-07-02,15:01:30.548000,11729,11731,11731,1
2020-07-02,15:01:30.972000,11729,11731,11729,5
2020-07-02,15:01:30.980000,11729,11731,11731,4
2020-07-02,15:01:31.060000,11729,11731,11729,2
2020-07-02,15:01:31.309000,11729,11731,11731,1
2020-07-02,15:01:31.876000,11730,11731,11730,3
2020-07-02,15:01:32.073000,11729,11730,11730,4
2020-07-02,15:01:34.206000,11729,11730,11730,1
2020-07-02,15:01:34.832000,11729,11730,11730,2
2020-07-02,15:01:34.868000,11729,11730,11730,1
2020-07-02,15:01:36.807000,11729,11731,11730,1
2020-07-02,15:01:38.974000,11729,11730,11730,1
2020-07-02,15:01:39.650000,11729,11730,11729,4
2020-07-02,15:01:40.417000,11729,11730,11730,1
2020-07-02,15:01:41.650000,11729,11730,11730,2
2020-07-02,15:01:42.796000,11729,11730,11730,3
2020-07-02,15:01:42.815000,11729,11730,11729,4
2020-07-02,15:01:42.815000,11729,11730,11729,3
2020-07-02,15:01:42.816000,11729,11730,11729,1
2020-07-02,15:01:44.822000,11729,11730,11729,2
2020-07-02,15:01:47.860000,11729,11730,11730,5
2020-07-02,15:01:49.108000,11729,11730,11729,4
2020-07-02,15:01:49.822000,11729,11730,11729,1
2020-07-02,15:01:55.258000,11728,11729,11729,8
2020-07-02,15:01:55.258000,11728,11729,11730,12
2020-07-02,15:01:58.809000,11728,11730,11730,1
2020-07-02,15:01:59.565000,11729,11730,11728,1
2020-07-02,15:02:00.079000,11728,11729,11728,1
2020-07-02,15:02:00.257000,11728,11729,11729,10
2020-07-02,15:02:00.257000,11728,11729,11730,8
2020-07-02,15:02:00.379000,11728,11729,11729,1
2020-07-02,15:02:00.549000,11728,11730,11730,1
2020-07-02,15:02:02.058000,11728,11729,11728,3
2020-07-02,15:02:02.160000,11728,11729,11729,5
2020-07-02,15:02:06.554000,11728,11729,11729,2
2020-07-02,15:02:09.074000,11728,11729,11728,1
2020-07-02,15:02:10.104000,11728,11729,11729,1
2020-07-02,15:02:10.372000,11728,11729,11728,1
2020-07-02,15:02:13.489000,11728,11729,11728,1
2020-07-02,15:02:14.595000,11728,11729,11728,2
2020-07-02,15:02:16.601000,11728,11729,11729,1
2020-07-02,15:02:16.972000,11728,11729,11729,3
2020-07-02,15:02:17.369000,11728,11729,11729,4
2020-07-02,15:02:17.582000,11729,11730,11729,1
2020-07-02,15:02:19.450000,11729,11730,11729,1
2020-07-02,15:02:20.747000,11729,11730,11729,1
2020-07-02,15:02:24.116000,11728,11729,11728,1
2020-07-02,15:02:26.280000,11728,11729,11728,3
2020-07-02,15:02:27.434000,11728,11729,11728,1
2020-07-02,15:02:27.434000,11728,11729,11728,10
2020-07-02,15:02:28.367000,11728,11729,11728,1
2020-07-02,15:02:35.823000,11727,11728,11728,1
2020-07-02,15:02:35.885000,11727,11728,11728,1
2020-07-02,15:02:37.256000,11727,11728,11727,1
2020-07-02,15:02:39.793000,11727,11728,11728,1
2020-07-02,15:02:40.260000,11727,11728,11727,1
2020-07-02,15:02:42.629000,11727,11728,11727,1
2020-07-02,15:02:42.751000,11727,11728,11727,1
2020-07-02,15:02:42.751000,11727,11728,11727,13
2020-07-02,15:02:42.752000,11727,11728,11727,2
2020-07-02,15:02:43.176000,11726,11727,11726,1
2020-07-02,15:02:44.075000,11726,11727,11726,1
2020-07-02,15:02:44.543000,11726,11727,11727,1
2020-07-02,15:02:47.838000,11726,11727,11727,1
2020-07-02,15:02:50.941000,11726,11727,11727,3
2020-07-02,15:02:51.746000,11727,11728,11727,1
2020-07-02,15:02:52.412000,11726,11728,11726,2
2020-07-02,15:02:55.101000,11726,11727,11727,1
2020-07-02,15:02:56.662000,11727,11728,11727,1
2020-07-02,15:02:58.200000,11727,11728,11728,11
2020-07-02,15:02:58.361000,11728,11729,11729,1
2020-07-02,15:02:58.406000,11728,11729,11728,9
2020-07-02,15:02:59.891000,11728,11729,11728,2
2020-07-02,15:03:00.031000,11728,11729,11729,2
2020-07-02,15:03:00.542000,11728,11729,11729,1
2020-07-02,15:03:00.551000,11728,11729,11729,1
2020-07-02,15:03:00.592000,11728,11729,11729,2
2020-07-02,15:03:00.592000,11728,11729,11729,17
2020-07-02,15:03:00.592000,11728,11729,11729,5
2020-07-02,15:03:00.969000,11729,11730,11729,1
2020-07-02,15:03:01.359000,11728,11730,11729,1
2020-07-02,15:03:02.340000,11729,11730,11730,2
2020-07-02,15:03:02.576000,11729,11730,11729,2
2020-07-02,15:03:02.609000,11729,11730,11729,2
2020-07-02,15:03:06.014000,11729,11730,11729,1
2020-07-02,15:03:09.195000,11729,11730,11730,2
2020-07-02,15:03:10.765000,11729,11730,11730,1
2020-07-02,15:03:13.212000,11729,11730,11730,5
2020-07-02,15:03:15.330000,11729,11730,11730,10
2020-07-02,15:03:17.340000,11729,11730,11730,3
2020-07-02,15:03:17.515000,11729,11730,11730,1
2020-07-02,15:03:17.938000,11729,11730,11730,1
2020-07-02,15:03:18.113000,11729,11730,11729,1
2020-07-02,15:03:18.396000,11729,11730,11729,1
2020-07-02,15:03:18.790000,11729,11730,11730,1
2020-07-02,15:03:18.834000,11729,11730,11730,1
2020-07-02,15:03:20.038000,11729,11730,11730,7
2020-07-02,15:03:20.816000,11729,11730,11730,1
2020-07-02,15:03:21.773000,11729,11730,11730,2
2020-07-02,15:03:21.877000,11729,11730,11730,1
2020-07-02,15:03:22.085000,11729,11730,11730,1
2020-07-02,15:03:23.254000,11729,11730,11730,1
2020-07-02,15:03:24.167000,11730,11731,11730,1
2020-07-02,15:03:26.367000,11730,11731,11731,10
2020-07-02,15:03:27.572000,11730,11732,11731,1
2020-07-02,15:03:27.609000,11730,11732,11730,1
2020-07-02,15:03:28.353000,11730,11731,11731,1
2020-07-02,15:03:30.361000,11730,11731,11731,2
2020-07-02,15:03:31.944000,11730,11731,11731,1
2020-07-02,15:03:32.333000,11731,11732,11731,1
2020-07-02,15:03:33.468000,11730,11731,11731,2
2020-07-02,15:03:34.687000,11730,11731,11730,12
2020-07-02,15:03:34.687000,11730,11731,11730,3
2020-07-02,15:03:34.687000,11730,11731,11730,7
2020-07-02,15:03:34.998000,11729,11730,11730,5
2020-07-02,15:03:39.592000,11729,11730,11730,10
2020-07-02,15:03:41.008000,11729,11730,11730,1
2020-07-02,15:03:41.362000,11729,11730,11729,1
2020-07-02,15:03:42.239000,11729,11730,11730,1
2020-07-02,15:03:44.630000,11729,11730,11730,2
2020-07-02,15:03:51.941000,11729,11730,11730,1
2020-07-02,15:03:52.682000,11729,11730,11729,4
2020-07-02,15:03:57.503000,11729,11730,11729,1
2020-07-02,15:03:59.551000,11729,11730,11729,1
2020-07-02,15:04:00.572000,11729,11730,11730,2
2020-07-02,15:04:01.413000,11729,11730,11730,1
2020-07-02,15:04:01.809000,11729,11730,11729,1
2020-07-02,15:04:02.791000,11729,11730,11729,1
2020-07-02,15:04:04.626000,11729,11730,11729,1
2020-07-02,15:04:06.157000,11729,11730,11730,1
2020-07-02,15:04:11.593000,11729,11730,11729,1
2020-07-02,15:04:11.967000,11729,11730,11729,1
2020-07-02,15:04:16.336000,11729,11730,11729,10
2020-07-02,15:04:16.378000,11729,11730,11729,6
2020-07-02,15:04:16.379000,11729,11730,11729,2
2020-07-02,15:04:18.134000,11729,11730,11730,5
2020-07-02,15:04:18.467000,11729,11730,11729,1
2020-07-02,15:04:18.854000,11729,11730,11729,1
2020-07-02,15:04:21.518000,11729,11730,11730,6
2020-07-02,15:04:21.518000,11729,11730,11730,1
2020-07-02,15:04:21.518000,11729,11730,11730,1
2020-07-02,15:04:21.518000,11729,11730,11730,7
2020-07-02,15:04:25.126000,11730,11731,11730,3
2020-07-02,15:04:28.656000,11729,11730,11729,2
2020-07-02,15:04:28.656000,11729,11730,11729,1
2020-07-02,15:04:30.177000,11728,11730,11730,1
2020-07-02,15:04:31.291000,11728,11730,11728,1
2020-07-02,15:04:33.899000,11728,11729,11729,1
2020-07-02,15:04:35.111000,11728,11729,11728,3
2020-07-02,15:04:35.405000,11728,11729,11728,3
2020-07-02,15:04:35.406000,11728,11729,11728,4
2020-07-02,15:04:35.409000,11728,11729,11727,3
2020-07-02,15:04:37.862000,11727,11728,11727,1
2020-07-02,15:04:41.151000,11727,11728,11728,2
2020-07-02,15:04:43.631000,11727,11728,11727,1
2020-07-02,15:04:47.134000,11727,11728,11727,1
2020-07-02,15:04:48.420000,11727,11728,11728,1
2020-07-02,15:04:50.117000,11728,11729,11728,4
2020-07-02,15:04:52.766000,11727,11728,11727,5
2020-07-02,15:04:54.352000,11727,11728,11728,1
2020-07-02,15:04:55.711000,11727,11728,11728,2
2020-07-02,15:04:57.014000,11728,11729,11728,1
2020-07-02,15:04:57.998000,11727,11728,11728,1
2020-07-02,15:05:01.334000,11727,11728,11728,1
2020-07-02,15:05:02.479000,11727,11728,11728,4
2020-07-02,15:05:03.120000,11727,11728,11727,2
2020-07-02,15:05:03.120000,11727,11728,11727,7
2020-07-02,15:05:03.158000,11727,11728,11727,1
2020-07-02,15:05:03.451000,11726,11727,11727,1
2020-07-02,15:05:05.336000,11726,11727,11727,1
2020-07-02,15:05:05.336000,11726,11727,11727,1
2020-07-02,15:05:05.336000,11726,11727,11727,1
2020-07-02,15:05:05.336000,11726,11727,11727,1
2020-07-02,15:05:05.422000,11726,11727,11727,1
2020-07-02,15:05:05.889000,11726,11727,11726,1
2020-07-02,15:05:06.110000,11726,11727,11726,3
2020-07-02,15:05:11.961000,11726,11727,11726,1
2020-07-02,15:05:12.967000,11726,11727,11726,12
2020-07-02,15:05:13.360000,11726,11727,11726,1
2020-07-02,15:05:13.773000,11726,11727,11727,1
2020-07-02,15:05:14.199000,11726,11727,11726,1
2020-07-02,15:05:14.303000,11726,11727,11726,2
2020-07-02,15:05:14.335000,11726,11727,11726,1
2020-07-02,15:05:15.364000,11726,11727,11726,1
2020-07-02,15:05:16.030000,11726,11727,11727,1
2020-07-02,15:05:16.030000,11726,11727,11727,3
2020-07-02,15:05:16.236000,11726,11728,11726,1
2020-07-02,15:05:23.161000,11726,11727,11727,3
2020-07-02,15:05:23.161000,11726,11727,11727,1
2020-07-02,15:05:23.599000,11727,11728,11727,1
2020-07-02,15:05:25.928000,11727,11728,11727,1
2020-07-02,15:05:26.250000,11727,11728,11727,2
2020-07-02,15:05:27.324000,11727,11728,11727,1
2020-07-02,15:05:28.816000,11727,11728,11728,7
2020-07-02,15:05:29.171000,11727,11728,11727,10
2020-07-02,15:05:29.708000,11727,11728,11727,2
2020-07-02,15:05:31.583000,11727,11728,11727,1
2020-07-02,15:05:32.949000,11727,11728,11728,2
2020-07-02,15:05:33.186000,11727,11728,11728,1
2020-07-02,15:05:33.767000,11727,11728,11728,2
2020-07-02,15:05:45.664000,11728,11729,11729,1
2020-07-02,15:05:47.574000,11728,11729,11728,4
2020-07-02,15:05:48.270000,11727,11729,11727,1
2020-07-02,15:05:50.336000,11728,11729,11728,1
2020-07-02,15:05:55.499000,11728,11729,11728,1
2020-07-02,15:05:56.903000,11728,11729,11728,1
2020-07-02,15:05:58.837000,11728,11729,11728,1
2020-07-02,15:06:00.095000,11727,11729,11729,1
2020-07-02,15:06:00.101000,11727,11729,11729,1
2020-07-02,15:06:01.626000,11727,11729,11727,2
2020-07-02,15:06:09.324000,11727,11728,11728,1
2020-07-02,15:06:13.224000,11727,11728,11727,1
2020-07-02,15:06:13.790000,11727,11728,11727,3
2020-07-02,15:06:14.200000,11727,11728,11727,2
2020-07-02,15:06:14.461000,11726,11727,11727,1
2020-07-02,15:06:17.080000,11727,11728,11728,9
2020-07-02,15:06:19.017000,11728,11729,11728,1
2020-07-02,15:06:19.339000,11727,11729,11727,1
2020-07-02,15:06:20.200000,11727,11729,11727,1
2020-07-02,15:06:22.082000,11728,11729,11728,2
2020-07-02,15:06:26.188000,11728,11729,11728,5
2020-07-02,15:06:27.719000,11728,11729,11728,2
2020-07-02,15:06:31.305000,11728,11729,11729,13
2020-07-02,15:06:33.977000,11729,11730,11729,1
2020-07-02,15:06:34.148000,11729,11730,11730,3
2020-07-02,15:06:36.230000,11729,11730,11730,9
2020-07-02,15:06:38.067000,11730,11731,11730,1
2020-07-02,15:06:38.177000,11730,11731,11731,1
2020-07-02,15:06:38.847000,11730,11731,11731,1
2020-07-02,15:06:39.863000,11730,11731,11731,1
2020-07-02,15:06:39.957000,11730,11731,11731,1
2020-07-02,15:06:41.179000,11730,11731,11731,2
2020-07-02,15:06:42.200000,11730,11731,11731,2
2020-07-02,15:06:43.646000,11730,11731,11731,1
2020-07-02,15:06:43.792000,11730,11731,11731,1
2020-07-02,15:06:45.579000,11730,11731,11731,1
2020-07-02,15:06:45.806000,11730,11731,11731,1
2020-07-02,15:06:46.101000,11730,11731,11731,1
2020-07-02,15:06:47.134000,11730,11731,11730,1
2020-07-02,15:06:48.287000,11730,11731,11731,1
2020-07-02,15:06:55.312000,11730,11731,11730,1
2020-07-02,15:07:00.257000,11730,11731,11731,2
2020-07-02,15:07:00.259000,11730,11731,11731,4
2020-07-02,15:07:00.708000,11731,11732,11731,1
2020-07-02,15:07:01.097000,11731,11732,11732,1
2020-07-02,15:07:01.196000,11731,11732,11732,1
2020-07-02,15:07:01.240000,11731,11732,11732,1
2020-07-02,15:07:02.335000,11731,11732,11732,25
2020-07-02,15:07:02.406000,11732,11733,11733,1
2020-07-02,15:07:02.530000,11732,11733,11733,2
2020-07-02,15:07:02.534000,11732,11733,11733,4
2020-07-02,15:07:02.580000,11732,11733,11733,1
2020-07-02,15:07:02.752000,11732,11733,11733,2
2020-07-02,15:07:02.833000,11732,11733,11733,1
2020-07-02,15:07:02.867000,11732,11733,11733,2
2020-07-02,15:07:02.919000,11732,11733,11733,1
2020-07-02,15:07:02.975000,11732,11733,11734,1
2020-07-02,15:07:03.020000,11733,11734,11734,1
2020-07-02,15:07:03.037000,11733,11734,11733,4
2020-07-02,15:07:03.139000,11733,11734,11734,1
2020-07-02,15:07:03.195000,11733,11734,11734,1
2020-07-02,15:07:03.305000,11733,11734,11734,1
2020-07-02,15:07:03.323000,11733,11734,11734,1
2020-07-02,15:07:03.376000,11733,11734,11733,2
2020-07-02,15:07:03.507000,11733,11734,11734,2
2020-07-02,15:07:03.786000,11733,11734,11734,3
2020-07-02,15:07:03.786000,11733,11734,11735,5
2020-07-02,15:07:03.825000,11733,11734,11734,3
2020-07-02,15:07:03.825000,11733,11734,11733,6
2020-07-02,15:07:03.852000,11733,11734,11734,1
2020-07-02,15:07:04.005000,11733,11735,11735,1
2020-07-02,15:07:04.170000,11733,11735,11733,1
2020-07-02,15:07:05.318000,11734,11735,11735,2
2020-07-02,15:07:05.391000,11734,11735,11735,1
2020-07-02,15:07:05.604000,11734,11735,11735,1
2020-07-02,15:07:05.729000,11734,11735,11734,3
2020-07-02,15:07:05.729000,11734,11735,11733,9
2020-07-02,15:07:07.257000,11733,11734,11734,1
2020-07-02,15:07:07.724000,11733,11734,11733,1
2020-07-02,15:07:07.745000,11733,11734,11734,2
2020-07-02,15:07:09.354000,11733,11734,11734,2
2020-07-02,15:07:09.925000,11733,11734,11734,2
2020-07-02,15:07:10.235000,11733,11734,11734,2
2020-07-02,15:07:10.321000,11733,11735,11735,2
2020-07-02,15:07:10.375000,11733,11735,11733,1
2020-07-02,15:07:10.675000,11733,11735,11734,1
2020-07-02,15:07:11.446000,11734,11735,11735,1
2020-07-02,15:07:11.905000,11734,11735,11734,1
2020-07-02,15:07:12.398000,11734,11735,11735,1
2020-07-02,15:07:13.173000,11734,11735,11734,1
2020-07-02,15:07:13.398000,11734,11735,11734,1
2020-07-02,15:07:13.510000,11734,11735,11734,1
2020-07-02,15:07:13.867000,11734,11735,11734,3
2020-07-02,15:07:13.970000,11734,11735,11735,2
2020-07-02,15:07:14.532000,11734,11735,11734,1
2020-07-02,15:07:14.843000,11734,11735,11735,1
2020-07-02,15:07:15.183000,11734,11735,11735,1
2020-07-02,15:07:15.850000,11734,11735,11734,1
2020-07-02,15:07:16.647000,11734,11735,11735,1
2020-07-02,15:07:16.782000,11734,11735,11735,2
2020-07-02,15:07:16.893000,11734,11735,11734,1
2020-07-02,15:07:16.897000,11734,11735,11734,1
2020-07-02,15:07:17.746000,11734,11735,11735,10
2020-07-02,15:07:18.096000,11734,11735,11735,1
2020-07-02,15:07:18.825000,11734,11735,11734,2
2020-07-02,15:07:18.826000,11734,11735,11734,1
2020-07-02,15:07:19.481000,11733,11734,11733,2
2020-07-02,15:07:20.518000,11733,11734,11734,1
2020-07-02,15:07:20.899000,11733,11734,11733,3
2020-07-02,15:07:26.403000,11733,11734,11733,6
2020-07-02,15:07:26.403000,11733,11734,11733,1
2020-07-02,15:07:28.947000,11732,11733,11733,1
2020-07-02,15:07:29.455000,11732,11733,11733,2
2020-07-02,15:07:30.867000,11733,11734,11734,2
2020-07-02,15:07:30.878000,11733,11734,11734,3
2020-07-02,15:07:33.490000,11733,11735,11733,2
2020-07-02,15:07:33.640000,11733,11735,11733,1
2020-07-02,15:07:36.803000,11733,11734,11734,1
2020-07-02,15:07:38.948000,11733,11734,11734,1
2020-07-02,15:07:39.044000,11733,11734,11733,2
2020-07-02,15:07:40.971000,11733,11734,11733,1
2020-07-02,15:07:41.984000,11733,11734,11733,5
2020-07-02,15:07:43.653000,11733,11734,11733,1
2020-07-02,15:07:43.768000,11733,11734,11733,1
2020-07-02,15:07:47.329000,11733,11734,11734,1
2020-07-02,15:07:49.610000,11733,11734,11734,1
2020-07-02,15:07:50.672000,11733,11734,11733,1
2020-07-02,15:07:50.763000,11733,11734,11733,1
2020-07-02,15:07:52.713000,11733,11734,11733,1
2020-07-02,15:07:52.800000,11733,11734,11734,1
2020-07-02,15:08:00.238000,11733,11734,11734,4
2020-07-02,15:08:00.699000,11733,11734,11734,1
2020-07-02,15:08:01.453000,11733,11734,11734,3
2020-07-02,15:08:02.317000,11733,11734,11734,1
2020-07-02,15:08:05.300000,11733,11734,11734,2
2020-07-02,15:08:05.821000,11733,11734,11733,3
2020-07-02,15:08:05.821000,11733,11734,11733,2
2020-07-02,15:08:06.179000,11732,11733,11733,1
2020-07-02,15:08:07.575000,11732,11733,11733,1
2020-07-02,15:08:08.504000,11732,11733,11732,1
2020-07-02,15:08:08.504000,11732,11733,11732,5
2020-07-02,15:08:08.504000,11732,11733,11732,3
2020-07-02,15:08:08.882000,11731,11732,11731,1
2020-07-02,15:08:11.965000,11730,11731,11730,1
2020-07-02,15:08:16.384000,11730,11731,11731,1
2020-07-02,15:08:17.301000,11730,11731,11730,7
2020-07-02,15:08:18.916000,11730,11731,11731,1
2020-07-02,15:08:19.332000,11730,11731,11731,2
2020-07-02,15:08:25.395000,11730,11731,11731,11
2020-07-02,15:08:25.481000,11730,11731,11731,1
2020-07-02,15:08:27.928000,11731,11732,11732,6
2020-07-02,15:08:27.928000,11731,11732,11732,4
2020-07-02,15:08:28.215000,11732,11733,11732,1
2020-07-02,15:08:30.833000,11731,11732,11731,1
2020-07-02,15:08:34.062000,11731,11732,11731,2
2020-07-02,15:08:38.957000,11731,11732,11732,1
2020-07-02,15:08:39.822000,11731,11732,11731,1
2020-07-02,15:08:41.809000,11731,11732,11732,1
2020-07-02,15:08:42.192000,11731,11732,11731,4
2020-07-02,15:08:42.517000,11731,11732,11732,1
2020-07-02,15:08:42.525000,11731,11732,11732,1
2020-07-02,15:08:45.031000,11731,11732,11732,3
2020-07-02,15:08:45.031000,11731,11732,11732,9
2020-07-02,15:08:48.493000,11733,11734,11733,1
2020-07-02,15:08:50.570000,11733,11734,11733,1
2020-07-02,15:08:52.032000,11733,11734,11734,1
2020-07-02,15:08:52.370000,11733,11735,11735,4
2020-07-02,15:08:52.643000,11733,11735,11733,1
2020-07-02,15:08:53.851000,11733,11735,11733,2
2020-07-02,15:08:55.526000,11733,11735,11735,2
2020-07-02,15:08:56.573000,11733,11734,11734,1
2020-07-02,15:08:56.598000,11733,11734,11734,1
2020-07-02,15:08:57.215000,11733,11734,11734,1
2020-07-02,15:08:57.462000,11733,11734,11733,1
2020-07-02,15:08:57.621000,11732,11733,11733,2
2020-07-02,15:08:59.103000,11732,11734,11732,12
2020-07-02,15:08:59.103000,11732,11734,11731,6
2020-07-02,15:09:03.425000,11731,11733,11733,2
2020-07-02,15:09:04.033000,11732,11734,11734,1
2020-07-02,15:09:04.317000,11732,11734,11734,1
2020-07-02,15:09:05.702000,11732,11734,11734,9
2020-07-02,15:09:05.809000,11733,11734,11733,1
2020-07-02,15:09:08.157000,11733,11734,11734,1
2020-07-02,15:09:08.954000,11733,11734,11733,1
2020-07-02,15:09:09.981000,11733,11734,11734,8
2020-07-02,15:09:10.627000,11733,11734,11733,1
2020-07-02,15:09:18.729000,11733,11734,11734,4
2020-07-02,15:09:19.844000,11734,11735,11734,1
2020-07-02,15:09:21.277000,11734,11735,11735,8
2020-07-02,15:09:21.278000,11734,11735,11735,16
2020-07-02,15:09:21.789000,11735,11736,11735,4
2020-07-02,15:09:21.789000,11735,11736,11734,6
2020-07-02,15:09:22.142000,11734,11736,11734,1
2020-07-02,15:09:22.233000,11734,11736,11734,1
2020-07-02,15:09:23.138000,11735,11736,11736,20
2020-07-02,15:09:23.486000,11736,11737,11737,5
2020-07-02,15:09:23.621000,11736,11737,11736,2
2020-07-02,15:09:23.650000,11736,11737,11736,2
2020-07-02,15:09:23.679000,11736,11737,11736,1
2020-07-02,15:09:23.689000,11736,11737,11737,9
2020-07-02,15:09:23.692000,11736,11737,11736,1
2020-07-02,15:09:23.721000,11736,11737,11738,1
2020-07-02,15:09:23.750000,11736,11738,11736,1
2020-07-02,15:09:23.752000,11736,11738,11736,1
2020-07-02,15:09:23.871000,11736,11738,11736,2
2020-07-02,15:09:23.887000,11736,11738,11738,3
2020-07-02,15:09:23.905000,11736,11738,11736,1
2020-07-02,15:09:23.927000,11736,11738,11736,2
2020-07-02,15:09:23.943000,11736,11738,11738,1
2020-07-02,15:09:23.960000,11736,11738,11738,2
2020-07-02,15:09:24.034000,11736,11738,11738,2
2020-07-02,15:09:24.346000,11737,11738,11738,10
2020-07-02,15:09:24.529000,11737,11739,11737,1
2020-07-02,15:09:24.645000,11737,11739,11738,1
2020-07-02,15:09:24.896000,11737,11739,11738,1
2020-07-02,15:09:25.185000,11738,11739,11739,4
2020-07-02,15:09:25.599000,11738,11739,11738,10
2020-07-02,15:09:25.626000,11738,11739,11738,1
2020-07-02,15:09:25.626000,11738,11739,11737,1
2020-07-02,15:09:25.643000,11738,11739,11737,1
2020-07-02,15:09:25.644000,11738,11739,11737,3
2020-07-02,15:09:25.645000,11738,11739,11738,4
2020-07-02,15:09:25.647000,11738,11739,11737,3
2020-07-02,15:09:25.659000,11738,11739,11737,1
2020-07-02,15:09:25.677000,11738,11739,11737,1
2020-07-02,15:09:25.725000,11738,11739,11737,6
2020-07-02,15:09:26.487000,11737,11739,11737,1
2020-07-02,15:09:26.691000,11737,11739,11739,1
2020-07-02,15:09:26.769000,11738,11739,11739,1
2020-07-02,15:09:27.933000,11737,11739,11738,1
2020-07-02,15:09:30.434000,11737,11738,11738,3
2020-07-02,15:09:30.454000,11737,11738,11738,1
2020-07-02,15:09:30.454000,11737,11738,11739,1
2020-07-02,15:09:31.250000,11737,11738,11738,1
2020-07-02,15:09:31.250000,11737,11738,11739,1
2020-07-02,15:09:31.706000,11737,11739,11739,1
2020-07-02,15:09:32.537000,11738,11739,11739,1
2020-07-02,15:09:32.665000,11738,11739,11738,1
2020-07-02,15:09:33.116000,11737,11738,11738,1
2020-07-02,15:09:33.118000,11737,11738,11738,1
2020-07-02,15:09:35.143000,11738,11739,11738,1
2020-07-02,15:09:35.159000,11738,11739,11738,1
2020-07-02,15:09:35.378000,11738,11739,11738,5
2020-07-02,15:09:35.501000,11738,11739,11739,1
2020-07-02,15:09:35.623000,11738,11739,11738,1
2020-07-02,15:09:35.831000,11737,11739,11737,1
2020-07-02,15:09:36.030000,11737,11738,11738,2
2020-07-02,15:09:36.217000,11738,11739,11738,1
2020-07-02,15:09:37.305000,11737,11739,11737,1
2020-07-02,15:09:38.155000,11737,11738,11738,1
2020-07-02,15:09:39.252000,11737,11738,11738,1
2020-07-02,15:09:39.515000,11737,11738,11737,1
2020-07-02,15:09:39.846000,11737,11738,11738,4
2020-07-02,15:09:39.946000,11737,11738,11738,1
2020-07-02,15:09:40.039000,11736,11738,11738,1
2020-07-02,15:09:40.769000,11737,11738,11738,1
2020-07-02,15:09:41.026000,11737,11738,11738,1
2020-07-02,15:09:41.074000,11737,11738,11738,4
2020-07-02,15:09:42.096000,11738,11739,11739,6
2020-07-02,15:09:42.099000,11738,11739,11739,15
2020-07-02,15:09:42.845000,11739,11740,11740,1
2020-07-02,15:09:43.042000,11739,11740,11740,1
2020-07-02,15:09:43.074000,11739,11740,11739,1
2020-07-02,15:09:43.088000,11739,11740,11740,1
2020-07-02,15:09:43.169000,11739,11740,11740,1
2020-07-02,15:09:43.198000,11739,11740,11739,2
2020-07-02,15:09:43.200000,11739,11740,11739,1
2020-07-02,15:09:43.200000,11739,11740,11738,1
2020-07-02,15:09:43.538000,11738,11740,11740,1
2020-07-02,15:09:46.082000,11739,11740,11739,1
2020-07-02,15:09:46.217000,11739,11740,11740,2
2020-07-02,15:09:46.375000,11739,11740,11739,1
2020-07-02,15:09:46.432000,11739,11740,11739,3
2020-07-02,15:09:46.555000,11739,11740,11740,1
2020-07-02,15:09:46.694000,11739,11740,11740,20
2020-07-02,15:09:46.694000,11739,11740,11740,17
2020-07-02,15:09:46.695000,11739,11740,11740,3
2020-07-02,15:09:46.695000,11739,11740,11740,14
2020-07-02,15:09:46.695000,11739,11740,11740,2
2020-07-02,15:09:46.695000,11739,11740,11740,1
2020-07-02,15:09:46.695000,11739,11740,11740,4
2020-07-02,15:09:46.695000,11739,11740,11740,2
2020-07-02,15:09:46.695000,11739,11740,11740,1
2020-07-02,15:09:46.780000,11740,11741,11741,1
2020-07-02,15:09:46.988000,11740,11741,11741,2
2020-07-02,15:09:47.081000,11741,11742,11741,1
2020-07-02,15:09:47.316000,11740,11741,11740,1
2020-07-02,15:09:49.223000,11740,11742,11740,1
2020-07-02,15:09:50.222000,11741,11742,11742,4
2020-07-02,15:09:50.417000,11741,11742,11742,1
2020-07-02,15:09:50.433000,11741,11742,11741,1
2020-07-02,15:09:50.561000,11741,11742,11741,1
2020-07-02,15:09:50.578000,11741,11742,11741,1
2020-07-02,15:09:50.704000,11740,11742,11740,2
2020-07-02,15:09:50.751000,11740,11742,11740,2
2020-07-02,15:09:51.973000,11741,11742,11742,1
2020-07-02,15:09:53.309000,11741,11742,11741,2
2020-07-02,15:09:53.366000,11741,11742,11742,1
2020-07-02,15:09:53.920000,11741,11742,11741,3
2020-07-02,15:09:54.318000,11741,11742,11742,1
2020-07-02,15:09:55.525000,11741,11743,11741,5
2020-07-02,15:09:55.677000,11741,11742,11742,2
2020-07-02,15:09:55.831000,11741,11742,11742,2
2020-07-02,15:09:56.739000,11741,11742,11742,1
2020-07-02,15:09:56.756000,11741,11742,11742,4
2020-07-02,15:09:57.254000,11742,11743,11742,1
2020-07-02,15:09:57.619000,11742,11743,11742,1
2020-07-02,15:09:57.842000,11741,11742,11742,5
2020-07-02,15:09:58.847000,11741,11742,11742,1
2020-07-02,15:09:59.234000,11741,11742,11742,5
2020-07-02,15:09:59.748000,11741,11742,11741,4
2020-07-02,15:10:00.235000,11741,11742,11742,8
2020-07-02,15:10:00.346000,11741,11742,11741,3
2020-07-02,15:10:00.346000,11741,11742,11740,1
2020-07-02,15:10:00.374000,11740,11741,11741,1
2020-07-02,15:10:00.544000,11740,11741,11742,3
2020-07-02,15:10:00.633000,11741,11742,11742,3
2020-07-02,15:10:00.811000,11741,11742,11742,1
2020-07-02,15:10:00.851000,11741,11742,11741,1
2020-07-02,15:10:00.879000,11740,11742,11742,7
2020-07-02,15:10:01.539000,11741,11742,11742,1
2020-07-02,15:10:01.576000,11741,11742,11742,9
2020-07-02,15:10:01.742000,11741,11742,11741,2
2020-07-02,15:10:01.760000,11741,11742,11741,1
2020-07-02,15:10:02.364000,11741,11742,11742,1
2020-07-02,15:10:02.377000,11741,11742,11742,1
2020-07-02,15:10:02.439000,11741,11742,11742,3
2020-07-02,15:10:02.958000,11741,11742,11742,1
2020-07-02,15:10:03.956000,11741,11742,11741,3
2020-07-02,15:10:04.318000,11740,11741,11741,1
2020-07-02,15:10:04.400000,11740,11741,11741,1
2020-07-02,15:10:04.484000,11740,11741,11742,1
2020-07-02,15:10:05.009000,11741,11742,11742,3
2020-07-02,15:10:05.045000,11741,11742,11741,1
2020-07-02,15:10:06.856000,11741,11742,11741,1
2020-07-02,15:10:07.227000,11741,11742,11742,5
2020-07-02,15:10:07.544000,11741,11742,11742,1
2020-07-02,15:10:08.921000,11741,11742,11741,1
2020-07-02,15:10:09.106000,11741,11742,11742,1
2020-07-02,15:10:09.628000,11741,11742,11741,1
2020-07-02,15:10:09.721000,11741,11742,11742,18
2020-07-02,15:10:09.731000,11741,11742,11742,4
2020-07-02,15:10:09.897000,11741,11743,11741,1
2020-07-02,15:10:10.150000,11742,11743,11742,1
2020-07-02,15:10:10.217000,11742,11743,11743,7
2020-07-02,15:10:10.276000,11742,11743,11743,1
2020-07-02,15:10:10.299000,11742,11743,11743,2
2020-07-02,15:10:10.460000,11742,11743,11743,1
2020-07-02,15:10:10.976000,11742,11743,11742,1
2020-07-02,15:10:11.805000,11742,11743,11743,1
2020-07-02,15:10:13.633000,11743,11744,11744,1
2020-07-02,15:10:13.873000,11743,11744,11744,1
2020-07-02,15:10:13.961000,11743,11744,11743,1
2020-07-02,15:10:14.117000,11743,11744,11743,1
2020-07-02,15:10:14.150000,11743,11744,11743,1
2020-07-02,15:10:14.199000,11743,11744,11743,1
2020-07-02,15:10:14.213000,11743,11744,11744,3
2020-07-02,15:10:14.220000,11743,11744,11743,1
2020-07-02,15:10:14.280000,11743,11744,11743,4
2020-07-02,15:10:14.498000,11743,11744,11744,3
2020-07-02,15:10:14.500000,11743,11744,11744,1
2020-07-02,15:10:14.550000,11743,11744,11744,1
2020-07-02,15:10:15.088000,11743,11744,11744,1
2020-07-02,15:10:15.089000,11743,11744,11744,1
2020-07-02,15:10:15.089000,11743,11744,11744,1
2020-07-02,15:10:15.089000,11743,11744,11744,6
2020-07-02,15:10:15.089000,11743,11744,11744,1
2020-07-02,15:10:15.089000,11743,11744,11744,1
2020-07-02,15:10:15.089000,11743,11744,11744,3
2020-07-02,15:10:15.089000,11743,11744,11744,2
2020-07-02,15:10:15.089000,11743,11744,11744,12
2020-07-02,15:10:15.199000,11744,11745,11745,1
2020-07-02,15:10:15.246000,11744,11745,11745,4
2020-07-02,15:10:15.257000,11744,11745,11744,1
2020-07-02,15:10:15.304000,11744,11745,11745,4
2020-07-02,15:10:15.321000,11744,11745,11745,2
2020-07-02,15:10:15.326000,11744,11745,11745,1
2020-07-02,15:10:15.330000,11744,11745,11746,3
2020-07-02,15:10:15.345000,11744,11745,11744,1
2020-07-02,15:10:15.405000,11744,11746,11746,2
2020-07-02,15:10:15.480000,11744,11746,11745,4
2020-07-02,15:10:15.532000,11744,11746,11746,1
2020-07-02,15:10:15.594000,11744,11746,11746,2
2020-07-02,15:10:15.660000,11745,11746,11745,1
2020-07-02,15:10:15.660000,11745,11746,11744,3
2020-07-02,15:10:15.914000,11744,11746,11744,1
2020-07-02,15:10:15.925000,11744,11746,11744,1
2020-07-02,15:10:16.313000,11744,11746,11745,1
2020-07-02,15:10:16.826000,11745,11746,11746,1
2020-07-02,15:10:16.830000,11745,11746,11745,1
2020-07-02,15:10:16.909000,11744,11746,11746,5
2020-07-02,15:10:17.031000,11744,11746,11744,1
2020-07-02,15:10:17.253000,11744,11745,11744,1
2020-07-02,15:10:17.466000,11744,11745,11745,1
2020-07-02,15:10:17.846000,11744,11745,11745,1
2020-07-02,15:10:19.917000,11744,11745,11745,1
2020-07-02,15:10:20.518000,11744,11745,11745,1
2020-07-02,15:10:20.864000,11744,11745,11745,2
2020-07-02,15:10:20.942000,11744,11745,11744,1
2020-07-02,15:10:21.954000,11744,11745,11745,1
2020-07-02,15:10:22.717000,11743,11745,11745,5
2020-07-02,15:10:23.541000,11744,11745,11745,1
2020-07-02,15:10:23.715000,11744,11745,11745,2
2020-07-02,15:10:25.291000,11745,11746,11745,1
2020-07-02,15:10:26.572000,11745,11746,11746,1
2020-07-02,15:10:27.326000,11745,11746,11746,1
2020-07-02,15:10:28.034000,11745,11746,11745,3
2020-07-02,15:10:28.149000,11744,11745,11745,2
2020-07-02,15:10:28.450000,11744,11745,11745,1
2020-07-02,15:10:28.554000,11744,11746,11746,1
2020-07-02,15:10:28.953000,11745,11746,11746,8
2020-07-02,15:10:29.429000,11745,11746,11746,1
2020-07-02,15:10:29.891000,11745,11746,11745,2
2020-07-02,15:10:30.153000,11745,11746,11746,2
2020-07-02,15:10:31.522000,11745,11746,11746,1
2020-07-02,15:10:31.666000,11745,11746,11746,2
2020-07-02,15:10:32.257000,11745,11746,11746,1
2020-07-02,15:10:32.632000,11745,11746,11746,1
2020-07-02,15:10:33.089000,11745,11746,11745,1
2020-07-02,15:10:33.696000,11745,11746,11746,2
2020-07-02,15:10:33.714000,11745,11746,11746,2
2020-07-02,15:10:33.890000,11745,11746,11746,1
2020-07-02,15:10:34.367000,11745,11746,11746,2
2020-07-02,15:10:34.896000,11745,11746,11745,1
2020-07-02,15:10:37.885000,11745,11746,11745,10
2020-07-02,15:10:37.938000,11745,11746,11746,1
2020-07-02,15:10:40.089000,11745,11746,11745,1
2020-07-02,15:10:40.900000,11745,11746,11745,1
2020-07-02,15:10:42.920000,11745,11746,11745,1
2020-07-02,15:10:43.554000,11745,11746,11745,1
2020-07-02,15:10:43.711000,11745,11746,11745,7
2020-07-02,15:10:44.878000,11744,11745,11744,1
2020-07-02,15:10:44.890000,11744,11745,11745,1
2020-07-02,15:10:45.222000,11744,11745,11744,1
2020-07-02,15:10:45.541000,11744,11745,11745,1
2020-07-02,15:10:46.206000,11744,11745,11744,1
2020-07-02,15:10:46.206000,11744,11745,11744,1
2020-07-02,15:10:48.313000,11744,11745,11745,1
2020-07-02,15:10:48.874000,11744,11745,11744,1
2020-07-02,15:10:51.684000,11744,11745,11744,2
2020-07-02,15:10:51.686000,11744,11745,11744,2
2020-07-02,15:10:51.958000,11742,11743,11743,1
2020-07-02,15:10:54.101000,11742,11743,11743,1
2020-07-02,15:10:54.846000,11743,11744,11743,3
2020-07-02,15:10:56.523000,11743,11744,11744,1
2020-07-02,15:10:57.114000,11743,11744,11743,1
2020-07-02,15:11:00.258000,11743,11744,11744,2
2020-07-02,15:11:00.573000,11743,11744,11744,2
2020-07-02,15:11:00.998000,11743,11744,11744,1
2020-07-02,15:11:01.531000,11743,11744,11744,2
2020-07-02,15:11:01.599000,11743,11744,11745,1
2020-07-02,15:11:02.049000,11744,11745,11745,1
2020-07-02,15:11:02.730000,11744,11745,11745,2
2020-07-02,15:11:03.067000,11744,11745,11745,8
2020-07-02,15:11:03.091000,11744,11745,11746,1
2020-07-02,15:11:03.179000,11745,11746,11745,1
2020-07-02,15:11:03.235000,11745,11746,11744,1
2020-07-02,15:11:03.235000,11745,11746,11745,1
2020-07-02,15:11:03.340000,11744,11746,11746,10
2020-07-02,15:11:03.681000,11744,11745,11745,1
2020-07-02,15:11:03.779000,11744,11745,11745,1
2020-07-02,15:11:03.779000,11744,11745,11746,3
2020-07-02,15:11:07.688000,11745,11746,11746,1
2020-07-02,15:11:08.422000,11745,11746,11746,1
2020-07-02,15:11:08.422000,11745,11746,11746,1
2020-07-02,15:11:08.422000,11745,11746,11746,1
2020-07-02,15:11:08.422000,11745,11746,11746,1
2020-07-02,15:11:08.422000,11745,11746,11746,2
2020-07-02,15:11:08.422000,11745,11746,11746,4
2020-07-02,15:11:08.473000,11745,11746,11746,2
2020-07-02,15:11:08.493000,11746,11747,11746,2
2020-07-02,15:11:10.873000,11746,11747,11746,1
2020-07-02,15:11:10.998000,11746,11747,11746,3
2020-07-02,15:11:11.166000,11746,11747,11746,1
2020-07-02,15:11:11.581000,11746,11747,11746,1
2020-07-02,15:11:11.823000,11746,11747,11746,2
2020-07-02,15:11:12.317000,11745,11746,11745,1
2020-07-02,15:11:12.571000,11745,11746,11746,1
2020-07-02,15:11:13.852000,11745,11746,11745,2
2020-07-02,15:11:15.298000,11745,11746,11745,10
2020-07-02,15:11:16.424000,11745,11746,11746,3
2020-07-02,15:11:18.552000,11745,11746,11745,1
2020-07-02,15:11:21.820000,11745,11746,11745,1
2020-07-02,15:11:21.946000,11745,11746,11745,1
2020-07-02,15:11:23.652000,11745,11746,11745,2
2020-07-02,15:11:23.652000,11745,11746,11745,2
2020-07-02,15:11:24.438000,11745,11746,11745,2
2020-07-02,15:11:24.742000,11745,11746,11746,1
2020-07-02,15:11:25.160000,11745,11746,11746,1
2020-07-02,15:11:27.094000,11745,11746,11745,1
2020-07-02,15:11:27.384000,11745,11746,11746,3
2020-07-02,15:11:28.162000,11745,11746,11745,1
2020-07-02,15:11:29.973000,11745,11746,11745,2
2020-07-02,15:11:31.044000,11745,11746,11745,1
2020-07-02,15:11:31.222000,11745,11746,11745,1
2020-07-02,15:11:35.424000,11744,11745,11745,1
2020-07-02,15:11:35.546000,11744,11746,11744,1
2020-07-02,15:11:36.524000,11744,11745,11745,4
2020-07-02,15:11:37.413000,11744,11745,11744,2
2020-07-02,15:11:39.751000,11744,11745,11745,2
2020-07-02,15:11:43.238000,11744,11745,11745,1
2020-07-02,15:11:43.516000,11744,11745,11744,1
2020-07-02,15:11:43.575000,11744,11745,11745,2
2020-07-02,15:11:44.360000,11744,11745,11745,2
2020-07-02,15:11:46.459000,11744,11745,11745,2
2020-07-02,15:11:47.996000,11744,11745,11745,1
2020-07-02,15:11:48.217000,11744,11745,11744,4
2020-07-02,15:11:49.304000,11744,11745,11745,1
2020-07-02,15:11:51.372000,11744,11745,11745,3
2020-07-02,15:11:52.449000,11745,11746,11746,15
2020-07-02,15:11:52.449000,11745,11746,11746,15
2020-07-02,15:11:52.453000,11745,11746,11746,1
2020-07-02,15:11:52.620000,11746,11747,11746,1
2020-07-02,15:11:53.665000,11746,11747,11746,1
2020-07-02,15:11:53.926000,11745,11747,11747,15
2020-07-02,15:11:54.219000,11746,11747,11746,1
2020-07-02,15:11:54.223000,11746,11747,11746,3
2020-07-02,15:11:54.327000,11746,11747,11746,1
2020-07-02,15:11:54.337000,11746,11747,11746,1
2020-07-02,15:11:54.433000,11745,11747,11745,4
2020-07-02,15:11:56.739000,11745,11746,11746,2
2020-07-02,15:11:56.932000,11745,11746,11746,1
2020-07-02,15:12:00.440000,11745,11746,11746,4
2020-07-02,15:12:00.637000,11745,11746,11746,2
2020-07-02,15:12:00.665000,11745,11746,11747,1
2020-07-02,15:12:00.775000,11746,11747,11747,6
2020-07-02,15:12:00.776000,11746,11747,11747,4
2020-07-02,15:12:00.776000,11746,11747,11747,4
2020-07-02,15:12:00.804000,11746,11747,11748,1
2020-07-02,15:12:00.924000,11746,11748,11748,2
2020-07-02,15:12:00.979000,11746,11748,11746,6
2020-07-02,15:12:01.040000,11746,11748,11747,1
2020-07-02,15:12:01.048000,11746,11748,11747,1
2020-07-02,15:12:01.124000,11746,11747,11746,1
2020-07-02,15:12:01.160000,11746,11747,11747,1
2020-07-02,15:12:01.184000,11746,11747,11747,1
2020-07-02,15:12:01.447000,11746,11748,11748,1
2020-07-02,15:12:01.511000,11746,11748,11748,2
2020-07-02,15:12:01.968000,11747,11748,11747,1
2020-07-02,15:12:01.979000,11747,11748,11747,1
2020-07-02,15:12:05.405000,11746,11747,11747,2
2020-07-02,15:12:05.493000,11746,11747,11747,1
2020-07-02,15:12:05.497000,11746,11747,11746,1
2020-07-02,15:12:06.117000,11746,11747,11746,2
2020-07-02,15:12:06.421000,11746,11747,11747,1
2020-07-02,15:12:07.332000,11746,11747,11747,2
2020-07-02,15:12:10.386000,11746,11747,11747,1
2020-07-02,15:12:11.453000,11746,11747,11746,1
2020-07-02,15:12:14.691000,11746,11747,11747,1
2020-07-02,15:12:16.820000,11746,11747,11747,1
2020-07-02,15:12:19.020000,11746,11747,11747,1
2020-07-02,15:12:20.101000,11746,11747,11747,1
2020-07-02,15:12:20.260000,11746,11747,11747,1
2020-07-02,15:12:20.501000,11746,11747,11746,1
2020-07-02,15:12:20.997000,11746,11747,11746,1
2020-07-02,15:12:21.160000,11746,11747,11746,1
2020-07-02,15:12:21.715000,11746,11747,11746,1
2020-07-02,15:12:22.196000,11746,11747,11746,1
2020-07-02,15:12:24.477000,11746,11747,11746,1
2020-07-02,15:12:25.059000,11746,11747,11746,2
2020-07-02,15:12:25.059000,11746,11747,11746,20
2020-07-02,15:12:25.149000,11745,11746,11746,3
2020-07-02,15:12:27.922000,11745,11746,11746,1
2020-07-02,15:12:28.739000,11745,11746,11746,3
2020-07-02,15:12:29.918000,11745,11746,11745,1
2020-07-02,15:12:31.714000,11745,11746,11746,2
2020-07-02,15:12:32.277000,11745,11746,11746,1
2020-07-02,15:12:32.876000,11745,11746,11746,3
2020-07-02,15:12:38.240000,11745,11746,11746,2
2020-07-02,15:12:38.394000,11745,11746,11745,2
2020-07-02,15:12:38.773000,11745,11746,11746,1
2020-07-02,15:12:41.396000,11745,11746,11746,2
2020-07-02,15:12:43.594000,11745,11746,11746,2
2020-07-02,15:12:43.698000,11745,11746,11745,1
2020-07-02,15:12:44.930000,11745,11746,11746,2
2020-07-02,15:12:45.447000,11745,11746,11746,1
2020-07-02,15:12:47.316000,11745,11746,11745,1
2020-07-02,15:12:47.930000,11745,11746,11746,1
2020-07-02,15:12:49.205000,11745,11746,11746,1
2020-07-02,15:12:51.299000,11745,11746,11746,5
2020-07-02,15:12:51.625000,11745,11746,11745,2
2020-07-02,15:12:53.522000,11745,11746,11745,8
2020-07-02,15:12:53.522000,11745,11746,11745,1
2020-07-02,15:12:58.942000,11744,11745,11745,1
2020-07-02,15:12:59.151000,11744,11745,11744,1
2020-07-02,15:13:01.688000,11744,11745,11744,1
2020-07-02,15:13:02.025000,11744,11745,11744,2
2020-07-02,15:13:02.314000,11744,11745,11744,1
2020-07-02,15:13:03.275000,11744,11745,11744,1
2020-07-02,15:13:04.736000,11744,11745,11745,1
2020-07-02,15:13:04.941000,11744,11745,11744,1
2020-07-02,15:13:06.950000,11744,11745,11744,1
2020-07-02,15:13:09.024000,11744,11745,11745,1
2020-07-02,15:13:09.908000,11744,11745,11744,2
2020-07-02,15:13:11.055000,11744,11745,11744,3
2020-07-02,15:13:11.432000,11744,11745,11745,2
2020-07-02,15:13:11.432000,11744,11745,11745,9
2020-07-02,15:13:11.432000,11744,11745,11745,2
2020-07-02,15:13:12.542000,11745,11746,11745,1
2020-07-02,15:13:12.542000,11745,11746,11744,1
2020-07-02,15:13:12.849000,11744,11746,11745,1
2020-07-02,15:13:13.407000,11745,11746,11745,1
2020-07-02,15:13:16.445000,11745,11746,11745,1
2020-07-02,15:13:16.481000,11745,11746,11744,1
2020-07-02,15:13:18.340000,11745,11746,11745,2
2020-07-02,15:13:19.027000,11745,11746,11745,1
2020-07-02,15:13:20.676000,11745,11746,11745,5
2020-07-02,15:13:21.468000,11745,11746,11745,1
2020-07-02,15:13:24.198000,11745,11746,11745,1
2020-07-02,15:13:27.461000,11744,11745,11744,1
2020-07-02,15:13:27.462000,11744,11745,11744,4
2020-07-02,15:13:28.268000,11743,11744,11744,1
2020-07-02,15:13:29.598000,11743,11745,11745,1
2020-07-02,15:13:31.919000,11744,11745,11744,1
2020-07-02,15:13:35.290000,11743,11744,11744,1
2020-07-02,15:13:38.518000,11743,11744,11743,6
2020-07-02,15:13:38.805000,11742,11743,11743,1
2020-07-02,15:13:39.496000,11742,11743,11743,1
2020-07-02,15:13:40.512000,11742,11743,11742,3
2020-07-02,15:13:43.635000,11742,11743,11742,2
2020-07-02,15:13:46.309000,11742,11743,11742,1
2020-07-02,15:13:49.869000,11742,11743,11742,1
2020-07-02,15:13:50.835000,11742,11743,11742,1
2020-07-02,15:13:56.656000,11742,11743,11742,1
2020-07-02,15:13:57.991000,11742,11743,11742,1
2020-07-02,15:13:59.807000,11742,11743,11742,3
2020-07-02,15:14:01.223000,11742,11743,11743,1
2020-07-02,15:14:04.360000,11742,11743,11742,1
2020-07-02,15:14:04.453000,11742,11743,11742,2
2020-07-02,15:14:04.454000,11742,11743,11742,1
2020-07-02,15:14:10.210000,11741,11742,11742,1
2020-07-02,15:14:10.466000,11741,11742,11741,1
2020-07-02,15:14:10.933000,11741,11742,11741,2
2020-07-02,15:14:13.172000,11741,11742,11741,1
2020-07-02,15:14:13.261000,11741,11742,11742,3
2020-07-02,15:14:14.057000,11741,11742,11742,1
2020-07-02,15:14:14.199000,11741,11742,11742,6
2020-07-02,15:14:14.200000,11741,11742,11742,1
2020-07-02,15:14:14.200000,11741,11742,11742,1
2020-07-02,15:14:14.200000,11741,11742,11742,1
2020-07-02,15:14:14.322000,11742,11743,11742,1
2020-07-02,15:14:15.715000,11741,11743,11742,1
2020-07-02,15:14:24.440000,11742,11743,11742,1
2020-07-02,15:14:27.264000,11742,11743,11742,2
2020-07-02,15:14:31.051000,11742,11743,11743,6
2020-07-02,15:14:31.051000,11742,11743,11743,1
2020-07-02,15:14:32.904000,11743,11744,11743,2
2020-07-02,15:14:33.045000,11742,11744,11742,1
2020-07-02,15:14:41.617000,11742,11743,11742,3
2020-07-02,15:14:45.370000,11741,11742,11742,2
2020-07-02,15:14:45.953000,11741,11742,11742,7
2020-07-02,15:14:47.335000,11742,11743,11742,2
2020-07-02,15:14:53.081000,11742,11743,11742,1
2020-07-02,15:14:55.355000,11742,11743,11743,1
2020-07-02,15:14:55.750000,11742,11743,11742,5
2020-07-02,15:15:00.317000,11741,11743,11743,1
2020-07-02,15:15:00.458000,11741,11743,11743,1
2020-07-02,15:15:00.783000,11741,11743,11741,6
2020-07-02,15:15:00.949000,11741,11743,11743,5
2020-07-02,15:15:00.949000,11741,11743,11743,5
2020-07-02,15:15:01.056000,11742,11743,11742,1
2020-07-02,15:15:01.174000,11742,11743,11742,8
2020-07-02,15:15:02.530000,11742,11743,11742,1
2020-07-02,15:15:07.309000,11742,11743,11742,1
2020-07-02,15:15:08.130000,11742,11743,11743,3
2020-07-02,15:15:08.130000,11742,11743,11743,1
2020-07-02,15:15:08.130000,11742,11743,11743,1
2020-07-02,15:15:08.527000,11743,11744,11743,1
2020-07-02,15:15:08.794000,11743,11745,11743,1
2020-07-02,15:15:11.101000,11744,11745,11744,1
2020-07-02,15:15:15.310000,11744,11745,11745,2
2020-07-02,15:15:17.170000,11744,11745,11744,3
2020-07-02,15:15:20.518000,11743,11744,11743,1
2020-07-02,15:15:21.862000,11743,11744,11743,1
2020-07-02,15:15:28.907000,11742,11744,11744,1
2020-07-02,15:15:30.831000,11742,11744,11742,1
2020-07-02,15:15:31.169000,11742,11744,11742,1
2020-07-02,15:15:37.612000,11743,11744,11743,1
2020-07-02,15:15:38.430000,11742,11744,11742,1
2020-07-02,15:15:38.881000,11742,11744,11744,1
2020-07-02,15:15:40.937000,11743,11744,11743,7
2020-07-02,15:15:44.220000,11743,11744,11743,2
2020-07-02,15:15:44.308000,11742,11744,11744,1
2020-07-02,15:15:50.027000,11742,11743,11743,1
2020-07-02,15:15:50.630000,11742,11744,11744,1
2020-07-02,15:15:53.588000,11743,11744,11743,1
2020-07-02,15:15:56.950000,11743,11744,11743,1
2020-07-02,15:16:00.581000,11743,11744,11743,1
2020-07-02,15:16:06.695000,11743,11744,11743,1
2020-07-02,15:16:08.021000,11743,11744,11744,5
2020-07-02,15:16:12.226000,11744,11745,11744,2
2020-07-02,15:16:12.437000,11743,11745,11744,1
2020-07-02,15:16:13.097000,11743,11744,11744,1
2020-07-02,15:16:13.778000,11744,11745,11744,1
2020-07-02,15:16:16.281000,11744,11745,11744,1
2020-07-02,15:16:16.282000,11744,11745,11744,1
2020-07-02,15:16:18.233000,11743,11744,11744,1
2020-07-02,15:16:18.961000,11743,11744,11744,1
2020-07-02,15:16:19.341000,11743,11744,11744,1
2020-07-02,15:16:19.950000,11743,11744,11743,5
2020-07-02,15:16:21.116000,11742,11743,11743,1
2020-07-02,15:16:21.570000,11742,11743,11743,1
2020-07-02,15:16:25.212000,11742,11743,11742,2
2020-07-02,15:16:25.212000,11742,11743,11742,1
2020-07-02,15:16:25.212000,11742,11743,11742,1
2020-07-02,15:16:25.213000,11742,11743,11742,3
2020-07-02,15:16:25.213000,11742,11743,11742,6
2020-07-02,15:16:25.263000,11741,11742,11741,2
2020-07-02,15:16:25.368000,11741,11742,11741,1
2020-07-02,15:16:28.292000,11741,11742,11742,6
2020-07-02,15:16:30.243000,11741,11742,11741,1
2020-07-02,15:16:33.264000,11741,11742,11741,1
2020-07-02,15:16:38.799000,11741,11742,11741,1
2020-07-02,15:16:41.315000,11741,11742,11741,1
2020-07-02,15:16:42.808000,11741,11742,11741,1
2020-07-02,15:16:46.068000,11741,11742,11741,16
2020-07-02,15:16:46.404000,11740,11741,11740,1
2020-07-02,15:16:46.602000,11740,11741,11740,2
2020-07-02,15:16:46.901000,11740,11741,11740,1
2020-07-02,15:16:47.434000,11740,11741,11740,2
2020-07-02,15:16:47.643000,11740,11741,11740,1
2020-07-02,15:16:50.506000,11740,11741,11740,1
2020-07-02,15:16:51.088000,11740,11741,11741,1
2020-07-02,15:16:51.088000,11740,11741,11741,1
2020-07-02,15:16:51.088000,11740,11741,11741,4
2020-07-02,15:16:51.089000,11740,11741,11741,3
2020-07-02,15:16:51.089000,11740,11741,11741,1
2020-07-02,15:16:51.089000,11740,11741,11741,3
2020-07-02,15:16:51.224000,11741,11742,11741,1
2020-07-02,15:16:59.001000,11740,11741,11740,1
2020-07-02,15:16:59.921000,11740,11741,11741,1
2020-07-02,15:17:00.490000,11740,11741,11740,20
2020-07-02,15:17:01.239000,11740,11741,11740,2
2020-07-02,15:17:06.797000,11740,11741,11740,5
2020-07-02,15:17:10.403000,11739,11740,11740,1
2020-07-02,15:17:10.898000,11739,11740,11740,1
2020-07-02,15:17:11.507000,11739,11740,11740,1
2020-07-02,15:17:11.507000,11739,11740,11740,1
2020-07-02,15:17:15.176000,11739,11740,11739,1
2020-07-02,15:17:15.289000,11739,11740,11739,1
2020-07-02,15:17:15.535000,11739,11740,11739,1
2020-07-02,15:17:16.657000,11739,11740,11739,1
2020-07-02,15:17:17.737000,11739,11740,11739,1
2020-07-02,15:17:18.083000,11739,11740,11739,1
2020-07-02,15:17:18.123000,11739,11740,11740,1
2020-07-02,15:17:19.464000,11739,11740,11739,2
2020-07-02,15:17:20.810000,11738,11739,11739,2
2020-07-02,15:17:20.860000,11738,11739,11739,2
2020-07-02,15:17:21.225000,11739,11740,11739,2
2020-07-02,15:17:22.666000,11739,11740,11739,2
2020-07-02,15:17:22.666000,11739,11740,11739,2
2020-07-02,15:17:24.397000,11739,11740,11739,1
2020-07-02,15:17:24.449000,11739,11740,11739,1
2020-07-02,15:17:26.594000,11739,11740,11739,2
2020-07-02,15:17:28.307000,11739,11740,11739,1
2020-07-02,15:17:37.336000,11739,11740,11739,2
2020-07-02,15:17:37.504000,11739,11740,11739,1
2020-07-02,15:17:37.504000,11739,11740,11739,13
2020-07-02,15:17:37.856000,11738,11739,11739,2
2020-07-02,15:17:44.425000,11738,11739,11738,1
2020-07-02,15:17:44.675000,11738,11739,11738,1
2020-07-02,15:17:44.734000,11738,11739,11738,1
2020-07-02,15:17:45.931000,11738,11739,11738,25
2020-07-02,15:17:45.931000,11738,11739,11738,1
2020-07-02,15:17:45.931000,11738,11739,11738,12
2020-07-02,15:17:45.931000,11738,11739,11738,4
2020-07-02,15:17:45.931000,11738,11739,11738,1
2020-07-02,15:17:45.931000,11738,11739,11738,2
2020-07-02,15:17:45.931000,11738,11739,11738,1
2020-07-02,15:17:45.932000,11738,11739,11738,2
2020-07-02,15:17:46.781000,11737,11739,11737,1
2020-07-02,15:17:47.492000,11737,11738,11737,1
2020-07-02,15:17:47.658000,11737,11738,11737,15
2020-07-02,15:17:48.060000,11737,11738,11737,2
2020-07-02,15:17:49.534000,11737,11738,11737,8
2020-07-02,15:17:51.449000,11736,11737,11737,9
2020-07-02,15:17:51.643000,11737,11738,11737,1
2020-07-02,15:17:51.946000,11737,11738,11737,1
2020-07-02,15:17:55.831000,11737,11738,11737,1
2020-07-02,15:17:58.168000,11737,11738,11737,15
2020-07-02,15:18:08.718000,11736,11737,11737,1
2020-07-02,15:18:08.977000,11736,11737,11737,1
2020-07-02,15:18:09.106000,11736,11737,11736,2
2020-07-02,15:18:09.338000,11736,11737,11736,1
2020-07-02,15:18:09.354000,11736,11737,11736,1
2020-07-02,15:18:09.361000,11736,11737,11736,1
2020-07-02,15:18:09.520000,11736,11737,11736,2
2020-07-02,15:18:09.540000,11736,11737,11736,2
2020-07-02,15:18:09.569000,11736,11737,11736,4
2020-07-02,15:18:10.852000,11736,11737,11736,1
2020-07-02,15:18:11.821000,11736,11737,11736,1
2020-07-02,15:18:12.236000,11736,11737,11736,2
2020-07-02,15:18:12.915000,11736,11737,11737,1
2020-07-02,15:18:12.922000,11736,11737,11736,1
2020-07-02,15:18:14.264000,11736,11737,11736,1
2020-07-02,15:18:14.938000,11736,11737,11736,1
2020-07-02,15:18:16.009000,11736,11737,11736,1
2020-07-02,15:18:16.350000,11736,11737,11736,1
2020-07-02,15:18:17.708000,11736,11737,11736,2
2020-07-02,15:18:19.224000,11736,11737,11736,1
2020-07-02,15:18:19.984000,11736,11737,11736,1
2020-07-02,15:18:22.375000,11736,11737,11736,2
2020-07-02,15:18:23.500000,11735,11736,11736,2
2020-07-02,15:18:23.851000,11736,11737,11736,1
2020-07-02,15:18:24.451000,11736,11737,11736,2
2020-07-02,15:18:25.974000,11736,11737,11736,5
2020-07-02,15:18:27.807000,11736,11737,11736,1
2020-07-02,15:18:29.035000,11736,11737,11737,1
2020-07-02,15:18:29.035000,11736,11737,11737,1
2020-07-02,15:18:29.035000,11736,11737,11737,3
2020-07-02,15:18:29.089000,11736,11737,11737,1
2020-07-02,15:18:29.453000,11737,11738,11737,1
2020-07-02,15:18:31.145000,11737,11738,11737,2
2020-07-02,15:18:32.548000,11737,11738,11737,3
2020-07-02,15:18:33.017000,11737,11738,11738,3
2020-07-02,15:18:33.282000,11737,11738,11737,1
2020-07-02,15:18:34.008000,11737,11738,11738,1
2020-07-02,15:18:36.800000,11737,11738,11738,22
2020-07-02,15:18:36.801000,11737,11738,11738,2
2020-07-02,15:18:36.801000,11737,11738,11738,13
2020-07-02,15:18:37.207000,11738,11739,11738,1
2020-07-02,15:18:40.096000,11737,11738,11737,1
2020-07-02,15:18:42.857000,11737,11738,11738,1
2020-07-02,15:18:43.053000,11737,11738,11738,10
2020-07-02,15:18:46.382000,11738,11739,11739,2
2020-07-02,15:18:49.079000,11738,11739,11739,1
2020-07-02,15:18:52.172000,11739,11740,11740,6
2020-07-02,15:19:02.548000,11740,11741,11741,1
2020-07-02,15:19:02.643000,11740,11741,11741,1
2020-07-02,15:19:02.660000,11740,11741,11741,1
2020-07-02,15:19:03.875000,11740,11741,11740,3
2020-07-02,15:19:06.165000,11739,11740,11739,1
2020-07-02,15:19:06.586000,11739,11740,11740,1
2020-07-02,15:19:08.545000,11739,11740,11740,1
2020-07-02,15:19:08.841000,11739,11740,11740,1
2020-07-02,15:19:11.368000,11739,11740,11739,3
2020-07-02,15:19:11.944000,11738,11739,11739,1
2020-07-02,15:19:12.982000,11738,11739,11739,1
2020-07-02,15:19:13.969000,11738,11739,11739,1
2020-07-02,15:19:14.431000,11738,11739,11738,1
2020-07-02,15:19:15.585000,11738,11739,11739,1
2020-07-02,15:19:17.020000,11739,11740,11740,1
2020-07-02,15:19:20.513000,11739,11740,11739,1
2020-07-02,15:19:23.477000,11739,11740,11739,2
2020-07-02,15:19:29.568000,11739,11740,11739,1
2020-07-02,15:19:31.645000,11738,11739,11739,1
2020-07-02,15:19:31.936000,11738,11739,11738,1
2020-07-02,15:19:35.199000,11738,11739,11739,1
2020-07-02,15:19:38.408000,11738,11739,11739,3
2020-07-02,15:19:51.326000,11738,11739,11739,5
2020-07-02,15:19:54.367000,11738,11739,11739,1
2020-07-02,15:19:58.552000,11738,11739,11739,3
2020-07-02,15:20:02.209000,11738,11739,11739,1
2020-07-02,15:20:04.295000,11739,11740,11739,1
2020-07-02,15:20:07.261000,11739,11740,11739,1
2020-07-02,15:20:09.705000,11739,11740,11740,4
2020-07-02,15:20:09.706000,11739,11740,11740,15
2020-07-02,15:20:14.057000,11739,11740,11740,1
2020-07-02,15:20:14.695000,11739,11740,11740,1
2020-07-02,15:20:16.132000,11740,11741,11740,1
2020-07-02,15:20:16.429000,11739,11740,11740,1
2020-07-02,15:20:16.668000,11739,11740,11740,4
2020-07-02,15:20:16.961000,11740,11741,11740,1
2020-07-02,15:20:18.459000,11739,11740,11739,1
2020-07-02,15:20:19.249000,11739,11740,11740,1
2020-07-02,15:20:23.795000,11740,11741,11741,2
2020-07-02,15:20:25.767000,11740,11741,11740,4
2020-07-02,15:20:30.877000,11740,11741,11741,1
2020-07-02,15:20:33.750000,11740,11741,11740,4
2020-07-02,15:20:33.844000,11740,11741,11739,2
2020-07-02,15:20:41.051000,11739,11740,11739,1
2020-07-02,15:20:41.052000,11739,11740,11739,2
2020-07-02,15:20:41.052000,11739,11740,11739,1
2020-07-02,15:20:41.052000,11739,11740,11739,9
2020-07-02,15:20:52.984000,11738,11739,11738,18
2020-07-02,15:20:53.575000,11737,11738,11738,1
2020-07-02,15:20:54.139000,11737,11738,11738,1
2020-07-02,15:20:56.211000,11737,11738,11738,1
2020-07-02,15:20:56.653000,11738,11739,11738,1
2020-07-02,15:20:56.959000,11737,11738,11738,18
2020-07-02,15:20:56.959000,11737,11738,11738,9
2020-07-02,15:20:56.959000,11737,11738,11738,7
2020-07-02,15:20:58.090000,11738,11739,11739,1
2020-07-02,15:20:59.009000,11738,11740,11738,1
2020-07-02,15:21:02.276000,11738,11739,11739,1
2020-07-02,15:21:02.638000,11738,11739,11738,1
2020-07-02,15:21:04.945000,11738,11739,11738,1
2020-07-02,15:21:06.012000,11738,11739,11738,1
2020-07-02,15:21:10.414000,11738,11739,11738,1
2020-07-02,15:21:13.350000,11738,11739,11738,1
2020-07-02,15:21:13.444000,11738,11739,11738,1
2020-07-02,15:21:17.277000,11738,11739,11738,1
2020-07-02,15:21:17.277000,11738,11739,11737,1
2020-07-02,15:21:19.149000,11737,11738,11737,4
2020-07-02,15:21:20.495000,11737,11738,11737,1
2020-07-02,15:21:23.439000,11737,11738,11737,2
2020-07-02,15:21:23.555000,11737,11738,11737,1
2020-07-02,15:21:27.209000,11737,11738,11737,1
2020-07-02,15:21:28.788000,11737,11738,11738,1
2020-07-02,15:21:30.234000,11737,11738,11738,1
2020-07-02,15:21:35.509000,11737,11738,11737,1
2020-07-02,15:21:36.202000,11737,11738,11737,6
2020-07-02,15:21:36.724000,11736,11737,11736,2
2020-07-02,15:21:38.741000,11736,11737,11737,1
2020-07-02,15:21:42.155000,11736,11737,11736,1
2020-07-02,15:21:44.446000,11736,11737,11736,1
2020-07-02,15:21:46.402000,11736,11737,11736,1
2020-07-02,15:21:49.355000,11736,11737,11737,5
2020-07-02,15:21:49.355000,11736,11737,11737,4
2020-07-02,15:21:49.356000,11736,11737,11737,1
2020-07-02,15:21:49.356000,11736,11737,11737,1
2020-07-02,15:21:49.356000,11736,11737,11737,2
2020-07-02,15:21:52.046000,11736,11738,11736,1
2020-07-02,15:21:52.411000,11736,11738,11736,1
2020-07-02,15:21:54.628000,11736,11737,11737,1
2020-07-02,15:22:02.179000,11737,11738,11738,3
2020-07-02,15:22:04.948000,11737,11738,11737,1
2020-07-02,15:22:10.013000,11737,11738,11737,4
2020-07-02,15:22:21.202000,11736,11737,11736,1
2020-07-02,15:22:22.437000,11736,11737,11736,1
2020-07-02,15:22:24.626000,11736,11737,11736,1
2020-07-02,15:22:26.043000,11736,11737,11736,1
2020-07-02,15:22:29.848000,11736,11737,11736,2
2020-07-02,15:22:29.848000,11736,11737,11736,2
2020-07-02,15:22:32.499000,11735,11736,11736,2
2020-07-02,15:22:33.103000,11735,11736,11736,1
2020-07-02,15:22:35.605000,11735,11736,11736,1
2020-07-02,15:22:44.726000,11735,11736,11735,46
2020-07-02,15:22:44.726000,11735,11736,11734,11
2020-07-02,15:22:44.826000,11734,11735,11734,3
2020-07-02,15:22:44.981000,11734,11735,11734,1
2020-07-02,15:22:46.664000,11734,11735,11734,1
2020-07-02,15:22:47.038000,11734,11735,11734,1
2020-07-02,15:22:49.739000,11734,11735,11734,6
2020-07-02,15:22:50.412000,11734,11735,11735,1
2020-07-02,15:22:51.172000,11734,11735,11735,6
2020-07-02,15:22:51.840000,11735,11736,11735,1
2020-07-02,15:22:52.593000,11735,11736,11735,1
2020-07-02,15:22:52.901000,11735,11736,11735,6
2020-07-02,15:22:52.901000,11735,11736,11734,45
2020-07-02,15:22:52.903000,11735,11736,11734,2
2020-07-02,15:22:52.903000,11735,11736,11734,2
2020-07-02,15:22:52.903000,11735,11736,11734,1
2020-07-02,15:22:52.903000,11735,11736,11734,1
2020-07-02,15:22:52.964000,11735,11736,11734,1
2020-07-02,15:22:53.257000,11734,11735,11735,1
2020-07-02,15:22:53.599000,11734,11735,11734,1
2020-07-02,15:22:53.617000,11733,11735,11733,1
2020-07-02,15:22:53.713000,11733,11735,11733,1
2020-07-02,15:22:53.776000,11733,11735,11733,1
2020-07-02,15:22:53.945000,11733,11735,11733,1
2020-07-02,15:22:53.982000,11733,11735,11733,1
2020-07-02,15:22:56.505000,11733,11734,11734,1
2020-07-02,15:22:56.670000,11733,11734,11733,1
2020-07-02,15:22:56.670000,11733,11734,11733,4
2020-07-02,15:22:56.670000,11733,11734,11733,1
2020-07-02,15:22:56.670000,11733,11734,11733,4
2020-07-02,15:22:56.671000,11733,11734,11733,6
2020-07-02,15:22:57.976000,11732,11733,11732,1
2020-07-02,15:22:58.132000,11732,11733,11732,3
2020-07-02,15:22:59.154000,11731,11733,11731,1
2020-07-02,15:23:00.147000,11732,11733,11732,1
2020-07-02,15:23:00.304000,11732,11733,11732,1
2020-07-02,15:23:00.843000,11732,11733,11732,2
2020-07-02,15:23:03.363000,11731,11732,11731,1
2020-07-02,15:23:03.518000,11731,11732,11732,2
2020-07-02,15:23:04.758000,11731,11732,11732,1
2020-07-02,15:23:06.368000,11731,11732,11732,2
2020-07-02,15:23:06.675000,11731,11732,11731,2
2020-07-02,15:23:06.982000,11731,11732,11731,10
2020-07-02,15:23:06.982000,11731,11732,11730,40
2020-07-02,15:23:07.016000,11730,11731,11730,5
2020-07-02,15:23:07.016000,11730,11731,11729,1
2020-07-02,15:23:07.277000,11730,11731,11730,1
2020-07-02,15:23:07.767000,11730,11731,11731,1
2020-07-02,15:23:07.768000,11730,11731,11731,2
2020-07-02,15:23:07.916000,11730,11731,11730,1
2020-07-02,15:23:09.840000,11729,11730,11730,2
2020-07-02,15:23:10.372000,11729,11731,11729,1
2020-07-02,15:23:10.983000,11729,11730,11730,1
2020-07-02,15:23:11.481000,11729,11731,11729,1
2020-07-02,15:23:12.031000,11730,11731,11730,6
2020-07-02,15:23:12.743000,11729,11730,11729,1
2020-07-02,15:23:12.783000,11729,11730,11730,20
2020-07-02,15:23:12.783000,11729,11730,11731,5
2020-07-02,15:23:13.833000,11730,11731,11731,1
2020-07-02,15:23:16.111000,11730,11731,11731,1
2020-07-02,15:23:16.839000,11730,11731,11731,1
2020-07-02,15:23:16.839000,11730,11731,11731,3
2020-07-02,15:23:17.890000,11731,11732,11732,1
2020-07-02,15:23:19.724000,11731,11732,11731,3
2020-07-02,15:23:19.753000,11730,11731,11731,1
2020-07-02,15:23:20.196000,11730,11731,11731,2
2020-07-02,15:23:20.615000,11730,11731,11731,1
2020-07-02,15:23:21.503000,11730,11731,11731,1
2020-07-02,15:23:23.365000,11730,11731,11731,1
2020-07-02,15:23:24.254000,11730,11731,11731,1
2020-07-02,15:23:24.983000,11730,11732,11730,5
2020-07-02,15:23:29.345000,11731,11732,11731,1
2020-07-02,15:23:30.741000,11730,11731,11730,1
2020-07-02,15:23:31.012000,11730,11731,11730,2
2020-07-02,15:23:31.012000,11730,11731,11730,14
2020-07-02,15:23:31.827000,11729,11730,11730,1
2020-07-02,15:23:33.656000,11729,11730,11730,1
2020-07-02,15:23:36.859000,11729,11730,11729,1
2020-07-02,15:23:39.116000,11729,11730,11730,1
2020-07-02,15:23:39.803000,11729,11730,11730,1
2020-07-02,15:23:40.705000,11729,11730,11729,2
2020-07-02,15:23:44.168000,11729,11730,11730,1
2020-07-02,15:23:45.076000,11729,11730,11729,1
2020-07-02,15:23:45.877000,11729,11730,11729,1
2020-07-02,15:23:46.038000,11729,11730,11730,1
2020-07-02,15:23:49.145000,11729,11730,11730,5
2020-07-02,15:23:55.625000,11729,11730,11729,2
2020-07-02,15:23:59.122000,11729,11730,11729,2
2020-07-02,15:23:59.122000,11729,11730,11729,2
2020-07-02,15:23:59.157000,11729,11730,11729,7
2020-07-02,15:23:59.157000,11729,11730,11729,2
2020-07-02,15:23:59.157000,11729,11730,11729,2
2020-07-02,15:23:59.912000,11728,11729,11729,1
2020-07-02,15:24:02.420000,11728,11729,11729,2
2020-07-02,15:24:08.089000,11729,11730,11729,1
2020-07-02,15:24:15.261000,11728,11729,11729,1
2020-07-02,15:24:18.222000,11728,11729,11729,1
2020-07-02,15:24:20.998000,11728,11729,11729,1
2020-07-02,15:24:23.453000,11728,11729,11728,3
2020-07-02,15:24:23.864000,11728,11729,11729,7
2020-07-02,15:24:27.828000,11729,11730,11729,1
2020-07-02,15:24:29.973000,11729,11730,11729,1
2020-07-02,15:24:31.077000,11729,11730,11730,1
2020-07-02,15:24:31.381000,11729,11730,11729,3
2020-07-02,15:24:32.223000,11728,11729,11729,1
2020-07-02,15:24:32.650000,11729,11730,11730,1
2020-07-02,15:24:33.147000,11729,11730,11729,1
2020-07-02,15:24:35.304000,11728,11729,11729,2
2020-07-02,15:24:35.689000,11728,11729,11729,1
2020-07-02,15:24:37.048000,11729,11730,11729,5
2020-07-02,15:24:38.969000,11729,11730,11729,2
2020-07-02,15:24:39.260000,11729,11730,11729,1
2020-07-02,15:24:42.135000,11729,11730,11730,26
2020-07-02,15:24:42.135000,11729,11730,11730,4
2020-07-02,15:24:42.135000,11729,11730,11730,4
2020-07-02,15:24:42.135000,11729,11730,11730,2
2020-07-02,15:24:42.135000,11729,11730,11730,9
2020-07-02,15:24:45.477000,11730,11731,11731,1
2020-07-02,15:24:46.059000,11730,11731,11730,1
2020-07-02,15:24:46.803000,11730,11731,11731,1
2020-07-02,15:24:49.053000,11730,11731,11731,1
2020-07-02,15:24:51.193000,11730,11731,11730,10
2020-07-02,15:24:51.334000,11729,11730,11730,1
2020-07-02,15:24:52.258000,11729,11730,11730,1
2020-07-02,15:24:52.516000,11729,11730,11730,1
2020-07-02,15:24:55.946000,11729,11730,11730,1
2020-07-02,15:24:56.573000,11729,11730,11730,1
2020-07-02,15:24:56.846000,11729,11730,11730,10
2020-07-02,15:24:57.488000,11729,11730,11729,2
2020-07-02,15:24:57.488000,11729,11730,11729,5
2020-07-02,15:24:58.076000,11728,11729,11729,4
2020-07-02,15:25:02.188000,11728,11729,11728,7
2020-07-02,15:25:02.188000,11728,11729,11728,18
2020-07-02,15:25:02.497000,11727,11728,11727,2
2020-07-02,15:25:02.540000,11727,11728,11727,2
2020-07-02,15:25:02.724000,11727,11728,11727,1
2020-07-02,15:25:06.069000,11727,11728,11728,1
2020-07-02,15:25:06.069000,11727,11728,11728,1
2020-07-02,15:25:06.488000,11728,11729,11728,1
2020-07-02,15:25:08.701000,11728,11729,11728,1
2020-07-02,15:25:08.787000,11728,11729,11729,6
2020-07-02,15:25:08.787000,11728,11729,11730,4
2020-07-02,15:25:09.959000,11728,11730,11728,2
2020-07-02,15:25:11.511000,11729,11730,11729,1
2020-07-02,15:25:12.749000,11728,11729,11729,1
2020-07-02,15:25:13.041000,11728,11730,11730,1
2020-07-02,15:25:18.640000,11728,11730,11730,1
2020-07-02,15:25:19.921000,11729,11730,11729,3
2020-07-02,15:25:20.667000,11728,11730,11730,1
2020-07-02,15:25:27.817000,11728,11729,11729,1
2020-07-02,15:25:29.599000,11728,11729,11728,3
2020-07-02,15:25:29.728000,11728,11729,11729,1
2020-07-02,15:25:33.476000,11729,11730,11729,2
2020-07-02,15:25:33.967000,11728,11729,11729,1
2020-07-02,15:25:36.415000,11729,11730,11729,1
2020-07-02,15:25:37.423000,11729,11730,11729,2
2020-07-02,15:25:38.768000,11729,11730,11730,1
2020-07-02,15:25:42.334000,11729,11730,11730,1
2020-07-02,15:25:45.160000,11729,11730,11730,10
2020-07-02,15:25:46.431000,11730,11731,11730,1
2020-07-02,15:25:49.847000,11729,11730,11730,3
2020-07-02,15:25:50.400000,11730,11731,11730,1
2020-07-02,15:25:51.200000,11730,11731,11730,1
2020-07-02,15:25:52.168000,11730,11731,11730,1
2020-07-02,15:25:53.926000,11730,11731,11730,1
2020-07-02,15:25:55.939000,11730,11731,11730,1
2020-07-02,15:25:56.310000,11729,11730,11730,1
2020-07-02,15:25:59.254000,11729,11730,11730,1
2020-07-02,15:26:05.481000,11730,11731,11730,2
2020-07-02,15:26:07.383000,11730,11731,11731,1
2020-07-02,15:26:09.075000,11730,11731,11730,5
2020-07-02,15:26:09.075000,11730,11731,11730,3
2020-07-02,15:26:09.075000,11730,11731,11730,3
2020-07-02,15:26:09.997000,11729,11731,11731,1
2020-07-02,15:26:10.508000,11730,11731,11730,1
2020-07-02,15:26:11.805000,11729,11730,11730,1
2020-07-02,15:26:12.725000,11729,11730,11730,3
2020-07-02,15:26:13.670000,11730,11731,11730,2
2020-07-02,15:26:15.456000,11729,11730,11730,3
2020-07-02,15:26:16.074000,11730,11731,11730,2
2020-07-02,15:26:16.074000,11730,11731,11730,1
2020-07-02,15:26:16.075000,11730,11731,11730,1
2020-07-02,15:26:18.050000,11729,11730,11730,2
2020-07-02,15:26:18.672000,11729,11731,11730,1
2020-07-02,15:26:18.839000,11729,11731,11730,1
2020-07-02,15:26:18.867000,11729,11731,11730,1
2020-07-02,15:26:21.537000,11729,11731,11730,1
2020-07-02,15:26:21.775000,11729,11731,11730,1
2020-07-02,15:26:21.775000,11729,11731,11729,3
2020-07-02,15:26:22.530000,11729,11730,11729,1
2020-07-02,15:26:25.777000,11729,11730,11729,4
2020-07-02,15:26:26.055000,11729,11730,11729,1
2020-07-02,15:26:26.072000,11729,11730,11729,1
2020-07-02,15:26:27.893000,11729,11730,11729,1
2020-07-02,15:26:34.394000,11729,11730,11730,5
2020-07-02,15:26:34.394000,11729,11730,11730,3
2020-07-02,15:26:35.075000,11730,11731,11730,4
2020-07-02,15:26:35.075000,11730,11731,11729,6
2020-07-02,15:26:43.392000,11729,11730,11730,1
2020-07-02,15:26:43.392000,11729,11730,11730,5
2020-07-02,15:26:45.685000,11730,11731,11731,4
2020-07-02,15:26:45.686000,11730,11731,11731,3
2020-07-02,15:26:45.686000,11730,11731,11731,3
2020-07-02,15:26:45.686000,11730,11731,11731,1
2020-07-02,15:26:45.686000,11730,11731,11731,1
2020-07-02,15:26:45.686000,11730,11731,11731,6
2020-07-02,15:26:45.686000,11730,11731,11731,1
2020-07-02,15:26:45.686000,11730,11731,11731,2
2020-07-02,15:26:45.686000,11730,11731,11731,1
2020-07-02,15:26:45.686000,11730,11731,11731,9
2020-07-02,15:26:53.733000,11731,11732,11732,1
2020-07-02,15:26:53.862000,11731,11732,11731,1
2020-07-02,15:26:54.879000,11731,11732,11731,1
2020-07-02,15:27:02.280000,11731,11732,11732,1
2020-07-02,15:27:02.281000,11731,11732,11732,2
2020-07-02,15:27:02.281000,11731,11732,11732,2
2020-07-02,15:27:03.189000,11732,11733,11732,1
2020-07-02,15:27:05.249000,11732,11733,11732,5
2020-07-02,15:27:06.528000,11732,11733,11733,1
2020-07-02,15:27:06.528000,11732,11733,11734,2
2020-07-02,15:27:10.170000,11732,11734,11732,8
2020-07-02,15:27:10.410000,11732,11733,11733,1
2020-07-02,15:27:11.222000,11733,11734,11733,1
2020-07-02,15:27:15.003000,11733,11734,11733,1
2020-07-02,15:27:15.004000,11733,11734,11733,5
2020-07-02,15:27:17.482000,11732,11733,11733,2
2020-07-02,15:27:18.238000,11732,11733,11733,1
2020-07-02,15:27:19.070000,11732,11733,11733,1
2020-07-02,15:27:22.892000,11733,11734,11733,1
2020-07-02,15:27:25.924000,11733,11734,11734,1
2020-07-02,15:27:28.668000,11733,11734,11734,1
2020-07-02,15:27:28.847000,11733,11734,11733,1
2020-07-02,15:27:28.847000,11733,11734,11733,2
2020-07-02,15:27:28.848000,11733,11734,11733,1
2020-07-02,15:27:29.180000,11732,11734,11734,9
2020-07-02,15:27:31.929000,11732,11733,11733,1
2020-07-02,15:27:32.920000,11733,11734,11734,10
2020-07-02,15:27:33.006000,11733,11735,11733,1
2020-07-02,15:27:35.475000,11734,11735,11734,1
2020-07-02,15:27:35.770000,11733,11734,11733,1
2020-07-02,15:27:35.845000,11733,11734,11733,1
2020-07-02,15:27:36.960000,11733,11734,11734,2
2020-07-02,15:27:39.402000,11733,11734,11734,1
2020-07-02,15:27:40.243000,11734,11735,11735,1
2020-07-02,15:27:40.448000,11734,11735,11734,1
2020-07-02,15:27:40.467000,11734,11735,11735,1
2020-07-02,15:27:42.791000,11734,11735,11734,1
2020-07-02,15:27:43.553000,11734,11735,11734,1
2020-07-02,15:27:48.186000,11733,11734,11734,1
2020-07-02,15:27:48.465000,11733,11734,11734,1
2020-07-02,15:27:50.095000,11734,11735,11734,2
2020-07-02,15:27:57.351000,11734,11735,11735,4
2020-07-02,15:27:57.351000,11734,11735,11735,3
2020-07-02,15:27:57.351000,11734,11735,11735,11
2020-07-02,15:27:58.096000,11735,11736,11735,1
2020-07-02,15:27:59.743000,11735,11736,11735,1
2020-07-02,15:28:02.628000,11734,11735,11735,4
2020-07-02,15:28:03.424000,11734,11735,11734,1
2020-07-02,15:28:03.519000,11734,11735,11735,2
2020-07-02,15:28:04.276000,11734,11735,11735,1
2020-07-02,15:28:04.831000,11734,11735,11735,4
2020-07-02,15:28:08.573000,11734,11735,11735,2
2020-07-02,15:28:11.577000,11734,11735,11735,1
2020-07-02,15:28:12.684000,11734,11735,11734,1
2020-07-02,15:28:12.883000,11734,11735,11735,1
2020-07-02,15:28:13.083000,11734,11735,11735,1
2020-07-02,15:28:13.921000,11734,11735,11734,2
2020-07-02,15:28:22.806000,11734,11735,11734,6
2020-07-02,15:28:24.721000,11733,11734,11733,1
2020-07-02,15:28:37.101000,11733,11734,11733,1
2020-07-02,15:28:38.434000,11733,11734,11733,2
2020-07-02,15:28:41.329000,11733,11734,11734,2
2020-07-02,15:28:43.401000,11733,11734,11734,1
2020-07-02,15:28:59.596000,11733,11734,11734,2
2020-07-02,15:28:59.923000,11733,11734,11734,1
2020-07-02,15:29:06.604000,11733,11734,11733,1
2020-07-02,15:29:06.908000,11733,11734,11734,1
2020-07-02,15:29:07.316000,11733,11734,11734,1
2020-07-02,15:29:08.157000,11733,11734,11734,4
2020-07-02,15:29:10.543000,11733,11735,11733,1
2020-07-02,15:29:11.094000,11733,11734,11733,1
2020-07-02,15:29:11.491000,11733,11734,11733,1
2020-07-02,15:29:17.141000,11733,11734,11733,27
2020-07-02,15:29:17.141000,11733,11734,11733,19
2020-07-02,15:29:17.141000,11733,11734,11733,1
2020-07-02,15:29:17.141000,11733,11734,11733,7
2020-07-02,15:29:18.529000,11732,11733,11733,1
2020-07-02,15:29:26.248000,11732,11733,11732,4
2020-07-02,15:29:28.009000,11731,11732,11732,1
2020-07-02,15:29:28.408000,11731,11732,11731,4
2020-07-02,15:29:30.683000,11732,11733,11732,1
2020-07-02,15:29:31.269000,11731,11732,11732,1
2020-07-02,15:29:36.033000,11732,11733,11733,3
2020-07-02,15:29:36.105000,11732,11733,11733,4
2020-07-02,15:29:38.512000,11733,11734,11733,1
2020-07-02,15:29:41.155000,11733,11734,11733,1
2020-07-02,15:29:41.446000,11733,11734,11733,1
2020-07-02,15:29:42.083000,11733,11734,11734,4
2020-07-02,15:29:42.320000,11733,11734,11733,1
2020-07-02,15:29:43.294000,11733,11734,11733,1
2020-07-02,15:29:52.024000,11733,11734,11734,5
2020-07-02,15:30:00.243000,11733,11735,11735,2
2020-07-02,15:30:00.973000,11733,11735,11735,3
2020-07-02,15:30:01.109000,11733,11735,11735,1
2020-07-02,15:30:01.267000,11734,11735,11735,2
2020-07-02,15:30:01.268000,11734,11735,11735,2
2020-07-02,15:30:01.452000,11734,11735,11735,1
2020-07-02,15:30:01.452000,11734,11735,11735,1
2020-07-02,15:30:01.456000,11734,11735,11735,1
2020-07-02,15:30:01.843000,11734,11735,11735,1
2020-07-02,15:30:01.992000,11734,11735,11735,21
2020-07-02,15:30:02.073000,11734,11735,11735,1
2020-07-02,15:30:02.114000,11734,11735,11735,1
2020-07-02,15:30:02.164000,11735,11736,11735,1
2020-07-02,15:30:10.276000,11734,11735,11735,3
2020-07-02,15:30:10.277000,11734,11735,11735,1
2020-07-02,15:30:12.178000,11734,11735,11735,2
2020-07-02,15:30:13.860000,11735,11736,11736,2
2020-07-02,15:30:13.861000,11735,11736,11736,7
2020-07-02,15:30:15.650000,11735,11737,11737,1
2020-07-02,15:30:15.869000,11735,11737,11737,3
2020-07-02,15:30:16.205000,11735,11737,11737,1
2020-07-02,15:30:19.598000,11736,11737,11737,4
2020-07-02,15:30:19.598000,11736,11737,11737,2
2020-07-02,15:30:19.598000,11736,11737,11737,5
2020-07-02,15:30:19.598000,11736,11737,11737,4
2020-07-02,15:30:20.386000,11736,11737,11737,1
2020-07-02,15:30:24.165000,11736,11738,11736,1
2020-07-02,15:30:26.728000,11736,11738,11737,1
2020-07-02,15:30:27.150000,11736,11737,11737,2
2020-07-02,15:30:27.990000,11736,11737,11737,1
2020-07-02,15:30:28.266000,11736,11737,11736,1
2020-07-02,15:30:28.518000,11736,11737,11737,1
2020-07-02,15:30:29.409000,11736,11737,11736,2
2020-07-02,15:30:37.167000,11736,11737,11737,1
2020-07-02,15:30:47.558000,11736,11737,11737,3
2020-07-02,15:30:50.678000,11736,11737,11736,2
2020-07-02,15:30:51.190000,11735,11736,11735,1
2020-07-02,15:30:51.247000,11735,11736,11735,5
2020-07-02,15:30:52.380000,11734,11735,11734,1
2020-07-02,15:30:55.066000,11733,11734,11734,1
2020-07-02,15:30:56.937000,11734,11735,11734,1
2020-07-02,15:31:07.649000,11733,11734,11733,4
2020-07-02,15:31:09.345000,11732,11734,11732,3
2020-07-02,15:31:10.490000,11732,11733,11733,2
2020-07-02,15:31:10.749000,11732,11733,11732,4
2020-07-02,15:31:13.517000,11731,11732,11732,2
2020-07-02,15:31:13.791000,11731,11733,11732,1
2020-07-02,15:31:14.375000,11731,11732,11732,3
2020-07-02,15:31:14.538000,11731,11733,11733,1
2020-07-02,15:31:20.126000,11732,11733,11732,1
2020-07-02,15:31:23.460000,11731,11733,11731,1
2020-07-02,15:31:23.834000,11731,11732,11731,1
2020-07-02,15:31:27.321000,11731,11732,11732,1
2020-07-02,15:31:33.313000,11731,11732,11731,21
2020-07-02,15:31:33.510000,11730,11731,11731,1
2020-07-02,15:31:35.977000,11731,11732,11731,2
2020-07-02,15:31:36.823000,11731,11732,11731,17
2020-07-02,15:31:44.514000,11731,11732,11732,4
2020-07-02,15:31:44.515000,11731,11732,11732,1
2020-07-02,15:31:47.249000,11732,11733,11732,1
2020-07-02,15:31:47.651000,11732,11733,11732,1
2020-07-02,15:31:58.818000,11732,11733,11733,3
2020-07-02,15:31:58.818000,11732,11733,11734,1
2020-07-02,15:31:58.980000,11732,11734,11732,5
2020-07-02,15:32:00.778000,11733,11734,11734,4
2020-07-02,15:32:01.437000,11733,11734,11733,1
2020-07-02,15:32:02.053000,11733,11734,11733,1
2020-07-02,15:32:02.985000,11732,11734,11732,1
2020-07-02,15:32:06.491000,11733,11734,11733,1
2020-07-02,15:32:06.832000,11733,11734,11732,4
2020-07-02,15:32:11.764000,11732,11734,11732,1
2020-07-02,15:32:17.705000,11733,11734,11734,1
2020-07-02,15:32:17.705000,11733,11734,11734,5
2020-07-02,15:32:17.705000,11733,11734,11734,1
2020-07-02,15:32:18.994000,11734,11735,11735,5
2020-07-02,15:32:21.599000,11734,11736,11734,1
2020-07-02,15:32:22.796000,11734,11735,11735,1
2020-07-02,15:32:25.588000,11734,11735,11735,1
2020-07-02,15:32:25.994000,11734,11735,11735,1
2020-07-02,15:32:29.266000,11735,11736,11736,5
2020-07-02,15:32:34.024000,11736,11737,11737,6
2020-07-02,15:32:38.118000,11737,11738,11737,1
2020-07-02,15:32:42.316000,11737,11738,11737,1
2020-07-02,15:32:46.421000,11737,11738,11738,1
2020-07-02,15:32:46.591000,11737,11738,11738,3
2020-07-02,15:32:49.711000,11737,11738,11738,12
2020-07-02,15:32:49.778000,11738,11739,11739,1
2020-07-02,15:33:04.202000,11738,11739,11738,2
2020-07-02,15:33:04.203000,11738,11739,11738,4
2020-07-02,15:33:04.203000,11738,11739,11738,3
2020-07-02,15:33:04.963000,11737,11739,11738,1
2020-07-02,15:33:11.070000,11738,11739,11738,6
2020-07-02,15:33:16.989000,11737,11738,11737,2
2020-07-02,15:33:16.990000,11737,11738,11737,2
2020-07-02,15:33:16.990000,11737,11738,11737,3
2020-07-02,15:33:21.456000,11736,11737,11736,1
2020-07-02,15:33:30.420000,11734,11736,11734,1
2020-07-02,15:33:30.905000,11733,11735,11735,10
2020-07-02,15:33:32.492000,11734,11735,11735,1
2020-07-02,15:33:34.288000,11734,11736,11734,1
2020-07-02,15:33:35.661000,11734,11735,11735,1
2020-07-02,15:33:40.371000,11734,11735,11735,1
2020-07-02,15:33:41.588000,11735,11736,11735,1
2020-07-02,15:33:43.073000,11735,11736,11735,1
2020-07-02,15:33:45.634000,11735,11736,11735,1
2020-07-02,15:33:56.836000,11735,11736,11735,1
2020-07-02,15:33:58.411000,11735,11736,11735,1
2020-07-02,15:34:03.479000,11735,11736,11735,1
2020-07-02,15:34:05.280000,11735,11736,11736,10
2020-07-02,15:34:05.372000,11735,11736,11735,6
2020-07-02,15:34:05.506000,11735,11736,11736,10
2020-07-02,15:34:08.556000,11736,11737,11736,4
2020-07-02,15:34:08.556000,11736,11737,11736,3
2020-07-02,15:34:08.556000,11736,11737,11736,3
2020-07-02,15:34:12.962000,11736,11737,11737,1
2020-07-02,15:34:13.376000,11736,11737,11736,1
2020-07-02,15:34:22.775000,11736,11737,11737,10
2020-07-02,15:34:24.932000,11736,11737,11736,3
2020-07-02,15:34:26.540000,11735,11736,11736,3
2020-07-02,15:34:29.427000,11735,11736,11735,3
2020-07-02,15:34:32.183000,11734,11735,11735,1
2020-07-02,15:34:39.557000,11736,11737,11736,1
2020-07-02,15:34:48.476000,11735,11736,11736,1
2020-07-02,15:34:48.476000,11735,11736,11737,9
2020-07-02,15:34:59.187000,11736,11737,11737,1
2020-07-02,15:34:59.187000,11736,11737,11737,1
2020-07-02,15:34:59.200000,11736,11737,11737,1
2020-07-02,15:35:00.375000,11736,11738,11736,1
2020-07-02,15:35:07.486000,11735,11737,11736,1
2020-07-02,15:35:08.590000,11736,11737,11737,2
2020-07-02,15:35:10.853000,11736,11737,11736,1
2020-07-02,15:35:13.381000,11736,11737,11736,1
2020-07-02,15:35:14.347000,11736,11737,11736,1
2020-07-02,15:35:14.387000,11736,11737,11737,1
2020-07-02,15:35:16.227000,11736,11737,11736,1
2020-07-02,15:35:18.404000,11736,11737,11737,9
2020-07-02,15:35:18.591000,11737,11738,11737,1
2020-07-02,15:35:18.591000,11737,11738,11736,1
2020-07-02,15:35:26.327000,11737,11738,11738,7
2020-07-02,15:35:30.489000,11736,11737,11737,1
2020-07-02,15:35:38.512000,11737,11738,11737,1
2020-07-02,15:35:41.550000,11737,11738,11737,2
2020-07-02,15:35:41.551000,11737,11738,11737,1
2020-07-02,15:35:41.552000,11737,11738,11737,1
2020-07-02,15:35:49.365000,11736,11738,11737,1
2020-07-02,15:35:55.141000,11737,11738,11737,1
2020-07-02,15:35:56.489000,11737,11738,11737,1
2020-07-02,15:35:56.489000,11737,11738,11737,3
2020-07-02,15:35:56.490000,11737,11738,11737,1
2020-07-02,15:35:56.490000,11737,11738,11737,1
2020-07-02,15:35:56.858000,11737,11738,11737,1
2020-07-02,15:35:56.859000,11737,11738,11737,2
2020-07-02,15:36:09.188000,11736,11737,11737,1
2020-07-02,15:36:09.451000,11736,11737,11737,1
2020-07-02,15:36:09.461000,11736,11737,11738,1
2020-07-02,15:36:09.735000,11737,11738,11738,2
2020-07-02,15:36:09.773000,11737,11738,11738,2
2020-07-02,15:36:09.777000,11737,11738,11737,1
2020-07-02,15:36:09.816000,11737,11738,11736,1
2020-07-02,15:36:14.789000,11736,11737,11737,1
2020-07-02,15:36:18.550000,11737,11738,11738,2
2020-07-02,15:36:18.550000,11737,11738,11738,1
2020-07-02,15:36:18.550000,11737,11738,11738,1
2020-07-02,15:36:18.550000,11737,11738,11738,2
2020-07-02,15:36:18.550000,11737,11738,11738,3
2020-07-02,15:36:18.550000,11737,11738,11738,4
2020-07-02,15:36:28.001000,11738,11739,11739,2
2020-07-02,15:36:29.498000,11738,11739,11739,1
2020-07-02,15:36:32.137000,11738,11739,11739,2
2020-07-02,15:36:32.137000,11738,11739,11739,3
2020-07-02,15:36:32.137000,11738,11739,11739,1
2020-07-02,15:36:39.730000,11739,11740,11739,1
2020-07-02,15:36:43.216000,11738,11739,11739,1
2020-07-02,15:36:43.434000,11738,11739,11738,1
2020-07-02,15:36:43.799000,11738,11739,11739,1
2020-07-02,15:36:47.141000,11739,11740,11739,1
2020-07-02,15:36:47.699000,11739,11740,11740,1
2020-07-02,15:36:48.018000,11739,11740,11740,1
2020-07-02,15:36:48.019000,11739,11740,11740,13
2020-07-02,15:36:48.019000,11739,11740,11740,31
2020-07-02,15:36:48.019000,11739,11740,11740,1
2020-07-02,15:36:49.354000,11740,11741,11741,1
2020-07-02,15:36:49.393000,11740,11741,11740,5
2020-07-02,15:36:49.509000,11740,11741,11741,1
2020-07-02,15:36:51.882000,11739,11740,11740,1
2020-07-02,15:36:52.309000,11739,11740,11739,1
2020-07-02,15:36:53.411000,11739,11740,11740,1
2020-07-02,15:36:53.904000,11739,11741,11741,1
2020-07-02,15:36:54.591000,11740,11741,11740,1
2020-07-02,15:36:56.841000,11739,11740,11739,1
2020-07-02,15:36:57.688000,11738,11739,11739,5
2020-07-02,15:36:59.616000,11738,11739,11739,1
2020-07-02,15:37:00.020000,11738,11739,11739,2
2020-07-02,15:37:00.020000,11738,11739,11739,1
2020-07-02,15:37:02.212000,11739,11740,11740,3
2020-07-02,15:37:03.368000,11739,11740,11740,9
2020-07-02,15:37:07.227000,11740,11741,11740,1
2020-07-02,15:37:09.184000,11739,11741,11741,1
2020-07-02,15:37:13.559000,11740,11741,11741,2
2020-07-02,15:37:14.337000,11740,11741,11741,1
2020-07-02,15:37:14.496000,11740,11741,11741,1
2020-07-02,15:37:17.103000,11740,11741,11741,1
2020-07-02,15:37:17.103000,11740,11741,11741,4
2020-07-02,15:37:17.104000,11740,11741,11741,2
2020-07-02,15:37:21.727000,11740,11741,11741,1
2020-07-02,15:37:28.422000,11741,11742,11741,1
2020-07-02,15:37:29.290000,11741,11742,11741,1
2020-07-02,15:37:34.248000,11741,11742,11742,1
2020-07-02,15:37:34.445000,11741,11742,11742,2
2020-07-02,15:37:34.639000,11741,11742,11742,2
2020-07-02,15:37:35.433000,11741,11742,11741,3
2020-07-02,15:37:38.048000,11741,11742,11742,2
2020-07-02,15:37:45.681000,11741,11742,11742,1
2020-07-02,15:37:45.681000,11741,11742,11742,1
2020-07-02,15:37:45.681000,11741,11742,11742,1
2020-07-02,15:37:45.681000,11741,11742,11742,1
2020-07-02,15:37:45.681000,11741,11742,11742,3
2020-07-02,15:37:45.681000,11741,11742,11742,2
2020-07-02,15:37:45.681000,11741,11742,11742,4
2020-07-02,15:37:45.681000,11741,11742,11742,1
2020-07-02,15:37:45.681000,11741,11742,11742,1
2020-07-02,15:37:50.237000,11742,11743,11743,15
2020-07-02,15:37:50.238000,11742,11743,11743,3
2020-07-02,15:37:50.239000,11742,11743,11743,1
2020-07-02,15:37:50.275000,11742,11744,11744,1
2020-07-02,15:37:50.583000,11742,11744,11744,4
2020-07-02,15:37:51.991000,11742,11744,11742,1
2020-07-02,15:37:52,11742,11744,11744,2
2020-07-02,15:37:52.852000,11742,11744,11744,3
2020-07-02,15:37:54.233000,11742,11743,11743,1
2020-07-02,15:37:54.956000,11742,11744,11744,5
2020-07-02,15:37:55.053000,11743,11744,11743,1
2020-07-02,15:37:56.346000,11742,11744,11742,1
2020-07-02,15:37:56.454000,11742,11744,11744,1
2020-07-02,15:38:02.463000,11743,11744,11744,1
2020-07-02,15:38:02.463000,11743,11744,11745,2
2020-07-02,15:38:03.097000,11743,11745,11745,2
2020-07-02,15:38:03.484000,11744,11745,11745,2
2020-07-02,15:38:03.538000,11744,11745,11745,1
2020-07-02,15:38:03.543000,11744,11745,11745,1
2020-07-02,15:38:03.729000,11744,11745,11745,1
2020-07-02,15:38:07.866000,11744,11745,11745,1
2020-07-02,15:38:09.769000,11744,11745,11744,1
2020-07-02,15:38:13.681000,11744,11745,11745,1
2020-07-02,15:38:16.802000,11744,11745,11745,1
2020-07-02,15:38:18.180000,11744,11745,11745,2
2020-07-02,15:38:18.553000,11744,11745,11744,1
2020-07-02,15:38:19.424000,11744,11745,11744,1
2020-07-02,15:38:19.545000,11744,11745,11744,1
2020-07-02,15:38:20.346000,11744,11745,11745,1
2020-07-02,15:38:21.094000,11744,11745,11744,2
2020-07-02,15:38:23.686000,11744,11745,11744,1
2020-07-02,15:38:24.193000,11744,11745,11744,1
2020-07-02,15:38:24.751000,11744,11745,11745,1
2020-07-02,15:38:25.758000,11744,11745,11745,2
2020-07-02,15:38:28.875000,11744,11745,11744,7
2020-07-02,15:38:30.265000,11743,11744,11744,1
2020-07-02,15:38:30.888000,11743,11744,11744,1
2020-07-02,15:38:32.303000,11743,11744,11743,1
2020-07-02,15:38:32.602000,11743,11744,11744,1
2020-07-02,15:38:33.526000,11743,11744,11743,1
2020-07-02,15:38:37.046000,11743,11744,11744,1
2020-07-02,15:38:40.081000,11743,11744,11744,1
2020-07-02,15:38:42.391000,11743,11744,11744,1
2020-07-02,15:38:44.638000,11743,11744,11743,2
2020-07-02,15:38:44.638000,11743,11744,11743,2
2020-07-02,15:38:46.523000,11742,11744,11743,1
2020-07-02,15:38:48.042000,11741,11743,11742,1
2020-07-02,15:38:48.395000,11741,11743,11741,1
2020-07-02,15:38:51.374000,11742,11743,11743,1
2020-07-02,15:38:51.763000,11742,11743,11742,1
2020-07-02,15:38:52.362000,11742,11743,11743,1
2020-07-02,15:38:54.724000,11742,11743,11743,1
2020-07-02,15:38:58.942000,11742,11743,11742,17
2020-07-02,15:39:01.316000,11741,11743,11743,1
2020-07-02,15:39:07.213000,11742,11743,11742,1
2020-07-02,15:39:13.060000,11742,11743,11742,2
2020-07-02,15:39:13.466000,11742,11743,11742,1
2020-07-02,15:39:14.552000,11742,11743,11743,1
2020-07-02,15:39:14.654000,11742,11743,11742,1
2020-07-02,15:39:14.812000,11742,11743,11742,1
2020-07-02,15:39:15.931000,11742,11743,11742,1
2020-07-02,15:39:16.682000,11742,11743,11742,2
2020-07-02,15:39:16.682000,11742,11743,11742,1
2020-07-02,15:39:19.091000,11741,11742,11742,1
2020-07-02,15:39:19.097000,11741,11742,11742,2
2020-07-02,15:39:20.118000,11742,11743,11742,1
2020-07-02,15:39:20.567000,11742,11743,11742,1
2020-07-02,15:39:21.501000,11742,11743,11742,1
2020-07-02,15:39:21.771000,11742,11743,11742,1
2020-07-02,15:39:23.801000,11741,11742,11742,1
2020-07-02,15:39:24.625000,11742,11743,11742,1
2020-07-02,15:39:28.646000,11742,11743,11743,7
2020-07-02,15:39:28.646000,11742,11743,11743,3
2020-07-02,15:39:28.869000,11743,11744,11744,1
2020-07-02,15:39:29.146000,11742,11744,11743,1
2020-07-02,15:39:44.131000,11742,11743,11742,5
2020-07-02,15:39:44.131000,11742,11743,11742,1
2020-07-02,15:39:44.867000,11741,11742,11742,1
2020-07-02,15:39:52.337000,11742,11743,11742,1
2020-07-02,15:40:01.160000,11741,11742,11742,1
2020-07-02,15:40:05.053000,11741,11743,11742,1
2020-07-02,15:40:12.295000,11741,11742,11742,1
2020-07-02,15:40:17.297000,11741,11742,11741,1
2020-07-02,15:40:17.297000,11741,11742,11741,13
2020-07-02,15:40:21.266000,11740,11741,11740,1
2020-07-02,15:40:26.480000,11740,11741,11740,1
2020-07-02,15:40:29.979000,11740,11741,11741,2
2020-07-02,15:40:31.982000,11740,11741,11740,3
2020-07-02,15:40:34.009000,11739,11740,11740,1
2020-07-02,15:40:38.187000,11740,11741,11740,1
2020-07-02,15:40:38.762000,11740,11741,11740,1
2020-07-02,15:40:41.421000,11740,11741,11740,3
2020-07-02,15:40:44.332000,11740,11741,11740,1
2020-07-02,15:40:52.555000,11739,11740,11740,5
2020-07-02,15:40:53.096000,11739,11740,11740,1
2020-07-02,15:41:02.948000,11739,11740,11739,2
2020-07-02,15:41:02.948000,11739,11740,11739,1
2020-07-02,15:41:02.948000,11739,11740,11739,2
2020-07-02,15:41:02.948000,11739,11740,11739,5
2020-07-02,15:41:02.948000,11739,11740,11739,7
2020-07-02,15:41:08.098000,11739,11740,11739,2
2020-07-02,15:41:08.584000,11739,11740,11740,1
2020-07-02,15:41:08.584000,11739,11740,11740,2
2020-07-02,15:41:08.584000,11739,11740,11740,5
2020-07-02,15:41:08.584000,11739,11740,11740,2
2020-07-02,15:41:11.133000,11740,11741,11740,1
2020-07-02,15:41:12.256000,11740,11741,11740,1
2020-07-02,15:41:14.381000,11740,11741,11741,1
2020-07-02,15:41:14.633000,11740,11741,11741,5
2020-07-02,15:41:14.633000,11740,11741,11741,1
2020-07-02,15:41:14.648000,11740,11741,11742,1
2020-07-02,15:41:21.070000,11739,11741,11739,1
2020-07-02,15:41:37.707000,11740,11741,11740,1
2020-07-02,15:41:42.753000,11740,11741,11740,3
2020-07-02,15:41:42.753000,11740,11741,11740,1
2020-07-02,15:41:58.533000,11739,11740,11739,4
2020-07-02,15:42:08.316000,11738,11739,11739,1
2020-07-02,15:42:08.495000,11738,11739,11739,1
2020-07-02,15:42:08.550000,11738,11739,11739,1
2020-07-02,15:42:13.983000,11738,11739,11739,1
2020-07-02,15:42:13.983000,11738,11739,11739,1
2020-07-02,15:42:13.984000,11738,11739,11739,2
2020-07-02,15:42:13.984000,11738,11739,11739,2
2020-07-02,15:42:13.984000,11738,11739,11739,1
2020-07-02,15:42:13.984000,11738,11739,11739,2
2020-07-02,15:42:13.984000,11738,11739,11739,4
2020-07-02,15:42:16.659000,11739,11740,11740,2
2020-07-02,15:42:18.203000,11739,11740,11740,4
2020-07-02,15:42:19.401000,11740,11741,11740,1
2020-07-02,15:42:22.812000,11740,11741,11740,1
2020-07-02,15:42:22.812000,11740,11741,11740,2
2020-07-02,15:42:48.349000,11739,11740,11740,1
2020-07-02,15:42:48.350000,11739,11740,11740,2
2020-07-02,15:42:48.350000,11739,11740,11740,2
2020-07-02,15:42:48.350000,11739,11740,11740,6
2020-07-02,15:42:48.592000,11740,11741,11741,3
2020-07-02,15:42:49.165000,11740,11742,11740,2
2020-07-02,15:42:53.659000,11741,11742,11741,2
2020-07-02,15:42:56.334000,11740,11741,11740,1
2020-07-02,15:43:00.974000,11740,11741,11740,1
2020-07-02,15:43:02.318000,11740,11741,11740,1
2020-07-02,15:43:02.318000,11740,11741,11740,1
2020-07-02,15:43:09.129000,11739,11740,11740,1
2020-07-02,15:43:09.522000,11739,11740,11740,1
2020-07-02,15:43:15.335000,11739,11740,11740,1
2020-07-02,15:43:15.787000,11739,11740,11740,2
2020-07-02,15:43:21.638000,11739,11740,11740,1
2020-07-02,15:43:22.121000,11739,11740,11740,2
2020-07-02,15:43:23.964000,11739,11740,11739,1
2020-07-02,15:43:28.073000,11739,11740,11739,2
2020-07-02,15:43:28.073000,11739,11740,11739,4
2020-07-02,15:43:29.528000,11738,11740,11740,1
2020-07-02,15:43:34.717000,11739,11740,11739,2
2020-07-02,15:43:39.034000,11738,11739,11738,3
2020-07-02,15:43:39.035000,11738,11739,11738,9
2020-07-02,15:43:39.152000,11737,11738,11737,1
2020-07-02,15:43:41.319000,11738,11739,11738,1
2020-07-02,15:43:47.585000,11737,11739,11739,1
2020-07-02,15:43:49.231000,11737,11739,11739,2
2020-07-02,15:43:53.192000,11737,11738,11738,1
2020-07-02,15:43:56.529000,11738,11739,11738,1
2020-07-02,15:44:03.663000,11738,11739,11739,3
2020-07-02,15:44:05.531000,11739,11740,11740,4
2020-07-02,15:44:05.531000,11739,11740,11740,3
2020-07-02,15:44:06.729000,11740,11741,11740,2
2020-07-02,15:44:06.804000,11740,11741,11740,1
2020-07-02,15:44:09.428000,11739,11741,11741,8
2020-07-02,15:44:10.138000,11739,11741,11741,1
2020-07-02,15:44:10.187000,11739,11741,11739,1
2020-07-02,15:44:10.189000,11739,11741,11741,10
2020-07-02,15:44:10.189000,11739,11741,11742,20
2020-07-02,15:44:10.190000,11739,11741,11740,1
2020-07-02,15:44:10.190000,11739,11741,11741,1
2020-07-02,15:44:11.740000,11740,11741,11741,1
2020-07-02,15:44:24.646000,11742,11743,11742,1
2020-07-02,15:44:25.895000,11742,11743,11743,1
2020-07-02,15:44:25.895000,11742,11743,11743,1
2020-07-02,15:44:25.895000,11742,11743,11743,2
2020-07-02,15:44:25.895000,11742,11743,11743,5
2020-07-02,15:44:25.895000,11742,11743,11743,2
2020-07-02,15:44:27.322000,11743,11744,11743,1
2020-07-02,15:44:32.359000,11743,11744,11743,1
2020-07-02,15:44:34.482000,11743,11744,11743,1
2020-07-02,15:44:37.318000,11742,11743,11743,4
2020-07-02,15:44:40.441000,11742,11743,11743,1
2020-07-02,15:44:41.685000,11742,11744,11744,1
2020-07-02,15:44:41.829000,11742,11744,11744,1
2020-07-02,15:44:41.877000,11742,11744,11744,1
2020-07-02,15:44:41.907000,11742,11744,11744,1
2020-07-02,15:44:45.808000,11742,11744,11744,1
2020-07-02,15:44:46.185000,11742,11744,11744,1
2020-07-02,15:44:46.185000,11742,11744,11744,1
2020-07-02,15:44:47.094000,11743,11744,11743,1
2020-07-02,15:44:47.094000,11743,11744,11743,2
