2022-10-04 15:00:00.034,13609,13610,13610,97,97
2022-10-04 15:00:00.035,13610,13611,13610,2,-2
2022-10-04 15:00:00.068,13610,13611,13611,1,1
2022-10-04 15:00:00.090,13610,13611,13611,3,3
2022-10-04 15:00:00.250,13610,13611,13611,2,2
2022-10-04 15:00:00.289,13610,13611,13611,2,2
2022-10-04 15:00:00.357,13610,13611,13612,1,1
2022-10-04 15:00:00.358,13610,13611,13612,1,1
2022-10-04 15:00:00.395,13610,13612,13612,1,1
2022-10-04 15:00:00.417,13610,13612,13610,1,-1
2022-10-04 15:00:00.428,13610,13612,13612,1,1
2022-10-04 15:00:00.428,13610,13612,13612,1,1
2022-10-04 15:00:00.429,13610,13612,13613,1,1
2022-10-04 15:00:00.440,13610,13612,13611,1,1
2022-10-04 15:00:00.450,13610,13612,13613,1,1
2022-10-04 15:00:00.467,13610,13612,13613,1,1
2022-10-04 15:00:00.478,13610,13612,13611,1,1
2022-10-04 15:00:00.680,13610,13613,13613,1,1
2022-10-04 15:00:00.720,13610,13613,13613,2,2
2022-10-04 15:00:00.735,13610,13613,13613,2,2
2022-10-04 15:00:00.739,13610,13613,13613,2,2
2022-10-04 15:00:00.752,13610,13613,13613,1,1
2022-10-04 15:00:00.774,13610,13613,13613,3,3
2022-10-04 15:00:00.873,13610,13613,13613,1,1
2022-10-04 15:00:00.928,13610,13613,13610,2,-2
2022-10-04 15:00:00.960,13610,13613,13611,1,-1
2022-10-04 15:00:01.008,13609,13611,13610,1,-1
2022-10-04 15:00:01.009,13609,13611,13610,1,-1
2022-10-04 15:00:01.012,13609,13611,13609,15,-15
2022-10-04 15:00:01.016,13609,13611,13609,1,-1
2022-10-04 15:00:01.076,13609,13611,13608,2,-2
2022-10-04 15:00:01.077,13609,13611,13608,1,-1
2022-10-04 15:00:01.126,13608,13609,13609,2,2
2022-10-04 15:00:01.159,13608,13609,13609,1,1
2022-10-04 15:00:01.266,13608,13609,13609,1,1
2022-10-04 15:00:02.237,13608,13609,13609,3,3
2022-10-04 15:00:02.237,13608,13609,13610,2,2
2022-10-04 15:00:02.573,13608,13609,13609,2,2
2022-10-04 15:00:02.796,13608,13610,13608,2,-2
2022-10-04 15:00:02.796,13608,13610,13607,2,-2
2022-10-04 15:00:02.860,13608,13610,13607,3,-3
2022-10-04 15:00:03.624,13607,13608,13607,1,-1
2022-10-04 15:00:04.141,13607,13608,13608,1,1
2022-10-04 15:00:04.144,13607,13608,13607,3,-3
2022-10-04 15:00:04.932,13606,13607,13606,2,-2
2022-10-04 15:00:05.242,13605,13607,13605,1,-1
2022-10-04 15:00:05.242,13605,13607,13604,4,-4
2022-10-04 15:00:05.282,13604,13606,13605,1,-1
2022-10-04 15:00:05.535,13604,13606,13606,1,1
2022-10-04 15:00:05.565,13604,13606,13606,2,2
2022-10-04 15:00:06.132,13605,13606,13605,1,-1
2022-10-04 15:00:06.309,13605,13606,13606,3,3
2022-10-04 15:00:06.310,13605,13606,13605,5,-5
2022-10-04 15:00:06.357,13605,13606,13606,1,1
2022-10-04 15:00:06.630,13605,13607,13607,4,4
2022-10-04 15:00:06.630,13605,13607,13607,6,6
2022-10-04 15:00:06.768,13605,13607,13607,2,2
2022-10-04 15:00:06.908,13605,13607,13607,1,1
2022-10-04 15:00:07.850,13605,13607,13607,1,1
2022-10-04 15:00:09.705,13605,13607,13607,1,1
2022-10-04 15:00:10.259,13606,13607,13607,1,1
2022-10-04 15:00:10.602,13606,13607,13607,6,6
2022-10-04 15:00:10.642,13606,13608,13606,5,-5
2022-10-04 15:00:11.008,13606,13608,13606,1,-1
2022-10-04 15:00:12.980,13605,13607,13607,3,3
2022-10-04 15:00:13.078,13606,13608,13606,1,-1
2022-10-04 15:00:13.815,13607,13608,13608,1,1
2022-10-04 15:00:13.815,13607,13608,13608,1,1
2022-10-04 15:00:13.815,13607,13608,13608,2,2
2022-10-04 15:00:13.893,13607,13609,13608,1,1
2022-10-04 15:00:14.549,13607,13609,13608,1,1
2022-10-04 15:00:14.551,13607,13609,13608,3,3
2022-10-04 15:00:14.551,13607,13609,13607,6,-6
2022-10-04 15:00:15.299,13607,13609,13607,1,-1
2022-10-04 15:00:15.847,13608,13609,13608,1,-1
2022-10-04 15:00:15.847,13608,13609,13607,1,-1
2022-10-04 15:00:16.122,13607,13609,13607,1,-1
2022-10-04 15:00:16.645,13608,13609,13608,1,-1
2022-10-04 15:00:17.412,13607,13608,13608,1,1
2022-10-04 15:00:17.813,13607,13609,13609,1,1
2022-10-04 15:00:17.967,13607,13609,13609,1,1
2022-10-04 15:00:18.590,13607,13609,13609,17,17
2022-10-04 15:00:18.848,13609,13610,13610,1,1
2022-10-04 15:00:20.824,13609,13610,13609,11,-11
2022-10-04 15:00:21.295,13608,13609,13609,5,5
2022-10-04 15:00:22.513,13608,13609,13609,1,1
2022-10-04 15:00:22.665,13608,13609,13609,3,3
2022-10-04 15:00:22.665,13608,13609,13610,2,2
2022-10-04 15:00:23.100,13608,13609,13609,1,1
2022-10-04 15:00:23.332,13608,13609,13609,4,4
2022-10-04 15:00:23.749,13608,13609,13609,1,1
2022-10-04 15:00:24.642,13608,13609,13608,2,-2
2022-10-04 15:00:24.643,13608,13609,13608,2,-2
2022-10-04 15:00:24.807,13607,13608,13607,1,-1
2022-10-04 15:00:24.807,13607,13608,13607,26,-26
2022-10-04 15:00:24.935,13606,13607,13606,1,-1
2022-10-04 15:00:25.042,13606,13607,13607,1,1
2022-10-04 15:00:25.077,13606,13607,13606,1,-1
2022-10-04 15:00:25.077,13606,13607,13606,1,-1
2022-10-04 15:00:25.078,13606,13607,13606,2,-2
2022-10-04 15:00:25.719,13605,13606,13606,1,1
2022-10-04 15:00:25.942,13605,13607,13605,4,-4
2022-10-04 15:00:26.347,13605,13606,13605,1,-1
2022-10-04 15:00:27.168,13605,13606,13606,1,1
2022-10-04 15:00:27.225,13605,13606,13605,1,-1
2022-10-04 15:00:27.359,13605,13606,13605,2,-2
2022-10-04 15:00:27.744,13604,13606,13606,1,1
2022-10-04 15:00:27.926,13604,13606,13606,1,1
2022-10-04 15:00:30.630,13605,13606,13605,1,-1
2022-10-04 15:00:34.049,13605,13606,13606,1,1
2022-10-04 15:00:36.903,13605,13606,13606,1,1
2022-10-04 15:00:37.936,13605,13606,13606,1,1
2022-10-04 15:00:39.105,13605,13606,13606,1,1
2022-10-04 15:00:39.450,13605,13606,13605,3,-3
2022-10-04 15:00:40.355,13605,13606,13606,11,11
2022-10-04 15:00:42.642,13605,13606,13606,2,2
2022-10-04 15:00:43.317,13605,13606,13605,5,-5
2022-10-04 15:00:44.967,13605,13606,13605,2,-2
2022-10-04 15:00:45.872,13605,13606,13605,2,-2
2022-10-04 15:00:46.387,13604,13606,13606,1,1
2022-10-04 15:00:46.516,13604,13606,13605,1,1
2022-10-04 15:00:48.780,13604,13605,13604,3,-3
2022-10-04 15:00:48.780,13604,13605,13603,7,-7
2022-10-04 15:00:49.074,13603,13605,13603,1,-1
2022-10-04 15:00:49.074,13603,13605,13603,3,-3
2022-10-04 15:00:51.682,13603,13604,13603,1,-1
2022-10-04 15:00:53.920,13603,13604,13604,1,1
2022-10-04 15:00:54.778,13603,13604,13603,2,-2
2022-10-04 15:00:55.304,13603,13604,13603,1,-1
2022-10-04 15:00:55.579,13602,13604,13602,2,-2
2022-10-04 15:00:55.804,13602,13604,13604,2,2
2022-10-04 15:00:55.876,13602,13604,13603,1,1
2022-10-04 15:00:56.141,13602,13604,13603,1,1
2022-10-04 15:00:57.158,13602,13604,13604,1,1
2022-10-04 15:00:57.176,13602,13604,13604,2,2
2022-10-04 15:00:57.691,13603,13605,13603,1,-1
2022-10-04 15:00:57.724,13603,13605,13603,1,-1
2022-10-04 15:00:57.781,13603,13605,13603,1,-1
2022-10-04 15:00:59.378,13603,13605,13605,1,1
2022-10-04 15:00:59.872,13603,13605,13605,16,16
2022-10-04 15:01:00.038,13605,13606,13606,3,3
2022-10-04 15:01:00.038,13605,13606,13606,3,3
2022-10-04 15:01:00.174,13606,13607,13607,1,1
2022-10-04 15:01:00.374,13606,13607,13607,2,2
2022-10-04 15:01:00.740,13604,13606,13605,6,6
2022-10-04 15:01:00.740,13604,13606,13604,4,-4
2022-10-04 15:01:01.891,13605,13607,13605,2,-2
2022-10-04 15:01:02.000,13604,13607,13604,1,-1
2022-10-04 15:01:02.315,13605,13607,13605,2,-2
2022-10-04 15:01:02.942,13604,13606,13604,1,-1
2022-10-04 15:01:04.058,13605,13606,13605,1,-1
2022-10-04 15:01:04.058,13605,13606,13604,1,-1
2022-10-04 15:01:07.199,13604,13605,13604,6,-6
2022-10-04 15:01:07.675,13603,13605,13605,2,2
2022-10-04 15:01:07.885,13603,13605,13605,1,1
2022-10-04 15:01:08.572,13603,13605,13605,1,1
2022-10-04 15:01:08.831,13603,13604,13603,1,-1
2022-10-04 15:01:08.831,13603,13604,13603,1,-1
2022-10-04 15:01:08.831,13603,13604,13603,4,-4
2022-10-04 15:01:09.015,13602,13603,13603,1,1
2022-10-04 15:01:09.291,13602,13603,13603,1,1
2022-10-04 15:01:09.657,13602,13603,13602,5,-5
2022-10-04 15:01:09.834,13601,13602,13602,1,1
2022-10-04 15:01:09.965,13601,13603,13602,2,2
2022-10-04 15:01:10.412,13601,13602,13602,1,1
2022-10-04 15:01:10.902,13601,13603,13603,1,1
2022-10-04 15:01:11.171,13602,13603,13603,1,1
2022-10-04 15:01:11.398,13602,13603,13602,1,-1
2022-10-04 15:01:12.087,13602,13603,13603,3,3
2022-10-04 15:01:13.564,13603,13604,13603,1,-1
2022-10-04 15:01:14.072,13602,13604,13602,1,-1
2022-10-04 15:01:14.201,13602,13604,13602,5,-5
2022-10-04 15:01:14.497,13601,13603,13601,1,-1
2022-10-04 15:01:15.374,13602,13603,13602,1,-1
2022-10-04 15:01:16.300,13601,13602,13602,1,1
2022-10-04 15:01:16.377,13601,13602,13602,1,1
2022-10-04 15:01:16.557,13601,13602,13602,1,1
2022-10-04 15:01:16.825,13602,13604,13602,5,-5
2022-10-04 15:01:16.825,13602,13604,13601,14,-14
2022-10-04 15:01:16.825,13602,13604,13600,21,-21
2022-10-04 15:01:17.643,13601,13602,13602,1,1
2022-10-04 15:01:18.334,13601,13602,13601,1,-1
2022-10-04 15:01:18.633,13600,13602,13602,3,3
2022-10-04 15:01:19.079,13600,13602,13600,1,-1
2022-10-04 15:01:19.772,13602,13603,13602,1,-1
2022-10-04 15:01:22.407,13601,13602,13601,1,-1
2022-10-04 15:01:26.445,13600,13601,13600,1,-1
2022-10-04 15:01:26.795,13599,13600,13599,4,-4
2022-10-04 15:01:26.796,13599,13600,13599,1,-1
2022-10-04 15:01:27.035,13598,13600,13600,2,2
2022-10-04 15:01:27.249,13599,13601,13599,1,-1
2022-10-04 15:01:28.179,13599,13601,13601,1,1
2022-10-04 15:01:30.445,13599,13601,13601,1,1
2022-10-04 15:01:31.091,13600,13601,13600,1,-1
2022-10-04 15:01:31.092,13600,13601,13601,1,1
2022-10-04 15:01:31.702,13600,13602,13600,2,-2
2022-10-04 15:01:32.886,13600,13602,13601,1,-1
2022-10-04 15:01:33.210,13600,13602,13602,3,3
2022-10-04 15:01:33.452,13601,13603,13601,1,-1
2022-10-04 15:01:35.895,13601,13603,13601,1,-1
2022-10-04 15:01:36.045,13601,13603,13602,1,-1
2022-10-04 15:01:36.229,13601,13603,13601,1,-1
2022-10-04 15:01:36.311,13601,13603,13601,1,-1
2022-10-04 15:01:37.015,13601,13603,13603,4,4
2022-10-04 15:01:37.782,13603,13604,13604,1,1
2022-10-04 15:01:37.782,13603,13604,13604,1,1
2022-10-04 15:01:38.312,13604,13605,13605,3,3
2022-10-04 15:01:38.312,13604,13605,13605,1,1
2022-10-04 15:01:38.742,13605,13606,13605,5,-5
2022-10-04 15:01:40.254,13604,13605,13605,1,1
2022-10-04 15:01:42.112,13605,13606,13606,1,1
2022-10-04 15:01:42.144,13605,13606,13605,1,-1
2022-10-04 15:01:43.733,13604,13606,13606,1,1
2022-10-04 15:01:44.382,13604,13606,13605,1,1
2022-10-04 15:01:45.944,13604,13606,13604,1,-1
2022-10-04 15:01:50.646,13602,13604,13604,1,1
2022-10-04 15:01:50.910,13602,13604,13604,1,1
2022-10-04 15:01:52.059,13601,13603,13603,1,1
2022-10-04 15:01:52.387,13601,13603,13603,1,1
2022-10-04 15:02:00.250,13601,13602,13601,1,-1
2022-10-04 15:02:01.041,13601,13602,13601,2,-2
2022-10-04 15:02:01.042,13601,13602,13601,1,-1
2022-10-04 15:02:02.535,13600,13602,13602,1,1
2022-10-04 15:02:02.682,13600,13602,13600,1,-1
2022-10-04 15:02:07.718,13601,13602,13602,2,2
2022-10-04 15:02:07.718,13601,13602,13602,2,2
2022-10-04 15:02:08.387,13601,13603,13601,1,-1
2022-10-04 15:02:08.685,13601,13603,13601,1,-1
2022-10-04 15:02:12.156,13600,13601,13601,1,1
2022-10-04 15:02:12.434,13601,13602,13601,1,-1
2022-10-04 15:02:12.817,13600,13602,13600,1,-1
2022-10-04 15:02:12.970,13600,13602,13600,2,-2
2022-10-04 15:02:12.984,13600,13602,13601,1,-1
2022-10-04 15:02:13.763,13600,13601,13601,1,1
2022-10-04 15:02:13.763,13600,13601,13600,11,-11
2022-10-04 15:02:14.148,13600,13601,13600,1,-1
2022-10-04 15:02:14.714,13599,13600,13600,1,1
2022-10-04 15:02:16.175,13600,13601,13600,4,-4
2022-10-04 15:02:18.322,13599,13601,13599,1,-1
2022-10-04 15:02:18.323,13599,13601,13599,1,-1
2022-10-04 15:02:19.550,13598,13600,13598,1,-1
2022-10-04 15:02:21.440,13599,13600,13599,1,-1
2022-10-04 15:02:21.550,13598,13599,13598,1,-1
2022-10-04 15:02:21.550,13598,13599,13598,1,-1
2022-10-04 15:02:21.551,13598,13599,13598,1,-1
2022-10-04 15:02:21.551,13598,13599,13598,9,-9
2022-10-04 15:02:21.551,13598,13599,13597,1,-1
2022-10-04 15:02:21.551,13598,13599,13597,3,-3
2022-10-04 15:02:23.468,13596,13598,13596,1,-1
2022-10-04 15:02:23.582,13596,13598,13596,1,-1
2022-10-04 15:02:23.585,13596,13598,13596,1,-1
2022-10-04 15:02:24.357,13596,13597,13596,4,-4
2022-10-04 15:02:24.358,13596,13597,13595,4,-4
2022-10-04 15:02:24.575,13595,13597,13595,2,-2
2022-10-04 15:02:25.172,13595,13596,13595,10,-10
2022-10-04 15:02:25.172,13595,13596,13595,3,-3
2022-10-04 15:02:26.387,13595,13596,13596,1,1
2022-10-04 15:02:27.029,13595,13597,13595,1,-1
2022-10-04 15:02:28.993,13595,13597,13595,1,-1
2022-10-04 15:02:30.717,13594,13595,13594,1,-1
2022-10-04 15:02:32.781,13594,13595,13594,1,-1
2022-10-04 15:02:33.810,13594,13595,13595,1,1
2022-10-04 15:02:33.836,13594,13595,13594,1,-1
2022-10-04 15:02:35.537,13594,13595,13595,1,1
2022-10-04 15:02:35.539,13594,13595,13595,1,1
2022-10-04 15:02:36.250,13594,13595,13595,1,1
2022-10-04 15:02:37.706,13595,13597,13595,4,-4
2022-10-04 15:02:37.707,13595,13597,13595,1,-1
2022-10-04 15:02:38.294,13594,13597,13596,1,1
2022-10-04 15:02:41.816,13595,13598,13598,5,5
2022-10-04 15:02:42.366,13597,13598,13598,1,1
2022-10-04 15:02:46.198,13597,13598,13597,1,-1
2022-10-04 15:02:46.198,13597,13598,13597,1,-1
2022-10-04 15:02:47.884,13596,13598,13598,1,1
2022-10-04 15:02:48.446,13596,13598,13598,1,1
2022-10-04 15:02:50.689,13596,13598,13598,1,1
2022-10-04 15:02:51.577,13597,13598,13598,4,4
2022-10-04 15:02:53.515,13597,13598,13597,1,-1
2022-10-04 15:02:54.091,13596,13597,13596,3,-3
2022-10-04 15:02:54.295,13595,13596,13596,1,1
2022-10-04 15:02:54.972,13595,13597,13597,1,1
2022-10-04 15:02:58.398,13597,13598,13597,1,-1
2022-10-04 15:02:58.554,13597,13598,13597,1,-1
2022-10-04 15:03:02.140,13595,13597,13597,1,1
2022-10-04 15:03:02.653,13595,13597,13595,2,-2
2022-10-04 15:03:03.773,13595,13596,13596,1,1
2022-10-04 15:03:10.767,13596,13597,13596,1,-1
2022-10-04 15:03:14.998,13596,13597,13596,1,-1
2022-10-04 15:03:19.393,13596,13597,13596,2,-2
2022-10-04 15:03:23.517,13595,13596,13596,1,1
2022-10-04 15:03:23.957,13595,13596,13595,1,-1
2022-10-04 15:03:25.377,13595,13596,13596,1,1
2022-10-04 15:03:25.377,13595,13596,13596,1,1
2022-10-04 15:03:25.377,13595,13596,13596,1,1
2022-10-04 15:03:25.377,13595,13596,13596,1,1
2022-10-04 15:03:25.377,13595,13596,13596,1,1
2022-10-04 15:03:26.021,13595,13597,13595,5,-5
2022-10-04 15:03:26.441,13595,13597,13595,2,-2
2022-10-04 15:03:27.660,13595,13596,13595,1,-1
2022-10-04 15:03:28.390,13595,13596,13595,1,-1
2022-10-04 15:03:28.390,13595,13596,13595,12,-12
2022-10-04 15:03:28.576,13595,13596,13595,2,-2
2022-10-04 15:03:30.049,13595,13596,13596,2,2
2022-10-04 15:03:31.501,13595,13596,13596,1,1
2022-10-04 15:03:31.518,13595,13596,13595,1,-1
2022-10-04 15:03:32.164,13595,13596,13595,1,-1
2022-10-04 15:03:32.164,13595,13596,13595,7,-7
2022-10-04 15:03:32.165,13595,13596,13595,1,-1
2022-10-04 15:03:34.757,13594,13595,13595,2,2
2022-10-04 15:03:35.341,13594,13595,13594,5,-5
2022-10-04 15:03:35.754,13594,13595,13595,3,3
2022-10-04 15:03:36.662,13594,13595,13595,4,4
2022-10-04 15:03:36.662,13594,13595,13595,6,6
2022-10-04 15:03:37.140,13594,13595,13594,2,-2
2022-10-04 15:03:37.209,13594,13595,13595,1,1
2022-10-04 15:03:37.610,13594,13595,13595,1,1
2022-10-04 15:03:38.731,13594,13595,13594,2,-2
2022-10-04 15:03:38.731,13594,13595,13593,3,-3
2022-10-04 15:03:39.771,13594,13595,13594,3,-3
2022-10-04 15:03:39.771,13594,13595,13593,2,-2
2022-10-04 15:03:40.029,13593,13595,13595,1,1
2022-10-04 15:03:42.464,13594,13595,13595,2,2
2022-10-04 15:03:44.267,13594,13596,13596,1,1
2022-10-04 15:03:44.622,13594,13596,13596,9,9
2022-10-04 15:03:44.793,13595,13597,13595,1,-1
2022-10-04 15:03:44.918,13595,13597,13595,1,-1
2022-10-04 15:03:45.025,13595,13597,13595,1,-1
2022-10-04 15:03:46.108,13596,13597,13596,1,-1
2022-10-04 15:03:49.231,13595,13596,13596,2,2
2022-10-04 15:03:49.231,13595,13596,13596,1,1
2022-10-04 15:03:49.550,13595,13597,13597,5,5
2022-10-04 15:03:50.114,13595,13597,13595,1,-1
2022-10-04 15:03:51.220,13595,13597,13595,1,-1
2022-10-04 15:03:54.429,13595,13597,13597,5,5
2022-10-04 15:03:55.089,13595,13596,13596,1,1
2022-10-04 15:03:55.297,13596,13597,13597,4,4
2022-10-04 15:03:55.298,13596,13597,13597,2,2
2022-10-04 15:03:55.491,13596,13598,13598,6,6
2022-10-04 15:03:58.151,13598,13599,13598,1,-1
2022-10-04 15:03:58.702,13598,13599,13598,4,-4
2022-10-04 15:03:59.442,13598,13599,13599,1,1
2022-10-04 15:03:59.442,13598,13599,13599,2,2
2022-10-04 15:04:00.330,13599,13600,13599,8,-8
2022-10-04 15:04:00.552,13598,13600,13598,1,-1
2022-10-04 15:04:00.924,13598,13599,13598,1,-1
2022-10-04 15:04:01.229,13598,13599,13598,1,-1
2022-10-04 15:04:03.485,13596,13598,13596,1,-1
2022-10-04 15:04:03.607,13596,13597,13597,1,1
2022-10-04 15:04:12.964,13597,13598,13597,1,-1
2022-10-04 15:04:12.964,13597,13598,13597,1,-1
2022-10-04 15:04:13.960,13596,13597,13597,1,1
2022-10-04 15:04:14.300,13596,13597,13597,2,2
2022-10-04 15:04:17.880,13596,13598,13596,5,-5
2022-10-04 15:04:18.229,13596,13597,13596,1,-1
2022-10-04 15:04:18.229,13596,13597,13595,4,-4
2022-10-04 15:04:19.971,13595,13597,13595,2,-2
2022-10-04 15:04:25.686,13595,13597,13595,5,-5
2022-10-04 15:04:26.899,13595,13596,13596,1,1
2022-10-04 15:04:27.807,13595,13596,13595,3,-3
2022-10-04 15:04:27.807,13595,13596,13594,1,-1
2022-10-04 15:04:31.451,13595,13596,13595,2,-2
2022-10-04 15:04:33.198,13595,13596,13595,3,-3
2022-10-04 15:04:33.540,13595,13596,13595,1,-1
2022-10-04 15:04:35.971,13595,13596,13595,7,-7
2022-10-04 15:04:35.971,13595,13596,13595,3,-3
2022-10-04 15:04:40.065,13594,13595,13594,1,-1
2022-10-04 15:04:40.375,13594,13595,13595,1,1
2022-10-04 15:04:40.870,13594,13595,13594,1,-1
2022-10-04 15:04:47.400,13594,13595,13595,1,1
2022-10-04 15:04:47.400,13594,13595,13596,3,3
2022-10-04 15:04:48.887,13594,13595,13594,5,-5
2022-10-04 15:04:50.511,13594,13595,13595,1,1
2022-10-04 15:04:53.538,13594,13596,13596,1,1
2022-10-04 15:04:54.401,13595,13596,13595,1,-1
2022-10-04 15:04:57.738,13594,13595,13594,4,-4
2022-10-04 15:04:57.739,13594,13595,13594,4,-4
2022-10-04 15:04:58.698,13593,13595,13593,2,-2
2022-10-04 15:04:59.593,13593,13595,13595,1,1
2022-10-04 15:05:01.959,13594,13595,13595,1,1
2022-10-04 15:05:02.514,13595,13596,13596,2,2
2022-10-04 15:05:02.914,13595,13597,13597,1,1
2022-10-04 15:05:03.115,13596,13597,13597,5,5
2022-10-04 15:05:04.430,13596,13598,13596,5,-5
2022-10-04 15:05:04.647,13595,13597,13597,1,1
2022-10-04 15:05:06.470,13595,13597,13595,2,-2
2022-10-04 15:05:07.393,13595,13597,13595,2,-2
2022-10-04 15:05:08.733,13595,13597,13595,1,-1
2022-10-04 15:05:10.399,13595,13597,13597,1,1
2022-10-04 15:05:11.146,13595,13597,13595,2,-2
2022-10-04 15:05:11.637,13595,13597,13595,1,-1
2022-10-04 15:05:13.240,13595,13597,13595,2,-2
2022-10-04 15:05:13.613,13595,13597,13595,1,-1
2022-10-04 15:05:17.455,13595,13597,13597,2,2
2022-10-04 15:05:17.456,13595,13597,13597,3,3
2022-10-04 15:05:17.988,13596,13598,13598,3,3
2022-10-04 15:05:20.054,13597,13599,13597,3,-3
2022-10-04 15:05:22.599,13595,13597,13597,1,1
2022-10-04 15:05:22.649,13595,13597,13597,3,3
2022-10-04 15:05:28.161,13596,13597,13597,1,1
2022-10-04 15:05:29.165,13596,13598,13597,1,1
2022-10-04 15:05:33.056,13597,13598,13597,1,-1
2022-10-04 15:05:34.100,13597,13598,13597,2,-2
2022-10-04 15:05:34.100,13597,13598,13597,1,-1
2022-10-04 15:05:34.616,13596,13597,13596,4,-4
2022-10-04 15:05:34.914,13595,13596,13596,1,1
2022-10-04 15:05:34.919,13595,13596,13596,1,1
2022-10-04 15:05:37.444,13595,13596,13596,1,1
2022-10-04 15:05:39.763,13595,13596,13595,1,-1
2022-10-04 15:05:39.763,13595,13596,13595,1,-1
2022-10-04 15:05:40.640,13594,13595,13595,2,2
2022-10-04 15:05:42.295,13595,13596,13595,1,-1
2022-10-04 15:05:42.974,13595,13596,13595,1,-1
2022-10-04 15:05:44.567,13594,13596,13594,1,-1
2022-10-04 15:05:48.459,13595,13596,13595,1,-1
2022-10-04 15:05:50.455,13594,13596,13596,3,3
2022-10-04 15:05:51.246,13595,13597,13597,1,1
2022-10-04 15:05:52.346,13595,13597,13595,2,-2
2022-10-04 15:05:52.914,13595,13597,13595,1,-1
2022-10-04 15:05:57.857,13596,13597,13596,2,-2
2022-10-04 15:05:57.857,13596,13597,13596,1,-1
2022-10-04 15:06:04.684,13596,13597,13596,1,-1
2022-10-04 15:06:08.570,13595,13596,13596,1,1
2022-10-04 15:06:11.837,13596,13598,13598,8,8
2022-10-04 15:06:12.257,13598,13599,13599,1,1
2022-10-04 15:06:12.500,13598,13599,13599,1,1
2022-10-04 15:06:12.654,13598,13599,13599,1,1
2022-10-04 15:06:12.897,13598,13599,13599,1,1
2022-10-04 15:06:13.308,13598,13599,13599,1,1
2022-10-04 15:06:13.524,13597,13599,13599,1,1
2022-10-04 15:06:13.821,13597,13599,13599,1,1
2022-10-04 15:06:16.543,13596,13598,13598,1,1
2022-10-04 15:06:17.814,13598,13599,13598,1,-1
2022-10-04 15:06:23.154,13598,13599,13598,1,-1
2022-10-04 15:06:23.465,13596,13598,13599,1,1
2022-10-04 15:06:24.477,13597,13599,13599,1,1
2022-10-04 15:06:28.944,13597,13598,13598,1,1
2022-10-04 15:06:31.266,13597,13599,13599,1,1
2022-10-04 15:06:31.293,13597,13599,13597,1,-1
2022-10-04 15:06:32.278,13597,13598,13598,1,1
2022-10-04 15:06:33.608,13598,13599,13599,2,2
2022-10-04 15:06:34.836,13598,13599,13599,3,3
2022-10-04 15:06:39.969,13597,13598,13598,2,2
2022-10-04 15:06:39.969,13597,13598,13598,4,4
2022-10-04 15:06:39.969,13597,13598,13598,1,1
2022-10-04 15:06:39.969,13597,13598,13598,6,6
2022-10-04 15:06:39.969,13597,13598,13598,1,1
2022-10-04 15:06:39.969,13597,13598,13598,6,6
2022-10-04 15:06:42.137,13599,13600,13600,1,1
2022-10-04 15:06:42.137,13599,13600,13600,1,1
2022-10-04 15:06:42.137,13599,13600,13600,6,6
2022-10-04 15:06:43.155,13600,13601,13601,4,4
2022-10-04 15:06:44.855,13600,13602,13602,9,9
2022-10-04 15:06:45.442,13601,13602,13602,1,1
2022-10-04 15:06:47.002,13601,13602,13602,5,5
2022-10-04 15:06:48.736,13601,13602,13602,1,1
2022-10-04 15:06:53.786,13601,13602,13601,2,-2
2022-10-04 15:06:54.690,13600,13602,13602,2,2
2022-10-04 15:06:55.079,13600,13602,13602,1,1
2022-10-04 15:06:58.459,13600,13601,13601,1,1
2022-10-04 15:06:58.857,13600,13601,13601,1,1
2022-10-04 15:07:00.204,13600,13601,13601,3,3
2022-10-04 15:07:00.879,13601,13602,13602,1,1
2022-10-04 15:07:01.119,13601,13602,13602,4,4
2022-10-04 15:07:01.544,13602,13603,13603,5,5
2022-10-04 15:07:01.941,13602,13603,13603,1,1
2022-10-04 15:07:01.941,13602,13603,13603,1,1
2022-10-04 15:07:01.941,13602,13603,13603,5,5
2022-10-04 15:07:02.089,13603,13604,13604,4,4
2022-10-04 15:07:03.527,13603,13605,13605,1,1
2022-10-04 15:07:04.923,13604,13605,13604,1,-1
2022-10-04 15:07:05.807,13604,13605,13605,7,7
2022-10-04 15:07:05.844,13604,13605,13606,1,1
2022-10-04 15:07:06.483,13605,13606,13606,1,1
2022-10-04 15:07:06.952,13605,13606,13605,1,-1
2022-10-04 15:07:07.912,13605,13606,13606,1,1
2022-10-04 15:07:07.912,13605,13606,13606,1,1
2022-10-04 15:07:07.912,13605,13606,13606,10,10
2022-10-04 15:07:07.954,13605,13606,13606,1,1
2022-10-04 15:07:08.055,13606,13607,13606,1,-1
2022-10-04 15:07:08.155,13606,13607,13606,1,-1
2022-10-04 15:07:08.667,13605,13607,13607,1,1
2022-10-04 15:07:08.829,13605,13607,13607,1,1
2022-10-04 15:07:09.907,13605,13606,13606,2,2
2022-10-04 15:07:10.349,13605,13607,13607,15,15
2022-10-04 15:07:10.568,13607,13608,13608,1,1
2022-10-04 15:07:11.558,13606,13607,13607,1,1
2022-10-04 15:07:11.558,13606,13607,13607,2,2
2022-10-04 15:07:11.666,13606,13608,13608,2,2
2022-10-04 15:07:11.733,13606,13608,13607,1,1
2022-10-04 15:07:11.834,13606,13608,13607,1,1
2022-10-04 15:07:11.934,13606,13608,13607,1,1
2022-10-04 15:07:12.035,13606,13608,13607,1,1
2022-10-04 15:07:12.141,13606,13608,13607,1,1
2022-10-04 15:07:12.331,13606,13607,13607,1,1
2022-10-04 15:07:12.376,13606,13608,13606,1,-1
2022-10-04 15:07:12.431,13606,13608,13607,1,-1
2022-10-04 15:07:13.025,13607,13608,13607,1,-1
2022-10-04 15:07:13.645,13607,13608,13608,3,3
2022-10-04 15:07:13.646,13607,13608,13608,13,13
2022-10-04 15:07:13.667,13607,13608,13609,1,1
2022-10-04 15:07:13.670,13607,13608,13609,3,3
2022-10-04 15:07:13.670,13607,13608,13609,10,10
2022-10-04 15:07:13.670,13607,13608,13609,1,1
2022-10-04 15:07:13.670,13607,13608,13609,3,3
2022-10-04 15:07:13.671,13607,13608,13610,6,6
2022-10-04 15:07:13.671,13607,13608,13610,1,1
2022-10-04 15:07:13.671,13607,13608,13610,1,1
2022-10-04 15:07:13.671,13607,13608,13610,1,1
2022-10-04 15:07:13.672,13607,13608,13610,1,1
2022-10-04 15:07:13.672,13607,13608,13610,1,1
2022-10-04 15:07:13.677,13607,13608,13610,1,1
2022-10-04 15:07:13.677,13607,13608,13610,5,5
2022-10-04 15:07:13.677,13607,13608,13610,4,4
2022-10-04 15:07:13.703,13607,13608,13611,1,1
2022-10-04 15:07:13.783,13610,13611,13611,8,8
2022-10-04 15:07:13.806,13610,13611,13610,1,-1
2022-10-04 15:07:13.816,13610,13611,13611,2,2
2022-10-04 15:07:13.949,13610,13611,13611,2,2
2022-10-04 15:07:14.027,13610,13612,13610,1,-1
2022-10-04 15:07:14.074,13610,13612,13610,2,-2
2022-10-04 15:07:14.126,13610,13612,13611,2,-2
2022-10-04 15:07:15.275,13611,13612,13612,1,1
2022-10-04 15:07:15.326,13611,13612,13612,12,12
2022-10-04 15:07:15.386,13611,13612,13612,2,2
2022-10-04 15:07:15.386,13611,13612,13613,3,3
2022-10-04 15:07:15.616,13611,13613,13613,1,1
2022-10-04 15:07:15.825,13612,13613,13613,1,1
2022-10-04 15:07:15.948,13612,13613,13613,1,1
2022-10-04 15:07:16.098,13612,13613,13612,2,-2
2022-10-04 15:07:16.113,13612,13613,13612,4,-4
2022-10-04 15:07:16.533,13612,13613,13613,4,4
2022-10-04 15:07:16.534,13612,13613,13613,4,4
2022-10-04 15:07:16.534,13612,13613,13613,1,1
2022-10-04 15:07:16.837,13612,13613,13613,1,1
2022-10-04 15:07:16.937,13613,13614,13613,2,-2
2022-10-04 15:07:17.095,13612,13613,13613,1,1
2022-10-04 15:07:17.196,13613,13614,13613,1,-1
2022-10-04 15:07:17.497,13612,13613,13613,2,2
2022-10-04 15:07:17.568,13612,13614,13613,1,1
2022-10-04 15:07:17.643,13612,13613,13612,1,-1
2022-10-04 15:07:18.036,13612,13613,13612,2,-2
2022-10-04 15:07:18.353,13612,13613,13613,1,1
2022-10-04 15:07:19.508,13613,13614,13613,1,-1
2022-10-04 15:07:19.587,13613,13614,13614,1,1
2022-10-04 15:07:19.644,13613,13614,13613,1,-1
2022-10-04 15:07:19.661,13613,13614,13614,2,2
2022-10-04 15:07:19.673,13613,13614,13613,1,-1
2022-10-04 15:07:19.728,13613,13614,13614,2,2
2022-10-04 15:07:20.200,13613,13614,13614,1,1
2022-10-04 15:07:20.248,13613,13614,13613,1,-1
2022-10-04 15:07:20.548,13613,13614,13613,1,-1
2022-10-04 15:07:20.560,13613,13614,13613,1,-1
2022-10-04 15:07:20.560,13613,13614,13613,1,-1
2022-10-04 15:07:20.561,13613,13614,13613,1,-1
2022-10-04 15:07:20.561,13613,13614,13612,1,-1
2022-10-04 15:07:20.589,13613,13614,13614,1,1
2022-10-04 15:07:20.921,13613,13614,13613,1,-1
2022-10-04 15:07:21.645,13613,13614,13613,1,-1
2022-10-04 15:07:23.038,13612,13613,13613,2,2
2022-10-04 15:07:23.450,13612,13613,13612,1,-1
2022-10-04 15:07:23.583,13611,13613,13613,1,1
2022-10-04 15:07:23.931,13611,13612,13612,1,1
2022-10-04 15:07:24.588,13611,13612,13611,1,-1
2022-10-04 15:07:24.822,13611,13612,13611,2,-2
2022-10-04 15:07:24.875,13609,13611,13611,1,1
2022-10-04 15:07:25.495,13609,13611,13611,1,1
2022-10-04 15:07:29.707,13610,13611,13610,6,-6
2022-10-04 15:07:30.277,13609,13610,13610,1,1
2022-10-04 15:07:32.087,13609,13610,13609,1,-1
2022-10-04 15:07:33.706,13609,13610,13609,1,-1
2022-10-04 15:07:35.445,13608,13609,13609,1,1
2022-10-04 15:07:37.156,13608,13609,13609,1,1
2022-10-04 15:07:38.031,13608,13609,13609,1,1
2022-10-04 15:07:38.031,13608,13609,13610,5,5
2022-10-04 15:07:38.559,13608,13610,13610,20,20
2022-10-04 15:07:40.150,13610,13611,13610,2,-2
2022-10-04 15:07:40.335,13610,13611,13610,1,-1
2022-10-04 15:07:40.347,13610,13611,13611,5,5
2022-10-04 15:07:40.562,13610,13611,13610,1,-1
2022-10-04 15:07:41.793,13610,13611,13611,1,1
2022-10-04 15:07:43.117,13610,13611,13611,1,1
2022-10-04 15:07:43.241,13610,13611,13611,1,1
2022-10-04 15:07:43.337,13610,13611,13611,3,3
2022-10-04 15:07:44.765,13610,13611,13611,2,2
2022-10-04 15:07:45.259,13610,13612,13610,1,-1
2022-10-04 15:07:47.403,13610,13612,13612,13,13
2022-10-04 15:07:47.594,13612,13613,13613,1,1
2022-10-04 15:07:47.595,13612,13613,13613,2,2
2022-10-04 15:07:47.595,13612,13613,13613,4,4
2022-10-04 15:07:47.595,13612,13613,13613,1,1
2022-10-04 15:07:47.595,13612,13613,13613,1,1
2022-10-04 15:07:48.011,13612,13613,13613,2,2
2022-10-04 15:07:50.133,13612,13613,13613,2,2
2022-10-04 15:07:50.133,13612,13613,13614,1,1
2022-10-04 15:07:50.157,13612,13613,13613,3,3
2022-10-04 15:07:50.429,13612,13614,13614,12,12
2022-10-04 15:07:51.606,13613,13615,13613,2,-2
2022-10-04 15:07:51.711,13613,13614,13613,1,-1
2022-10-04 15:07:51.711,13613,13614,13612,1,-1
2022-10-04 15:07:51.894,13612,13614,13614,5,5
2022-10-04 15:07:51.894,13612,13614,13612,1,-1
2022-10-04 15:07:51.910,13612,13614,13614,1,1
2022-10-04 15:07:51.910,13612,13614,13614,2,2
2022-10-04 15:07:52.166,13612,13614,13614,5,5
2022-10-04 15:07:52.193,13612,13614,13614,4,4
2022-10-04 15:07:52.282,13612,13614,13614,4,4
2022-10-04 15:07:52.409,13612,13614,13614,4,4
2022-10-04 15:07:52.659,13612,13613,13613,1,1
2022-10-04 15:07:52.659,13612,13613,13614,1,1
2022-10-04 15:07:52.961,13612,13614,13614,4,4
2022-10-04 15:07:52.961,13612,13614,13614,1,1
2022-10-04 15:07:56.339,13613,13614,13613,4,-4
2022-10-04 15:07:58.200,13612,13613,13613,1,1
2022-10-04 15:07:58.340,13612,13614,13613,2,2
2022-10-04 15:07:58.341,13612,13614,13613,13,13
2022-10-04 15:07:58.367,13612,13614,13613,1,1
2022-10-04 15:07:58.532,13613,13614,13613,2,-2
2022-10-04 15:07:58.532,13613,13614,13613,2,-2
2022-10-04 15:08:00.306,13611,13613,13613,1,1
2022-10-04 15:08:02.581,13613,13614,13613,1,-1
2022-10-04 15:08:03.010,13612,13613,13613,1,1
2022-10-04 15:08:03.011,13612,13613,13613,1,1
2022-10-04 15:08:03.012,13612,13613,13613,3,3
2022-10-04 15:08:04.031,13612,13613,13613,1,1
2022-10-04 15:08:04.031,13612,13613,13613,1,1
2022-10-04 15:08:06.699,13612,13613,13613,1,1
2022-10-04 15:08:06.836,13612,13613,13613,1,1
2022-10-04 15:08:08.111,13613,13614,13614,1,1
2022-10-04 15:08:08.224,13613,13614,13613,1,-1
2022-10-04 15:08:09.633,13612,13613,13612,1,-1
2022-10-04 15:08:10.703,13612,13613,13612,4,-4
2022-10-04 15:08:11.404,13611,13613,13611,2,-2
2022-10-04 15:08:11.834,13611,13612,13612,1,1
2022-10-04 15:08:12.671,13611,13612,13612,2,2
2022-10-04 15:08:14.404,13611,13612,13612,1,1
2022-10-04 15:08:17.594,13612,13613,13612,1,-1
2022-10-04 15:08:20.209,13612,13613,13613,2,2
2022-10-04 15:08:20.746,13612,13613,13612,1,-1
2022-10-04 15:08:21.933,13612,13613,13612,7,-7
2022-10-04 15:08:22.898,13612,13613,13613,3,3
2022-10-04 15:08:23.130,13612,13613,13613,1,1
2022-10-04 15:08:23.858,13613,13614,13613,1,-1
2022-10-04 15:08:25.515,13613,13614,13613,1,-1
2022-10-04 15:08:25.680,13613,13614,13614,1,1
2022-10-04 15:08:29.484,13613,13614,13614,1,1
2022-10-04 15:08:32.398,13613,13614,13613,1,-1
2022-10-04 15:08:32.645,13613,13614,13614,2,2
2022-10-04 15:08:33.557,13613,13614,13614,10,10
2022-10-04 15:08:36.094,13613,13614,13614,1,1
2022-10-04 15:08:36.897,13613,13614,13614,16,16
2022-10-04 15:08:36.900,13613,13614,13615,3,3
2022-10-04 15:08:36.975,13613,13614,13614,1,1
2022-10-04 15:08:37.075,13614,13615,13614,1,-1
2022-10-04 15:08:37.154,13614,13615,13615,1,1
2022-10-04 15:08:37.155,13614,13615,13615,1,1
2022-10-04 15:08:37.176,13614,13615,13614,1,-1
2022-10-04 15:08:37.260,13613,13615,13615,5,5
2022-10-04 15:08:37.367,13613,13615,13614,1,1
2022-10-04 15:08:37.467,13614,13615,13614,1,-1
2022-10-04 15:08:40.307,13613,13614,13614,1,1
2022-10-04 15:08:43.315,13614,13615,13614,1,-1
2022-10-04 15:08:45.637,13614,13615,13614,1,-1
2022-10-04 15:08:46.461,13614,13615,13615,1,1
2022-10-04 15:08:47.564,13614,13615,13614,1,-1
2022-10-04 15:08:48.584,13614,13615,13615,1,1
2022-10-04 15:08:48.584,13614,13615,13615,4,4
2022-10-04 15:08:48.584,13614,13615,13615,6,6
2022-10-04 15:08:48.584,13614,13615,13615,1,1
2022-10-04 15:08:48.584,13614,13615,13615,11,11
2022-10-04 15:08:48.677,13615,13616,13615,1,-1
2022-10-04 15:08:49.086,13615,13616,13616,1,1
2022-10-04 15:08:49.542,13615,13616,13615,1,-1
2022-10-04 15:08:49.575,13615,13616,13616,1,1
2022-10-04 15:08:51.142,13615,13616,13616,1,1
2022-10-04 15:08:51.142,13615,13616,13616,4,4
2022-10-04 15:08:51.142,13615,13616,13616,1,1
2022-10-04 15:08:51.142,13615,13616,13616,3,3
2022-10-04 15:08:51.348,13616,13617,13617,1,1
2022-10-04 15:08:51.349,13616,13617,13617,1,1
2022-10-04 15:08:51.445,13616,13617,13617,1,1
2022-10-04 15:08:51.479,13616,13617,13616,1,-1
2022-10-04 15:08:51.688,13616,13617,13617,1,1
2022-10-04 15:08:52.076,13616,13617,13617,1,1
2022-10-04 15:08:52.528,13616,13617,13617,2,2
2022-10-04 15:08:52.859,13616,13617,13617,3,3
2022-10-04 15:08:53.153,13616,13617,13617,1,1
2022-10-04 15:08:53.763,13617,13618,13618,4,4
2022-10-04 15:08:53.837,13617,13618,13617,5,-5
2022-10-04 15:08:53.949,13617,13618,13618,1,1
2022-10-04 15:08:54.298,13617,13618,13617,1,-1
2022-10-04 15:08:54.657,13617,13618,13617,1,-1
2022-10-04 15:08:56.029,13617,13618,13617,1,-1
2022-10-04 15:08:56.972,13616,13618,13617,1,-1
2022-10-04 15:08:57.413,13616,13617,13617,2,2
2022-10-04 15:08:57.567,13616,13617,13617,1,1
2022-10-04 15:08:57.567,13616,13617,13617,1,1
2022-10-04 15:08:57.618,13616,13617,13618,2,2
2022-10-04 15:08:58.604,13617,13618,13618,3,3
2022-10-04 15:08:59.918,13617,13618,13618,1,1
2022-10-04 15:09:00.196,13617,13618,13618,1,1
2022-10-04 15:09:00.209,13617,13618,13617,1,-1
2022-10-04 15:09:00.437,13617,13618,13618,23,23
2022-10-04 15:09:00.587,13618,13619,13619,1,1
2022-10-04 15:09:00.587,13618,13619,13619,2,2
2022-10-04 15:09:00.588,13618,13619,13619,2,2
2022-10-04 15:09:00.588,13618,13619,13619,7,7
2022-10-04 15:09:00.588,13618,13619,13619,3,3
2022-10-04 15:09:00.609,13618,13619,13620,2,2
2022-10-04 15:09:00.626,13619,13620,13620,2,2
2022-10-04 15:09:00.627,13619,13620,13620,3,3
2022-10-04 15:09:00.639,13619,13620,13620,3,3
2022-10-04 15:09:00.642,13619,13620,13620,1,1
2022-10-04 15:09:00.660,13619,13620,13619,1,-1
2022-10-04 15:09:00.675,13619,13620,13620,1,1
2022-10-04 15:09:00.702,13619,13620,13620,1,1
2022-10-04 15:09:00.758,13619,13620,13619,1,-1
2022-10-04 15:09:00.760,13619,13620,13619,1,-1
2022-10-04 15:09:00.772,13619,13620,13619,1,-1
2022-10-04 15:09:00.860,13619,13620,13619,1,-1
2022-10-04 15:09:02.973,13619,13620,13620,1,1
2022-10-04 15:09:04.171,13619,13620,13619,1,-1
2022-10-04 15:09:04.330,13618,13620,13619,1,-1
2022-10-04 15:09:05.606,13618,13620,13620,1,1
2022-10-04 15:09:06.384,13618,13620,13619,1,1
2022-10-04 15:09:06.424,13618,13620,13620,1,1
2022-10-04 15:09:07.829,13618,13620,13619,1,1
2022-10-04 15:09:08.010,13618,13619,13618,2,-2
2022-10-04 15:09:11.223,13617,13618,13617,4,-4
2022-10-04 15:09:11.701,13616,13618,13618,1,1
2022-10-04 15:09:12.481,13616,13617,13618,1,1
2022-10-04 15:09:13.110,13616,13618,13618,3,3
2022-10-04 15:09:14.012,13616,13618,13618,1,1
2022-10-04 15:09:14.263,13617,13619,13617,1,-1
2022-10-04 15:09:17.793,13617,13618,13617,1,-1
2022-10-04 15:09:18.568,13616,13617,13617,1,1
2022-10-04 15:09:19.034,13616,13618,13616,1,-1
2022-10-04 15:09:19.435,13616,13618,13617,1,-1
2022-10-04 15:09:20.290,13616,13617,13617,1,1
2022-10-04 15:09:21.509,13616,13618,13618,3,3
2022-10-04 15:09:21.574,13616,13618,13619,3,3
2022-10-04 15:09:22.595,13617,13619,13619,1,1
2022-10-04 15:09:24.866,13617,13619,13617,1,-1
2022-10-04 15:09:27.105,13618,13619,13619,1,1
2022-10-04 15:09:27.230,13618,13619,13619,1,1
2022-10-04 15:09:29.060,13618,13619,13619,3,3
2022-10-04 15:09:30.645,13619,13620,13619,1,-1
2022-10-04 15:09:32.301,13618,13619,13618,1,-1
2022-10-04 15:09:32.549,13617,13618,13617,1,-1
2022-10-04 15:09:32.549,13617,13618,13617,1,-1
2022-10-04 15:09:32.549,13617,13618,13617,1,-1
2022-10-04 15:09:32.550,13617,13618,13617,4,-4
2022-10-04 15:09:32.605,13617,13618,13618,1,1
2022-10-04 15:09:33.652,13617,13618,13618,1,1
2022-10-04 15:09:33.978,13617,13619,13617,9,-9
2022-10-04 15:09:33.978,13617,13619,13617,1,-1
2022-10-04 15:09:35.021,13616,13618,13616,1,-1
2022-10-04 15:09:35.611,13616,13618,13616,1,-1
2022-10-04 15:09:36.237,13616,13617,13617,1,1
2022-10-04 15:09:36.763,13616,13617,13617,1,1
2022-10-04 15:09:37.230,13616,13617,13617,1,1
2022-10-04 15:09:37.388,13616,13617,13617,1,1
2022-10-04 15:09:37.666,13616,13617,13617,1,1
2022-10-04 15:09:39.034,13617,13618,13617,1,-1
2022-10-04 15:09:39.610,13616,13618,13618,1,1
2022-10-04 15:09:40.503,13616,13618,13618,1,1
2022-10-04 15:09:41.026,13617,13618,13617,1,-1
2022-10-04 15:09:41.436,13616,13618,13617,3,-3
2022-10-04 15:09:42.581,13616,13617,13616,6,-6
2022-10-04 15:09:42.581,13616,13617,13616,1,-1
2022-10-04 15:09:42.581,13616,13617,13616,2,-2
2022-10-04 15:09:42.581,13616,13617,13616,14,-14
2022-10-04 15:09:42.581,13616,13617,13616,1,-1
2022-10-04 15:09:42.581,13616,13617,13616,1,-1
2022-10-04 15:09:42.582,13616,13617,13616,1,-1
2022-10-04 15:09:42.582,13616,13617,13616,2,-2
2022-10-04 15:09:43.432,13615,13616,13615,4,-4
2022-10-04 15:09:43.559,13615,13616,13616,1,1
2022-10-04 15:09:43.914,13615,13616,13616,1,1
2022-10-04 15:09:43.922,13615,13616,13616,1,1
2022-10-04 15:09:43.987,13615,13616,13617,1,1
2022-10-04 15:09:44.016,13616,13617,13617,1,1
2022-10-04 15:09:45.566,13615,13617,13617,1,1
2022-10-04 15:09:46.366,13615,13617,13615,4,-4
2022-10-04 15:09:47.774,13615,13617,13617,1,1
2022-10-04 15:09:47.856,13615,13617,13615,1,-1
2022-10-04 15:09:48.938,13615,13617,13615,10,-10
2022-10-04 15:09:49.411,13615,13616,13616,1,1
2022-10-04 15:09:51.185,13615,13617,13615,1,-1
2022-10-04 15:09:52.474,13615,13616,13616,1,1
2022-10-04 15:09:54.322,13615,13616,13615,1,-1
2022-10-04 15:09:54.326,13615,13616,13615,1,-1
2022-10-04 15:09:56.782,13614,13615,13614,1,-1
2022-10-04 15:09:56.981,13614,13615,13615,1,1
2022-10-04 15:10:00.212,13614,13615,13614,1,-1
2022-10-04 15:10:00.520,13614,13615,13614,1,-1
2022-10-04 15:10:00.769,13614,13615,13615,2,2
2022-10-04 15:10:04.205,13614,13616,13615,1,1
2022-10-04 15:10:04.503,13614,13616,13614,8,-8
2022-10-04 15:10:08.310,13614,13616,13614,2,-2
2022-10-04 15:10:11.043,13614,13616,13614,2,-2
2022-10-04 15:10:11.586,13614,13615,13614,2,-2
2022-10-04 15:10:12.455,13613,13614,13613,1,-1
2022-10-04 15:10:14.048,13613,13614,13614,1,1
2022-10-04 15:10:14.051,13613,13614,13614,1,1
2022-10-04 15:10:15.448,13613,13614,13614,1,1
2022-10-04 15:10:19.656,13613,13614,13613,1,-1
2022-10-04 15:10:19.656,13613,13614,13613,2,-2
2022-10-04 15:10:19.660,13613,13614,13612,1,-1
2022-10-04 15:10:19.834,13612,13613,13613,3,3
2022-10-04 15:10:21.278,13612,13613,13612,6,-6
2022-10-04 15:10:21.279,13612,13613,13612,4,-4
2022-10-04 15:10:21.279,13612,13613,13612,1,-1
2022-10-04 15:10:21.279,13612,13613,13612,3,-3
2022-10-04 15:10:21.279,13612,13613,13612,12,-12
2022-10-04 15:10:22.380,13611,13613,13611,2,-2
2022-10-04 15:10:23.406,13611,13612,13611,2,-2
2022-10-04 15:10:24.317,13610,13611,13610,1,-1
2022-10-04 15:10:24.406,13610,13611,13610,1,-1
2022-10-04 15:10:25.325,13610,13611,13610,1,-1
2022-10-04 15:10:25.325,13610,13611,13610,21,-21
2022-10-04 15:10:26.423,13609,13611,13609,2,-2
2022-10-04 15:10:27.664,13610,13611,13610,1,-1
2022-10-04 15:10:31.287,13610,13611,13611,2,2
2022-10-04 15:10:31.287,13610,13611,13611,2,2
2022-10-04 15:10:31.996,13611,13612,13611,1,-1
2022-10-04 15:10:32.018,13610,13612,13610,1,-1
2022-10-04 15:10:32.461,13610,13612,13610,1,-1
2022-10-04 15:10:34.073,13611,13612,13611,1,-1
2022-10-04 15:10:36.081,13610,13612,13610,15,-15
2022-10-04 15:10:37.660,13610,13612,13612,13,13
2022-10-04 15:10:37.661,13610,13612,13612,12,12
2022-10-04 15:10:37.662,13610,13612,13612,1,1
2022-10-04 15:10:37.662,13610,13612,13612,1,1
2022-10-04 15:10:37.662,13610,13612,13612,23,23
2022-10-04 15:10:37.664,13610,13612,13611,1,1
2022-10-04 15:10:40.865,13611,13612,13612,2,2
2022-10-04 15:10:41.932,13611,13613,13611,1,-1
2022-10-04 15:10:43.558,13611,13612,13612,1,1
2022-10-04 15:10:44.339,13610,13611,13611,1,1
2022-10-04 15:10:44.819,13610,13611,13611,2,2
2022-10-04 15:10:45.701,13610,13611,13610,1,-1
2022-10-04 15:10:48.989,13610,13611,13611,1,1
2022-10-04 15:10:50.395,13610,13611,13610,5,-5
2022-10-04 15:10:51.154,13609,13611,13611,1,1
2022-10-04 15:10:51.353,13609,13611,13609,1,-1
2022-10-04 15:10:54.273,13610,13611,13610,2,-2
2022-10-04 15:10:54.273,13610,13611,13610,1,-1
2022-10-04 15:10:54.519,13609,13610,13609,1,-1
2022-10-04 15:10:54.519,13609,13610,13609,1,-1
2022-10-04 15:10:54.519,13609,13610,13609,1,-1
2022-10-04 15:10:55.580,13608,13610,13608,1,-1
2022-10-04 15:10:55.736,13608,13610,13608,1,-1
2022-10-04 15:10:55.736,13608,13610,13608,2,-2
2022-10-04 15:10:55.736,13608,13610,13608,1,-1
2022-10-04 15:10:55.744,13608,13610,13608,1,-1
2022-10-04 15:10:55.766,13607,13608,13608,2,2
2022-10-04 15:10:59.429,13607,13609,13607,5,-5
2022-10-04 15:11:00.074,13608,13609,13608,1,-1
2022-10-04 15:11:00.779,13608,13609,13608,3,-3
2022-10-04 15:11:01.429,13607,13609,13607,1,-1
2022-10-04 15:11:02.940,13607,13608,13607,1,-1
2022-10-04 15:11:03.586,13606,13608,13608,2,2
2022-10-04 15:11:03.938,13606,13608,13608,2,2
2022-10-04 15:11:05.188,13608,13609,13609,3,3
2022-10-04 15:11:05.833,13607,13608,13608,1,1
2022-10-04 15:11:06.703,13606,13608,13608,1,1
2022-10-04 15:11:06.703,13606,13608,13609,1,1
2022-10-04 15:11:06.868,13607,13609,13609,6,6
2022-10-04 15:11:07.315,13607,13609,13609,3,3
2022-10-04 15:11:07.315,13607,13609,13610,1,1
2022-10-04 15:11:07.414,13608,13609,13609,2,2
2022-10-04 15:11:07.430,13608,13609,13609,3,3
2022-10-04 15:11:07.430,13608,13609,13610,3,3
2022-10-04 15:11:09.276,13608,13610,13610,1,1
2022-10-04 15:11:13.545,13608,13609,13608,5,-5
2022-10-04 15:11:13.561,13608,13609,13609,2,2
2022-10-04 15:11:16.215,13607,13608,13608,2,2
2022-10-04 15:11:16.215,13607,13608,13608,3,3
2022-10-04 15:11:16.215,13607,13608,13608,1,1
2022-10-04 15:11:17.131,13608,13609,13609,1,1
2022-10-04 15:11:17.373,13608,13609,13609,1,1
2022-10-04 15:11:18.463,13608,13609,13609,3,3
2022-10-04 15:11:18.827,13609,13610,13610,1,1
2022-10-04 15:11:20.137,13609,13610,13610,1,1
2022-10-04 15:11:20.137,13609,13610,13610,1,1
2022-10-04 15:11:20.137,13609,13610,13610,3,3
2022-10-04 15:11:21.437,13610,13611,13610,2,-2
2022-10-04 15:11:22.812,13610,13612,13612,1,1
2022-10-04 15:11:25.980,13610,13612,13612,3,3
2022-10-04 15:11:26.255,13611,13613,13611,1,-1
2022-10-04 15:11:27.914,13611,13612,13612,1,1
2022-10-04 15:11:27.914,13611,13612,13612,1,1
2022-10-04 15:11:27.986,13611,13612,13613,1,1
2022-10-04 15:11:32.125,13611,13612,13611,1,-1
2022-10-04 15:11:34.394,13611,13612,13612,1,1
2022-10-04 15:11:39.625,13610,13611,13610,1,-1
2022-10-04 15:11:40.115,13609,13611,13611,1,1
2022-10-04 15:11:41.341,13610,13611,13611,1,1
2022-10-04 15:11:44.799,13610,13611,13611,1,1
2022-10-04 15:11:46.019,13610,13611,13611,1,1
2022-10-04 15:11:47.251,13610,13611,13610,1,-1
2022-10-04 15:11:50.354,13610,13611,13611,2,2
2022-10-04 15:11:50.354,13610,13611,13612,3,3
2022-10-04 15:11:51.652,13611,13612,13612,2,2
2022-10-04 15:11:51.949,13611,13612,13612,1,1
2022-10-04 15:11:54.011,13611,13612,13611,1,-1
2022-10-04 15:11:55.537,13611,13612,13612,2,2
2022-10-04 15:11:55.537,13611,13612,13612,2,2
2022-10-04 15:11:56.024,13611,13613,13611,5,-5
2022-10-04 15:11:56.100,13611,13613,13611,1,-1
2022-10-04 15:11:56.373,13611,13613,13611,5,-5
2022-10-04 15:11:56.721,13611,13613,13611,5,-5
2022-10-04 15:11:57.051,13611,13613,13611,5,-5
2022-10-04 15:11:58.346,13610,13611,13610,5,-5
2022-10-04 15:11:59.810,13610,13611,13611,1,1
2022-10-04 15:12:00.351,13610,13611,13610,5,-5
2022-10-04 15:12:00.778,13610,13611,13611,1,1
2022-10-04 15:12:01.087,13610,13611,13611,1,1
2022-10-04 15:12:01.087,13610,13611,13611,2,2
2022-10-04 15:12:01.305,13610,13612,13610,4,-4
2022-10-04 15:12:01.621,13610,13612,13612,1,1
2022-10-04 15:12:03.301,13610,13611,13610,1,-1
2022-10-04 15:12:03.301,13610,13611,13609,2,-2
2022-10-04 15:12:03.865,13609,13611,13611,1,1
2022-10-04 15:12:07.299,13609,13611,13611,1,1
2022-10-04 15:12:10.061,13610,13612,13612,1,1
2022-10-04 15:12:14.410,13611,13612,13612,1,1
2022-10-04 15:12:14.410,13611,13612,13612,1,1
2022-10-04 15:12:16.805,13610,13612,13612,2,2
2022-10-04 15:12:19.360,13611,13612,13611,1,-1
2022-10-04 15:12:20.501,13610,13611,13610,3,-3
2022-10-04 15:12:21.070,13609,13610,13610,1,1
2022-10-04 15:12:21.467,13609,13610,13610,1,1
2022-10-04 15:12:24.237,13610,13611,13611,1,1
2022-10-04 15:12:24.237,13610,13611,13611,1,1
2022-10-04 15:12:24.238,13610,13611,13611,2,2
2022-10-04 15:12:25.952,13611,13612,13611,1,-1
2022-10-04 15:12:25.952,13611,13612,13610,2,-2
2022-10-04 15:12:26.254,13610,13612,13610,3,-3
2022-10-04 15:12:27.687,13610,13612,13610,1,-1
2022-10-04 15:12:30.023,13610,13611,13611,1,1
2022-10-04 15:12:31.516,13610,13611,13610,3,-3
2022-10-04 15:12:31.968,13609,13610,13609,2,-2
2022-10-04 15:12:32.569,13609,13610,13610,1,1
2022-10-04 15:12:37.172,13610,13611,13611,1,1
2022-10-04 15:12:37.829,13610,13611,13610,2,-2
2022-10-04 15:12:39.324,13609,13610,13610,1,1
2022-10-04 15:12:39.729,13609,13610,13609,5,-5
2022-10-04 15:12:40.221,13609,13610,13609,5,-5
2022-10-04 15:12:40.652,13609,13610,13610,1,1
2022-10-04 15:12:41.065,13609,13610,13610,1,1
2022-10-04 15:12:41.596,13610,13611,13610,1,-1
2022-10-04 15:12:42.844,13610,13611,13610,1,-1
2022-10-04 15:12:44.466,13609,13610,13610,1,1
2022-10-04 15:12:44.466,13609,13610,13610,8,8
2022-10-04 15:12:44.562,13610,13611,13611,1,1
2022-10-04 15:12:44.565,13610,13611,13611,1,1
2022-10-04 15:12:44.683,13611,13612,13612,1,1
2022-10-04 15:12:44.699,13611,13612,13612,2,2
2022-10-04 15:12:44.894,13611,13612,13612,1,1
2022-10-04 15:12:44.908,13611,13612,13612,1,1
2022-10-04 15:12:45.053,13611,13612,13612,2,2
2022-10-04 15:12:46.042,13611,13612,13612,2,2
2022-10-04 15:12:47.994,13612,13613,13613,2,2
2022-10-04 15:12:47.995,13612,13613,13613,2,2
2022-10-04 15:12:47.995,13612,13613,13613,8,8
2022-10-04 15:12:47.995,13612,13613,13613,1,1
2022-10-04 15:12:47.995,13612,13613,13613,1,1
2022-10-04 15:12:48.025,13613,13614,13614,1,1
2022-10-04 15:12:48.387,13613,13614,13614,1,1
2022-10-04 15:12:48.581,13613,13614,13613,2,-2
2022-10-04 15:12:48.674,13613,13614,13613,1,-1
2022-10-04 15:12:48.679,13613,13614,13613,1,-1
2022-10-04 15:12:48.685,13613,13614,13613,1,-1
2022-10-04 15:12:50.207,13612,13613,13612,5,-5
2022-10-04 15:12:51.096,13612,13613,13612,5,-5
2022-10-04 15:12:51.159,13612,13613,13612,2,-2
2022-10-04 15:12:52.167,13611,13613,13611,2,-2
2022-10-04 15:12:52.179,13611,13613,13611,5,-5
2022-10-04 15:12:53.539,13611,13612,13612,1,1
2022-10-04 15:12:55.057,13611,13613,13611,5,-5
2022-10-04 15:12:56.431,13612,13613,13612,1,-1
2022-10-04 15:12:56.431,13612,13613,13612,1,-1
2022-10-04 15:12:56.431,13612,13613,13612,3,-3
2022-10-04 15:13:00.955,13611,13612,13611,5,-5
2022-10-04 15:13:05.508,13611,13612,13611,1,-1
2022-10-04 15:13:06.874,13610,13611,13610,7,-7
2022-10-04 15:13:07.159,13609,13610,13610,1,1
2022-10-04 15:13:08.278,13609,13610,13610,1,1
2022-10-04 15:13:10.498,13610,13611,13610,3,-3
2022-10-04 15:13:10.498,13610,13611,13610,8,-8
2022-10-04 15:13:10.652,13609,13611,13609,5,-5
2022-10-04 15:13:10.675,13609,13611,13610,2,-2
2022-10-04 15:13:12.228,13610,13611,13611,2,2
2022-10-04 15:13:14.553,13610,13611,13610,1,-1
2022-10-04 15:13:15.607,13610,13611,13610,10,-10
2022-10-04 15:13:16.273,13609,13610,13609,5,-5
2022-10-04 15:13:17.901,13608,13609,13608,5,-5
2022-10-04 15:13:20.719,13608,13609,13608,3,-3
2022-10-04 15:13:20.719,13608,13609,13607,2,-2
2022-10-04 15:13:20.914,13607,13609,13607,5,-5
2022-10-04 15:13:24.042,13607,13609,13609,1,1
2022-10-04 15:13:24.368,13607,13608,13608,1,1
2022-10-04 15:13:24.396,13607,13608,13608,1,1
2022-10-04 15:13:24.408,13607,13608,13608,1,1
2022-10-04 15:13:24.413,13607,13608,13608,1,1
2022-10-04 15:13:24.628,13609,13610,13610,1,1
2022-10-04 15:13:24.628,13609,13610,13610,1,1
2022-10-04 15:13:25.655,13608,13609,13609,1,1
2022-10-04 15:13:26.259,13608,13610,13610,1,1
2022-10-04 15:13:26.427,13608,13610,13610,5,5
2022-10-04 15:13:27.279,13608,13610,13608,1,-1
2022-10-04 15:13:33.613,13609,13611,13611,1,1
2022-10-04 15:13:33.899,13609,13611,13611,1,1
2022-10-04 15:13:35.142,13610,13611,13610,1,-1
2022-10-04 15:13:35.146,13610,13611,13609,2,-2
2022-10-04 15:13:37.673,13609,13610,13610,2,2
2022-10-04 15:13:37.773,13609,13610,13610,3,3
2022-10-04 15:13:40.208,13610,13611,13611,3,3
2022-10-04 15:13:41.409,13610,13611,13611,1,1
2022-10-04 15:13:45.424,13610,13611,13611,5,5
2022-10-04 15:13:45.431,13610,13611,13611,2,2
2022-10-04 15:13:45.431,13610,13611,13612,1,1
2022-10-04 15:13:45.593,13610,13612,13612,1,1
2022-10-04 15:13:49.863,13611,13612,13612,10,10
2022-10-04 15:13:50.953,13611,13612,13612,2,2
2022-10-04 15:13:53.386,13611,13612,13612,10,10
2022-10-04 15:13:53.386,13611,13612,13612,3,3
2022-10-04 15:13:53.386,13611,13612,13612,2,2
2022-10-04 15:13:53.391,13611,13612,13613,1,1
2022-10-04 15:13:57.286,13613,13614,13613,1,-1
2022-10-04 15:13:57.336,13613,13614,13614,1,1
2022-10-04 15:13:58.232,13613,13614,13614,2,2
2022-10-04 15:13:58.232,13613,13614,13614,2,2
2022-10-04 15:14:00.212,13613,13614,13614,5,5
2022-10-04 15:14:00.759,13613,13614,13614,1,1
2022-10-04 15:14:02.598,13612,13614,13614,5,5
2022-10-04 15:14:04.217,13612,13614,13614,10,10
2022-10-04 15:14:05.690,13612,13613,13613,1,1
2022-10-04 15:14:05.690,13612,13613,13614,9,9
2022-10-04 15:14:12.284,13613,13614,13613,2,-2
2022-10-04 15:14:12.284,13613,13614,13613,1,-1
2022-10-04 15:14:12.285,13613,13614,13613,2,-2
2022-10-04 15:14:15.221,13612,13614,13612,1,-1
2022-10-04 15:14:17.119,13612,13614,13614,2,2
2022-10-04 15:14:19.340,13613,13614,13614,1,1
2022-10-04 15:14:20.336,13613,13614,13614,4,4
2022-10-04 15:14:28.778,13612,13613,13613,1,1
2022-10-04 15:14:28.857,13612,13613,13613,1,1
2022-10-04 15:14:29.897,13612,13613,13613,1,1
2022-10-04 15:14:30.281,13612,13614,13614,2,2
2022-10-04 15:14:32.676,13613,13614,13614,1,1
2022-10-04 15:14:33.121,13613,13614,13614,1,1
2022-10-04 15:14:33.530,13612,13614,13612,1,-1
2022-10-04 15:14:35.204,13612,13613,13613,1,1
2022-10-04 15:14:35.722,13612,13614,13614,1,1
2022-10-04 15:14:38.632,13613,13614,13614,2,2
2022-10-04 15:14:39.713,13613,13615,13614,1,1
2022-10-04 15:14:39.713,13613,13615,13614,1,1
2022-10-04 15:14:47.654,13614,13615,13614,2,-2
2022-10-04 15:14:51.522,13614,13615,13614,1,-1
2022-10-04 15:14:54.632,13614,13615,13614,5,-5
2022-10-04 15:14:55.250,13614,13615,13615,18,18
2022-10-04 15:14:55.250,13614,13615,13615,4,4
2022-10-04 15:14:55.250,13614,13615,13615,4,4
2022-10-04 15:14:55.250,13614,13615,13615,3,3
2022-10-04 15:14:55.250,13614,13615,13615,2,2
2022-10-04 15:14:55.250,13614,13615,13615,1,1
2022-10-04 15:14:55.250,13614,13615,13615,1,1
2022-10-04 15:14:55.251,13614,13615,13615,2,2
2022-10-04 15:14:55.251,13614,13615,13615,1,1
2022-10-04 15:14:55.251,13614,13615,13615,1,1
2022-10-04 15:14:55.251,13614,13615,13615,1,1
2022-10-04 15:14:55.251,13614,13615,13615,2,2
2022-10-04 15:14:55.482,13615,13616,13615,1,-1
2022-10-04 15:14:56.194,13615,13616,13615,3,-3
2022-10-04 15:14:56.194,13615,13616,13614,2,-2
2022-10-04 15:14:59.642,13615,13616,13615,1,-1
2022-10-04 15:15:01.069,13615,13616,13615,1,-1
2022-10-04 15:15:01.889,13615,13616,13615,2,-2
2022-10-04 15:15:01.889,13615,13616,13615,1,-1
2022-10-04 15:15:04.187,13614,13615,13615,1,1
2022-10-04 15:15:07.876,13614,13615,13615,2,2
2022-10-04 15:15:09.496,13614,13615,13615,1,1
2022-10-04 15:15:09.597,13615,13616,13615,1,-1
2022-10-04 15:15:13.021,13613,13615,13615,3,3
2022-10-04 15:15:19.004,13613,13614,13613,2,-2
2022-10-04 15:15:19.273,13613,13614,13613,2,-2
2022-10-04 15:15:19.274,13613,13614,13613,1,-1
2022-10-04 15:15:20.031,13613,13614,13614,2,2
2022-10-04 15:15:27.431,13613,13614,13614,2,2
2022-10-04 15:15:33.724,13614,13615,13615,4,4
2022-10-04 15:15:33.824,13615,13616,13615,1,-1
2022-10-04 15:15:33.925,13615,13616,13615,1,-1
2022-10-04 15:15:34.025,13615,13616,13615,1,-1
2022-10-04 15:15:34.125,13615,13616,13615,1,-1
2022-10-04 15:15:34.226,13615,13616,13615,1,-1
2022-10-04 15:15:34.326,13615,13616,13615,1,-1
2022-10-04 15:15:35.660,13614,13615,13615,1,1
2022-10-04 15:15:36.117,13614,13615,13614,1,-1
2022-10-04 15:15:37.188,13614,13615,13614,6,-6
2022-10-04 15:15:39.092,13613,13615,13615,1,1
2022-10-04 15:15:44.088,13614,13615,13614,1,-1
2022-10-04 15:15:47.653,13614,13615,13614,1,-1
2022-10-04 15:15:53.130,13614,13615,13615,4,4
2022-10-04 15:15:54.525,13615,13616,13615,1,-1
2022-10-04 15:15:56.049,13614,13616,13615,3,-3
2022-10-04 15:15:59.198,13615,13616,13615,17,-17
2022-10-04 15:16:00.758,13615,13616,13615,1,-1
2022-10-04 15:16:00.879,13614,13616,13616,1,1
2022-10-04 15:16:00.879,13614,13616,13616,1,1
2022-10-04 15:16:00.882,13614,13616,13616,2,2
2022-10-04 15:16:00.882,13614,13616,13616,2,2
2022-10-04 15:16:00.882,13614,13616,13616,1,1
2022-10-04 15:16:01.163,13614,13616,13616,1,1
2022-10-04 15:16:06.695,13615,13616,13616,1,1
2022-10-04 15:16:07.061,13615,13616,13615,3,-3
2022-10-04 15:16:07.382,13615,13616,13616,1,1
2022-10-04 15:16:07.383,13615,13616,13616,1,1
2022-10-04 15:16:07.383,13615,13616,13616,6,6
2022-10-04 15:16:07.383,13615,13616,13616,1,1
2022-10-04 15:16:07.383,13615,13616,13616,1,1
2022-10-04 15:16:07.383,13615,13616,13616,2,2
2022-10-04 15:16:09.433,13615,13617,13617,1,1
2022-10-04 15:16:09.743,13615,13617,13615,1,-1
2022-10-04 15:16:12.003,13614,13616,13616,5,5
2022-10-04 15:16:14.170,13615,13616,13615,1,-1
2022-10-04 15:16:14.170,13615,13616,13615,1,-1
2022-10-04 15:16:17.066,13614,13616,13616,1,1
2022-10-04 15:16:20.552,13615,13616,13616,1,1
2022-10-04 15:16:22.207,13615,13617,13617,5,5
2022-10-04 15:16:25.857,13615,13616,13616,3,3
2022-10-04 15:16:25.857,13615,13616,13616,3,3
2022-10-04 15:16:30.508,13615,13616,13616,1,1
2022-10-04 15:16:31.314,13615,13616,13616,10,10
2022-10-04 15:16:35.456,13616,13617,13617,2,2
2022-10-04 15:16:38.092,13616,13617,13617,14,14
2022-10-04 15:16:38.114,13616,13617,13617,1,1
2022-10-04 15:16:39.172,13616,13617,13617,2,2
2022-10-04 15:16:39.242,13616,13617,13617,2,2
2022-10-04 15:16:39.250,13616,13617,13617,1,1
2022-10-04 15:16:41.540,13616,13617,13617,4,4
2022-10-04 15:16:41.589,13616,13617,13618,1,1
2022-10-04 15:16:41.752,13616,13617,13617,1,1
2022-10-04 15:16:44.613,13616,13617,13616,1,-1
2022-10-04 15:16:52.608,13616,13617,13617,2,2
2022-10-04 15:16:52.702,13617,13618,13617,5,-5
2022-10-04 15:16:52.708,13617,13618,13617,1,-1
2022-10-04 15:16:52.808,13617,13618,13617,1,-1
2022-10-04 15:16:52.909,13617,13618,13617,1,-1
2022-10-04 15:16:53.009,13617,13618,13617,1,-1
2022-10-04 15:16:54.395,13617,13618,13618,2,2
2022-10-04 15:16:55.448,13617,13618,13617,1,-1
2022-10-04 15:17:01.894,13617,13618,13617,1,-1
2022-10-04 15:17:03.516,13617,13618,13617,1,-1
2022-10-04 15:17:04.553,13617,13618,13617,1,-1
2022-10-04 15:17:04.936,13617,13618,13618,1,1
2022-10-04 15:17:05.785,13617,13618,13618,1,1
2022-10-04 15:17:11.246,13617,13618,13618,1,1
2022-10-04 15:17:11.361,13617,13618,13618,1,1
2022-10-04 15:17:11.789,13617,13618,13618,1,1
2022-10-04 15:17:11.812,13617,13618,13618,1,1
2022-10-04 15:17:12.283,13617,13618,13618,1,1
2022-10-04 15:17:13.626,13617,13618,13618,1,1
2022-10-04 15:17:13.854,13617,13618,13618,5,5
2022-10-04 15:17:13.879,13617,13618,13618,1,1
2022-10-04 15:17:15.886,13617,13618,13618,1,1
2022-10-04 15:17:16.504,13617,13618,13618,1,1
2022-10-04 15:17:16.504,13617,13618,13618,5,5
2022-10-04 15:17:16.938,13617,13619,13617,1,-1
2022-10-04 15:17:22.604,13618,13619,13619,3,3
2022-10-04 15:17:22.727,13618,13619,13619,1,1
2022-10-04 15:17:23.113,13618,13619,13618,1,-1
2022-10-04 15:17:26.274,13618,13619,13618,1,-1
2022-10-04 15:17:27.866,13618,13619,13618,1,-1
2022-10-04 15:17:27.921,13618,13619,13618,1,-1
2022-10-04 15:17:29.563,13618,13619,13618,1,-1
2022-10-04 15:17:29.923,13618,13619,13618,2,-2
2022-10-04 15:17:29.976,13618,13619,13619,4,4
2022-10-04 15:17:30.341,13618,13619,13619,4,4
2022-10-04 15:17:30.341,13618,13619,13619,34,34
2022-10-04 15:17:30.342,13618,13619,13619,2,2
2022-10-04 15:17:32.487,13618,13619,13619,1,1
2022-10-04 15:17:33.117,13618,13620,13620,10,10
2022-10-04 15:17:33.143,13618,13620,13620,1,1
2022-10-04 15:17:33.150,13618,13620,13620,1,1
2022-10-04 15:17:33.188,13618,13620,13620,1,1
2022-10-04 15:17:33.546,13618,13620,13620,3,3
2022-10-04 15:17:33.910,13618,13620,13620,5,5
2022-10-04 15:17:33.955,13618,13620,13620,1,1
2022-10-04 15:17:37.013,13619,13620,13620,1,1
2022-10-04 15:17:37.455,13619,13620,13619,1,-1
2022-10-04 15:17:37.455,13619,13620,13618,1,-1
2022-10-04 15:17:39.202,13619,13620,13619,1,-1
2022-10-04 15:17:39.295,13618,13619,13619,1,1
2022-10-04 15:17:39.559,13618,13619,13619,1,1
2022-10-04 15:17:39.873,13618,13619,13619,1,1
2022-10-04 15:17:39.873,13618,13619,13619,1,1
2022-10-04 15:17:39.942,13618,13619,13619,2,2
2022-10-04 15:17:42.184,13619,13620,13619,1,-1
2022-10-04 15:17:42.197,13619,13620,13620,2,2
2022-10-04 15:17:42.197,13619,13620,13620,1,1
2022-10-04 15:17:42.197,13619,13620,13620,3,3
2022-10-04 15:17:42.197,13619,13620,13620,1,1
2022-10-04 15:17:42.197,13619,13620,13620,2,2
2022-10-04 15:17:42.198,13619,13620,13620,2,2
2022-10-04 15:17:42.198,13619,13620,13620,3,3
2022-10-04 15:17:42.198,13619,13620,13620,3,3
2022-10-04 15:17:42.198,13619,13620,13620,7,7
2022-10-04 15:17:42.198,13619,13620,13620,1,1
2022-10-04 15:17:42.198,13619,13620,13620,1,1
2022-10-04 15:17:42.198,13619,13620,13620,23,23
2022-10-04 15:17:44.471,13620,13621,13621,1,1
2022-10-04 15:17:44.471,13620,13621,13621,2,2
2022-10-04 15:17:44.577,13621,13622,13622,1,1
2022-10-04 15:17:44.659,13621,13622,13622,1,1
2022-10-04 15:17:44.705,13621,13622,13622,3,3
2022-10-04 15:17:44.788,13621,13622,13621,1,-1
2022-10-04 15:17:45.028,13620,13621,13621,1,1
2022-10-04 15:17:45.028,13620,13621,13622,2,2
2022-10-04 15:17:45.083,13620,13621,13622,1,1
2022-10-04 15:17:45.123,13620,13622,13622,2,2
2022-10-04 15:17:45.131,13620,13622,13621,1,1
2022-10-04 15:17:45.146,13620,13622,13622,2,2
2022-10-04 15:17:45.171,13620,13622,13622,4,4
2022-10-04 15:17:45.184,13620,13622,13623,2,2
2022-10-04 15:17:45.189,13620,13622,13623,1,1
2022-10-04 15:17:45.227,13620,13622,13623,2,2
2022-10-04 15:17:45.276,13621,13622,13622,1,1
2022-10-04 15:17:45.303,13621,13622,13622,1,1
2022-10-04 15:17:45.303,13621,13622,13623,4,4
2022-10-04 15:17:45.433,13621,13623,13621,5,-5
2022-10-04 15:17:45.919,13621,13622,13622,1,1
2022-10-04 15:17:46.122,13621,13622,13621,1,-1
2022-10-04 15:17:46.593,13621,13622,13622,1,1
2022-10-04 15:17:46.825,13621,13622,13621,4,-4
2022-10-04 15:17:48.452,13621,13622,13621,1,-1
2022-10-04 15:17:51.696,13621,13622,13622,2,2
2022-10-04 15:17:51.697,13621,13622,13622,2,2
2022-10-04 15:17:52.325,13622,13623,13622,1,-1
2022-10-04 15:17:53.590,13621,13622,13622,1,1
2022-10-04 15:17:54.617,13621,13622,13622,3,3
2022-10-04 15:17:55.747,13621,13622,13622,4,4
2022-10-04 15:17:55.747,13621,13622,13622,1,1
2022-10-04 15:17:55.748,13622,13623,13622,3,-3
2022-10-04 15:17:55.951,13621,13622,13622,1,1
2022-10-04 15:17:56.969,13621,13622,13622,1,1
2022-10-04 15:17:57.359,13621,13622,13622,1,1
2022-10-04 15:18:00.604,13621,13622,13622,1,1
2022-10-04 15:18:01.377,13621,13622,13622,2,2
2022-10-04 15:18:02.723,13621,13622,13622,1,1
2022-10-04 15:18:02.885,13621,13622,13622,3,3
2022-10-04 15:18:04.186,13621,13623,13623,1,1
2022-10-04 15:18:04.274,13621,13623,13623,2,2
2022-10-04 15:18:04.277,13621,13623,13623,2,2
2022-10-04 15:18:04.317,13621,13623,13623,2,2
2022-10-04 15:18:06.949,13622,13623,13622,1,-1
2022-10-04 15:18:07.068,13621,13622,13622,1,1
2022-10-04 15:18:08.396,13621,13622,13621,3,-3
2022-10-04 15:18:08.396,13621,13622,13621,13,-13
2022-10-04 15:18:08.795,13620,13621,13621,1,1
2022-10-04 15:18:09.751,13620,13621,13621,1,1
2022-10-04 15:18:09.769,13620,13621,13622,1,1
2022-10-04 15:18:11.786,13621,13622,13622,1,1
2022-10-04 15:18:12.831,13621,13622,13621,1,-1
2022-10-04 15:18:13.081,13620,13622,13622,6,6
2022-10-04 15:18:13.986,13620,13622,13621,1,1
2022-10-04 15:18:14.109,13620,13621,13621,1,1
2022-10-04 15:18:16.093,13620,13621,13621,5,5
2022-10-04 15:18:16.829,13620,13621,13621,1,1
2022-10-04 15:18:18.307,13620,13622,13620,2,-2
2022-10-04 15:18:20.652,13620,13621,13621,1,1
2022-10-04 15:18:24.901,13620,13621,13621,1,1
2022-10-04 15:18:26.553,13620,13622,13621,1,1
2022-10-04 15:18:28.457,13620,13621,13621,1,1
2022-10-04 15:18:31.174,13620,13622,13620,1,-1
2022-10-04 15:18:33.956,13621,13622,13621,1,-1
2022-10-04 15:18:35.435,13620,13622,13622,1,1
2022-10-04 15:18:37.316,13621,13622,13622,1,1
2022-10-04 15:18:37.553,13621,13622,13622,6,6
2022-10-04 15:18:37.654,13621,13622,13622,1,1
2022-10-04 15:18:37.655,13621,13622,13622,1,1
2022-10-04 15:18:37.655,13621,13622,13622,1,1
2022-10-04 15:18:37.655,13621,13622,13622,1,1
2022-10-04 15:18:39.028,13621,13623,13623,6,6
2022-10-04 15:18:40.701,13621,13623,13623,6,6
2022-10-04 15:18:47.762,13621,13623,13623,1,1
2022-10-04 15:18:49.625,13621,13622,13622,1,1
2022-10-04 15:18:52.614,13622,13623,13623,6,6
2022-10-04 15:18:53.389,13622,13623,13623,2,2
2022-10-04 15:18:56.490,13622,13623,13622,1,-1
2022-10-04 15:18:58.723,13622,13623,13622,3,-3
2022-10-04 15:18:58.775,13621,13623,13621,3,-3
2022-10-04 15:18:59.060,13621,13623,13621,3,-3
2022-10-04 15:19:02.564,13621,13623,13621,1,-1
2022-10-04 15:19:04.262,13621,13623,13623,3,3
2022-10-04 15:19:06.496,13621,13623,13623,1,1
2022-10-04 15:19:07.289,13621,13623,13623,1,1
2022-10-04 15:19:11.621,13622,13623,13623,2,2
2022-10-04 15:19:12.798,13622,13623,13622,1,-1
2022-10-04 15:19:16.585,13622,13623,13622,1,-1
2022-10-04 15:19:17.170,13622,13623,13622,4,-4
2022-10-04 15:19:17.518,13622,13623,13623,1,1
2022-10-04 15:19:19.091,13622,13623,13623,10,10
2022-10-04 15:19:21.055,13622,13623,13622,1,-1
2022-10-04 15:19:22.713,13622,13623,13623,1,1
2022-10-04 15:19:23.676,13622,13623,13623,1,1
2022-10-04 15:19:26.457,13622,13623,13622,1,-1
2022-10-04 15:19:30.124,13622,13623,13622,2,-2
2022-10-04 15:19:30.125,13622,13623,13622,2,-2
2022-10-04 15:19:34.233,13622,13623,13623,1,1
2022-10-04 15:19:34.233,13622,13623,13623,8,8
2022-10-04 15:19:34.233,13622,13623,13623,3,3
2022-10-04 15:19:34.233,13622,13623,13623,1,1
2022-10-04 15:19:34.233,13622,13623,13623,1,1
2022-10-04 15:19:34.233,13622,13623,13623,2,2
2022-10-04 15:19:34.233,13622,13623,13623,1,1
2022-10-04 15:19:36.080,13623,13624,13623,1,-1
2022-10-04 15:19:36.156,13623,13624,13624,2,2
2022-10-04 15:19:38.705,13623,13624,13624,1,1
2022-10-04 15:19:41.029,13623,13624,13624,1,1
2022-10-04 15:19:41.357,13623,13624,13624,2,2
2022-10-04 15:19:42.767,13623,13624,13624,2,2
2022-10-04 15:19:43.261,13623,13624,13624,2,2
2022-10-04 15:19:44.611,13623,13624,13624,1,1
2022-10-04 15:19:44.636,13623,13624,13624,10,10
2022-10-04 15:19:53.880,13624,13625,13624,3,-3
2022-10-04 15:19:54.676,13624,13625,13625,4,4
2022-10-04 15:19:54.676,13624,13625,13625,1,1
2022-10-04 15:19:54.677,13624,13625,13625,6,6
2022-10-04 15:19:54.677,13624,13625,13625,1,1
2022-10-04 15:19:54.677,13624,13625,13625,5,5
2022-10-04 15:19:54.677,13624,13625,13625,7,7
2022-10-04 15:19:54.677,13624,13625,13625,1,1
2022-10-04 15:19:54.677,13624,13625,13625,7,7
2022-10-04 15:19:54.809,13625,13626,13626,2,2
2022-10-04 15:19:54.812,13625,13626,13626,5,5
2022-10-04 15:19:54.813,13625,13626,13626,1,1
2022-10-04 15:19:54.980,13625,13626,13625,5,-5
2022-10-04 15:19:57.351,13625,13626,13625,1,-1
2022-10-04 15:19:57.718,13625,13626,13625,1,-1
2022-10-04 15:19:59.237,13625,13626,13626,1,1
2022-10-04 15:20:00.112,13625,13626,13625,2,-2
2022-10-04 15:20:00.113,13625,13626,13625,3,-3
2022-10-04 15:20:00.113,13625,13626,13625,1,-1
2022-10-04 15:20:00.113,13625,13626,13625,1,-1
2022-10-04 15:20:00.113,13625,13626,13625,2,-2
2022-10-04 15:20:00.501,13625,13626,13626,1,1
2022-10-04 15:20:00.627,13625,13626,13626,1,1
2022-10-04 15:20:00.745,13625,13626,13626,3,3
2022-10-04 15:20:00.745,13625,13626,13627,7,7
2022-10-04 15:20:02.826,13625,13626,13625,1,-1
2022-10-04 15:20:02.827,13625,13626,13625,1,-1
2022-10-04 15:20:03.786,13624,13626,13626,4,4
2022-10-04 15:20:04.574,13625,13626,13625,1,-1
2022-10-04 15:20:06.867,13624,13626,13626,2,2
2022-10-04 15:20:08.943,13625,13626,13626,1,1
2022-10-04 15:20:10.895,13625,13626,13626,2,2
2022-10-04 15:20:11.009,13625,13626,13626,1,1
2022-10-04 15:20:12.739,13625,13626,13626,1,1
2022-10-04 15:20:13.216,13625,13626,13626,1,1
2022-10-04 15:20:14.157,13625,13626,13626,1,1
2022-10-04 15:20:14.272,13625,13626,13625,1,-1
2022-10-04 15:20:14.294,13625,13626,13625,1,-1
2022-10-04 15:20:15.173,13625,13626,13626,1,1
2022-10-04 15:20:15.591,13625,13627,13625,1,-1
2022-10-04 15:20:15.779,13625,13627,13625,1,-1
2022-10-04 15:20:16.619,13626,13627,13627,2,2
2022-10-04 15:20:16.643,13626,13627,13627,1,1
2022-10-04 15:20:16.649,13626,13627,13627,1,1
2022-10-04 15:20:19.021,13626,13627,13626,1,-1
2022-10-04 15:20:19.071,13626,13627,13627,1,1
2022-10-04 15:20:19.619,13625,13627,13625,1,-1
2022-10-04 15:20:20.990,13625,13627,13627,1,1
2022-10-04 15:20:22.758,13625,13627,13625,1,-1
2022-10-04 15:20:23.991,13625,13627,13627,1,1
2022-10-04 15:20:24.436,13625,13627,13627,1,1
2022-10-04 15:20:24.722,13625,13627,13625,1,-1
2022-10-04 15:20:27.050,13625,13626,13625,1,-1
2022-10-04 15:20:29.907,13625,13626,13625,2,-2
2022-10-04 15:20:31.357,13625,13626,13626,1,1
2022-10-04 15:20:31.442,13625,13627,13627,1,1
2022-10-04 15:20:31.921,13625,13626,13626,1,1
2022-10-04 15:20:32.057,13626,13627,13626,2,-2
2022-10-04 15:20:32.308,13625,13626,13626,5,5
2022-10-04 15:20:32.597,13625,13626,13625,2,-2
2022-10-04 15:20:35.357,13625,13626,13626,1,1
2022-10-04 15:20:36.539,13625,13626,13625,1,-1
2022-10-04 15:20:39.131,13625,13626,13625,5,-5
2022-10-04 15:20:39.794,13625,13626,13625,5,-5
2022-10-04 15:20:39.795,13625,13626,13625,1,-1
2022-10-04 15:20:39.795,13625,13626,13625,1,-1
2022-10-04 15:20:39.872,13625,13626,13625,4,-4
2022-10-04 15:20:39.872,13625,13626,13625,1,-1
2022-10-04 15:20:39.872,13625,13626,13625,1,-1
2022-10-04 15:20:39.872,13625,13626,13625,1,-1
2022-10-04 15:20:39.873,13625,13626,13625,1,-1
2022-10-04 15:20:39.874,13625,13626,13625,11,-11
2022-10-04 15:20:39.874,13625,13626,13625,4,-4
2022-10-04 15:20:39.878,13625,13626,13624,3,-3
2022-10-04 15:20:39.901,13625,13626,13625,10,-10
2022-10-04 15:20:41.790,13625,13626,13626,1,1
2022-10-04 15:20:42.576,13625,13626,13626,2,2
2022-10-04 15:20:42.576,13625,13626,13627,3,3
2022-10-04 15:20:44.375,13625,13627,13627,1,1
2022-10-04 15:20:46.715,13625,13626,13626,1,1
2022-10-04 15:20:47.820,13625,13627,13625,1,-1
2022-10-04 15:20:48.004,13625,13627,13625,1,-1
2022-10-04 15:20:56.924,13625,13626,13625,2,-2
2022-10-04 15:20:57.037,13625,13626,13625,1,-1
2022-10-04 15:20:57.697,13625,13626,13625,1,-1
2022-10-04 15:20:57.697,13625,13626,13625,3,-3
2022-10-04 15:20:57.698,13625,13626,13625,6,-6
2022-10-04 15:20:57.698,13625,13626,13625,2,-2
2022-10-04 15:21:03.908,13625,13626,13625,1,-1
2022-10-04 15:21:12.404,13625,13626,13625,1,-1
2022-10-04 15:21:12.429,13625,13626,13625,1,-1
2022-10-04 15:21:12.430,13625,13626,13625,1,-1
2022-10-04 15:21:12.430,13625,13626,13625,1,-1
2022-10-04 15:21:12.430,13625,13626,13625,1,-1
2022-10-04 15:21:12.430,13625,13626,13625,6,-6
2022-10-04 15:21:12.430,13625,13626,13625,1,-1
2022-10-04 15:21:12.431,13625,13626,13625,1,-1
2022-10-04 15:21:12.431,13625,13626,13625,1,-1
2022-10-04 15:21:12.431,13625,13626,13625,1,-1
2022-10-04 15:21:12.432,13625,13626,13625,1,-1
2022-10-04 15:21:12.432,13625,13626,13625,1,-1
2022-10-04 15:21:12.432,13625,13626,13625,1,-1
2022-10-04 15:21:12.532,13624,13626,13625,1,-1
2022-10-04 15:21:12.532,13624,13626,13625,1,-1
2022-10-04 15:21:13.056,13625,13626,13625,1,-1
2022-10-04 15:21:14.346,13625,13626,13625,1,-1
2022-10-04 15:21:20.388,13625,13626,13625,2,-2
2022-10-04 15:21:22.558,13625,13626,13625,2,-2
2022-10-04 15:21:23.215,13625,13626,13625,1,-1
2022-10-04 15:21:23.476,13625,13626,13625,1,-1
2022-10-04 15:21:26.181,13625,13626,13625,1,-1
2022-10-04 15:21:27.582,13625,13626,13625,1,-1
2022-10-04 15:21:30.424,13625,13626,13625,3,-3
2022-10-04 15:21:34.446,13625,13626,13625,1,-1
2022-10-04 15:21:40.105,13625,13626,13625,1,-1
2022-10-04 15:21:40.733,13625,13626,13626,1,1
2022-10-04 15:21:40.734,13625,13626,13626,2,2
2022-10-04 15:21:40.734,13625,13626,13626,2,2
2022-10-04 15:21:40.734,13625,13626,13626,10,10
2022-10-04 15:21:40.735,13625,13626,13627,16,16
2022-10-04 15:21:42.457,13627,13628,13628,5,5
2022-10-04 15:21:42.771,13627,13628,13628,1,1
2022-10-04 15:21:42.775,13627,13628,13628,1,1
2022-10-04 15:21:46.116,13627,13628,13628,1,1
2022-10-04 15:21:48.268,13626,13628,13628,6,6
2022-10-04 15:21:48.950,13627,13628,13628,16,16
2022-10-04 15:21:48.950,13627,13628,13629,4,4
2022-10-04 15:21:49.030,13628,13629,13629,1,1
2022-10-04 15:21:49.032,13628,13629,13628,1,-1
2022-10-04 15:21:52.997,13626,13628,13628,10,10
2022-10-04 15:21:53.487,13627,13628,13628,1,1
2022-10-04 15:21:53.864,13627,13628,13628,1,1
2022-10-04 15:21:55.690,13627,13628,13628,2,2
2022-10-04 15:21:56.260,13627,13628,13628,2,2
2022-10-04 15:21:57.572,13627,13628,13628,1,1
2022-10-04 15:21:58.169,13627,13628,13627,1,-1
2022-10-04 15:21:58.766,13627,13628,13628,1,1
2022-10-04 15:22:00.112,13627,13628,13628,1,1
2022-10-04 15:22:01.437,13627,13628,13627,1,-1
2022-10-04 15:22:02.431,13627,13628,13627,1,-1
2022-10-04 15:22:03.656,13627,13628,13627,1,-1
2022-10-04 15:22:04.413,13627,13628,13628,1,1
2022-10-04 15:22:05.165,13627,13628,13627,1,-1
2022-10-04 15:22:06.023,13627,13628,13628,1,1
2022-10-04 15:22:06.023,13627,13628,13628,2,2
2022-10-04 15:22:06.023,13627,13628,13628,1,1
2022-10-04 15:22:06.023,13627,13628,13628,1,1
2022-10-04 15:22:06.042,13627,13628,13628,1,1
2022-10-04 15:22:08.738,13627,13628,13628,1,1
2022-10-04 15:22:08.738,13627,13628,13629,1,1
2022-10-04 15:22:10.585,13628,13629,13629,6,6
2022-10-04 15:22:13.425,13628,13629,13628,1,-1
2022-10-04 15:22:15.148,13628,13629,13629,10,10
2022-10-04 15:22:15.479,13628,13629,13629,1,1
2022-10-04 15:22:16.050,13628,13629,13629,10,10
2022-10-04 15:22:16.955,13628,13629,13628,3,-3
2022-10-04 15:22:18.105,13628,13629,13628,1,-1
2022-10-04 15:22:19.122,13628,13629,13629,1,1
2022-10-04 15:22:19.328,13628,13629,13629,1,1
2022-10-04 15:22:20.061,13628,13629,13628,1,-1
2022-10-04 15:22:20.822,13627,13628,13627,1,-1
2022-10-04 15:22:27.641,13627,13628,13628,1,1
2022-10-04 15:22:28.395,13627,13628,13628,1,1
2022-10-04 15:22:29.027,13627,13628,13628,2,2
2022-10-04 15:22:29.364,13627,13628,13628,1,1
2022-10-04 15:22:34.811,13627,13628,13628,2,2
2022-10-04 15:22:35.320,13627,13628,13627,2,-2
2022-10-04 15:22:35.438,13627,13628,13628,1,1
2022-10-04 15:22:35.749,13627,13628,13628,1,1
2022-10-04 15:22:35.921,13627,13628,13628,1,1
2022-10-04 15:22:36.637,13627,13628,13628,1,1
2022-10-04 15:22:40.623,13627,13628,13627,1,-1
2022-10-04 15:22:40.623,13627,13628,13627,1,-1
2022-10-04 15:22:40.623,13627,13628,13627,21,-21
2022-10-04 15:22:40.659,13627,13628,13627,1,-1
2022-10-04 15:22:41.216,13626,13627,13627,1,1
2022-10-04 15:22:44.968,13627,13628,13627,1,-1
2022-10-04 15:22:47.661,13627,13628,13627,1,-1
2022-10-04 15:22:52.553,13627,13628,13628,1,1
2022-10-04 15:22:54.246,13627,13628,13627,1,-1
2022-10-04 15:22:55.607,13626,13627,13627,1,1
2022-10-04 15:22:55.775,13626,13627,13627,1,1
2022-10-04 15:22:56.209,13626,13628,13627,1,1
2022-10-04 15:22:59.301,13626,13627,13627,4,4
2022-10-04 15:23:00.191,13626,13628,13627,1,1
2022-10-04 15:23:04.771,13626,13627,13627,1,1
2022-10-04 15:23:05.632,13627,13628,13627,2,-2
2022-10-04 15:23:05.757,13626,13627,13627,1,1
2022-10-04 15:23:06.999,13627,13628,13627,1,-1
2022-10-04 15:23:06.999,13627,13628,13627,1,-1
2022-10-04 15:23:11.595,13626,13627,13627,1,1
2022-10-04 15:23:11.595,13626,13627,13627,2,2
2022-10-04 15:23:11.595,13626,13627,13627,2,2
2022-10-04 15:23:11.595,13626,13627,13627,1,1
2022-10-04 15:23:11.606,13626,13627,13628,4,4
2022-10-04 15:23:13.421,13627,13628,13628,4,4
2022-10-04 15:23:13.501,13627,13628,13628,1,1
2022-10-04 15:23:15.561,13627,13628,13628,1,1
2022-10-04 15:23:16.129,13627,13628,13628,3,3
2022-10-04 15:23:17.529,13627,13628,13628,1,1
2022-10-04 15:23:19.271,13628,13629,13628,1,-1
2022-10-04 15:23:19.271,13628,13629,13628,1,-1
2022-10-04 15:23:23.554,13628,13629,13628,1,-1
2022-10-04 15:23:23.554,13628,13629,13628,1,-1
2022-10-04 15:23:26.800,13627,13628,13628,1,1
2022-10-04 15:23:31.969,13627,13628,13628,1,1
2022-10-04 15:23:32.874,13627,13628,13628,7,7
2022-10-04 15:23:33.001,13628,13629,13629,1,1
2022-10-04 15:23:33.001,13628,13629,13629,1,1
2022-10-04 15:23:33.001,13628,13629,13629,1,1
2022-10-04 15:23:33.274,13628,13629,13629,1,1
2022-10-04 15:23:33.286,13628,13629,13629,1,1
2022-10-04 15:23:37.026,13628,13629,13629,1,1
2022-10-04 15:23:37.507,13628,13629,13628,3,-3
2022-10-04 15:23:37.882,13627,13628,13628,1,1
2022-10-04 15:23:44.647,13628,13629,13629,4,4
2022-10-04 15:23:44.647,13628,13629,13629,1,1
2022-10-04 15:23:44.683,13628,13629,13628,3,-3
2022-10-04 15:23:46.226,13628,13630,13628,1,-1
2022-10-04 15:23:47.498,13628,13629,13629,1,1
2022-10-04 15:23:51.920,13628,13630,13630,1,1
2022-10-04 15:23:52.024,13628,13630,13630,1,1
2022-10-04 15:23:53.760,13629,13630,13629,1,-1
2022-10-04 15:23:56.210,13629,13630,13630,20,20
2022-10-04 15:23:56.211,13629,13630,13630,1,1
2022-10-04 15:23:56.211,13629,13630,13630,1,1
2022-10-04 15:23:56.211,13629,13630,13630,1,1
2022-10-04 15:23:56.211,13629,13630,13630,13,13
2022-10-04 15:23:56.211,13629,13630,13630,1,1
2022-10-04 15:23:56.211,13629,13630,13630,1,1
2022-10-04 15:23:56.211,13629,13630,13630,4,4
2022-10-04 15:23:56.211,13629,13630,13630,1,1
2022-10-04 15:23:56.211,13629,13630,13630,1,1
2022-10-04 15:23:58.073,13630,13631,13630,14,-14
2022-10-04 15:23:58.073,13630,13631,13630,6,-6
2022-10-04 15:24:01.569,13629,13631,13631,5,5
2022-10-04 15:24:01.813,13630,13632,13631,1,1
2022-10-04 15:24:01.813,13630,13632,13632,2,2
2022-10-04 15:24:01.842,13630,13632,13630,2,-2
2022-10-04 15:24:01.931,13630,13632,13631,1,-1
2022-10-04 15:24:02.522,13630,13631,13630,1,-1
2022-10-04 15:24:02.565,13630,13631,13631,1,1
2022-10-04 15:24:02.603,13630,13631,13632,1,1
2022-10-04 15:24:03.818,13630,13631,13631,1,1
2022-10-04 15:24:07.737,13629,13630,13630,1,1
2022-10-04 15:24:08.620,13629,13631,13630,1,1
2022-10-04 15:24:08.620,13629,13631,13630,1,1
2022-10-04 15:24:10.247,13630,13631,13631,1,1
2022-10-04 15:24:11.673,13630,13632,13630,1,-1
2022-10-04 15:24:12.946,13630,13632,13630,1,-1
2022-10-04 15:24:14.253,13630,13631,13630,2,-2
2022-10-04 15:24:14.662,13630,13631,13630,1,-1
2022-10-04 15:24:15.969,13630,13631,13631,1,1
2022-10-04 15:24:17.426,13630,13631,13631,1,1
2022-10-04 15:24:17.426,13630,13631,13632,1,1
2022-10-04 15:24:21.080,13630,13631,13631,1,1
2022-10-04 15:24:22.128,13630,13631,13631,1,1
2022-10-04 15:24:23.682,13631,13632,13632,1,1
2022-10-04 15:24:26.442,13631,13632,13631,2,-2
2022-10-04 15:24:26.868,13630,13631,13631,1,1
2022-10-04 15:24:27.019,13630,13631,13630,1,-1
2022-10-04 15:24:28.318,13630,13631,13630,1,-1
2022-10-04 15:24:28.318,13630,13631,13630,14,-14
2022-10-04 15:24:28.318,13630,13631,13630,2,-2
2022-10-04 15:24:28.318,13630,13631,13630,1,-1
2022-10-04 15:24:28.318,13630,13631,13630,1,-1
2022-10-04 15:24:28.318,13630,13631,13630,2,-2
2022-10-04 15:24:28.548,13629,13630,13630,1,1
2022-10-04 15:24:28.871,13629,13631,13631,1,1
2022-10-04 15:24:28.907,13629,13631,13631,1,1
2022-10-04 15:24:29.031,13629,13631,13631,1,1
2022-10-04 15:24:30.479,13629,13631,13629,1,-1
2022-10-04 15:24:33.960,13630,13631,13630,1,-1
2022-10-04 15:24:34.877,13630,13631,13630,1,-1
2022-10-04 15:24:43.490,13629,13630,13629,1,-1
2022-10-04 15:24:47.401,13629,13630,13629,1,-1
2022-10-04 15:24:49.221,13629,13630,13629,1,-1
2022-10-04 15:24:49.449,13629,13630,13629,2,-2
2022-10-04 15:24:51.481,13628,13629,13629,1,1
2022-10-04 15:24:51.482,13628,13629,13629,1,1
2022-10-04 15:24:51.482,13628,13629,13629,1,1
2022-10-04 15:24:57.443,13629,13630,13630,1,1
2022-10-04 15:25:00.313,13629,13630,13629,1,-1
2022-10-04 15:25:00.515,13628,13629,13629,1,1
2022-10-04 15:25:00.515,13628,13629,13629,1,1
2022-10-04 15:25:01.166,13629,13630,13630,7,7
2022-10-04 15:25:01.166,13629,13630,13630,1,1
2022-10-04 15:25:01.166,13629,13630,13630,3,3
2022-10-04 15:25:01.166,13629,13630,13630,1,1
2022-10-04 15:25:01.166,13629,13630,13630,2,2
2022-10-04 15:25:01.166,13629,13630,13630,1,1
2022-10-04 15:25:01.166,13629,13630,13630,1,1
2022-10-04 15:25:01.166,13629,13630,13630,1,1
2022-10-04 15:25:01.433,13630,13631,13629,2,-2
2022-10-04 15:25:01.907,13629,13631,13630,1,-1
2022-10-04 15:25:04.739,13629,13631,13631,5,5
2022-10-04 15:25:05.267,13629,13631,13629,1,-1
2022-10-04 15:25:06.872,13629,13630,13630,2,2
2022-10-04 15:25:09.523,13629,13630,13629,1,-1
2022-10-04 15:25:13.466,13629,13630,13629,1,-1
2022-10-04 15:25:13.739,13629,13630,13630,2,2
2022-10-04 15:25:15.619,13630,13631,13630,1,-1
2022-10-04 15:25:16.480,13630,13631,13631,3,3
2022-10-04 15:25:16.489,13630,13631,13630,1,-1
2022-10-04 15:25:19.284,13629,13630,13630,1,1
2022-10-04 15:25:19.645,13629,13630,13630,1,1
2022-10-04 15:25:20.694,13629,13631,13631,1,1
2022-10-04 15:25:22.242,13630,13631,13631,3,3
2022-10-04 15:25:22.292,13630,13631,13630,1,-1
2022-10-04 15:25:25.020,13630,13631,13631,3,3
2022-10-04 15:25:32.025,13630,13631,13631,2,2
2022-10-04 15:25:32.025,13630,13631,13632,1,1
2022-10-04 15:25:32.312,13630,13632,13632,3,3
2022-10-04 15:25:32.318,13630,13632,13632,1,1
2022-10-04 15:25:32.328,13630,13632,13632,1,1
2022-10-04 15:25:32.356,13630,13632,13632,1,1
2022-10-04 15:25:32.581,13630,13632,13632,1,1
2022-10-04 15:25:33.514,13631,13632,13631,1,-1
2022-10-04 15:25:34.467,13631,13632,13632,3,3
2022-10-04 15:25:35.889,13631,13632,13631,1,-1
2022-10-04 15:25:36.134,13631,13632,13631,1,-1
2022-10-04 15:25:40.034,13631,13632,13631,2,-2
2022-10-04 15:25:40.623,13631,13632,13631,1,-1
2022-10-04 15:25:40.630,13630,13632,13631,3,-3
2022-10-04 15:25:41.721,13630,13631,13630,1,-1
2022-10-04 15:25:41.981,13630,13631,13630,1,-1
2022-10-04 15:25:41.981,13630,13631,13630,1,-1
2022-10-04 15:25:41.981,13630,13631,13630,1,-1
2022-10-04 15:25:41.981,13630,13631,13630,7,-7
2022-10-04 15:25:41.981,13630,13631,13630,6,-6
2022-10-04 15:25:41.982,13630,13631,13630,1,-1
2022-10-04 15:25:42.611,13629,13630,13630,5,5
2022-10-04 15:25:43.541,13629,13630,13630,1,1
2022-10-04 15:25:44.567,13629,13630,13629,1,-1
2022-10-04 15:25:44.567,13629,13630,13629,2,-2
2022-10-04 15:25:44.567,13629,13630,13629,2,-2
2022-10-04 15:25:44.567,13629,13630,13629,1,-1
2022-10-04 15:25:44.567,13629,13630,13629,2,-2
2022-10-04 15:25:46.665,13628,13629,13629,3,3
2022-10-04 15:25:47.368,13628,13629,13628,5,-5
2022-10-04 15:25:48.528,13627,13628,13628,5,5
2022-10-04 15:25:48.546,13627,13628,13629,2,2
2022-10-04 15:25:50.300,13627,13629,13629,3,3
2022-10-04 15:25:56.850,13627,13629,13628,1,1
2022-10-04 15:25:56.852,13627,13629,13628,1,1
2022-10-04 15:25:57.093,13627,13629,13629,1,1
2022-10-04 15:25:58.833,13627,13629,13629,1,1
2022-10-04 15:25:59.046,13628,13629,13628,1,-1
2022-10-04 15:25:59.046,13628,13629,13627,5,-5
2022-10-04 15:26:01.690,13628,13629,13628,1,-1
2022-10-04 15:26:02.830,13627,13629,13629,1,1
2022-10-04 15:26:03.002,13627,13629,13627,1,-1
2022-10-04 15:26:04.232,13628,13629,13629,2,2
2022-10-04 15:26:05.533,13628,13629,13629,1,1
2022-10-04 15:26:05.729,13628,13629,13628,1,-1
2022-10-04 15:26:08.531,13627,13629,13629,1,1
2022-10-04 15:26:09.464,13627,13629,13629,5,5
2022-10-04 15:26:21.089,13628,13629,13628,1,-1
2022-10-04 15:26:22.203,13627,13629,13629,1,1
2022-10-04 15:26:24.088,13627,13628,13627,1,-1
2022-10-04 15:26:24.721,13627,13628,13627,1,-1
2022-10-04 15:26:25.419,13627,13628,13628,1,1
2022-10-04 15:26:26.283,13627,13628,13627,1,-1
2022-10-04 15:26:26.896,13627,13628,13628,1,1
2022-10-04 15:26:28.773,13627,13628,13627,1,-1
2022-10-04 15:26:31.528,13627,13628,13627,1,-1
2022-10-04 15:26:31.850,13627,13628,13627,4,-4
2022-10-04 15:26:33.699,13626,13627,13626,5,-5
2022-10-04 15:26:33.704,13626,13627,13626,3,-3
2022-10-04 15:26:34.165,13626,13627,13626,1,-1
2022-10-04 15:26:34.981,13626,13627,13626,1,-1
2022-10-04 15:26:37.908,13626,13627,13626,1,-1
2022-10-04 15:26:39.946,13626,13627,13626,1,-1
2022-10-04 15:26:39.948,13626,13627,13626,3,-3
2022-10-04 15:26:40.337,13626,13627,13627,4,4
2022-10-04 15:26:43.948,13626,13627,13626,1,-1
2022-10-04 15:26:44.209,13626,13627,13627,1,1
2022-10-04 15:26:47.562,13626,13627,13627,1,1
2022-10-04 15:26:47.562,13626,13627,13627,1,1
2022-10-04 15:26:47.562,13626,13627,13627,1,1
2022-10-04 15:26:47.562,13626,13627,13627,1,1
2022-10-04 15:26:47.562,13626,13627,13627,1,1
2022-10-04 15:26:47.562,13626,13627,13627,1,1
2022-10-04 15:26:47.849,13627,13628,13628,7,7
2022-10-04 15:26:47.894,13627,13629,13627,5,-5
2022-10-04 15:26:52.028,13627,13628,13627,1,-1
2022-10-04 15:26:53.906,13626,13628,13626,1,-1
2022-10-04 15:26:57.025,13626,13627,13626,1,-1
2022-10-04 15:26:59.145,13626,13627,13627,1,1
2022-10-04 15:26:59.208,13626,13627,13626,3,-3
2022-10-04 15:26:59.328,13625,13626,13626,1,1
2022-10-04 15:26:59.429,13625,13626,13626,1,1
2022-10-04 15:26:59.529,13625,13626,13626,1,1
2022-10-04 15:26:59.540,13625,13626,13626,1,1
2022-10-04 15:26:59.550,13625,13626,13626,2,2
2022-10-04 15:26:59.629,13625,13626,13626,1,1
2022-10-04 15:26:59.713,13625,13626,13626,3,3
2022-10-04 15:26:59.730,13625,13626,13626,1,1
2022-10-04 15:26:59.830,13625,13626,13626,1,1
2022-10-04 15:27:00.093,13626,13627,13626,1,-1
2022-10-04 15:27:02.209,13626,13627,13627,2,2
2022-10-04 15:27:02.209,13626,13627,13627,1,1
2022-10-04 15:27:02.209,13626,13627,13627,1,1
2022-10-04 15:27:02.892,13627,13628,13627,1,-1
2022-10-04 15:27:03.087,13627,13628,13627,1,-1
2022-10-04 15:27:06.956,13627,13628,13627,1,-1
2022-10-04 15:27:13.639,13626,13627,13627,1,1
2022-10-04 15:27:13.639,13626,13627,13627,1,1
2022-10-04 15:27:13.639,13626,13627,13627,1,1
2022-10-04 15:27:13.650,13626,13627,13627,3,3
2022-10-04 15:27:16.749,13627,13628,13628,3,3
2022-10-04 15:27:16.749,13627,13628,13629,17,17
2022-10-04 15:27:16.749,13627,13628,13630,5,5
2022-10-04 15:27:25.599,13628,13630,13630,1,1
2022-10-04 15:27:25.867,13628,13630,13628,1,-1
2022-10-04 15:27:34.339,13628,13629,13629,1,1
2022-10-04 15:27:37.915,13628,13629,13629,1,1
2022-10-04 15:27:39.099,13627,13628,13628,1,1
2022-10-04 15:27:40.566,13627,13628,13628,5,5
2022-10-04 15:27:43.595,13627,13628,13628,2,2
2022-10-04 15:27:44.342,13627,13628,13627,1,-1
2022-10-04 15:27:44.342,13627,13628,13627,1,-1
2022-10-04 15:27:44.816,13627,13628,13627,1,-1
2022-10-04 15:27:44.816,13627,13628,13627,6,-6
2022-10-04 15:27:44.816,13627,13628,13627,1,-1
2022-10-04 15:27:44.819,13627,13628,13626,6,-6
2022-10-04 15:27:46.531,13626,13628,13626,4,-4
2022-10-04 15:27:48.820,13626,13628,13626,1,-1
2022-10-04 15:27:55.719,13626,13627,13626,4,-4
2022-10-04 15:28:03.548,13626,13627,13626,1,-1
2022-10-04 15:28:04.057,13626,13627,13627,1,1
2022-10-04 15:28:11.524,13625,13627,13627,1,1
2022-10-04 15:28:13.324,13625,13627,13627,2,2
2022-10-04 15:28:21.262,13625,13626,13625,1,-1
2022-10-04 15:28:22.552,13625,13626,13625,1,-1
2022-10-04 15:28:27.749,13625,13626,13625,6,-6
2022-10-04 15:28:28.246,13625,13626,13625,1,-1
2022-10-04 15:28:32.214,13625,13626,13626,1,1
2022-10-04 15:28:37.030,13626,13627,13626,1,-1
2022-10-04 15:28:38.473,13625,13627,13627,3,3
2022-10-04 15:28:39.169,13625,13626,13626,2,2
2022-10-04 15:28:44.032,13625,13626,13626,2,2
2022-10-04 15:28:59.548,13626,13627,13626,1,-1
2022-10-04 15:28:59.549,13626,13627,13626,1,-1
2022-10-04 15:29:01.703,13625,13626,13625,1,-1
2022-10-04 15:29:02.108,13625,13626,13626,1,1
2022-10-04 15:29:03.218,13625,13626,13625,1,-1
2022-10-04 15:29:04.792,13625,13626,13625,1,-1
2022-10-04 15:29:04.793,13625,13626,13625,3,-3
2022-10-04 15:29:04.793,13625,13626,13625,8,-8
2022-10-04 15:29:04.793,13625,13626,13625,1,-1
2022-10-04 15:29:04.793,13625,13626,13625,7,-7
2022-10-04 15:29:05.768,13624,13626,13624,2,-2
2022-10-04 15:29:06.098,13624,13626,13624,1,-1
2022-10-04 15:29:06.429,13624,13626,13624,7,-7
2022-10-04 15:29:06.429,13624,13626,13624,3,-3
2022-10-04 15:29:09.233,13623,13625,13623,1,-1
2022-10-04 15:29:12.259,13623,13625,13623,6,-6
2022-10-04 15:29:13.683,13623,13625,13623,1,-1
2022-10-04 15:29:16.947,13623,13625,13623,3,-3
2022-10-04 15:29:17.674,13623,13624,13623,4,-4
2022-10-04 15:29:19.906,13623,13624,13624,1,1
2022-10-04 15:29:20.273,13623,13624,13623,14,-14
2022-10-04 15:29:20.468,13622,13623,13622,1,-1
2022-10-04 15:29:20.618,13622,13623,13622,2,-2
2022-10-04 15:29:20.640,13622,13623,13622,1,-1
2022-10-04 15:29:20.640,13622,13623,13622,2,-2
2022-10-04 15:29:22.736,13621,13623,13623,1,1
2022-10-04 15:29:24.010,13623,13624,13624,3,3
2022-10-04 15:29:28.339,13623,13624,13624,3,3
2022-10-04 15:29:28.340,13623,13624,13624,2,2
2022-10-04 15:29:28.340,13623,13624,13624,1,1
2022-10-04 15:29:28.340,13623,13624,13624,1,1
2022-10-04 15:29:41.173,13622,13623,13623,1,1
2022-10-04 15:29:43.571,13622,13623,13622,1,-1
2022-10-04 15:29:44.617,13622,13623,13623,1,1
2022-10-04 15:29:48.696,13623,13624,13623,1,-1
2022-10-04 15:29:48.696,13623,13624,13622,7,-7
2022-10-04 15:29:48.867,13622,13623,13623,2,2
2022-10-04 15:29:51.370,13622,13623,13623,10,10
2022-10-04 15:29:52.653,13622,13623,13622,1,-1
2022-10-04 15:29:54.847,13622,13623,13622,1,-1
2022-10-04 15:29:57.849,13622,13623,13622,1,-1
2022-10-04 15:30:03.417,13622,13623,13622,1,-1
2022-10-04 15:30:03.770,13622,13623,13623,1,1
2022-10-04 15:30:03.775,13622,13623,13623,2,2
2022-10-04 15:30:03.775,13622,13623,13624,1,1
2022-10-04 15:30:03.941,13622,13624,13622,8,-8
2022-10-04 15:30:04.249,13622,13624,13624,1,1
2022-10-04 15:30:04.421,13622,13624,13624,1,1
2022-10-04 15:30:04.422,13622,13624,13624,1,1
2022-10-04 15:30:13.587,13623,13624,13623,3,-3
2022-10-04 15:30:14.414,13622,13624,13622,1,-1
2022-10-04 15:30:15.746,13622,13623,13622,3,-3
2022-10-04 15:30:21.465,13622,13623,13623,2,2
2022-10-04 15:30:21.824,13622,13624,13622,4,-4
2022-10-04 15:30:23.492,13623,13624,13624,1,1
2022-10-04 15:30:24.563,13622,13624,13622,1,-1
2022-10-04 15:30:25.494,13622,13624,13623,1,-1
2022-10-04 15:30:29.977,13622,13623,13622,1,-1
2022-10-04 15:30:32.691,13622,13623,13623,1,1
2022-10-04 15:30:32.692,13622,13623,13623,5,5
2022-10-04 15:30:35.052,13623,13624,13623,1,-1
2022-10-04 15:30:36.939,13622,13623,13622,1,-1
2022-10-04 15:30:37.553,13621,13623,13621,1,-1
2022-10-04 15:30:37.858,13621,13623,13621,2,-2
2022-10-04 15:30:38.546,13621,13623,13623,1,1
2022-10-04 15:30:41.089,13621,13622,13621,6,-6
2022-10-04 15:30:41.089,13621,13622,13621,4,-4
2022-10-04 15:30:41.089,13621,13622,13621,1,-1
2022-10-04 15:30:41.089,13621,13622,13621,2,-2
2022-10-04 15:30:41.090,13621,13622,13621,1,-1
2022-10-04 15:30:43.569,13620,13621,13621,1,1
2022-10-04 15:30:45.237,13620,13621,13621,1,1
2022-10-04 15:30:46.894,13620,13621,13621,1,1
2022-10-04 15:30:48.213,13620,13621,13620,1,-1
2022-10-04 15:30:50.683,13620,13621,13620,1,-1
2022-10-04 15:30:51.909,13620,13621,13620,5,-5
2022-10-04 15:30:53.910,13620,13621,13620,1,-1
2022-10-04 15:30:53.914,13620,13621,13621,1,1
2022-10-04 15:30:54.454,13620,13621,13621,1,1
2022-10-04 15:30:55.663,13620,13621,13621,1,1
2022-10-04 15:30:56.614,13620,13621,13620,1,-1
2022-10-04 15:30:56.799,13620,13621,13620,1,-1
2022-10-04 15:30:56.970,13620,13621,13620,3,-3
2022-10-04 15:30:56.971,13620,13621,13620,16,-16
2022-10-04 15:30:58.333,13619,13620,13620,5,5
2022-10-04 15:30:58.888,13619,13620,13620,1,1
2022-10-04 15:31:00.068,13619,13620,13619,4,-4
2022-10-04 15:31:00.128,13619,13620,13619,1,-1
2022-10-04 15:31:00.128,13619,13620,13619,1,-1
2022-10-04 15:31:00.197,13619,13620,13619,3,-3
2022-10-04 15:31:00.263,13619,13620,13619,1,-1
2022-10-04 15:31:01.260,13619,13620,13620,1,1
2022-10-04 15:31:02.627,13620,13621,13620,1,-1
2022-10-04 15:31:03.648,13619,13620,13620,2,2
2022-10-04 15:31:03.751,13619,13620,13619,1,-1
2022-10-04 15:31:03.751,13619,13620,13619,1,-1
2022-10-04 15:31:03.751,13619,13620,13619,1,-1
2022-10-04 15:31:06.207,13618,13620,13620,2,2
2022-10-04 15:31:08.440,13618,13619,13619,1,1
2022-10-04 15:31:11.676,13619,13620,13619,1,-1
2022-10-04 15:31:11.751,13619,13620,13619,1,-1
2022-10-04 15:31:11.756,13619,13620,13619,1,-1
2022-10-04 15:31:13.283,13619,13620,13619,1,-1
2022-10-04 15:31:14.479,13619,13620,13619,1,-1
2022-10-04 15:31:14.484,13619,13620,13619,1,-1
2022-10-04 15:31:14.484,13619,13620,13619,1,-1
2022-10-04 15:31:18.494,13619,13620,13620,1,1
2022-10-04 15:31:18.494,13619,13620,13620,1,1
2022-10-04 15:31:18.494,13619,13620,13620,3,3
2022-10-04 15:31:18.954,13619,13620,13619,1,-1
2022-10-04 15:31:23.069,13619,13620,13620,1,1
2022-10-04 15:31:23.127,13619,13620,13619,1,-1
2022-10-04 15:31:24.150,13619,13620,13619,1,-1
2022-10-04 15:31:24.150,13619,13620,13619,3,-3
2022-10-04 15:31:28.218,13618,13619,13619,1,1
2022-10-04 15:31:28.422,13619,13620,13620,1,1
2022-10-04 15:31:33.891,13619,13620,13620,1,1
2022-10-04 15:31:34.244,13619,13620,13620,6,6
2022-10-04 15:31:34.841,13620,13621,13621,2,2
2022-10-04 15:31:34.930,13620,13621,13621,3,3
2022-10-04 15:31:35.021,13621,13622,13621,1,-1
2022-10-04 15:31:36.211,13621,13622,13621,1,-1
2022-10-04 15:31:36.716,13620,13622,13620,1,-1
2022-10-04 15:31:36.979,13620,13622,13620,1,-1
2022-10-04 15:31:40.912,13621,13622,13622,2,2
2022-10-04 15:31:40.912,13621,13622,13622,1,1
2022-10-04 15:31:40.912,13621,13622,13622,3,3
2022-10-04 15:31:40.912,13621,13622,13622,1,1
2022-10-04 15:31:40.982,13621,13622,13622,1,1
2022-10-04 15:31:41.350,13622,13623,13622,1,-1
2022-10-04 15:31:44.321,13622,13623,13622,2,-2
2022-10-04 15:31:45.119,13622,13623,13623,1,1
2022-10-04 15:31:45.119,13622,13623,13623,1,1
2022-10-04 15:31:45.725,13622,13623,13623,2,2
2022-10-04 15:31:45.743,13622,13623,13623,1,1
2022-10-04 15:31:46.768,13622,13624,13622,1,-1
2022-10-04 15:31:48.327,13622,13623,13623,1,1
2022-10-04 15:31:49.540,13623,13624,13624,1,1
2022-10-04 15:31:49.700,13623,13624,13623,1,-1
2022-10-04 15:31:50.669,13622,13624,13624,3,3
2022-10-04 15:31:51.681,13622,13623,13623,1,1
2022-10-04 15:31:51.681,13622,13623,13623,1,1
2022-10-04 15:31:53.681,13623,13624,13623,1,-1
2022-10-04 15:31:55.100,13622,13623,13623,1,1
2022-10-04 15:31:57.192,13623,13624,13623,1,-1
2022-10-04 15:31:58.878,13623,13624,13624,3,3
2022-10-04 15:32:01.398,13623,13624,13623,2,-2
2022-10-04 15:32:01.398,13623,13624,13623,5,-5
2022-10-04 15:32:01.448,13623,13624,13623,1,-1
2022-10-04 15:32:02.342,13623,13624,13624,4,4
2022-10-04 15:32:02.342,13623,13624,13624,1,1
2022-10-04 15:32:02.342,13623,13624,13624,1,1
2022-10-04 15:32:10.088,13623,13625,13625,3,3
2022-10-04 15:32:10.616,13623,13625,13625,4,4
2022-10-04 15:32:12.920,13624,13625,13624,1,-1
2022-10-04 15:32:13.842,13623,13625,13625,1,1
2022-10-04 15:32:16.006,13624,13625,13625,2,2
2022-10-04 15:32:23.467,13624,13625,13625,1,1
2022-10-04 15:32:23.862,13624,13625,13625,1,1
2022-10-04 15:32:25.482,13625,13626,13626,1,1
2022-10-04 15:32:25.619,13625,13626,13626,1,1
2022-10-04 15:32:30.959,13625,13626,13626,2,2
2022-10-04 15:32:31.010,13625,13626,13626,10,10
2022-10-04 15:32:31.010,13625,13626,13626,2,2
2022-10-04 15:32:31.010,13625,13626,13626,3,3
2022-10-04 15:32:31.011,13625,13626,13626,1,1
2022-10-04 15:32:31.652,13626,13627,13626,1,-1
2022-10-04 15:32:31.652,13626,13627,13626,1,-1
2022-10-04 15:32:36.190,13625,13627,13627,2,2
2022-10-04 15:32:36.785,13625,13626,13626,1,1
2022-10-04 15:32:45.282,13625,13627,13627,2,2
2022-10-04 15:32:46.298,13625,13627,13627,1,1
2022-10-04 15:32:46.691,13626,13628,13628,5,5
2022-10-04 15:32:47.239,13626,13628,13628,1,1
2022-10-04 15:32:50.397,13627,13628,13628,1,1
2022-10-04 15:32:50.531,13627,13628,13627,1,-1
2022-10-04 15:32:54.090,13627,13628,13628,1,1
2022-10-04 15:32:55.004,13627,13628,13627,1,-1
2022-10-04 15:32:59.624,13627,13628,13628,1,1
2022-10-04 15:33:00.077,13627,13628,13628,1,1
2022-10-04 15:33:00.194,13627,13628,13628,1,1
2022-10-04 15:33:01.328,13627,13628,13627,1,-1
2022-10-04 15:33:01.618,13627,13628,13627,1,-1
2022-10-04 15:33:03.629,13627,13628,13628,1,1
2022-10-04 15:33:04.294,13627,13628,13627,1,-1
2022-10-04 15:33:06.309,13627,13628,13628,1,1
2022-10-04 15:33:12.687,13628,13629,13629,4,4
2022-10-04 15:33:12.688,13628,13629,13629,1,1
2022-10-04 15:33:12.688,13628,13629,13629,1,1
2022-10-04 15:33:12.688,13628,13629,13629,1,1
2022-10-04 15:33:12.688,13628,13629,13629,6,6
2022-10-04 15:33:12.688,13628,13629,13629,4,4
2022-10-04 15:33:15.308,13628,13630,13629,2,2
2022-10-04 15:33:20.195,13629,13630,13630,1,1
2022-10-04 15:33:20.760,13629,13630,13629,1,-1
2022-10-04 15:33:20.864,13629,13630,13629,1,-1
2022-10-04 15:33:23.295,13629,13630,13629,1,-1
2022-10-04 15:33:23.398,13629,13630,13630,1,1
2022-10-04 15:33:24.083,13629,13630,13629,1,-1
2022-10-04 15:33:26.855,13629,13630,13629,1,-1
2022-10-04 15:33:27.487,13629,13630,13629,1,-1
2022-10-04 15:33:27.488,13629,13630,13629,7,-7
2022-10-04 15:33:27.488,13629,13630,13629,4,-4
2022-10-04 15:33:27.491,13629,13630,13628,4,-4
2022-10-04 15:33:27.811,13627,13629,13629,1,1
2022-10-04 15:33:28.230,13627,13629,13629,1,1
2022-10-04 15:33:29.024,13629,13630,13629,1,-1
2022-10-04 15:33:29.353,13629,13630,13630,1,1
2022-10-04 15:33:29.706,13629,13630,13630,1,1
2022-10-04 15:33:31.973,13629,13630,13630,2,2
2022-10-04 15:33:34.449,13629,13630,13629,1,-1
2022-10-04 15:33:35.972,13629,13630,13630,1,1
2022-10-04 15:33:35.988,13629,13630,13629,4,-4
2022-10-04 15:33:37.340,13629,13630,13630,2,2
2022-10-04 15:33:38.246,13629,13630,13630,1,1
2022-10-04 15:33:39.812,13629,13630,13629,1,-1
2022-10-04 15:33:39.995,13629,13630,13629,1,-1
2022-10-04 15:33:40.205,13629,13630,13630,2,2
2022-10-04 15:33:41.189,13629,13630,13629,1,-1
2022-10-04 15:33:41.547,13629,13630,13629,3,-3
2022-10-04 15:33:42.598,13629,13630,13630,25,25
2022-10-04 15:33:42.599,13629,13630,13630,2,2
2022-10-04 15:33:43.732,13630,13631,13630,3,-3
2022-10-04 15:33:45.752,13629,13630,13630,1,1
2022-10-04 15:33:45.859,13629,13630,13630,1,1
2022-10-04 15:33:47.153,13629,13630,13630,1,1
2022-10-04 15:33:50.110,13630,13631,13630,2,-2
2022-10-04 15:33:53.182,13630,13631,13630,1,-1
2022-10-04 15:33:54.954,13630,13631,13631,1,1
2022-10-04 15:33:54.955,13630,13631,13631,2,2
2022-10-04 15:33:54.955,13630,13631,13631,4,4
2022-10-04 15:33:54.955,13630,13631,13631,2,2
2022-10-04 15:33:54.955,13630,13631,13631,1,1
2022-10-04 15:33:54.955,13630,13631,13631,1,1
2022-10-04 15:33:54.955,13630,13631,13631,3,3
2022-10-04 15:33:54.955,13630,13631,13631,2,2
2022-10-04 15:33:54.955,13630,13631,13631,1,1
2022-10-04 15:33:54.955,13630,13631,13631,5,5
2022-10-04 15:33:55.025,13631,13632,13631,1,-1
2022-10-04 15:33:55.125,13631,13632,13631,1,-1
2022-10-04 15:33:55.225,13631,13632,13631,1,-1
2022-10-04 15:33:55.326,13631,13632,13631,1,-1
2022-10-04 15:33:57.679,13631,13632,13631,1,-1
2022-10-04 15:33:57.779,13631,13632,13631,1,-1
2022-10-04 15:33:59.042,13631,13632,13631,1,-1
2022-10-04 15:34:00.224,13631,13632,13632,2,2
2022-10-04 15:34:00.332,13631,13632,13632,1,1
2022-10-04 15:34:00.491,13631,13632,13632,2,2
2022-10-04 15:34:04.105,13631,13632,13632,11,11
2022-10-04 15:34:04.105,13631,13632,13633,37,37
2022-10-04 15:34:04.107,13631,13632,13633,12,12
2022-10-04 15:34:04.185,13632,13634,13633,1,1
2022-10-04 15:34:04.290,13632,13633,13633,1,1
2022-10-04 15:34:04.433,13632,13633,13632,1,-1
2022-10-04 15:34:04.817,13632,13633,13632,1,-1
2022-10-04 15:34:05.755,13632,13633,13633,1,1
2022-10-04 15:34:09.426,13632,13633,13633,1,1
2022-10-04 15:34:10.862,13632,13633,13632,1,-1
2022-10-04 15:34:10.862,13632,13633,13632,1,-1
2022-10-04 15:34:10.862,13632,13633,13632,1,-1
2022-10-04 15:34:11.593,13632,13633,13632,1,-1
2022-10-04 15:34:11.740,13631,13633,13633,1,1
2022-10-04 15:34:14.935,13632,13633,13632,1,-1
2022-10-04 15:34:15.322,13632,13633,13632,1,-1
2022-10-04 15:34:19.634,13631,13632,13632,1,1
2022-10-04 15:34:25.021,13631,13632,13632,1,1
2022-10-04 15:34:27.003,13631,13632,13632,2,2
2022-10-04 15:34:32.011,13631,13632,13632,2,2
2022-10-04 15:34:32.409,13631,13632,13632,1,1
2022-10-04 15:34:34.155,13631,13632,13632,3,3
2022-10-04 15:34:37.394,13631,13632,13631,2,-2
2022-10-04 15:34:37.394,13631,13632,13631,1,-1
2022-10-04 15:34:37.394,13631,13632,13631,1,-1
2022-10-04 15:34:37.395,13631,13632,13631,2,-2
2022-10-04 15:34:37.395,13631,13632,13631,2,-2
2022-10-04 15:34:37.395,13631,13632,13631,3,-3
2022-10-04 15:34:37.397,13631,13632,13630,6,-6
2022-10-04 15:34:42.875,13630,13632,13632,4,4
2022-10-04 15:34:47.737,13630,13631,13630,1,-1
2022-10-04 15:34:48.864,13630,13631,13631,2,2
2022-10-04 15:34:49.034,13631,13632,13632,1,1
2022-10-04 15:34:59.104,13631,13632,13632,1,1
2022-10-04 15:35:01.531,13631,13632,13632,1,1
2022-10-04 15:35:01.902,13631,13632,13632,1,1
2022-10-04 15:35:03.843,13631,13632,13632,1,1
2022-10-04 15:35:03.843,13631,13632,13632,1,1
2022-10-04 15:35:03.843,13631,13632,13632,1,1
2022-10-04 15:35:03.844,13631,13632,13632,8,8
2022-10-04 15:35:03.844,13631,13632,13632,1,1
2022-10-04 15:35:03.844,13631,13632,13632,1,1
2022-10-04 15:35:03.844,13631,13632,13632,2,2
2022-10-04 15:35:03.844,13631,13632,13632,1,1
2022-10-04 15:35:08.446,13632,13633,13632,2,-2
2022-10-04 15:35:09.002,13632,13633,13633,2,2
2022-10-04 15:35:09.003,13632,13633,13633,1,1
2022-10-04 15:35:09.003,13632,13633,13633,1,1
2022-10-04 15:35:09.003,13632,13633,13633,2,2
2022-10-04 15:35:09.003,13632,13633,13633,4,4
2022-10-04 15:35:09.003,13632,13633,13633,1,1
2022-10-04 15:35:09.003,13632,13633,13633,1,1
2022-10-04 15:35:09.003,13632,13633,13633,1,1
2022-10-04 15:35:09.106,13632,13633,13633,1,1
2022-10-04 15:35:09.165,13633,13634,13632,1,-1
2022-10-04 15:35:09.363,13632,13633,13633,1,1
2022-10-04 15:35:10.501,13632,13633,13633,1,1
2022-10-04 15:35:14.227,13632,13633,13632,2,-2
2022-10-04 15:35:15.887,13632,13633,13633,1,1
2022-10-04 15:35:16.172,13632,13633,13633,1,1
2022-10-04 15:35:16.612,13632,13633,13633,1,1
2022-10-04 15:35:17.256,13632,13633,13633,2,2
2022-10-04 15:35:17.256,13632,13633,13634,3,3
2022-10-04 15:35:17.463,13632,13634,13634,1,1
2022-10-04 15:35:21.554,13632,13633,13633,1,1
2022-10-04 15:35:22.389,13632,13633,13632,1,-1
2022-10-04 15:35:22.390,13632,13633,13632,1,-1
2022-10-04 15:35:23.103,13631,13633,13633,1,1
2022-10-04 15:35:23.877,13631,13633,13633,1,1
2022-10-04 15:35:28.441,13631,13633,13633,23,23
2022-10-04 15:35:28.441,13631,13633,13634,27,27
2022-10-04 15:35:28.467,13631,13633,13633,1,1
2022-10-04 15:35:28.849,13632,13633,13633,1,1
2022-10-04 15:35:33.888,13631,13632,13632,1,1
2022-10-04 15:35:38.921,13632,13633,13633,5,5
2022-10-04 15:35:40.097,13631,13633,13633,1,1
2022-10-04 15:35:41.318,13632,13633,13633,1,1
2022-10-04 15:35:43.896,13632,13633,13633,3,3
2022-10-04 15:35:43.896,13632,13633,13633,1,1
2022-10-04 15:35:45.213,13632,13633,13633,1,1
2022-10-04 15:35:45.524,13632,13633,13633,1,1
2022-10-04 15:35:47.313,13633,13634,13633,1,-1
2022-10-04 15:35:48.160,13633,13634,13634,2,2
2022-10-04 15:35:48.160,13633,13634,13634,3,3
2022-10-04 15:35:49.068,13634,13635,13635,1,1
2022-10-04 15:35:49.068,13634,13635,13635,2,2
2022-10-04 15:35:49.069,13634,13635,13635,2,2
2022-10-04 15:35:49.069,13634,13635,13635,1,1
2022-10-04 15:35:49.069,13634,13635,13635,4,4
2022-10-04 15:35:49.069,13634,13635,13635,6,6
2022-10-04 15:35:49.069,13634,13635,13635,2,2
2022-10-04 15:35:49.069,13634,13635,13635,3,3
2022-10-04 15:35:49.069,13634,13635,13635,1,1
2022-10-04 15:35:49.069,13634,13635,13635,1,1
2022-10-04 15:35:49.069,13634,13635,13635,1,1
2022-10-04 15:35:49.069,13634,13635,13635,1,1
2022-10-04 15:35:49.069,13634,13635,13635,3,3
2022-10-04 15:35:49.069,13634,13635,13635,3,3
2022-10-04 15:35:49.069,13634,13635,13635,7,7
2022-10-04 15:35:49.122,13634,13635,13636,1,1
2022-10-04 15:35:49.122,13634,13635,13636,1,1
2022-10-04 15:35:49.122,13634,13635,13636,1,1
2022-10-04 15:35:49.122,13634,13635,13636,1,1
2022-10-04 15:35:49.159,13635,13636,13636,1,1
2022-10-04 15:35:49.162,13635,13636,13636,1,1
2022-10-04 15:35:49.178,13635,13636,13636,3,3
2022-10-04 15:35:49.240,13635,13636,13636,1,1
2022-10-04 15:35:49.241,13635,13636,13636,12,12
2022-10-04 15:35:49.241,13635,13636,13636,1,1
2022-10-04 15:35:49.241,13635,13636,13636,3,3
2022-10-04 15:35:49.241,13635,13636,13636,1,1
2022-10-04 15:35:49.241,13635,13636,13636,2,2
2022-10-04 15:35:49.273,13636,13637,13636,1,-1
2022-10-04 15:35:49.484,13636,13637,13636,1,-1
2022-10-04 15:35:49.513,13636,13637,13636,2,-2
2022-10-04 15:35:50.015,13636,13637,13637,1,1
2022-10-04 15:35:50.368,13636,13637,13637,1,1
2022-10-04 15:35:53.558,13636,13637,13636,1,-1
2022-10-04 15:35:54.033,13636,13637,13637,1,1
2022-10-04 15:35:54.764,13636,13637,13637,1,1
2022-10-04 15:35:56.505,13636,13637,13637,1,1
2022-10-04 15:35:56.522,13636,13637,13637,1,1
2022-10-04 15:35:56.571,13636,13637,13636,1,-1
2022-10-04 15:35:56.571,13636,13637,13636,1,-1
2022-10-04 15:35:56.571,13636,13637,13636,1,-1
2022-10-04 15:35:56.571,13636,13637,13636,6,-6
2022-10-04 15:35:56.571,13636,13637,13636,8,-8
2022-10-04 15:35:56.571,13636,13637,13636,1,-1
2022-10-04 15:35:56.571,13636,13637,13636,3,-3
2022-10-04 15:35:56.571,13636,13637,13636,2,-2
2022-10-04 15:35:56.571,13636,13637,13636,1,-1
2022-10-04 15:35:56.572,13636,13637,13636,2,-2
2022-10-04 15:35:56.572,13636,13637,13636,3,-3
2022-10-04 15:35:56.572,13636,13637,13636,1,-1
2022-10-04 15:35:56.572,13636,13637,13636,1,-1
