2019-09-20 15:00:00.017,10905,10906,10906,59,59
2019-09-20 15:00:00.603,10906,10907,10907,1,1
2019-09-20 15:00:00.608,10906,10907,10907,1,1
2019-09-20 15:00:00.632,10906,10907,10907,6,6
2019-09-20 15:00:00.861,10906,10907,10906,2,-2
2019-09-20 15:00:01.038,10906,10907,10906,2,-2
2019-09-20 15:00:01.081,10906,10907,10907,1,1
2019-09-20 15:00:01.110,10906,10907,10907,1,1
2019-09-20 15:00:03.440,10906,10907,10907,6,6
2019-09-20 15:00:03.445,10906,10907,10907,1,1
2019-09-20 15:00:03.693,10906,10907,10907,4,4
2019-09-20 15:00:03.881,10906,10907,10907,4,4
2019-09-20 15:00:03.930,10906,10907,10907,4,4
2019-09-20 15:00:03.943,10906,10907,10907,4,4
2019-09-20 15:00:03.969,10906,10907,10908,4,4
2019-09-20 15:00:03.995,10906,10907,10908,4,4
2019-09-20 15:00:04.012,10906,10907,10908,4,4
2019-09-20 15:00:04.041,10906,10908,10908,4,4
2019-09-20 15:00:04.053,10906,10908,10907,2,-2
2019-09-20 15:00:04.053,10906,10908,10908,2,2
2019-09-20 15:00:04.074,10906,10908,10908,4,4
2019-09-20 15:00:04.125,10906,10908,10908,4,4
2019-09-20 15:00:04.150,10906,10908,10908,4,4
2019-09-20 15:00:04.197,10906,10908,10908,4,4
2019-09-20 15:00:04.206,10906,10908,10908,4,4
2019-09-20 15:00:04.242,10906,10908,10907,1,-1
2019-09-20 15:00:04.257,10906,10908,10908,2,2
2019-09-20 15:00:04.257,10906,10908,10909,2,2
2019-09-20 15:00:04.283,10907,10909,10909,1,1
2019-09-20 15:00:04.284,10907,10909,10909,1,1
2019-09-20 15:00:04.500,10907,10909,10909,1,1
2019-09-20 15:00:04.592,10907,10909,10909,8,8
2019-09-20 15:00:04.731,10907,10909,10907,1,-1
2019-09-20 15:00:05.675,10908,10909,10908,1,1
2019-09-20 15:00:06.009,10907,10909,10908,1,-1
2019-09-20 15:00:07.499,10907,10908,10908,4,4
2019-09-20 15:00:09.321,10908,10909,10909,1,1
2019-09-20 15:00:09.354,10908,10909,10908,1,-1
2019-09-20 15:00:09.432,10908,10909,10908,1,-1
2019-09-20 15:00:10.091,10907,10909,10909,1,1
2019-09-20 15:00:10.391,10907,10909,10908,1,-1
2019-09-20 15:00:10.829,10908,10909,10908,1,-1
2019-09-20 15:00:12.162,10907,10908,10907,1,-1
2019-09-20 15:00:12.657,10907,10908,10908,1,1
2019-09-20 15:00:14.466,10907,10908,10908,2,2
2019-09-20 15:00:14.667,10907,10908,10908,3,3
2019-09-20 15:00:15.507,10907,10908,10907,1,-1
2019-09-20 15:00:15.528,10907,10908,10908,8,8
2019-09-20 15:00:15.611,10908,10909,10908,1,-1
2019-09-20 15:00:18.590,10908,10909,10908,1,-1
2019-09-20 15:00:19.541,10908,10909,10908,1,-1
2019-09-20 15:00:19.882,10907,10908,10907,1,-1
2019-09-20 15:00:20.946,10907,10908,10907,2,-2
2019-09-20 15:00:21.187,10906,10908,10907,1,-1
2019-09-20 15:00:21.280,10906,10908,10906,1,-1
2019-09-20 15:00:21.423,10906,10907,10907,1,1
2019-09-20 15:00:21.638,10906,10908,10907,1,-1
2019-09-20 15:00:21.948,10906,10908,10906,2,-2
2019-09-20 15:00:22.066,10906,10908,10906,5,-5
2019-09-20 15:00:23.982,10906,10907,10907,1,1
2019-09-20 15:00:24.035,10906,10907,10907,1,1
2019-09-20 15:00:24.487,10906,10907,10907,1,1
2019-09-20 15:00:28.556,10907,10908,10907,1,-1
2019-09-20 15:00:30.434,10907,10908,10908,1,1
2019-09-20 15:00:31.300,10907,10908,10907,1,-1
2019-09-20 15:00:35.922,10907,10908,10907,1,-1
2019-09-20 15:00:36.077,10907,10908,10907,1,-1
2019-09-20 15:00:36.785,10907,10908,10907,1,-1
2019-09-20 15:00:39.608,10907,10908,10908,1,1
2019-09-20 15:00:41.067,10907,10908,10908,28,28
2019-09-20 15:00:41.154,10907,10908,10908,4,4
2019-09-20 15:00:42.213,10908,10909,10908,1,-1
2019-09-20 15:00:42.905,10908,10909,10909,15,15
2019-09-20 15:00:43.029,10908,10909,10909,1,1
2019-09-20 15:00:43.880,10908,10909,10909,1,1
2019-09-20 15:00:44.085,10908,10909,10909,1,1
2019-09-20 15:00:44.404,10908,10909,10909,1,1
2019-09-20 15:00:45.115,10908,10909,10909,5,5
2019-09-20 15:00:49.279,10908,10909,10909,3,3
2019-09-20 15:00:52.143,10908,10909,10909,1,1
2019-09-20 15:00:52.299,10908,10909,10909,1,1
2019-09-20 15:00:52.611,10908,10909,10909,1,1
2019-09-20 15:00:57.325,10908,10909,10909,3,3
2019-09-20 15:00:57.962,10908,10909,10909,20,20
2019-09-20 15:00:58.029,10909,10910,10909,1,-1
2019-09-20 15:00:58.071,10909,10910,10909,1,-1
2019-09-20 15:00:58.154,10909,10910,10909,1,-1
2019-09-20 15:00:59.833,10909,10910,10909,2,-2
2019-09-20 15:01:00.070,10909,10910,10910,1,1
2019-09-20 15:01:00.256,10909,10910,10910,4,4
2019-09-20 15:01:00.304,10909,10910,10910,10,10
2019-09-20 15:01:00.320,10909,10910,10910,1,1
2019-09-20 15:01:00.325,10909,10910,10910,3,3
2019-09-20 15:01:00.404,10909,10910,10910,3,3
2019-09-20 15:01:00.404,10909,10910,10910,9,9
2019-09-20 15:01:00.426,10909,10910,10910,2,2
2019-09-20 15:01:00.460,10909,10910,10911,3,3
2019-09-20 15:01:00.461,10909,10910,10911,1,1
2019-09-20 15:01:00.515,10909,10910,10911,2,2
2019-09-20 15:01:00.524,10909,10910,10911,2,2
2019-09-20 15:01:00.542,10909,10911,10911,3,3
2019-09-20 15:01:01.001,10910,10911,10911,6,6
2019-09-20 15:01:01.131,10910,10912,10911,5,-5
2019-09-20 15:01:01.154,10911,10912,10911,1,-1
2019-09-20 15:01:01.154,10911,10912,10911,3,-3
2019-09-20 15:01:01.154,10911,10912,10911,1,-1
2019-09-20 15:01:01.154,10911,10912,10911,1,-1
2019-09-20 15:01:01.279,10911,10912,10911,1,-1
2019-09-20 15:01:01.346,10911,10912,10912,2,2
2019-09-20 15:01:01.422,10911,10912,10912,1,1
2019-09-20 15:01:01.465,10911,10912,10912,3,3
2019-09-20 15:01:01.493,10911,10912,10912,1,1
2019-09-20 15:01:01.499,10911,10912,10912,2,2
2019-09-20 15:01:01.529,10911,10912,10912,3,3
2019-09-20 15:01:01.529,10911,10912,10912,8,8
2019-09-20 15:01:01.549,10911,10912,10912,1,1
2019-09-20 15:01:01.549,10911,10912,10912,1,1
2019-09-20 15:01:01.550,10911,10912,10912,2,2
2019-09-20 15:01:01.626,10911,10912,10913,1,1
2019-09-20 15:01:01.635,10911,10912,10913,1,1
2019-09-20 15:01:01.696,10912,10913,10912,1,-1
2019-09-20 15:01:01.717,10912,10913,10913,6,6
2019-09-20 15:01:01.743,10912,10913,10914,1,1
2019-09-20 15:01:01.810,10913,10914,10913,1,-1
2019-09-20 15:01:01.857,10913,10914,10914,1,1
2019-09-20 15:01:01.906,10913,10914,10914,2,2
2019-09-20 15:01:01.927,10913,10914,10914,2,2
2019-09-20 15:01:01.954,10913,10914,10915,2,2
2019-09-20 15:01:01.978,10913,10914,10915,2,2
2019-09-20 15:01:02.037,10914,10915,10914,5,-5
2019-09-20 15:01:02.165,10914,10915,10915,1,1
2019-09-20 15:01:02.178,10914,10915,10915,1,1
2019-09-20 15:01:02.231,10914,10915,10915,2,2
2019-09-20 15:01:02.237,10914,10915,10914,1,-1
2019-09-20 15:01:02.237,10914,10915,10914,1,-1
2019-09-20 15:01:02.262,10914,10915,10915,2,2
2019-09-20 15:01:02.282,10914,10915,10915,2,2
2019-09-20 15:01:02.288,10914,10915,10914,1,-1
2019-09-20 15:01:02.290,10914,10915,10914,2,-2
2019-09-20 15:01:02.320,10914,10915,10915,1,1
2019-09-20 15:01:02.321,10914,10915,10915,13,13
2019-09-20 15:01:02.322,10914,10915,10915,1,1
2019-09-20 15:01:02.404,10915,10916,10915,2,-2
2019-09-20 15:01:02.405,10915,10916,10915,1,-1
2019-09-20 15:01:02.472,10915,10916,10915,2,-2
2019-09-20 15:01:02.771,10914,10915,10914,1,-1
2019-09-20 15:01:02.864,10914,10915,10915,2,2
2019-09-20 15:01:02.904,10914,10915,10915,1,1
2019-09-20 15:01:03.628,10914,10915,10915,1,1
2019-09-20 15:01:03.836,10914,10915,10914,1,-1
2019-09-20 15:01:03.969,10914,10915,10915,1,1
2019-09-20 15:01:04.011,10914,10915,10915,1,1
2019-09-20 15:01:06.985,10914,10915,10915,1,1
2019-09-20 15:01:07.666,10914,10915,10915,1,1
2019-09-20 15:01:07.675,10914,10915,10914,1,-1
2019-09-20 15:01:07.798,10914,10915,10914,6,-6
2019-09-20 15:01:07.833,10914,10915,10915,1,1
2019-09-20 15:01:07.984,10913,10915,10915,1,1
2019-09-20 15:01:07.993,10913,10915,10915,1,1
2019-09-20 15:01:08.051,10914,10915,10915,1,1
2019-09-20 15:01:08.152,10914,10915,10915,1,1
2019-09-20 15:01:08.953,10913,10914,10914,1,1
2019-09-20 15:01:09.207,10913,10915,10915,1,1
2019-09-20 15:01:09.744,10913,10915,10915,4,4
2019-09-20 15:01:11.438,10914,10915,10915,1,1
2019-09-20 15:01:13.420,10914,10915,10914,1,-1
2019-09-20 15:01:13.662,10914,10915,10915,1,1
2019-09-20 15:01:13.717,10914,10915,10914,1,-1
2019-09-20 15:01:15.133,10914,10915,10914,1,-1
2019-09-20 15:01:16.216,10914,10915,10914,1,-1
2019-09-20 15:01:16.255,10914,10915,10915,1,1
2019-09-20 15:01:16.640,10914,10915,10915,10,10
2019-09-20 15:01:16.920,10914,10915,10915,2,2
2019-09-20 15:01:16.982,10914,10915,10915,10,10
2019-09-20 15:01:18.678,10914,10915,10915,4,4
2019-09-20 15:01:19.353,10915,10916,10915,1,-1
2019-09-20 15:01:19.498,10915,10916,10915,1,-1
2019-09-20 15:01:20.378,10915,10916,10915,2,-2
2019-09-20 15:01:20.538,10915,10916,10915,1,-1
2019-09-20 15:01:20.555,10915,10916,10915,1,-1
2019-09-20 15:01:20.823,10915,10916,10915,1,-1
2019-09-20 15:01:21.831,10915,10916,10915,1,-1
2019-09-20 15:01:22.238,10915,10916,10915,2,-2
2019-09-20 15:01:23.128,10915,10916,10915,1,-1
2019-09-20 15:01:23.304,10915,10916,10916,24,24
2019-09-20 15:01:23.778,10915,10916,10916,1,1
2019-09-20 15:01:23.844,10915,10916,10915,1,-1
2019-09-20 15:01:23.948,10915,10916,10916,1,1
2019-09-20 15:01:23.973,10915,10916,10915,1,-1
2019-09-20 15:01:24.013,10915,10916,10915,1,-1
2019-09-20 15:01:24.623,10915,10916,10916,6,6
2019-09-20 15:01:25.755,10916,10917,10916,2,-2
2019-09-20 15:01:26.067,10916,10917,10916,1,-1
2019-09-20 15:01:26.084,10916,10917,10916,10,-10
2019-09-20 15:01:26.545,10916,10917,10916,1,-1
2019-09-20 15:01:27.529,10916,10917,10916,1,-1
2019-09-20 15:01:28.064,10916,10917,10916,1,-1
2019-09-20 15:01:28.872,10916,10917,10917,4,4
2019-09-20 15:01:29.013,10916,10917,10916,1,-1
2019-09-20 15:01:29.033,10916,10917,10917,1,1
2019-09-20 15:01:29.041,10916,10917,10917,1,1
2019-09-20 15:01:29.120,10916,10917,10917,1,1
2019-09-20 15:01:29.263,10916,10917,10917,2,2
2019-09-20 15:01:29.354,10916,10917,10917,1,1
2019-09-20 15:01:29.355,10916,10917,10917,3,3
2019-09-20 15:01:29.407,10917,10918,10917,1,-1
2019-09-20 15:01:29.407,10917,10918,10917,3,-3
2019-09-20 15:01:29.430,10917,10918,10917,1,-1
2019-09-20 15:01:30.664,10917,10918,10917,1,-1
2019-09-20 15:01:31.938,10916,10918,10916,1,-1
2019-09-20 15:01:33.265,10916,10918,10918,1,1
2019-09-20 15:01:33.721,10916,10918,10916,1,-1
2019-09-20 15:01:34.117,10916,10918,10918,1,1
2019-09-20 15:01:35.369,10917,10918,10917,1,-1
2019-09-20 15:01:35.515,10916,10917,10917,1,1
2019-09-20 15:01:36.011,10916,10917,10917,1,1
2019-09-20 15:01:36.139,10916,10917,10917,2,2
2019-09-20 15:01:36.367,10916,10917,10916,1,-1
2019-09-20 15:01:36.907,10916,10917,10916,2,-2
2019-09-20 15:01:37.374,10916,10917,10916,1,-1
2019-09-20 15:01:37.446,10916,10917,10917,1,1
2019-09-20 15:01:37.767,10916,10917,10916,2,-2
2019-09-20 15:01:38.927,10916,10917,10916,3,-3
2019-09-20 15:01:39.532,10916,10917,10916,5,-5
2019-09-20 15:01:39.672,10916,10917,10916,4,-4
2019-09-20 15:01:39.715,10916,10917,10916,1,-1
2019-09-20 15:01:39.801,10915,10916,10916,1,1
2019-09-20 15:01:41.447,10915,10916,10915,1,-1
2019-09-20 15:01:41.609,10915,10916,10916,4,4
2019-09-20 15:01:41.768,10915,10916,10916,2,2
2019-09-20 15:01:42.143,10915,10916,10915,3,-3
2019-09-20 15:01:43.211,10915,10916,10915,2,-2
2019-09-20 15:01:43.790,10915,10916,10916,1,1
2019-09-20 15:01:44.143,10915,10916,10915,1,-1
2019-09-20 15:01:44.514,10915,10916,10916,2,2
2019-09-20 15:01:45.674,10915,10916,10915,4,-4
2019-09-20 15:01:45.824,10915,10916,10915,1,-1
2019-09-20 15:01:47.476,10915,10916,10916,1,1
2019-09-20 15:01:49.005,10915,10916,10915,2,-2
2019-09-20 15:01:49.201,10914,10915,10915,1,1
2019-09-20 15:01:49.886,10914,10915,10915,1,1
2019-09-20 15:01:50.774,10914,10915,10914,1,-1
2019-09-20 15:01:50.794,10914,10915,10915,1,1
2019-09-20 15:01:51.380,10914,10915,10915,1,1
2019-09-20 15:01:52.559,10914,10915,10914,1,-1
2019-09-20 15:01:57.212,10914,10915,10914,24,-24
2019-09-20 15:01:57.279,10914,10915,10914,3,-3
2019-09-20 15:01:57.279,10914,10915,10914,15,-15
2019-09-20 15:01:57.279,10914,10915,10914,2,-2
2019-09-20 15:01:57.279,10914,10915,10914,3,-3
2019-09-20 15:01:57.279,10914,10915,10914,3,-3
2019-09-20 15:01:57.279,10914,10915,10914,3,-3
2019-09-20 15:01:57.279,10914,10915,10914,5,-5
2019-09-20 15:01:59.269,10913,10914,10914,6,6
2019-09-20 15:01:59.269,10913,10914,10914,1,1
2019-09-20 15:02:00.065,10913,10914,10914,9,9
2019-09-20 15:02:00.066,10913,10914,10914,3,3
2019-09-20 15:02:00.073,10913,10914,10914,8,8
2019-09-20 15:02:00.074,10913,10914,10914,2,2
2019-09-20 15:02:00.130,10913,10914,10914,4,4
2019-09-20 15:02:01.154,10913,10914,10913,1,-1
2019-09-20 15:02:02.661,10913,10914,10913,1,-1
2019-09-20 15:02:02.688,10913,10914,10914,8,8
2019-09-20 15:02:02.853,10913,10914,10914,1,1
2019-09-20 15:02:03.895,10913,10914,10914,7,7
2019-09-20 15:02:03.904,10914,10915,10914,3,-3
2019-09-20 15:02:09.436,10913,10914,10914,2,2
2019-09-20 15:02:12.818,10913,10914,10913,1,-1
2019-09-20 15:02:13.337,10913,10914,10913,1,-1
2019-09-20 15:02:13.639,10913,10914,10914,2,2
2019-09-20 15:02:15.177,10913,10914,10913,4,-4
2019-09-20 15:02:16.910,10913,10914,10913,15,-15
2019-09-20 15:02:17.470,10912,10913,10913,1,1
2019-09-20 15:02:17.963,10912,10913,10912,1,-1
2019-09-20 15:02:18.360,10912,10913,10912,4,-4
2019-09-20 15:02:22.503,10911,10912,10912,1,1
2019-09-20 15:02:23.175,10911,10912,10912,3,3
2019-09-20 15:02:23.408,10912,10913,10912,2,-2
2019-09-20 15:02:24.970,10912,10913,10912,1,-1
2019-09-20 15:02:25.766,10912,10913,10912,4,-4
2019-09-20 15:02:25.811,10912,10913,10912,1,-1
2019-09-20 15:02:27.536,10912,10913,10913,8,8
2019-09-20 15:02:28.403,10912,10913,10912,1,-1
2019-09-20 15:02:31.023,10912,10913,10912,1,-1
2019-09-20 15:02:31.978,10912,10913,10913,3,3
2019-09-20 15:02:32.625,10912,10913,10912,1,-1
2019-09-20 15:02:32.646,10912,10913,10912,2,-2
2019-09-20 15:02:34.138,10912,10913,10912,1,-1
2019-09-20 15:02:34.935,10912,10913,10912,2,-2
2019-09-20 15:02:35.165,10912,10913,10912,1,-1
2019-09-20 15:02:35.361,10912,10913,10912,1,-1
2019-09-20 15:02:37.269,10912,10913,10912,1,-1
2019-09-20 15:02:37.340,10912,10913,10912,1,-1
2019-09-20 15:02:37.755,10912,10913,10912,2,-2
2019-09-20 15:02:37.851,10912,10913,10912,1,-1
2019-09-20 15:02:42.610,10911,10912,10912,1,1
2019-09-20 15:02:44.602,10911,10912,10912,1,1
2019-09-20 15:02:48.146,10911,10912,10911,1,-1
2019-09-20 15:02:49.424,10911,10912,10911,1,-1
2019-09-20 15:02:53.999,10911,10912,10911,10,-10
2019-09-20 15:02:58.762,10911,10912,10911,1,-1
2019-09-20 15:03:00.070,10911,10912,10912,11,11
2019-09-20 15:03:00.091,10911,10912,10912,3,3
2019-09-20 15:03:00.097,10911,10912,10912,2,2
2019-09-20 15:03:05.107,10911,10912,10911,1,-1
2019-09-20 15:03:06.935,10911,10912,10911,1,-1
2019-09-20 15:03:08.961,10911,10912,10911,1,-1
2019-09-20 15:03:10.916,10911,10912,10911,2,-2
2019-09-20 15:03:11.335,10911,10912,10911,11,-11
2019-09-20 15:03:11.405,10910,10911,10911,4,4
2019-09-20 15:03:12.373,10910,10911,10910,1,-1
2019-09-20 15:03:13.539,10910,10911,10911,1,1
2019-09-20 15:03:16.102,10910,10911,10910,1,-1
2019-09-20 15:03:18.318,10910,10911,10911,6,6
2019-09-20 15:03:20.378,10911,10912,10911,1,-1
2019-09-20 15:03:20.607,10911,10912,10912,1,1
2019-09-20 15:03:20.733,10911,10912,10911,2,-2
2019-09-20 15:03:23.552,10911,10912,10911,3,-3
2019-09-20 15:03:24.123,10911,10912,10911,1,-1
2019-09-20 15:03:25.507,10911,10912,10911,1,-1
2019-09-20 15:03:25.797,10911,10912,10911,1,-1
2019-09-20 15:03:26.037,10911,10912,10911,1,-1
2019-09-20 15:03:26.797,10910,10911,10911,1,1
2019-09-20 15:03:26.844,10910,10911,10911,1,1
2019-09-20 15:03:27.039,10910,10912,10911,1,-1
2019-09-20 15:03:29.022,10910,10911,10910,1,-1
2019-09-20 15:03:33.578,10910,10911,10910,1,-1
2019-09-20 15:03:33.980,10910,10911,10911,1,1
2019-09-20 15:03:34.900,10910,10911,10910,1,-1
2019-09-20 15:03:37.013,10910,10911,10910,1,-1
2019-09-20 15:03:44.379,10910,10911,10910,2,-2
2019-09-20 15:03:45.632,10910,10911,10910,1,-1
2019-09-20 15:03:50.672,10910,10911,10910,1,-1
2019-09-20 15:03:52.421,10910,10911,10911,1,1
2019-09-20 15:03:56.785,10910,10911,10910,2,-2
2019-09-20 15:03:58.403,10910,10911,10910,3,-3
2019-09-20 15:04:00.070,10910,10911,10911,2,2
2019-09-20 15:04:00.070,10910,10911,10911,3,3
2019-09-20 15:04:00.184,10910,10911,10911,6,6
2019-09-20 15:04:00.842,10910,10911,10910,1,-1
2019-09-20 15:04:02.987,10910,10911,10911,9,9
2019-09-20 15:04:03.600,10910,10912,10910,1,-1
2019-09-20 15:04:04.748,10911,10912,10911,1,1
2019-09-20 15:04:06.628,10910,10911,10911,2,2
2019-09-20 15:04:06.651,10910,10911,10911,1,1
2019-09-20 15:04:06.966,10910,10911,10911,4,4
2019-09-20 15:04:06.966,10910,10911,10912,16,16
2019-09-20 15:04:09.041,10911,10912,10911,1,-1
2019-09-20 15:04:13.763,10911,10912,10912,1,1
2019-09-20 15:04:14.285,10911,10912,10911,1,-1
2019-09-20 15:04:27.828,10910,10911,10911,1,1
2019-09-20 15:04:28.437,10910,10911,10910,1,-1
2019-09-20 15:04:30.774,10910,10911,10911,1,1
2019-09-20 15:04:35.568,10910,10911,10910,1,-1
2019-09-20 15:04:39.878,10910,10911,10910,1,-1
2019-09-20 15:04:40.195,10910,10911,10910,1,-1
2019-09-20 15:04:40.275,10910,10911,10911,1,1
2019-09-20 15:04:42.605,10910,10911,10910,1,-1
2019-09-20 15:04:45.155,10910,10911,10910,1,-1
2019-09-20 15:04:47.654,10910,10911,10911,1,1
2019-09-20 15:04:47.707,10910,10911,10910,1,-1
2019-09-20 15:04:50.938,10910,10911,10910,1,-1
2019-09-20 15:04:53.235,10910,10911,10911,1,1
2019-09-20 15:04:53.388,10910,10911,10911,1,1
2019-09-20 15:04:53.536,10910,10911,10911,1,1
2019-09-20 15:04:55.244,10910,10911,10910,1,-1
2019-09-20 15:05:00.120,10910,10911,10911,4,4
2019-09-20 15:05:00.487,10910,10911,10911,7,7
2019-09-20 15:05:00.487,10910,10911,10912,1,1
2019-09-20 15:05:04.293,10911,10912,10911,5,-5
2019-09-20 15:05:11.778,10911,10912,10911,1,-1
2019-09-20 15:05:11.779,10911,10912,10911,1,-1
2019-09-20 15:05:23.011,10910,10911,10911,1,1
2019-09-20 15:05:33.763,10910,10911,10911,2,2
2019-09-20 15:05:34.472,10910,10911,10911,1,1
2019-09-20 15:05:35.400,10910,10911,10911,1,1
2019-09-20 15:05:35.962,10910,10911,10911,1,1
2019-09-20 15:05:36.414,10910,10911,10911,5,5
2019-09-20 15:05:36.792,10910,10911,10910,1,-1
2019-09-20 15:05:36.929,10910,10911,10911,5,5
2019-09-20 15:05:37.294,10910,10911,10911,3,3
2019-09-20 15:05:37.599,10910,10911,10911,5,5
2019-09-20 15:05:38.659,10910,10912,10910,1,-1
2019-09-20 15:05:41.887,10911,10912,10911,2,2
2019-09-20 15:05:41.887,10911,10912,10910,35,-35
2019-09-20 15:05:49.950,10910,10911,10910,1,-1
2019-09-20 15:05:53.698,10910,10911,10910,1,-1
2019-09-20 15:05:56.320,10910,10911,10910,1,-1
2019-09-20 15:05:56.392,10910,10911,10910,3,-3
2019-09-20 15:05:56.403,10910,10911,10910,2,-2
2019-09-20 15:06:00.093,10909,10910,10910,1,1
2019-09-20 15:06:01.284,10909,10910,10910,1,1
2019-09-20 15:06:06.190,10909,10910,10910,1,1
2019-09-20 15:06:11.360,10909,10910,10910,1,1
2019-09-20 15:06:13.886,10909,10910,10910,18,18
2019-09-20 15:06:15.511,10910,10911,10910,1,-1
2019-09-20 15:06:19.602,10910,10911,10910,1,-1
2019-09-20 15:06:19.726,10910,10911,10910,2,-2
2019-09-20 15:06:22.850,10910,10911,10910,3,-3
2019-09-20 15:06:23.847,10910,10911,10911,10,10
2019-09-20 15:06:23.849,10910,10911,10911,2,2
2019-09-20 15:06:24.896,10911,10912,10911,1,-1
2019-09-20 15:06:32.680,10911,10912,10911,1,-1
2019-09-20 15:06:34.001,10911,10912,10911,1,-1
2019-09-20 15:06:36.876,10911,10912,10911,1,-1
2019-09-20 15:06:41.052,10911,10912,10911,11,-11
2019-09-20 15:06:43.879,10910,10911,10910,1,-1
2019-09-20 15:06:45.319,10910,10911,10911,4,4
2019-09-20 15:06:48.124,10910,10911,10911,2,2
2019-09-20 15:06:51.013,10910,10911,10911,1,1
2019-09-20 15:06:53.241,10910,10911,10911,1,1
2019-09-20 15:06:59.955,10910,10911,10911,8,8
2019-09-20 15:07:00.491,10911,10912,10911,2,-2
2019-09-20 15:07:01.069,10911,10912,10911,2,-2
2019-09-20 15:07:01.069,10911,10912,10911,3,-3
2019-09-20 15:07:02.867,10911,10912,10911,1,-1
2019-09-20 15:07:05.627,10910,10912,10910,1,-1
2019-09-20 15:07:16.554,10910,10911,10910,1,-1
2019-09-20 15:07:22.420,10910,10911,10910,1,-1
2019-09-20 15:07:22.749,10910,10911,10910,9,-9
2019-09-20 15:07:26.685,10909,10910,10909,1,-1
2019-09-20 15:07:28.475,10909,10910,10909,2,-2
2019-09-20 15:07:28.550,10909,10910,10910,1,1
2019-09-20 15:07:33.279,10909,10910,10909,2,-2
2019-09-20 15:07:33.446,10909,10910,10909,4,-4
2019-09-20 15:07:33.446,10909,10910,10909,1,-1
2019-09-20 15:07:33.446,10909,10910,10909,2,-2
2019-09-20 15:07:35.396,10908,10909,10908,1,-1
2019-09-20 15:07:35.488,10908,10910,10908,3,-3
2019-09-20 15:07:37.410,10908,10909,10908,20,-20
2019-09-20 15:07:41.153,10907,10908,10908,1,1
2019-09-20 15:07:41.965,10907,10909,10909,1,1
2019-09-20 15:07:42.779,10907,10908,10908,5,5
2019-09-20 15:07:43.314,10907,10908,10908,2,2
2019-09-20 15:07:44.863,10907,10908,10908,1,1
2019-09-20 15:07:44.863,10907,10908,10909,1,1
2019-09-20 15:07:46.606,10908,10909,10908,2,-2
2019-09-20 15:07:48.062,10908,10909,10908,1,-1
2019-09-20 15:07:50.796,10908,10909,10908,1,-1
2019-09-20 15:07:52.470,10908,10909,10908,1,-1
2019-09-20 15:07:52.601,10908,10909,10908,1,-1
2019-09-20 15:07:56.362,10908,10909,10908,6,-6
2019-09-20 15:07:59.676,10907,10908,10908,5,5
2019-09-20 15:07:59.871,10908,10909,10908,1,-1
2019-09-20 15:08:07.525,10907,10908,10908,1,1
2019-09-20 15:08:08.970,10907,10908,10908,1,1
2019-09-20 15:08:12.170,10907,10908,10907,1,-1
2019-09-20 15:08:12.292,10907,10908,10908,1,1
2019-09-20 15:08:12.317,10907,10908,10907,1,-1
2019-09-20 15:08:17.813,10907,10908,10908,1,1
2019-09-20 15:08:20.189,10907,10908,10907,1,-1
2019-09-20 15:08:21.214,10907,10908,10908,1,1
2019-09-20 15:08:21.975,10907,10908,10908,2,2
2019-09-20 15:08:22.440,10907,10908,10908,1,1
2019-09-20 15:08:26.268,10907,10908,10908,1,1
2019-09-20 15:08:33.932,10907,10908,10908,1,1
2019-09-20 15:08:34.369,10907,10908,10907,9,-9
2019-09-20 15:08:36.162,10907,10908,10908,2,2
2019-09-20 15:08:38.303,10907,10908,10907,1,-1
2019-09-20 15:08:42.324,10907,10908,10907,2,-2
2019-09-20 15:08:42.830,10907,10908,10908,1,1
2019-09-20 15:08:45.743,10907,10908,10907,1,-1
2019-09-20 15:08:45.762,10907,10908,10908,5,5
2019-09-20 15:08:53.644,10907,10908,10908,1,1
2019-09-20 15:08:59.057,10907,10908,10908,1,1
2019-09-20 15:09:04.480,10907,10908,10908,1,1
2019-09-20 15:09:04.773,10907,10908,10908,1,1
2019-09-20 15:09:04.786,10907,10908,10908,1,1
2019-09-20 15:09:04.998,10907,10908,10908,1,1
2019-09-20 15:09:05.129,10907,10908,10908,1,1
2019-09-20 15:09:05.315,10907,10908,10908,2,2
2019-09-20 15:09:06.175,10907,10908,10908,2,2
2019-09-20 15:09:08.843,10907,10909,10909,1,1
2019-09-20 15:09:13.654,10907,10908,10907,18,-18
2019-09-20 15:09:13.847,10906,10907,10906,1,-1
2019-09-20 15:09:13.933,10906,10907,10906,1,-1
2019-09-20 15:09:13.978,10906,10907,10906,1,-1
2019-09-20 15:09:15.277,10906,10907,10907,1,1
2019-09-20 15:09:15.314,10906,10907,10907,1,1
2019-09-20 15:09:15.628,10906,10907,10907,1,1
2019-09-20 15:09:20.992,10906,10907,10906,10,-10
2019-09-20 15:09:21.334,10906,10907,10906,7,-7
2019-09-20 15:09:21.404,10905,10906,10906,3,3
2019-09-20 15:09:21.685,10906,10907,10906,2,-2
2019-09-20 15:09:22.995,10906,10907,10906,10,-10
2019-09-20 15:09:23.194,10906,10907,10906,1,-1
2019-09-20 15:09:23.782,10906,10907,10907,2,2
2019-09-20 15:09:23.898,10906,10907,10906,3,-3
2019-09-20 15:09:23.900,10906,10907,10906,1,-1
2019-09-20 15:09:23.903,10905,10906,10906,2,2
2019-09-20 15:09:23.904,10905,10906,10906,4,4
2019-09-20 15:09:23.904,10905,10906,10906,3,3
2019-09-20 15:09:25.190,10906,10907,10906,7,-7
2019-09-20 15:09:25.279,10905,10906,10906,3,3
2019-09-20 15:09:25.738,10906,10907,10906,1,-1
2019-09-20 15:09:27.622,10906,10907,10906,5,-5
2019-09-20 15:09:27.654,10905,10906,10906,1,1
2019-09-20 15:09:29.312,10905,10906,10906,1,1
2019-09-20 15:09:35.720,10905,10906,10905,2,-2
2019-09-20 15:09:35.799,10905,10906,10905,4,-4
2019-09-20 15:09:35.880,10905,10906,10905,2,-2
2019-09-20 15:09:37.405,10905,10906,10906,1,1
2019-09-20 15:09:37.754,10905,10906,10905,5,-5
2019-09-20 15:09:37.779,10904,10905,10905,5,5
2019-09-20 15:09:40.002,10905,10906,10905,10,-10
2019-09-20 15:09:40.265,10905,10906,10905,1,-1
2019-09-20 15:09:41.150,10905,10906,10905,10,-10
2019-09-20 15:09:42.343,10905,10906,10906,19,19
2019-09-20 15:09:42.714,10905,10907,10905,4,-4
2019-09-20 15:09:43.666,10906,10907,10906,1,1
2019-09-20 15:09:44.087,10906,10907,10906,1,-1
2019-09-20 15:09:44.527,10906,10907,10906,10,-10
2019-09-20 15:09:46.822,10906,10907,10906,1,-1
2019-09-20 15:09:51.013,10906,10907,10906,20,-20
2019-09-20 15:09:51.763,10906,10907,10906,7,-7
2019-09-20 15:09:51.779,10905,10906,10906,3,3
2019-09-20 15:09:51.780,10905,10906,10906,3,3
2019-09-20 15:09:55.753,10906,10907,10906,3,-3
2019-09-20 15:09:55.779,10905,10906,10906,1,1
2019-09-20 15:10:01.716,10906,10907,10906,4,-4
2019-09-20 15:10:01.779,10905,10906,10906,6,6
2019-09-20 15:10:02.575,10906,10907,10906,2,-2
2019-09-20 15:10:02.780,10905,10907,10907,1,1
2019-09-20 15:10:03.520,10906,10907,10906,1,-1
2019-09-20 15:10:07.025,10906,10907,10906,1,-1
2019-09-20 15:10:08.631,10906,10907,10906,1,-1
2019-09-20 15:10:09.453,10906,10907,10906,2,-2
2019-09-20 15:10:11.781,10906,10907,10906,1,-1
2019-09-20 15:10:14.197,10906,10907,10906,1,-1
2019-09-20 15:10:15.968,10906,10907,10906,10,-10
2019-09-20 15:10:21.087,10906,10907,10906,8,-8
2019-09-20 15:10:21.154,10905,10906,10906,3,3
2019-09-20 15:10:21.155,10905,10906,10906,2,2
2019-09-20 15:10:22.826,10906,10907,10906,1,-1
2019-09-20 15:10:27.184,10906,10907,10906,3,-3
2019-09-20 15:10:47.415,10905,10906,10905,1,-1
2019-09-20 15:10:53.874,10905,10906,10905,1,-1
2019-09-20 15:10:58.304,10905,10906,10905,8,-8
2019-09-20 15:10:59.250,10905,10906,10905,1,-1
2019-09-20 15:10:59.256,10905,10906,10905,1,-1
2019-09-20 15:10:59.256,10905,10906,10905,1,-1
2019-09-20 15:10:59.256,10905,10906,10905,1,-1
2019-09-20 15:10:59.257,10905,10906,10905,1,-1
2019-09-20 15:11:01.859,10904,10905,10905,1,1
2019-09-20 15:11:06.307,10904,10905,10905,1,1
2019-09-20 15:11:09.551,10904,10905,10905,1,1
2019-09-20 15:11:09.654,10904,10905,10905,1,1
2019-09-20 15:11:09.903,10904,10905,10905,1,1
2019-09-20 15:11:10.923,10905,10906,10905,1,-1
2019-09-20 15:11:12.904,10904,10905,10904,4,-4
2019-09-20 15:11:12.904,10904,10905,10904,1,-1
2019-09-20 15:11:12.904,10904,10905,10904,2,-2
2019-09-20 15:11:13.308,10904,10905,10904,1,-1
2019-09-20 15:11:13.308,10904,10905,10904,1,-1
2019-09-20 15:11:13.308,10904,10905,10904,1,-1
2019-09-20 15:11:13.309,10904,10905,10904,1,-1
2019-09-20 15:11:13.359,10904,10905,10903,5,-5
2019-09-20 15:11:14.923,10903,10904,10903,1,-1
2019-09-20 15:11:15.123,10903,10904,10903,1,-1
2019-09-20 15:11:16.125,10903,10904,10903,2,-2
2019-09-20 15:11:17.436,10903,10904,10903,1,-1
2019-09-20 15:11:21.659,10903,10904,10904,1,1
2019-09-20 15:11:21.944,10903,10904,10903,1,-1
2019-09-20 15:11:23.243,10903,10904,10903,2,-2
2019-09-20 15:11:24.590,10903,10904,10903,1,-1
2019-09-20 15:11:27.951,10903,10904,10903,1,-1
2019-09-20 15:11:32.182,10903,10904,10904,1,1
2019-09-20 15:11:32.536,10903,10904,10904,5,5
2019-09-20 15:11:35.521,10904,10905,10904,1,-1
2019-09-20 15:11:46.053,10904,10905,10905,4,4
2019-09-20 15:11:53.495,10905,10906,10905,10,-10
2019-09-20 15:12:00.208,10905,10906,10906,1,1
2019-09-20 15:12:00.637,10905,10906,10906,5,5
2019-09-20 15:12:00.637,10905,10906,10906,5,5
2019-09-20 15:12:04.841,10906,10907,10907,1,1
2019-09-20 15:12:05.022,10906,10907,10907,1,1
2019-09-20 15:12:05.379,10906,10907,10907,2,2
2019-09-20 15:12:14.142,10906,10907,10906,1,-1
2019-09-20 15:12:14.153,10906,10907,10906,2,-2
2019-09-20 15:12:24.558,10905,10906,10906,1,1
2019-09-20 15:12:25.601,10905,10906,10905,2,-2
2019-09-20 15:12:28.980,10905,10906,10906,1,1
2019-09-20 15:12:32.819,10905,10906,10905,1,-1
2019-09-20 15:12:53.652,10905,10906,10906,2,2
2019-09-20 15:12:54.092,10905,10906,10905,1,-1
2019-09-20 15:13:08.586,10905,10906,10906,2,2
2019-09-20 15:13:12.138,10905,10906,10906,1,1
2019-09-20 15:13:13.924,10905,10906,10906,1,1
2019-09-20 15:13:15.970,10905,10906,10906,1,1
2019-09-20 15:13:16.271,10905,10906,10906,1,1
2019-09-20 15:13:16.271,10905,10906,10906,1,1
2019-09-20 15:13:17.074,10905,10906,10906,1,1
2019-09-20 15:13:17.076,10905,10906,10906,1,1
2019-09-20 15:13:17.309,10906,10907,10906,2,-2
2019-09-20 15:13:17.546,10906,10907,10906,2,-2
2019-09-20 15:13:17.778,10906,10907,10906,1,-1
2019-09-20 15:13:18.504,10905,10906,10906,1,1
2019-09-20 15:13:24.399,10905,10906,10906,5,5
2019-09-20 15:13:24.431,10905,10906,10906,1,1
2019-09-20 15:13:25.064,10905,10906,10906,1,1
2019-09-20 15:13:27.713,10905,10906,10906,1,1
2019-09-20 15:13:34.118,10905,10906,10906,1,1
2019-09-20 15:13:34.437,10905,10906,10906,1,1
2019-09-20 15:13:41.344,10905,10906,10906,5,5
2019-09-20 15:13:41.580,10906,10907,10906,2,-2
2019-09-20 15:13:55.266,10906,10907,10906,2,-2
2019-09-20 15:14:08.448,10906,10907,10907,21,21
2019-09-20 15:14:08.529,10906,10907,10907,2,2
2019-09-20 15:14:08.529,10906,10907,10907,1,1
2019-09-20 15:14:08.529,10906,10907,10907,12,12
2019-09-20 15:14:08.529,10906,10907,10907,1,1
2019-09-20 15:14:16.060,10907,10908,10908,1,1
2019-09-20 15:14:16.199,10907,10908,10908,1,1
2019-09-20 15:14:16.838,10907,10908,10907,1,-1
2019-09-20 15:14:17.694,10906,10907,10907,1,1
2019-09-20 15:14:21.557,10907,10908,10907,1,-1
2019-09-20 15:14:25.955,10907,10908,10907,2,-2
2019-09-20 15:14:28.019,10907,10908,10907,2,-2
2019-09-20 15:14:29.740,10907,10908,10907,4,-4
2019-09-20 15:14:35.297,10906,10907,10907,1,1
2019-09-20 15:14:41.440,10906,10907,10906,13,-13
2019-09-20 15:14:41.724,10905,10906,10906,1,1
2019-09-20 15:14:55.254,10906,10907,10906,1,-1
2019-09-20 15:14:56.017,10906,10907,10906,1,-1
2019-09-20 15:15:00.667,10906,10907,10906,1,-1
2019-09-20 15:15:01.126,10906,10907,10907,1,1
2019-09-20 15:15:01.427,10906,10907,10907,1,1
2019-09-20 15:15:08.832,10906,10907,10907,2,2
2019-09-20 15:15:16.488,10906,10907,10907,1,1
2019-09-20 15:15:17.025,10906,10907,10907,1,1
2019-09-20 15:15:20.861,10906,10907,10907,5,5
2019-09-20 15:15:25.618,10906,10907,10906,1,-1
2019-09-20 15:15:31.542,10906,10907,10907,1,1
2019-09-20 15:15:50.671,10906,10907,10906,1,-1
2019-09-20 15:16:02.603,10906,10907,10906,1,-1
2019-09-20 15:16:12.202,10906,10907,10906,1,-1
2019-09-20 15:16:12.798,10906,10907,10906,1,-1
2019-09-20 15:16:14.229,10906,10907,10907,7,7
2019-09-20 15:16:15.445,10906,10907,10906,1,-1
2019-09-20 15:16:15.753,10906,10907,10906,1,-1
2019-09-20 15:16:33.745,10906,10907,10907,3,3
2019-09-20 15:16:40.631,10906,10907,10906,1,-1
2019-09-20 15:16:45.875,10906,10907,10906,1,-1
2019-09-20 15:17:05.691,10906,10907,10906,1,-1
2019-09-20 15:17:06.040,10906,10907,10907,2,2
2019-09-20 15:17:19.525,10906,10907,10907,1,1
2019-09-20 15:17:21.736,10906,10907,10907,5,5
2019-09-20 15:17:23.283,10906,10907,10907,1,1
2019-09-20 15:17:29.406,10906,10907,10907,3,3
2019-09-20 15:17:30.613,10906,10907,10906,1,-1
2019-09-20 15:17:33.375,10906,10907,10906,1,-1
2019-09-20 15:17:55.650,10906,10907,10906,1,-1
2019-09-20 15:17:57.417,10906,10907,10907,1,1
2019-09-20 15:17:58.199,10906,10907,10907,1,1
2019-09-20 15:18:05.750,10906,10907,10907,1,1
2019-09-20 15:18:07.724,10906,10907,10907,2,2
2019-09-20 15:18:07.780,10907,10908,10907,1,-1
2019-09-20 15:18:18.868,10907,10908,10907,2,-2
2019-09-20 15:18:20.681,10907,10908,10907,1,-1
2019-09-20 15:18:23.499,10907,10908,10907,3,-3
2019-09-20 15:18:23.499,10907,10908,10907,2,-2
2019-09-20 15:18:24.462,10907,10908,10907,2,-2
2019-09-20 15:18:27.262,10907,10908,10907,1,-1
2019-09-20 15:18:29.616,10906,10908,10908,2,2
2019-09-20 15:18:29.911,10907,10908,10907,1,-1
2019-09-20 15:18:42.704,10907,10908,10907,1,-1
2019-09-20 15:18:45.636,10906,10907,10906,1,-1
2019-09-20 15:18:47.220,10906,10907,10907,1,1
2019-09-20 15:18:48.062,10907,10908,10908,1,1
2019-09-20 15:18:54.894,10907,10908,10907,3,-3
2019-09-20 15:18:54.904,10907,10908,10907,2,-2
2019-09-20 15:18:55.154,10906,10907,10906,10,-10
2019-09-20 15:18:55.154,10906,10907,10906,3,-3
2019-09-20 15:18:55.157,10906,10907,10906,1,-1
2019-09-20 15:18:55.279,10906,10907,10906,1,-1
2019-09-20 15:18:55.953,10905,10906,10906,1,1
2019-09-20 15:18:55.989,10905,10906,10905,2,-2
2019-09-20 15:18:56.009,10905,10906,10905,2,-2
2019-09-20 15:18:56.011,10905,10906,10905,2,-2
2019-09-20 15:18:56.012,10905,10906,10905,2,-2
2019-09-20 15:18:56.629,10905,10906,10906,5,5
2019-09-20 15:19:02.566,10905,10906,10905,4,-4
2019-09-20 15:19:08.114,10905,10906,10905,2,-2
2019-09-20 15:19:08.192,10905,10906,10905,5,-5
2019-09-20 15:19:10.623,10904,10905,10904,1,-1
2019-09-20 15:19:22.291,10905,10906,10905,2,2
2019-09-20 15:19:35.643,10905,10906,10905,1,-1
2019-09-20 15:19:36.187,10905,10906,10906,1,1
2019-09-20 15:19:42.910,10905,10906,10905,2,-2
2019-09-20 15:19:44.875,10905,10906,10905,4,-4
2019-09-20 15:19:46.069,10905,10906,10906,3,3
2019-09-20 15:19:46.154,10905,10906,10906,7,7
2019-09-20 15:19:47.154,10905,10906,10906,1,1
2019-09-20 15:19:59.902,10906,10907,10906,6,-6
2019-09-20 15:20:00.687,10906,10907,10906,1,-1
2019-09-20 15:20:25.693,10906,10907,10906,1,-1
2019-09-20 15:20:42.342,10906,10907,10906,1,-1
2019-09-20 15:20:48.933,10906,10907,10906,5,-5
2019-09-20 15:20:50.782,10906,10907,10906,1,-1
2019-09-20 15:21:06.210,10906,10907,10906,2,-2
2019-09-20 15:21:15.671,10906,10907,10906,1,-1
2019-09-20 15:21:20.339,10906,10907,10906,1,-1
2019-09-20 15:21:22.274,10906,10907,10906,6,-6
2019-09-20 15:21:22.640,10905,10906,10906,4,4
2019-09-20 15:21:25.968,10905,10906,10906,3,3
2019-09-20 15:21:39.187,10905,10906,10906,2,2
2019-09-20 15:21:40.611,10905,10907,10905,1,-1
2019-09-20 15:21:46.695,10905,10906,10906,1,1
2019-09-20 15:22:02.110,10905,10906,10906,1,1
2019-09-20 15:22:03.406,10906,10907,10906,3,-3
2019-09-20 15:22:05.732,10905,10907,10905,1,-1
2019-09-20 15:22:13.873,10906,10907,10906,3,3
2019-09-20 15:22:21.722,10906,10907,10906,1,-1
2019-09-20 15:22:26.771,10906,10907,10906,6,-6
2019-09-20 15:22:26.771,10906,10907,10905,2,-2
2019-09-20 15:22:26.786,10905,10907,10905,1,-1
2019-09-20 15:22:26.802,10905,10907,10905,1,-1
2019-09-20 15:22:30.661,10905,10907,10905,1,-1
2019-09-20 15:22:40.375,10905,10907,10905,10,-10
2019-09-20 15:22:51.317,10906,10907,10906,1,1
2019-09-20 15:22:55.623,10905,10906,10905,1,-1
2019-09-20 15:22:57.305,10905,10906,10906,1,1
2019-09-20 15:23:13.204,10905,10906,10906,1,1
2019-09-20 15:23:20.688,10906,10907,10906,1,-1
2019-09-20 15:23:24.454,10906,10907,10906,1,-1
2019-09-20 15:23:30.264,10906,10907,10907,20,20
2019-09-20 15:23:30.279,10906,10907,10907,1,1
2019-09-20 15:23:30.279,10906,10907,10907,2,2
2019-09-20 15:23:30.279,10906,10907,10907,2,2
2019-09-20 15:23:30.279,10906,10907,10907,1,1
2019-09-20 15:23:30.279,10906,10907,10907,1,1
2019-09-20 15:23:30.404,10906,10907,10907,2,2
2019-09-20 15:23:45.668,10906,10908,10906,1,-1
2019-09-20 15:24:08.930,10906,10907,10907,9,9
2019-09-20 15:24:10.639,10907,10908,10907,1,-1
2019-09-20 15:24:16.641,10906,10907,10907,1,1
2019-09-20 15:24:20.330,10907,10908,10907,1,-1
2019-09-20 15:24:21.853,10907,10908,10907,1,-1
2019-09-20 15:24:26.630,10906,10907,10907,1,1
2019-09-20 15:24:28.488,10906,10907,10907,2,2
2019-09-20 15:24:34.859,10907,10908,10908,10,10
2019-09-20 15:24:35.086,10907,10908,10908,1,1
2019-09-20 15:24:35.663,10907,10908,10907,1,-1
2019-09-20 15:25:00.716,10907,10908,10907,1,-1
2019-09-20 15:25:00.907,10907,10908,10908,1,1
2019-09-20 15:25:00.934,10907,10908,10908,1,1
2019-09-20 15:25:18.102,10907,10908,10908,1,1
2019-09-20 15:25:18.719,10907,10908,10908,1,1
2019-09-20 15:25:25.743,10907,10908,10907,1,-1
2019-09-20 15:25:49.004,10907,10908,10908,1,1
2019-09-20 15:25:50.683,10907,10908,10907,1,-1
2019-09-20 15:25:54.253,10907,10908,10907,1,-1
2019-09-20 15:26:02.392,10907,10908,10907,1,-1
2019-09-20 15:26:02.736,10907,10908,10907,2,-2
2019-09-20 15:26:10.654,10907,10908,10907,20,-20
2019-09-20 15:26:15.627,10906,10907,10906,1,-1
2019-09-20 15:26:25.938,10906,10907,10907,2,2
2019-09-20 15:26:28.100,10906,10907,10906,1,-1
2019-09-20 15:26:28.742,10906,10907,10907,1,1
2019-09-20 15:26:33.050,10907,10908,10907,1,-1
2019-09-20 15:26:40.716,10907,10908,10906,1,-1
2019-09-20 15:26:54.456,10907,10908,10908,1,1
2019-09-20 15:27:00.213,10907,10908,10908,1,1
2019-09-20 15:27:01.905,10907,10908,10907,1,-1
2019-09-20 15:27:05.024,10907,10908,10907,1,-1
2019-09-20 15:27:05.678,10906,10908,10906,1,-1
2019-09-20 15:27:10.366,10906,10908,10907,1,1
2019-09-20 15:27:18.244,10906,10907,10907,1,1
2019-09-20 15:27:30.727,10906,10907,10906,1,-1
2019-09-20 15:27:34.659,10906,10907,10907,1,1
2019-09-20 15:27:40.148,10906,10907,10907,2,2
2019-09-20 15:27:55.191,10907,10908,10907,1,-1
2019-09-20 15:27:55.690,10907,10908,10907,1,-1
2019-09-20 15:28:16.854,10906,10907,10906,1,-1
2019-09-20 15:28:17.848,10906,10907,10907,3,3
2019-09-20 15:28:18.294,10906,10907,10906,1,-1
2019-09-20 15:28:18.485,10906,10907,10907,6,6
2019-09-20 15:28:18.509,10906,10907,10907,6,6
2019-09-20 15:28:20.678,10906,10907,10906,1,-1
2019-09-20 15:28:28.061,10906,10907,10906,2,-2
2019-09-20 15:28:28.101,10906,10907,10906,2,-2
2019-09-20 15:28:28.153,10906,10907,10906,3,-3
2019-09-20 15:28:45.710,10905,10906,10905,1,-1
2019-09-20 15:28:51.505,10905,10906,10906,1,1
2019-09-20 15:29:09.341,10906,10907,10906,2,-2
2019-09-20 15:29:10.437,10906,10907,10907,6,6
2019-09-20 15:29:10.677,10906,10907,10906,1,-1
2019-09-20 15:29:11.255,10906,10907,10906,5,-5
2019-09-20 15:29:35.720,10905,10906,10905,1,-1
2019-09-20 15:29:41.060,10905,10906,10906,3,3
2019-09-20 15:30:00.637,10905,10906,10905,1,-1
2019-09-20 15:30:01.289,10905,10906,10906,1,1
2019-09-20 15:30:01.424,10905,10906,10906,1,1
2019-09-20 15:30:02.329,10905,10906,10906,2,2
2019-09-20 15:30:10.764,10905,10906,10906,1,1
2019-09-20 15:30:25.679,10905,10906,10905,1,-1
2019-09-20 15:30:28.327,10905,10906,10906,3,3
2019-09-20 15:30:28.798,10905,10906,10905,1,-1
2019-09-20 15:30:39.256,10905,10906,10905,1,-1
2019-09-20 15:30:41.914,10905,10906,10906,1,1
2019-09-20 15:30:42.043,10905,10906,10906,1,1
2019-09-20 15:30:42.190,10905,10906,10905,59,-59
2019-09-20 15:30:42.190,10905,10906,10904,25,-25
2019-09-20 15:30:42.277,10905,10906,10904,84,-84
2019-09-20 15:30:42.404,10903,10904,10903,5,-5
2019-09-20 15:30:43.156,10903,10904,10903,5,-5
2019-09-20 15:30:43.433,10903,10904,10903,4,-4
2019-09-20 15:30:43.976,10903,10904,10903,1,-1
2019-09-20 15:30:48.038,10903,10904,10903,1,-1
2019-09-20 15:30:49.925,10903,10904,10903,1,-1
2019-09-20 15:30:50.666,10903,10904,10903,1,-1
2019-09-20 15:30:56.007,10903,10904,10903,1,-1
2019-09-20 15:30:58.862,10903,10904,10903,1,-1
2019-09-20 15:31:00.122,10903,10904,10904,1,1
2019-09-20 15:31:04.386,10903,10904,10904,2,2
2019-09-20 15:31:09.888,10903,10904,10904,1,1
2019-09-20 15:31:10.156,10903,10904,10903,20,-20
2019-09-20 15:31:10.156,10903,10904,10902,43,-43
2019-09-20 15:31:10.404,10901,10903,10902,1,-1
2019-09-20 15:31:10.404,10901,10903,10901,2,-2
2019-09-20 15:31:10.636,10902,10903,10902,1,1
2019-09-20 15:31:13.856,10903,10904,10903,3,3
2019-09-20 15:31:13.856,10903,10904,10902,22,-22
2019-09-20 15:31:13.904,10902,10903,10903,3,3
2019-09-20 15:31:13.907,10902,10903,10903,2,2
2019-09-20 15:31:14.029,10903,10904,10903,2,-2
2019-09-20 15:31:15.710,10903,10904,10903,1,-1
2019-09-20 15:31:19.368,10903,10904,10903,1,-1
2019-09-20 15:31:29.038,10903,10904,10903,3,-3
2019-09-20 15:31:30.715,10903,10904,10903,1,-1
2019-09-20 15:31:31.559,10903,10904,10903,1,-1
2019-09-20 15:31:32.889,10903,10904,10903,1,-1
2019-09-20 15:31:40.641,10903,10904,10903,1,-1
2019-09-20 15:31:42.736,10903,10904,10903,2,-2
2019-09-20 15:31:48.089,10903,10904,10904,4,4
2019-09-20 15:31:48.089,10903,10904,10904,3,3
2019-09-20 15:31:48.089,10903,10904,10904,11,11
2019-09-20 15:31:48.255,10904,10905,10904,1,-1
2019-09-20 15:31:49.355,10904,10905,10905,1,1
2019-09-20 15:31:50.506,10904,10905,10904,2,-2
2019-09-20 15:31:58.331,10904,10905,10905,1,1
2019-09-20 15:31:59.166,10904,10905,10905,5,5
2019-09-20 15:32:00.017,10905,10906,10905,1,-1
2019-09-20 15:32:05.631,10904,10906,10904,1,-1
2019-09-20 15:32:16.271,10904,10905,10905,1,1
2019-09-20 15:32:16.286,10904,10905,10905,2,2
2019-09-20 15:32:16.310,10904,10905,10905,1,1
2019-09-20 15:32:16.358,10904,10905,10905,1,1
2019-09-20 15:32:16.442,10904,10905,10905,1,1
2019-09-20 15:32:16.599,10904,10905,10905,1,1
2019-09-20 15:32:22.392,10904,10905,10905,2,2
2019-09-20 15:32:22.392,10904,10905,10905,1,1
2019-09-20 15:32:29.865,10905,10906,10905,3,-3
2019-09-20 15:32:30.681,10905,10906,10905,1,-1
2019-09-20 15:32:34.473,10904,10906,10904,1,-1
2019-09-20 15:32:40.041,10904,10905,10905,1,1
2019-09-20 15:32:55.347,10904,10906,10906,1,1
2019-09-20 15:32:55.700,10904,10906,10904,1,-1
2019-09-20 15:33:00.000,10905,10906,10905,1,1
2019-09-20 15:33:13.750,10905,10906,10905,1,-1
2019-09-20 15:33:14.400,10905,10906,10905,2,-2
2019-09-20 15:33:20.704,10905,10906,10905,1,-1
2019-09-20 15:33:20.725,10905,10906,10905,1,-1
2019-09-20 15:33:45.677,10905,10906,10905,1,-1
2019-09-20 15:33:55.480,10905,10906,10906,1,1
2019-09-20 15:34:06.639,10905,10906,10905,8,-8
2019-09-20 15:34:06.639,10905,10906,10905,1,-1
2019-09-20 15:34:10.679,10904,10905,10904,1,-1
2019-09-20 15:34:12.186,10904,10905,10905,4,4
2019-09-20 15:34:12.186,10904,10905,10906,1,1
2019-09-20 15:34:19.214,10904,10905,10905,1,1
2019-09-20 15:34:33.918,10905,10906,10905,1,-1
2019-09-20 15:34:33.918,10905,10906,10905,2,-2
2019-09-20 15:34:35.663,10904,10905,10904,1,-1
2019-09-20 15:34:41.228,10904,10905,10905,2,2
2019-09-20 15:35:00.659,10904,10905,10904,1,-1
2019-09-20 15:35:06.326,10904,10905,10905,1,1
2019-09-20 15:35:09.219,10904,10905,10905,1,1
2019-09-20 15:35:25.694,10904,10905,10904,1,-1
2019-09-20 15:35:44.453,10904,10905,10904,1,-1
2019-09-20 15:35:50.691,10904,10905,10904,1,-1
2019-09-20 15:35:50.702,10904,10905,10904,1,-1
2019-09-20 15:35:54.321,10904,10905,10905,1,1
2019-09-20 15:36:06.204,10904,10905,10905,1,1
2019-09-20 15:36:15.735,10904,10905,10904,1,-1
2019-09-20 15:36:28.873,10904,10905,10904,1,-1
2019-09-20 15:36:29.717,10904,10905,10904,1,-1
2019-09-20 15:36:38.975,10904,10905,10904,4,-4
2019-09-20 15:36:38.975,10904,10905,10904,2,-2
2019-09-20 15:36:39.028,10904,10905,10904,5,-5
2019-09-20 15:36:40.699,10904,10905,10904,1,-1
2019-09-20 15:36:42.024,10903,10905,10905,1,1
2019-09-20 15:37:05.736,10903,10904,10903,1,-1
2019-09-20 15:37:11.903,10903,10904,10904,1,1
2019-09-20 15:37:12.542,10903,10904,10903,1,-1
2019-09-20 15:37:18.595,10903,10904,10903,1,-1
2019-09-20 15:37:19.524,10903,10904,10903,1,-1
2019-09-20 15:37:22.601,10903,10904,10904,2,2
2019-09-20 15:37:30.681,10903,10904,10903,1,-1
2019-09-20 15:37:50.272,10903,10904,10903,1,-1
2019-09-20 15:37:55.718,10903,10904,10903,1,-1
2019-09-20 15:38:00.974,10903,10904,10904,1,1
2019-09-20 15:38:01.029,10903,10904,10904,3,3
2019-09-20 15:38:03.874,10903,10904,10904,1,1
2019-09-20 15:38:09.617,10903,10904,10904,2,2
2019-09-20 15:38:20.667,10904,10905,10904,1,-1
2019-09-20 15:38:23.484,10904,10905,10904,9,-9
2019-09-20 15:38:33.772,10904,10905,10904,1,-1
2019-09-20 15:38:37.116,10903,10904,10904,1,1
2019-09-20 15:38:45.665,10903,10904,10903,1,-1
2019-09-20 15:38:51.713,10903,10904,10903,3,-3
2019-09-20 15:38:51.731,10903,10904,10903,2,-2
2019-09-20 15:38:51.736,10903,10904,10903,6,-6
2019-09-20 15:38:52.089,10902,10903,10902,2,-2
2019-09-20 15:38:52.111,10902,10903,10902,2,-2
2019-09-20 15:39:03.127,10902,10904,10902,1,-1
2019-09-20 15:39:04.731,10902,10903,10902,1,-1
2019-09-20 15:39:07.083,10902,10903,10902,1,-1
2019-09-20 15:39:10.709,10902,10903,10902,1,-1
2019-09-20 15:39:16.953,10902,10903,10902,3,-3
2019-09-20 15:39:35.684,10902,10903,10902,1,-1
2019-09-20 15:39:39.175,10902,10903,10902,6,-6
2019-09-20 15:39:48.392,10902,10903,10902,3,-3
2019-09-20 15:39:50.388,10902,10903,10902,2,-2
2019-09-20 15:39:51.800,10902,10903,10902,1,-1
2019-09-20 15:39:57.508,10901,10902,10901,1,-1
2019-09-20 15:40:00.655,10901,10902,10901,1,-1
2019-09-20 15:40:00.676,10901,10902,10902,2,2
2019-09-20 15:40:07.924,10902,10903,10902,2,-2
2019-09-20 15:40:14.664,10902,10903,10903,1,1
2019-09-20 15:40:18.164,10902,10903,10903,2,2
2019-09-20 15:40:18.400,10902,10903,10903,1,1
2019-09-20 15:40:25.740,10902,10903,10902,1,-1
2019-09-20 15:40:35.703,10902,10903,10903,1,1
2019-09-20 15:40:36.676,10902,10903,10902,1,-1
2019-09-20 15:40:50.709,10902,10903,10902,1,-1
2019-09-20 15:40:58.803,10902,10903,10902,1,-1
2019-09-20 15:41:01.933,10902,10903,10902,6,-6
2019-09-20 15:41:15.726,10902,10903,10902,1,-1
2019-09-20 15:41:16.324,10902,10903,10903,1,1
2019-09-20 15:41:18.965,10902,10903,10902,1,-1
2019-09-20 15:41:26.100,10902,10903,10903,13,13
2019-09-20 15:41:26.336,10903,10904,10903,2,-2
2019-09-20 15:41:26.827,10903,10904,10903,1,-1
2019-09-20 15:41:29.097,10903,10904,10904,1,1
2019-09-20 15:41:29.407,10903,10904,10904,2,2
2019-09-20 15:41:40.149,10903,10904,10904,2,2
2019-09-20 15:41:40.773,10903,10904,10903,1,-1
2019-09-20 15:42:03.588,10903,10904,10904,1,1
2019-09-20 15:42:05.733,10903,10904,10903,1,-1
2019-09-20 15:42:07.699,10903,10904,10903,1,-1
2019-09-20 15:42:11.352,10903,10904,10903,1,-1
2019-09-20 15:42:11.704,10903,10904,10903,1,-1
2019-09-20 15:42:11.805,10902,10904,10904,10,10
2019-09-20 15:42:18.028,10903,10904,10904,1,1
2019-09-20 15:42:20.422,10903,10904,10904,1,1
2019-09-20 15:42:21.076,10903,10905,10905,1,1
2019-09-20 15:42:23.279,10904,10905,10904,1,-1
2019-09-20 15:42:23.308,10904,10905,10904,1,-1
2019-09-20 15:42:27.529,10904,10905,10904,1,-1
2019-09-20 15:42:30.648,10903,10905,10903,1,-1
2019-09-20 15:42:53.115,10903,10904,10904,1,1
2019-09-20 15:42:55.740,10903,10905,10903,1,-1
2019-09-20 15:43:20.718,10904,10905,10904,1,1
2019-09-20 15:43:21.115,10904,10905,10904,3,-3
2019-09-20 15:43:24.170,10903,10905,10903,2,-2
2019-09-20 15:43:45.711,10903,10904,10903,1,-1
2019-09-20 15:44:10.695,10903,10904,10903,1,-1
2019-09-20 15:44:29.249,10903,10904,10904,1,1
2019-09-20 15:44:35.533,10903,10904,10904,1,1
2019-09-20 15:44:35.687,10903,10904,10903,1,-1
2019-09-20 15:44:59.354,10903,10904,10904,1,1
2019-09-20 15:44:59.355,10903,10904,10904,1,1
2019-09-20 15:44:59.356,10903,10904,10904,2,2
2019-09-20 15:44:59.404,10903,10904,10904,3,3
2019-09-20 15:44:59.404,10903,10904,10904,2,2
2019-09-20 15:45:00.661,10904,10905,10904,1,-1
2019-09-20 15:45:01.811,10904,10905,10904,1,-1
2019-09-20 15:45:04.308,10904,10905,10904,1,-1
2019-09-20 15:45:08.120,10903,10904,10904,1,1
2019-09-20 15:45:10.420,10904,10905,10904,1,-1
2019-09-20 15:45:25.721,10904,10905,10904,1,-1
2019-09-20 15:45:42.246,10904,10905,10905,1,1
2019-09-20 15:45:42.278,10904,10905,10905,9,9
2019-09-20 15:45:42.403,10904,10905,10905,12,12
2019-09-20 15:45:45.207,10905,10906,10906,1,1
2019-09-20 15:45:47.395,10905,10906,10906,1,1
2019-09-20 15:45:50.717,10905,10906,10905,1,-1
2019-09-20 15:46:15.710,10905,10906,10905,1,-1
2019-09-20 15:46:28.059,10905,10906,10905,1,-1
2019-09-20 15:46:40.677,10905,10906,10905,1,-1
2019-09-20 15:46:45.274,10905,10906,10906,5,5
2019-09-20 15:46:45.279,10905,10906,10906,9,9
2019-09-20 15:46:45.279,10905,10906,10906,2,2
2019-09-20 15:46:45.283,10905,10906,10906,2,2
2019-09-20 15:46:45.283,10905,10906,10906,2,2
2019-09-20 15:46:45.290,10905,10906,10906,2,2
2019-09-20 15:46:45.523,10905,10906,10906,2,2
2019-09-20 15:46:48.140,10906,10907,10906,4,-4
2019-09-20 15:46:50.031,10906,10907,10907,1,1
2019-09-20 15:46:54.141,10906,10907,10907,1,1
2019-09-20 15:47:05.740,10906,10907,10906,1,-1
2019-09-20 15:47:13.062,10906,10907,10906,1,-1
2019-09-20 15:47:13.217,10905,10906,10906,2,2
2019-09-20 15:47:17.343,10905,10907,10907,1,1
2019-09-20 15:47:18.629,10905,10906,10906,1,1
2019-09-20 15:47:20.218,10905,10906,10906,2,2
2019-09-20 15:47:20.831,10906,10907,10907,1,1
2019-09-20 15:47:28.427,10906,10907,10907,1,1
2019-09-20 15:47:28.614,10906,10907,10906,1,-1
2019-09-20 15:47:30.709,10905,10906,10906,1,1
2019-09-20 15:47:30.724,10905,10906,10905,1,-1
2019-09-20 15:47:40.444,10905,10907,10907,3,3
2019-09-20 15:47:41.756,10905,10907,10907,1,1
2019-09-20 15:47:55.661,10905,10907,10905,1,-1
2019-09-20 15:47:57.086,10906,10907,10906,1,1
2019-09-20 15:48:12.666,10905,10907,10907,28,28
2019-09-20 15:48:12.666,10905,10907,10908,42,42
2019-09-20 15:48:12.667,10905,10907,10907,6,6
2019-09-20 15:48:12.779,10907,10908,10907,2,-2
2019-09-20 15:48:12.781,10907,10908,10907,3,-3
2019-09-20 15:48:12.811,10907,10908,10908,6,6
2019-09-20 15:48:13.584,10907,10908,10907,1,-1
2019-09-20 15:48:15.882,10906,10908,10906,1,-1
2019-09-20 15:48:16.775,10906,10908,10906,1,-1
2019-09-20 15:48:20.702,10906,10907,10906,1,-1
2019-09-20 15:48:21.159,10906,10907,10907,1,1
2019-09-20 15:48:21.289,10906,10907,10907,1,1
2019-09-20 15:48:21.673,10906,10907,10907,1,1
2019-09-20 15:48:21.909,10906,10907,10907,1,1
2019-09-20 15:48:22.091,10906,10907,10907,1,1
2019-09-20 15:48:22.310,10906,10907,10907,1,1
2019-09-20 15:48:22.527,10906,10908,10907,1,-1
2019-09-20 15:48:22.529,10907,10908,10907,1,-1
2019-09-20 15:48:23.261,10907,10908,10907,2,-2
2019-09-20 15:48:23.261,10907,10908,10906,1,-1
2019-09-20 15:48:24.918,10906,10907,10907,1,1
2019-09-20 15:48:25.214,10906,10907,10907,1,1
2019-09-20 15:48:31.417,10906,10907,10907,1,1
2019-09-20 15:48:31.677,10906,10907,10907,1,1
2019-09-20 15:48:32.061,10906,10907,10907,2,2
2019-09-20 15:48:32.344,10906,10908,10906,2,-2
2019-09-20 15:48:40.979,10906,10907,10906,1,-1
2019-09-20 15:48:41.000,10906,10907,10907,1,1
2019-09-20 15:48:45.131,10906,10907,10907,4,4
2019-09-20 15:48:45.706,10906,10907,10906,1,-1
2019-09-20 15:48:58.268,10906,10907,10907,2,2
2019-09-20 15:49:01.867,10906,10907,10907,1,1
2019-09-20 15:49:06.251,10906,10907,10907,1,1
2019-09-20 15:49:10.679,10906,10908,10906,1,-1
2019-09-20 15:49:32.100,10906,10907,10907,2,2
2019-09-20 15:49:35.712,10906,10907,10906,1,-1
2019-09-20 15:49:39.543,10906,10907,10907,1,1
2019-09-20 15:49:46.509,10906,10907,10906,5,-5
2019-09-20 15:50:00.815,10906,10907,10906,1,-1
2019-09-20 15:50:04.495,10906,10907,10906,1,-1
2019-09-20 15:50:05.779,10906,10907,10907,1,1
2019-09-20 15:50:08.812,10906,10907,10906,2,-2
2019-09-20 15:50:09.562,10905,10907,10907,2,2
2019-09-20 15:50:25.728,10905,10906,10905,1,-1
2019-09-20 15:50:44.751,10905,10906,10906,1,1
2019-09-20 15:50:50.724,10905,10907,10905,1,-1
2019-09-20 15:51:05.033,10905,10906,10906,1,1
2019-09-20 15:51:15.123,10905,10906,10906,1,1
2019-09-20 15:51:15.714,10906,10907,10906,1,-1
2019-09-20 15:51:40.825,10906,10907,10906,1,-1
2019-09-20 15:51:57.694,10906,10907,10906,1,-1
2019-09-20 15:51:58.542,10906,10907,10906,1,-1
2019-09-20 15:52:05.719,10906,10907,10906,1,-1
2019-09-20 15:52:17.896,10906,10907,10907,1,1
2019-09-20 15:52:30.722,10906,10908,10906,1,-1
2019-09-20 15:52:33.148,10906,10907,10906,3,-3
2019-09-20 15:52:33.148,10906,10907,10905,2,-2
2019-09-20 15:52:41.967,10905,10906,10905,1,-1
2019-09-20 15:52:44.041,10905,10906,10906,2,2
2019-09-20 15:52:53.380,10905,10906,10906,1,1
2019-09-20 15:52:53.594,10905,10906,10906,1,1
2019-09-20 15:52:55.661,10905,10906,10905,1,-1
2019-09-20 15:53:00.226,10905,10906,10906,1,1
2019-09-20 15:53:09.381,10906,10907,10907,1,1
2019-09-20 15:53:20.681,10906,10907,10906,1,-1
2019-09-20 15:53:45.694,10906,10907,10906,1,-1
2019-09-20 15:54:10.690,10906,10907,10906,1,-1
2019-09-20 15:54:16.061,10906,10907,10906,3,-3
2019-09-20 15:54:32.729,10905,10906,10906,1,1
2019-09-20 15:54:33.294,10905,10906,10906,1,1
2019-09-20 15:54:35.746,10905,10907,10905,1,-1
2019-09-20 15:54:36.619,10905,10907,10907,2,2
2019-09-20 15:55:00.737,10905,10906,10905,1,-1
2019-09-20 15:55:01.167,10905,10906,10906,1,1
2019-09-20 15:55:15.557,10906,10907,10906,1,-1
2019-09-20 15:55:16.562,10906,10907,10906,1,-1
2019-09-20 15:55:24.901,10906,10907,10907,6,6
2019-09-20 15:55:25.682,10906,10907,10906,1,-1
2019-09-20 15:55:31.356,10906,10907,10906,1,-1
2019-09-20 15:55:49.421,10906,10907,10907,6,6
2019-09-20 15:55:50.743,10906,10907,10906,1,-1
2019-09-20 15:55:52.113,10906,10907,10906,1,-1
2019-09-20 15:56:15.828,10906,10907,10906,1,-1
2019-09-20 15:56:55.562,10906,10907,10906,4,-4
2019-09-20 15:57:28.662,10906,10907,10907,1,1
2019-09-20 15:57:43.731,10906,10907,10907,2,2
2019-09-20 15:57:43.778,10906,10907,10907,4,4
2019-09-20 15:57:54.848,10907,10908,10907,5,-5
2019-09-20 15:57:55.459,10907,10908,10907,1,-1
2019-09-20 15:58:12.243,10907,10908,10908,1,1
2019-09-20 15:58:13.065,10907,10908,10908,1,1
2019-09-20 15:58:17.668,10907,10908,10908,1,1
2019-09-20 15:58:17.914,10907,10908,10908,1,1
2019-09-20 15:58:21.191,10907,10908,10908,7,7
2019-09-20 15:58:23.393,10907,10908,10908,2,2
2019-09-20 15:58:25.185,10907,10908,10908,2,2
2019-09-20 15:58:31.893,10907,10908,10908,1,1
2019-09-20 15:58:32.262,10907,10908,10908,1,1
2019-09-20 15:58:34.765,10907,10908,10908,1,1
2019-09-20 15:58:34.859,10907,10908,10908,4,4
2019-09-20 15:58:36.861,10907,10908,10908,1,1
2019-09-20 15:58:36.883,10907,10908,10908,1,1
2019-09-20 15:58:38.173,10907,10908,10908,4,4
2019-09-20 15:58:38.322,10908,10909,10908,1,-1
2019-09-20 15:58:45.085,10908,10909,10908,1,-1
2019-09-20 15:58:54.193,10908,10909,10908,3,-3
2019-09-20 15:59:04.795,10907,10908,10908,1,1
2019-09-20 15:59:06.242,10907,10908,10908,1,1
2019-09-20 15:59:10.089,10907,10908,10908,1,1
2019-09-20 15:59:25.233,10907,10908,10908,1,1
2019-09-20 15:59:32.139,10907,10908,10908,1,1
2019-09-20 15:59:45.266,10907,10908,10908,3,3
2019-09-20 15:59:54.058,10907,10908,10908,1,1
2019-09-20 15:59:54.327,10907,10908,10908,1,1
2019-09-20 15:59:55.181,10907,10908,10908,1,1
2019-09-20 15:59:56.305,10907,10908,10908,2,2
2019-09-20 15:59:59.117,10907,10908,10908,3,3
2019-09-20 15:59:59.117,10907,10908,10909,1,1
2019-09-20 15:59:59.743,10907,10908,10908,1,1
2019-09-20 16:00:09.981,10907,10908,10908,3,3
2019-09-20 16:00:10.239,10907,10908,10908,4,4
2019-09-20 16:00:10.430,10907,10908,10908,1,1
2019-09-20 16:00:10.553,10907,10908,10908,1,1
2019-09-20 16:00:10.784,10907,10908,10908,2,2
2019-09-20 16:00:10.933,10907,10908,10908,1,1
2019-09-20 16:00:10.933,10907,10908,10909,1,1
2019-09-20 16:00:10.992,10907,10908,10909,1,1
2019-09-20 16:00:12.278,10907,10909,10909,3,3
2019-09-20 16:00:20.068,10908,10909,10908,2,-2
2019-09-20 16:00:20.248,10907,10908,10908,3,3
2019-09-20 16:00:20.248,10907,10908,10909,10,10
2019-09-20 16:00:22.633,10908,10909,10908,1,-1
2019-09-20 16:00:44.582,10908,10909,10908,2,-2
2019-09-20 16:01:04.477,10908,10909,10909,1,1
2019-09-20 16:01:06.522,10908,10909,10908,1,-1
2019-09-20 16:01:10.113,10908,10909,10909,1,1
2019-09-20 16:01:13.366,10908,10909,10909,1,1
2019-09-20 16:01:16.059,10908,10909,10908,7,-7
2019-09-20 16:01:16.076,10908,10909,10908,2,-2
2019-09-20 16:01:16.153,10908,10909,10908,2,-2
2019-09-20 16:01:16.155,10908,10909,10908,15,-15
2019-09-20 16:01:16.449,10907,10908,10907,1,-1
2019-09-20 16:01:16.536,10907,10908,10908,1,1
2019-09-20 16:01:22.653,10907,10908,10907,13,-13
2019-09-20 16:01:22.779,10907,10908,10907,1,-1
2019-09-20 16:01:30.427,10906,10908,10908,2,2
2019-09-20 16:01:52.926,10907,10908,10907,1,-1
2019-09-20 16:01:58.818,10907,10908,10908,2,2
2019-09-20 16:02:14.052,10907,10908,10908,1,1
2019-09-20 16:02:14.499,10907,10908,10907,1,-1
2019-09-20 16:02:15.187,10907,10908,10907,1,-1
2019-09-20 16:02:18.014,10907,10908,10907,1,-1
2019-09-20 16:02:43.692,10907,10908,10907,1,-1
2019-09-20 16:02:46.718,10907,10908,10907,1,-1
2019-09-20 16:02:49.364,10907,10908,10908,1,1
2019-09-20 16:03:00.772,10907,10908,10908,1,1
2019-09-20 16:03:12.635,10907,10908,10907,5,-5
2019-09-20 16:03:13.727,10907,10908,10908,1,1
2019-09-20 16:03:36.648,10907,10908,10907,2,-2
2019-09-20 16:03:45.406,10907,10908,10907,6,-6
2019-09-20 16:03:53.083,10906,10907,10907,1,1
2019-09-20 16:04:05.343,10906,10907,10906,2,-2
2019-09-20 16:04:10.509,10906,10907,10906,1,-1
2019-09-20 16:04:11.400,10906,10907,10906,1,-1
2019-09-20 16:04:14.137,10906,10907,10906,1,-1
2019-09-20 16:04:23.804,10906,10907,10906,1,-1
2019-09-20 16:04:27.795,10906,10907,10906,1,-1
2019-09-20 16:05:38.215,10906,10907,10906,1,-1
2019-09-20 16:05:38.764,10906,10907,10907,1,1
2019-09-20 16:05:54.091,10906,10907,10907,10,10
2019-09-20 16:05:56.134,10906,10907,10906,1,-1
2019-09-20 16:05:56.923,10906,10907,10906,1,-1
2019-09-20 16:06:08.990,10906,10907,10906,6,-6
2019-09-20 16:06:17.510,10906,10907,10906,1,-1
2019-09-20 16:06:31.351,10906,10907,10906,1,-1
2019-09-20 16:06:33.005,10906,10907,10906,1,-1
2019-09-20 16:06:33.625,10906,10907,10906,1,-1
2019-09-20 16:06:34.707,10905,10906,10906,1,1
2019-09-20 16:06:51.580,10905,10906,10905,1,-1
2019-09-20 16:06:56.435,10905,10906,10905,1,-1
2019-09-20 16:06:58.976,10905,10906,10905,1,-1
2019-09-20 16:07:04.533,10905,10906,10905,3,-3
2019-09-20 16:07:19.624,10905,10906,10905,21,-21
2019-09-20 16:07:23.392,10905,10906,10905,2,-2
2019-09-20 16:07:23.394,10905,10906,10905,2,-2
2019-09-20 16:07:23.394,10905,10906,10905,12,-12
2019-09-20 16:07:40.839,10904,10905,10904,1,-1
2019-09-20 16:07:41.688,10904,10905,10904,1,-1
2019-09-20 16:08:01.421,10904,10905,10904,1,-1
2019-09-20 16:08:05.196,10904,10905,10904,1,-1
2019-09-20 16:08:36.447,10904,10905,10905,1,1
2019-09-20 16:08:36.528,10904,10905,10905,4,4
2019-09-20 16:08:36.654,10904,10905,10905,1,1
2019-09-20 16:08:42.408,10905,10906,10905,5,-5
2019-09-20 16:08:45.593,10905,10906,10905,1,-1
2019-09-20 16:08:46.181,10904,10906,10904,1,-1
2019-09-20 16:09:30.751,10904,10905,10905,2,2
2019-09-20 16:09:30.778,10904,10905,10905,2,2
2019-09-20 16:09:52.102,10904,10905,10905,1,1
2019-09-20 16:09:52.442,10904,10905,10905,1,1
2019-09-20 16:11:00.725,10905,10906,10905,1,-1
2019-09-20 16:11:12.473,10904,10905,10904,2,-2
2019-09-20 16:11:12.514,10904,10905,10904,5,-5
2019-09-20 16:11:39.840,10904,10905,10905,6,6
2019-09-20 16:12:15.003,10905,10906,10905,3,-3
2019-09-20 16:13:37.913,10904,10905,10905,1,1
2019-09-20 16:13:42.155,10904,10905,10904,20,-20
2019-09-20 16:13:42.172,10904,10905,10904,1,-1
2019-09-20 16:14:00.156,10903,10904,10904,3,3
2019-09-20 16:14:37.452,10904,10905,10904,1,-1
2019-09-20 16:14:42.870,10904,10905,10905,1,1
2019-09-20 16:14:42.870,10904,10905,10905,5,5
2019-09-20 16:14:42.871,10904,10905,10905,3,3
2019-09-20 16:14:42.871,10904,10905,10905,1,1
2019-09-20 16:14:43.029,10905,10906,10905,19,-19
2019-09-20 16:14:43.029,10905,10906,10904,1,-1
2019-09-20 16:14:47.053,10904,10905,10904,1,-1
2019-09-20 16:15:01.571,10904,10906,10904,1,-1
2019-09-20 16:15:14.857,10904,10906,10904,1,-1
2019-09-20 16:15:18.712,10904,10906,10906,1,1
2019-09-20 16:16:41.426,10905,10906,10905,1,-1
2019-09-20 16:16:41.427,10905,10906,10905,1,-1
2019-09-20 16:16:44.069,10905,10906,10905,3,-3
2019-09-20 16:17:20.221,10904,10905,10904,2,-2
2019-09-20 16:17:20.278,10904,10905,10904,5,-5
2019-09-20 16:17:20.945,10904,10905,10904,1,-1
2019-09-20 16:17:20.967,10904,10905,10904,1,-1
2019-09-20 16:17:40.340,10903,10904,10904,1,1
2019-09-20 16:18:07.491,10903,10904,10904,1,1
2019-09-20 16:18:09.472,10904,10905,10904,1,-1
2019-09-20 16:18:10.262,10904,10905,10904,1,-1
2019-09-20 16:18:12.499,10904,10905,10904,1,-1
2019-09-20 16:18:14.417,10904,10905,10904,1,-1
2019-09-20 16:18:18.507,10904,10905,10904,1,-1
2019-09-20 16:18:40.220,10904,10905,10904,2,-2
2019-09-20 16:18:57.031,10904,10905,10904,1,-1
2019-09-20 16:19:34.002,10903,10904,10904,1,1
2019-09-20 16:19:43.358,10903,10904,10904,1,1
2019-09-20 16:20:11.060,10903,10904,10904,1,1
2019-09-20 16:20:11.428,10903,10904,10904,1,1
2019-09-20 16:20:11.433,10903,10904,10904,1,1
2019-09-20 16:20:11.566,10903,10904,10904,1,1
2019-09-20 16:20:11.680,10903,10904,10904,1,1
2019-09-20 16:20:11.686,10903,10904,10904,1,1
2019-09-20 16:20:33.562,10903,10904,10904,1,1
2019-09-20 16:21:41.962,10903,10904,10904,1,1
2019-09-20 16:21:45.378,10903,10904,10904,5,5
2019-09-20 16:22:28.287,10904,10905,10904,1,-1
2019-09-20 16:22:31.718,10904,10905,10904,7,-7
2019-09-20 16:22:49.701,10903,10904,10904,1,1
2019-09-20 16:22:49.985,10903,10904,10904,1,1
2019-09-20 16:22:58.452,10903,10904,10904,3,3
2019-09-20 16:23:07.758,10904,10905,10904,1,-1
2019-09-20 16:23:09.125,10904,10905,10904,1,-1
2019-09-20 16:23:15.749,10904,10905,10904,3,-3
2019-09-20 16:23:17.112,10904,10905,10904,1,-1
2019-09-20 16:23:18.361,10904,10905,10905,1,1
2019-09-20 16:23:19.241,10904,10905,10904,1,-1
2019-09-20 16:23:24.055,10903,10904,10904,1,1
2019-09-20 16:23:36.462,10903,10904,10904,1,1
2019-09-20 16:23:46.874,10903,10904,10904,1,1
2019-09-20 16:23:54.819,10903,10904,10904,2,2
2019-09-20 16:24:32.343,10904,10905,10904,1,-1
2019-09-20 16:24:33.231,10904,10905,10904,1,-1
2019-09-20 16:24:49.583,10904,10905,10904,1,-1
2019-09-20 16:25:00.685,10904,10905,10904,1,-1
2019-09-20 16:25:23.681,10904,10905,10904,1,-1
2019-09-20 16:25:42.769,10904,10905,10904,12,-12
2019-09-20 16:25:46.761,10903,10904,10903,1,-1
2019-09-20 16:26:09.773,10903,10904,10903,1,-1
2019-09-20 16:26:14.861,10903,10904,10903,2,-2
2019-09-20 16:26:32.717,10903,10904,10903,1,-1
2019-09-20 16:26:55.741,10903,10904,10903,1,-1
2019-09-20 16:26:56.534,10903,10904,10903,1,-1
2019-09-20 16:26:56.551,10903,10904,10903,1,-1
2019-09-20 16:27:04.418,10903,10904,10904,3,3
2019-09-20 16:27:08.200,10903,10904,10903,2,-2
2019-09-20 16:27:18.682,10903,10904,10903,1,-1
2019-09-20 16:27:25.353,10903,10904,10903,2,-2
2019-09-20 16:27:34.152,10903,10904,10904,1,1
2019-09-20 16:27:41.466,10903,10904,10904,1,1
2019-09-20 16:27:41.709,10903,10904,10903,1,-1
2019-09-20 16:27:47.765,10903,10904,10903,1,-1
2019-09-20 16:27:57.998,10903,10904,10904,1,1
2019-09-20 16:28:04.767,10903,10904,10903,1,-1
2019-09-20 16:28:12.705,10903,10904,10903,2,-2
2019-09-20 16:28:16.258,10903,10904,10903,3,-3
2019-09-20 16:28:27.153,10903,10904,10903,1,-1
2019-09-20 16:28:27.661,10903,10904,10903,1,-1
2019-09-20 16:28:40.579,10903,10904,10903,4,-4
2019-09-20 16:28:41.848,10903,10904,10903,1,-1
2019-09-20 16:28:47.617,10903,10904,10903,4,-4
2019-09-20 16:28:50.760,10903,10904,10903,1,-1
2019-09-20 16:29:06.768,10903,10904,10903,1,-1
2019-09-20 16:29:13.670,10903,10904,10903,1,-1
2019-09-20 16:29:15.705,10903,10904,10903,10,-10
2019-09-20 16:29:21.419,10903,10904,10903,1,-1
2019-09-20 16:29:32.729,10903,10904,10903,1,-1
2019-09-20 16:29:36.467,10903,10904,10903,1,-1
2019-09-20 16:29:36.743,10903,10904,10903,1,-1
2019-09-20 16:29:37.810,10903,10904,10903,1,-1
2019-09-20 16:29:38.283,10903,10904,10903,20,-20
2019-09-20 16:29:38.831,10903,10904,10903,1,-1
2019-09-20 16:29:40.229,10902,10903,10902,5,-5
2019-09-20 16:29:44.276,10902,10903,10902,1,-1
2019-09-20 16:29:44.774,10902,10903,10902,1,-1
2019-09-20 16:29:45.094,10902,10903,10902,1,-1
2019-09-20 16:29:55.104,10902,10903,10903,7,7
2019-09-20 16:29:59.743,10903,10904,10903,1,-1
2019-09-20 16:30:01.035,10903,10904,10903,3,-3
2019-09-20 16:30:01.391,10903,10904,10903,3,-3
2019-09-20 16:30:01.391,10903,10904,10902,5,-5
2019-09-20 16:30:01.576,10902,10904,10902,1,-1
2019-09-20 16:30:01.606,10902,10904,10902,1,-1
2019-09-20 16:30:02.577,10902,10904,10902,1,-1
2019-09-20 16:30:15.220,10903,10904,10903,1,1
2019-09-20 16:30:22.712,10903,10904,10903,1,-1
2019-09-20 16:30:42.688,10903,10904,10903,1,-1
2019-09-20 16:30:45.713,10903,10904,10903,1,-1
2019-09-20 16:31:08.654,10903,10904,10903,1,-1
2019-09-20 16:31:15.841,10903,10904,10904,1,1
2019-09-20 16:31:21.859,10903,10904,10904,1,1
2019-09-20 16:31:21.903,10903,10904,10904,5,5
2019-09-20 16:31:31.743,10904,10905,10904,1,-1
2019-09-20 16:31:54.738,10904,10905,10904,1,-1
2019-09-20 16:31:57.454,10904,10905,10905,1,1
2019-09-20 16:32:12.075,10904,10905,10905,1,1
2019-09-20 16:32:17.751,10904,10905,10904,1,-1
2019-09-20 16:32:40.336,10904,10905,10905,1,1
2019-09-20 16:32:40.711,10904,10905,10904,1,-1
2019-09-20 16:32:45.650,10904,10905,10905,15,15
2019-09-20 16:32:51.685,10904,10906,10906,10,10
2019-09-20 16:32:56.124,10905,10906,10905,1,-1
2019-09-20 16:33:03.740,10904,10906,10904,1,-1
2019-09-20 16:33:21.183,10905,10906,10905,1,1
2019-09-20 16:33:26.831,10905,10906,10905,1,-1
2019-09-20 16:33:49.711,10905,10906,10905,1,-1
2019-09-20 16:34:12.798,10905,10906,10905,1,-1
2019-09-20 16:34:21.526,10904,10905,10905,1,1
2019-09-20 16:34:33.191,10905,10906,10905,2,-2
2019-09-20 16:34:35.754,10904,10905,10904,1,-1
2019-09-20 16:34:37.963,10904,10905,10905,1,1
2019-09-20 16:34:42.542,10904,10905,10905,1,1
2019-09-20 16:34:54.022,10905,10906,10905,1,-1
2019-09-20 16:34:58.752,10905,10906,10905,1,-1
2019-09-20 16:35:05.906,10905,10906,10906,21,21
2019-09-20 16:35:21.739,10905,10906,10905,1,-1
2019-09-20 16:35:44.727,10905,10906,10905,1,-1
2019-09-20 16:36:04.498,10905,10906,10905,1,-1
2019-09-20 16:36:07.714,10905,10906,10905,1,-1
2019-09-20 16:36:11.913,10905,10906,10906,1,1
2019-09-20 16:36:30.736,10905,10906,10905,1,-1
2019-09-20 16:36:53.736,10905,10906,10905,1,-1
2019-09-20 16:37:00.325,10905,10906,10905,2,-2
2019-09-20 16:37:00.427,10905,10906,10905,1,-1
2019-09-20 16:37:09.885,10905,10906,10905,1,-1
2019-09-20 16:37:16.682,10905,10906,10905,1,-1
2019-09-20 16:37:27.640,10905,10906,10905,2,-2
2019-09-20 16:37:34.440,10904,10905,10904,1,-1
2019-09-20 16:37:39.776,10904,10905,10904,1,-1
2019-09-20 16:38:02.726,10904,10905,10904,1,-1
2019-09-20 16:38:25.692,10904,10905,10904,1,-1
2019-09-20 16:38:48.714,10904,10905,10904,1,-1
2019-09-20 16:39:11.848,10903,10905,10903,1,-1
2019-09-20 16:39:34.700,10903,10904,10903,1,-1
2019-09-20 16:39:57.765,10903,10904,10903,1,-1
2019-09-20 16:39:59.606,10903,10904,10904,1,1
2019-09-20 16:40:10.138,10903,10904,10904,1,1
2019-09-20 16:40:20.721,10903,10904,10903,1,-1
2019-09-20 16:40:38.823,10903,10904,10904,2,2
2019-09-20 16:40:43.710,10903,10904,10903,1,-1
2019-09-20 16:41:06.756,10903,10904,10903,1,-1
2019-09-20 16:41:29.756,10903,10904,10903,1,-1
2019-09-20 16:41:52.772,10903,10904,10903,1,-1
2019-09-20 16:42:03.271,10903,10904,10903,1,-1
2019-09-20 16:42:15.723,10903,10904,10903,1,-1
2019-09-20 16:42:38.729,10903,10904,10903,1,-1
2019-09-20 16:43:01.701,10903,10904,10903,1,-1
2019-09-20 16:43:24.771,10903,10904,10903,1,-1
2019-09-20 16:43:31.493,10903,10904,10904,1,1
2019-09-20 16:43:44.845,10903,10904,10904,1,1
2019-09-20 16:43:47.815,10903,10904,10903,1,-1
2019-09-20 16:43:54.286,10903,10904,10904,1,1
2019-09-20 16:43:58.312,10903,10904,10904,2,2
2019-09-20 16:44:10.777,10903,10904,10903,1,-1
2019-09-20 16:44:33.772,10903,10904,10903,1,-1
2019-09-20 16:44:56.689,10903,10904,10903,1,-1
2019-09-20 16:45:19.737,10903,10904,10903,1,-1
2019-09-20 16:45:28.064,10903,10904,10903,11,-11
2019-09-20 16:45:28.071,10903,10904,10903,2,-2
2019-09-20 16:45:31.260,10903,10904,10903,2,-2
2019-09-20 16:45:38.852,10903,10904,10903,1,-1
2019-09-20 16:45:42.717,10903,10904,10903,1,-1
2019-09-20 16:46:05.827,10903,10904,10903,1,-1
2019-09-20 16:46:28.738,10903,10904,10903,1,-1
2019-09-20 16:46:31.390,10903,10904,10904,1,1
2019-09-20 16:46:48.342,10903,10904,10903,16,-16
2019-09-20 16:46:51.767,10903,10904,10903,1,-1
2019-09-20 16:47:03.407,10902,10903,10903,3,3
2019-09-20 16:47:14.784,10902,10903,10902,1,-1
2019-09-20 16:47:15.255,10902,10903,10902,1,-1
2019-09-20 16:47:15.309,10902,10903,10902,1,-1
2019-09-20 16:47:25.910,10902,10903,10902,1,-1
2019-09-20 16:47:37.753,10902,10903,10902,1,-1
2019-09-20 16:47:56.239,10902,10903,10903,8,8
2019-09-20 16:47:56.240,10902,10903,10903,1,1
2019-09-20 16:48:00.714,10903,10904,10903,1,-1
2019-09-20 16:48:18.063,10903,10904,10903,1,-1
2019-09-20 16:48:23.779,10903,10904,10903,1,-1
2019-09-20 16:48:46.724,10902,10903,10902,1,-1
2019-09-20 16:48:51.651,10902,10903,10903,2,2
2019-09-20 16:49:02.865,10902,10903,10902,3,-3
2019-09-20 16:49:03.001,10902,10903,10902,1,-1
2019-09-20 16:49:09.790,10902,10903,10902,1,-1
2019-09-20 16:49:15.018,10902,10903,10902,1,-1
2019-09-20 16:49:32.773,10902,10903,10902,1,-1
2019-09-20 16:49:55.820,10902,10903,10902,1,-1
2019-09-20 16:50:18.748,10902,10903,10902,1,-1
2019-09-20 16:50:19.148,10902,10903,10903,2,2
2019-09-20 16:50:19.629,10902,10903,10903,1,1
2019-09-20 16:50:19.658,10902,10903,10903,1,1
2019-09-20 16:50:41.864,10902,10903,10902,1,-1
2019-09-20 16:50:44.541,10902,10903,10902,1,-1
2019-09-20 16:51:04.642,10902,10903,10902,4,-4
2019-09-20 16:51:04.735,10902,10903,10902,1,-1
2019-09-20 16:51:11.155,10902,10903,10903,2,2
2019-09-20 16:51:13.913,10902,10903,10902,1,-1
2019-09-20 16:51:19.601,10902,10903,10903,7,7
2019-09-20 16:51:24.476,10903,10904,10903,1,-1
2019-09-20 16:51:25.671,10903,10904,10903,1,-1
2019-09-20 16:51:27.741,10903,10904,10903,1,-1
2019-09-20 16:51:32.145,10903,10904,10903,1,-1
2019-09-20 16:51:50.754,10903,10904,10903,1,-1
2019-09-20 16:52:03.209,10903,10904,10903,6,-6
2019-09-20 16:52:08.433,10903,10904,10903,1,-1
2019-09-20 16:52:13.767,10903,10904,10903,1,-1
2019-09-20 16:52:36.815,10902,10903,10902,1,-1
2019-09-20 16:52:38.343,10902,10903,10903,1,1
2019-09-20 16:52:44.163,10902,10903,10903,1,1
2019-09-20 16:52:59.757,10902,10903,10902,1,-1
2019-09-20 16:53:19.200,10902,10903,10903,1,1
2019-09-20 16:53:19.544,10902,10903,10902,1,-1
2019-09-20 16:53:20.225,10902,10903,10902,1,-1
2019-09-20 16:53:21.876,10902,10903,10902,1,-1
2019-09-20 16:53:22.795,10902,10903,10902,1,-1
2019-09-20 16:53:38.298,10902,10903,10902,1,-1
2019-09-20 16:53:45.719,10902,10903,10902,1,-1
2019-09-20 16:54:06.911,10902,10903,10902,1,-1
2019-09-20 16:54:07.384,10902,10903,10902,2,-2
2019-09-20 16:54:07.435,10902,10903,10902,2,-2
2019-09-20 16:54:08.763,10902,10903,10902,1,-1
2019-09-20 16:54:09.376,10902,10903,10902,2,-2
2019-09-20 16:54:10.114,10902,10903,10902,3,-3
2019-09-20 16:54:31.741,10902,10903,10902,1,-1
2019-09-20 16:54:49.578,10902,10903,10902,3,-3
2019-09-20 16:54:52.433,10902,10903,10902,2,-2
2019-09-20 16:54:52.528,10902,10903,10902,2,-2
2019-09-20 16:54:52.529,10902,10903,10902,2,-2
2019-09-20 16:54:52.529,10902,10903,10902,1,-1
2019-09-20 16:54:52.529,10902,10903,10902,2,-2
2019-09-20 16:54:52.529,10902,10903,10902,4,-4
2019-09-20 16:54:52.529,10902,10903,10902,3,-3
2019-09-20 16:54:52.994,10901,10902,10901,2,-2
2019-09-20 16:54:53.025,10901,10902,10901,1,-1
2019-09-20 16:54:53.060,10901,10902,10901,1,-1
2019-09-20 16:54:53.109,10901,10902,10901,6,-6
2019-09-20 16:54:53.358,10901,10902,10901,1,-1
2019-09-20 16:54:53.381,10901,10902,10901,2,-2
2019-09-20 16:54:53.383,10901,10902,10901,1,-1
2019-09-20 16:54:53.402,10901,10902,10901,2,-2
2019-09-20 16:54:53.404,10901,10902,10901,12,-12
2019-09-20 16:54:53.404,10901,10902,10901,8,-8
2019-09-20 16:54:53.406,10901,10902,10902,1,1
2019-09-20 16:54:53.529,10901,10902,10901,2,-2
2019-09-20 16:54:53.529,10901,10902,10901,2,-2
2019-09-20 16:54:53.654,10901,10902,10901,6,-6
2019-09-20 16:54:53.654,10901,10902,10901,1,-1
2019-09-20 16:54:53.654,10901,10902,10901,2,-2
2019-09-20 16:54:53.654,10901,10902,10901,3,-3
2019-09-20 16:54:53.778,10901,10902,10901,5,-5
2019-09-20 16:54:53.779,10901,10902,10901,3,-3
2019-09-20 16:54:54.559,10900,10901,10900,1,-1
2019-09-20 16:54:54.589,10900,10901,10900,2,-2
2019-09-20 16:54:54.805,10900,10901,10900,1,-1
2019-09-20 16:54:54.961,10900,10901,10900,1,-1
2019-09-20 16:54:55.035,10900,10901,10900,6,-6
2019-09-20 16:54:55.063,10900,10901,10900,6,-6
2019-09-20 16:54:56.828,10900,10901,10900,1,-1
2019-09-20 16:54:57.425,10900,10901,10900,1,-1
2019-09-20 16:54:57.688,10900,10901,10900,1,-1
2019-09-20 16:54:58.305,10900,10901,10900,2,-2
2019-09-20 16:54:58.941,10900,10901,10900,1,-1
2019-09-20 16:55:00.795,10900,10901,10900,2,-2
2019-09-20 16:55:01.235,10900,10901,10900,1,-1
2019-09-20 16:55:05.172,10900,10901,10900,2,-2
2019-09-20 16:55:05.277,10900,10901,10900,3,-3
2019-09-20 16:55:05.279,10900,10901,10900,6,-6
2019-09-20 16:55:05.279,10900,10901,10900,2,-2
2019-09-20 16:55:05.279,10900,10901,10900,1,-1
2019-09-20 16:55:05.279,10900,10901,10900,2,-2
2019-09-20 16:55:05.279,10900,10901,10900,3,-3
2019-09-20 16:55:05.734,10899,10900,10899,3,-3
2019-09-20 16:55:05.750,10899,10900,10899,1,-1
2019-09-20 16:55:05.760,10899,10900,10899,1,-1
2019-09-20 16:55:06.323,10899,10900,10899,13,-13
2019-09-20 16:55:06.529,10899,10900,10899,3,-3
2019-09-20 16:55:06.990,10898,10899,10898,1,-1
2019-09-20 16:55:06.994,10898,10899,10898,1,-1
2019-09-20 16:55:07.079,10898,10899,10898,2,-2
2019-09-20 16:55:07.083,10898,10899,10898,1,-1
2019-09-20 16:55:07.084,10898,10899,10898,1,-1
2019-09-20 16:55:07.172,10898,10899,10898,2,-2
2019-09-20 16:55:07.172,10898,10899,10898,1,-1
2019-09-20 16:55:07.208,10898,10899,10898,1,-1
2019-09-20 16:55:07.273,10898,10899,10898,1,-1
2019-09-20 16:55:10.611,10898,10899,10898,2,-2
2019-09-20 16:55:17.861,10898,10899,10898,1,-1
2019-09-20 16:55:18.873,10898,10899,10898,1,-1
2019-09-20 16:55:21.672,10898,10899,10898,1,-1
2019-09-20 16:55:22.864,10898,10899,10898,4,-4
2019-09-20 16:55:27.952,10898,10899,10898,2,-2
2019-09-20 16:55:34.948,10898,10899,10898,3,-3
2019-09-20 16:55:35.560,10898,10899,10898,1,-1
2019-09-20 16:55:40.801,10898,10899,10898,1,-1
2019-09-20 16:55:41.830,10898,10899,10898,1,-1
2019-09-20 16:55:42.258,10898,10899,10898,1,-1
2019-09-20 16:55:43.113,10898,10899,10898,5,-5
2019-09-20 16:55:43.844,10898,10899,10898,5,-5
2019-09-20 16:55:46.585,10898,10899,10898,3,-3
2019-09-20 16:55:49.114,10898,10899,10898,2,-2
2019-09-20 16:55:50.404,10898,10899,10898,1,-1
2019-09-20 16:55:50.771,10897,10899,10898,4,-4
2019-09-20 16:55:51.026,10897,10898,10897,1,-1
2019-09-20 16:55:51.055,10897,10898,10897,1,-1
2019-09-20 16:55:51.152,10897,10898,10897,1,-1
2019-09-20 16:55:53.752,10897,10898,10898,1,1
2019-09-20 16:55:59.409,10897,10898,10898,6,6
2019-09-20 16:55:59.628,10897,10898,10897,1,-1
2019-09-20 16:56:00.454,10897,10898,10898,1,1
2019-09-20 16:56:02.327,10897,10898,10898,1,1
2019-09-20 16:56:03.358,10897,10898,10898,2,2
2019-09-20 16:56:03.404,10897,10898,10898,1,1
2019-09-20 16:56:03.596,10898,10899,10898,1,-1
2019-09-20 16:56:03.787,10898,10899,10898,1,-1
2019-09-20 16:56:11.812,10898,10899,10899,3,3
2019-09-20 16:56:23.582,10899,10900,10900,1,1
2019-09-20 16:56:26.780,10899,10901,10899,1,-1
2019-09-20 16:56:33.357,10900,10901,10900,5,5
2019-09-20 16:56:39.756,10900,10901,10900,1,-1
2019-09-20 16:56:49.786,10900,10901,10900,1,-1
2019-09-20 16:56:57.601,10899,10900,10900,1,1
2019-09-20 16:57:12.780,10899,10900,10899,1,-1
2019-09-20 16:57:24.223,10899,10900,10899,4,-4
2019-09-20 16:57:29.419,10899,10900,10899,1,-1
2019-09-20 16:57:30.300,10899,10900,10899,2,-2
2019-09-20 16:57:35.768,10898,10899,10898,1,-1
2019-09-20 16:57:49.225,10898,10899,10898,1,-1
2019-09-20 16:57:53.061,10898,10899,10898,5,-5
2019-09-20 16:57:58.702,10898,10899,10898,1,-1
2019-09-20 16:58:01.411,10898,10899,10898,1,-1
2019-09-20 16:58:04.264,10898,10899,10898,2,-2
2019-09-20 16:58:04.683,10898,10899,10898,1,-1
2019-09-20 16:58:05.448,10898,10899,10898,1,-1
2019-09-20 16:58:10.046,10898,10899,10898,2,-2
2019-09-20 16:58:12.560,10898,10899,10899,1,1
2019-09-20 16:58:17.645,10898,10899,10899,1,1
2019-09-20 16:58:18.904,10899,10900,10899,1,-1
2019-09-20 16:58:19.036,10898,10899,10899,1,1
2019-09-20 16:58:21.911,10898,10900,10898,1,-1
2019-09-20 16:58:22.654,10899,10900,10899,1,1
2019-09-20 16:58:25.327,10898,10899,10899,2,2
2019-09-20 16:58:25.391,10898,10899,10899,1,1
2019-09-20 16:58:25.529,10899,10900,10899,4,-4
2019-09-20 16:58:25.654,10899,10900,10899,2,-2
2019-09-20 16:58:26.654,10899,10900,10899,1,-1
2019-09-20 16:58:26.779,10899,10900,10899,1,-1
2019-09-20 16:58:27.529,10899,10900,10899,2,-2
2019-09-20 16:58:27.654,10899,10900,10899,2,-2
2019-09-20 16:58:27.824,10899,10900,10898,1,-1
2019-09-20 16:58:41.842,10899,10900,10899,1,1
2019-09-20 16:58:42.078,10899,10900,10899,2,-2
2019-09-20 16:58:44.765,10899,10900,10899,1,-1
2019-09-20 16:58:48.309,10899,10900,10899,1,-1
2019-09-20 16:58:53.312,10899,10900,10900,3,3
2019-09-20 16:59:07.767,10899,10900,10899,1,-1
2019-09-20 16:59:12.784,10899,10900,10899,2,-2
2019-09-20 16:59:20.759,10899,10900,10899,2,-2
2019-09-20 16:59:25.367,10899,10900,10899,2,-2
2019-09-20 16:59:30.759,10899,10900,10899,1,-1
2019-09-20 16:59:33.098,10899,10900,10899,1,-1
2019-09-20 16:59:33.127,10899,10900,10899,1,-1
2019-09-20 16:59:33.522,10898,10899,10898,1,-1
2019-09-20 16:59:45.128,10898,10899,10899,1,1
2019-09-20 16:59:53.705,10898,10899,10898,1,-1
2019-09-20 16:59:58.335,10898,10899,10898,1,-1
2019-09-20 17:00:00.827,10898,10899,10899,2,2
2019-09-20 17:00:13.276,10898,10899,10899,1,1
2019-09-20 17:00:13.849,10898,10899,10898,1,-1
2019-09-20 17:00:13.861,10898,10899,10898,1,-1
2019-09-20 17:00:13.903,10898,10899,10898,2,-2
2019-09-20 17:00:14.115,10898,10899,10898,2,-2
2019-09-20 17:00:14.303,10898,10899,10898,2,-2
2019-09-20 17:00:14.503,10898,10899,10898,2,-2
2019-09-20 17:00:14.508,10898,10899,10898,1,-1
2019-09-20 17:00:14.704,10898,10899,10898,20,-20
2019-09-20 17:00:14.908,10898,10899,10898,2,-2
2019-09-20 17:00:15.107,10898,10899,10898,2,-2
2019-09-20 17:00:15.184,10898,10899,10898,2,-2
2019-09-20 17:00:15.192,10898,10899,10898,2,-2
2019-09-20 17:00:15.204,10898,10899,10898,4,-4
2019-09-20 17:00:15.219,10898,10899,10898,2,-2
2019-09-20 17:00:15.230,10898,10899,10898,1,-1
2019-09-20 17:00:15.230,10898,10899,10897,1,-1
2019-09-20 17:00:15.248,10898,10899,10897,4,-4
2019-09-20 17:00:16.708,10897,10898,10897,1,-1
2019-09-20 17:00:17.762,10897,10898,10897,1,-1
2019-09-20 17:00:21.556,10897,10898,10897,1,-1
2019-09-20 17:00:29.301,10897,10898,10897,1,-1
2019-09-20 17:00:35.745,10897,10898,10898,1,1
2019-09-20 17:00:39.808,10897,10898,10897,1,-1
2019-09-20 17:00:42.087,10897,10898,10897,1,-1
2019-09-20 17:00:43.791,10897,10898,10897,1,-1
2019-09-20 17:00:59.331,10897,10898,10898,1,1
2019-09-20 17:01:00.282,10898,10899,10898,1,-1
2019-09-20 17:01:00.282,10898,10899,10897,7,-7
2019-09-20 17:01:02.777,10897,10898,10897,1,-1
2019-09-20 17:01:04.007,10897,10898,10898,1,1
2019-09-20 17:01:04.335,10897,10899,10898,1,-1
2019-09-20 17:01:05.240,10897,10899,10899,1,1
2019-09-20 17:01:05.656,10897,10899,10899,1,1
2019-09-20 17:01:06.074,10897,10899,10899,1,1
2019-09-20 17:01:09.325,10897,10899,10897,2,-2
2019-09-20 17:01:11.297,10897,10898,10898,1,1
2019-09-20 17:01:25.761,10897,10898,10897,1,-1
2019-09-20 17:01:35.164,10897,10898,10898,1,1
2019-09-20 17:01:48.443,10897,10898,10898,1,1
2019-09-20 17:01:48.711,10897,10898,10897,1,-1
2019-09-20 17:01:50.288,10897,10898,10897,1,-1
2019-09-20 17:01:56.970,10897,10898,10898,2,2
2019-09-20 17:01:56.970,10897,10898,10898,2,2
2019-09-20 17:01:57.739,10898,10899,10898,3,-3
2019-09-20 17:02:00.020,10898,10899,10898,1,-1
2019-09-20 17:02:11.785,10898,10899,10898,1,-1
2019-09-20 17:02:21.195,10898,10899,10898,2,-2
2019-09-20 17:02:23.761,10898,10899,10898,8,-8
2019-09-20 17:02:26.303,10897,10898,10897,2,-2
2019-09-20 17:02:34.785,10897,10898,10897,1,-1
2019-09-20 17:02:54.322,10897,10898,10898,1,1
2019-09-20 17:02:55.485,10897,10898,10898,1,1
2019-09-20 17:02:57.731,10897,10898,10897,1,-1
2019-09-20 17:03:05.606,10897,10898,10897,3,-3
2019-09-20 17:03:14.258,10897,10898,10898,1,1
2019-09-20 17:03:48.630,10898,10899,10898,2,-2
2019-09-20 17:03:49.144,10898,10899,10899,1,1
2019-09-20 17:03:52.201,10898,10899,10898,1,-1
2019-09-20 17:04:29.471,10898,10899,10898,1,-1
2019-09-20 17:05:16.484,10898,10899,10899,1,1
2019-09-20 17:05:16.916,10898,10899,10898,8,-8
2019-09-20 17:05:30.407,10898,10899,10899,5,5
2019-09-20 17:05:31.314,10898,10899,10898,1,-1
2019-09-20 17:05:51.029,10898,10899,10899,1,1
2019-09-20 17:06:01.634,10898,10899,10899,1,1
2019-09-20 17:06:02.487,10898,10899,10899,1,1
2019-09-20 17:06:25.500,10899,10900,10899,1,-1
2019-09-20 17:06:27.249,10899,10900,10900,1,1
2019-09-20 17:06:35.392,10899,10900,10900,1,1
2019-09-20 17:06:41.628,10899,10900,10900,1,1
2019-09-20 17:06:45.818,10899,10900,10900,1,1
2019-09-20 17:06:51.731,10899,10900,10900,1,1
2019-09-20 17:06:56.318,10899,10900,10900,1,1
2019-09-20 17:06:56.318,10899,10900,10900,1,1
2019-09-20 17:06:56.400,10899,10900,10900,1,1
2019-09-20 17:06:56.401,10899,10900,10900,1,1
2019-09-20 17:06:56.401,10899,10900,10900,1,1
2019-09-20 17:06:56.564,10899,10900,10900,1,1
2019-09-20 17:06:56.790,10899,10900,10900,1,1
2019-09-20 17:07:00.688,10900,10901,10900,1,-1
2019-09-20 17:07:59.024,10900,10901,10900,1,-1
2019-09-20 17:08:48.080,10900,10901,10901,1,1
2019-09-20 17:09:05.207,10900,10901,10901,1,1
2019-09-20 17:09:05.227,10900,10901,10901,1,1
2019-09-20 17:09:05.279,10900,10901,10901,11,11
2019-09-20 17:09:15.522,10901,10902,10902,1,1
2019-09-20 17:09:18.363,10901,10902,10902,1,1
2019-09-20 17:09:20.800,10901,10902,10902,1,1
2019-09-20 17:09:22.239,10901,10902,10902,1,1
2019-09-20 17:09:23.334,10901,10902,10902,3,3
2019-09-20 17:09:23.396,10901,10902,10902,1,1
2019-09-20 17:09:23.555,10901,10902,10902,1,1
2019-09-20 17:09:24.309,10901,10903,10903,1,1
2019-09-20 17:09:30.825,10901,10903,10903,1,1
2019-09-20 17:09:36.713,10902,10903,10902,10,-10
2019-09-20 17:09:37.020,10901,10902,10902,1,1
2019-09-20 17:09:37.549,10901,10902,10902,1,1
2019-09-20 17:09:39.098,10901,10902,10902,1,1
2019-09-20 17:09:43.865,10901,10902,10901,3,-3
2019-09-20 17:09:51.353,10901,10902,10901,1,-1
2019-09-20 17:09:52.490,10901,10902,10902,1,1
2019-09-20 17:10:08.648,10901,10902,10902,1,1
2019-09-20 17:10:09.103,10901,10902,10902,1,1
2019-09-20 17:10:09.105,10901,10902,10902,8,8
2019-09-20 17:10:09.108,10901,10902,10902,1,1
2019-09-20 17:10:17.253,10901,10902,10902,1,1
2019-09-20 17:10:17.466,10901,10902,10902,1,1
2019-09-20 17:10:20.289,10901,10902,10901,2,-2
2019-09-20 17:10:20.317,10901,10902,10901,1,-1
2019-09-20 17:10:20.943,10901,10902,10902,1,1
2019-09-20 17:10:38.811,10901,10902,10902,1,1
2019-09-20 17:10:49.746,10901,10902,10902,2,2
2019-09-20 17:10:49.788,10901,10902,10902,3,3
2019-09-20 17:10:55.315,10902,10903,10902,1,-1
2019-09-20 17:10:57.064,10902,10903,10902,1,-1
2019-09-20 17:11:00.619,10902,10903,10902,1,-1
2019-09-20 17:11:02.886,10901,10902,10902,2,2
2019-09-20 17:11:09.045,10901,10902,10902,1,1
2019-09-20 17:12:04.542,10901,10902,10901,1,-1
2019-09-20 17:12:04.542,10901,10902,10901,4,-4
2019-09-20 17:12:04.543,10901,10902,10901,1,-1
2019-09-20 17:12:08.372,10900,10901,10901,1,1
2019-09-20 17:12:32.568,10900,10901,10901,3,3
2019-09-20 17:13:30.895,10900,10901,10900,1,-1
2019-09-20 17:13:31.647,10900,10901,10900,1,-1
2019-09-20 17:14:00.697,10900,10901,10901,1,1
2019-09-20 17:14:15.737,10900,10901,10901,4,4
2019-09-20 17:14:36.910,10900,10901,10901,1,1
2019-09-20 17:14:55.984,10900,10901,10901,2,2
2019-09-20 17:15:48.914,10900,10901,10901,1,1
2019-09-20 17:15:49.406,10900,10901,10901,2,2
2019-09-20 17:15:50.698,10900,10901,10900,1,-1
2019-09-20 17:15:51.057,10900,10901,10900,2,-2
2019-09-20 17:15:51.068,10900,10901,10900,1,-1
2019-09-20 17:15:51.249,10900,10901,10900,1,-1
2019-09-20 17:15:51.277,10900,10901,10900,2,-2
2019-09-20 17:15:51.373,10900,10901,10900,1,-1
2019-09-20 17:15:51.513,10900,10901,10900,2,-2
2019-09-20 17:15:52.495,10900,10901,10900,1,-1
2019-09-20 17:15:52.809,10900,10901,10900,1,-1
2019-09-20 17:15:57.749,10899,10900,10900,1,1
2019-09-20 17:15:57.982,10900,10901,10900,2,-2
2019-09-20 17:16:00.642,10900,10901,10900,1,-1
2019-09-20 17:16:14.534,10900,10901,10901,1,1
2019-09-20 17:16:14.654,10900,10901,10901,4,4
2019-09-20 17:16:20.460,10901,10902,10901,1,-1
2019-09-20 17:16:28.104,10901,10902,10901,1,-1
2019-09-20 17:16:42.163,10901,10902,10901,1,-1
2019-09-20 17:17:03.153,10901,10902,10902,7,7
2019-09-20 17:17:03.278,10901,10902,10902,6,6
2019-09-20 17:17:24.406,10902,10903,10902,1,-1
2019-09-20 17:18:14.786,10902,10903,10902,1,-1
2019-09-20 17:18:14.786,10902,10903,10902,4,-4
2019-09-20 17:18:14.786,10902,10903,10902,2,-2
2019-09-20 17:18:14.786,10902,10903,10902,2,-2
2019-09-20 17:18:25.419,10901,10902,10901,10,-10
2019-09-20 17:18:34.382,10900,10901,10901,2,2
2019-09-20 17:18:44.000,10900,10901,10900,1,-1
2019-09-20 17:18:47.497,10900,10901,10900,1,-1
2019-09-20 17:21:13.980,10900,10901,10901,2,2
2019-09-20 17:21:14.521,10900,10901,10900,1,-1
2019-09-20 17:21:20.399,10900,10901,10901,2,2
2019-09-20 17:22:17.968,10900,10901,10901,1,1
2019-09-20 17:22:26.036,10900,10901,10901,1,1
2019-09-20 17:22:47.045,10900,10901,10901,1,1
2019-09-20 17:22:47.279,10900,10901,10901,1,1
2019-09-20 17:22:50.538,10901,10902,10901,1,-1
2019-09-20 17:23:16.399,10901,10902,10901,1,-1
2019-09-20 17:23:58.088,10901,10902,10902,3,3
2019-09-20 17:23:59.115,10901,10902,10902,1,1
2019-09-20 17:24:06.386,10902,10903,10902,1,-1
2019-09-20 17:24:06.620,10901,10902,10902,1,1
2019-09-20 17:24:08.631,10902,10903,10902,1,-1
2019-09-20 17:24:16.610,10902,10903,10903,1,1
2019-09-20 17:25:28.926,10902,10903,10903,2,2
2019-09-20 17:25:29.504,10902,10903,10903,1,1
2019-09-20 17:25:36.527,10902,10903,10903,1,1
2019-09-20 17:25:44.776,10902,10903,10902,2,-2
2019-09-20 17:25:44.777,10902,10903,10902,2,-2
2019-09-20 17:25:44.778,10902,10903,10902,7,-7
2019-09-20 17:25:44.779,10902,10903,10902,1,-1
2019-09-20 17:25:44.779,10902,10903,10902,1,-1
2019-09-20 17:25:44.779,10902,10903,10902,5,-5
2019-09-20 17:25:45.011,10901,10902,10902,2,2
2019-09-20 17:26:26.664,10901,10902,10901,1,-1
2019-09-20 17:26:26.664,10901,10902,10901,2,-2
2019-09-20 17:26:26.664,10901,10902,10901,1,-1
2019-09-20 17:29:27.154,10901,10902,10902,4,4
2019-09-20 17:29:27.154,10901,10902,10902,2,2
2019-09-20 17:29:33.160,10902,10903,10902,1,-1
2019-09-20 17:31:17.612,10902,10903,10902,9,-9
2019-09-20 17:31:18.004,10902,10903,10902,1,-1
2019-09-20 17:31:18.004,10902,10903,10901,1,-1
2019-09-20 17:31:33.175,10902,10903,10902,2,2
2019-09-20 17:31:33.175,10902,10903,10901,3,-3
2019-09-20 17:32:22.410,10902,10903,10902,1,1
2019-09-20 17:32:34.217,10902,10903,10903,3,3
2019-09-20 17:33:01.286,10902,10903,10903,25,25
2019-09-20 17:33:10.010,10903,10904,10904,1,1
2019-09-20 17:33:17.432,10903,10904,10903,3,-3
2019-09-20 17:34:01.180,10903,10904,10903,1,-1
2019-09-20 17:34:12.162,10902,10903,10903,1,1
2019-09-20 17:34:40.803,10902,10903,10903,1,1
2019-09-20 17:35:24.407,10902,10903,10903,2,2
2019-09-20 17:35:34.067,10902,10903,10903,1,1
2019-09-20 17:35:36.096,10902,10903,10903,2,2
2019-09-20 17:35:36.559,10902,10903,10903,2,2
2019-09-20 17:35:48.502,10902,10903,10903,1,1
2019-09-20 17:35:53.939,10902,10903,10903,1,1
2019-09-20 17:36:05.775,10902,10903,10903,1,1
2019-09-20 17:36:51.327,10903,10904,10904,1,1
2019-09-20 17:37:10.018,10903,10904,10904,1,1
2019-09-20 17:38:07.804,10903,10904,10903,2,-2
2019-09-20 17:38:41.199,10903,10904,10904,10,10
2019-09-20 17:38:47.764,10903,10904,10904,1,1
2019-09-20 17:39:18.945,10904,10905,10905,1,1
2019-09-20 17:39:19.055,10904,10905,10905,1,1
2019-09-20 17:39:19.055,10904,10905,10905,1,1
2019-09-20 17:39:33.898,10904,10905,10905,5,5
2019-09-20 17:39:41.202,10904,10905,10905,1,1
2019-09-20 17:39:45.357,10904,10905,10904,1,-1
2019-09-20 17:40:10.741,10904,10905,10905,1,1
2019-09-20 17:40:11.907,10904,10905,10905,24,24
2019-09-20 17:40:28.207,10905,10906,10905,1,-1
2019-09-20 17:40:32.193,10905,10906,10905,5,-5
2019-09-20 17:40:35.216,10904,10905,10905,1,1
2019-09-20 17:40:35.766,10905,10906,10905,2,-2
2019-09-20 17:40:53.695,10905,10906,10905,4,-4
2019-09-20 17:41:04.128,10905,10906,10905,1,-1
2019-09-20 17:41:19.465,10905,10906,10905,1,-1
2019-09-20 17:41:29.959,10905,10906,10905,3,-3
2019-09-20 17:41:46.793,10905,10906,10905,1,-1
2019-09-20 17:41:53.895,10905,10906,10905,3,-3
2019-09-20 17:42:12.847,10904,10905,10905,1,1
2019-09-20 17:42:20.695,10904,10905,10905,1,1
2019-09-20 17:42:36.206,10904,10905,10905,7,7
2019-09-20 17:42:36.207,10904,10905,10905,2,2
2019-09-20 17:42:40.819,10905,10906,10905,1,-1
2019-09-20 17:43:13.416,10905,10906,10905,1,-1
2019-09-20 17:43:20.458,10905,10906,10905,1,-1
2019-09-20 17:43:22.434,10905,10906,10905,2,-2
2019-09-20 17:43:22.434,10905,10906,10905,4,-4
2019-09-20 17:43:22.434,10905,10906,10905,2,-2
2019-09-20 17:43:31.963,10904,10905,10904,7,-7
2019-09-20 17:43:31.963,10904,10905,10904,4,-4
2019-09-20 17:43:39.521,10903,10904,10904,1,1
2019-09-20 17:43:47.816,10903,10905,10905,1,1
2019-09-20 17:43:56.706,10903,10905,10905,10,10
2019-09-20 17:44:15.150,10904,10905,10904,4,-4
2019-09-20 17:44:17.083,10904,10905,10905,5,5
2019-09-20 17:44:22.822,10904,10905,10905,2,2
2019-09-20 17:44:41.689,10904,10905,10904,10,-10
2019-09-20 17:44:51.023,10904,10905,10904,8,-8
2019-09-20 17:45:01.749,10903,10904,10904,3,3
2019-09-20 17:45:01.749,10903,10904,10904,1,1
2019-09-20 17:45:02.021,10904,10905,10904,1,-1
2019-09-20 17:45:02.032,10903,10905,10903,1,-1
2019-09-20 17:45:02.101,10903,10905,10903,8,-8
2019-09-20 17:45:02.156,10903,10905,10903,2,-2
2019-09-20 17:45:29.136,10904,10905,10904,1,1
2019-09-20 17:45:35.121,10903,10904,10904,3,3
2019-09-20 17:45:46.613,10903,10904,10904,1,1
2019-09-20 17:47:28.139,10904,10905,10904,4,-4
2019-09-20 17:47:28.191,10904,10905,10905,1,1
2019-09-20 17:47:51.665,10904,10905,10904,5,-5
2019-09-20 17:47:51.665,10904,10905,10904,2,-2
2019-09-20 17:47:51.665,10904,10905,10904,1,-1
2019-09-20 17:47:51.665,10904,10905,10904,3,-3
2019-09-20 17:48:30.558,10903,10904,10903,1,-1
2019-09-20 17:48:34.129,10903,10904,10903,14,-14
2019-09-20 17:48:48.527,10902,10903,10902,1,-1
2019-09-20 17:49:12.895,10902,10903,10903,5,5
2019-09-20 17:49:12.904,10902,10903,10903,2,2
2019-09-20 17:49:26.945,10903,10904,10903,2,-2
2019-09-20 17:49:44.790,10902,10903,10903,1,1
2019-09-20 17:50:03.223,10902,10903,10903,2,2
2019-09-20 17:50:03.603,10903,10904,10903,4,-4
2019-09-20 17:50:07.089,10902,10903,10903,1,1
2019-09-20 17:50:33.731,10903,10904,10904,2,2
2019-09-20 17:50:45.646,10904,10905,10904,2,-2
2019-09-20 17:51:03.289,10904,10905,10904,6,-6
2019-09-20 17:51:03.289,10904,10905,10904,2,-2
2019-09-20 17:51:03.404,10904,10905,10904,2,-2
2019-09-20 17:51:03.404,10904,10905,10904,1,-1
2019-09-20 17:51:35.651,10903,10904,10903,1,-1
2019-09-20 17:51:58.645,10903,10904,10904,6,6
2019-09-20 17:52:35.015,10903,10904,10904,1,1
2019-09-20 17:52:44.766,10904,10905,10904,1,-1
2019-09-20 17:53:05.030,10904,10905,10905,2,2
2019-09-20 17:53:16.709,10904,10905,10905,5,5
2019-09-20 17:53:26.238,10904,10905,10905,14,14
2019-09-20 17:53:41.749,10905,10906,10906,3,3
2019-09-20 17:53:42.426,10905,10906,10906,1,1
2019-09-20 17:53:42.506,10905,10906,10905,2,-2
2019-09-20 17:53:42.556,10904,10906,10905,3,-3
2019-09-20 17:53:43.855,10905,10906,10906,1,1
2019-09-20 17:54:57.048,10905,10906,10905,2,-2
2019-09-20 17:55:23.262,10904,10906,10905,5,-5
2019-09-20 17:55:49.302,10904,10905,10905,2,2
2019-09-20 17:56:06.258,10904,10905,10904,1,-1
2019-09-20 17:56:11.979,10904,10905,10904,1,-1
2019-09-20 17:56:48.456,10904,10905,10905,5,5
2019-09-20 17:56:48.456,10904,10905,10905,2,2
2019-09-20 17:56:48.458,10904,10905,10905,1,1
2019-09-20 17:57:00.284,10905,10906,10905,1,-1
2019-09-20 17:57:36.749,10905,10906,10905,2,-2
2019-09-20 17:57:37.111,10905,10906,10906,1,1
2019-09-20 17:57:37.123,10905,10906,10906,1,1
2019-09-20 17:57:37.263,10905,10906,10906,2,2
2019-09-20 17:57:41.802,10905,10906,10906,20,20
2019-09-20 17:57:45.202,10905,10906,10906,6,6
2019-09-20 17:57:45.479,10905,10906,10906,6,6
2019-09-20 17:57:45.905,10906,10907,10906,1,-1
2019-09-20 17:57:45.930,10906,10907,10906,1,-1
2019-09-20 17:57:46.184,10905,10906,10906,1,1
2019-09-20 17:58:09.958,10905,10906,10906,1,1
2019-09-20 17:58:19.107,10905,10906,10906,3,3
2019-09-20 17:58:42.096,10905,10906,10906,1,1
2019-09-20 17:59:06.071,10905,10906,10905,1,-1
2019-09-20 17:59:17.060,10905,10906,10905,1,-1
2019-09-20 17:59:36.117,10905,10906,10906,1,1
2019-09-20 17:59:36.837,10905,10906,10906,1,1
2019-09-20 17:59:51.967,10905,10906,10906,1,1
2019-09-20 18:00:09.438,10905,10906,10906,2,2
2019-09-20 18:00:09.826,10905,10906,10905,1,-1
2019-09-20 18:00:09.826,10905,10906,10905,1,-1
2019-09-20 18:00:40.924,10905,10906,10905,2,-2
2019-09-20 18:00:44.249,10905,10906,10905,2,-2
2019-09-20 18:01:09.212,10905,10906,10905,1,-1
2019-09-20 18:01:34.459,10905,10906,10905,1,-1
2019-09-20 18:01:54.562,10905,10906,10906,10,10
2019-09-20 18:02:19.755,10906,10907,10906,1,-1
2019-09-20 18:02:19.815,10906,10907,10907,26,26
2019-09-20 18:02:19.815,10906,10907,10907,1,1
2019-09-20 18:02:19.815,10906,10907,10907,1,1
2019-09-20 18:02:19.816,10906,10907,10907,1,1
2019-09-20 18:02:19.817,10906,10907,10907,1,1
2019-09-20 18:02:19.817,10906,10907,10907,2,2
2019-09-20 18:02:19.863,10906,10907,10907,4,4
2019-09-20 18:02:19.863,10906,10907,10907,1,1
2019-09-20 18:02:19.863,10906,10907,10907,1,1
2019-09-20 18:02:19.863,10906,10907,10907,6,6
2019-09-20 18:02:20.071,10907,10908,10908,1,1
2019-09-20 18:02:20.257,10907,10908,10908,1,1
2019-09-20 18:02:39.351,10906,10907,10907,3,3
2019-09-20 18:02:53.014,10906,10907,10907,1,1
2019-09-20 18:03:07.845,10906,10907,10907,1,1
2019-09-20 18:03:51.406,10906,10907,10906,1,-1
2019-09-20 18:04:05.084,10906,10907,10906,1,-1
2019-09-20 18:04:08.530,10906,10907,10906,15,-15
2019-09-20 18:04:10.680,10905,10906,10906,1,1
2019-09-20 18:04:11.157,10905,10906,10905,1,-1
2019-09-20 18:04:37.809,10905,10906,10906,1,1
2019-09-20 18:05:21.875,10905,10906,10906,1,1
2019-09-20 18:05:41.472,10906,10907,10906,1,-1
2019-09-20 18:06:02.534,10906,10907,10906,3,-3
2019-09-20 18:06:20.427,10906,10907,10906,1,-1
2019-09-20 18:06:26.207,10906,10907,10907,4,4
2019-09-20 18:06:26.280,10906,10907,10907,3,3
2019-09-20 18:06:38.279,10907,10908,10907,1,-1
2019-09-20 18:06:47.718,10907,10908,10907,1,-1
2019-09-20 18:06:51.394,10907,10908,10907,2,-2
2019-09-20 18:07:00.515,10907,10908,10907,1,-1
2019-09-20 18:07:01.748,10907,10908,10908,18,18
2019-09-20 18:07:01.749,10907,10908,10908,1,1
2019-09-20 18:07:01.779,10907,10908,10908,4,4
2019-09-20 18:07:01.779,10907,10908,10908,2,2
2019-09-20 18:07:01.779,10907,10908,10908,3,3
2019-09-20 18:07:01.779,10907,10908,10908,1,1
2019-09-20 18:07:01.791,10907,10908,10908,2,2
2019-09-20 18:07:01.847,10907,10908,10908,1,1
2019-09-20 18:07:01.904,10907,10908,10908,4,4
2019-09-20 18:07:10.621,10907,10908,10907,1,-1
2019-09-20 18:07:10.970,10907,10908,10907,1,-1
2019-09-20 18:07:10.972,10907,10908,10907,1,-1
2019-09-20 18:07:10.972,10907,10908,10907,1,-1
2019-09-20 18:07:11.029,10907,10908,10907,1,-1
2019-09-20 18:07:33.018,10907,10908,10907,1,-1
2019-09-20 18:08:00.813,10907,10908,10908,1,1
2019-09-20 18:08:39.502,10907,10908,10908,20,20
2019-09-20 18:08:39.503,10907,10908,10908,2,2
2019-09-20 18:08:44.859,10907,10908,10907,1,-1
2019-09-20 18:08:54.507,10907,10908,10908,1,1
2019-09-20 18:09:16.544,10907,10908,10908,1,1
2019-09-20 18:09:16.903,10907,10908,10908,1,1
2019-09-20 18:09:26.293,10907,10908,10908,2,2
2019-09-20 18:09:34.125,10907,10908,10908,1,1
2019-09-20 18:09:51.735,10908,10909,10908,1,-1
2019-09-20 18:10:06.947,10908,10909,10908,1,-1
2019-09-20 18:10:07.433,10908,10909,10909,1,1
2019-09-20 18:10:15.566,10908,10909,10908,6,-6
2019-09-20 18:10:15.567,10908,10909,10908,1,-1
2019-09-20 18:10:15.567,10908,10909,10908,1,-1
2019-09-20 18:10:18.616,10907,10908,10908,2,2
2019-09-20 18:10:22.969,10907,10908,10907,1,-1
2019-09-20 18:10:55.199,10907,10908,10908,12,12
2019-09-20 18:10:55.199,10907,10908,10909,3,3
2019-09-20 18:11:00.038,10908,10909,10908,1,-1
2019-09-20 18:11:10.131,10908,10909,10909,5,5
2019-09-20 18:11:11.528,10908,10909,10909,36,36
2019-09-20 18:11:18.277,10909,10910,10909,1,-1
2019-09-20 18:11:19.784,10909,10910,10909,3,-3
2019-09-20 18:11:24.512,10908,10909,10909,1,1
2019-09-20 18:11:30.844,10908,10909,10908,1,-1
2019-09-20 18:11:45.834,10908,10909,10909,4,4
2019-09-20 18:11:55.235,10908,10909,10909,10,10
2019-09-20 18:12:10.613,10908,10909,10908,5,-5
2019-09-20 18:12:12.101,10908,10909,10909,1,1
2019-09-20 18:12:20.389,10908,10909,10909,2,2
2019-09-20 18:12:43.393,10908,10909,10909,10,10
2019-09-20 18:12:47.601,10908,10909,10909,1,1
2019-09-20 18:12:58.172,10908,10909,10909,1,1
2019-09-20 18:13:05.575,10908,10909,10909,10,10
2019-09-20 18:13:05.976,10908,10909,10909,1,1
2019-09-20 18:13:05.991,10908,10909,10909,1,1
2019-09-20 18:13:06.354,10908,10909,10909,1,1
2019-09-20 18:13:06.399,10908,10909,10909,1,1
2019-09-20 18:13:06.399,10908,10909,10910,1,1
2019-09-20 18:13:06.446,10908,10910,10910,1,1
2019-09-20 18:13:06.681,10908,10910,10910,1,1
2019-09-20 18:13:06.725,10908,10910,10910,1,1
2019-09-20 18:13:06.881,10908,10910,10910,1,1
2019-09-20 18:13:07.315,10909,10910,10910,5,5
2019-09-20 18:13:07.320,10909,10910,10910,1,1
2019-09-20 18:13:09.153,10909,10910,10910,1,1
2019-09-20 18:13:09.433,10909,10910,10910,1,1
2019-09-20 18:13:13.583,10909,10910,10910,1,1
2019-09-20 18:13:23.428,10909,10910,10909,3,-3
2019-09-20 18:13:25.913,10909,10910,10909,9,-9
2019-09-20 18:13:36.065,10908,10909,10909,2,2
2019-09-20 18:13:53.537,10909,10910,10910,1,1
2019-09-20 18:13:54.101,10909,10910,10910,5,5
2019-09-20 18:13:54.137,10909,10910,10910,37,37
2019-09-20 18:13:54.759,10910,10911,10910,1,-1
2019-09-20 18:13:55.232,10910,10911,10910,7,-7
2019-09-20 18:13:56.608,10909,10910,10909,1,-1
2019-09-20 18:13:57.836,10909,10910,10910,2,2
2019-09-20 18:13:57.940,10910,10911,10910,1,-1
2019-09-20 18:14:00.839,10910,10911,10910,1,-1
2019-09-20 18:14:02.851,10910,10911,10911,10,10
2019-09-20 18:14:02.952,10910,10911,10911,1,1
2019-09-20 18:14:03.193,10910,10911,10911,1,1
2019-09-20 18:14:07.148,10910,10911,10911,2,2
2019-09-20 18:14:08.344,10910,10911,10910,1,-1
2019-09-20 18:14:15.312,10910,10911,10911,3,3
2019-09-20 18:14:23.403,10910,10911,10911,28,28
2019-09-20 18:14:26.391,10911,10912,10911,1,-1
2019-09-20 18:14:27.259,10911,10912,10912,1,1
2019-09-20 18:14:27.300,10911,10912,10912,1,1
2019-09-20 18:14:28.535,10911,10912,10911,1,-1
2019-09-20 18:14:28.731,10911,10912,10912,1,1
2019-09-20 18:14:31.437,10911,10912,10912,1,1
2019-09-20 18:14:32.935,10911,10912,10912,5,5
2019-09-20 18:14:34.092,10911,10912,10911,1,-1
2019-09-20 18:14:34.324,10911,10912,10912,1,1
2019-09-20 18:14:34.346,10911,10912,10912,1,1
2019-09-20 18:14:40.996,10911,10912,10912,1,1
2019-09-20 18:14:43.186,10911,10912,10911,1,-1
2019-09-20 18:14:43.453,10911,10912,10912,2,2
2019-09-20 18:14:52.072,10911,10912,10912,1,1
2019-09-20 18:14:55.552,10911,10912,10912,2,2
2019-09-20 18:15:04.192,10911,10912,10911,2,-2
2019-09-20 18:15:04.279,10911,10912,10911,1,-1
2019-09-20 18:15:04.384,10911,10912,10911,1,-1
2019-09-20 18:15:04.619,10910,10911,10910,2,-2
2019-09-20 18:15:04.633,10910,10911,10910,3,-3
2019-09-20 18:15:04.664,10910,10911,10910,2,-2
2019-09-20 18:15:04.665,10910,10911,10910,4,-4
2019-09-20 18:15:04.684,10910,10911,10910,5,-5
2019-09-20 18:15:04.686,10910,10911,10910,5,-5
2019-09-20 18:15:04.686,10910,10911,10910,2,-2
2019-09-20 18:15:04.686,10910,10911,10910,1,-1
2019-09-20 18:15:04.696,10910,10911,10911,1,1
2019-09-20 18:15:04.725,10910,10911,10909,2,-2
2019-09-20 18:15:04.779,10909,10910,10910,1,1
2019-09-20 18:15:04.779,10909,10910,10910,2,2
2019-09-20 18:15:04.779,10909,10910,10910,4,4
2019-09-20 18:15:04.780,10909,10910,10910,3,3
2019-09-20 18:15:04.903,10909,10910,10911,1,1
2019-09-20 18:15:05.007,10910,10911,10911,1,1
2019-09-20 18:15:05.913,10909,10911,10911,1,1
2019-09-20 18:15:10.436,10910,10911,10911,2,2
2019-09-20 18:15:25.723,10910,10911,10910,1,-1
2019-09-20 18:15:36.771,10910,10911,10911,35,35
2019-09-20 18:15:36.771,10910,10911,10911,1,1
2019-09-20 18:15:36.772,10910,10911,10911,1,1
2019-09-20 18:15:47.755,10911,10912,10911,1,-1
2019-09-20 18:15:48.094,10911,10912,10911,1,-1
2019-09-20 18:15:51.804,10911,10912,10911,2,-2
2019-09-20 18:15:51.903,10911,10912,10911,3,-3
2019-09-20 18:15:52.070,10911,10912,10911,4,-4
2019-09-20 18:15:55.051,10910,10911,10911,1,1
2019-09-20 18:16:08.392,10910,10911,10910,1,-1
2019-09-20 18:16:09.675,10910,10911,10910,1,-1
2019-09-20 18:16:10.375,10910,10911,10910,2,-2
2019-09-20 18:16:10.629,10910,10911,10911,1,1
2019-09-20 18:16:31.101,10910,10911,10911,2,2
2019-09-20 18:16:35.605,10910,10911,10911,1,1
2019-09-20 18:16:41.165,10910,10911,10910,1,-1
2019-09-20 18:16:41.998,10910,10911,10910,5,-5
2019-09-20 18:17:09.606,10910,10911,10910,1,-1
2019-09-20 18:17:17.538,10910,10911,10911,1,1
2019-09-20 18:17:29.458,10910,10911,10910,2,-2
2019-09-20 18:17:29.459,10910,10911,10910,14,-14
2019-09-20 18:17:29.508,10910,10911,10910,1,-1
2019-09-20 18:17:29.544,10909,10910,10910,1,1
2019-09-20 18:17:30.081,10909,10910,10910,2,2
2019-09-20 18:17:31.169,10909,10910,10910,1,1
2019-09-20 18:17:43.700,10909,10910,10910,4,4
2019-09-20 18:17:46.333,10909,10910,10910,3,3
2019-09-20 18:17:52.786,10909,10910,10910,1,1
2019-09-20 18:18:03.210,10909,10910,10910,1,1
2019-09-20 18:18:05.936,10909,10910,10910,1,1
2019-09-20 18:18:36.464,10909,10910,10910,2,2
2019-09-20 18:18:41.993,10909,10910,10910,9,9
2019-09-20 18:18:42.447,10910,10911,10910,1,-1
2019-09-20 18:18:49.933,10910,10911,10910,4,-4
2019-09-20 18:19:14.291,10910,10911,10910,1,-1
2019-09-20 18:19:14.719,10910,10911,10910,1,-1
2019-09-20 18:19:14.720,10910,10911,10910,1,-1
2019-09-20 18:19:14.722,10910,10911,10910,4,-4
2019-09-20 18:19:14.769,10910,10911,10911,2,2
2019-09-20 18:19:47.418,10909,10910,10910,1,1
2019-09-20 18:20:10.426,10909,10910,10910,15,15
2019-09-20 18:20:13.750,10909,10910,10910,1,1
2019-09-20 18:20:17.454,10910,10911,10910,1,-1
2019-09-20 18:20:22.811,10910,10911,10910,5,-5
2019-09-20 18:20:32.610,10910,10911,10910,1,-1
2019-09-20 18:21:04.323,10910,10911,10910,3,-3
2019-09-20 18:21:04.323,10910,10911,10910,1,-1
