2019-03-28 15:00:00.027,10500,10500,10500,70
2019-03-28 15:00:00.629,10500,10500,10500,2
2019-03-28 15:00:00.873,10501,10501,10501,5
2019-03-28 15:00:00.898,10500,10500,10500,1
2019-03-28 15:00:00.916,10500,10500,10500,1
2019-03-28 15:00:01.345,10501,10501,10501,1
2019-03-28 15:00:01.418,10500,10500,10500,1
2019-03-28 15:00:01.426,10500,10500,10500,1
2019-03-28 15:00:01.466,10501,10501,10501,2
2019-03-28 15:00:01.938,10501,10501,10501,2
2019-03-28 15:00:02.016,10501,10501,10501,1
2019-03-28 15:00:02.260,10500,10500,10500,1
2019-03-28 15:00:02.778,10500,10500,10500,1
2019-03-28 15:00:03.317,10501,10501,10501,1
2019-03-28 15:00:03.449,10500,10500,10500,2
2019-03-28 15:00:03.577,10501,10501,10501,4
2019-03-28 15:00:03.643,10501,10501,10501,1
2019-03-28 15:00:04.613,10501,10501,10501,4
2019-03-28 15:00:04.624,10500,10500,10500,2
2019-03-28 15:00:05.287,10501,10501,10501,4
2019-03-28 15:00:06.635,10501,10501,10501,12
2019-03-28 15:00:06.670,10502,10502,10502,4
2019-03-28 15:00:06.671,10502,10502,10502,4
2019-03-28 15:00:07.485,10501,10501,10501,2
2019-03-28 15:00:07.684,10502,10502,10502,2
2019-03-28 15:00:07.756,10502,10502,10502,3
2019-03-28 15:00:07.800,10502,10502,10502,1
2019-03-28 15:00:09.463,10503,10503,10503,5
2019-03-28 15:00:09.861,10503,10503,10503,15
2019-03-28 15:00:11.040,10504,10504,10504,5
2019-03-28 15:00:11.294,10503,10503,10503,5
2019-03-28 15:00:11.650,10504,10504,10504,2
2019-03-28 15:00:11.949,10504,10504,10504,1
2019-03-28 15:00:12.722,10503,10503,10503,1
2019-03-28 15:00:13.011,10503,10503,10503,1
2019-03-28 15:00:14.154,10504,10504,10504,3
2019-03-28 15:00:14.462,10504,10504,10504,3
2019-03-28 15:00:14.463,10504,10504,10504,1
2019-03-28 15:00:14.489,10504,10504,10504,3
2019-03-28 15:00:14.597,10504,10504,10504,2
2019-03-28 15:00:14.848,10503,10503,10503,1
2019-03-28 15:00:15.047,10504,10504,10504,3
2019-03-28 15:00:15.296,10504,10504,10504,9
2019-03-28 15:00:15.671,10505,10505,10505,1
2019-03-28 15:00:15.870,10504,10504,10504,1
2019-03-28 15:00:16.539,10505,10505,10505,1
2019-03-28 15:00:17.778,10505,10505,10505,2
2019-03-28 15:00:18.298,10505,10505,10505,1
2019-03-28 15:00:18.916,10504,10504,10504,1
2019-03-28 15:00:18.977,10504,10504,10504,2
2019-03-28 15:00:19.169,10504,10504,10504,1
2019-03-28 15:00:19.370,10504,10504,10504,1
2019-03-28 15:00:19.639,10504,10504,10504,1
2019-03-28 15:00:19.916,10505,10505,10505,1
2019-03-28 15:00:22.306,10505,10505,10505,2
2019-03-28 15:00:23.012,10505,10505,10505,1
2019-03-28 15:00:24.167,10505,10505,10505,1
2019-03-28 15:00:24.375,10505,10505,10505,33
2019-03-28 15:00:25.411,10505,10505,10505,2
2019-03-28 15:00:25.708,10506,10506,10506,1
2019-03-28 15:00:27.779,10506,10506,10506,1
2019-03-28 15:00:27.912,10506,10506,10506,1
2019-03-28 15:00:27.923,10506,10506,10506,3
2019-03-28 15:00:27.950,10506,10506,10506,3
2019-03-28 15:00:27.971,10506,10506,10506,2
2019-03-28 15:00:28.750,10506,10506,10506,1
2019-03-28 15:00:29.409,10506,10506,10506,2
2019-03-28 15:00:30.099,10505,10505,10505,1
2019-03-28 15:00:30.497,10505,10505,10505,1
2019-03-28 15:00:30.600,10505,10505,10505,1
2019-03-28 15:00:31.221,10506,10506,10506,1
2019-03-28 15:00:31.773,10506,10506,10506,1
2019-03-28 15:00:31.780,10506,10506,10506,2
2019-03-28 15:00:31.780,10507,10507,10507,1
2019-03-28 15:00:31.796,10507,10507,10507,3
2019-03-28 15:00:31.803,10505,10505,10505,1
2019-03-28 15:00:31.804,10507,10507,10507,2
2019-03-28 15:00:31.934,10506,10506,10506,1
2019-03-28 15:00:31.934,10507,10507,10507,11
2019-03-28 15:00:32.894,10507,10507,10507,1
2019-03-28 15:00:35.524,10506,10506,10506,1
2019-03-28 15:00:36.930,10507,10507,10507,1
2019-03-28 15:00:37.203,10507,10507,10507,2
2019-03-28 15:00:37.776,10507,10507,10507,1
2019-03-28 15:00:38.224,10506,10506,10506,1
2019-03-28 15:00:38.452,10506,10506,10506,1
2019-03-28 15:00:38.639,10507,10507,10507,1
2019-03-28 15:00:38.670,10507,10507,10507,1
2019-03-28 15:00:39.827,10507,10507,10507,5
2019-03-28 15:00:40.807,10507,10507,10507,1
2019-03-28 15:00:42.647,10506,10506,10506,1
2019-03-28 15:00:42.923,10507,10507,10507,1
2019-03-28 15:00:44.542,10507,10507,10507,1
2019-03-28 15:00:44.737,10507,10507,10507,1
2019-03-28 15:00:44.888,10507,10507,10507,1
2019-03-28 15:00:44.950,10507,10507,10507,1
2019-03-28 15:00:45.810,10507,10507,10507,1
2019-03-28 15:00:46.527,10507,10507,10507,3
2019-03-28 15:00:46.826,10507,10507,10507,2
2019-03-28 15:00:47.586,10507,10507,10507,1
2019-03-28 15:00:47.586,10507,10507,10507,1
2019-03-28 15:00:47.586,10507,10507,10507,1
2019-03-28 15:00:47.797,10507,10507,10507,1
2019-03-28 15:00:48.778,10507,10507,10507,1
2019-03-28 15:00:49.019,10507,10507,10507,1
2019-03-28 15:00:49.194,10506,10506,10506,1
2019-03-28 15:00:49.673,10507,10507,10507,1
2019-03-28 15:00:50.794,10507,10507,10507,1
2019-03-28 15:00:52.396,10507,10507,10507,2
2019-03-28 15:00:52.872,10507,10507,10507,1
2019-03-28 15:00:55.130,10507,10507,10507,1
2019-03-28 15:00:56.755,10506,10506,10506,3
2019-03-28 15:00:56.766,10506,10506,10506,9
2019-03-28 15:00:58.143,10506,10506,10506,3
2019-03-28 15:00:58.297,10506,10506,10506,13
2019-03-28 15:00:58.403,10505,10505,10505,1
2019-03-28 15:00:58.669,10506,10506,10506,1
2019-03-28 15:01:00.314,10506,10506,10506,1
2019-03-28 15:01:00.443,10506,10506,10506,1
2019-03-28 15:01:01.732,10506,10506,10506,1
2019-03-28 15:01:02.097,10506,10506,10506,2
2019-03-28 15:01:04.169,10505,10505,10505,1
2019-03-28 15:01:04.352,10505,10505,10505,2
2019-03-28 15:01:05.372,10506,10506,10506,1
2019-03-28 15:01:05.709,10505,10505,10505,1
2019-03-28 15:01:07.088,10505,10505,10505,1
2019-03-28 15:01:07.424,10505,10505,10505,1
2019-03-28 15:01:10.953,10505,10505,10505,2
2019-03-28 15:01:11.911,10505,10505,10505,1
2019-03-28 15:01:17.037,10505,10505,10505,1
2019-03-28 15:01:19.062,10506,10506,10506,2
2019-03-28 15:01:20.215,10505,10505,10505,1
2019-03-28 15:01:20.844,10506,10506,10506,1
2019-03-28 15:01:22.886,10506,10506,10506,18
2019-03-28 15:01:24.023,10506,10506,10506,1
2019-03-28 15:01:24.450,10506,10506,10506,1
2019-03-28 15:01:24.910,10506,10506,10506,1
2019-03-28 15:01:25.737,10506,10506,10506,1
2019-03-28 15:01:27.462,10506,10506,10506,1
2019-03-28 15:01:31.151,10506,10506,10506,1
2019-03-28 15:01:32.936,10507,10507,10507,3
2019-03-28 15:01:33.016,10507,10507,10507,3
2019-03-28 15:01:33.016,10507,10507,10507,8
2019-03-28 15:01:38.111,10507,10507,10507,6
2019-03-28 15:01:38.297,10507,10507,10507,1
2019-03-28 15:01:39.310,10507,10507,10507,3
2019-03-28 15:01:39.368,10508,10508,10508,10
2019-03-28 15:01:40.936,10508,10508,10508,1
2019-03-28 15:01:42.386,10508,10508,10508,8
2019-03-28 15:01:43.034,10508,10508,10508,1
2019-03-28 15:01:44.826,10508,10508,10508,1
2019-03-28 15:01:45.346,10507,10507,10507,1
2019-03-28 15:01:46.384,10508,10508,10508,4
2019-03-28 15:01:46.405,10508,10508,10508,1
2019-03-28 15:01:46.525,10508,10508,10508,1
2019-03-28 15:01:48.571,10508,10508,10508,1
2019-03-28 15:01:48.895,10508,10508,10508,2
2019-03-28 15:01:50.325,10508,10508,10508,1
2019-03-28 15:01:50.704,10508,10508,10508,2
2019-03-28 15:01:50.797,10508,10508,10508,1
2019-03-28 15:01:50.919,10508,10508,10508,1
2019-03-28 15:01:51.671,10508,10508,10508,1
2019-03-28 15:01:52.146,10508,10508,10508,1
2019-03-28 15:01:56.096,10507,10507,10507,6
2019-03-28 15:01:56.096,10507,10507,10507,3
2019-03-28 15:01:56.141,10507,10507,10507,3
2019-03-28 15:01:56.170,10506,10506,10506,1
2019-03-28 15:01:57.344,10506,10506,10506,1
2019-03-28 15:01:57.459,10507,10507,10507,15
2019-03-28 15:01:57.614,10507,10507,10507,1
2019-03-28 15:01:58.237,10507,10507,10507,1
2019-03-28 15:02:00.833,10508,10508,10508,1
2019-03-28 15:02:03.191,10507,10507,10507,1
2019-03-28 15:02:06.464,10507,10507,10507,1
2019-03-28 15:02:11.168,10508,10508,10508,1
2019-03-28 15:02:11.680,10507,10507,10507,2
2019-03-28 15:02:11.758,10508,10508,10508,2
2019-03-28 15:02:15.055,10508,10508,10508,2
2019-03-28 15:02:15.567,10507,10507,10507,1
2019-03-28 15:02:16.140,10507,10507,10507,1
2019-03-28 15:02:21.700,10508,10508,10508,1
2019-03-28 15:02:21.726,10507,10507,10507,2
2019-03-28 15:02:22.138,10508,10508,10508,2
2019-03-28 15:02:23.124,10507,10507,10507,1
2019-03-28 15:02:25.078,10507,10507,10507,3
2019-03-28 15:02:26.506,10507,10507,10507,1
2019-03-28 15:02:28.844,10507,10507,10507,1
2019-03-28 15:02:32.406,10507,10507,10507,1
2019-03-28 15:02:35.996,10507,10507,10507,1
2019-03-28 15:02:36.365,10507,10507,10507,1
2019-03-28 15:02:37.588,10507,10507,10507,1
2019-03-28 15:02:37.914,10507,10507,10507,1
2019-03-28 15:02:39.095,10507,10507,10507,1
2019-03-28 15:02:40.939,10507,10507,10507,1
2019-03-28 15:02:42.446,10507,10507,10507,1
2019-03-28 15:02:42.518,10507,10507,10507,6
2019-03-28 15:02:47.749,10507,10507,10507,1
2019-03-28 15:03:04.474,10507,10507,10507,5
2019-03-28 15:03:08.115,10507,10507,10507,1
2019-03-28 15:03:14.629,10506,10506,10506,5
2019-03-28 15:03:15.426,10507,10507,10507,1
2019-03-28 15:03:15.591,10507,10507,10507,1
2019-03-28 15:03:19.103,10506,10506,10506,1
2019-03-28 15:03:21.334,10507,10507,10507,1
2019-03-28 15:03:21.386,10506,10506,10506,1
2019-03-28 15:03:21.484,10506,10506,10506,1
2019-03-28 15:03:24.139,10507,10507,10507,3
2019-03-28 15:03:25.340,10506,10506,10506,1
2019-03-28 15:03:26.631,10507,10507,10507,2
2019-03-28 15:03:26.872,10507,10507,10507,2
2019-03-28 15:03:26.884,10507,10507,10507,1
2019-03-28 15:03:27.110,10507,10507,10507,2
2019-03-28 15:03:27.348,10507,10507,10507,2
2019-03-28 15:03:27.391,10507,10507,10507,3
2019-03-28 15:03:27.601,10508,10508,10508,1
2019-03-28 15:03:28.259,10507,10507,10507,1
2019-03-28 15:03:34.713,10507,10507,10507,1
2019-03-28 15:03:35.640,10507,10507,10507,1
2019-03-28 15:03:51.127,10508,10508,10508,1
2019-03-28 15:03:51.522,10508,10508,10508,1
2019-03-28 15:03:57.256,10508,10508,10508,2
2019-03-28 15:04:00.035,10508,10508,10508,1
2019-03-28 15:04:00.410,10508,10508,10508,1
2019-03-28 15:04:01.303,10508,10508,10508,1
2019-03-28 15:04:02.207,10508,10508,10508,3
2019-03-28 15:04:06.834,10508,10508,10508,1
2019-03-28 15:04:12.660,10508,10508,10508,2
2019-03-28 15:04:12.899,10508,10508,10508,1
2019-03-28 15:04:13.016,10508,10508,10508,6
2019-03-28 15:04:13.417,10508,10508,10508,1
2019-03-28 15:04:14.752,10509,10509,10509,2
2019-03-28 15:04:15.639,10509,10509,10509,1
2019-03-28 15:04:18.754,10508,10508,10508,1
2019-03-28 15:04:20.289,10509,10509,10509,2
2019-03-28 15:04:20.391,10509,10509,10509,12
2019-03-28 15:04:20.516,10509,10509,10509,2
2019-03-28 15:04:20.848,10509,10509,10509,1
2019-03-28 15:04:21.692,10509,10509,10509,1
2019-03-28 15:04:23.041,10509,10509,10509,1
2019-03-28 15:04:24.163,10509,10509,10509,1
2019-03-28 15:04:25.897,10509,10509,10509,1
2019-03-28 15:04:27.428,10509,10509,10509,1
2019-03-28 15:04:28.241,10510,10510,10510,11
2019-03-28 15:04:28.858,10510,10510,10510,1
2019-03-28 15:04:31.083,10510,10510,10510,1
2019-03-28 15:04:31.126,10510,10510,10510,1
2019-03-28 15:04:31.148,10510,10510,10510,9
2019-03-28 15:04:31.266,10510,10510,10510,2
2019-03-28 15:04:31.660,10510,10510,10510,2
2019-03-28 15:04:32.297,10509,10509,10509,1
2019-03-28 15:04:34.178,10510,10510,10510,1
2019-03-28 15:04:35.358,10509,10509,10509,1
2019-03-28 15:04:36.922,10510,10510,10510,1
2019-03-28 15:04:37.300,10509,10509,10509,1
2019-03-28 15:04:41.508,10510,10510,10510,1
2019-03-28 15:04:42.495,10510,10510,10510,1
2019-03-28 15:04:43.815,10510,10510,10510,3
2019-03-28 15:04:45.372,10510,10510,10510,2
2019-03-28 15:04:48.134,10510,10510,10510,2
2019-03-28 15:04:50.159,10510,10510,10510,2
2019-03-28 15:04:50.754,10510,10510,10510,1
2019-03-28 15:04:50.999,10510,10510,10510,2
2019-03-28 15:04:51.363,10510,10510,10510,2
2019-03-28 15:04:51.363,10510,10510,10510,1
2019-03-28 15:04:51.363,10510,10510,10510,1
2019-03-28 15:04:53.428,10510,10510,10510,2
2019-03-28 15:04:53.551,10510,10510,10510,2
2019-03-28 15:04:53.789,10510,10510,10510,2
2019-03-28 15:04:54.028,10510,10510,10510,1
2019-03-28 15:04:57.774,10510,10510,10510,8
2019-03-28 15:04:57.774,10509,10509,10509,1
2019-03-28 15:04:58.858,10510,10510,10510,1
2019-03-28 15:04:59.467,10510,10510,10510,10
2019-03-28 15:05:01.453,10510,10510,10510,1
2019-03-28 15:05:02.268,10510,10510,10510,2
2019-03-28 15:05:02.326,10510,10510,10510,2
2019-03-28 15:05:02.399,10510,10510,10510,1
2019-03-28 15:05:02.446,10510,10510,10510,1
2019-03-28 15:05:02.476,10510,10510,10510,1
2019-03-28 15:05:02.494,10510,10510,10510,1
2019-03-28 15:05:02.634,10510,10510,10510,1
2019-03-28 15:05:03.256,10510,10510,10510,1
2019-03-28 15:05:03.763,10511,10511,10511,1
2019-03-28 15:05:04.323,10510,10510,10510,4
2019-03-28 15:05:05.267,10511,10511,10511,8
2019-03-28 15:05:05.267,10511,10511,10511,8
2019-03-28 15:05:05.267,10511,10511,10511,2
2019-03-28 15:05:05.282,10511,10511,10511,3
2019-03-28 15:05:05.393,10512,10512,10512,1
2019-03-28 15:05:07.402,10511,10511,10511,1
2019-03-28 15:05:07.668,10512,10512,10512,5
2019-03-28 15:05:08.137,10512,10512,10512,5
2019-03-28 15:05:08.507,10512,10512,10512,5
2019-03-28 15:05:09.309,10512,10512,10512,2
2019-03-28 15:05:09.328,10512,10512,10512,10
2019-03-28 15:05:09.391,10512,10512,10512,3
2019-03-28 15:05:09.516,10512,10512,10512,4
2019-03-28 15:05:09.641,10512,10512,10512,4
2019-03-28 15:05:10.686,10513,10513,10513,1
2019-03-28 15:05:11.036,10513,10513,10513,1
2019-03-28 15:05:12.187,10512,10512,10512,1
2019-03-28 15:05:12.268,10513,10513,10513,1
2019-03-28 15:05:13.464,10513,10513,10513,1
2019-03-28 15:05:13.465,10512,10512,10512,4
2019-03-28 15:05:13.560,10512,10512,10512,1
2019-03-28 15:05:17.039,10512,10512,10512,1
2019-03-28 15:05:17.511,10513,10513,10513,1
2019-03-28 15:05:17.864,10512,10512,10512,1
2019-03-28 15:05:17.907,10513,10513,10513,5
2019-03-28 15:05:18.136,10513,10513,10513,3
2019-03-28 15:05:19.561,10513,10513,10513,1
2019-03-28 15:05:20.199,10513,10513,10513,1
2019-03-28 15:05:21.595,10513,10513,10513,1
2019-03-28 15:05:23.906,10513,10513,10513,9
2019-03-28 15:05:24.059,10514,10514,10514,1
2019-03-28 15:05:24.184,10514,10514,10514,1
2019-03-28 15:05:26.419,10514,10514,10514,11
2019-03-28 15:05:26.824,10513,10513,10513,1
2019-03-28 15:05:27.476,10514,10514,10514,2
2019-03-28 15:05:27.960,10513,10513,10513,1
2019-03-28 15:05:28.768,10513,10513,10513,13
2019-03-28 15:05:30.279,10513,10513,10513,2
2019-03-28 15:05:30.421,10513,10513,10513,1
2019-03-28 15:05:30.421,10513,10513,10513,2
2019-03-28 15:05:32.680,10513,10513,10513,2
2019-03-28 15:05:34.352,10513,10513,10513,1
2019-03-28 15:05:36.015,10513,10513,10513,1
2019-03-28 15:05:36.016,10513,10513,10513,1
2019-03-28 15:05:36.625,10513,10513,10513,1
2019-03-28 15:05:36.777,10513,10513,10513,1
2019-03-28 15:05:37.167,10513,10513,10513,1
2019-03-28 15:05:38.715,10513,10513,10513,1
2019-03-28 15:05:39.732,10513,10513,10513,1
2019-03-28 15:05:39.914,10513,10513,10513,2
2019-03-28 15:05:40.044,10514,10514,10514,1
2019-03-28 15:05:41.023,10514,10514,10514,1
2019-03-28 15:05:43.101,10514,10514,10514,1
2019-03-28 15:05:44.010,10513,10513,10513,5
2019-03-28 15:05:50.380,10513,10513,10513,2
2019-03-28 15:05:50.518,10513,10513,10513,9
2019-03-28 15:05:50.641,10513,10513,10513,1
2019-03-28 15:05:50.891,10513,10513,10513,2
2019-03-28 15:05:50.946,10513,10513,10513,3
2019-03-28 15:05:51.834,10513,10513,10513,2
2019-03-28 15:05:51.834,10513,10513,10513,1
2019-03-28 15:05:51.862,10513,10513,10513,1
2019-03-28 15:05:51.862,10514,10514,10514,21
2019-03-28 15:05:52.943,10513,10513,10513,1
2019-03-28 15:05:53.712,10513,10513,10513,5
2019-03-28 15:05:53.841,10513,10513,10513,1
2019-03-28 15:05:56.891,10513,10513,10513,3
2019-03-28 15:05:58.727,10514,10514,10514,5
2019-03-28 15:05:58.856,10514,10514,10514,1
2019-03-28 15:05:58.983,10514,10514,10514,5
2019-03-28 15:05:59.544,10513,10513,10513,2
2019-03-28 15:05:59.699,10514,10514,10514,5
2019-03-28 15:06:02.496,10514,10514,10514,3
2019-03-28 15:06:02.945,10514,10514,10514,1
2019-03-28 15:06:05.112,10514,10514,10514,1
2019-03-28 15:06:05.408,10514,10514,10514,4
2019-03-28 15:06:06.819,10514,10514,10514,1
2019-03-28 15:06:07.462,10514,10514,10514,1
2019-03-28 15:06:08.070,10514,10514,10514,1
2019-03-28 15:06:08.165,10514,10514,10514,1
2019-03-28 15:06:08.406,10514,10514,10514,1
2019-03-28 15:06:08.477,10515,10515,10515,1
2019-03-28 15:06:08.557,10515,10515,10515,4
2019-03-28 15:06:08.567,10515,10515,10515,1
2019-03-28 15:06:08.753,10515,10515,10515,1
2019-03-28 15:06:08.766,10515,10515,10515,2
2019-03-28 15:06:08.770,10515,10515,10515,3
2019-03-28 15:06:08.799,10515,10515,10515,1
2019-03-28 15:06:08.808,10515,10515,10515,4
2019-03-28 15:06:08.817,10515,10515,10515,6
2019-03-28 15:06:08.831,10515,10515,10515,4
2019-03-28 15:06:08.831,10515,10515,10515,1
2019-03-28 15:06:08.831,10515,10515,10515,2
2019-03-28 15:06:08.833,10515,10515,10515,5
2019-03-28 15:06:08.870,10515,10515,10515,2
2019-03-28 15:06:08.877,10515,10515,10515,2
2019-03-28 15:06:08.891,10515,10515,10515,3
2019-03-28 15:06:08.891,10515,10515,10515,6
2019-03-28 15:06:08.891,10515,10515,10515,10
2019-03-28 15:06:08.892,10515,10515,10515,1
2019-03-28 15:06:08.892,10515,10515,10515,2
2019-03-28 15:06:08.892,10515,10515,10515,4
2019-03-28 15:06:08.892,10515,10515,10515,1
2019-03-28 15:06:08.892,10515,10515,10515,1
2019-03-28 15:06:08.892,10515,10515,10515,6
2019-03-28 15:06:08.892,10515,10515,10515,11
2019-03-28 15:06:08.893,10516,10516,10516,3
2019-03-28 15:06:08.905,10516,10516,10516,1
2019-03-28 15:06:08.917,10516,10516,10516,1
2019-03-28 15:06:08.918,10516,10516,10516,3
2019-03-28 15:06:08.927,10516,10516,10516,1
2019-03-28 15:06:08.948,10516,10516,10516,1
2019-03-28 15:06:08.952,10516,10516,10516,1
2019-03-28 15:06:08.970,10516,10516,10516,1
2019-03-28 15:06:08.979,10516,10516,10516,2
2019-03-28 15:06:08.999,10516,10516,10516,1
2019-03-28 15:06:09.006,10516,10516,10516,2
2019-03-28 15:06:09.008,10516,10516,10516,3
2019-03-28 15:06:09.015,10517,10517,10517,8
2019-03-28 15:06:09.017,10517,10517,10517,1
2019-03-28 15:06:09.017,10517,10517,10517,5
2019-03-28 15:06:09.017,10517,10517,10517,2
2019-03-28 15:06:09.017,10517,10517,10517,6
2019-03-28 15:06:09.018,10517,10517,10517,1
2019-03-28 15:06:09.018,10518,10518,10518,1
2019-03-28 15:06:09.021,10518,10518,10518,1
2019-03-28 15:06:09.049,10518,10518,10518,2
2019-03-28 15:06:09.052,10518,10518,10518,4
2019-03-28 15:06:09.064,10518,10518,10518,1
2019-03-28 15:06:09.092,10518,10518,10518,6
2019-03-28 15:06:09.092,10519,10519,10519,8
2019-03-28 15:06:09.096,10519,10519,10519,2
2019-03-28 15:06:09.109,10519,10519,10519,2
2019-03-28 15:06:09.142,10518,10518,10518,4
2019-03-28 15:06:09.144,10518,10518,10518,2
2019-03-28 15:06:09.146,10518,10518,10518,2
2019-03-28 15:06:09.146,10519,10519,10519,3
2019-03-28 15:06:09.149,10519,10519,10519,2
2019-03-28 15:06:09.159,10519,10519,10519,3
2019-03-28 15:06:09.164,10519,10519,10519,2
2019-03-28 15:06:09.184,10518,10518,10518,2
2019-03-28 15:06:09.184,10519,10519,10519,1
2019-03-28 15:06:09.188,10519,10519,10519,1
2019-03-28 15:06:09.211,10520,10520,10520,5
2019-03-28 15:06:09.237,10519,10519,10519,1
2019-03-28 15:06:09.237,10518,10518,10518,1
2019-03-28 15:06:09.263,10520,10520,10520,1
2019-03-28 15:06:09.274,10520,10520,10520,2
2019-03-28 15:06:09.282,10520,10520,10520,1
2019-03-28 15:06:09.284,10520,10520,10520,1
2019-03-28 15:06:09.295,10520,10520,10520,1
2019-03-28 15:06:09.327,10519,10519,10519,2
2019-03-28 15:06:09.335,10519,10519,10519,1
2019-03-28 15:06:09.335,10518,10518,10518,1
2019-03-28 15:06:09.338,10520,10520,10520,1
2019-03-28 15:06:09.342,10520,10520,10520,1
2019-03-28 15:06:09.344,10520,10520,10520,1
2019-03-28 15:06:09.366,10520,10520,10520,2
2019-03-28 15:06:09.372,10520,10520,10520,1
2019-03-28 15:06:09.411,10519,10519,10519,1
2019-03-28 15:06:09.462,10520,10520,10520,12
2019-03-28 15:06:09.463,10520,10520,10520,4
2019-03-28 15:06:09.484,10520,10520,10520,1
2019-03-28 15:06:09.504,10520,10520,10520,5
2019-03-28 15:06:09.505,10520,10520,10520,2
2019-03-28 15:06:09.513,10520,10520,10520,1
2019-03-28 15:06:09.527,10520,10520,10520,1
2019-03-28 15:06:09.534,10520,10520,10520,10
2019-03-28 15:06:09.534,10521,10521,10521,1
2019-03-28 15:06:09.537,10521,10521,10521,1
2019-03-28 15:06:09.541,10521,10521,10521,3
2019-03-28 15:06:09.559,10520,10520,10520,1
2019-03-28 15:06:09.572,10520,10520,10520,1
2019-03-28 15:06:09.590,10519,10519,10519,1
2019-03-28 15:06:09.590,10520,10520,10520,1
2019-03-28 15:06:09.614,10520,10520,10520,1
2019-03-28 15:06:09.618,10520,10520,10520,1
2019-03-28 15:06:09.621,10520,10520,10520,1
2019-03-28 15:06:09.621,10521,10521,10521,1
2019-03-28 15:06:09.629,10521,10521,10521,2
2019-03-28 15:06:09.634,10522,10522,10522,10
2019-03-28 15:06:09.643,10522,10522,10522,1
2019-03-28 15:06:09.682,10522,10522,10522,2
2019-03-28 15:06:09.710,10522,10522,10522,2
2019-03-28 15:06:09.777,10521,10521,10521,1
2019-03-28 15:06:09.808,10522,10522,10522,2
2019-03-28 15:06:09.808,10522,10522,10522,3
2019-03-28 15:06:09.808,10522,10522,10522,1
2019-03-28 15:06:09.816,10521,10521,10521,1
2019-03-28 15:06:09.860,10521,10521,10521,2
2019-03-28 15:06:09.896,10521,10521,10521,1
2019-03-28 15:06:09.917,10522,10522,10522,2
2019-03-28 15:06:09.919,10522,10522,10522,1
2019-03-28 15:06:09.920,10522,10522,10522,1
2019-03-28 15:06:09.935,10522,10522,10522,3
2019-03-28 15:06:09.935,10523,10523,10523,2
2019-03-28 15:06:09.947,10521,10521,10521,1
2019-03-28 15:06:10.011,10523,10523,10523,1
2019-03-28 15:06:10.051,10522,10522,10522,1
2019-03-28 15:06:10.063,10521,10521,10521,1
2019-03-28 15:06:10.070,10522,10522,10522,1
2019-03-28 15:06:10.084,10522,10522,10522,1
2019-03-28 15:06:10.141,10521,10521,10521,1
2019-03-28 15:06:10.144,10521,10521,10521,9
2019-03-28 15:06:10.171,10522,10522,10522,2
2019-03-28 15:06:10.266,10521,10521,10521,1
2019-03-28 15:06:10.267,10521,10521,10521,1
2019-03-28 15:06:10.293,10522,10522,10522,1
2019-03-28 15:06:10.339,10522,10522,10522,1
2019-03-28 15:06:10.434,10521,10521,10521,1
2019-03-28 15:06:10.517,10520,10520,10520,15
2019-03-28 15:06:10.630,10520,10520,10520,1
2019-03-28 15:06:10.774,10520,10520,10520,1
2019-03-28 15:06:10.818,10520,10520,10520,1
2019-03-28 15:06:10.818,10521,10521,10521,1
2019-03-28 15:06:10.830,10521,10521,10521,3
2019-03-28 15:06:10.847,10521,10521,10521,2
2019-03-28 15:06:10.854,10521,10521,10521,1
2019-03-28 15:06:10.913,10521,10521,10521,1
2019-03-28 15:06:11.047,10521,10521,10521,1
2019-03-28 15:06:11.141,10520,10520,10520,4
2019-03-28 15:06:11.142,10520,10520,10520,1
2019-03-28 15:06:11.144,10520,10520,10520,1
2019-03-28 15:06:11.391,10520,10520,10520,1
2019-03-28 15:06:11.948,10521,10521,10521,1
2019-03-28 15:06:12.155,10521,10521,10521,1
2019-03-28 15:06:12.321,10521,10521,10521,1
2019-03-28 15:06:12.465,10520,10520,10520,1
2019-03-28 15:06:12.586,10520,10520,10520,1
2019-03-28 15:06:12.586,10521,10521,10521,1
2019-03-28 15:06:12.685,10521,10521,10521,1
2019-03-28 15:06:12.787,10519,10519,10519,1
2019-03-28 15:06:12.961,10521,10521,10521,3
2019-03-28 15:06:12.979,10521,10521,10521,3
2019-03-28 15:06:13.006,10521,10521,10521,1
2019-03-28 15:06:13.060,10521,10521,10521,1
2019-03-28 15:06:13.075,10521,10521,10521,1
2019-03-28 15:06:13.089,10521,10521,10521,1
2019-03-28 15:06:13.245,10521,10521,10521,1
2019-03-28 15:06:13.269,10522,10522,10522,1
2019-03-28 15:06:13.273,10522,10522,10522,1
2019-03-28 15:06:13.531,10520,10520,10520,2
2019-03-28 15:06:14.080,10521,10521,10521,1
2019-03-28 15:06:14.147,10520,10520,10520,3
2019-03-28 15:06:14.147,10520,10520,10520,2
2019-03-28 15:06:14.147,10520,10520,10520,2
2019-03-28 15:06:15.339,10519,10519,10519,1
2019-03-28 15:06:17.643,10519,10519,10519,12
2019-03-28 15:06:17.766,10519,10519,10519,1
2019-03-28 15:06:17.815,10520,10520,10520,1
2019-03-28 15:06:18.117,10519,10519,10519,2
2019-03-28 15:06:18.366,10519,10519,10519,2
2019-03-28 15:06:18.947,10519,10519,10519,1
2019-03-28 15:06:18.965,10518,10518,10518,1
2019-03-28 15:06:20.279,10519,10519,10519,1
2019-03-28 15:06:20.376,10518,10518,10518,2
2019-03-28 15:06:21.190,10519,10519,10519,1
2019-03-28 15:06:25.373,10519,10519,10519,1
2019-03-28 15:06:26.698,10519,10519,10519,4
2019-03-28 15:06:27.393,10519,10519,10519,2
2019-03-28 15:06:27.560,10519,10519,10519,1
2019-03-28 15:06:27.671,10519,10519,10519,2
2019-03-28 15:06:29.902,10519,10519,10519,1
2019-03-28 15:06:30.019,10519,10519,10519,2
2019-03-28 15:06:30.104,10519,10519,10519,1
2019-03-28 15:06:30.256,10520,10520,10520,1
2019-03-28 15:06:30.417,10518,10518,10518,1
2019-03-28 15:06:30.454,10519,10519,10519,1
2019-03-28 15:06:31.505,10519,10519,10519,1
2019-03-28 15:06:32.396,10519,10519,10519,2
2019-03-28 15:06:33.894,10519,10519,10519,1
2019-03-28 15:06:34.321,10519,10519,10519,3
2019-03-28 15:06:34.852,10519,10519,10519,2
2019-03-28 15:06:35.879,10519,10519,10519,1
2019-03-28 15:06:35.879,10519,10519,10519,1
2019-03-28 15:06:36.043,10519,10519,10519,1
2019-03-28 15:06:36.722,10519,10519,10519,1
2019-03-28 15:06:37.380,10520,10520,10520,1
2019-03-28 15:06:37.430,10518,10518,10518,1
2019-03-28 15:06:40.224,10518,10518,10518,1
2019-03-28 15:06:42.167,10519,10519,10519,1
2019-03-28 15:06:42.476,10519,10519,10519,1
2019-03-28 15:06:47.033,10519,10519,10519,3
2019-03-28 15:06:48.361,10519,10519,10519,1
2019-03-28 15:06:52.453,10518,10518,10518,1
2019-03-28 15:06:54.426,10519,10519,10519,1
2019-03-28 15:06:55.013,10519,10519,10519,1
2019-03-28 15:06:56.449,10519,10519,10519,1
2019-03-28 15:06:59.135,10519,10519,10519,1
2019-03-28 15:07:02.738,10519,10519,10519,9
2019-03-28 15:07:03.498,10519,10519,10519,1
2019-03-28 15:07:03.498,10520,10520,10520,4
2019-03-28 15:07:05.236,10519,10519,10519,1
2019-03-28 15:07:05.698,10519,10519,10519,1
2019-03-28 15:07:06.579,10519,10519,10519,1
2019-03-28 15:07:07.523,10519,10519,10519,1
2019-03-28 15:07:09.091,10518,10518,10518,1
2019-03-28 15:07:09.412,10519,10519,10519,1
2019-03-28 15:07:09.857,10519,10519,10519,1
2019-03-28 15:07:09.857,10519,10519,10519,2
2019-03-28 15:07:09.894,10519,10519,10519,2
2019-03-28 15:07:11.085,10519,10519,10519,2
2019-03-28 15:07:15.522,10519,10519,10519,1
2019-03-28 15:07:17.275,10519,10519,10519,1
2019-03-28 15:07:17.700,10519,10519,10519,3
2019-03-28 15:07:19.206,10519,10519,10519,1
2019-03-28 15:07:20.374,10519,10519,10519,1
2019-03-28 15:07:20.378,10519,10519,10519,2
2019-03-28 15:07:21.409,10519,10519,10519,2
2019-03-28 15:07:21.676,10519,10519,10519,1
2019-03-28 15:07:21.766,10519,10519,10519,1
2019-03-28 15:07:22.440,10519,10519,10519,1
2019-03-28 15:07:24.907,10519,10519,10519,1
2019-03-28 15:07:26.323,10519,10519,10519,1
2019-03-28 15:07:27.322,10519,10519,10519,1
2019-03-28 15:07:27.565,10519,10519,10519,2
2019-03-28 15:07:30.312,10519,10519,10519,1
2019-03-28 15:07:31.081,10519,10519,10519,1
2019-03-28 15:07:31.083,10519,10519,10519,1
2019-03-28 15:07:33.646,10519,10519,10519,1
2019-03-28 15:07:36.073,10519,10519,10519,1
2019-03-28 15:07:36.073,10519,10519,10519,1
2019-03-28 15:07:36.073,10519,10519,10519,5
2019-03-28 15:07:36.073,10519,10519,10519,2
2019-03-28 15:07:45.165,10519,10519,10519,1
2019-03-28 15:07:47.395,10518,10518,10518,2
2019-03-28 15:07:50.269,10519,10519,10519,1
2019-03-28 15:07:50.827,10518,10518,10518,1
2019-03-28 15:07:50.949,10519,10519,10519,2
2019-03-28 15:07:57.938,10519,10519,10519,1
2019-03-28 15:08:01.415,10518,10518,10518,1
2019-03-28 15:08:02.457,10518,10518,10518,1
2019-03-28 15:08:06.587,10518,10518,10518,1
2019-03-28 15:08:08.187,10518,10518,10518,1
2019-03-28 15:08:11.284,10518,10518,10518,1
2019-03-28 15:08:18.393,10519,10519,10519,5
2019-03-28 15:08:21.916,10519,10519,10519,2
2019-03-28 15:08:22.575,10519,10519,10519,2
2019-03-28 15:08:23.763,10519,10519,10519,2
2019-03-28 15:08:30.755,10519,10519,10519,1
2019-03-28 15:08:37.636,10519,10519,10519,1
2019-03-28 15:08:38.512,10518,10518,10518,1
2019-03-28 15:08:38.739,10519,10519,10519,1
2019-03-28 15:08:41.215,10519,10519,10519,2
2019-03-28 15:08:45.596,10518,10518,10518,5
2019-03-28 15:08:45.694,10518,10518,10518,1
2019-03-28 15:08:47.078,10519,10519,10519,4
2019-03-28 15:08:48.401,10519,10519,10519,1
2019-03-28 15:08:48.401,10519,10519,10519,14
2019-03-28 15:08:48.402,10519,10519,10519,2
2019-03-28 15:08:48.402,10519,10519,10519,3
2019-03-28 15:08:48.494,10519,10519,10519,1
2019-03-28 15:08:53.506,10519,10519,10519,1
2019-03-28 15:08:59.952,10519,10519,10519,1
2019-03-28 15:09:03.380,10520,10520,10520,1
2019-03-28 15:09:03.748,10520,10520,10520,1
2019-03-28 15:09:05.923,10519,10519,10519,1
2019-03-28 15:09:08.290,10519,10519,10519,1
2019-03-28 15:09:10.791,10519,10519,10519,1
2019-03-28 15:09:11.846,10519,10519,10519,1
2019-03-28 15:09:13.938,10519,10519,10519,1
2019-03-28 15:09:15.563,10520,10520,10520,2
2019-03-28 15:09:16.077,10519,10519,10519,1
2019-03-28 15:09:18.843,10519,10519,10519,1
2019-03-28 15:09:20.029,10520,10520,10520,1
2019-03-28 15:09:22.865,10519,10519,10519,6
2019-03-28 15:09:25.887,10519,10519,10519,1
2019-03-28 15:09:26.819,10519,10519,10519,2
2019-03-28 15:09:27.204,10519,10519,10519,1
2019-03-28 15:09:28.639,10520,10520,10520,2
2019-03-28 15:09:30.125,10519,10519,10519,1
2019-03-28 15:09:30.747,10520,10520,10520,1
2019-03-28 15:09:31.214,10519,10519,10519,1
2019-03-28 15:09:32.728,10519,10519,10519,4
2019-03-28 15:09:34.678,10519,10519,10519,1
2019-03-28 15:09:36.936,10520,10520,10520,1
2019-03-28 15:09:37.407,10519,10519,10519,2
2019-03-28 15:09:37.590,10519,10519,10519,1
2019-03-28 15:09:38.106,10519,10519,10519,1
2019-03-28 15:09:38.767,10520,10520,10520,1
2019-03-28 15:09:38.775,10519,10519,10519,1
2019-03-28 15:09:39.508,10519,10519,10519,1
2019-03-28 15:09:40.423,10519,10519,10519,2
2019-03-28 15:09:41.283,10519,10519,10519,1
2019-03-28 15:09:42.458,10519,10519,10519,5
2019-03-28 15:09:43.063,10519,10519,10519,1
2019-03-28 15:09:43.525,10519,10519,10519,2
2019-03-28 15:09:44.016,10519,10519,10519,5
2019-03-28 15:09:44.016,10519,10519,10519,1
2019-03-28 15:09:44.065,10519,10519,10519,1
2019-03-28 15:09:44.198,10520,10520,10520,1
2019-03-28 15:09:44.360,10519,10519,10519,1
2019-03-28 15:09:44.373,10519,10519,10519,1
2019-03-28 15:09:46.219,10518,10518,10518,1
2019-03-28 15:09:46.775,10519,10519,10519,1
2019-03-28 15:09:50.865,10519,10519,10519,3
2019-03-28 15:09:53.320,10519,10519,10519,1
2019-03-28 15:09:57.466,10519,10519,10519,1
2019-03-28 15:09:57.898,10518,10518,10518,1
2019-03-28 15:09:58.367,10518,10518,10518,1
2019-03-28 15:09:58.794,10518,10518,10518,1
2019-03-28 15:09:58.869,10518,10518,10518,3
2019-03-28 15:09:58.869,10518,10518,10518,1
2019-03-28 15:09:58.869,10518,10518,10518,1
2019-03-28 15:09:58.869,10518,10518,10518,8
2019-03-28 15:09:58.870,10518,10518,10518,1
2019-03-28 15:09:58.891,10518,10518,10518,11
2019-03-28 15:09:58.891,10518,10518,10518,2
2019-03-28 15:09:59.016,10518,10518,10518,8
2019-03-28 15:09:59.016,10518,10518,10518,2
2019-03-28 15:09:59.016,10518,10518,10518,12
2019-03-28 15:09:59.141,10518,10518,10518,1
2019-03-28 15:09:59.262,10517,10517,10517,1
2019-03-28 15:09:59.297,10517,10517,10517,1
2019-03-28 15:09:59.326,10517,10517,10517,1
2019-03-28 15:10:00.216,10518,10518,10518,1
2019-03-28 15:10:00.681,10518,10518,10518,1
2019-03-28 15:10:00.886,10518,10518,10518,1
2019-03-28 15:10:01.936,10518,10518,10518,1
2019-03-28 15:10:01.936,10519,10519,10519,7
2019-03-28 15:10:02.610,10519,10519,10519,1
2019-03-28 15:10:02.985,10518,10518,10518,1
2019-03-28 15:10:02.985,10519,10519,10519,1
2019-03-28 15:10:03.809,10518,10518,10518,1
2019-03-28 15:10:03.955,10518,10518,10518,1
2019-03-28 15:10:04.237,10519,10519,10519,1
2019-03-28 15:10:13.521,10518,10518,10518,1
2019-03-28 15:10:14.316,10518,10518,10518,1
2019-03-28 15:10:18.918,10518,10518,10518,1
2019-03-28 15:10:23.597,10518,10518,10518,1
2019-03-28 15:10:26.321,10518,10518,10518,1
2019-03-28 15:10:29.291,10518,10518,10518,1
2019-03-28 15:10:42.325,10518,10518,10518,20
2019-03-28 15:10:45.882,10518,10518,10518,1
2019-03-28 15:10:46.041,10518,10518,10518,1
2019-03-28 15:10:46.264,10518,10518,10518,1
2019-03-28 15:10:46.504,10519,10519,10519,1
2019-03-28 15:10:49.968,10519,10519,10519,1
2019-03-28 15:10:52.220,10518,10518,10518,2
2019-03-28 15:10:52.697,10519,10519,10519,2
2019-03-28 15:10:54.249,10518,10518,10518,5
2019-03-28 15:10:56.016,10518,10518,10518,2
2019-03-28 15:10:59.962,10518,10518,10518,1
2019-03-28 15:11:03.046,10518,10518,10518,1
2019-03-28 15:11:06.198,10518,10518,10518,1
2019-03-28 15:11:07.353,10518,10518,10518,1
2019-03-28 15:11:18.279,10518,10518,10518,1
2019-03-28 15:11:19.947,10518,10518,10518,1
2019-03-28 15:11:21.207,10518,10518,10518,1
2019-03-28 15:11:22.700,10518,10518,10518,1
2019-03-28 15:11:24.014,10518,10518,10518,1
2019-03-28 15:11:24.765,10518,10518,10518,2
2019-03-28 15:11:26.798,10518,10518,10518,1
2019-03-28 15:11:26.844,10518,10518,10518,1
2019-03-28 15:11:31.404,10519,10519,10519,1
2019-03-28 15:11:31.791,10519,10519,10519,1
2019-03-28 15:11:32.180,10519,10519,10519,1
2019-03-28 15:11:32.563,10519,10519,10519,1
2019-03-28 15:11:36.513,10519,10519,10519,1
2019-03-28 15:11:41.165,10519,10519,10519,1
2019-03-28 15:11:42.235,10519,10519,10519,1
2019-03-28 15:11:51.493,10519,10519,10519,1
2019-03-28 15:11:53.990,10518,10518,10518,1
2019-03-28 15:11:55.961,10518,10518,10518,1
2019-03-28 15:11:56.043,10519,10519,10519,1
2019-03-28 15:11:57.284,10518,10518,10518,1
2019-03-28 15:11:58.728,10519,10519,10519,1
2019-03-28 15:12:00.751,10518,10518,10518,1
2019-03-28 15:12:01.978,10518,10518,10518,1
2019-03-28 15:12:02.701,10519,10519,10519,20
2019-03-28 15:12:04.605,10519,10519,10519,2
2019-03-28 15:12:04.616,10519,10519,10519,2
2019-03-28 15:12:05.391,10519,10519,10519,9
2019-03-28 15:12:05.932,10519,10519,10519,1
2019-03-28 15:12:08.529,10520,10520,10520,1
2019-03-28 15:12:10.040,10519,10519,10519,1
2019-03-28 15:12:12.576,10519,10519,10519,5
2019-03-28 15:12:13.072,10519,10519,10519,2
2019-03-28 15:12:17.792,10520,10520,10520,1
2019-03-28 15:12:19.977,10519,10519,10519,2
2019-03-28 15:12:19.977,10518,10518,10518,28
2019-03-28 15:12:30.224,10519,10519,10519,1
2019-03-28 15:12:30.292,10518,10518,10518,1
2019-03-28 15:12:32.506,10518,10518,10518,1
2019-03-28 15:12:33.988,10518,10518,10518,1
2019-03-28 15:12:34.427,10518,10518,10518,2
2019-03-28 15:12:36.159,10519,10519,10519,4
2019-03-28 15:12:36.815,10518,10518,10518,2
2019-03-28 15:12:37.346,10518,10518,10518,1
2019-03-28 15:12:44.812,10518,10518,10518,1
2019-03-28 15:12:58.632,10518,10518,10518,5
2019-03-28 15:13:01.411,10518,10518,10518,1
2019-03-28 15:13:06.310,10518,10518,10518,1
2019-03-28 15:13:09.713,10518,10518,10518,2
2019-03-28 15:13:11.890,10518,10518,10518,1
2019-03-28 15:13:15.235,10518,10518,10518,1
2019-03-28 15:13:16.308,10519,10519,10519,5
2019-03-28 15:13:17.441,10518,10518,10518,1
2019-03-28 15:13:28.017,10518,10518,10518,5
2019-03-28 15:13:34.774,10518,10518,10518,1
2019-03-28 15:13:37.190,10518,10518,10518,1
2019-03-28 15:13:37.784,10518,10518,10518,1
2019-03-28 15:13:37.978,10518,10518,10518,1
2019-03-28 15:13:38.129,10518,10518,10518,1
2019-03-28 15:13:46.715,10519,10519,10519,1
2019-03-28 15:13:46.848,10519,10519,10519,3
2019-03-28 15:13:51.340,10519,10519,10519,1
2019-03-28 15:13:51.666,10519,10519,10519,1
2019-03-28 15:13:53.358,10519,10519,10519,1
2019-03-28 15:14:01.791,10518,10518,10518,4
2019-03-28 15:14:06.344,10519,10519,10519,1
2019-03-28 15:14:12.868,10518,10518,10518,5
2019-03-28 15:14:12.904,10518,10518,10518,1
2019-03-28 15:14:13.527,10518,10518,10518,1
2019-03-28 15:14:13.641,10518,10518,10518,3
2019-03-28 15:14:13.642,10518,10518,10518,1
2019-03-28 15:14:20.334,10517,10517,10517,1
2019-03-28 15:14:20.423,10517,10517,10517,1
2019-03-28 15:14:32.178,10517,10517,10517,4
2019-03-28 15:14:37.058,10517,10517,10517,1
2019-03-28 15:14:46.492,10517,10517,10517,1
2019-03-28 15:14:54.554,10517,10517,10517,1
2019-03-28 15:15:00.249,10517,10517,10517,1
2019-03-28 15:15:00.416,10518,10518,10518,1
2019-03-28 15:15:00.807,10518,10518,10518,2
2019-03-28 15:15:00.814,10518,10518,10518,1
2019-03-28 15:15:01.209,10518,10518,10518,3
2019-03-28 15:15:01.209,10518,10518,10518,4
2019-03-28 15:15:01.210,10518,10518,10518,2
2019-03-28 15:15:01.210,10518,10518,10518,2
2019-03-28 15:15:01.210,10518,10518,10518,1
2019-03-28 15:15:01.214,10519,10519,10519,2
2019-03-28 15:15:01.349,10519,10519,10519,1
2019-03-28 15:15:01.518,10519,10519,10519,1
2019-03-28 15:15:01.526,10519,10519,10519,1
2019-03-28 15:15:02.844,10519,10519,10519,1
2019-03-28 15:15:04.327,10518,10518,10518,1
2019-03-28 15:15:10.418,10518,10518,10518,1
2019-03-28 15:15:10.606,10518,10518,10518,1
2019-03-28 15:15:10.662,10519,10519,10519,1
2019-03-28 15:15:19.132,10518,10518,10518,4
2019-03-28 15:15:23.754,10518,10518,10518,1
2019-03-28 15:15:24.802,10518,10518,10518,1
2019-03-28 15:15:26.042,10518,10518,10518,1
2019-03-28 15:15:29.766,10518,10518,10518,1
2019-03-28 15:15:29.766,10518,10518,10518,1
2019-03-28 15:15:29.768,10518,10518,10518,4
2019-03-28 15:15:30.012,10518,10518,10518,2
2019-03-28 15:15:32.711,10518,10518,10518,2
2019-03-28 15:15:40.108,10518,10518,10518,1
2019-03-28 15:15:40.166,10517,10517,10517,1
2019-03-28 15:15:42.601,10518,10518,10518,5
2019-03-28 15:15:46.087,10518,10518,10518,1
2019-03-28 15:15:46.259,10518,10518,10518,1
2019-03-28 15:15:56.901,10518,10518,10518,1
2019-03-28 15:15:58.286,10518,10518,10518,1
2019-03-28 15:16:03.013,10518,10518,10518,1
2019-03-28 15:16:03.981,10518,10518,10518,1
2019-03-28 15:16:04.747,10518,10518,10518,1
2019-03-28 15:16:11.820,10518,10518,10518,1
2019-03-28 15:16:17.973,10518,10518,10518,1
2019-03-28 15:16:21.496,10517,10517,10517,1
2019-03-28 15:16:25.504,10517,10517,10517,2
2019-03-28 15:16:25.890,10518,10518,10518,1
2019-03-28 15:16:27.106,10518,10518,10518,1
2019-03-28 15:16:42.599,10518,10518,10518,1
2019-03-28 15:16:45.776,10517,10517,10517,1
2019-03-28 15:16:55.402,10517,10517,10517,2
2019-03-28 15:16:58.386,10517,10517,10517,2
2019-03-28 15:16:58.391,10517,10517,10517,7
2019-03-28 15:16:58.516,10517,10517,10517,2
2019-03-28 15:16:58.518,10517,10517,10517,14
2019-03-28 15:17:06.135,10517,10517,10517,8
2019-03-28 15:17:09.434,10517,10517,10517,1
2019-03-28 15:17:10.321,10517,10517,10517,1
2019-03-28 15:17:12.379,10517,10517,10517,2
2019-03-28 15:17:13.697,10517,10517,10517,1
2019-03-28 15:17:15.216,10517,10517,10517,4
2019-03-28 15:17:21.496,10517,10517,10517,1
2019-03-28 15:17:25.350,10517,10517,10517,1
2019-03-28 15:17:27.957,10517,10517,10517,1
2019-03-28 15:17:28.658,10517,10517,10517,1
2019-03-28 15:17:29.237,10517,10517,10517,3
2019-03-28 15:17:33.571,10517,10517,10517,1
2019-03-28 15:17:34.642,10517,10517,10517,1
2019-03-28 15:17:34.861,10517,10517,10517,1
2019-03-28 15:17:36.844,10517,10517,10517,1
2019-03-28 15:17:37.412,10517,10517,10517,1
2019-03-28 15:17:45.400,10517,10517,10517,1
2019-03-28 15:17:46.681,10517,10517,10517,1
2019-03-28 15:17:46.682,10517,10517,10517,6
2019-03-28 15:17:46.682,10517,10517,10517,1
2019-03-28 15:17:46.766,10517,10517,10517,1
2019-03-28 15:17:47.373,10517,10517,10517,1
2019-03-28 15:17:47.668,10517,10517,10517,23
2019-03-28 15:17:47.766,10517,10517,10517,7
2019-03-28 15:17:48.003,10517,10517,10517,2
2019-03-28 15:17:48.242,10517,10517,10517,2
2019-03-28 15:17:48.567,10516,10516,10516,3
2019-03-28 15:17:48.680,10516,10516,10516,1
2019-03-28 15:17:54.762,10517,10517,10517,1
2019-03-28 15:17:54.766,10517,10517,10517,1
2019-03-28 15:17:56.033,10517,10517,10517,1
2019-03-28 15:17:58.718,10517,10517,10517,1
2019-03-28 15:18:01.077,10517,10517,10517,1
2019-03-28 15:18:04.165,10517,10517,10517,1
2019-03-28 15:18:04.791,10517,10517,10517,1
2019-03-28 15:18:12.955,10517,10517,10517,1
2019-03-28 15:18:13.358,10517,10517,10517,1
2019-03-28 15:18:13.965,10517,10517,10517,2
2019-03-28 15:18:16.146,10517,10517,10517,1
2019-03-28 15:18:18.946,10517,10517,10517,4
2019-03-28 15:18:18.946,10518,10518,10518,1
2019-03-28 15:18:23.364,10517,10517,10517,1
2019-03-28 15:18:24.185,10517,10517,10517,1
2019-03-28 15:18:32.710,10516,10516,10516,1
2019-03-28 15:18:32.969,10516,10516,10516,1
2019-03-28 15:18:42.715,10517,10517,10517,5
2019-03-28 15:18:42.918,10517,10517,10517,5
2019-03-28 15:18:49.937,10517,10517,10517,1
2019-03-28 15:18:50.641,10516,10516,10516,1
2019-03-28 15:18:50.816,10517,10517,10517,3
2019-03-28 15:18:51.401,10517,10517,10517,1
2019-03-28 15:18:57.562,10517,10517,10517,1
2019-03-28 15:18:57.562,10517,10517,10517,12
2019-03-28 15:18:57.562,10517,10517,10517,3
2019-03-28 15:18:57.563,10517,10517,10517,2
2019-03-28 15:18:57.641,10517,10517,10517,2
2019-03-28 15:19:07.082,10517,10517,10517,1
2019-03-28 15:19:13.210,10517,10517,10517,1
2019-03-28 15:19:14.230,10517,10517,10517,1
2019-03-28 15:19:15.920,10518,10518,10518,2
2019-03-28 15:19:18.301,10517,10517,10517,1
2019-03-28 15:19:18.758,10517,10517,10517,1
2019-03-28 15:19:21.888,10517,10517,10517,1
2019-03-28 15:19:22.565,10517,10517,10517,1
2019-03-28 15:19:23.627,10517,10517,10517,1
2019-03-28 15:19:26.595,10517,10517,10517,10
2019-03-28 15:19:37.230,10517,10517,10517,1
2019-03-28 15:19:43.968,10517,10517,10517,2
2019-03-28 15:19:44.516,10517,10517,10517,2
2019-03-28 15:19:45.801,10517,10517,10517,2
2019-03-28 15:19:50.266,10517,10517,10517,4
2019-03-28 15:19:54.973,10517,10517,10517,1
2019-03-28 15:20:01.634,10517,10517,10517,1
2019-03-28 15:20:01.705,10518,10518,10518,2
2019-03-28 15:20:11.651,10518,10518,10518,1
2019-03-28 15:20:24.933,10518,10518,10518,1
2019-03-28 15:20:36.362,10517,10517,10517,1
2019-03-28 15:20:42.546,10517,10517,10517,1
2019-03-28 15:20:45.258,10517,10517,10517,5
2019-03-28 15:20:46.959,10517,10517,10517,1
2019-03-28 15:20:54.906,10517,10517,10517,1
2019-03-28 15:21:15.324,10517,10517,10517,2
2019-03-28 15:21:34.506,10517,10517,10517,1
2019-03-28 15:21:40.785,10517,10517,10517,1
2019-03-28 15:21:50.546,10517,10517,10517,1
2019-03-28 15:22:04.545,10516,10516,10516,1
2019-03-28 15:22:13.329,10516,10516,10516,1
2019-03-28 15:22:14.560,10516,10516,10516,8
2019-03-28 15:22:18.559,10516,10516,10516,2
2019-03-28 15:22:21.716,10516,10516,10516,1
2019-03-28 15:22:40.875,10516,10516,10516,1
2019-03-28 15:22:48.691,10516,10516,10516,2
2019-03-28 15:22:54.998,10516,10516,10516,3
2019-03-28 15:23:03.017,10517,10517,10517,2
2019-03-28 15:23:03.036,10516,10516,10516,1
2019-03-28 15:23:04.198,10517,10517,10517,1
2019-03-28 15:23:11.720,10516,10516,10516,1
2019-03-28 15:23:16.150,10516,10516,10516,5
2019-03-28 15:23:23.181,10517,10517,10517,2
2019-03-28 15:23:26.308,10516,10516,10516,1
2019-03-28 15:23:28.214,10517,10517,10517,1
2019-03-28 15:23:29.372,10516,10516,10516,1
2019-03-28 15:23:32.306,10516,10516,10516,1
2019-03-28 15:23:35.283,10516,10516,10516,1
2019-03-28 15:23:46.082,10517,10517,10517,1
2019-03-28 15:24:11.976,10516,10516,10516,3
2019-03-28 15:24:14.847,10517,10517,10517,1
2019-03-28 15:24:20.077,10516,10516,10516,5
2019-03-28 15:24:21.179,10516,10516,10516,1
2019-03-28 15:24:26.785,10516,10516,10516,1
2019-03-28 15:24:45.218,10516,10516,10516,8
2019-03-28 15:24:45.516,10516,10516,10516,1
2019-03-28 15:24:48.494,10516,10516,10516,1
2019-03-28 15:24:49.563,10516,10516,10516,1
2019-03-28 15:24:49.563,10516,10516,10516,1
2019-03-28 15:24:49.564,10516,10516,10516,1
2019-03-28 15:24:49.621,10516,10516,10516,1
2019-03-28 15:24:49.641,10516,10516,10516,1
2019-03-28 15:24:49.641,10516,10516,10516,1
2019-03-28 15:24:49.641,10516,10516,10516,5
2019-03-28 15:24:49.641,10516,10516,10516,5
2019-03-28 15:24:49.641,10516,10516,10516,3
2019-03-28 15:24:49.641,10516,10516,10516,1
2019-03-28 15:24:50.545,10515,10515,10515,1
2019-03-28 15:24:50.753,10515,10515,10515,1
2019-03-28 15:24:51.146,10516,10516,10516,13
2019-03-28 15:24:53.631,10515,10515,10515,1
2019-03-28 15:25:00.582,10516,10516,10516,1
2019-03-28 15:25:00.962,10516,10516,10516,1
2019-03-28 15:25:07.672,10516,10516,10516,1
2019-03-28 15:25:08.003,10516,10516,10516,2
2019-03-28 15:25:08.790,10515,10515,10515,11
2019-03-28 15:25:15.629,10516,10516,10516,1
2019-03-28 15:25:17.554,10516,10516,10516,5
2019-03-28 15:25:18.642,10516,10516,10516,1
2019-03-28 15:25:19.817,10516,10516,10516,1
2019-03-28 15:25:20.247,10516,10516,10516,1
2019-03-28 15:25:21.894,10516,10516,10516,1
2019-03-28 15:25:28.126,10516,10516,10516,1
2019-03-28 15:25:28.126,10516,10516,10516,2
2019-03-28 15:25:28.126,10516,10516,10516,1
2019-03-28 15:25:28.127,10516,10516,10516,2
2019-03-28 15:25:28.184,10516,10516,10516,2
2019-03-28 15:25:31.812,10516,10516,10516,5
2019-03-28 15:25:32.975,10516,10516,10516,2
2019-03-28 15:25:36.722,10516,10516,10516,2
2019-03-28 15:25:37.313,10516,10516,10516,5
2019-03-28 15:25:37.805,10516,10516,10516,1
2019-03-28 15:25:39.156,10516,10516,10516,1
2019-03-28 15:25:43.168,10516,10516,10516,2
2019-03-28 15:25:50.343,10515,10515,10515,2
2019-03-28 15:26:02.567,10515,10515,10515,1
2019-03-28 15:26:08.933,10515,10515,10515,1
2019-03-28 15:26:14.335,10515,10515,10515,1
2019-03-28 15:26:15.375,10515,10515,10515,1
2019-03-28 15:26:21.692,10515,10515,10515,1
2019-03-28 15:26:34.546,10515,10515,10515,5
2019-03-28 15:26:35.139,10515,10515,10515,2
2019-03-28 15:26:52.689,10516,10516,10516,1
2019-03-28 15:26:53.351,10515,10515,10515,1
2019-03-28 15:26:56.664,10515,10515,10515,1
2019-03-28 15:26:58.495,10515,10515,10515,1
2019-03-28 15:27:06.172,10516,10516,10516,5
2019-03-28 15:27:12.157,10516,10516,10516,2
2019-03-28 15:27:24.624,10516,10516,10516,1
2019-03-28 15:27:25.397,10515,10515,10515,1
2019-03-28 15:27:30.986,10515,10515,10515,1
2019-03-28 15:27:33.221,10515,10515,10515,2
2019-03-28 15:27:33.322,10515,10515,10515,1
2019-03-28 15:27:33.767,10515,10515,10515,1
2019-03-28 15:27:34.344,10515,10515,10515,1
2019-03-28 15:27:38.568,10515,10515,10515,5
2019-03-28 15:27:43.027,10515,10515,10515,2
2019-03-28 15:27:46.620,10515,10515,10515,10
2019-03-28 15:27:49.630,10515,10515,10515,7
2019-03-28 15:27:53.351,10515,10515,10515,1
2019-03-28 15:27:56.121,10514,10514,10514,1
2019-03-28 15:27:56.169,10514,10514,10514,1
2019-03-28 15:27:56.425,10514,10514,10514,1
2019-03-28 15:27:56.439,10514,10514,10514,1
2019-03-28 15:27:56.452,10514,10514,10514,1
2019-03-28 15:28:02.821,10515,10515,10515,2
2019-03-28 15:28:03.008,10515,10515,10515,1
2019-03-28 15:28:03.517,10516,10516,10516,1
2019-03-28 15:28:03.542,10516,10516,10516,1
2019-03-28 15:28:05.436,10515,10515,10515,1
2019-03-28 15:28:05.477,10515,10515,10515,1
2019-03-28 15:28:08.690,10515,10515,10515,3
2019-03-28 15:28:08.712,10515,10515,10515,1
2019-03-28 15:28:09.547,10515,10515,10515,1
2019-03-28 15:28:18.082,10515,10515,10515,5
2019-03-28 15:28:18.141,10515,10515,10515,2
2019-03-28 15:28:19.451,10515,10515,10515,1
2019-03-28 15:28:19.825,10514,10514,10514,1
2019-03-28 15:28:26.822,10515,10515,10515,1
2019-03-28 15:28:32.114,10515,10515,10515,1
2019-03-28 15:28:35.053,10515,10515,10515,2
2019-03-28 15:28:44.261,10515,10515,10515,1
2019-03-28 15:28:48.357,10515,10515,10515,4
2019-03-28 15:28:53.225,10515,10515,10515,2
2019-03-28 15:28:56.714,10515,10515,10515,1
2019-03-28 15:29:01.065,10515,10515,10515,3
2019-03-28 15:29:06.111,10515,10515,10515,1
2019-03-28 15:29:18.151,10515,10515,10515,1
2019-03-28 15:29:23.259,10515,10515,10515,1
2019-03-28 15:29:27.172,10515,10515,10515,1
2019-03-28 15:29:38.103,10515,10515,10515,1
2019-03-28 15:29:50.901,10515,10515,10515,6
2019-03-28 15:29:53.015,10515,10515,10515,1
2019-03-28 15:29:59.637,10515,10515,10515,7
2019-03-28 15:30:00.021,10515,10515,10515,1
2019-03-28 15:30:00.178,10515,10515,10515,1
2019-03-28 15:30:00.178,10516,10516,10516,1
2019-03-28 15:30:00.203,10516,10516,10516,1
2019-03-28 15:30:01.012,10515,10515,10515,2
2019-03-28 15:30:01.023,10515,10515,10515,2
2019-03-28 15:30:01.295,10516,10516,10516,10
2019-03-28 15:30:01.306,10516,10516,10516,1
2019-03-28 15:30:01.851,10515,10515,10515,1
2019-03-28 15:30:01.851,10516,10516,10516,4
2019-03-28 15:30:02.566,10516,10516,10516,1
2019-03-28 15:30:02.570,10516,10516,10516,6
2019-03-28 15:30:02.581,10515,10515,10515,1
2019-03-28 15:30:02.630,10515,10515,10515,1
2019-03-28 15:30:02.916,10516,10516,10516,1
2019-03-28 15:30:02.916,10516,10516,10516,3
2019-03-28 15:30:03.226,10515,10515,10515,1
2019-03-28 15:30:07.464,10515,10515,10515,1
2019-03-28 15:30:09.731,10515,10515,10515,1
2019-03-28 15:30:12.417,10516,10516,10516,1
2019-03-28 15:30:14.678,10515,10515,10515,5
2019-03-28 15:30:17.684,10515,10515,10515,1
2019-03-28 15:30:21.940,10515,10515,10515,5
2019-03-28 15:30:23.194,10515,10515,10515,1
2019-03-28 15:30:23.195,10515,10515,10515,4
2019-03-28 15:30:24.055,10515,10515,10515,1
2019-03-28 15:30:32.476,10515,10515,10515,1
2019-03-28 15:30:44.213,10514,10514,10514,1
2019-03-28 15:30:59.837,10515,10515,10515,1
2019-03-28 15:31:00.540,10514,10514,10514,3
2019-03-28 15:31:00.541,10514,10514,10514,9
2019-03-28 15:31:00.542,10514,10514,10514,4
2019-03-28 15:31:00.582,10514,10514,10514,2
2019-03-28 15:31:00.642,10514,10514,10514,6
2019-03-28 15:31:03.205,10514,10514,10514,2
2019-03-28 15:31:07.593,10514,10514,10514,2
2019-03-28 15:31:14.239,10513,10513,10513,4
2019-03-28 15:31:14.611,10513,10513,10513,1
2019-03-28 15:31:20.409,10513,10513,10513,1
2019-03-28 15:31:21.411,10513,10513,10513,1
2019-03-28 15:31:23.551,10514,10514,10514,5
2019-03-28 15:31:25.309,10513,10513,10513,2
2019-03-28 15:31:28.126,10513,10513,10513,1
2019-03-28 15:31:39.417,10513,10513,10513,3
2019-03-28 15:31:39.532,10513,10513,10513,1
2019-03-28 15:31:40.811,10514,10514,10514,1
2019-03-28 15:31:42.594,10513,10513,10513,2
2019-03-28 15:32:02.239,10513,10513,10513,1
2019-03-28 15:32:09.222,10513,10513,10513,1
2019-03-28 15:32:14.701,10513,10513,10513,1
2019-03-28 15:32:28.325,10513,10513,10513,5
2019-03-28 15:32:33.022,10513,10513,10513,1
2019-03-28 15:32:40.378,10513,10513,10513,2
2019-03-28 15:32:42.265,10514,10514,10514,1
2019-03-28 15:32:43.129,10513,10513,10513,1
2019-03-28 15:33:02.323,10513,10513,10513,1
2019-03-28 15:33:33.041,10514,10514,10514,1
2019-03-28 15:33:36.911,10513,10513,10513,2
2019-03-28 15:33:38.765,10514,10514,10514,1
2019-03-28 15:33:43.756,10514,10514,10514,1
2019-03-28 15:33:44.530,10514,10514,10514,1
2019-03-28 15:34:01.836,10514,10514,10514,42
2019-03-28 15:34:07.043,10514,10514,10514,1
2019-03-28 15:34:14.044,10515,10515,10515,4
2019-03-28 15:34:14.237,10515,10515,10515,7
2019-03-28 15:34:17.667,10515,10515,10515,1
2019-03-28 15:34:20.976,10515,10515,10515,1
2019-03-28 15:34:23.324,10515,10515,10515,3
2019-03-28 15:34:23.324,10515,10515,10515,11
2019-03-28 15:34:31.461,10515,10515,10515,1
2019-03-28 15:34:32.487,10515,10515,10515,1
2019-03-28 15:34:37.265,10515,10515,10515,4
2019-03-28 15:34:40.275,10515,10515,10515,1
2019-03-28 15:34:43.852,10515,10515,10515,2
2019-03-28 15:34:47.700,10515,10515,10515,1
2019-03-28 15:34:47.900,10515,10515,10515,1
2019-03-28 15:34:49.645,10515,10515,10515,1
2019-03-28 15:34:55.698,10515,10515,10515,1
2019-03-28 15:34:59.986,10515,10515,10515,4
2019-03-28 15:35:07.046,10515,10515,10515,1
2019-03-28 15:35:08.083,10515,10515,10515,1
2019-03-28 15:35:08.955,10515,10515,10515,1
2019-03-28 15:35:11.674,10515,10515,10515,1
2019-03-28 15:35:12.743,10515,10515,10515,2
2019-03-28 15:35:17.580,10515,10515,10515,1
2019-03-28 15:35:28.789,10515,10515,10515,2
2019-03-28 15:35:30.075,10515,10515,10515,2
2019-03-28 15:35:33.806,10516,10516,10516,1
2019-03-28 15:35:42.236,10515,10515,10515,1
2019-03-28 15:35:58.221,10516,10516,10516,1
2019-03-28 15:36:00.207,10516,10516,10516,1
2019-03-28 15:36:02.688,10515,10515,10515,5
2019-03-28 15:36:26.695,10515,10515,10515,2
2019-03-28 15:36:27.766,10516,10516,10516,21
2019-03-28 15:36:27.891,10516,10516,10516,3
2019-03-28 15:36:45.113,10516,10516,10516,5
2019-03-28 15:36:49.082,10516,10516,10516,5
2019-03-28 15:36:50.407,10517,10517,10517,1
2019-03-28 15:36:50.668,10517,10517,10517,1
2019-03-28 15:36:50.730,10517,10517,10517,1
2019-03-28 15:36:50.767,10517,10517,10517,1
2019-03-28 15:36:58.688,10517,10517,10517,1
2019-03-28 15:37:01.167,10517,10517,10517,1
2019-03-28 15:37:02.238,10517,10517,10517,1
2019-03-28 15:37:07.334,10517,10517,10517,1
2019-03-28 15:37:10.241,10517,10517,10517,2
2019-03-28 15:37:11.797,10517,10517,10517,1
2019-03-28 15:37:13.729,10517,10517,10517,2
2019-03-28 15:37:15.351,10517,10517,10517,39
2019-03-28 15:37:16.638,10518,10518,10518,1
2019-03-28 15:37:16.913,10518,10518,10518,1
2019-03-28 15:37:25.085,10518,10518,10518,1
2019-03-28 15:37:25.741,10518,10518,10518,2
2019-03-28 15:37:36.595,10518,10518,10518,3
2019-03-28 15:37:40.486,10517,10517,10517,2
2019-03-28 15:37:42.019,10517,10517,10517,6
2019-03-28 15:37:42.970,10518,10518,10518,6
2019-03-28 15:37:46.535,10517,10517,10517,3
2019-03-28 15:37:48.028,10517,10517,10517,2
2019-03-28 15:37:49.779,10517,10517,10517,6
2019-03-28 15:37:49.779,10517,10517,10517,1
2019-03-28 15:37:49.779,10517,10517,10517,9
2019-03-28 15:37:49.779,10517,10517,10517,1
2019-03-28 15:37:49.780,10517,10517,10517,2
2019-03-28 15:37:50.153,10517,10517,10517,11
2019-03-28 15:37:58.650,10516,10516,10516,9
2019-03-28 15:38:02.524,10516,10516,10516,2
2019-03-28 15:38:03.059,10516,10516,10516,6
2019-03-28 15:38:03.351,10516,10516,10516,1
2019-03-28 15:38:07.270,10516,10516,10516,2
2019-03-28 15:38:08.364,10516,10516,10516,2
2019-03-28 15:38:09.799,10516,10516,10516,3
2019-03-28 15:38:13.320,10516,10516,10516,2
2019-03-28 15:38:13.320,10515,10515,10515,1
2019-03-28 15:38:13.516,10516,10516,10516,1
2019-03-28 15:38:14.887,10515,10515,10515,2
2019-03-28 15:38:15.970,10516,10516,10516,1
2019-03-28 15:38:17.563,10515,10515,10515,7
2019-03-28 15:38:18.830,10515,10515,10515,7
2019-03-28 15:38:21.898,10515,10515,10515,3
2019-03-28 15:38:24.122,10515,10515,10515,3
2019-03-28 15:38:24.151,10516,10516,10516,2
2019-03-28 15:38:25.870,10515,10515,10515,1
2019-03-28 15:38:26.544,10514,10514,10514,2
2019-03-28 15:38:28.684,10514,10514,10514,2
2019-03-28 15:38:29.928,10514,10514,10514,5
2019-03-28 15:38:55.279,10514,10514,10514,1
2019-03-28 15:38:59.018,10514,10514,10514,1
2019-03-28 15:39:08.589,10514,10514,10514,1
2019-03-28 15:39:08.699,10514,10514,10514,1
2019-03-28 15:39:08.939,10514,10514,10514,1
2019-03-28 15:39:18.849,10514,10514,10514,1
2019-03-28 15:39:30.413,10515,10515,10515,3
2019-03-28 15:39:48.582,10515,10515,10515,1
2019-03-28 15:39:59.202,10515,10515,10515,1
2019-03-28 15:40:15.742,10515,10515,10515,1
2019-03-28 15:40:19.302,10515,10515,10515,1
2019-03-28 15:40:25.528,10515,10515,10515,2
2019-03-28 15:40:41.619,10514,10514,10514,1
2019-03-28 15:40:43.055,10514,10514,10514,1
2019-03-28 15:40:43.646,10514,10514,10514,1
2019-03-28 15:40:47.206,10514,10514,10514,3
2019-03-28 15:40:47.266,10514,10514,10514,2
2019-03-28 15:40:47.391,10514,10514,10514,16
2019-03-28 15:40:47.391,10514,10514,10514,3
2019-03-28 15:40:47.392,10514,10514,10514,1
2019-03-28 15:40:47.392,10514,10514,10514,2
2019-03-28 15:40:47.392,10514,10514,10514,1
2019-03-28 15:40:47.392,10514,10514,10514,4
2019-03-28 15:40:47.516,10514,10514,10514,1
2019-03-28 15:40:47.516,10514,10514,10514,1
2019-03-28 15:40:47.516,10514,10514,10514,4
2019-03-28 15:40:47.516,10514,10514,10514,5
2019-03-28 15:40:47.516,10514,10514,10514,4
2019-03-28 15:40:51.247,10513,10513,10513,1
2019-03-28 15:40:51.259,10514,10514,10514,1
2019-03-28 15:41:00.781,10513,10513,10513,2
2019-03-28 15:41:01.162,10513,10513,10513,1
2019-03-28 15:41:01.974,10513,10513,10513,4
2019-03-28 15:41:02.387,10513,10513,10513,1
2019-03-28 15:41:11.697,10512,10512,10512,1
2019-03-28 15:41:11.778,10512,10512,10512,1
2019-03-28 15:41:13.115,10512,10512,10512,1
2019-03-28 15:41:13.119,10512,10512,10512,5
2019-03-28 15:41:13.141,10512,10512,10512,5
2019-03-28 15:41:13.143,10512,10512,10512,9
2019-03-28 15:41:16.122,10511,10511,10511,1
2019-03-28 15:41:16.634,10511,10511,10511,5
2019-03-28 15:41:17.292,10511,10511,10511,1
2019-03-28 15:41:17.386,10511,10511,10511,1
2019-03-28 15:41:17.969,10511,10511,10511,1
2019-03-28 15:41:18.052,10511,10511,10511,1
2019-03-28 15:41:19.755,10512,10512,10512,1
2019-03-28 15:41:21.272,10511,10511,10511,1
2019-03-28 15:41:21.406,10511,10511,10511,1
2019-03-28 15:41:21.575,10511,10511,10511,1
2019-03-28 15:41:23.501,10511,10511,10511,1
2019-03-28 15:41:25.428,10511,10511,10511,1
2019-03-28 15:41:27.960,10511,10511,10511,1
2019-03-28 15:41:29.005,10511,10511,10511,2
2019-03-28 15:41:29.925,10511,10511,10511,1
2019-03-28 15:41:31.635,10511,10511,10511,3
2019-03-28 15:41:32.466,10511,10511,10511,1
2019-03-28 15:41:33.311,10511,10511,10511,1
2019-03-28 15:41:33.972,10511,10511,10511,1
2019-03-28 15:41:36.342,10512,10512,10512,1
2019-03-28 15:41:37.591,10511,10511,10511,1
2019-03-28 15:41:38.074,10511,10511,10511,4
2019-03-28 15:41:39.359,10511,10511,10511,1
2019-03-28 15:41:41.865,10511,10511,10511,1
2019-03-28 15:41:43.022,10511,10511,10511,2
2019-03-28 15:41:44.320,10512,10512,10512,1
2019-03-28 15:41:45.279,10511,10511,10511,12
2019-03-28 15:41:45.601,10511,10511,10511,1
2019-03-28 15:41:46.378,10511,10511,10511,1
2019-03-28 15:41:46.544,10511,10511,10511,1
2019-03-28 15:41:52.275,10511,10511,10511,1
2019-03-28 15:41:52.675,10512,10512,10512,1
2019-03-28 15:41:53.262,10511,10511,10511,1
2019-03-28 15:41:54.172,10511,10511,10511,1
2019-03-28 15:41:54.773,10511,10511,10511,1
2019-03-28 15:41:55.278,10511,10511,10511,2
2019-03-28 15:41:55.518,10511,10511,10511,1
2019-03-28 15:41:57.919,10511,10511,10511,1
2019-03-28 15:41:58.391,10511,10511,10511,1
2019-03-28 15:42:01.288,10511,10511,10511,1
2019-03-28 15:42:02.276,10511,10511,10511,1
2019-03-28 15:42:02.529,10512,10512,10512,1
2019-03-28 15:42:03.642,10511,10511,10511,1
2019-03-28 15:42:05.222,10511,10511,10511,16
2019-03-28 15:42:05.269,10511,10511,10511,9
2019-03-28 15:42:16.144,10511,10511,10511,1
2019-03-28 15:42:18.760,10512,10512,10512,2
2019-03-28 15:42:23.808,10511,10511,10511,1
2019-03-28 15:42:24.080,10511,10511,10511,1
2019-03-28 15:42:25.496,10512,10512,10512,2
2019-03-28 15:42:27.273,10511,10511,10511,1
2019-03-28 15:42:33.025,10511,10511,10511,1
2019-03-28 15:42:33.190,10511,10511,10511,1
2019-03-28 15:42:40.069,10511,10511,10511,2
2019-03-28 15:42:44.594,10511,10511,10511,5
2019-03-28 15:42:46.519,10511,10511,10511,1
2019-03-28 15:42:49.961,10511,10511,10511,1
2019-03-28 15:42:54.897,10511,10511,10511,1
2019-03-28 15:42:57.889,10511,10511,10511,1
2019-03-28 15:43:01.394,10511,10511,10511,1
2019-03-28 15:43:01.898,10512,10512,10512,1
2019-03-28 15:43:02.198,10511,10511,10511,1
2019-03-28 15:43:08.075,10511,10511,10511,1
2019-03-28 15:43:11.426,10511,10511,10511,1
2019-03-28 15:43:20.393,10511,10511,10511,3
2019-03-28 15:43:22.897,10511,10511,10511,2
2019-03-28 15:43:36.080,10512,10512,10512,3
2019-03-28 15:43:43.905,10512,10512,10512,25
2019-03-28 15:43:43.905,10512,10512,10512,3
2019-03-28 15:43:46.141,10513,10513,10513,1
2019-03-28 15:43:48.557,10513,10513,10513,1
2019-03-28 15:43:55.333,10513,10513,10513,1
2019-03-28 15:43:55.843,10513,10513,10513,1
2019-03-28 15:44:01.880,10513,10513,10513,1
2019-03-28 15:44:02.494,10513,10513,10513,2
2019-03-28 15:44:16.370,10513,10513,10513,1
2019-03-28 15:44:23.627,10513,10513,10513,1
2019-03-28 15:44:26.749,10512,10512,10512,1
2019-03-28 15:44:32.616,10513,10513,10513,1
2019-03-28 15:44:40.257,10513,10513,10513,1
2019-03-28 15:44:47.097,10513,10513,10513,2
2019-03-28 15:44:48.955,10512,10512,10512,4
2019-03-28 15:44:56.833,10512,10512,10512,1
2019-03-28 15:45:00.377,10512,10512,10512,1
2019-03-28 15:45:01.216,10512,10512,10512,1
2019-03-28 15:45:01.239,10513,10513,10513,2
2019-03-28 15:45:01.263,10513,10513,10513,4
2019-03-28 15:45:01.668,10512,10512,10512,1
2019-03-28 15:45:01.668,10511,10511,10511,1
2019-03-28 15:45:01.781,10511,10511,10511,2
2019-03-28 15:45:02.097,10511,10511,10511,2
2019-03-28 15:45:02.599,10511,10511,10511,9
2019-03-28 15:45:08.697,10512,10512,10512,1
2019-03-28 15:45:09.548,10511,10511,10511,3
2019-03-28 15:45:14.041,10512,10512,10512,3
2019-03-28 15:45:34.274,10512,10512,10512,7
2019-03-28 15:45:49.676,10511,10511,10511,16
2019-03-28 15:45:59.679,10511,10511,10511,3
2019-03-28 15:46:13.135,10511,10511,10511,1
2019-03-28 15:46:14.036,10511,10511,10511,1
2019-03-28 15:46:20.587,10511,10511,10511,1
2019-03-28 15:46:22.629,10511,10511,10511,1
2019-03-28 15:46:49.804,10512,10512,10512,2
2019-03-28 15:46:50.034,10511,10511,10511,5
2019-03-28 15:46:53.918,10511,10511,10511,5
2019-03-28 15:46:56.494,10512,10512,10512,1
2019-03-28 15:46:58.873,10512,10512,10512,1
2019-03-28 15:46:58.891,10512,10512,10512,1
2019-03-28 15:46:58.922,10512,10512,10512,3
2019-03-28 15:47:02.805,10511,10511,10511,5
2019-03-28 15:47:16.219,10511,10511,10511,1
2019-03-28 15:47:26.552,10512,10512,10512,1
2019-03-28 15:47:26.552,10512,10512,10512,12
2019-03-28 15:47:26.641,10513,10513,10513,5
2019-03-28 15:47:26.642,10513,10513,10513,5
2019-03-28 15:47:26.642,10513,10513,10513,3
2019-03-28 15:47:26.642,10513,10513,10513,1
2019-03-28 15:47:26.642,10513,10513,10513,2
2019-03-28 15:47:26.642,10513,10513,10513,8
2019-03-28 15:47:26.738,10513,10513,10513,1
2019-03-28 15:47:26.738,10513,10513,10513,1
2019-03-28 15:47:26.739,10513,10513,10513,1
2019-03-28 15:47:26.741,10513,10513,10513,3
2019-03-28 15:47:26.766,10513,10513,10513,2
2019-03-28 15:47:26.767,10513,10513,10513,4
2019-03-28 15:47:26.769,10513,10513,10513,1
2019-03-28 15:47:26.891,10513,10513,10513,8
2019-03-28 15:47:26.892,10513,10513,10513,3
2019-03-28 15:47:27.018,10514,10514,10514,1
2019-03-28 15:47:30.915,10512,10512,10512,1
2019-03-28 15:47:35.980,10513,10513,10513,1
2019-03-28 15:47:36.656,10513,10513,10513,2
2019-03-28 15:47:54.651,10513,10513,10513,3
2019-03-28 15:47:54.652,10513,10513,10513,1
2019-03-28 15:48:11.816,10513,10513,10513,1
2019-03-28 15:48:30.853,10513,10513,10513,1
2019-03-28 15:48:38.799,10513,10513,10513,3
2019-03-28 15:48:43.769,10513,10513,10513,1
2019-03-28 15:48:53.571,10512,10512,10512,1
2019-03-28 15:49:08.907,10512,10512,10512,1
2019-03-28 15:49:09.016,10512,10512,10512,9
2019-03-28 15:49:09.141,10512,10512,10512,1
2019-03-28 15:49:15.906,10511,10511,10511,5
2019-03-28 15:49:23.741,10511,10511,10511,1
2019-03-28 15:49:27.798,10511,10511,10511,1
2019-03-28 15:49:32.439,10511,10511,10511,1
2019-03-28 15:49:35.697,10511,10511,10511,1
2019-03-28 15:49:57.891,10512,10512,10512,1
2019-03-28 15:49:58.016,10512,10512,10512,1
2019-03-28 15:49:58.251,10512,10512,10512,1
2019-03-28 15:49:58.266,10512,10512,10512,1
2019-03-28 15:50:03.131,10511,10511,10511,1
2019-03-28 15:50:03.184,10512,10512,10512,2
2019-03-28 15:50:05.849,10511,10511,10511,2
2019-03-28 15:50:29.287,10511,10511,10511,11
2019-03-28 15:50:49.073,10510,10510,10510,1
2019-03-28 15:50:55.972,10511,10511,10511,1
2019-03-28 15:50:58.907,10511,10511,10511,1
2019-03-28 15:51:03.360,10511,10511,10511,1
2019-03-28 15:51:13.216,10510,10510,10510,3
2019-03-28 15:51:15.923,10510,10510,10510,20
2019-03-28 15:51:16.016,10510,10510,10510,1
2019-03-28 15:51:16.141,10510,10510,10510,3
2019-03-28 15:51:16.266,10510,10510,10510,1
2019-03-28 15:51:16.401,10510,10510,10510,2
2019-03-28 15:51:17.113,10510,10510,10510,1
2019-03-28 15:51:22.915,10510,10510,10510,1
2019-03-28 15:51:25.820,10510,10510,10510,2
2019-03-28 15:51:27.466,10511,10511,10511,1
2019-03-28 15:51:50.716,10510,10510,10510,1
2019-03-28 15:51:51.000,10511,10511,10511,1
2019-03-28 15:52:02.333,10510,10510,10510,8
2019-03-28 15:52:04.637,10510,10510,10510,10
2019-03-28 15:52:07.644,10510,10510,10510,1
2019-03-28 15:52:17.947,10510,10510,10510,1
2019-03-28 15:52:32.565,10510,10510,10510,2
2019-03-28 15:52:33.380,10510,10510,10510,8
2019-03-28 15:52:33.380,10510,10510,10510,2
2019-03-28 15:52:33.380,10510,10510,10510,3
2019-03-28 15:52:34.483,10510,10510,10510,3
2019-03-28 15:52:34.483,10511,10511,10511,3
2019-03-28 15:52:35.731,10509,10509,10509,6
2019-03-28 15:52:35.842,10509,10509,10509,1
2019-03-28 15:52:35.867,10509,10509,10509,1
2019-03-28 15:52:36.144,10509,10509,10509,1
2019-03-28 15:52:41.371,10509,10509,10509,1
2019-03-28 15:52:43.271,10509,10509,10509,1
2019-03-28 15:52:52.015,10510,10510,10510,2
2019-03-28 15:52:57.328,10509,10509,10509,1
2019-03-28 15:52:57.391,10509,10509,10509,3
2019-03-28 15:52:57.391,10509,10509,10509,3
2019-03-28 15:52:57.391,10509,10509,10509,13
2019-03-28 15:52:57.392,10509,10509,10509,8
2019-03-28 15:52:57.392,10509,10509,10509,2
2019-03-28 15:52:58.974,10509,10509,10509,1
2019-03-28 15:53:00.745,10508,10508,10508,1
2019-03-28 15:53:00.846,10508,10508,10508,6
2019-03-28 15:53:00.901,10508,10508,10508,1
2019-03-28 15:53:02.437,10508,10508,10508,8
2019-03-28 15:53:03.709,10508,10508,10508,1
2019-03-28 15:53:04.089,10508,10508,10508,1
2019-03-28 15:53:06.788,10508,10508,10508,1
2019-03-28 15:53:06.972,10508,10508,10508,1
2019-03-28 15:53:09.230,10508,10508,10508,1
2019-03-28 15:53:21.532,10508,10508,10508,1
2019-03-28 15:53:21.609,10508,10508,10508,1
2019-03-28 15:53:21.609,10508,10508,10508,3
2019-03-28 15:53:22.035,10508,10508,10508,2
2019-03-28 15:53:22.035,10508,10508,10508,3
2019-03-28 15:53:22.155,10507,10507,10507,1
2019-03-28 15:53:22.348,10508,10508,10508,1
2019-03-28 15:53:22.521,10507,10507,10507,1
2019-03-28 15:53:24.302,10507,10507,10507,1
2019-03-28 15:53:24.344,10507,10507,10507,2
2019-03-28 15:53:24.391,10507,10507,10507,5
2019-03-28 15:53:24.392,10507,10507,10507,4
2019-03-28 15:53:24.460,10507,10507,10507,1
2019-03-28 15:53:26.571,10507,10507,10507,2
2019-03-28 15:53:28.699,10507,10507,10507,1
2019-03-28 15:53:28.699,10507,10507,10507,2
2019-03-28 15:53:30.556,10507,10507,10507,1
2019-03-28 15:53:31.578,10507,10507,10507,3
2019-03-28 15:53:38.431,10507,10507,10507,1
2019-03-28 15:53:42.254,10507,10507,10507,1
2019-03-28 15:53:47.316,10507,10507,10507,1
2019-03-28 15:53:49.161,10507,10507,10507,1
2019-03-28 15:53:52.067,10507,10507,10507,3
2019-03-28 15:53:52.181,10507,10507,10507,1
2019-03-28 15:53:52.181,10507,10507,10507,1
2019-03-28 15:53:53.091,10506,10506,10506,2
2019-03-28 15:53:53.197,10508,10508,10508,1
2019-03-28 15:53:53.408,10506,10506,10506,1
2019-03-28 15:53:57.505,10507,10507,10507,1
2019-03-28 15:53:57.615,10507,10507,10507,1
2019-03-28 15:53:57.763,10507,10507,10507,2
2019-03-28 15:53:57.766,10507,10507,10507,1
2019-03-28 15:54:01.873,10507,10507,10507,1
2019-03-28 15:54:05.389,10507,10507,10507,1
2019-03-28 15:54:10.848,10507,10507,10507,12
2019-03-28 15:54:13.018,10508,10508,10508,1
2019-03-28 15:54:17.104,10507,10507,10507,1
2019-03-28 15:54:17.108,10507,10507,10507,3
2019-03-28 15:54:28.308,10507,10507,10507,4
2019-03-28 15:54:30.613,10507,10507,10507,11
2019-03-28 15:54:30.798,10507,10507,10507,4
2019-03-28 15:54:35.598,10507,10507,10507,2
2019-03-28 15:54:36.141,10507,10507,10507,1
2019-03-28 15:54:37.891,10507,10507,10507,1
2019-03-28 15:54:39.519,10507,10507,10507,2
2019-03-28 15:54:44.694,10507,10507,10507,4
2019-03-28 15:54:49.973,10507,10507,10507,4
2019-03-28 15:54:57.437,10507,10507,10507,1
2019-03-28 15:55:02.642,10507,10507,10507,3
2019-03-28 15:55:04.419,10507,10507,10507,1
2019-03-28 15:55:04.678,10507,10507,10507,1
2019-03-28 15:55:11.992,10507,10507,10507,2
2019-03-28 15:55:29.382,10507,10507,10507,2
2019-03-28 15:55:37.117,10508,10508,10508,21
2019-03-28 15:55:37.141,10508,10508,10508,4
2019-03-28 15:55:48.486,10509,10509,10509,1
2019-03-28 15:55:50.811,10509,10509,10509,1
2019-03-28 15:55:51.711,10509,10509,10509,1
2019-03-28 15:55:52.671,10508,10508,10508,2
2019-03-28 15:56:00.421,10508,10508,10508,1
2019-03-28 15:56:07.254,10508,10508,10508,1
2019-03-28 15:56:07.596,10509,10509,10509,1
2019-03-28 15:56:09.063,10509,10509,10509,3
2019-03-28 15:56:09.141,10509,10509,10509,21
2019-03-28 15:56:13.562,10510,10510,10510,1
2019-03-28 15:56:21.663,10509,10509,10509,1
2019-03-28 15:56:39.109,10509,10509,10509,1
2019-03-28 15:56:42.249,10509,10509,10509,3
2019-03-28 15:56:50.543,10509,10509,10509,1
2019-03-28 15:56:53.000,10510,10510,10510,1
2019-03-28 15:57:03.236,10509,10509,10509,7
2019-03-28 15:57:03.236,10509,10509,10509,7
2019-03-28 15:57:03.267,10508,10508,10508,6
2019-03-28 15:57:03.268,10508,10508,10508,2
2019-03-28 15:57:03.269,10508,10508,10508,2
2019-03-28 15:57:03.270,10508,10508,10508,2
2019-03-28 15:57:03.273,10508,10508,10508,4
2019-03-28 15:57:03.273,10508,10508,10508,1
2019-03-28 15:57:03.396,10507,10507,10507,1
2019-03-28 15:57:03.443,10507,10507,10507,23
2019-03-28 15:57:03.516,10507,10507,10507,8
2019-03-28 15:57:03.516,10507,10507,10507,13
2019-03-28 15:57:03.769,10507,10507,10507,2
2019-03-28 15:57:03.891,10507,10507,10507,1
2019-03-28 15:57:04.707,10507,10507,10507,1
2019-03-28 15:57:04.707,10507,10507,10507,1
2019-03-28 15:57:04.707,10507,10507,10507,4
2019-03-28 15:57:11.850,10508,10508,10508,1
2019-03-28 15:57:20.160,10508,10508,10508,1
2019-03-28 15:57:22.918,10507,10507,10507,2
2019-03-28 15:57:24.000,10507,10507,10507,1
2019-03-28 15:57:33.375,10508,10508,10508,4
2019-03-28 15:57:33.592,10508,10508,10508,9
2019-03-28 15:57:35.410,10508,10508,10508,1
2019-03-28 15:57:35.849,10508,10508,10508,1
2019-03-28 15:57:40.337,10507,10507,10507,13
2019-03-28 15:57:49.992,10508,10508,10508,1
2019-03-28 15:57:54.383,10508,10508,10508,1
2019-03-28 15:57:54.679,10508,10508,10508,1
2019-03-28 15:57:59.221,10508,10508,10508,5
2019-03-28 15:58:02.176,10508,10508,10508,1
2019-03-28 15:58:04.088,10508,10508,10508,2
2019-03-28 15:58:05.004,10508,10508,10508,4
2019-03-28 15:58:09.083,10508,10508,10508,1
2019-03-28 15:58:09.465,10508,10508,10508,1
2019-03-28 15:58:09.518,10508,10508,10508,7
2019-03-28 15:58:14.634,10508,10508,10508,1
2019-03-28 15:58:32.430,10508,10508,10508,1
2019-03-28 15:58:33.278,10509,10509,10509,8
2019-03-28 15:58:33.278,10509,10509,10509,8
2019-03-28 15:58:33.278,10509,10509,10509,4
2019-03-28 15:58:33.308,10509,10509,10509,2
2019-03-28 15:58:33.309,10509,10509,10509,2
2019-03-28 15:58:33.311,10509,10509,10509,2
2019-03-28 15:58:33.393,10510,10510,10510,2
2019-03-28 15:58:33.394,10510,10510,10510,1
2019-03-28 15:58:33.394,10510,10510,10510,3
2019-03-28 15:58:33.394,10510,10510,10510,3
2019-03-28 15:58:43.608,10510,10510,10510,10
2019-03-28 15:58:47.727,10510,10510,10510,1
2019-03-28 15:58:50.266,10511,10511,10511,1
2019-03-28 15:58:51.229,10510,10510,10510,1
2019-03-28 15:58:53.832,10510,10510,10510,1
2019-03-28 15:58:55.572,10510,10510,10510,1
2019-03-28 15:59:01.860,10510,10510,10510,1
2019-03-28 15:59:03.115,10510,10510,10510,1
2019-03-28 15:59:05.577,10510,10510,10510,1
2019-03-28 15:59:13.092,10511,10511,10511,1
2019-03-28 15:59:26.381,10511,10511,10511,9
2019-03-28 15:59:26.381,10511,10511,10511,13
2019-03-28 15:59:26.776,10511,10511,10511,1
2019-03-28 15:59:31.831,10511,10511,10511,2
2019-03-28 15:59:34.868,10511,10511,10511,1
2019-03-28 15:59:39.693,10511,10511,10511,1
2019-03-28 15:59:45.702,10512,10512,10512,1
2019-03-28 15:59:45.796,10512,10512,10512,1
2019-03-28 15:59:45.800,10512,10512,10512,1
2019-03-28 15:59:48.942,10512,10512,10512,1
2019-03-28 15:59:55.307,10512,10512,10512,1
2019-03-28 15:59:56.940,10512,10512,10512,1
2019-03-28 16:00:01.256,10511,10511,10511,3
2019-03-28 16:00:01.256,10511,10511,10511,2
2019-03-28 16:00:02.852,10511,10511,10511,1
2019-03-28 16:00:02.853,10511,10511,10511,1
2019-03-28 16:00:02.891,10512,10512,10512,1
2019-03-28 16:00:02.898,10512,10512,10512,1
2019-03-28 16:00:03.294,10512,10512,10512,1
2019-03-28 16:00:03.548,10511,10511,10511,1
2019-03-28 16:00:05.970,10511,10511,10511,1
2019-03-28 16:00:08.561,10511,10511,10511,3
2019-03-28 16:00:14.025,10511,10511,10511,1
2019-03-28 16:00:16.177,10511,10511,10511,5
2019-03-28 16:00:18.865,10512,10512,10512,1
2019-03-28 16:00:18.891,10512,10512,10512,5
2019-03-28 16:00:18.948,10512,10512,10512,1
2019-03-28 16:00:18.948,10512,10512,10512,3
2019-03-28 16:00:18.949,10512,10512,10512,2
2019-03-28 16:00:18.949,10512,10512,10512,8
2019-03-28 16:00:18.949,10512,10512,10512,1
2019-03-28 16:00:27.301,10512,10512,10512,1
2019-03-28 16:00:28.266,10512,10512,10512,1
2019-03-28 16:00:30.332,10512,10512,10512,5
2019-03-28 16:00:32.147,10512,10512,10512,1
2019-03-28 16:00:39.669,10512,10512,10512,3
2019-03-28 16:00:40.441,10512,10512,10512,1
2019-03-28 16:00:42.543,10512,10512,10512,2
2019-03-28 16:00:58.200,10512,10512,10512,3
2019-03-28 16:01:00.432,10512,10512,10512,1
2019-03-28 16:01:12.892,10512,10512,10512,1
2019-03-28 16:01:13.071,10512,10512,10512,1
2019-03-28 16:01:17.662,10512,10512,10512,1
2019-03-28 16:01:18.212,10512,10512,10512,2
2019-03-28 16:01:18.335,10512,10512,10512,1
2019-03-28 16:01:20.924,10512,10512,10512,1
2019-03-28 16:01:21.062,10512,10512,10512,1
2019-03-28 16:01:21.331,10512,10512,10512,1
2019-03-28 16:01:22.406,10512,10512,10512,1
2019-03-28 16:01:24.848,10512,10512,10512,1
2019-03-28 16:01:44.391,10512,10512,10512,2
2019-03-28 16:01:45.063,10512,10512,10512,2
2019-03-28 16:01:57.719,10512,10512,10512,1
2019-03-28 16:02:00.446,10512,10512,10512,1
2019-03-28 16:02:00.628,10512,10512,10512,1
2019-03-28 16:02:46.464,10512,10512,10512,1
2019-03-28 16:02:47.123,10512,10512,10512,5
2019-03-28 16:02:47.871,10512,10512,10512,1
2019-03-28 16:03:00.030,10512,10512,10512,2
2019-03-28 16:03:05.636,10512,10512,10512,5
2019-03-28 16:03:09.314,10513,10513,10513,1
2019-03-28 16:03:30.568,10513,10513,10513,1
2019-03-28 16:03:32.278,10513,10513,10513,1
2019-03-28 16:03:44.967,10512,10512,10512,1
2019-03-28 16:03:45.157,10512,10512,10512,1
2019-03-28 16:04:04.766,10513,10513,10513,2
2019-03-28 16:04:08.341,10513,10513,10513,15
2019-03-28 16:04:08.391,10513,10513,10513,1
2019-03-28 16:04:12.947,10514,10514,10514,2
2019-03-28 16:04:12.947,10514,10514,10514,2
2019-03-28 16:04:12.956,10514,10514,10514,6
2019-03-28 16:04:15.695,10514,10514,10514,1
2019-03-28 16:04:17.132,10515,10515,10515,3
2019-03-28 16:04:17.171,10515,10515,10515,1
2019-03-28 16:04:18.120,10515,10515,10515,3
2019-03-28 16:04:20.437,10514,10514,10514,1
2019-03-28 16:04:23.535,10514,10514,10514,1
2019-03-28 16:04:25.244,10514,10514,10514,1
2019-03-28 16:04:28.036,10514,10514,10514,2
2019-03-28 16:04:29.865,10513,10513,10513,1
2019-03-28 16:04:30.978,10514,10514,10514,1
2019-03-28 16:04:40.668,10514,10514,10514,1
2019-03-28 16:04:44.029,10514,10514,10514,1
2019-03-28 16:04:48.582,10514,10514,10514,3
2019-03-28 16:04:58.908,10515,10515,10515,7
2019-03-28 16:05:01.208,10515,10515,10515,2
2019-03-28 16:05:07.095,10515,10515,10515,1
2019-03-28 16:05:08.801,10515,10515,10515,2
2019-03-28 16:05:09.738,10514,10514,10514,1
2019-03-28 16:05:10.941,10515,10515,10515,1
2019-03-28 16:05:27.126,10515,10515,10515,2
2019-03-28 16:05:32.978,10515,10515,10515,1
2019-03-28 16:05:35.386,10515,10515,10515,13
2019-03-28 16:05:35.544,10515,10515,10515,2
2019-03-28 16:05:38.334,10515,10515,10515,1
2019-03-28 16:05:40.588,10515,10515,10515,1
2019-03-28 16:05:41.826,10515,10515,10515,1
2019-03-28 16:05:43.055,10515,10515,10515,1
2019-03-28 16:05:53.287,10515,10515,10515,1
2019-03-28 16:05:55.405,10515,10515,10515,1
2019-03-28 16:06:00.341,10515,10515,10515,1
2019-03-28 16:06:02.021,10515,10515,10515,3
2019-03-28 16:06:03.122,10515,10515,10515,1
2019-03-28 16:06:03.122,10516,10516,10516,3
2019-03-28 16:06:03.177,10516,10516,10516,8
2019-03-28 16:06:03.807,10516,10516,10516,1
2019-03-28 16:06:08.505,10515,10515,10515,1
2019-03-28 16:06:13.088,10516,10516,10516,1
2019-03-28 16:06:18.090,10515,10515,10515,1
2019-03-28 16:06:21.211,10515,10515,10515,2
2019-03-28 16:06:22.866,10514,10514,10514,29
2019-03-28 16:06:22.891,10514,10514,10514,2
2019-03-28 16:06:24.014,10514,10514,10514,1
2019-03-28 16:06:30.397,10514,10514,10514,1
2019-03-28 16:06:33.171,10514,10514,10514,1
2019-03-28 16:06:39.409,10514,10514,10514,1
2019-03-28 16:06:42.058,10514,10514,10514,1
2019-03-28 16:06:42.059,10514,10514,10514,3
2019-03-28 16:06:42.563,10514,10514,10514,5
2019-03-28 16:06:43.167,10514,10514,10514,1
2019-03-28 16:06:52.524,10514,10514,10514,1
2019-03-28 16:06:55.020,10514,10514,10514,1
2019-03-28 16:06:55.672,10515,10515,10515,15
2019-03-28 16:07:11.274,10516,10516,10516,5
2019-03-28 16:07:11.274,10516,10516,10516,2
2019-03-28 16:07:11.274,10516,10516,10516,2
2019-03-28 16:07:33.481,10516,10516,10516,2
2019-03-28 16:07:34.110,10516,10516,10516,2
2019-03-28 16:07:37.792,10516,10516,10516,1
2019-03-28 16:07:40.377,10517,10517,10517,1
2019-03-28 16:07:41.382,10517,10517,10517,1
2019-03-28 16:07:47.382,10517,10517,10517,1
2019-03-28 16:07:49.367,10517,10517,10517,1
2019-03-28 16:08:01.366,10517,10517,10517,8
2019-03-28 16:08:01.366,10517,10517,10517,4
2019-03-28 16:08:01.391,10517,10517,10517,2
2019-03-28 16:08:01.391,10517,10517,10517,2
2019-03-28 16:08:01.391,10517,10517,10517,1
2019-03-28 16:08:01.391,10517,10517,10517,4
2019-03-28 16:08:01.393,10517,10517,10517,2
2019-03-28 16:08:06.168,10517,10517,10517,1
2019-03-28 16:08:06.965,10517,10517,10517,2
2019-03-28 16:08:12.647,10517,10517,10517,1
2019-03-28 16:08:13.822,10517,10517,10517,1
2019-03-28 16:08:15.643,10517,10517,10517,4
2019-03-28 16:08:20.715,10517,10517,10517,3
2019-03-28 16:08:23.165,10517,10517,10517,3
2019-03-28 16:08:27.766,10517,10517,10517,6
2019-03-28 16:08:33.791,10517,10517,10517,1
2019-03-28 16:08:35.246,10516,10516,10516,5
2019-03-28 16:08:35.247,10516,10516,10516,12
2019-03-28 16:08:40.972,10516,10516,10516,1
2019-03-28 16:08:54.695,10516,10516,10516,1
2019-03-28 16:09:16.887,10516,10516,10516,1
2019-03-28 16:09:30.165,10516,10516,10516,5
2019-03-28 16:09:41.274,10517,10517,10517,3
2019-03-28 16:09:41.322,10517,10517,10517,8
2019-03-28 16:09:41.490,10517,10517,10517,5
2019-03-28 16:09:41.793,10517,10517,10517,1
2019-03-28 16:09:59.660,10517,10517,10517,5
2019-03-28 16:10:01.262,10518,10518,10518,1
2019-03-28 16:10:01.601,10518,10518,10518,1
2019-03-28 16:10:01.896,10518,10518,10518,2
2019-03-28 16:10:01.925,10518,10518,10518,1
2019-03-28 16:10:02.838,10518,10518,10518,1
2019-03-28 16:10:07.016,10517,10517,10517,3
2019-03-28 16:10:07.254,10517,10517,10517,1
2019-03-28 16:10:07.279,10517,10517,10517,1
2019-03-28 16:10:11.753,10517,10517,10517,1
2019-03-28 16:10:12.780,10517,10517,10517,2
2019-03-28 16:10:15.390,10517,10517,10517,1
2019-03-28 16:10:18.558,10517,10517,10517,1
2019-03-28 16:10:20.253,10517,10517,10517,2
2019-03-28 16:10:28.032,10517,10517,10517,1
2019-03-28 16:10:32.512,10517,10517,10517,1
2019-03-28 16:10:35.153,10516,10516,10516,21
2019-03-28 16:10:35.155,10516,10516,10516,1
2019-03-28 16:10:36.605,10516,10516,10516,1
2019-03-28 16:10:38.254,10516,10516,10516,1
2019-03-28 16:10:46.559,10516,10516,10516,3
2019-03-28 16:10:51.406,10516,10516,10516,1
2019-03-28 16:10:56.755,10516,10516,10516,5
2019-03-28 16:11:00.206,10516,10516,10516,2
2019-03-28 16:11:00.473,10516,10516,10516,1
2019-03-28 16:11:12.044,10516,10516,10516,1
2019-03-28 16:11:14.492,10517,10517,10517,3
2019-03-28 16:11:26.467,10517,10517,10517,4
2019-03-28 16:11:27.751,10517,10517,10517,1
2019-03-28 16:11:37.626,10517,10517,10517,1
2019-03-28 16:11:52.656,10517,10517,10517,1
2019-03-28 16:11:52.828,10517,10517,10517,6
2019-03-28 16:11:52.828,10518,10518,10518,4
2019-03-28 16:11:55.266,10517,10517,10517,1
2019-03-28 16:11:55.311,10517,10517,10517,1
2019-03-28 16:11:59.384,10517,10517,10517,1
2019-03-28 16:12:02.600,10517,10517,10517,1
2019-03-28 16:12:16.664,10517,10517,10517,1
2019-03-28 16:12:20.947,10517,10517,10517,1
2019-03-28 16:12:37.592,10517,10517,10517,7
2019-03-28 16:12:40.454,10517,10517,10517,6
2019-03-28 16:12:44.407,10517,10517,10517,3
2019-03-28 16:12:46.766,10517,10517,10517,1
2019-03-28 16:12:46.766,10517,10517,10517,1
2019-03-28 16:12:46.769,10517,10517,10517,1
2019-03-28 16:12:47.934,10517,10517,10517,1
2019-03-28 16:12:52.496,10517,10517,10517,1
2019-03-28 16:12:53.247,10517,10517,10517,1
2019-03-28 16:12:56.182,10517,10517,10517,1
2019-03-28 16:13:01.949,10517,10517,10517,1
2019-03-28 16:13:04.669,10518,10518,10518,2
2019-03-28 16:13:04.670,10518,10518,10518,4
2019-03-28 16:13:04.673,10518,10518,10518,1
2019-03-28 16:13:04.673,10518,10518,10518,6
2019-03-28 16:13:04.673,10518,10518,10518,6
2019-03-28 16:13:04.673,10518,10518,10518,1
2019-03-28 16:13:04.673,10518,10518,10518,3
2019-03-28 16:13:04.673,10518,10518,10518,1
2019-03-28 16:13:04.674,10518,10518,10518,4
2019-03-28 16:13:04.766,10518,10518,10518,5
2019-03-28 16:13:04.766,10518,10518,10518,2
2019-03-28 16:13:07.734,10518,10518,10518,1
2019-03-28 16:13:17.174,10517,10517,10517,2
2019-03-28 16:13:17.803,10517,10517,10517,4
2019-03-28 16:13:20.516,10517,10517,10517,2
2019-03-28 16:13:24.408,10517,10517,10517,10
2019-03-28 16:13:24.408,10518,10518,10518,13
2019-03-28 16:13:39.301,10517,10517,10517,1
2019-03-28 16:13:47.178,10517,10517,10517,1
2019-03-28 16:13:48.281,10517,10517,10517,3
2019-03-28 16:13:48.429,10516,10516,10516,1
2019-03-28 16:14:05.118,10517,10517,10517,1
2019-03-28 16:14:05.733,10516,10516,10516,1
2019-03-28 16:14:26.215,10516,10516,10516,1
2019-03-28 16:14:31.714,10516,10516,10516,1
2019-03-28 16:14:36.826,10516,10516,10516,1
2019-03-28 16:14:38.906,10516,10516,10516,2
2019-03-28 16:14:48.136,10516,10516,10516,1
2019-03-28 16:14:48.509,10516,10516,10516,1
2019-03-28 16:14:56.262,10516,10516,10516,1
2019-03-28 16:14:58.162,10517,10517,10517,5
2019-03-28 16:14:58.514,10517,10517,10517,1
2019-03-28 16:15:00.717,10518,10518,10518,2
2019-03-28 16:15:00.956,10518,10518,10518,2
2019-03-28 16:15:01.016,10518,10518,10518,4
2019-03-28 16:15:01.526,10519,10519,10519,1
2019-03-28 16:15:01.844,10517,10517,10517,1
2019-03-28 16:15:02.994,10519,10519,10519,2
2019-03-28 16:15:07.109,10518,10518,10518,1
2019-03-28 16:15:07.345,10518,10518,10518,4
2019-03-28 16:15:07.345,10518,10518,10518,1
2019-03-28 16:15:09.483,10517,10517,10517,1
2019-03-28 16:15:17.994,10516,10516,10516,1
2019-03-28 16:15:19.590,10518,10518,10518,1
2019-03-28 16:15:27.439,10516,10516,10516,5
2019-03-28 16:15:29.023,10518,10518,10518,1
2019-03-28 16:15:31.566,10518,10518,10518,1
2019-03-28 16:15:39.507,10516,10516,10516,1
2019-03-28 16:15:59.997,10517,10517,10517,3
2019-03-28 16:16:02.190,10516,10516,10516,1
2019-03-28 16:16:05.925,10517,10517,10517,1
2019-03-28 16:16:06.399,10517,10517,10517,1
2019-03-28 16:16:51.629,10517,10517,10517,1
2019-03-28 16:16:51.630,10517,10517,10517,2
2019-03-28 16:16:51.630,10517,10517,10517,8
2019-03-28 16:17:05.835,10517,10517,10517,3
2019-03-28 16:17:07.100,10517,10517,10517,3
2019-03-28 16:17:08.167,10517,10517,10517,3
2019-03-28 16:17:11.500,10517,10517,10517,2
2019-03-28 16:17:11.500,10517,10517,10517,1
2019-03-28 16:17:11.500,10517,10517,10517,1
2019-03-28 16:17:19.805,10517,10517,10517,2
2019-03-28 16:17:30.922,10518,10518,10518,7
2019-03-28 16:17:38.447,10518,10518,10518,1
2019-03-28 16:17:43.995,10518,10518,10518,1
2019-03-28 16:17:45.348,10518,10518,10518,2
2019-03-28 16:17:52.462,10518,10518,10518,5
2019-03-28 16:17:55.134,10517,10517,10517,1
2019-03-28 16:18:06.345,10518,10518,10518,2
2019-03-28 16:18:07.789,10518,10518,10518,1
2019-03-28 16:18:26.395,10518,10518,10518,19
2019-03-28 16:19:17.295,10518,10518,10518,1
2019-03-28 16:19:17.421,10518,10518,10518,1
2019-03-28 16:19:17.422,10518,10518,10518,3
2019-03-28 16:19:17.423,10518,10518,10518,12
2019-03-28 16:19:17.423,10518,10518,10518,1
2019-03-28 16:19:23.833,10518,10518,10518,1
2019-03-28 16:19:25.925,10518,10518,10518,1
2019-03-28 16:19:29.839,10518,10518,10518,1
2019-03-28 16:19:36.766,10517,10517,10517,7
2019-03-28 16:19:36.891,10517,10517,10517,8
2019-03-28 16:19:39.479,10518,10518,10518,1
2019-03-28 16:19:53.145,10518,10518,10518,6
2019-03-28 16:19:53.814,10518,10518,10518,1
2019-03-28 16:19:57.142,10518,10518,10518,1
2019-03-28 16:20:00.006,10518,10518,10518,1
2019-03-28 16:20:01.147,10518,10518,10518,6
2019-03-28 16:20:01.266,10518,10518,10518,2
2019-03-28 16:20:06.560,10518,10518,10518,1
2019-03-28 16:20:18.346,10518,10518,10518,1
2019-03-28 16:20:18.347,10518,10518,10518,1
2019-03-28 16:20:34.846,10517,10517,10517,6
2019-03-28 16:20:34.891,10517,10517,10517,7
2019-03-28 16:20:50.999,10517,10517,10517,5
2019-03-28 16:20:50.999,10517,10517,10517,4
2019-03-28 16:20:51.643,10517,10517,10517,1
2019-03-28 16:21:19.641,10517,10517,10517,4
2019-03-28 16:21:22.891,10516,10516,10516,6
2019-03-28 16:21:23.016,10516,10516,10516,3
2019-03-28 16:21:23.016,10516,10516,10516,2
2019-03-28 16:21:23.171,10516,10516,10516,1
2019-03-28 16:21:23.171,10516,10516,10516,18
2019-03-28 16:21:23.172,10516,10516,10516,3
2019-03-28 16:21:23.172,10516,10516,10516,2
2019-03-28 16:21:32.463,10516,10516,10516,1
2019-03-28 16:21:36.902,10515,10515,10515,1
2019-03-28 16:21:37.048,10515,10515,10515,1
2019-03-28 16:21:37.052,10515,10515,10515,1
2019-03-28 16:21:37.361,10515,10515,10515,1
2019-03-28 16:21:50.235,10515,10515,10515,1
2019-03-28 16:21:52.995,10516,10516,10516,1
2019-03-28 16:21:59.815,10516,10516,10516,1
2019-03-28 16:21:59.818,10516,10516,10516,1
2019-03-28 16:21:59.818,10516,10516,10516,1
2019-03-28 16:22:00.933,10516,10516,10516,2
2019-03-28 16:22:02.147,10517,10517,10517,1
2019-03-28 16:22:06.458,10516,10516,10516,41
2019-03-28 16:22:13.292,10516,10516,10516,1
2019-03-28 16:22:16.842,10516,10516,10516,1
2019-03-28 16:22:23.841,10516,10516,10516,1
2019-03-28 16:22:25.314,10516,10516,10516,2
2019-03-28 16:22:35.504,10516,10516,10516,1
2019-03-28 16:22:39.565,10516,10516,10516,1
2019-03-28 16:22:41.338,10516,10516,10516,1
2019-03-28 16:22:52.901,10515,10515,10515,1
2019-03-28 16:22:53.074,10515,10515,10515,6
2019-03-28 16:23:07.195,10515,10515,10515,5
2019-03-28 16:23:19.992,10515,10515,10515,1
2019-03-28 16:23:20.348,10516,10516,10516,2
2019-03-28 16:23:23.046,10516,10516,10516,1
2019-03-28 16:23:23.573,10515,10515,10515,1
2019-03-28 16:23:53.407,10516,10516,10516,1
2019-03-28 16:23:53.436,10516,10516,10516,1
2019-03-28 16:23:53.504,10516,10516,10516,1
2019-03-28 16:23:53.535,10516,10516,10516,1
2019-03-28 16:23:53.555,10516,10516,10516,1
2019-03-28 16:24:08.309,10516,10516,10516,1
2019-03-28 16:24:09.803,10516,10516,10516,1
2019-03-28 16:24:14.766,10516,10516,10516,2
2019-03-28 16:24:14.923,10516,10516,10516,3
2019-03-28 16:24:14.923,10516,10516,10516,1
2019-03-28 16:24:14.925,10516,10516,10516,1
2019-03-28 16:24:16.167,10516,10516,10516,1
2019-03-28 16:24:32.092,10516,10516,10516,1
2019-03-28 16:24:46.467,10516,10516,10516,1
2019-03-28 16:25:01.583,10517,10517,10517,1
2019-03-28 16:25:01.583,10517,10517,10517,1
2019-03-28 16:25:04.117,10517,10517,10517,7
2019-03-28 16:25:04.577,10518,10518,10518,1
2019-03-28 16:25:07.699,10518,10518,10518,1
2019-03-28 16:25:18.469,10518,10518,10518,1
2019-03-28 16:25:26.154,10518,10518,10518,1
2019-03-28 16:25:37.703,10518,10518,10518,1
2019-03-28 16:26:18.590,10517,10517,10517,1
2019-03-28 16:26:18.591,10517,10517,10517,1
2019-03-28 16:26:21.455,10517,10517,10517,1
2019-03-28 16:26:39.652,10517,10517,10517,1
2019-03-28 16:26:45.956,10517,10517,10517,3
2019-03-28 16:27:29.611,10516,10516,10516,1
2019-03-28 16:27:29.620,10516,10516,10516,1
2019-03-28 16:27:29.621,10516,10516,10516,12
2019-03-28 16:27:40.030,10516,10516,10516,1
2019-03-28 16:27:41.660,10515,10515,10515,1
2019-03-28 16:27:43.306,10515,10515,10515,1
2019-03-28 16:27:49.141,10515,10515,10515,8
2019-03-28 16:27:49.303,10515,10515,10515,1
2019-03-28 16:28:30.074,10515,10515,10515,1
2019-03-28 16:28:32.200,10514,10514,10514,3
2019-03-28 16:28:32.302,10513,10513,10513,1
2019-03-28 16:28:32.393,10514,10514,10514,3
2019-03-28 16:28:32.398,10514,10514,10514,2
2019-03-28 16:28:35.933,10514,10514,10514,5
2019-03-28 16:28:35.933,10514,10514,10514,1
2019-03-28 16:28:35.933,10514,10514,10514,2
2019-03-28 16:28:41.259,10514,10514,10514,1
2019-03-28 16:28:49.997,10514,10514,10514,1
2019-03-28 16:28:56.352,10514,10514,10514,1
2019-03-28 16:28:58.135,10514,10514,10514,4
2019-03-28 16:28:58.566,10514,10514,10514,1
2019-03-28 16:29:22.667,10514,10514,10514,1
2019-03-28 16:29:59.369,10515,10515,10515,2
2019-03-28 16:30:02.669,10515,10515,10515,1
2019-03-28 16:30:03.714,10515,10515,10515,1
2019-03-28 16:30:10.069,10515,10515,10515,1
2019-03-28 16:30:13.571,10515,10515,10515,1
2019-03-28 16:30:16.358,10516,10516,10516,1
2019-03-28 16:30:21.596,10515,10515,10515,1
2019-03-28 16:30:23.836,10515,10515,10515,1
2019-03-28 16:30:35.543,10515,10515,10515,1
2019-03-28 16:30:45.840,10514,10514,10514,1
2019-03-28 16:30:54.990,10515,10515,10515,5
2019-03-28 16:30:55.674,10515,10515,10515,10
2019-03-28 16:30:57.461,10515,10515,10515,2
2019-03-28 16:31:03.350,10515,10515,10515,3
2019-03-28 16:31:03.391,10515,10515,10515,1
2019-03-28 16:31:04.546,10515,10515,10515,1
2019-03-28 16:31:04.546,10515,10515,10515,1
2019-03-28 16:31:04.575,10515,10515,10515,1
2019-03-28 16:31:04.575,10515,10515,10515,2
2019-03-28 16:31:04.576,10515,10515,10515,1
2019-03-28 16:31:04.576,10515,10515,10515,2
2019-03-28 16:31:04.576,10515,10515,10515,2
2019-03-28 16:31:04.576,10515,10515,10515,1
2019-03-28 16:31:04.604,10515,10515,10515,2
2019-03-28 16:31:04.604,10515,10515,10515,2
2019-03-28 16:31:05.562,10514,10514,10514,1
2019-03-28 16:31:06.462,10515,10515,10515,1
2019-03-28 16:31:31.444,10515,10515,10515,1
2019-03-28 16:31:32.943,10515,10515,10515,1
2019-03-28 16:31:33.927,10515,10515,10515,1
2019-03-28 16:31:37.005,10515,10515,10515,1
2019-03-28 16:31:54.705,10515,10515,10515,1
2019-03-28 16:31:54.766,10515,10515,10515,1
2019-03-28 16:32:02.288,10515,10515,10515,1
2019-03-28 16:32:34.386,10515,10515,10515,1
2019-03-28 16:32:39.439,10515,10515,10515,3
2019-03-28 16:33:00.373,10515,10515,10515,2
2019-03-28 16:33:00.373,10515,10515,10515,1
2019-03-28 16:33:00.581,10516,10516,10516,1
2019-03-28 16:33:06.741,10515,10515,10515,1
2019-03-28 16:33:18.016,10515,10515,10515,1
2019-03-28 16:33:18.016,10515,10515,10515,2
2019-03-28 16:33:19.181,10515,10515,10515,1
2019-03-28 16:33:22.577,10515,10515,10515,1
2019-03-28 16:33:46.616,10514,10514,10514,1
2019-03-28 16:33:46.620,10514,10514,10514,15
2019-03-28 16:33:46.641,10514,10514,10514,1
2019-03-28 16:33:46.641,10514,10514,10514,1
2019-03-28 16:33:52.555,10514,10514,10514,1
2019-03-28 16:34:21.391,10515,10515,10515,1
2019-03-28 16:34:27.752,10515,10515,10515,7
2019-03-28 16:34:50.097,10516,10516,10516,1
2019-03-28 16:34:50.141,10516,10516,10516,1
2019-03-28 16:34:50.142,10516,10516,10516,10
2019-03-28 16:34:55.903,10517,10517,10517,2
2019-03-28 16:34:55.903,10517,10517,10517,7
2019-03-28 16:34:59.632,10518,10518,10518,1
2019-03-28 16:34:59.721,10518,10518,10518,1
2019-03-28 16:35:00.694,10518,10518,10518,1
2019-03-28 16:35:01.151,10518,10518,10518,1
2019-03-28 16:35:01.172,10518,10518,10518,1
2019-03-28 16:35:01.611,10518,10518,10518,1
2019-03-28 16:35:05.373,10518,10518,10518,1
2019-03-28 16:35:05.614,10518,10518,10518,1
2019-03-28 16:35:22.274,10518,10518,10518,5
2019-03-28 16:35:25.843,10518,10518,10518,18
2019-03-28 16:35:25.843,10518,10518,10518,2
2019-03-28 16:35:25.891,10518,10518,10518,3
2019-03-28 16:35:25.891,10518,10518,10518,4
2019-03-28 16:35:28.998,10518,10518,10518,10
2019-03-28 16:35:30.077,10519,10519,10519,1
2019-03-28 16:35:30.077,10519,10519,10519,1
2019-03-28 16:35:30.090,10519,10519,10519,2
2019-03-28 16:35:30.092,10519,10519,10519,4
2019-03-28 16:35:30.092,10519,10519,10519,11
2019-03-28 16:35:30.093,10519,10519,10519,5
2019-03-28 16:35:30.098,10519,10519,10519,1
2019-03-28 16:35:30.099,10519,10519,10519,2
2019-03-28 16:35:30.099,10519,10519,10519,4
2019-03-28 16:35:30.100,10519,10519,10519,7
2019-03-28 16:35:30.100,10519,10519,10519,1
2019-03-28 16:35:30.101,10519,10519,10519,3
2019-03-28 16:35:30.101,10519,10519,10519,5
2019-03-28 16:35:30.101,10519,10519,10519,4
2019-03-28 16:35:30.103,10519,10519,10519,2
2019-03-28 16:35:30.104,10519,10519,10519,1
2019-03-28 16:35:30.143,10520,10520,10520,1
2019-03-28 16:35:30.257,10519,10519,10519,1
2019-03-28 16:35:30.257,10519,10519,10519,5
2019-03-28 16:35:30.257,10519,10519,10519,4
2019-03-28 16:35:30.257,10519,10519,10519,1
2019-03-28 16:35:30.257,10519,10519,10519,1
2019-03-28 16:35:30.269,10519,10519,10519,7
2019-03-28 16:35:30.335,10520,10520,10520,1
2019-03-28 16:35:30.455,10520,10520,10520,5
2019-03-28 16:35:30.724,10520,10520,10520,1
2019-03-28 16:35:31.841,10520,10520,10520,13
2019-03-28 16:35:32.196,10519,10519,10519,1
2019-03-28 16:35:32.467,10519,10519,10519,2
2019-03-28 16:35:33.334,10520,10520,10520,8
2019-03-28 16:35:33.334,10520,10520,10520,8
2019-03-28 16:35:33.334,10520,10520,10520,7
2019-03-28 16:35:33.334,10520,10520,10520,7
2019-03-28 16:35:33.391,10520,10520,10520,8
2019-03-28 16:35:33.391,10520,10520,10520,4
2019-03-28 16:35:33.392,10520,10520,10520,3
2019-03-28 16:35:33.392,10520,10520,10520,2
2019-03-28 16:35:33.392,10520,10520,10520,4
2019-03-28 16:35:33.516,10520,10520,10520,2
2019-03-28 16:35:33.516,10520,10520,10520,2
2019-03-28 16:35:33.517,10520,10520,10520,4
2019-03-28 16:35:33.571,10520,10520,10520,4
2019-03-28 16:35:40.286,10520,10520,10520,2
2019-03-28 16:35:40.321,10520,10520,10520,2
2019-03-28 16:35:40.382,10520,10520,10520,4
2019-03-28 16:35:40.382,10520,10520,10520,3
2019-03-28 16:35:40.382,10520,10520,10520,2
2019-03-28 16:35:40.644,10520,10520,10520,4
2019-03-28 16:35:41.598,10521,10521,10521,1
2019-03-28 16:35:41.682,10521,10521,10521,1
2019-03-28 16:35:41.760,10521,10521,10521,1
2019-03-28 16:35:42.607,10521,10521,10521,1
2019-03-28 16:35:42.862,10521,10521,10521,1
2019-03-28 16:35:43.710,10520,10520,10520,1
2019-03-28 16:35:45.214,10520,10520,10520,1
2019-03-28 16:35:47.340,10521,10521,10521,45
2019-03-28 16:35:47.394,10521,10521,10521,5
2019-03-28 16:35:53.374,10522,10522,10522,1
2019-03-28 16:35:53.456,10521,10521,10521,1
2019-03-28 16:35:54.791,10522,10522,10522,4
2019-03-28 16:35:55.479,10522,10522,10522,1
2019-03-28 16:35:55.734,10522,10522,10522,3
2019-03-28 16:36:01.770,10522,10522,10522,40
2019-03-28 16:36:01.891,10522,10522,10522,2
2019-03-28 16:36:01.892,10522,10522,10522,2
2019-03-28 16:36:01.892,10522,10522,10522,1
2019-03-28 16:36:02.392,10522,10522,10522,1
2019-03-28 16:36:04.145,10522,10522,10522,2
2019-03-28 16:36:04.475,10523,10523,10523,1
2019-03-28 16:36:04.544,10523,10523,10523,1
2019-03-28 16:36:04.568,10523,10523,10523,2
2019-03-28 16:36:04.583,10522,10522,10522,1
2019-03-28 16:36:04.584,10523,10523,10523,2
2019-03-28 16:36:04.619,10523,10523,10523,2
2019-03-28 16:36:04.621,10523,10523,10523,2
2019-03-28 16:36:04.638,10523,10523,10523,1
2019-03-28 16:36:04.639,10523,10523,10523,1
2019-03-28 16:36:04.652,10523,10523,10523,1
2019-03-28 16:36:04.689,10523,10523,10523,1
2019-03-28 16:36:04.729,10523,10523,10523,1
2019-03-28 16:36:04.731,10523,10523,10523,1
2019-03-28 16:36:04.741,10523,10523,10523,1
2019-03-28 16:36:04.745,10523,10523,10523,1
2019-03-28 16:36:04.841,10523,10523,10523,1
2019-03-28 16:36:04.915,10523,10523,10523,1
2019-03-28 16:36:04.924,10523,10523,10523,3
2019-03-28 16:36:04.973,10523,10523,10523,4
2019-03-28 16:36:04.987,10523,10523,10523,4
2019-03-28 16:36:04.994,10523,10523,10523,4
2019-03-28 16:36:05.009,10523,10523,10523,1
2019-03-28 16:36:05.016,10523,10523,10523,2
2019-03-28 16:36:05.032,10523,10523,10523,1
2019-03-28 16:36:05.051,10523,10523,10523,1
2019-03-28 16:36:05.097,10523,10523,10523,1
2019-03-28 16:36:05.114,10523,10523,10523,2
2019-03-28 16:36:05.190,10523,10523,10523,1
2019-03-28 16:36:05.194,10523,10523,10523,1
2019-03-28 16:36:05.209,10523,10523,10523,1
2019-03-28 16:36:05.255,10523,10523,10523,4
2019-03-28 16:36:05.286,10524,10524,10524,1
2019-03-28 16:36:05.341,10524,10524,10524,1
2019-03-28 16:36:05.344,10524,10524,10524,1
2019-03-28 16:36:05.346,10524,10524,10524,1
2019-03-28 16:36:05.412,10524,10524,10524,1
2019-03-28 16:36:05.419,10524,10524,10524,1
2019-03-28 16:36:05.448,10524,10524,10524,1
2019-03-28 16:36:05.449,10524,10524,10524,1
2019-03-28 16:36:05.456,10524,10524,10524,2
2019-03-28 16:36:05.476,10524,10524,10524,1
2019-03-28 16:36:05.478,10524,10524,10524,2
2019-03-28 16:36:05.569,10524,10524,10524,1
2019-03-28 16:36:05.597,10524,10524,10524,1
2019-03-28 16:36:05.680,10524,10524,10524,1
2019-03-28 16:36:05.738,10524,10524,10524,4
2019-03-28 16:36:05.742,10524,10524,10524,1
2019-03-28 16:36:05.744,10524,10524,10524,2
2019-03-28 16:36:05.746,10524,10524,10524,1
2019-03-28 16:36:05.750,10524,10524,10524,1
2019-03-28 16:36:05.790,10524,10524,10524,1
2019-03-28 16:36:05.807,10524,10524,10524,1
2019-03-28 16:36:05.922,10524,10524,10524,4
2019-03-28 16:36:06.004,10524,10524,10524,1
2019-03-28 16:36:06.156,10524,10524,10524,1
2019-03-28 16:36:06.334,10524,10524,10524,1
2019-03-28 16:36:06.453,10524,10524,10524,1
2019-03-28 16:36:06.589,10524,10524,10524,1
2019-03-28 16:36:06.636,10523,10523,10523,1
2019-03-28 16:36:06.879,10524,10524,10524,1
2019-03-28 16:36:08.080,10523,10523,10523,1
2019-03-28 16:36:09.977,10523,10523,10523,2
2019-03-28 16:36:10.178,10523,10523,10523,5
2019-03-28 16:36:10.579,10523,10523,10523,4
2019-03-28 16:36:10.579,10524,10524,10524,6
2019-03-28 16:36:12.546,10524,10524,10524,1
2019-03-28 16:36:12.596,10524,10524,10524,1
2019-03-28 16:36:12.836,10524,10524,10524,1
2019-03-28 16:36:14.121,10523,10523,10523,1
2019-03-28 16:36:14.648,10524,10524,10524,1
2019-03-28 16:36:18.012,10524,10524,10524,2
2019-03-28 16:36:20.660,10524,10524,10524,1
2019-03-28 16:36:21.985,10523,10523,10523,1
2019-03-28 16:36:22.398,10524,10524,10524,1
2019-03-28 16:36:23.046,10524,10524,10524,1
2019-03-28 16:36:25.722,10524,10524,10524,15
2019-03-28 16:36:28.978,10524,10524,10524,1
2019-03-28 16:36:30.283,10523,10523,10523,1
2019-03-28 16:36:30.758,10524,10524,10524,21
2019-03-28 16:36:31.016,10523,10523,10523,3
2019-03-28 16:36:31.017,10523,10523,10523,3
2019-03-28 16:36:33.226,10523,10523,10523,1
2019-03-28 16:36:33.772,10523,10523,10523,1
2019-03-28 16:36:33.812,10523,10523,10523,1
2019-03-28 16:36:34.734,10523,10523,10523,1
2019-03-28 16:36:35.808,10523,10523,10523,1
2019-03-28 16:36:37.694,10524,10524,10524,5
2019-03-28 16:36:37.719,10524,10524,10524,2
2019-03-28 16:36:38.808,10524,10524,10524,1
2019-03-28 16:36:41.048,10524,10524,10524,1
2019-03-28 16:36:43.730,10524,10524,10524,1
2019-03-28 16:36:46.088,10524,10524,10524,1
2019-03-28 16:36:48.556,10524,10524,10524,1
2019-03-28 16:36:48.750,10524,10524,10524,10
2019-03-28 16:36:50.482,10524,10524,10524,1
2019-03-28 16:36:50.482,10524,10524,10524,1
2019-03-28 16:36:50.482,10524,10524,10524,1
2019-03-28 16:36:50.695,10523,10523,10523,1
2019-03-28 16:36:52.307,10524,10524,10524,1
2019-03-28 16:36:53.774,10523,10523,10523,1
2019-03-28 16:36:53.774,10523,10523,10523,1
2019-03-28 16:36:54.881,10523,10523,10523,1
2019-03-28 16:36:55.578,10523,10523,10523,1
2019-03-28 16:36:55.641,10523,10523,10523,23
2019-03-28 16:36:55.766,10523,10523,10523,12
2019-03-28 16:36:55.766,10523,10523,10523,2
2019-03-28 16:36:55.891,10523,10523,10523,11
2019-03-28 16:36:55.891,10523,10523,10523,2
2019-03-28 16:36:55.891,10523,10523,10523,8
2019-03-28 16:36:56.018,10522,10522,10522,1
2019-03-28 16:36:56.018,10522,10522,10522,1
2019-03-28 16:36:56.087,10523,10523,10523,1
2019-03-28 16:36:59.768,10523,10523,10523,2
2019-03-28 16:37:01.868,10523,10523,10523,2
2019-03-28 16:37:02.003,10522,10522,10522,1
2019-03-28 16:37:03.563,10523,10523,10523,1
2019-03-28 16:37:05.163,10523,10523,10523,1
2019-03-28 16:37:06.952,10523,10523,10523,3
2019-03-28 16:37:25.612,10523,10523,10523,1
2019-03-28 16:37:25.739,10522,10522,10522,1
2019-03-28 16:37:27.294,10522,10522,10522,1
2019-03-28 16:37:27.755,10522,10522,10522,1
2019-03-28 16:37:27.990,10522,10522,10522,1
2019-03-28 16:37:28.016,10522,10522,10522,1
2019-03-28 16:37:28.820,10522,10522,10522,1
2019-03-28 16:37:28.871,10523,10523,10523,1
2019-03-28 16:37:29.089,10523,10523,10523,1
2019-03-28 16:37:29.363,10522,10522,10522,2
2019-03-28 16:37:30.530,10522,10522,10522,1
2019-03-28 16:37:33.980,10522,10522,10522,1
2019-03-28 16:37:34.046,10523,10523,10523,1
2019-03-28 16:37:34.156,10522,10522,10522,1
2019-03-28 16:37:34.470,10522,10522,10522,1
2019-03-28 16:37:35.107,10522,10522,10522,1
2019-03-28 16:37:35.428,10522,10522,10522,1
2019-03-28 16:37:36.735,10522,10522,10522,1
2019-03-28 16:37:37.077,10523,10523,10523,1
2019-03-28 16:37:40.643,10522,10522,10522,1
2019-03-28 16:37:42.959,10523,10523,10523,5
2019-03-28 16:38:00.767,10522,10522,10522,1
2019-03-28 16:38:06.735,10523,10523,10523,3
2019-03-28 16:38:09.934,10522,10522,10522,1
2019-03-28 16:38:12.069,10523,10523,10523,1
2019-03-28 16:38:12.846,10523,10523,10523,1
2019-03-28 16:38:14.355,10522,10522,10522,2
2019-03-28 16:38:14.528,10523,10523,10523,1
2019-03-28 16:38:19.353,10522,10522,10522,2
2019-03-28 16:38:27.632,10522,10522,10522,1
2019-03-28 16:38:28.746,10522,10522,10522,5
2019-03-28 16:38:28.893,10521,10521,10521,1
2019-03-28 16:38:30.115,10521,10521,10521,2
2019-03-28 16:38:31.769,10522,10522,10522,1
2019-03-28 16:38:36.172,10521,10521,10521,1
2019-03-28 16:38:36.981,10521,10521,10521,5
2019-03-28 16:38:49.016,10522,10522,10522,3
2019-03-28 16:39:00.356,10522,10522,10522,1
2019-03-28 16:39:01.044,10523,10523,10523,1
2019-03-28 16:39:02.100,10522,10522,10522,1
2019-03-28 16:39:02.674,10522,10522,10522,4
