2020-08-18 15:00:00.060,12855,12856,12855,72
2020-08-18 15:00:00.127,12853,12855,12855,1
2020-08-18 15:00:00.128,12853,12855,12853,3
2020-08-18 15:00:00.128,12853,12855,12852,11
2020-08-18 15:00:00.134,12853,12855,12852,10
2020-08-18 15:00:00.273,12852,12855,12854,1
2020-08-18 15:00:00.417,12852,12855,12855,1
2020-08-18 15:00:00.587,12852,12855,12852,1
2020-08-18 15:00:00.663,12852,12855,12853,1
2020-08-18 15:00:00.759,12852,12854,12854,1
2020-08-18 15:00:00.761,12852,12854,12854,3
2020-08-18 15:00:00.763,12852,12854,12855,7
2020-08-18 15:00:00.768,12852,12854,12856,5
2020-08-18 15:00:00.795,12852,12854,12856,1
2020-08-18 15:00:00.835,12852,12854,12854,4
2020-08-18 15:00:00.843,12852,12854,12856,7
2020-08-18 15:00:00.843,12852,12854,12857,3
2020-08-18 15:00:00.845,12852,12854,12855,1
2020-08-18 15:00:01.399,12855,12857,12857,1
2020-08-18 15:00:01.455,12855,12857,12855,1
2020-08-18 15:00:01.591,12854,12857,12854,1
2020-08-18 15:00:01.601,12857,12858,12858,3
2020-08-18 15:00:01.601,12857,12858,12859,1
2020-08-18 15:00:01.630,12857,12858,12858,1
2020-08-18 15:00:01.665,12857,12858,12859,1
2020-08-18 15:00:01.722,12857,12858,12860,1
2020-08-18 15:00:01.938,12858,12860,12858,1
2020-08-18 15:00:01.952,12858,12860,12858,3
2020-08-18 15:00:01.952,12858,12860,12857,2
2020-08-18 15:00:02.129,12857,12858,12857,1
2020-08-18 15:00:02.155,12857,12858,12857,2
2020-08-18 15:00:02.155,12857,12858,12856,3
2020-08-18 15:00:02.624,12855,12856,12855,1
2020-08-18 15:00:02.814,12855,12856,12855,2
2020-08-18 15:00:02.817,12855,12856,12855,1
2020-08-18 15:00:03.270,12855,12857,12855,2
2020-08-18 15:00:03.351,12856,12857,12857,1
2020-08-18 15:00:03.802,12858,12859,12858,1
2020-08-18 15:00:04.022,12858,12859,12858,1
2020-08-18 15:00:04.126,12858,12859,12859,1
2020-08-18 15:00:04.131,12858,12859,12859,1
2020-08-18 15:00:04.143,12858,12859,12859,1
2020-08-18 15:00:04.184,12858,12859,12859,1
2020-08-18 15:00:04.208,12858,12859,12860,1
2020-08-18 15:00:04.232,12858,12860,12860,1
2020-08-18 15:00:04.249,12858,12860,12860,1
2020-08-18 15:00:04.314,12858,12860,12861,1
2020-08-18 15:00:04.322,12858,12860,12861,1
2020-08-18 15:00:04.322,12858,12860,12861,1
2020-08-18 15:00:04.355,12859,12861,12861,1
2020-08-18 15:00:04.366,12859,12861,12861,1
2020-08-18 15:00:04.401,12859,12861,12861,1
2020-08-18 15:00:04.410,12859,12861,12861,5
2020-08-18 15:00:04.426,12859,12861,12862,1
2020-08-18 15:00:04.448,12859,12861,12862,1
2020-08-18 15:00:04.448,12859,12861,12862,4
2020-08-18 15:00:04.476,12861,12862,12862,1
2020-08-18 15:00:04.495,12861,12862,12862,3
2020-08-18 15:00:05.534,12861,12862,12861,1
2020-08-18 15:00:05.538,12861,12862,12861,2
2020-08-18 15:00:05.874,12860,12861,12860,1
2020-08-18 15:00:06.139,12860,12861,12860,1
2020-08-18 15:00:06.148,12860,12861,12860,1
2020-08-18 15:00:06.148,12860,12861,12860,2
2020-08-18 15:00:06.164,12860,12861,12858,1
2020-08-18 15:00:06.180,12860,12861,12859,1
2020-08-18 15:00:06.186,12860,12861,12858,1
2020-08-18 15:00:06.214,12860,12861,12858,1
2020-08-18 15:00:06.315,12858,12859,12858,1
2020-08-18 15:00:06.315,12858,12859,12858,1
2020-08-18 15:00:06.315,12858,12859,12858,1
2020-08-18 15:00:06.316,12858,12859,12857,1
2020-08-18 15:00:06.446,12857,12859,12857,1
2020-08-18 15:00:06.600,12856,12857,12856,1
2020-08-18 15:00:06.601,12856,12857,12856,1
2020-08-18 15:00:07.121,12855,12857,12856,1
2020-08-18 15:00:08.420,12857,12858,12857,1
2020-08-18 15:00:08.537,12857,12858,12857,1
2020-08-18 15:00:08.591,12857,12858,12858,3
2020-08-18 15:00:09.125,12858,12860,12860,1
2020-08-18 15:00:09.226,12859,12860,12860,5
2020-08-18 15:00:09.493,12859,12861,12859,2
2020-08-18 15:00:09.694,12859,12861,12859,1
2020-08-18 15:00:11.588,12860,12861,12860,2
2020-08-18 15:00:11.724,12857,12859,12859,1
2020-08-18 15:00:11.852,12857,12859,12859,2
2020-08-18 15:00:11.939,12857,12859,12860,1
2020-08-18 15:00:12.747,12859,12860,12860,2
2020-08-18 15:00:12.925,12859,12860,12860,2
2020-08-18 15:00:15.851,12860,12861,12861,6
2020-08-18 15:00:15.995,12861,12862,12861,1
2020-08-18 15:00:16.664,12860,12862,12862,1
2020-08-18 15:00:17.731,12861,12862,12861,1
2020-08-18 15:00:18.101,12861,12862,12862,4
2020-08-18 15:00:18.380,12861,12863,12863,4
2020-08-18 15:00:18.387,12861,12863,12863,1
2020-08-18 15:00:18.952,12862,12864,12862,3
2020-08-18 15:00:19.016,12862,12864,12862,4
2020-08-18 15:00:19.016,12862,12864,12861,1
2020-08-18 15:00:19.194,12861,12863,12861,2
2020-08-18 15:00:20.379,12861,12862,12862,1
2020-08-18 15:00:20.391,12861,12862,12862,1
2020-08-18 15:00:20.823,12861,12863,12861,1
2020-08-18 15:00:20.851,12861,12862,12861,1
2020-08-18 15:00:21.346,12860,12862,12862,2
2020-08-18 15:00:23.985,12861,12862,12861,1
2020-08-18 15:00:24.117,12861,12862,12861,1
2020-08-18 15:00:24.117,12861,12862,12860,4
2020-08-18 15:00:25.951,12860,12861,12860,1
2020-08-18 15:00:26.848,12860,12861,12860,1
2020-08-18 15:00:27.513,12860,12861,12860,1
2020-08-18 15:00:28.681,12860,12861,12861,1
2020-08-18 15:00:28.799,12860,12861,12861,1
2020-08-18 15:00:29.143,12860,12861,12860,2
2020-08-18 15:00:29.143,12860,12861,12860,4
2020-08-18 15:00:29.211,12860,12861,12860,1
2020-08-18 15:00:29.601,12859,12860,12859,2
2020-08-18 15:00:29.745,12859,12860,12860,1
2020-08-18 15:00:31.852,12859,12860,12860,1
2020-08-18 15:00:31.890,12859,12860,12859,1
2020-08-18 15:00:32.226,12859,12860,12860,3
2020-08-18 15:00:32.741,12860,12861,12861,1
2020-08-18 15:00:33.997,12860,12861,12860,2
2020-08-18 15:00:34.022,12860,12861,12860,1
2020-08-18 15:00:35.127,12860,12861,12860,1
2020-08-18 15:00:35.607,12859,12860,12860,1
2020-08-18 15:00:35.688,12859,12860,12859,1
2020-08-18 15:00:38.179,12859,12860,12860,1
2020-08-18 15:00:38.261,12859,12860,12860,1
2020-08-18 15:00:40.939,12859,12860,12860,1
2020-08-18 15:00:41.380,12859,12860,12859,1
2020-08-18 15:00:42.268,12859,12860,12859,2
2020-08-18 15:00:42.851,12859,12860,12860,1
2020-08-18 15:00:43.601,12860,12861,12861,2
2020-08-18 15:00:44.203,12860,12862,12861,1
2020-08-18 15:00:44.703,12860,12861,12860,2
2020-08-18 15:00:44.927,12860,12861,12860,2
2020-08-18 15:00:45.056,12860,12861,12860,1
2020-08-18 15:00:45.380,12860,12861,12861,1
2020-08-18 15:00:45.438,12860,12861,12861,1
2020-08-18 15:00:45.452,12860,12861,12860,4
2020-08-18 15:00:47.374,12860,12861,12860,1
2020-08-18 15:00:47.374,12860,12861,12859,1
2020-08-18 15:00:47.733,12859,12861,12861,1
2020-08-18 15:00:48.527,12859,12860,12860,1
2020-08-18 15:00:48.902,12859,12861,12859,5
2020-08-18 15:00:50.005,12859,12860,12860,1
2020-08-18 15:00:50.654,12859,12861,12859,5
2020-08-18 15:00:51.084,12859,12861,12861,6
2020-08-18 15:00:51.084,12859,12861,12862,1
2020-08-18 15:00:51.084,12859,12861,12862,20
2020-08-18 15:00:51.084,12859,12861,12861,1
2020-08-18 15:00:51.085,12859,12861,12861,1
2020-08-18 15:00:51.085,12859,12861,12861,1
2020-08-18 15:00:51.085,12859,12861,12861,1
2020-08-18 15:00:51.086,12859,12861,12862,1
2020-08-18 15:00:51.096,12859,12861,12863,1
2020-08-18 15:00:51.387,12861,12863,12861,1
2020-08-18 15:00:51.389,12861,12863,12862,1
2020-08-18 15:00:53.062,12861,12862,12861,5
2020-08-18 15:00:53.228,12860,12861,12860,1
2020-08-18 15:00:53.820,12860,12861,12861,1
2020-08-18 15:00:53.820,12860,12861,12862,1
2020-08-18 15:00:55.501,12860,12862,12860,1
2020-08-18 15:00:55.712,12860,12862,12862,2
2020-08-18 15:00:55.923,12860,12862,12860,5
2020-08-18 15:00:56.090,12860,12862,12860,2
2020-08-18 15:00:58.159,12861,12863,12863,1
2020-08-18 15:00:58.442,12861,12863,12861,2
2020-08-18 15:00:59.281,12861,12862,12861,1
2020-08-18 15:00:59.614,12861,12862,12861,1
2020-08-18 15:00:59.843,12861,12862,12861,3
2020-08-18 15:00:59.843,12861,12862,12861,2
2020-08-18 15:00:59.843,12861,12862,12860,1
2020-08-18 15:00:59.847,12861,12862,12860,3
2020-08-18 15:00:59.863,12860,12862,12860,3
2020-08-18 15:00:59.865,12860,12862,12860,4
2020-08-18 15:00:59.918,12860,12862,12860,1
2020-08-18 15:00:59.969,12860,12862,12859,2
2020-08-18 15:01:00.047,12859,12861,12860,1
2020-08-18 15:01:00.052,12859,12861,12859,1
2020-08-18 15:01:00.055,12859,12861,12860,1
2020-08-18 15:01:00.107,12859,12861,12861,1
2020-08-18 15:01:00.117,12859,12861,12861,1
2020-08-18 15:01:00.162,12859,12861,12861,2
2020-08-18 15:01:00.229,12860,12862,12862,1
2020-08-18 15:01:00.231,12860,12862,12862,1
2020-08-18 15:01:00.231,12860,12862,12862,1
2020-08-18 15:01:00.232,12860,12862,12862,1
2020-08-18 15:01:00.246,12860,12862,12863,1
2020-08-18 15:01:00.247,12860,12862,12863,2
2020-08-18 15:01:00.247,12860,12862,12863,2
2020-08-18 15:01:00.247,12860,12862,12863,3
2020-08-18 15:01:00.248,12860,12862,12863,2
2020-08-18 15:01:00.250,12860,12862,12864,1
2020-08-18 15:01:00.250,12860,12862,12864,3
2020-08-18 15:01:01.062,12861,12863,12863,1
2020-08-18 15:01:01.238,12861,12863,12860,1
2020-08-18 15:01:01.267,12861,12863,12860,1
2020-08-18 15:01:01.285,12861,12863,12860,3
2020-08-18 15:01:01.533,12860,12862,12862,1
2020-08-18 15:01:04.032,12861,12862,12862,1
2020-08-18 15:01:04.032,12861,12862,12863,2
2020-08-18 15:01:04.222,12861,12863,12861,5
2020-08-18 15:01:04.316,12861,12863,12861,1
2020-08-18 15:01:04.881,12861,12863,12861,2
2020-08-18 15:01:07.408,12861,12863,12861,2
2020-08-18 15:01:08.191,12861,12863,12863,1
2020-08-18 15:01:12.723,12862,12863,12863,5
2020-08-18 15:01:14.493,12862,12863,12863,1
2020-08-18 15:01:15.295,12862,12863,12863,2
2020-08-18 15:01:18.375,12862,12864,12862,1
2020-08-18 15:01:19.851,12863,12864,12864,3
2020-08-18 15:01:20.545,12863,12865,12863,2
2020-08-18 15:01:21.893,12862,12864,12864,1
2020-08-18 15:01:25.282,12863,12865,12863,1
2020-08-18 15:01:25.606,12863,12865,12863,2
2020-08-18 15:01:26.599,12864,12865,12864,1
2020-08-18 15:01:29.441,12863,12864,12864,1
2020-08-18 15:01:31.237,12863,12864,12863,2
2020-08-18 15:01:32.079,12863,12864,12864,1
2020-08-18 15:01:32.137,12863,12865,12864,1
2020-08-18 15:01:32.208,12863,12865,12864,1
2020-08-18 15:01:32.208,12863,12865,12863,3
2020-08-18 15:01:33.720,12862,12864,12864,1
2020-08-18 15:01:33.754,12863,12864,12863,1
2020-08-18 15:01:34.576,12863,12864,12863,1
2020-08-18 15:01:36.427,12863,12864,12863,1
2020-08-18 15:01:36.851,12862,12863,12862,4
2020-08-18 15:01:37.442,12862,12863,12863,1
2020-08-18 15:01:41.292,12861,12863,12861,1
2020-08-18 15:01:41.295,12861,12863,12861,1
2020-08-18 15:01:47.638,12861,12863,12861,5
2020-08-18 15:01:49.210,12861,12863,12861,2
2020-08-18 15:01:50.235,12861,12863,12862,2
2020-08-18 15:01:52.438,12861,12862,12862,1
2020-08-18 15:01:54.782,12861,12862,12862,2
2020-08-18 15:01:54.936,12861,12863,12862,1
2020-08-18 15:01:56.515,12861,12862,12862,7
2020-08-18 15:01:57.260,12862,12863,12862,2
2020-08-18 15:01:58.825,12862,12863,12862,1
2020-08-18 15:02:00.066,12862,12863,12862,1
2020-08-18 15:02:00.805,12862,12863,12862,1
2020-08-18 15:02:00.855,12862,12863,12862,1
2020-08-18 15:02:00.855,12862,12863,12862,1
2020-08-18 15:02:00.856,12862,12863,12862,1
2020-08-18 15:02:00.863,12862,12863,12862,1
2020-08-18 15:02:00.865,12862,12863,12861,1
2020-08-18 15:02:06.851,12861,12862,12861,1
2020-08-18 15:02:09.261,12861,12862,12861,1
2020-08-18 15:02:09.708,12861,12862,12862,5
2020-08-18 15:02:09.937,12861,12862,12861,1
2020-08-18 15:02:11.294,12861,12862,12861,2
2020-08-18 15:02:12.264,12861,12862,12861,1
2020-08-18 15:02:12.293,12861,12862,12862,1
2020-08-18 15:02:17.463,12861,12862,12861,1
2020-08-18 15:02:18.424,12861,12862,12862,1
2020-08-18 15:02:18.856,12862,12863,12862,1
2020-08-18 15:02:18.856,12862,12863,12861,2
2020-08-18 15:02:24.251,12861,12862,12861,5
2020-08-18 15:02:24.251,12861,12862,12861,3
2020-08-18 15:02:26.553,12860,12861,12860,1
2020-08-18 15:02:26.554,12860,12861,12860,16
2020-08-18 15:02:26.554,12860,12861,12860,4
2020-08-18 15:02:26.555,12860,12861,12860,1
2020-08-18 15:02:26.555,12860,12861,12860,14
2020-08-18 15:02:26.555,12860,12861,12860,5
2020-08-18 15:02:26.726,12859,12860,12859,4
2020-08-18 15:02:27.554,12858,12859,12858,1
2020-08-18 15:02:27.601,12858,12859,12858,1
2020-08-18 15:02:28.215,12858,12859,12858,1
2020-08-18 15:02:28.639,12858,12859,12858,2
2020-08-18 15:02:30.363,12858,12859,12858,2
2020-08-18 15:02:30.363,12858,12859,12858,2
2020-08-18 15:02:30.548,12858,12859,12858,1
2020-08-18 15:02:30.660,12858,12859,12858,3
2020-08-18 15:02:30.711,12858,12859,12858,1
2020-08-18 15:02:31.251,12857,12858,12857,2
2020-08-18 15:02:31.989,12855,12856,12855,1
2020-08-18 15:02:32.163,12855,12856,12855,1
2020-08-18 15:02:32.301,12855,12856,12855,1
2020-08-18 15:02:32.481,12855,12856,12855,1
2020-08-18 15:02:33.197,12854,12855,12854,1
2020-08-18 15:02:33.305,12854,12855,12854,1
2020-08-18 15:02:33.358,12853,12855,12855,10
2020-08-18 15:02:33.473,12853,12855,12854,1
2020-08-18 15:02:33.474,12853,12855,12855,1
2020-08-18 15:02:33.474,12853,12855,12855,1
2020-08-18 15:02:33.584,12854,12856,12854,1
2020-08-18 15:02:34.518,12854,12856,12854,1
2020-08-18 15:02:34.990,12855,12856,12855,2
2020-08-18 15:02:36.187,12855,12857,12855,1
2020-08-18 15:02:36.787,12855,12857,12855,3
2020-08-18 15:02:37.804,12855,12857,12855,3
2020-08-18 15:02:39.816,12856,12857,12856,1
2020-08-18 15:02:39.906,12856,12857,12856,2
2020-08-18 15:02:40.860,12856,12857,12856,2
2020-08-18 15:02:41.532,12856,12857,12856,2
2020-08-18 15:02:43.660,12856,12857,12857,1
2020-08-18 15:02:43.660,12856,12857,12857,6
2020-08-18 15:02:44.593,12856,12857,12857,2
2020-08-18 15:02:45.085,12856,12857,12856,2
2020-08-18 15:02:45.183,12856,12857,12856,6
2020-08-18 15:02:45.184,12856,12857,12856,4
2020-08-18 15:02:45.418,12856,12857,12856,2
2020-08-18 15:02:45.784,12856,12857,12856,2
2020-08-18 15:02:46.130,12856,12857,12856,2
2020-08-18 15:02:46.523,12856,12857,12857,1
2020-08-18 15:02:46.727,12856,12857,12856,1
2020-08-18 15:02:47.147,12856,12857,12857,1
2020-08-18 15:02:47.203,12856,12857,12857,1
2020-08-18 15:02:47.203,12856,12857,12857,1
2020-08-18 15:02:49.337,12856,12858,12856,1
2020-08-18 15:02:50.745,12857,12858,12857,1
2020-08-18 15:02:52.025,12857,12858,12857,1
2020-08-18 15:02:54.042,12857,12858,12857,1
2020-08-18 15:02:56.605,12856,12858,12857,1
2020-08-18 15:02:57.765,12856,12857,12857,1
2020-08-18 15:02:58.007,12857,12858,12857,1
2020-08-18 15:02:58.171,12857,12858,12857,1
2020-08-18 15:02:58.782,12856,12858,12856,1
2020-08-18 15:02:58.878,12856,12858,12856,1
2020-08-18 15:02:58.981,12856,12858,12856,1
2020-08-18 15:02:59.295,12856,12857,12856,1
2020-08-18 15:02:59.751,12855,12857,12856,1
2020-08-18 15:03:00.035,12856,12857,12856,1
2020-08-18 15:03:00.137,12856,12857,12856,1
2020-08-18 15:03:00.367,12856,12857,12855,1
2020-08-18 15:03:00.501,12856,12857,12856,1
2020-08-18 15:03:00.947,12855,12857,12857,2
2020-08-18 15:03:01.920,12855,12857,12856,3
2020-08-18 15:03:06.450,12856,12857,12856,1
2020-08-18 15:03:10.850,12856,12857,12856,1
2020-08-18 15:03:10.909,12856,12857,12856,3
2020-08-18 15:03:12.280,12856,12857,12857,1
2020-08-18 15:03:13.924,12856,12857,12856,2
2020-08-18 15:03:14.061,12855,12856,12856,1
2020-08-18 15:03:14.364,12855,12857,12857,1
2020-08-18 15:03:17.758,12855,12857,12855,1
2020-08-18 15:03:17.796,12855,12857,12856,1
2020-08-18 15:03:20.001,12855,12856,12856,2
2020-08-18 15:03:20.755,12855,12857,12857,1
2020-08-18 15:03:20.773,12855,12857,12855,1
2020-08-18 15:03:20.793,12855,12857,12855,1
2020-08-18 15:03:20.814,12855,12857,12855,1
2020-08-18 15:03:21.761,12855,12856,12855,1
2020-08-18 15:03:22.024,12855,12856,12855,1
2020-08-18 15:03:23.656,12855,12856,12855,3
2020-08-18 15:03:24.318,12855,12856,12856,1
2020-08-18 15:03:27.062,12855,12856,12856,1
2020-08-18 15:03:28.345,12855,12856,12856,8
2020-08-18 15:03:28.661,12856,12857,12856,1
2020-08-18 15:03:29.168,12856,12857,12856,2
2020-08-18 15:03:29.203,12856,12857,12856,1
2020-08-18 15:03:29.351,12856,12857,12856,1
2020-08-18 15:03:29.425,12856,12857,12856,33
2020-08-18 15:03:29.427,12856,12857,12855,1
2020-08-18 15:03:29.427,12856,12857,12855,1
2020-08-18 15:03:29.427,12856,12857,12855,3
2020-08-18 15:03:29.427,12856,12857,12855,8
2020-08-18 15:03:29.514,12854,12856,12855,1
2020-08-18 15:03:30.801,12854,12855,12854,1
2020-08-18 15:03:31.900,12854,12856,12854,9
2020-08-18 15:03:32.903,12854,12856,12854,1
2020-08-18 15:03:33.126,12855,12856,12855,1
2020-08-18 15:03:34.552,12854,12856,12854,8
2020-08-18 15:03:34.553,12854,12856,12854,2
2020-08-18 15:03:35.488,12853,12855,12853,8
2020-08-18 15:03:35.618,12853,12855,12853,5
2020-08-18 15:03:36.286,12853,12855,12854,1
2020-08-18 15:03:36.944,12853,12855,12853,1
2020-08-18 15:03:38.132,12853,12854,12854,1
2020-08-18 15:03:39.662,12853,12855,12853,7
2020-08-18 15:03:40.731,12852,12854,12854,2
2020-08-18 15:03:41.284,12853,12854,12853,1
2020-08-18 15:03:41.831,12853,12855,12853,4
2020-08-18 15:03:42.176,12853,12854,12854,1
2020-08-18 15:03:43.435,12853,12855,12853,2
2020-08-18 15:03:43.914,12853,12855,12855,1
2020-08-18 15:03:44.019,12854,12855,12855,1
2020-08-18 15:03:44.105,12854,12855,12855,1
2020-08-18 15:03:44.291,12854,12855,12854,1
2020-08-18 15:03:47.512,12854,12855,12855,3
2020-08-18 15:03:48.710,12855,12856,12855,2
2020-08-18 15:03:50.082,12855,12856,12855,1
2020-08-18 15:03:52.105,12855,12856,12855,1
2020-08-18 15:03:52.189,12855,12856,12854,1
2020-08-18 15:03:53.109,12854,12855,12855,1
2020-08-18 15:03:54.640,12854,12856,12856,1
2020-08-18 15:03:54.715,12854,12856,12855,1
2020-08-18 15:03:58.517,12855,12856,12855,1
2020-08-18 15:03:59.429,12855,12856,12855,3
2020-08-18 15:04:00.218,12855,12856,12856,2
2020-08-18 15:04:00.226,12855,12856,12856,2
2020-08-18 15:04:00.412,12855,12856,12856,2
2020-08-18 15:04:00.563,12855,12856,12856,1
2020-08-18 15:04:00.702,12855,12856,12855,1
2020-08-18 15:04:01.701,12855,12856,12855,2
2020-08-18 15:04:01.701,12855,12856,12854,3
2020-08-18 15:04:04.622,12854,12855,12855,1
2020-08-18 15:04:11.575,12855,12856,12855,1
2020-08-18 15:04:12.021,12855,12856,12855,1
2020-08-18 15:04:15.670,12855,12856,12855,1
2020-08-18 15:04:16.428,12855,12856,12855,2
2020-08-18 15:04:21.753,12854,12856,12854,1
2020-08-18 15:04:22.486,12854,12856,12854,1
2020-08-18 15:04:26.046,12854,12856,12855,1
2020-08-18 15:04:27.136,12855,12856,12856,1
2020-08-18 15:04:27.874,12855,12856,12855,1
2020-08-18 15:04:30.957,12855,12856,12856,1
2020-08-18 15:04:30.974,12855,12856,12855,3
2020-08-18 15:04:31.189,12855,12856,12855,1
2020-08-18 15:04:31.192,12855,12856,12855,1
2020-08-18 15:04:34.647,12855,12856,12856,9
2020-08-18 15:04:35.430,12856,12857,12856,4
2020-08-18 15:04:36.352,12856,12857,12856,2
2020-08-18 15:04:36.476,12856,12857,12857,9
2020-08-18 15:04:39.735,12857,12858,12857,2
2020-08-18 15:04:43.091,12857,12858,12858,5
2020-08-18 15:04:43.718,12857,12859,12858,1
2020-08-18 15:04:46.825,12858,12859,12859,1
2020-08-18 15:04:46.950,12858,12859,12859,1
2020-08-18 15:04:48.335,12858,12859,12859,2
2020-08-18 15:04:48.661,12858,12859,12858,5
2020-08-18 15:04:50.579,12858,12859,12858,2
2020-08-18 15:04:50.900,12858,12859,12858,5
2020-08-18 15:04:52.089,12857,12859,12857,1
2020-08-18 15:04:53.944,12857,12858,12858,1
2020-08-18 15:04:55.688,12857,12858,12858,1
2020-08-18 15:04:56.432,12857,12858,12857,4
2020-08-18 15:04:57.972,12856,12857,12857,1
2020-08-18 15:05:00.631,12856,12857,12857,2
2020-08-18 15:05:04.281,12857,12858,12857,10
2020-08-18 15:05:04.282,12857,12858,12857,1
2020-08-18 15:05:04.282,12857,12858,12857,2
2020-08-18 15:05:04.715,12856,12857,12857,1
2020-08-18 15:05:05.607,12856,12857,12857,1
2020-08-18 15:05:09.670,12856,12857,12856,3
2020-08-18 15:05:09.670,12856,12857,12856,15
2020-08-18 15:05:11.616,12855,12856,12855,3
2020-08-18 15:05:12.422,12854,12855,12854,3
2020-08-18 15:05:15.598,12854,12855,12855,5
2020-08-18 15:05:18.143,12855,12856,12856,1
2020-08-18 15:05:18.143,12855,12856,12857,3
2020-08-18 15:05:23.117,12856,12857,12856,3
2020-08-18 15:05:24.463,12855,12856,12856,1
2020-08-18 15:05:32.144,12856,12857,12856,1
2020-08-18 15:05:34.306,12856,12857,12856,1
2020-08-18 15:05:35.149,12856,12857,12857,3
2020-08-18 15:05:37.425,12857,12858,12857,1
2020-08-18 15:05:44.259,12857,12858,12857,1
2020-08-18 15:05:44.349,12857,12858,12857,1
2020-08-18 15:05:46.999,12857,12858,12858,14
2020-08-18 15:05:49.038,12858,12859,12859,1
2020-08-18 15:05:49.841,12858,12859,12858,1
2020-08-18 15:05:50.852,12858,12859,12859,3
2020-08-18 15:05:52.466,12859,12860,12859,1
2020-08-18 15:05:54.476,12859,12860,12859,1
2020-08-18 15:05:58.006,12859,12860,12860,1
2020-08-18 15:05:58.136,12859,12860,12860,1
2020-08-18 15:06:00.003,12859,12860,12859,4
2020-08-18 15:06:03.589,12858,12860,12858,4
2020-08-18 15:06:04.888,12859,12860,12860,4
2020-08-18 15:06:04.889,12859,12860,12860,1
2020-08-18 15:06:04.889,12859,12860,12860,2
2020-08-18 15:06:08.089,12860,12861,12861,1
2020-08-18 15:06:08.199,12860,12861,12861,1
2020-08-18 15:06:08.937,12860,12861,12861,4
2020-08-18 15:06:09.351,12860,12861,12861,1
2020-08-18 15:06:10.643,12861,12862,12861,7
2020-08-18 15:06:10.993,12860,12862,12862,3
2020-08-18 15:06:11.364,12860,12862,12860,1
2020-08-18 15:06:16.840,12860,12861,12860,2
2020-08-18 15:06:23.364,12860,12861,12861,1
2020-08-18 15:06:34.180,12860,12861,12861,1
2020-08-18 15:06:40.855,12861,12862,12862,6
2020-08-18 15:06:40.855,12861,12862,12862,5
2020-08-18 15:06:40.855,12861,12862,12862,4
2020-08-18 15:06:53.483,12862,12863,12863,1
2020-08-18 15:06:54.556,12862,12863,12863,1
2020-08-18 15:06:58.491,12862,12863,12862,9
2020-08-18 15:06:58.573,12862,12863,12862,1
2020-08-18 15:07:00.603,12861,12862,12862,2
2020-08-18 15:07:01.451,12861,12863,12862,1
2020-08-18 15:07:03.294,12861,12862,12862,1
2020-08-18 15:07:05.849,12861,12862,12862,1
2020-08-18 15:07:06.340,12861,12862,12862,3
2020-08-18 15:07:12.052,12861,12862,12861,1
2020-08-18 15:07:20.378,12861,12862,12861,1
2020-08-18 15:07:21.001,12861,12862,12862,1
2020-08-18 15:07:25.461,12861,12862,12862,4
2020-08-18 15:07:25.461,12861,12862,12862,1
2020-08-18 15:07:25.461,12861,12862,12862,3
2020-08-18 15:07:28.764,12862,12863,12862,1
2020-08-18 15:07:28.912,12862,12863,12862,1
2020-08-18 15:07:36.679,12862,12863,12862,5
2020-08-18 15:07:37.329,12862,12863,12863,3
2020-08-18 15:07:40.809,12862,12863,12863,11
2020-08-18 15:07:40.851,12863,12864,12864,14
2020-08-18 15:07:40.851,12863,12864,12864,1
2020-08-18 15:07:42.761,12863,12865,12865,1
2020-08-18 15:07:42.889,12864,12865,12865,1
2020-08-18 15:07:47.538,12864,12865,12865,1
2020-08-18 15:07:47.538,12864,12865,12865,1
2020-08-18 15:07:47.538,12864,12865,12865,3
2020-08-18 15:07:47.553,12864,12865,12865,1
2020-08-18 15:07:47.895,12864,12865,12865,1
2020-08-18 15:07:49.325,12864,12866,12864,10
2020-08-18 15:07:51.707,12864,12865,12865,1
2020-08-18 15:07:54.058,12864,12865,12865,1
2020-08-18 15:07:56.396,12864,12865,12865,1
2020-08-18 15:07:57.837,12865,12866,12866,1
2020-08-18 15:07:58.812,12865,12866,12865,1
2020-08-18 15:08:00.018,12865,12866,12865,1
2020-08-18 15:08:02.919,12864,12865,12865,1
2020-08-18 15:08:03.893,12864,12865,12865,1
2020-08-18 15:08:04.698,12864,12865,12865,2
2020-08-18 15:08:05.216,12864,12865,12865,3
2020-08-18 15:08:06.084,12865,12866,12866,5
2020-08-18 15:08:06.084,12865,12866,12866,4
2020-08-18 15:08:06.084,12865,12866,12866,5
2020-08-18 15:08:07.060,12865,12867,12865,1
2020-08-18 15:08:07.579,12865,12866,12866,1
2020-08-18 15:08:10.652,12866,12867,12866,1
2020-08-18 15:08:10.870,12866,12867,12866,1
2020-08-18 15:08:12.217,12866,12867,12867,1
2020-08-18 15:08:12.267,12866,12867,12867,1
2020-08-18 15:08:12.278,12866,12867,12866,1
2020-08-18 15:08:12.354,12866,12867,12867,1
2020-08-18 15:08:12.368,12866,12867,12867,20
2020-08-18 15:08:12.703,12866,12867,12867,1
2020-08-18 15:08:15.242,12866,12867,12867,1
2020-08-18 15:08:15.963,12866,12867,12867,1
2020-08-18 15:08:16.028,12866,12867,12867,1
2020-08-18 15:08:16.248,12866,12867,12866,1
2020-08-18 15:08:16.304,12866,12867,12866,2
2020-08-18 15:08:16.460,12865,12866,12866,1
2020-08-18 15:08:16.462,12865,12866,12866,1
2020-08-18 15:08:21.042,12866,12867,12866,1
2020-08-18 15:08:22.585,12866,12867,12866,1
2020-08-18 15:08:23.602,12866,12867,12866,1
2020-08-18 15:08:24.906,12866,12867,12867,7
2020-08-18 15:08:24.906,12866,12867,12867,1
2020-08-18 15:08:26.763,12866,12867,12867,7
2020-08-18 15:08:27.023,12866,12867,12867,1
2020-08-18 15:08:29.144,12866,12868,12866,1
2020-08-18 15:08:32.017,12866,12867,12867,1
2020-08-18 15:08:33.099,12867,12868,12867,2
2020-08-18 15:08:36.752,12867,12868,12868,9
2020-08-18 15:08:36.753,12867,12868,12868,13
2020-08-18 15:08:40.445,12868,12869,12869,1
2020-08-18 15:08:41.439,12868,12869,12869,1
2020-08-18 15:08:42.215,12868,12869,12869,1
2020-08-18 15:08:43.200,12868,12869,12868,7
2020-08-18 15:08:45.102,12867,12869,12869,1
2020-08-18 15:08:46.860,12867,12869,12869,3
2020-08-18 15:08:47.527,12867,12869,12869,2
2020-08-18 15:08:48.739,12867,12868,12868,1
2020-08-18 15:08:50.068,12867,12868,12868,1
2020-08-18 15:08:50.175,12867,12868,12868,5
2020-08-18 15:08:51.805,12867,12868,12867,2
2020-08-18 15:08:52.793,12867,12868,12867,4
2020-08-18 15:08:52.829,12867,12868,12867,1
2020-08-18 15:08:55.306,12867,12868,12868,5
2020-08-18 15:09:03.640,12867,12868,12868,1
2020-08-18 15:09:03.647,12867,12868,12868,1
2020-08-18 15:09:04.953,12867,12868,12867,1
2020-08-18 15:09:05.225,12867,12868,12867,2
2020-08-18 15:09:11.312,12866,12867,12867,1
2020-08-18 15:09:17.714,12866,12867,12867,1
2020-08-18 15:09:27.118,12867,12868,12868,9
2020-08-18 15:09:33.259,12867,12868,12867,5
2020-08-18 15:09:33.873,12866,12867,12867,1
2020-08-18 15:09:34.184,12866,12867,12867,1
2020-08-18 15:09:39.956,12866,12867,12867,1
2020-08-18 15:09:42.511,12866,12867,12867,2
2020-08-18 15:09:44.089,12866,12867,12867,1
2020-08-18 15:09:46.705,12866,12867,12867,1
2020-08-18 15:09:47.300,12866,12867,12867,1
2020-08-18 15:09:48.921,12867,12868,12868,4
2020-08-18 15:09:55.392,12867,12868,12868,4
2020-08-18 15:09:55.680,12868,12869,12868,10
2020-08-18 15:09:55.956,12867,12868,12868,1
2020-08-18 15:09:57.539,12868,12869,12868,3
2020-08-18 15:09:58.603,12868,12869,12869,4
2020-08-18 15:09:58.603,12868,12869,12869,2
2020-08-18 15:10:00.767,12869,12870,12869,1
2020-08-18 15:10:00.992,12869,12870,12870,1
2020-08-18 15:10:01.105,12869,12870,12870,1
2020-08-18 15:10:01.105,12869,12870,12870,1
2020-08-18 15:10:01.122,12869,12870,12870,1
2020-08-18 15:10:01.123,12869,12870,12870,1
2020-08-18 15:10:01.123,12869,12870,12870,2
2020-08-18 15:10:01.123,12869,12870,12870,2
2020-08-18 15:10:01.123,12869,12870,12870,5
2020-08-18 15:10:01.123,12869,12870,12870,1
2020-08-18 15:10:01.130,12869,12870,12871,1
2020-08-18 15:10:01.339,12869,12871,12871,1
2020-08-18 15:10:03.911,12869,12871,12869,1
2020-08-18 15:10:04.454,12869,12870,12870,2
2020-08-18 15:10:06.891,12869,12871,12871,1
2020-08-18 15:10:08.431,12870,12871,12870,1
2020-08-18 15:10:08.596,12870,12871,12870,1
2020-08-18 15:10:09.750,12869,12870,12870,1
2020-08-18 15:10:10.431,12869,12870,12870,1
2020-08-18 15:10:11.281,12869,12870,12870,1
2020-08-18 15:10:15.638,12870,12871,12870,10
2020-08-18 15:10:17.542,12870,12871,12870,3
2020-08-18 15:10:18.061,12869,12871,12871,1
2020-08-18 15:10:22.936,12869,12870,12870,1
2020-08-18 15:10:25.978,12869,12870,12869,2
2020-08-18 15:10:25.983,12869,12870,12870,1
2020-08-18 15:10:26.759,12869,12870,12870,1
2020-08-18 15:10:27.123,12869,12870,12870,1
2020-08-18 15:10:27.702,12869,12870,12870,7
2020-08-18 15:10:27.702,12869,12870,12870,1
2020-08-18 15:10:29.935,12869,12870,12870,1
2020-08-18 15:10:31.607,12869,12870,12869,5
2020-08-18 15:10:31.761,12868,12869,12869,2
2020-08-18 15:10:42.247,12869,12870,12869,1
2020-08-18 15:10:47.594,12868,12869,12868,3
2020-08-18 15:10:57.554,12868,12869,12868,1
2020-08-18 15:10:58.918,12867,12868,12868,1
2020-08-18 15:11:00.428,12868,12869,12868,2
2020-08-18 15:11:06.517,12868,12869,12869,4
2020-08-18 15:11:06.517,12868,12869,12869,1
2020-08-18 15:11:16.170,12868,12870,12868,1
2020-08-18 15:11:23.639,12868,12869,12868,10
2020-08-18 15:11:29.331,12868,12869,12869,1
2020-08-18 15:11:32.475,12868,12869,12869,1
2020-08-18 15:11:32.703,12868,12869,12869,1
2020-08-18 15:11:37.747,12869,12870,12870,8
2020-08-18 15:11:45.407,12869,12870,12870,1
2020-08-18 15:11:52.180,12869,12871,12871,1
2020-08-18 15:12:03.473,12870,12871,12870,1
2020-08-18 15:12:03.818,12870,12871,12870,2
2020-08-18 15:12:03.956,12870,12871,12870,4
2020-08-18 15:12:06.376,12870,12871,12871,4
2020-08-18 15:12:06.376,12870,12871,12871,2
2020-08-18 15:12:09.204,12870,12871,12870,10
2020-08-18 15:12:14.033,12870,12871,12870,1
2020-08-18 15:12:19.102,12870,12871,12871,4
2020-08-18 15:12:19.102,12870,12871,12871,1
2020-08-18 15:12:19.103,12870,12871,12871,1
2020-08-18 15:12:24.892,12871,12872,12871,2
2020-08-18 15:12:28.242,12871,12872,12871,1
2020-08-18 15:12:30.122,12871,12872,12871,1
2020-08-18 15:12:30.452,12871,12872,12871,1
2020-08-18 15:12:31.109,12871,12872,12871,3
2020-08-18 15:12:31.251,12870,12871,12871,1
2020-08-18 15:12:31.451,12870,12871,12871,2
2020-08-18 15:12:33.058,12870,12871,12871,1
2020-08-18 15:12:36.580,12870,12871,12870,4
2020-08-18 15:12:42.431,12870,12871,12870,1
2020-08-18 15:12:47.309,12870,12871,12871,1
2020-08-18 15:12:48.373,12870,12871,12870,5
2020-08-18 15:12:49.522,12870,12871,12870,2
2020-08-18 15:12:50.997,12870,12871,12870,4
2020-08-18 15:12:50.997,12870,12871,12870,10
2020-08-18 15:12:53.213,12869,12870,12869,1
2020-08-18 15:12:53.213,12869,12870,12869,1
2020-08-18 15:12:59.106,12868,12869,12869,1
2020-08-18 15:12:59.106,12868,12869,12869,1
2020-08-18 15:13:06.272,12868,12869,12869,1
2020-08-18 15:13:12.000,12868,12869,12868,4
2020-08-18 15:13:12.000,12868,12869,12868,1
2020-08-18 15:13:14.369,12867,12868,12868,1
2020-08-18 15:13:17.277,12867,12868,12867,3
2020-08-18 15:13:17.953,12867,12868,12867,2
2020-08-18 15:13:17.954,12867,12868,12867,1
2020-08-18 15:13:18.921,12866,12867,12867,1
2020-08-18 15:13:19.382,12866,12867,12866,10
2020-08-18 15:13:22.352,12866,12867,12866,1
2020-08-18 15:13:22.765,12866,12867,12866,1
2020-08-18 15:13:23.160,12866,12867,12866,1
2020-08-18 15:13:24.400,12865,12866,12865,3
2020-08-18 15:13:27.072,12864,12865,12864,2
2020-08-18 15:13:27.941,12864,12865,12864,1
2020-08-18 15:13:28.882,12864,12865,12865,3
2020-08-18 15:13:29.114,12865,12866,12866,3
2020-08-18 15:13:32.767,12866,12867,12867,1
2020-08-18 15:13:35.723,12867,12868,12867,1
2020-08-18 15:13:35.723,12867,12868,12867,3
2020-08-18 15:13:35.808,12866,12867,12866,1
2020-08-18 15:13:42.277,12866,12868,12866,1
2020-08-18 15:13:47.758,12866,12868,12867,1
2020-08-18 15:13:48.016,12867,12868,12867,1
2020-08-18 15:13:48.529,12867,12868,12868,6
2020-08-18 15:14:00.613,12868,12869,12868,1
2020-08-18 15:14:20.048,12868,12869,12869,1
2020-08-18 15:14:24.164,12868,12869,12869,2
2020-08-18 15:14:25.986,12868,12869,12869,1
2020-08-18 15:14:26.329,12868,12869,12869,2
2020-08-18 15:14:26.330,12868,12869,12869,2
2020-08-18 15:14:28.295,12868,12869,12868,2
2020-08-18 15:14:32.568,12868,12869,12869,1
2020-08-18 15:14:45.163,12868,12870,12870,1
2020-08-18 15:14:51.568,12869,12870,12869,1
2020-08-18 15:14:52.254,12869,12870,12869,1
2020-08-18 15:14:56.339,12869,12870,12870,1
2020-08-18 15:14:59.299,12869,12870,12869,2
2020-08-18 15:15:02.771,12868,12869,12868,8
2020-08-18 15:15:03.004,12867,12869,12867,3
2020-08-18 15:15:03.038,12867,12869,12866,1
2020-08-18 15:15:03.157,12866,12867,12866,2
2020-08-18 15:15:03.188,12866,12867,12865,2
2020-08-18 15:15:16.848,12865,12866,12865,2
2020-08-18 15:15:17.308,12864,12865,12864,3
2020-08-18 15:15:20.916,12863,12864,12863,5
2020-08-18 15:15:21.311,12863,12864,12863,1
2020-08-18 15:15:23.843,12862,12863,12862,1
2020-08-18 15:15:28.306,12862,12863,12862,1
2020-08-18 15:15:28.480,12862,12863,12863,3
2020-08-18 15:15:28.480,12862,12863,12863,1
2020-08-18 15:15:28.731,12863,12864,12863,1
2020-08-18 15:15:29.479,12863,12864,12863,1
2020-08-18 15:15:29.587,12863,12864,12863,2
2020-08-18 15:15:34.059,12862,12863,12862,4
2020-08-18 15:15:34.822,12861,12862,12861,4
2020-08-18 15:15:34.822,12861,12862,12861,3
2020-08-18 15:15:35.934,12860,12861,12860,1
2020-08-18 15:15:39.035,12860,12861,12861,2
2020-08-18 15:15:39.035,12860,12861,12861,3
2020-08-18 15:15:40.757,12860,12862,12862,8
2020-08-18 15:15:40.757,12860,12862,12863,17
2020-08-18 15:15:41.400,12860,12862,12862,1
2020-08-18 15:15:44.351,12861,12862,12861,1
2020-08-18 15:15:46.237,12860,12861,12861,2
2020-08-18 15:15:47.702,12861,12862,12862,1
2020-08-18 15:15:47.702,12861,12862,12862,6
2020-08-18 15:15:49.204,12862,12863,12863,1
2020-08-18 15:15:49.844,12862,12864,12864,1
2020-08-18 15:15:55.741,12862,12864,12864,1
2020-08-18 15:15:57.481,12862,12864,12864,2
2020-08-18 15:15:57.701,12862,12864,12863,1
2020-08-18 15:16:08.826,12862,12863,12863,1
2020-08-18 15:16:09.290,12862,12863,12862,1
2020-08-18 15:16:11.527,12862,12863,12862,1
2020-08-18 15:16:11.528,12862,12863,12862,6
2020-08-18 15:16:16.581,12861,12862,12862,2
2020-08-18 15:16:18.305,12862,12863,12862,1
2020-08-18 15:16:19.218,12862,12863,12862,7
2020-08-18 15:16:22.260,12862,12863,12862,1
2020-08-18 15:16:26.997,12862,12863,12862,1
2020-08-18 15:16:27.717,12862,12863,12862,1
2020-08-18 15:16:28.738,12861,12862,12862,6
2020-08-18 15:16:29.604,12862,12863,12862,1
2020-08-18 15:16:33.541,12862,12863,12863,12
2020-08-18 15:16:33.844,12863,12865,12863,8
2020-08-18 15:16:34.086,12863,12864,12863,1
2020-08-18 15:16:35.437,12862,12864,12862,2
2020-08-18 15:16:37.380,12863,12865,12864,1
2020-08-18 15:16:37.715,12863,12865,12865,13
2020-08-18 15:16:37.715,12863,12865,12866,7
2020-08-18 15:16:38.467,12864,12866,12864,10
2020-08-18 15:16:43.235,12863,12864,12864,1
2020-08-18 15:16:45.790,12863,12864,12863,3
2020-08-18 15:16:45.973,12862,12864,12864,1
2020-08-18 15:16:46.453,12862,12864,12864,5
2020-08-18 15:16:46.515,12863,12864,12864,1
2020-08-18 15:16:48.407,12863,12864,12864,1
2020-08-18 15:16:51.334,12863,12864,12863,1
2020-08-18 15:16:57.311,12863,12864,12863,8
2020-08-18 15:16:57.431,12862,12864,12863,2
2020-08-18 15:17:02.496,12862,12863,12863,3
2020-08-18 15:17:05.491,12863,12864,12863,1
2020-08-18 15:17:14.146,12863,12864,12863,5
2020-08-18 15:17:14.148,12863,12864,12863,1
2020-08-18 15:17:19.401,12862,12863,12863,1
2020-08-18 15:17:19.972,12862,12864,12862,1
2020-08-18 15:17:38.662,12863,12864,12863,1
2020-08-18 15:17:47.095,12863,12864,12864,1
2020-08-18 15:17:47.097,12863,12864,12864,3
2020-08-18 15:17:48.630,12864,12865,12865,1
2020-08-18 15:17:51.751,12864,12865,12865,1
2020-08-18 15:18:02.104,12865,12866,12865,3
2020-08-18 15:18:02.822,12864,12866,12866,1
2020-08-18 15:18:02.834,12864,12866,12865,1
2020-08-18 15:18:03.171,12865,12866,12866,1
2020-08-18 15:18:03.172,12865,12866,12866,1
2020-08-18 15:18:09.168,12865,12866,12865,1
2020-08-18 15:18:23.827,12865,12866,12866,1
2020-08-18 15:18:25.353,12865,12867,12865,2
2020-08-18 15:19:03.108,12866,12867,12866,1
2020-08-18 15:19:03.517,12865,12866,12866,1
2020-08-18 15:19:14.830,12865,12866,12866,1
2020-08-18 15:19:15.356,12866,12867,12866,1
2020-08-18 15:19:18.925,12865,12866,12866,1
2020-08-18 15:19:22.021,12865,12866,12866,7
2020-08-18 15:19:22.021,12865,12866,12867,3
2020-08-18 15:19:27.624,12866,12867,12866,1
2020-08-18 15:19:28.936,12866,12867,12866,1
2020-08-18 15:19:28.936,12866,12867,12865,1
2020-08-18 15:19:28.961,12866,12867,12866,1
2020-08-18 15:19:50.727,12865,12866,12866,1
2020-08-18 15:19:51.009,12866,12867,12866,4
2020-08-18 15:19:55.838,12865,12866,12865,5
2020-08-18 15:20:00.443,12864,12866,12866,4
2020-08-18 15:20:03.406,12865,12866,12865,1
2020-08-18 15:20:03.481,12864,12865,12865,1
2020-08-18 15:20:03.481,12864,12865,12866,1
2020-08-18 15:20:03.481,12864,12865,12866,1
2020-08-18 15:20:03.481,12864,12865,12866,1
2020-08-18 15:20:03.489,12864,12865,12866,1
2020-08-18 15:20:03.489,12864,12865,12866,1
2020-08-18 15:20:03.491,12864,12865,12866,2
2020-08-18 15:20:03.491,12864,12865,12867,1
2020-08-18 15:20:03.497,12864,12865,12867,1
2020-08-18 15:20:03.498,12864,12865,12867,1
2020-08-18 15:20:03.498,12864,12865,12867,1
2020-08-18 15:20:03.498,12864,12865,12867,2
2020-08-18 15:20:03.515,12864,12865,12867,1
2020-08-18 15:20:14.171,12865,12867,12866,1
2020-08-18 15:20:15.836,12865,12866,12865,1
2020-08-18 15:20:20.909,12864,12865,12865,1
2020-08-18 15:20:20.910,12864,12865,12865,1
2020-08-18 15:20:24.008,12865,12866,12865,7
2020-08-18 15:20:24.333,12864,12866,12864,2
2020-08-18 15:20:27.329,12865,12866,12865,7
2020-08-18 15:20:31.570,12864,12866,12866,3
2020-08-18 15:20:32.906,12864,12865,12865,1
2020-08-18 15:20:42.596,12865,12866,12866,1
2020-08-18 15:20:45.428,12866,12867,12866,1
2020-08-18 15:20:51.098,12865,12866,12866,1
2020-08-18 15:21:09.180,12866,12868,12866,1
2020-08-18 15:21:09.984,12866,12867,12867,1
2020-08-18 15:21:33.539,12866,12868,12867,1
2020-08-18 15:21:42.132,12866,12867,12867,1
2020-08-18 15:21:46.068,12866,12867,12867,5
2020-08-18 15:21:46.305,12866,12867,12867,5
2020-08-18 15:21:52.459,12866,12867,12867,5
2020-08-18 15:21:59.895,12866,12867,12867,1
2020-08-18 15:22:00.786,12866,12868,12866,7
2020-08-18 15:22:01.381,12865,12867,12867,1
2020-08-18 15:22:02.774,12865,12867,12867,1
2020-08-18 15:22:11.573,12865,12867,12865,1
2020-08-18 15:22:12.892,12865,12867,12865,1
2020-08-18 15:22:24.054,12865,12866,12865,1
2020-08-18 15:22:33.204,12865,12866,12866,2
2020-08-18 15:22:41.961,12865,12866,12866,1
2020-08-18 15:22:50.330,12865,12866,12866,1
2020-08-18 15:22:50.772,12865,12866,12866,1
2020-08-18 15:23:17.386,12867,12868,12867,1
2020-08-18 15:23:22.970,12867,12868,12867,2
2020-08-18 15:23:33.111,12867,12868,12868,5
2020-08-18 15:23:33.111,12867,12868,12868,12
2020-08-18 15:23:33.112,12867,12868,12868,4
2020-08-18 15:23:33.112,12867,12868,12868,2
2020-08-18 15:23:33.112,12867,12868,12868,22
2020-08-18 15:23:33.115,12867,12868,12869,2
2020-08-18 15:23:33.116,12867,12868,12869,2
2020-08-18 15:23:33.116,12867,12868,12869,1
2020-08-18 15:23:33.116,12867,12868,12869,11
2020-08-18 15:23:33.116,12867,12868,12869,7
2020-08-18 15:23:33.226,12869,12870,12870,1
2020-08-18 15:23:35.369,12869,12870,12870,14
2020-08-18 15:23:40.593,12869,12870,12870,4
2020-08-18 15:23:40.819,12869,12871,12871,1
2020-08-18 15:23:40.881,12869,12871,12871,5
2020-08-18 15:23:42.743,12870,12871,12871,5
2020-08-18 15:23:43.317,12870,12871,12871,3
2020-08-18 15:23:43.496,12870,12872,12872,1
2020-08-18 15:23:45.029,12870,12871,12871,1
2020-08-18 15:23:49.065,12871,12872,12871,1
2020-08-18 15:23:49.698,12871,12872,12872,1
2020-08-18 15:23:50.744,12871,12872,12872,1
2020-08-18 15:23:53.968,12871,12872,12872,1
2020-08-18 15:23:54.996,12871,12872,12872,1
2020-08-18 15:23:59.629,12871,12872,12871,1
2020-08-18 15:24:01.183,12871,12872,12872,1
2020-08-18 15:24:02.791,12871,12872,12871,1
2020-08-18 15:24:05.117,12871,12872,12871,1
2020-08-18 15:24:05.117,12871,12872,12871,3
2020-08-18 15:24:06.969,12870,12871,12871,1
2020-08-18 15:24:09.426,12870,12872,12870,1
2020-08-18 15:24:11.997,12870,12871,12871,3
2020-08-18 15:24:12.114,12870,12872,12870,2
2020-08-18 15:24:13.914,12871,12872,12872,1
2020-08-18 15:24:14.437,12871,12872,12871,1
2020-08-18 15:24:24.304,12871,12872,12871,1
2020-08-18 15:24:29.506,12871,12872,12871,1
2020-08-18 15:24:37.168,12870,12871,12870,13
2020-08-18 15:24:45.879,12870,12871,12870,1
2020-08-18 15:24:48.091,12870,12871,12870,2
2020-08-18 15:24:48.819,12870,12871,12870,1
2020-08-18 15:24:49.801,12870,12871,12870,1
2020-08-18 15:24:53.183,12870,12871,12870,1
2020-08-18 15:25:03.191,12870,12871,12871,1
2020-08-18 15:25:09.807,12870,12871,12871,4
2020-08-18 15:25:10.848,12870,12872,12872,1
2020-08-18 15:25:18.970,12870,12871,12870,4
2020-08-18 15:25:25.664,12870,12871,12871,1
2020-08-18 15:25:26.237,12870,12871,12871,1
2020-08-18 15:25:38.254,12870,12871,12871,1
2020-08-18 15:25:40.994,12870,12871,12871,3
2020-08-18 15:25:46.195,12871,12872,12871,6
2020-08-18 15:25:53.778,12871,12872,12871,1
2020-08-18 15:25:56.019,12871,12872,12871,1
2020-08-18 15:26:03.136,12871,12872,12871,1
2020-08-18 15:26:11.170,12871,12872,12872,15
2020-08-18 15:26:12.819,12872,12873,12872,1
2020-08-18 15:26:13.358,12872,12873,12873,1
2020-08-18 15:26:13.624,12872,12873,12873,1
2020-08-18 15:26:14.333,12872,12873,12872,1
2020-08-18 15:26:15.477,12872,12873,12872,2
2020-08-18 15:26:18.551,12871,12873,12873,1
2020-08-18 15:26:20.502,12871,12873,12873,1
2020-08-18 15:26:27.630,12872,12873,12872,10
2020-08-18 15:26:35.478,12872,12873,12873,13
2020-08-18 15:26:43.145,12873,12874,12874,17
2020-08-18 15:26:44.204,12874,12875,12874,1
2020-08-18 15:26:44.204,12874,12875,12875,10
2020-08-18 15:26:45.002,12874,12875,12875,1
2020-08-18 15:26:49.086,12875,12876,12876,8
2020-08-18 15:26:49.142,12876,12877,12876,2
2020-08-18 15:26:54.026,12875,12876,12876,1
2020-08-18 15:26:55.845,12875,12877,12877,1
2020-08-18 15:26:55.941,12875,12877,12877,1
2020-08-18 15:26:57.766,12876,12877,12877,1
2020-08-18 15:26:57.766,12876,12877,12877,1
2020-08-18 15:26:57.766,12876,12877,12877,4
2020-08-18 15:26:57.766,12876,12877,12877,7
2020-08-18 15:26:58.092,12877,12878,12877,1
2020-08-18 15:26:58.717,12877,12878,12877,2
2020-08-18 15:27:02.329,12877,12878,12877,2
2020-08-18 15:27:05.934,12876,12877,12877,1
2020-08-18 15:27:09.956,12876,12877,12876,1
2020-08-18 15:27:12.033,12876,12877,12877,1
2020-08-18 15:27:12.500,12876,12877,12877,1
2020-08-18 15:27:13.069,12876,12877,12877,1
2020-08-18 15:27:13.275,12876,12877,12877,1
2020-08-18 15:27:21.120,12876,12877,12877,2
2020-08-18 15:27:21.154,12876,12877,12877,1
2020-08-18 15:27:21.497,12876,12877,12876,1
2020-08-18 15:27:22.491,12876,12877,12877,1
2020-08-18 15:27:22.775,12876,12877,12876,2
2020-08-18 15:27:32.855,12876,12877,12876,5
2020-08-18 15:27:36.174,12875,12876,12876,5
2020-08-18 15:27:36.902,12876,12877,12876,3
2020-08-18 15:27:38.500,12876,12877,12876,1
2020-08-18 15:27:38.500,12876,12877,12876,6
2020-08-18 15:27:38.500,12876,12877,12876,4
2020-08-18 15:27:38.500,12876,12877,12876,1
2020-08-18 15:27:43.456,12875,12876,12876,1
2020-08-18 15:27:45.348,12875,12877,12875,5
2020-08-18 15:27:54.048,12875,12876,12875,1
2020-08-18 15:27:59.654,12875,12876,12876,1
2020-08-18 15:28:13.041,12875,12876,12876,1
2020-08-18 15:28:14.865,12875,12876,12876,1
2020-08-18 15:28:17.896,12875,12877,12877,2
2020-08-18 15:28:23.534,12876,12877,12877,1
2020-08-18 15:28:25.243,12876,12877,12876,9
2020-08-18 15:28:26.028,12875,12877,12877,1
2020-08-18 15:28:29.314,12876,12877,12877,1
2020-08-18 15:28:32.841,12875,12877,12877,5
2020-08-18 15:28:33.225,12876,12877,12877,3
2020-08-18 15:28:33.509,12877,12878,12877,2
2020-08-18 15:28:35.666,12876,12878,12876,1
2020-08-18 15:28:37.782,12877,12878,12878,1
2020-08-18 15:28:42.152,12877,12878,12878,1
2020-08-18 15:28:44.079,12877,12878,12878,2
2020-08-18 15:28:46.069,12877,12878,12877,1
2020-08-18 15:28:46.549,12876,12878,12878,1
2020-08-18 15:28:48.018,12876,12878,12878,1
2020-08-18 15:28:51.527,12877,12878,12878,1
2020-08-18 15:28:52.886,12877,12878,12877,1
2020-08-18 15:29:04.442,12877,12878,12877,3
2020-08-18 15:29:04.443,12877,12878,12877,2
2020-08-18 15:29:04.659,12876,12877,12877,2
2020-08-18 15:29:04.778,12876,12877,12877,1
2020-08-18 15:29:05.324,12876,12878,12878,1
2020-08-18 15:29:06.380,12876,12877,12877,1
2020-08-18 15:29:06.949,12877,12878,12877,1
2020-08-18 15:29:14.750,12877,12878,12877,2
2020-08-18 15:29:15.110,12876,12877,12877,2
2020-08-18 15:29:17.101,12876,12877,12877,2
2020-08-18 15:29:20.126,12877,12878,12877,1
2020-08-18 15:29:30.544,12877,12878,12877,1
2020-08-18 15:29:31.052,12877,12878,12877,1
2020-08-18 15:29:37.462,12877,12878,12877,3
2020-08-18 15:29:45.210,12876,12877,12877,2
2020-08-18 15:29:53.087,12876,12877,12877,2
2020-08-18 15:29:56.585,12876,12877,12877,1
2020-08-18 15:30:05.624,12876,12877,12876,1
2020-08-18 15:30:06.427,12876,12877,12877,1
2020-08-18 15:30:08.038,12876,12877,12877,1
2020-08-18 15:30:08.338,12876,12877,12877,1
2020-08-18 15:30:10.001,12876,12877,12877,1
2020-08-18 15:30:12.582,12876,12878,12878,2
2020-08-18 15:30:12.699,12877,12878,12877,2
2020-08-18 15:30:12.699,12877,12878,12877,3
2020-08-18 15:30:17.360,12877,12878,12877,1
2020-08-18 15:30:21.379,12876,12877,12877,5
2020-08-18 15:30:24.633,12876,12877,12877,1
2020-08-18 15:30:27.659,12876,12877,12877,8
2020-08-18 15:30:27.660,12876,12877,12877,2
2020-08-18 15:30:32.178,12876,12877,12877,2
2020-08-18 15:30:41.279,12876,12877,12876,10
2020-08-18 15:30:41.279,12876,12877,12876,3
2020-08-18 15:30:41.829,12875,12876,12875,11
2020-08-18 15:30:41.830,12875,12876,12875,1
2020-08-18 15:30:42.538,12874,12875,12875,1
2020-08-18 15:30:50.250,12875,12877,12875,1
2020-08-18 15:30:54.566,12875,12877,12875,1
2020-08-18 15:31:12.779,12875,12876,12875,2
2020-08-18 15:31:14.611,12875,12876,12875,1
2020-08-18 15:31:14.729,12875,12876,12876,1
2020-08-18 15:31:14.730,12875,12876,12876,1
2020-08-18 15:31:14.730,12875,12876,12876,1
2020-08-18 15:31:14.730,12875,12876,12876,1
2020-08-18 15:31:14.730,12875,12876,12876,1
2020-08-18 15:31:14.731,12875,12876,12877,1
2020-08-18 15:31:14.731,12875,12876,12877,1
2020-08-18 15:31:14.731,12875,12876,12877,1
2020-08-18 15:31:15.615,12875,12877,12877,1
2020-08-18 15:31:22.778,12876,12877,12877,2
2020-08-18 15:31:22.778,12876,12877,12877,2
2020-08-18 15:31:32.888,12877,12878,12877,1
2020-08-18 15:31:48.406,12876,12878,12876,1
2020-08-18 15:31:55.436,12876,12877,12876,4
2020-08-18 15:32:00.247,12875,12876,12875,2
2020-08-18 15:32:00.248,12875,12876,12875,3
2020-08-18 15:32:02.750,12874,12875,12874,2
2020-08-18 15:32:02.750,12874,12875,12874,3
2020-08-18 15:32:06.357,12873,12874,12874,1
2020-08-18 15:32:06.357,12873,12874,12874,2
2020-08-18 15:32:06.508,12874,12875,12874,1
2020-08-18 15:32:13.165,12874,12875,12874,1
2020-08-18 15:32:14.146,12874,12875,12874,1
2020-08-18 15:32:16.343,12874,12875,12875,1
2020-08-18 15:32:16.564,12874,12876,12874,1
2020-08-18 15:32:31.031,12873,12874,12874,1
2020-08-18 15:32:31.139,12873,12875,12873,2
2020-08-18 15:32:31.266,12873,12875,12873,1
2020-08-18 15:32:43.317,12874,12875,12874,9
2020-08-18 15:32:43.318,12874,12875,12874,6
2020-08-18 15:32:46.771,12874,12875,12875,1
2020-08-18 15:33:01.790,12874,12875,12874,1
2020-08-18 15:33:05.857,12874,12875,12875,2
2020-08-18 15:33:08.277,12874,12876,12875,1
2020-08-18 15:33:37.766,12874,12875,12875,1
2020-08-18 15:33:38.097,12875,12876,12876,1
2020-08-18 15:33:38.097,12875,12876,12876,1
2020-08-18 15:33:51.227,12876,12877,12876,1
2020-08-18 15:34:04.295,12876,12877,12877,2
2020-08-18 15:34:04.296,12876,12877,12877,2
2020-08-18 15:34:04.296,12876,12877,12877,3
2020-08-18 15:34:09.438,12877,12878,12878,1
2020-08-18 15:34:09.439,12877,12878,12878,9
2020-08-18 15:34:09.439,12877,12878,12878,6
2020-08-18 15:34:09.439,12877,12878,12878,2
2020-08-18 15:34:09.439,12877,12878,12878,2
2020-08-18 15:34:09.439,12877,12878,12878,3
2020-08-18 15:34:09.439,12877,12878,12878,1
2020-08-18 15:34:09.440,12877,12878,12878,2
2020-08-18 15:34:16.074,12877,12879,12878,1
2020-08-18 15:34:32.575,12878,12879,12879,2
2020-08-18 15:34:33.244,12878,12879,12879,1
2020-08-18 15:34:33.245,12878,12879,12879,4
2020-08-18 15:34:33.245,12878,12879,12879,4
2020-08-18 15:34:33.245,12878,12879,12879,1
2020-08-18 15:34:34.040,12878,12880,12879,1
2020-08-18 15:34:34.040,12878,12880,12880,1
2020-08-18 15:34:34.140,12878,12880,12880,1
2020-08-18 15:34:36.728,12878,12880,12880,3
2020-08-18 15:34:37.514,12878,12880,12880,1
2020-08-18 15:34:42.523,12879,12880,12880,1
2020-08-18 15:34:43.729,12879,12880,12879,1
2020-08-18 15:34:44.488,12879,12880,12879,1
2020-08-18 15:34:45.222,12878,12880,12880,37
2020-08-18 15:34:45.222,12878,12880,12881,37
2020-08-18 15:34:45.224,12878,12880,12880,1
2020-08-18 15:34:45.224,12878,12880,12880,1
2020-08-18 15:34:45.338,12880,12881,12882,3
2020-08-18 15:34:45.338,12880,12881,12882,1
2020-08-18 15:34:45.338,12880,12881,12882,6
2020-08-18 15:34:45.338,12880,12881,12882,5
2020-08-18 15:34:53.427,12881,12883,12883,1
2020-08-18 15:34:53.601,12881,12883,12883,1
2020-08-18 15:34:53.969,12881,12883,12883,2
2020-08-18 15:35:00.059,12881,12882,12882,3
2020-08-18 15:35:00.059,12881,12882,12883,1
2020-08-18 15:35:00.319,12882,12883,12883,1
2020-08-18 15:35:01.587,12882,12883,12883,4
2020-08-18 15:35:01.587,12882,12883,12883,2
2020-08-18 15:35:01.588,12882,12883,12883,3
2020-08-18 15:35:01.588,12882,12883,12883,1
2020-08-18 15:35:01.604,12883,12884,12884,1
2020-08-18 15:35:01.605,12883,12884,12884,1
2020-08-18 15:35:01.606,12883,12884,12884,1
2020-08-18 15:35:01.785,12883,12884,12883,1
2020-08-18 15:35:02.804,12883,12884,12883,1
2020-08-18 15:35:05.425,12883,12884,12884,4
2020-08-18 15:35:05.520,12883,12884,12884,2
2020-08-18 15:35:05.797,12883,12885,12885,5
2020-08-18 15:35:05.889,12883,12885,12883,1
2020-08-18 15:35:05.889,12883,12885,12885,2
2020-08-18 15:35:05.896,12883,12885,12885,1
2020-08-18 15:35:05.906,12883,12885,12885,1
2020-08-18 15:35:07.917,12883,12885,12884,1
2020-08-18 15:35:10.722,12884,12885,12885,4
2020-08-18 15:35:10.723,12884,12885,12885,1
2020-08-18 15:35:10.797,12884,12886,12884,1
2020-08-18 15:35:11.858,12884,12886,12884,2
2020-08-18 15:35:12.828,12884,12885,12884,1
2020-08-18 15:35:13.206,12884,12885,12885,3
2020-08-18 15:35:13.679,12884,12885,12884,1
2020-08-18 15:35:14.230,12884,12885,12884,1
2020-08-18 15:35:14.351,12883,12884,12884,1
2020-08-18 15:35:14.820,12883,12884,12884,2
2020-08-18 15:35:15.343,12883,12884,12884,1
2020-08-18 15:35:15.343,12883,12884,12885,1
2020-08-18 15:35:17.852,12883,12885,12884,2
2020-08-18 15:35:20.820,12883,12884,12884,1
2020-08-18 15:35:22.101,12883,12884,12883,11
2020-08-18 15:35:27.707,12882,12884,12883,1
2020-08-18 15:35:28.806,12883,12884,12883,1
2020-08-18 15:35:28.806,12883,12884,12883,1
2020-08-18 15:35:31.495,12882,12883,12882,1
2020-08-18 15:35:32.381,12882,12883,12883,1
2020-08-18 15:35:33.876,12882,12883,12882,5
2020-08-18 15:35:35.209,12881,12882,12882,1
2020-08-18 15:35:37.148,12881,12882,12882,8
2020-08-18 15:35:37.148,12881,12882,12882,2
2020-08-18 15:35:39.976,12881,12882,12881,1
2020-08-18 15:35:41.490,12881,12882,12881,1
2020-08-18 15:35:41.552,12881,12882,12882,2
2020-08-18 15:35:46.120,12881,12882,12881,1
2020-08-18 15:35:54.537,12881,12882,12882,2
2020-08-18 15:35:54.537,12881,12882,12882,2
2020-08-18 15:35:54.677,12882,12883,12883,1
2020-08-18 15:35:55.627,12882,12883,12883,4
2020-08-18 15:35:55.628,12882,12883,12883,2
2020-08-18 15:36:01.096,12882,12883,12882,2
2020-08-18 15:36:01.174,12881,12883,12883,1
2020-08-18 15:36:02.598,12882,12883,12882,1
2020-08-18 15:36:02.792,12882,12883,12883,4
2020-08-18 15:36:02.792,12882,12883,12883,5
2020-08-18 15:36:02.792,12882,12883,12883,1
2020-08-18 15:36:02.792,12882,12883,12883,3
2020-08-18 15:36:04.746,12882,12883,12883,4
2020-08-18 15:36:04.746,12882,12883,12884,4
2020-08-18 15:36:09.128,12882,12884,12884,2
2020-08-18 15:36:10.511,12882,12884,12883,1
2020-08-18 15:36:14.249,12882,12884,12882,1
2020-08-18 15:36:16.872,12883,12884,12883,2
2020-08-18 15:36:22.253,12883,12884,12884,2
2020-08-18 15:36:22.578,12883,12884,12884,1
2020-08-18 15:36:26.931,12883,12884,12883,1
2020-08-18 15:36:27.328,12883,12884,12884,1
2020-08-18 15:36:29.558,12883,12884,12884,4
2020-08-18 15:36:29.559,12883,12884,12884,1
2020-08-18 15:36:29.730,12884,12885,12884,1
2020-08-18 15:36:32.618,12884,12885,12885,2
2020-08-18 15:36:32.805,12884,12885,12885,1
2020-08-18 15:36:33.168,12884,12885,12884,2
2020-08-18 15:36:36.219,12884,12885,12884,1
2020-08-18 15:36:36.421,12884,12885,12884,1
2020-08-18 15:36:37.814,12884,12885,12884,1
2020-08-18 15:36:38.868,12884,12885,12885,3
2020-08-18 15:36:43.362,12884,12885,12884,2
2020-08-18 15:36:43.393,12884,12885,12884,2
2020-08-18 15:36:44.382,12883,12884,12884,1
2020-08-18 15:36:52.967,12883,12884,12884,1
2020-08-18 15:36:55.781,12883,12884,12883,2
2020-08-18 15:37:02.219,12882,12883,12883,1
2020-08-18 15:37:06.579,12882,12883,12883,1
2020-08-18 15:37:16.215,12882,12884,12884,10
2020-08-18 15:37:30.735,12883,12884,12884,1
2020-08-18 15:37:31.272,12883,12884,12884,1
2020-08-18 15:37:32.289,12883,12884,12883,1
2020-08-18 15:37:43.757,12882,12884,12884,1
2020-08-18 15:37:45.547,12882,12884,12883,1
2020-08-18 15:38:01.026,12883,12884,12884,2
2020-08-18 15:38:13.124,12883,12884,12884,1
2020-08-18 15:38:16.271,12883,12884,12884,1
2020-08-18 15:38:19.548,12884,12885,12884,4
2020-08-18 15:38:27.878,12883,12884,12883,1
2020-08-18 15:38:32.146,12883,12884,12883,1
2020-08-18 15:38:34.567,12883,12884,12884,1
2020-08-18 15:38:39.104,12884,12885,12885,4
2020-08-18 15:38:39.104,12884,12885,12885,1
2020-08-18 15:38:39.104,12884,12885,12885,4
2020-08-18 15:38:39.104,12884,12885,12885,14
2020-08-18 15:38:39.154,12884,12885,12885,1
2020-08-18 15:38:44.323,12884,12885,12885,1
2020-08-18 15:38:45.813,12884,12885,12885,1
2020-08-18 15:38:45.832,12884,12885,12885,2
2020-08-18 15:38:48.660,12884,12885,12885,1
2020-08-18 15:38:57.047,12884,12885,12884,4
2020-08-18 15:38:57.349,12883,12884,12884,2
2020-08-18 15:38:57.592,12883,12884,12884,1
2020-08-18 15:38:58.379,12883,12884,12884,2
2020-08-18 15:39:31.429,12883,12884,12884,2
2020-08-18 15:39:43.985,12883,12884,12883,3
2020-08-18 15:39:43.985,12883,12884,12883,2
2020-08-18 15:39:43.985,12883,12884,12883,5
2020-08-18 15:39:46.248,12882,12884,12884,2
2020-08-18 15:40:08.079,12883,12884,12884,2
2020-08-18 15:40:09.093,12883,12884,12883,2
2020-08-18 15:40:10.966,12883,12884,12884,1
2020-08-18 15:40:16.567,12883,12884,12883,3
2020-08-18 15:40:16.828,12882,12883,12883,2
2020-08-18 15:40:18.601,12882,12883,12883,1
2020-08-18 15:40:19.853,12882,12884,12884,2
2020-08-18 15:40:27.358,12882,12883,12882,5
2020-08-18 15:40:27.359,12882,12883,12882,16
2020-08-18 15:40:32.568,12881,12883,12883,1
2020-08-18 15:40:40.075,12881,12882,12882,1
2020-08-18 15:40:40.076,12881,12882,12882,1
2020-08-18 15:40:44.744,12882,12883,12882,1
2020-08-18 15:41:02.976,12881,12882,12881,3
2020-08-18 15:41:03.734,12880,12882,12880,1
2020-08-18 15:41:03.981,12880,12881,12880,1
2020-08-18 15:41:04.094,12880,12881,12880,1
2020-08-18 15:41:07.962,12880,12881,12880,5
2020-08-18 15:41:07.963,12880,12881,12879,12
2020-08-18 15:41:07.963,12880,12881,12879,3
2020-08-18 15:41:07.981,12879,12880,12879,1
2020-08-18 15:41:08.362,12878,12879,12879,2
2020-08-18 15:41:09.106,12879,12880,12879,1
2020-08-18 15:41:13.289,12879,12880,12879,1
2020-08-18 15:41:13.969,12879,12880,12879,1
2020-08-18 15:41:16.594,12878,12879,12879,1
2020-08-18 15:41:18.791,12878,12879,12878,1
2020-08-18 15:41:22.582,12878,12879,12878,2
2020-08-18 15:41:22.957,12878,12879,12878,2
2020-08-18 15:41:22.957,12878,12879,12878,10
2020-08-18 15:41:25.298,12877,12878,12877,1
2020-08-18 15:41:25.935,12877,12878,12877,1
2020-08-18 15:41:29.196,12877,12878,12877,2
2020-08-18 15:41:29.267,12877,12878,12877,1
2020-08-18 15:41:29.928,12876,12877,12877,2
2020-08-18 15:41:30.969,12876,12877,12876,1
2020-08-18 15:41:33.948,12876,12877,12877,1
2020-08-18 15:41:34.350,12876,12877,12876,2
2020-08-18 15:41:34.350,12876,12877,12875,1
2020-08-18 15:41:36.027,12875,12877,12876,2
2020-08-18 15:41:38.021,12875,12876,12876,1
2020-08-18 15:41:38.027,12875,12876,12876,1
2020-08-18 15:41:38.027,12875,12876,12877,1
2020-08-18 15:41:44.641,12876,12877,12876,2
2020-08-18 15:41:44.641,12876,12877,12875,14
2020-08-18 15:41:44.644,12876,12877,12875,14
2020-08-18 15:41:51.659,12875,12876,12875,1
2020-08-18 15:41:51.996,12875,12876,12876,1
2020-08-18 15:41:53.737,12875,12876,12875,1
2020-08-18 15:41:53.927,12874,12875,12875,1
2020-08-18 15:41:55.289,12874,12875,12875,1
2020-08-18 15:41:55.439,12874,12875,12875,5
2020-08-18 15:42:00.502,12875,12876,12875,2
2020-08-18 15:42:00.502,12875,12876,12875,1
2020-08-18 15:42:00.505,12875,12876,12875,1
2020-08-18 15:42:01.124,12874,12875,12875,1
2020-08-18 15:42:01.221,12874,12875,12876,1
2020-08-18 15:42:07.927,12875,12876,12875,9
2020-08-18 15:42:10.074,12874,12875,12875,1
2020-08-18 15:42:13.386,12874,12876,12874,1
2020-08-18 15:42:13.502,12874,12876,12874,5
2020-08-18 15:42:27.880,12874,12876,12874,1
2020-08-18 15:42:43.825,12874,12875,12874,9
2020-08-18 15:42:43.826,12874,12875,12874,3
2020-08-18 15:42:45.709,12873,12874,12874,1
2020-08-18 15:42:51.367,12873,12874,12874,1
2020-08-18 15:42:55.946,12873,12874,12874,1
2020-08-18 15:42:56.814,12873,12874,12874,1
2020-08-18 15:42:58.879,12874,12875,12875,1
2020-08-18 15:42:59.476,12875,12876,12876,2
2020-08-18 15:43:06.052,12876,12877,12877,1
2020-08-18 15:43:06.053,12876,12877,12877,2
2020-08-18 15:43:06.053,12876,12877,12877,2
2020-08-18 15:43:20.754,12876,12877,12877,1
2020-08-18 15:43:20.754,12876,12877,12877,1
2020-08-18 15:43:29.665,12877,12879,12879,1
2020-08-18 15:43:32.786,12878,12879,12879,1
2020-08-18 15:43:32.786,12878,12879,12879,2
2020-08-18 15:43:33.113,12879,12880,12880,1
2020-08-18 15:43:37.242,12879,12880,12879,2
2020-08-18 15:43:44.993,12878,12879,12879,4
2020-08-18 15:43:49.324,12878,12880,12880,1
2020-08-18 15:44:01.129,12878,12879,12879,1
2020-08-18 15:44:24.348,12879,12880,12879,1
2020-08-18 15:44:40.920,12878,12879,12879,1
2020-08-18 15:44:58.249,12878,12879,12879,1
2020-08-18 15:45:14.844,12878,12879,12879,1
2020-08-18 15:45:15.047,12878,12879,12879,2
2020-08-18 15:45:15.047,12878,12879,12880,2
2020-08-18 15:45:15.048,12878,12879,12880,2
2020-08-18 15:45:15.260,12878,12880,12880,1
2020-08-18 15:45:15.917,12878,12880,12880,1
2020-08-18 15:45:15.979,12878,12880,12880,1
2020-08-18 15:45:15.979,12878,12880,12880,1
2020-08-18 15:45:15.979,12878,12880,12880,1
2020-08-18 15:45:15.980,12878,12880,12880,1
2020-08-18 15:45:15.980,12878,12880,12881,1
2020-08-18 15:45:15.980,12878,12880,12881,1
2020-08-18 15:45:15.980,12878,12880,12881,1
2020-08-18 15:45:15.980,12878,12880,12881,1
2020-08-18 15:45:15.980,12878,12880,12881,1
2020-08-18 15:45:15.980,12878,12880,12881,1
2020-08-18 15:45:15.981,12878,12880,12881,1
2020-08-18 15:45:16.202,12880,12881,12880,1
2020-08-18 15:45:16.204,12880,12881,12880,1
2020-08-18 15:45:16.537,12880,12881,12881,1
2020-08-18 15:45:17.214,12880,12882,12880,2
2020-08-18 15:45:19.490,12880,12882,12882,1
2020-08-18 15:45:36.438,12878,12880,12880,1
2020-08-18 15:45:44.929,12879,12881,12880,1
2020-08-18 15:45:51.203,12880,12881,12880,1
2020-08-18 15:45:51.380,12880,12881,12880,1
2020-08-18 15:46:09.661,12880,12881,12881,2
2020-08-18 15:46:17.860,12880,12881,12881,2
2020-08-18 15:46:20.992,12881,12882,12882,2
2020-08-18 15:46:26.097,12881,12882,12882,1
2020-08-18 15:46:26.097,12881,12882,12882,8
2020-08-18 15:46:30.826,12882,12883,12883,2
2020-08-18 15:46:30.969,12882,12883,12883,1
2020-08-18 15:46:35.809,12882,12883,12883,1
2020-08-18 15:46:36.459,12882,12883,12882,1
2020-08-18 15:46:37.129,12882,12883,12882,1
2020-08-18 15:46:46.732,12882,12883,12882,1
2020-08-18 15:46:47.812,12882,12883,12883,1
2020-08-18 15:46:47.812,12882,12883,12883,3
2020-08-18 15:46:48.147,12883,12884,12883,1
2020-08-18 15:46:51.087,12883,12884,12883,1
2020-08-18 15:46:51.583,12883,12884,12884,2
2020-08-18 15:46:51.601,12883,12884,12884,1
2020-08-18 15:46:52.537,12883,12884,12883,1
2020-08-18 15:46:52.770,12883,12884,12884,1
2020-08-18 15:46:53.199,12884,12885,12885,1
2020-08-18 15:46:53.258,12884,12885,12885,5
2020-08-18 15:46:54.119,12884,12885,12884,1
2020-08-18 15:47:01.226,12884,12885,12885,5
2020-08-18 15:47:01.351,12885,12886,12886,7
2020-08-18 15:47:01.481,12885,12886,12886,1
2020-08-18 15:47:01.481,12885,12886,12886,1
2020-08-18 15:47:01.481,12885,12886,12886,1
2020-08-18 15:47:01.490,12885,12886,12886,1
2020-08-18 15:47:01.496,12885,12886,12886,1
2020-08-18 15:47:01.497,12885,12886,12886,1
2020-08-18 15:47:01.497,12885,12886,12886,1
2020-08-18 15:47:01.497,12885,12886,12886,2
2020-08-18 15:47:01.497,12885,12886,12886,1
2020-08-18 15:47:01.497,12885,12886,12886,1
2020-08-18 15:47:01.498,12885,12886,12886,1
2020-08-18 15:47:01.512,12885,12886,12887,1
2020-08-18 15:47:01.537,12885,12886,12887,2
2020-08-18 15:47:01.658,12885,12887,12887,2
2020-08-18 15:47:01.914,12885,12887,12887,1
2020-08-18 15:47:01.991,12885,12887,12887,1
2020-08-18 15:47:02.380,12885,12887,12885,1
2020-08-18 15:47:03.398,12885,12887,12887,1
2020-08-18 15:47:03.971,12885,12887,12885,1
2020-08-18 15:47:07.749,12886,12887,12886,1
2020-08-18 15:47:08.077,12885,12886,12886,1
2020-08-18 15:47:08.209,12885,12887,12885,1
2020-08-18 15:47:11.059,12886,12887,12886,1
2020-08-18 15:47:11.214,12885,12887,12886,1
2020-08-18 15:47:13.960,12885,12886,12886,2
2020-08-18 15:47:15.157,12885,12887,12887,2
2020-08-18 15:47:16.047,12886,12887,12887,1
2020-08-18 15:47:16.542,12886,12887,12887,1
2020-08-18 15:47:21.716,12886,12887,12887,2
2020-08-18 15:47:27.646,12886,12887,12887,15
2020-08-18 15:47:30.171,12887,12888,12887,1
2020-08-18 15:47:30.262,12887,12888,12888,2
2020-08-18 15:47:30.411,12887,12888,12887,1
2020-08-18 15:47:34.301,12887,12888,12887,1
2020-08-18 15:47:34.341,12887,12888,12887,1
2020-08-18 15:47:35.417,12886,12887,12887,1
2020-08-18 15:47:36.174,12886,12887,12887,1
2020-08-18 15:47:38.285,12887,12888,12887,2
2020-08-18 15:47:38.829,12887,12888,12887,1
2020-08-18 15:47:44.293,12887,12888,12887,7
2020-08-18 15:47:45.730,12886,12887,12887,1
2020-08-18 15:47:49.295,12886,12887,12886,2
2020-08-18 15:47:49.424,12885,12886,12886,1
2020-08-18 15:47:49.705,12885,12886,12886,1
2020-08-18 15:47:51.128,12885,12886,12886,1
2020-08-18 15:47:56.978,12885,12886,12885,1
2020-08-18 15:48:03.404,12885,12886,12885,9
2020-08-18 15:48:05.205,12884,12886,12885,1
2020-08-18 15:48:11.611,12884,12885,12885,1
2020-08-18 15:48:12.754,12884,12886,12884,1
2020-08-18 15:48:21.705,12884,12885,12884,1
2020-08-18 15:48:24.627,12884,12885,12884,1
2020-08-18 15:48:28.180,12884,12885,12884,2
2020-08-18 15:48:28.329,12883,12884,12884,1
2020-08-18 15:48:28.330,12883,12884,12884,1
2020-08-18 15:48:28.332,12883,12884,12884,2
2020-08-18 15:48:36.172,12883,12884,12883,1
2020-08-18 15:48:48.119,12883,12885,12883,2
2020-08-18 15:48:51.950,12884,12885,12885,7
2020-08-18 15:49:05.766,12885,12886,12885,1
2020-08-18 15:49:10.311,12885,12886,12885,2
2020-08-18 15:49:11.682,12885,12886,12886,1
2020-08-18 15:49:16.642,12885,12886,12886,10
2020-08-18 15:49:16.642,12885,12886,12886,1
2020-08-18 15:49:21.449,12885,12887,12885,1
2020-08-18 15:49:21.463,12885,12887,12885,1
2020-08-18 15:49:21.463,12885,12887,12885,2
2020-08-18 15:49:21.524,12885,12887,12885,2
2020-08-18 15:49:27.965,12885,12886,12885,1
2020-08-18 15:49:31.356,12883,12885,12885,1
2020-08-18 15:49:36.009,12883,12885,12884,1
2020-08-18 15:49:36.208,12883,12885,12885,1
2020-08-18 15:49:38.940,12884,12885,12884,1
2020-08-18 15:49:39.204,12883,12885,12884,1
2020-08-18 15:49:41.044,12883,12885,12885,1
2020-08-18 15:49:45.265,12883,12885,12885,1
2020-08-18 15:49:51.078,12883,12884,12884,1
2020-08-18 15:50:15.708,12883,12884,12884,1
2020-08-18 15:50:15.709,12883,12884,12884,1
2020-08-18 15:50:32.531,12883,12884,12883,1
2020-08-18 15:50:32.607,12883,12884,12884,1
2020-08-18 15:50:32.607,12883,12884,12884,1
2020-08-18 15:50:32.607,12883,12884,12884,1
2020-08-18 15:50:32.608,12883,12884,12885,1
2020-08-18 15:50:32.608,12883,12884,12885,1
2020-08-18 15:50:32.620,12883,12884,12885,1
2020-08-18 15:50:32.620,12883,12884,12885,1
2020-08-18 15:50:32.632,12883,12884,12885,1
2020-08-18 15:50:32.632,12883,12884,12885,1
2020-08-18 15:50:32.632,12883,12884,12885,1
2020-08-18 15:50:32.632,12883,12884,12885,3
2020-08-18 15:50:32.638,12883,12884,12886,1
2020-08-18 15:50:32.638,12883,12884,12886,1
2020-08-18 15:50:32.638,12883,12884,12886,1
2020-08-18 15:50:32.638,12883,12884,12886,3
2020-08-18 15:50:32.638,12883,12884,12886,1
2020-08-18 15:50:37.316,12885,12886,12886,1
2020-08-18 15:50:39.941,12885,12886,12885,5
2020-08-18 15:50:39.944,12885,12886,12884,1
2020-08-18 15:50:44.362,12883,12884,12883,7
2020-08-18 15:50:45.086,12882,12883,12883,3
2020-08-18 15:50:50.377,12883,12884,12883,4
2020-08-18 15:50:57.968,12882,12884,12882,1
2020-08-18 15:50:58.103,12882,12884,12882,1
2020-08-18 15:51:05.890,12882,12884,12882,1
2020-08-18 15:51:09.327,12882,12883,12882,1
2020-08-18 15:51:10.390,12882,12883,12882,1
2020-08-18 15:51:10.390,12882,12883,12882,1
2020-08-18 15:51:20.538,12881,12882,12881,5
2020-08-18 15:51:21.188,12880,12881,12880,1
2020-08-18 15:51:22.187,12880,12881,12880,1
2020-08-18 15:51:22.187,12880,12881,12880,3
2020-08-18 15:51:22.187,12880,12881,12880,2
2020-08-18 15:51:24.621,12879,12881,12881,3
2020-08-18 15:51:29.525,12879,12880,12880,1
2020-08-18 15:51:30.636,12879,12881,12879,1
2020-08-18 15:51:30.748,12879,12881,12879,1
2020-08-18 15:51:31.081,12879,12881,12880,1
2020-08-18 15:51:44.406,12880,12881,12880,1
2020-08-18 15:51:46.571,12880,12881,12880,1
2020-08-18 15:51:52.766,12880,12881,12880,1
2020-08-18 15:51:55.196,12880,12881,12880,1
2020-08-18 15:51:58.344,12880,12881,12880,1
2020-08-18 15:52:04.657,12880,12881,12880,1
2020-08-18 15:52:12.086,12878,12879,12878,4
2020-08-18 15:52:12.329,12877,12878,12878,2
2020-08-18 15:52:12.346,12877,12878,12878,8
2020-08-18 15:52:12.349,12877,12878,12878,1
2020-08-18 15:52:12.377,12878,12879,12879,1
2020-08-18 15:52:13.421,12878,12879,12879,1
2020-08-18 15:52:13.563,12878,12880,12878,1
2020-08-18 15:52:17.128,12878,12880,12880,1
2020-08-18 15:52:22.429,12879,12880,12879,1
2020-08-18 15:52:24.205,12878,12879,12879,1
2020-08-18 15:52:24.370,12878,12879,12878,1
2020-08-18 15:52:25.438,12878,12879,12879,1
2020-08-18 15:52:26.976,12878,12880,12878,1
2020-08-18 15:52:31.872,12878,12879,12879,1
2020-08-18 15:52:37.766,12879,12880,12879,4
2020-08-18 15:52:37.767,12879,12880,12879,3
2020-08-18 15:52:50.580,12878,12879,12878,6
2020-08-18 15:52:58.911,12878,12879,12878,3
2020-08-18 15:53:00.006,12878,12879,12878,2
2020-08-18 15:53:14.182,12877,12879,12877,1
2020-08-18 15:53:14.745,12878,12879,12878,1
2020-08-18 15:53:19.696,12877,12878,12877,1
2020-08-18 15:53:37.809,12878,12879,12878,1
2020-08-18 15:53:55.731,12878,12879,12879,9
2020-08-18 15:53:57.973,12879,12880,12879,1
2020-08-18 15:53:58.443,12879,12880,12879,3
2020-08-18 15:53:58.767,12878,12879,12879,1
2020-08-18 15:53:58.991,12878,12879,12879,2
2020-08-18 15:53:58.991,12878,12879,12879,4
2020-08-18 15:54:00.167,12879,12880,12880,1
2020-08-18 15:54:18.094,12879,12880,12879,1
2020-08-18 15:54:18.094,12879,12880,12879,2
2020-08-18 15:54:18.095,12879,12880,12879,3
2020-08-18 15:54:18.095,12879,12880,12879,4
2020-08-18 15:54:54.031,12878,12879,12878,2
2020-08-18 15:54:56.803,12878,12879,12879,1
2020-08-18 15:54:56.804,12878,12879,12879,2
2020-08-18 15:54:56.804,12878,12879,12879,2
2020-08-18 15:54:56.804,12878,12879,12879,9
2020-08-18 15:54:59.315,12879,12880,12880,7
2020-08-18 15:55:01.774,12880,12881,12881,3
2020-08-18 15:55:01.774,12880,12881,12881,2
2020-08-18 15:55:01.774,12880,12881,12881,8
2020-08-18 15:55:02.666,12881,12882,12882,14
2020-08-18 15:55:03.758,12882,12883,12883,2
2020-08-18 15:55:05.198,12883,12884,12884,7
2020-08-18 15:55:05.896,12884,12885,12884,2
2020-08-18 15:55:07.485,12882,12884,12884,1
2020-08-18 15:55:23.600,12881,12883,12883,1
2020-08-18 15:55:47.561,12881,12883,12882,1
2020-08-18 15:55:47.561,12881,12883,12882,2
2020-08-18 15:55:51.427,12881,12882,12881,1
2020-08-18 15:55:54.279,12880,12881,12880,1
2020-08-18 15:56:32.027,12879,12881,12879,1
2020-08-18 15:56:32.373,12878,12880,12880,1
2020-08-18 15:56:41.987,12880,12881,12881,1
2020-08-18 15:56:49.205,12880,12882,12880,2
2020-08-18 15:57:14.711,12881,12883,12881,1
2020-08-18 15:57:21.946,12881,12883,12883,2
2020-08-18 15:57:21.998,12881,12883,12883,1
2020-08-18 15:57:26.984,12882,12883,12883,1
2020-08-18 15:57:30.335,12882,12883,12882,1
2020-08-18 15:57:30.631,12881,12882,12882,1
2020-08-18 15:57:47.120,12880,12882,12882,1
2020-08-18 15:57:51.184,12880,12882,12880,1
2020-08-18 15:57:56.664,12880,12882,12880,1
2020-08-18 15:58:10.067,12881,12882,12881,2
2020-08-18 15:58:11.751,12881,12882,12882,1
2020-08-18 15:58:11.751,12881,12882,12882,1
2020-08-18 15:58:12.115,12882,12883,12883,2
2020-08-18 15:58:17.088,12882,12884,12884,1
2020-08-18 15:58:18.834,12882,12884,12882,1
2020-08-18 15:58:31.252,12881,12882,12882,2
2020-08-18 15:58:36.529,12881,12882,12882,1
2020-08-18 15:58:38.070,12881,12882,12882,2
2020-08-18 15:58:42.402,12881,12882,12881,2
2020-08-18 15:58:42.403,12881,12882,12881,1
2020-08-18 15:58:42.596,12880,12881,12881,1
2020-08-18 15:58:47.137,12880,12881,12880,2
2020-08-18 15:58:47.137,12880,12881,12880,1
2020-08-18 15:59:00.602,12880,12881,12880,1
2020-08-18 15:59:15.300,12880,12881,12881,1
2020-08-18 15:59:15.300,12880,12881,12881,1
2020-08-18 15:59:17.737,12881,12882,12881,2
2020-08-18 15:59:29.968,12880,12881,12881,1
2020-08-18 15:59:35.752,12880,12881,12880,3
2020-08-18 15:59:35.752,12880,12881,12880,1
2020-08-18 15:59:46.190,12879,12880,12880,1
2020-08-18 16:00:01.618,12879,12880,12880,3
2020-08-18 16:00:05.370,12879,12881,12880,1
2020-08-18 16:00:05.480,12880,12881,12881,1
2020-08-18 16:00:05.480,12880,12881,12881,1
2020-08-18 16:00:05.481,12880,12881,12881,2
2020-08-18 16:00:05.493,12880,12881,12881,1
2020-08-18 16:00:05.494,12880,12881,12882,1
2020-08-18 16:00:05.495,12880,12881,12882,1
2020-08-18 16:00:05.495,12880,12881,12882,1
2020-08-18 16:00:05.508,12880,12881,12882,1
2020-08-18 16:00:12.578,12880,12881,12880,3
2020-08-18 16:00:25.331,12880,12881,12881,1
2020-08-18 16:00:27.972,12881,12882,12881,3
2020-08-18 16:00:34.327,12880,12882,12880,2
2020-08-18 16:00:34.339,12880,12882,12880,1
2020-08-18 16:00:44.109,12881,12882,12882,3
2020-08-18 16:00:44.821,12882,12883,12882,3
2020-08-18 16:00:48.979,12882,12883,12882,1
2020-08-18 16:00:56.597,12881,12883,12883,6
2020-08-18 16:01:01.672,12882,12883,12882,1
2020-08-18 16:01:01.895,12882,12883,12883,1
2020-08-18 16:01:01.980,12882,12884,12884,1
2020-08-18 16:01:01.980,12882,12884,12884,1
2020-08-18 16:01:01.980,12882,12884,12884,1
2020-08-18 16:01:01.981,12882,12884,12884,1
2020-08-18 16:01:01.981,12882,12884,12884,1
2020-08-18 16:01:01.981,12882,12884,12884,1
2020-08-18 16:01:01.981,12882,12884,12884,2
2020-08-18 16:01:01.981,12882,12884,12884,1
2020-08-18 16:01:01.981,12882,12884,12884,1
2020-08-18 16:01:01.981,12882,12884,12884,1
2020-08-18 16:01:01.982,12882,12884,12884,1
2020-08-18 16:01:01.982,12882,12884,12884,1
2020-08-18 16:01:01.982,12882,12884,12884,6
2020-08-18 16:01:01.982,12882,12884,12884,1
2020-08-18 16:01:01.983,12882,12884,12884,4
2020-08-18 16:01:01.983,12882,12884,12884,2
2020-08-18 16:01:01.983,12882,12884,12884,5
2020-08-18 16:01:01.984,12882,12884,12885,1
2020-08-18 16:01:01.984,12882,12884,12885,1
2020-08-18 16:01:01.986,12882,12884,12885,1
2020-08-18 16:01:01.986,12882,12884,12885,1
2020-08-18 16:01:01.988,12882,12884,12885,1
2020-08-18 16:01:01.989,12882,12884,12885,1
2020-08-18 16:01:01.998,12882,12884,12885,2
2020-08-18 16:01:01.999,12882,12884,12885,4
2020-08-18 16:01:01.999,12882,12884,12885,3
2020-08-18 16:01:04.183,12885,12886,12885,1
2020-08-18 16:01:04.911,12884,12885,12884,1
2020-08-18 16:01:09.363,12884,12885,12884,5
2020-08-18 16:01:09.701,12882,12884,12884,1
2020-08-18 16:01:09.802,12882,12884,12884,1
2020-08-18 16:01:17.255,12882,12884,12882,1
2020-08-18 16:01:19.092,12882,12884,12884,1
2020-08-18 16:01:39.291,12882,12884,12884,1
2020-08-18 16:02:16.496,12883,12884,12884,4
2020-08-18 16:02:16.496,12883,12884,12884,4
2020-08-18 16:02:16.496,12883,12884,12884,2
2020-08-18 16:02:16.496,12883,12884,12884,1
2020-08-18 16:02:16.496,12883,12884,12884,6
2020-08-18 16:02:16.496,12883,12884,12884,1
2020-08-18 16:02:25.708,12884,12885,12885,5
2020-08-18 16:02:25.711,12884,12885,12885,1
2020-08-18 16:02:25.711,12884,12885,12885,2
2020-08-18 16:02:25.711,12884,12885,12885,4
2020-08-18 16:02:25.711,12884,12885,12885,1
2020-08-18 16:02:26.691,12885,12886,12886,5
2020-08-18 16:02:26.692,12885,12886,12886,5
2020-08-18 16:02:26.692,12885,12886,12886,1
2020-08-18 16:02:28.129,12886,12887,12886,1
2020-08-18 16:02:29.169,12885,12886,12886,1
2020-08-18 16:02:30.029,12885,12886,12886,1
2020-08-18 16:02:30.043,12885,12886,12886,1
2020-08-18 16:02:33.859,12884,12886,12886,1
2020-08-18 16:02:44.952,12885,12886,12886,3
2020-08-18 16:02:49.468,12885,12886,12885,2
2020-08-18 16:02:49.772,12884,12885,12885,1
2020-08-18 16:02:52.990,12884,12885,12885,2
2020-08-18 16:02:59.924,12883,12885,12885,3
2020-08-18 16:03:09.884,12884,12885,12885,2
2020-08-18 16:03:20.819,12885,12886,12886,1
2020-08-18 16:03:21.328,12885,12886,12886,1
2020-08-18 16:03:25.041,12885,12886,12886,1
2020-08-18 16:03:25.041,12885,12886,12886,2
2020-08-18 16:03:25.041,12885,12886,12886,1
2020-08-18 16:03:27.533,12886,12887,12887,1
2020-08-18 16:03:27.534,12886,12887,12887,1
2020-08-18 16:03:27.534,12886,12887,12887,5
2020-08-18 16:03:27.534,12886,12887,12887,3
2020-08-18 16:03:30.908,12887,12888,12888,2
2020-08-18 16:03:31.311,12887,12888,12888,1
2020-08-18 16:03:31.334,12887,12888,12888,1
2020-08-18 16:03:31.844,12887,12888,12887,1
2020-08-18 16:03:33.593,12887,12888,12887,1
2020-08-18 16:03:34.418,12887,12888,12888,2
2020-08-18 16:03:34.419,12887,12888,12888,19
2020-08-18 16:03:34.419,12887,12888,12888,4
2020-08-18 16:03:34.663,12888,12889,12888,7
2020-08-18 16:03:37.706,12887,12889,12889,1
2020-08-18 16:03:37.744,12887,12889,12889,1
2020-08-18 16:03:38.122,12888,12889,12888,1
2020-08-18 16:03:40.943,12887,12888,12888,1
2020-08-18 16:03:43.888,12887,12888,12888,1
2020-08-18 16:03:44.990,12887,12888,12887,10
2020-08-18 16:03:45.006,12887,12888,12886,1
2020-08-18 16:03:45.270,12885,12887,12887,2
2020-08-18 16:03:45.971,12885,12887,12887,2
2020-08-18 16:03:46.116,12885,12887,12886,1
2020-08-18 16:03:49.583,12886,12887,12886,1
2020-08-18 16:03:55.002,12885,12886,12885,2
2020-08-18 16:03:55.002,12885,12886,12885,2
2020-08-18 16:03:59.672,12885,12886,12885,1
2020-08-18 16:04:12.164,12885,12886,12886,1
2020-08-18 16:04:32.706,12886,12887,12886,1
2020-08-18 16:04:33.591,12885,12886,12885,3
2020-08-18 16:04:35.346,12884,12886,12885,1
2020-08-18 16:04:58.273,12885,12886,12885,1
2020-08-18 16:05:00.253,12885,12886,12885,2
2020-08-18 16:05:22.287,12884,12885,12884,1
2020-08-18 16:05:30.094,12884,12885,12885,2
2020-08-18 16:06:07.764,12885,12886,12885,1
2020-08-18 16:06:08.346,12885,12886,12886,11
2020-08-18 16:06:08.611,12886,12887,12887,6
2020-08-18 16:06:08.767,12886,12887,12887,4
2020-08-18 16:06:08.767,12886,12887,12888,2
2020-08-18 16:06:21.801,12886,12887,12887,1
2020-08-18 16:06:28.593,12886,12888,12886,1
2020-08-18 16:06:33.935,12885,12887,12885,1
2020-08-18 16:06:54.811,12885,12887,12887,10
2020-08-18 16:06:54.811,12885,12887,12887,1
2020-08-18 16:06:54.812,12885,12887,12887,2
2020-08-18 16:06:54.812,12885,12887,12887,2
2020-08-18 16:06:55.521,12886,12887,12886,1
2020-08-18 16:07:11.032,12886,12887,12887,1
2020-08-18 16:07:13.285,12886,12887,12887,1
2020-08-18 16:07:13.355,12887,12888,12888,1
2020-08-18 16:07:13.356,12887,12888,12888,1
2020-08-18 16:07:13.356,12887,12888,12888,2
2020-08-18 16:07:13.356,12887,12888,12888,2
2020-08-18 16:07:13.356,12887,12888,12888,3
2020-08-18 16:07:13.356,12887,12888,12889,1
2020-08-18 16:07:13.356,12887,12888,12889,1
2020-08-18 16:07:13.392,12887,12888,12889,1
2020-08-18 16:07:13.402,12887,12888,12889,1
2020-08-18 16:07:15.177,12888,12889,12889,2
2020-08-18 16:07:16.363,12888,12889,12889,1
2020-08-18 16:07:25.019,12889,12890,12889,1
2020-08-18 16:07:34.796,12888,12889,12889,1
2020-08-18 16:07:40.138,12888,12889,12889,1
2020-08-18 16:07:40.138,12888,12889,12889,2
2020-08-18 16:07:44.078,12887,12888,12887,1
2020-08-18 16:07:46.544,12886,12888,12888,4
2020-08-18 16:07:52.363,12886,12888,12887,1
2020-08-18 16:07:53.315,12886,12888,12888,1
2020-08-18 16:07:57.980,12886,12887,12887,2
2020-08-18 16:08:02.707,12886,12887,12887,2
2020-08-18 16:08:07.399,12886,12887,12887,5
2020-08-18 16:08:07.399,12886,12887,12887,5
2020-08-18 16:08:10.506,12887,12888,12887,9
2020-08-18 16:08:10.506,12887,12888,12887,1
2020-08-18 16:08:22.411,12887,12888,12887,7
2020-08-18 16:08:26.013,12886,12887,12887,3
2020-08-18 16:08:27.262,12887,12888,12887,1
2020-08-18 16:08:38.147,12887,12888,12887,3
2020-08-18 16:08:50.252,12886,12887,12886,2
2020-08-18 16:08:50.252,12886,12887,12886,6
2020-08-18 16:08:57.813,12885,12886,12886,2
2020-08-18 16:09:11.674,12886,12887,12887,1
2020-08-18 16:09:12.135,12886,12888,12888,1
2020-08-18 16:09:12.168,12886,12888,12888,1
2020-08-18 16:09:12.230,12886,12888,12888,1
2020-08-18 16:09:12.230,12886,12888,12888,1
2020-08-18 16:09:12.230,12886,12888,12888,1
2020-08-18 16:09:12.230,12886,12888,12888,1
2020-08-18 16:09:12.230,12886,12888,12888,1
2020-08-18 16:09:12.231,12886,12888,12889,1
2020-08-18 16:09:12.231,12886,12888,12889,1
2020-08-18 16:09:12.231,12886,12888,12889,1
2020-08-18 16:09:12.231,12886,12888,12889,1
2020-08-18 16:09:12.231,12886,12888,12889,1
2020-08-18 16:09:12.231,12886,12888,12889,1
2020-08-18 16:09:12.231,12886,12888,12888,1
2020-08-18 16:09:12.231,12886,12888,12889,1
2020-08-18 16:09:22.691,12887,12888,12888,2
2020-08-18 16:09:23.627,12887,12888,12888,5
2020-08-18 16:09:23.627,12887,12888,12888,3
2020-08-18 16:09:23.627,12887,12888,12888,1
2020-08-18 16:09:33.945,12887,12888,12888,1
2020-08-18 16:09:37.636,12887,12888,12888,1
2020-08-18 16:09:37.636,12887,12888,12889,2
2020-08-18 16:09:40.311,12887,12889,12889,1
2020-08-18 16:09:46.374,12887,12888,12888,8
2020-08-18 16:09:46.376,12887,12888,12888,2
2020-08-18 16:09:49.196,12887,12888,12888,1
2020-08-18 16:09:51.240,12887,12888,12888,1
2020-08-18 16:10:01.428,12887,12888,12887,3
2020-08-18 16:10:02.180,12887,12888,12888,2
2020-08-18 16:10:02.180,12887,12888,12889,1
2020-08-18 16:10:05.340,12888,12889,12889,1
2020-08-18 16:10:18.574,12888,12889,12889,3
2020-08-18 16:10:18.574,12888,12889,12889,7
2020-08-18 16:10:21.241,12888,12890,12889,1
2020-08-18 16:10:24.342,12888,12890,12890,2
2020-08-18 16:10:25.592,12888,12890,12889,1
2020-08-18 16:10:52.379,12888,12890,12890,1
2020-08-18 16:11:00.194,12888,12890,12890,2
2020-08-18 16:11:00.327,12889,12890,12890,14
2020-08-18 16:11:00.354,12889,12890,12890,1
2020-08-18 16:11:00.356,12889,12890,12890,1
2020-08-18 16:11:00.361,12889,12890,12890,4
2020-08-18 16:11:00.362,12889,12890,12890,9
2020-08-18 16:11:00.510,12890,12891,12890,4
2020-08-18 16:11:00.591,12890,12891,12891,1
2020-08-18 16:11:00.793,12889,12891,12891,3
2020-08-18 16:11:00.800,12889,12891,12891,2
2020-08-18 16:11:00.817,12889,12891,12891,2
2020-08-18 16:11:04.579,12889,12891,12891,1
2020-08-18 16:11:15.155,12890,12891,12891,1
2020-08-18 16:11:15.608,12890,12892,12892,2
2020-08-18 16:11:16.290,12890,12892,12892,2
2020-08-18 16:11:26.329,12891,12892,12891,2
2020-08-18 16:11:28.628,12890,12892,12890,3
2020-08-18 16:11:30.157,12890,12892,12892,2
2020-08-18 16:11:35.527,12890,12892,12890,1
2020-08-18 16:11:46.100,12891,12892,12892,1
2020-08-18 16:11:49.383,12891,12892,12892,1
2020-08-18 16:11:53.966,12891,12892,12891,1
2020-08-18 16:11:55.139,12891,12892,12892,1
2020-08-18 16:11:57.018,12891,12892,12892,1
2020-08-18 16:11:57.942,12891,12892,12892,1
2020-08-18 16:11:58.446,12891,12892,12892,1
2020-08-18 16:12:00.897,12891,12892,12892,2
2020-08-18 16:12:05.556,12891,12892,12892,10
2020-08-18 16:12:05.556,12891,12892,12892,2
2020-08-18 16:12:05.556,12891,12892,12892,7
2020-08-18 16:12:05.556,12891,12892,12892,3
2020-08-18 16:12:13.213,12891,12892,12892,2
2020-08-18 16:12:15.763,12891,12892,12891,4
2020-08-18 16:12:16.244,12890,12891,12891,1
2020-08-18 16:12:21.378,12890,12892,12891,1
2020-08-18 16:12:21.432,12890,12892,12891,1
2020-08-18 16:12:22.581,12890,12892,12891,1
2020-08-18 16:12:29.930,12890,12891,12890,29
2020-08-18 16:12:29.972,12890,12891,12889,2
2020-08-18 16:12:30.899,12888,12889,12889,1
2020-08-18 16:12:32.034,12889,12890,12890,1
2020-08-18 16:12:43.008,12889,12890,12889,1
2020-08-18 16:12:45.826,12888,12889,12889,1
2020-08-18 16:12:55.550,12889,12890,12890,1
2020-08-18 16:13:04.245,12889,12890,12889,1
2020-08-18 16:13:04.843,12889,12890,12890,1
2020-08-18 16:13:16.133,12889,12890,12890,1
2020-08-18 16:13:22.417,12889,12890,12889,3
2020-08-18 16:13:24.881,12888,12889,12889,1
2020-08-18 16:13:25.161,12888,12889,12889,1
2020-08-18 16:13:35.162,12888,12889,12888,1
2020-08-18 16:13:35.162,12888,12889,12888,2
2020-08-18 16:13:35.162,12888,12889,12888,2
2020-08-18 16:13:50.734,12887,12888,12887,2
2020-08-18 16:13:50.735,12887,12888,12887,1
2020-08-18 16:13:50.997,12887,12888,12887,1
2020-08-18 16:13:51.413,12887,12888,12888,1
2020-08-18 16:14:02.661,12887,12888,12887,1
2020-08-18 16:14:14.095,12887,12888,12888,1
2020-08-18 16:14:16.045,12887,12888,12888,2
2020-08-18 16:14:25.096,12888,12889,12888,1
2020-08-18 16:14:25.096,12888,12889,12887,1
2020-08-18 16:14:59.362,12887,12889,12889,1
2020-08-18 16:15:11.914,12888,12890,12888,1
2020-08-18 16:15:12.764,12888,12889,12889,1
2020-08-18 16:15:16.483,12888,12890,12890,1
2020-08-18 16:15:16.489,12888,12890,12890,1
2020-08-18 16:15:22.803,12888,12890,12890,1
2020-08-18 16:15:30.196,12888,12890,12890,1
2020-08-18 16:15:30.535,12888,12890,12889,1
2020-08-18 16:15:34.662,12888,12890,12890,1
2020-08-18 16:15:45.258,12889,12890,12890,2
2020-08-18 16:15:58.154,12889,12890,12890,2
2020-08-18 16:16:02.457,12889,12890,12890,1
2020-08-18 16:16:04.675,12889,12890,12890,1
2020-08-18 16:16:04.730,12889,12890,12890,1
2020-08-18 16:16:04.730,12889,12890,12890,1
2020-08-18 16:16:04.730,12889,12890,12891,1
2020-08-18 16:16:04.731,12889,12890,12891,1
2020-08-18 16:16:04.731,12889,12890,12891,1
2020-08-18 16:16:08.074,12890,12891,12891,3
2020-08-18 16:16:11.958,12890,12891,12891,1
2020-08-18 16:16:12.091,12890,12891,12891,1
2020-08-18 16:16:12.091,12890,12891,12891,2
2020-08-18 16:16:12.091,12890,12891,12891,1
2020-08-18 16:16:12.091,12890,12891,12891,2
2020-08-18 16:16:12.092,12890,12891,12891,1
2020-08-18 16:16:21.221,12890,12891,12891,1
2020-08-18 16:16:26.326,12891,12892,12891,1
2020-08-18 16:16:27.696,12890,12892,12890,2
2020-08-18 16:16:27.746,12889,12891,12890,1
2020-08-18 16:16:43.479,12890,12891,12890,1
2020-08-18 16:17:11.625,12890,12891,12890,1
2020-08-18 16:17:12.854,12890,12891,12891,7
2020-08-18 16:17:12.855,12890,12891,12891,3
2020-08-18 16:17:12.855,12890,12891,12891,1
2020-08-18 16:17:12.855,12890,12891,12891,2
2020-08-18 16:17:14.827,12891,12892,12891,1
2020-08-18 16:17:17.097,12891,12892,12892,1
2020-08-18 16:17:17.097,12891,12892,12892,2
2020-08-18 16:17:17.097,12891,12892,12892,4
2020-08-18 16:17:18.787,12892,12893,12892,1
2020-08-18 16:17:25.542,12891,12892,12892,1
2020-08-18 16:17:25.637,12891,12892,12892,1
2020-08-18 16:17:27.640,12890,12892,12892,1
2020-08-18 16:17:31.007,12890,12892,12892,1
2020-08-18 16:17:36.787,12891,12892,12892,15
2020-08-18 16:17:36.788,12891,12892,12892,5
2020-08-18 16:17:45.276,12892,12893,12892,2
2020-08-18 16:17:45.635,12891,12892,12891,1
2020-08-18 16:18:44.578,12891,12892,12891,1
2020-08-18 16:18:45.350,12891,12892,12892,4
2020-08-18 16:18:45.356,12891,12892,12892,1
2020-08-18 16:18:45.357,12891,12892,12892,1
2020-08-18 16:18:45.357,12891,12892,12893,1
2020-08-18 16:18:45.487,12891,12893,12893,1
2020-08-18 16:18:45.662,12892,12893,12892,1
2020-08-18 16:18:46.651,12892,12893,12893,4
2020-08-18 16:18:46.651,12892,12893,12893,6
2020-08-18 16:18:48.945,12892,12894,12892,1
2020-08-18 16:18:57.233,12892,12893,12892,1
2020-08-18 16:18:58.870,12892,12893,12892,1
2020-08-18 16:19:09.046,12891,12892,12892,1
2020-08-18 16:19:18.844,12891,12892,12892,4
2020-08-18 16:19:19.589,12891,12892,12891,1
2020-08-18 16:19:20.520,12891,12892,12891,1
2020-08-18 16:19:31.127,12890,12891,12891,1
2020-08-18 16:19:31.127,12890,12891,12891,1
2020-08-18 16:19:31.630,12891,12892,12891,1
2020-08-18 16:19:35.193,12890,12892,12891,1
2020-08-18 16:19:41.869,12891,12892,12891,1
2020-08-18 16:19:45.520,12890,12891,12891,1
2020-08-18 16:19:53.955,12890,12892,12890,1
2020-08-18 16:19:54.167,12890,12892,12890,1
2020-08-18 16:19:56.299,12890,12891,12890,1
2020-08-18 16:20:00.370,12890,12891,12891,1
2020-08-18 16:20:00.820,12890,12891,12891,1
2020-08-18 16:20:00.879,12890,12891,12891,1
2020-08-18 16:20:01.245,12890,12891,12891,1
2020-08-18 16:20:03.626,12890,12892,12890,19
2020-08-18 16:20:44.380,12889,12890,12889,1
2020-08-18 16:20:44.726,12889,12890,12889,1
2020-08-18 16:20:57.080,12889,12890,12889,1
2020-08-18 16:21:04.995,12889,12890,12889,14
2020-08-18 16:21:04.995,12889,12890,12888,6
2020-08-18 16:21:08.433,12888,12889,12888,2
2020-08-18 16:21:10.898,12888,12889,12888,3
2020-08-18 16:21:10.899,12888,12889,12888,1
2020-08-18 16:21:23.229,12888,12889,12888,7
2020-08-18 16:21:34.917,12887,12888,12887,1
2020-08-18 16:21:42.296,12887,12888,12888,1
2020-08-18 16:21:47.588,12887,12888,12888,1
2020-08-18 16:21:50.173,12887,12888,12888,1
2020-08-18 16:21:53.163,12887,12888,12888,2
2020-08-18 16:21:54.841,12888,12889,12888,1
2020-08-18 16:21:56.244,12887,12888,12888,2
2020-08-18 16:22:03.394,12887,12889,12888,1
2020-08-18 16:22:04.480,12888,12889,12888,2
2020-08-18 16:22:09.503,12888,12889,12889,2
2020-08-18 16:22:13.330,12888,12889,12889,2
2020-08-18 16:22:21.605,12889,12890,12889,2
2020-08-18 16:22:29.201,12889,12890,12890,1
2020-08-18 16:22:29.201,12889,12890,12890,1
2020-08-18 16:22:29.201,12889,12890,12890,1
2020-08-18 16:22:29.201,12889,12890,12890,3
2020-08-18 16:22:34.573,12890,12891,12890,2
2020-08-18 16:22:34.574,12890,12891,12890,1
2020-08-18 16:22:36.372,12889,12890,12890,2
2020-08-18 16:22:36.847,12889,12890,12890,5
2020-08-18 16:22:44.839,12889,12890,12889,1
2020-08-18 16:22:52.379,12888,12889,12889,1
2020-08-18 16:23:06.749,12888,12889,12888,2
2020-08-18 16:23:06.750,12888,12889,12888,2
2020-08-18 16:23:09.308,12887,12889,12887,1
2020-08-18 16:23:14.276,12888,12889,12888,1
2020-08-18 16:23:17.650,12887,12888,12887,1
2020-08-18 16:23:26.873,12887,12889,12887,11
2020-08-18 16:23:26.873,12887,12889,12886,9
2020-08-18 16:23:27.075,12886,12888,12886,2
2020-08-18 16:23:36.641,12886,12888,12886,1
2020-08-18 16:23:41.170,12886,12887,12886,1
2020-08-18 16:23:49.595,12886,12887,12887,1
2020-08-18 16:23:50.035,12886,12888,12886,3
2020-08-18 16:23:57.271,12886,12888,12888,2
2020-08-18 16:24:18.598,12887,12888,12888,1
2020-08-18 16:24:36.190,12887,12888,12888,2
2020-08-18 16:24:36.191,12887,12888,12888,1
2020-08-18 16:24:40.863,12888,12889,12888,1
2020-08-18 16:25:00.033,12887,12888,12888,1
2020-08-18 16:25:10.849,12887,12888,12888,1
2020-08-18 16:25:10.850,12887,12888,12888,4
2020-08-18 16:25:27.721,12888,12890,12888,3
2020-08-18 16:25:38.374,12888,12889,12889,2
2020-08-18 16:25:38.375,12888,12889,12889,1
2020-08-18 16:25:40.366,12888,12890,12890,10
2020-08-18 16:25:45.267,12888,12890,12890,10
2020-08-18 16:25:56.270,12890,12891,12891,4
2020-08-18 16:25:56.561,12891,12892,12891,1
2020-08-18 16:25:58.246,12891,12892,12891,1
2020-08-18 16:25:58.246,12891,12892,12891,2
2020-08-18 16:25:58.246,12891,12892,12891,2
2020-08-18 16:25:59.765,12891,12892,12891,1
2020-08-18 16:26:00.878,12891,12892,12891,1
2020-08-18 16:26:04.486,12890,12891,12891,1
2020-08-18 16:26:11.724,12890,12891,12891,2
2020-08-18 16:26:15.202,12890,12892,12892,10
2020-08-18 16:26:30.287,12891,12893,12891,1
2020-08-18 16:26:36.087,12891,12892,12891,1
2020-08-18 16:26:41.917,12891,12892,12892,2
2020-08-18 16:26:56.613,12892,12893,12892,1
2020-08-18 16:27:00.359,12892,12893,12892,5
2020-08-18 16:27:00.460,12892,12893,12891,1
2020-08-18 16:27:00.948,12891,12892,12891,1
2020-08-18 16:27:06.850,12890,12892,12892,1
2020-08-18 16:27:17.839,12890,12892,12892,1
2020-08-18 16:27:21.369,12890,12892,12892,1
2020-08-18 16:27:49.286,12891,12892,12891,3
2020-08-18 16:28:05.501,12890,12891,12890,4
2020-08-18 16:28:15.406,12890,12891,12890,1
2020-08-18 16:28:18.254,12889,12890,12890,2
2020-08-18 16:28:20.569,12889,12891,12889,2
2020-08-18 16:28:23.463,12889,12890,12890,1
2020-08-18 16:28:28.366,12890,12891,12891,3
2020-08-18 16:28:40.201,12890,12892,12891,3
2020-08-18 16:28:47.445,12890,12891,12890,1
2020-08-18 16:28:48.092,12890,12891,12891,1
2020-08-18 16:28:51.396,12890,12891,12891,2
2020-08-18 16:28:51.705,12890,12891,12891,1
2020-08-18 16:29:05.448,12891,12892,12891,1
2020-08-18 16:29:11.995,12891,12892,12891,1
2020-08-18 16:29:20.218,12891,12892,12891,1
2020-08-18 16:29:25.413,12890,12891,12891,1
2020-08-18 16:29:33.633,12891,12892,12891,1
2020-08-18 16:29:47.240,12890,12892,12891,1
2020-08-18 16:29:54.044,12890,12891,12891,1
2020-08-18 16:30:02.519,12891,12892,12891,1
2020-08-18 16:30:05.977,12890,12892,12891,1
2020-08-18 16:30:17.118,12891,12892,12891,1
2020-08-18 16:30:28.450,12891,12892,12891,1
2020-08-18 16:30:28.539,12891,12892,12891,3
2020-08-18 16:30:41.837,12890,12891,12891,2
2020-08-18 16:30:42.077,12891,12892,12891,1
2020-08-18 16:30:42.247,12891,12892,12891,1
2020-08-18 16:30:49.793,12890,12892,12891,1
2020-08-18 16:30:56.974,12891,12892,12891,1
2020-08-18 16:31:03.959,12891,12892,12892,3
2020-08-18 16:31:04.671,12891,12892,12892,1
2020-08-18 16:31:04.672,12891,12892,12892,4
2020-08-18 16:31:04.672,12891,12892,12892,1
2020-08-18 16:31:04.730,12892,12893,12893,1
2020-08-18 16:31:04.731,12892,12893,12893,1
2020-08-18 16:31:04.737,12892,12893,12893,1
2020-08-18 16:31:09.831,12892,12893,12892,2
2020-08-18 16:31:25.927,12891,12892,12892,1
2020-08-18 16:31:33.712,12892,12893,12893,1
2020-08-18 16:31:33.713,12892,12893,12893,6
2020-08-18 16:31:39.373,12893,12894,12894,1
2020-08-18 16:31:39.864,12893,12894,12894,1
2020-08-18 16:31:41.797,12893,12894,12893,1
2020-08-18 16:31:45.443,12893,12894,12894,2
2020-08-18 16:31:45.863,12893,12894,12894,1
2020-08-18 16:31:54.440,12893,12894,12894,1
2020-08-18 16:32:00.434,12893,12894,12894,2
2020-08-18 16:32:00.875,12893,12894,12894,1
2020-08-18 16:32:00.979,12893,12894,12894,1
2020-08-18 16:32:00.980,12893,12894,12894,1
2020-08-18 16:32:00.980,12893,12894,12894,1
2020-08-18 16:32:00.980,12893,12894,12894,1
2020-08-18 16:32:00.980,12893,12894,12894,2
2020-08-18 16:32:00.980,12893,12894,12894,1
2020-08-18 16:32:00.980,12893,12894,12894,2
2020-08-18 16:32:00.980,12893,12894,12894,2
2020-08-18 16:32:00.980,12893,12894,12895,1
2020-08-18 16:32:00.981,12893,12894,12895,1
2020-08-18 16:32:00.981,12893,12894,12895,1
2020-08-18 16:32:00.981,12893,12894,12895,1
2020-08-18 16:32:00.981,12893,12894,12895,1
2020-08-18 16:32:00.989,12893,12894,12895,1
2020-08-18 16:32:01.133,12894,12895,12895,1
2020-08-18 16:32:01.219,12894,12895,12895,1
2020-08-18 16:32:01.284,12894,12895,12895,2
2020-08-18 16:32:01.292,12894,12895,12895,3
2020-08-18 16:32:01.292,12894,12895,12895,1
2020-08-18 16:32:01.767,12895,12896,12896,5
2020-08-18 16:32:01.853,12895,12896,12896,3
2020-08-18 16:32:01.897,12895,12896,12896,1
2020-08-18 16:32:02.014,12896,12897,12897,1
2020-08-18 16:32:02.137,12896,12897,12897,2
2020-08-18 16:32:02.182,12896,12897,12897,2
2020-08-18 16:32:02.183,12896,12897,12897,1
2020-08-18 16:32:02.186,12896,12897,12897,1
2020-08-18 16:32:02.186,12896,12897,12897,2
2020-08-18 16:32:02.205,12896,12897,12897,1
2020-08-18 16:32:02.206,12896,12897,12897,1
2020-08-18 16:32:02.206,12896,12897,12897,1
2020-08-18 16:32:02.206,12896,12897,12897,7
2020-08-18 16:32:02.206,12896,12897,12897,4
2020-08-18 16:32:02.206,12896,12897,12897,19
2020-08-18 16:32:02.207,12896,12897,12897,8
2020-08-18 16:32:02.207,12896,12897,12897,1
2020-08-18 16:32:02.207,12896,12897,12897,1
2020-08-18 16:32:02.213,12896,12897,12897,1
2020-08-18 16:32:02.228,12896,12897,12897,1
2020-08-18 16:32:02.274,12896,12897,12897,2
2020-08-18 16:32:02.303,12896,12897,12897,1
2020-08-18 16:32:02.365,12896,12897,12897,1
2020-08-18 16:32:03.485,12896,12897,12896,1
2020-08-18 16:32:05.573,12895,12897,12896,2
2020-08-18 16:32:05.874,12895,12896,12896,2
2020-08-18 16:32:07.796,12895,12896,12896,1
2020-08-18 16:32:07.802,12895,12896,12896,1
2020-08-18 16:32:12.188,12896,12897,12897,12
2020-08-18 16:32:13.060,12896,12897,12897,1
2020-08-18 16:32:14.528,12896,12898,12897,1
2020-08-18 16:32:14.698,12896,12898,12898,1
2020-08-18 16:32:14.751,12896,12898,12898,2
2020-08-18 16:32:15.032,12897,12898,12897,1
2020-08-18 16:32:15.088,12897,12898,12898,4
2020-08-18 16:32:15.148,12897,12898,12898,1
2020-08-18 16:32:15.173,12897,12898,12898,1
2020-08-18 16:32:15.327,12897,12898,12897,1
2020-08-18 16:32:16.402,12896,12897,12897,1
2020-08-18 16:32:25.536,12897,12898,12897,4
2020-08-18 16:32:32.880,12896,12897,12897,1
2020-08-18 16:32:33.323,12896,12897,12897,2
2020-08-18 16:32:35.441,12896,12897,12897,1
2020-08-18 16:32:35.447,12896,12897,12896,1
2020-08-18 16:32:40.270,12896,12897,12896,15
2020-08-18 16:32:41.990,12895,12896,12896,4
2020-08-18 16:32:44.329,12895,12896,12896,2
2020-08-18 16:32:44.930,12895,12896,12896,1
2020-08-18 16:32:45.155,12895,12896,12896,2
2020-08-18 16:32:45.403,12895,12896,12896,2
2020-08-18 16:32:45.627,12895,12896,12896,2
2020-08-18 16:32:45.843,12895,12896,12896,2
2020-08-18 16:32:46.091,12895,12896,12896,2
2020-08-18 16:32:46.299,12895,12896,12896,2
2020-08-18 16:32:46.548,12895,12896,12896,2
2020-08-18 16:32:46.747,12895,12896,12896,2
2020-08-18 16:32:46.952,12895,12896,12896,4
2020-08-18 16:32:46.953,12895,12896,12896,2
2020-08-18 16:32:47.186,12895,12897,12896,2
2020-08-18 16:32:47.371,12895,12896,12896,2
2020-08-18 16:32:47.573,12895,12896,12896,2
2020-08-18 16:32:47.851,12895,12896,12896,2
2020-08-18 16:32:48.123,12895,12896,12896,2
2020-08-18 16:32:48.363,12895,12896,12896,2
2020-08-18 16:32:48.572,12895,12896,12896,2
2020-08-18 16:32:48.803,12895,12896,12896,2
2020-08-18 16:32:49.800,12895,12897,12896,1
2020-08-18 16:32:51.184,12896,12897,12896,1
2020-08-18 16:32:52.921,12896,12897,12896,2
2020-08-18 16:32:54.271,12895,12896,12896,1
2020-08-18 16:32:57.921,12896,12897,12896,1
2020-08-18 16:33:05.546,12895,12896,12895,3
2020-08-18 16:33:06.361,12894,12895,12895,4
2020-08-18 16:33:14.697,12894,12896,12896,2
2020-08-18 16:33:15.946,12894,12895,12895,1
2020-08-18 16:33:31.285,12895,12896,12895,1
2020-08-18 16:33:34.509,12894,12895,12895,2
2020-08-18 16:33:40.700,12894,12896,12895,1
2020-08-18 16:33:45.701,12895,12896,12895,2
2020-08-18 16:33:56.413,12894,12895,12894,2
2020-08-18 16:34:02.687,12894,12895,12894,8
2020-08-18 16:34:10.914,12892,12893,12893,1
2020-08-18 16:34:19.103,12893,12894,12893,1
2020-08-18 16:34:26.455,12892,12893,12893,1
2020-08-18 16:34:31.541,12892,12894,12894,2
2020-08-18 16:34:36.509,12892,12894,12892,1
2020-08-18 16:34:44.684,12892,12893,12892,3
2020-08-18 16:34:49.499,12891,12892,12891,16
2020-08-18 16:34:49.499,12891,12892,12891,1
2020-08-18 16:34:51.596,12890,12892,12890,1
2020-08-18 16:34:56.152,12890,12892,12890,1
2020-08-18 16:34:56.706,12890,12892,12890,1
2020-08-18 16:35:03.323,12890,12891,12890,1
2020-08-18 16:35:07.659,12890,12891,12891,2
2020-08-18 16:35:08.507,12891,12892,12891,1
2020-08-18 16:35:12.332,12891,12892,12892,1
2020-08-18 16:35:12.341,12891,12892,12891,1
2020-08-18 16:35:12.475,12891,12892,12892,1
2020-08-18 16:35:12.862,12891,12892,12892,1
2020-08-18 16:35:16.733,12891,12893,12891,1
2020-08-18 16:35:17.430,12891,12893,12893,1
2020-08-18 16:35:37.571,12893,12894,12893,1
2020-08-18 16:35:37.571,12893,12894,12893,1
2020-08-18 16:35:41.050,12892,12893,12893,1
2020-08-18 16:35:55.402,12893,12894,12893,2
2020-08-18 16:36:00.830,12892,12893,12893,2
2020-08-18 16:36:00.830,12892,12893,12893,1
2020-08-18 16:36:00.830,12892,12893,12893,5
2020-08-18 16:36:05.966,12893,12894,12894,1
2020-08-18 16:36:17.328,12893,12894,12894,1
2020-08-18 16:36:17.712,12893,12894,12893,3
2020-08-18 16:36:19.099,12893,12894,12893,1
2020-08-18 16:36:21.810,12892,12893,12893,5
2020-08-18 16:36:21.877,12892,12893,12893,2
2020-08-18 16:36:25.122,12892,12893,12893,1
2020-08-18 16:36:27.594,12892,12893,12892,5
2020-08-18 16:36:27.594,12892,12893,12891,4
2020-08-18 16:36:29.774,12891,12892,12891,3
2020-08-18 16:36:38.680,12891,12892,12891,2
2020-08-18 16:36:39.339,12890,12892,12891,1
2020-08-18 16:36:39.860,12891,12892,12891,1
2020-08-18 16:36:45.158,12891,12892,12892,1
2020-08-18 16:36:53.718,12891,12892,12892,1
2020-08-18 16:36:55.257,12891,12893,12892,1
2020-08-18 16:36:57.202,12891,12893,12891,1
2020-08-18 16:36:58.240,12891,12893,12892,1
2020-08-18 16:37:04.294,12891,12892,12892,2
2020-08-18 16:37:16.334,12891,12892,12891,1
2020-08-18 16:37:19.732,12891,12892,12892,4
2020-08-18 16:37:44.242,12891,12892,12892,1
2020-08-18 16:37:53.303,12891,12892,12891,1
2020-08-18 16:37:55.798,12891,12892,12892,2
2020-08-18 16:38:09.819,12891,12892,12891,1
2020-08-18 16:38:53.058,12891,12892,12891,13
2020-08-18 16:38:55.857,12891,12892,12891,1
2020-08-18 16:38:58.399,12891,12892,12891,1
2020-08-18 16:39:02.025,12890,12891,12890,4
2020-08-18 16:39:22.316,12890,12891,12890,6
2020-08-18 16:39:22.317,12890,12891,12890,2
2020-08-18 16:39:33.152,12889,12891,12890,2
2020-08-18 16:39:33.832,12890,12891,12890,1
2020-08-18 16:39:34.793,12889,12890,12890,1
2020-08-18 16:39:40.670,12889,12890,12889,12
2020-08-18 16:39:45.659,12889,12890,12889,1
2020-08-18 16:40:07.932,12889,12890,12889,1
2020-08-18 16:40:20.232,12889,12890,12889,1
2020-08-18 16:40:21.825,12889,12890,12889,1
2020-08-18 16:40:22.748,12889,12890,12889,1
2020-08-18 16:40:26.892,12888,12889,12888,1
2020-08-18 16:40:27.025,12888,12889,12889,2
2020-08-18 16:40:33.344,12889,12890,12889,4
2020-08-18 16:40:33.345,12889,12890,12889,2
2020-08-18 16:40:59.299,12888,12889,12888,1
2020-08-18 16:41:08.754,12888,12889,12888,1
2020-08-18 16:41:14.428,12888,12889,12888,9
2020-08-18 16:41:14.428,12888,12889,12888,4
2020-08-18 16:41:14.428,12888,12889,12888,5
2020-08-18 16:41:14.428,12888,12889,12888,1
2020-08-18 16:41:14.428,12888,12889,12888,4
2020-08-18 16:41:14.428,12888,12889,12888,1
2020-08-18 16:41:14.428,12888,12889,12888,1
2020-08-18 16:41:21.508,12887,12888,12888,2
2020-08-18 16:41:22.880,12887,12889,12888,1
2020-08-18 16:41:35.706,12888,12889,12888,1
2020-08-18 16:41:44.955,12888,12889,12888,1
2020-08-18 16:42:05.157,12888,12889,12888,2
2020-08-18 16:42:05.567,12888,12889,12888,1
2020-08-18 16:42:14.543,12888,12889,12889,2
2020-08-18 16:42:19.352,12889,12890,12889,1
2020-08-18 16:42:23.243,12889,12890,12890,2
2020-08-18 16:42:23.243,12889,12890,12890,2
2020-08-18 16:42:27.582,12890,12891,12890,1
2020-08-18 16:42:28.387,12890,12891,12890,1
2020-08-18 16:42:32.508,12889,12890,12890,1
2020-08-18 16:43:25.298,12890,12891,12890,1
2020-08-18 16:43:33.073,12890,12891,12891,1
2020-08-18 16:43:33.073,12890,12891,12891,4
2020-08-18 16:43:37.152,12890,12892,12891,1
2020-08-18 16:43:37.152,12890,12892,12891,1
2020-08-18 16:43:42.135,12891,12892,12891,2
2020-08-18 16:43:44.840,12891,12892,12891,2
2020-08-18 16:44:01.433,12890,12891,12890,1
2020-08-18 16:44:01.948,12890,12891,12890,1
2020-08-18 16:44:20.533,12889,12891,12889,1
2020-08-18 16:44:21.784,12889,12891,12889,1
2020-08-18 16:44:43.906,12889,12890,12889,1
2020-08-18 16:44:43.906,12889,12890,12889,1
2020-08-18 16:44:46.234,12888,12889,12888,1
2020-08-18 16:44:48.744,12888,12889,12888,1
2020-08-18 16:44:59.283,12888,12889,12888,1
2020-08-18 16:45:00.676,12887,12888,12888,1
2020-08-18 16:45:14.776,12887,12888,12887,1
2020-08-18 16:45:15.077,12887,12888,12887,1
2020-08-18 16:45:16.272,12887,12888,12887,1
2020-08-18 16:45:19.591,12887,12888,12887,4
2020-08-18 16:45:25.278,12887,12888,12888,1
2020-08-18 16:45:25.278,12887,12888,12888,1
2020-08-18 16:45:25.278,12887,12888,12888,1
2020-08-18 16:45:25.278,12887,12888,12888,1
2020-08-18 16:45:25.278,12887,12888,12888,2
2020-08-18 16:45:25.278,12887,12888,12888,4
2020-08-18 16:45:25.279,12887,12888,12888,1
2020-08-18 16:45:25.279,12887,12888,12888,3
2020-08-18 16:45:38.306,12888,12889,12888,1
2020-08-18 16:46:04.241,12888,12889,12889,1
2020-08-18 16:46:04.242,12888,12889,12889,2
2020-08-18 16:46:14.859,12889,12890,12889,1
2020-08-18 16:46:14.979,12888,12890,12890,1
2020-08-18 16:46:14.988,12888,12890,12890,1
2020-08-18 16:46:16.283,12888,12890,12890,1
2020-08-18 16:48:09.010,12889,12890,12890,3
2020-08-18 16:48:10.104,12889,12891,12889,2
2020-08-18 16:48:38.708,12890,12891,12891,1
2020-08-18 16:48:40.223,12890,12891,12890,2
2020-08-18 16:48:40.223,12890,12891,12890,2
2020-08-18 16:48:40.223,12890,12891,12890,1
2020-08-18 16:48:40.223,12890,12891,12890,1
2020-08-18 16:48:56.005,12889,12890,12890,1
2020-08-18 16:49:18.130,12889,12890,12889,3
2020-08-18 16:49:32.311,12888,12889,12888,1
2020-08-18 16:49:32.311,12888,12889,12888,5
2020-08-18 16:49:32.311,12888,12889,12888,1
2020-08-18 16:49:44.298,12887,12888,12887,9
2020-08-18 16:49:44.299,12887,12888,12887,2
2020-08-18 16:49:44.299,12887,12888,12887,1
2020-08-18 16:49:44.299,12887,12888,12887,6
2020-08-18 16:50:00.767,12887,12888,12887,1
2020-08-18 16:50:00.768,12887,12888,12887,2
2020-08-18 16:50:03.430,12886,12887,12886,1
2020-08-18 16:50:04.622,12886,12887,12886,1
2020-08-18 16:50:23.370,12886,12887,12886,5
2020-08-18 16:50:24.793,12885,12886,12886,1
2020-08-18 16:50:24.979,12885,12886,12886,3
2020-08-18 16:50:28.241,12885,12886,12886,3
2020-08-18 16:50:49.336,12885,12886,12886,2
2020-08-18 16:50:50.504,12886,12887,12886,1
2020-08-18 16:50:52.710,12886,12887,12886,1
