2021-03-17,15:00:00.013000,16159,16160,16160,87
2021-03-17,15:00:00.112000,16159,16160,16160,3
2021-03-17,15:00:00.133000,16159,16160,16159,1
2021-03-17,15:00:00.139000,16159,16160,16159,1
2021-03-17,15:00:00.148000,16159,16160,16159,5
2021-03-17,15:00:00.148000,16159,16160,16159,1
2021-03-17,15:00:00.155000,16159,16160,16159,1
2021-03-17,15:00:00.158000,16159,16160,16159,1
2021-03-17,15:00:00.158000,16159,16160,16158,1
2021-03-17,15:00:00.174000,16159,16160,16158,1
2021-03-17,15:00:00.193000,16159,16160,16160,2
2021-03-17,15:00:00.248000,16159,16160,16158,1
2021-03-17,15:00:00.303000,16158,16160,16158,3
2021-03-17,15:00:00.306000,16158,16160,16158,1
2021-03-17,15:00:00.307000,16158,16160,16158,2
2021-03-17,15:00:00.321000,16158,16160,16158,1
2021-03-17,15:00:00.322000,16158,16160,16160,3
2021-03-17,15:00:00.326000,16158,16160,16158,1
2021-03-17,15:00:00.326000,16158,16160,16157,1
2021-03-17,15:00:00.331000,16158,16160,16157,1
2021-03-17,15:00:00.338000,16158,16160,16156,1
2021-03-17,15:00:00.421000,16156,16160,16160,2
2021-03-17,15:00:00.430000,16156,16160,16160,1
2021-03-17,15:00:00.454000,16156,16160,16156,1
2021-03-17,15:00:00.454000,16156,16160,16155,3
2021-03-17,15:00:00.459000,16156,16160,16154,1
2021-03-17,15:00:00.462000,16156,16160,16160,1
2021-03-17,15:00:00.464000,16156,16160,16154,2
2021-03-17,15:00:00.468000,16156,16160,16160,1
2021-03-17,15:00:00.482000,16156,16160,16156,2
2021-03-17,15:00:00.493000,16156,16160,16155,1
2021-03-17,15:00:00.516000,16154,16155,16154,2
2021-03-17,15:00:00.516000,16154,16155,16155,3
2021-03-17,15:00:00.528000,16154,16155,16160,1
2021-03-17,15:00:00.529000,16154,16155,16160,1
2021-03-17,15:00:00.529000,16154,16155,16161,1
2021-03-17,15:00:00.530000,16154,16155,16161,1
2021-03-17,15:00:00.542000,16154,16155,16154,1
2021-03-17,15:00:00.557000,16154,16155,16153,1
2021-03-17,15:00:00.590000,16154,16155,16153,3
2021-03-17,15:00:00.590000,16154,16155,16152,1
2021-03-17,15:00:00.617000,16154,16155,16152,1
2021-03-17,15:00:00.619000,16154,16155,16161,2
2021-03-17,15:00:00.665000,16152,16161,16152,3
2021-03-17,15:00:00.677000,16152,16161,16161,1
2021-03-17,15:00:00.678000,16152,16161,16151,1
2021-03-17,15:00:00.691000,16152,16161,16152,1
2021-03-17,15:00:00.724000,16152,16161,16160,1
2021-03-17,15:00:00.724000,16152,16161,16161,1
2021-03-17,15:00:00.752000,16152,16161,16153,4
2021-03-17,15:00:00.765000,16152,16158,16152,1
2021-03-17,15:00:00.776000,16152,16158,16158,1
2021-03-17,15:00:00.794000,16152,16158,16152,1
2021-03-17,15:00:00.800000,16152,16158,16158,1
2021-03-17,15:00:00.808000,16152,16158,16152,1
2021-03-17,15:00:00.814000,16152,16158,16153,1
2021-03-17,15:00:00.825000,16152,16158,16158,1
2021-03-17,15:00:00.827000,16152,16158,16153,1
2021-03-17,15:00:00.860000,16152,16158,16153,1
2021-03-17,15:00:00.877000,16152,16158,16152,1
2021-03-17,15:00:00.880000,16152,16158,16151,6
2021-03-17,15:00:00.888000,16150,16158,16150,1
2021-03-17,15:00:00.892000,16150,16158,16158,1
2021-03-17,15:00:00.925000,16150,16158,16151,1
2021-03-17,15:00:00.956000,16150,16158,16150,1
2021-03-17,15:00:01.044000,16154,16158,16154,1
2021-03-17,15:00:01.046000,16154,16158,16150,2
2021-03-17,15:00:01.209000,16156,16159,16158,1
2021-03-17,15:00:01.290000,16156,16159,16159,1
2021-03-17,15:00:01.307000,16156,16159,16155,2
2021-03-17,15:00:01.324000,16156,16159,16159,1
2021-03-17,15:00:01.389000,16155,16159,16155,1
2021-03-17,15:00:01.508000,16155,16159,16158,1
2021-03-17,15:00:01.508000,16155,16159,16159,1
2021-03-17,15:00:01.558000,16155,16159,16159,2
2021-03-17,15:00:01.590000,16155,16159,16155,1
2021-03-17,15:00:01.788000,16155,16159,16155,1
2021-03-17,15:00:01.871000,16155,16159,16153,1
2021-03-17,15:00:01.921000,16152,16159,16152,1
2021-03-17,15:00:02.184000,16151,16157,16151,1
2021-03-17,15:00:02.184000,16151,16157,16150,1
2021-03-17,15:00:02.184000,16151,16157,16150,1
2021-03-17,15:00:02.223000,16151,16157,16150,2
2021-03-17,15:00:02.231000,16151,16157,16157,1
2021-03-17,15:00:02.510000,16150,16157,16157,1
2021-03-17,15:00:02.672000,16154,16158,16154,1
2021-03-17,15:00:02.815000,16155,16158,16156,1
2021-03-17,15:00:02.815000,16155,16158,16155,1
2021-03-17,15:00:02.883000,16155,16158,16155,1
2021-03-17,15:00:02.883000,16155,16158,16154,2
2021-03-17,15:00:02.915000,16150,16157,16150,1
2021-03-17,15:00:02.928000,16150,16157,16150,1
2021-03-17,15:00:03.039000,16150,16156,16150,1
2021-03-17,15:00:03.187000,16150,16155,16155,2
2021-03-17,15:00:03.187000,16150,16155,16156,2
2021-03-17,15:00:03.308000,16154,16157,16154,1
2021-03-17,15:00:03.336000,16154,16157,16153,1
2021-03-17,15:00:03.358000,16154,16157,16157,1
2021-03-17,15:00:03.363000,16154,16157,16154,1
2021-03-17,15:00:03.363000,16154,16157,16153,1
2021-03-17,15:00:03.399000,16153,16157,16153,1
2021-03-17,15:00:03.480000,16153,16157,16152,2
2021-03-17,15:00:03.553000,16152,16157,16152,1
2021-03-17,15:00:03.597000,16152,16157,16152,1
2021-03-17,15:00:03.635000,16152,16157,16151,1
2021-03-17,15:00:03.641000,16151,16157,16155,1
2021-03-17,15:00:03.739000,16151,16157,16151,1
2021-03-17,15:00:03.823000,16150,16157,16150,1
2021-03-17,15:00:03.856000,16150,16157,16150,1
2021-03-17,15:00:03.886000,16150,16157,16150,1
2021-03-17,15:00:03.925000,16150,16157,16150,1
2021-03-17,15:00:03.968000,16150,16157,16150,1
2021-03-17,15:00:03.968000,16150,16157,16149,1
2021-03-17,15:00:04.067000,16149,16157,16149,1
2021-03-17,15:00:04.118000,16149,16157,16149,1
2021-03-17,15:00:04.152000,16148,16156,16156,1
2021-03-17,15:00:04.216000,16148,16156,16149,1
2021-03-17,15:00:04.260000,16148,16156,16156,1
2021-03-17,15:00:04.260000,16148,16156,16157,2
2021-03-17,15:00:04.316000,16149,16157,16156,1
2021-03-17,15:00:04.316000,16149,16157,16157,2
2021-03-17,15:00:04.316000,16149,16157,16158,2
2021-03-17,15:00:04.321000,16149,16157,16149,1
2021-03-17,15:00:04.353000,16149,16157,16154,1
2021-03-17,15:00:04.353000,16149,16157,16155,1
2021-03-17,15:00:04.353000,16149,16157,16157,2
2021-03-17,15:00:04.363000,16149,16157,16158,2
2021-03-17,15:00:04.363000,16149,16157,16159,3
2021-03-17,15:00:04.413000,16150,16159,16159,1
2021-03-17,15:00:04.844000,16150,16159,16150,1
2021-03-17,15:00:05.868000,16155,16159,16158,1
2021-03-17,15:00:05.881000,16155,16159,16155,1
2021-03-17,15:00:05.881000,16155,16159,16153,1
2021-03-17,15:00:07.013000,16156,16157,16156,1
2021-03-17,15:00:07.747000,16155,16157,16155,1
2021-03-17,15:00:07.812000,16155,16157,16157,1
2021-03-17,15:00:08.344000,16156,16159,16159,7
2021-03-17,15:00:08.407000,16158,16161,16158,1
2021-03-17,15:00:08.407000,16158,16161,16157,2
2021-03-17,15:00:08.409000,16158,16161,16157,4
2021-03-17,15:00:08.462000,16158,16161,16159,1
2021-03-17,15:00:08.514000,16157,16161,16157,1
2021-03-17,15:00:08.708000,16158,16160,16160,1
2021-03-17,15:00:08.963000,16158,16160,16158,1
2021-03-17,15:00:09.290000,16158,16161,16161,1
2021-03-17,15:00:09.305000,16158,16161,16161,1
2021-03-17,15:00:09.438000,16159,16162,16162,4
2021-03-17,15:00:09.438000,16159,16162,16163,2
2021-03-17,15:00:09.438000,16159,16162,16164,3
2021-03-17,15:00:09.438000,16159,16162,16165,3
2021-03-17,15:00:09.529000,16161,16164,16161,2
2021-03-17,15:00:09.529000,16161,16164,16159,1
2021-03-17,15:00:09.529000,16161,16164,16159,4
2021-03-17,15:00:10.438000,16161,16164,16164,2
2021-03-17,15:00:10.625000,16161,16165,16164,2
2021-03-17,15:00:11.022000,16161,16164,16163,4
2021-03-17,15:00:11.771000,16162,16163,16162,3
2021-03-17,15:00:11.820000,16162,16163,16163,2
2021-03-17,15:00:11.820000,16162,16163,16163,2
2021-03-17,15:00:11.889000,16161,16164,16161,1
2021-03-17,15:00:12.174000,16161,16163,16163,1
2021-03-17,15:00:12.174000,16161,16163,16164,7
2021-03-17,15:00:12.182000,16161,16163,16161,2
2021-03-17,15:00:12.333000,16161,16164,16164,1
2021-03-17,15:00:12.668000,16161,16163,16161,1
2021-03-17,15:00:13.541000,16161,16163,16163,2
2021-03-17,15:00:14.137000,16161,16163,16161,1
2021-03-17,15:00:14.610000,16162,16163,16162,1
2021-03-17,15:00:14.828000,16162,16163,16162,1
2021-03-17,15:00:14.973000,16162,16163,16163,2
2021-03-17,15:00:15.220000,16162,16163,16163,1
2021-03-17,15:00:15.220000,16162,16163,16164,1
2021-03-17,15:00:15.380000,16161,16164,16162,1
2021-03-17,15:00:15.857000,16160,16162,16162,1
2021-03-17,15:00:16.550000,16162,16163,16163,1
2021-03-17,15:00:16.701000,16162,16163,16163,10
2021-03-17,15:00:16.702000,16162,16163,16164,2
2021-03-17,15:00:16.840000,16162,16164,16162,1
2021-03-17,15:00:17.093000,16161,16162,16162,5
2021-03-17,15:00:17.320000,16162,16164,16163,1
2021-03-17,15:00:17.394000,16162,16164,16162,1
2021-03-17,15:00:17.760000,16161,16164,16164,1
2021-03-17,15:00:17.791000,16161,16164,16164,1
2021-03-17,15:00:17.910000,16161,16164,16164,3
2021-03-17,15:00:18.233000,16162,16163,16162,1
2021-03-17,15:00:18.331000,16161,16163,16163,1
2021-03-17,15:00:18.490000,16162,16163,16162,1
2021-03-17,15:00:18.526000,16162,16163,16162,1
2021-03-17,15:00:18.674000,16161,16163,16161,1
2021-03-17,15:00:18.678000,16161,16163,16161,1
2021-03-17,15:00:18.883000,16161,16163,16163,2
2021-03-17,15:00:19.329000,16161,16164,16161,8
2021-03-17,15:00:19.329000,16161,16164,16160,7
2021-03-17,15:00:20.856000,16160,16162,16161,1
2021-03-17,15:00:22.161000,16160,16162,16160,1
2021-03-17,15:00:22.161000,16160,16162,16160,6
2021-03-17,15:00:22.441000,16159,16161,16159,1
2021-03-17,15:00:22.443000,16159,16161,16159,3
2021-03-17,15:00:22.510000,16159,16161,16161,1
2021-03-17,15:00:22.541000,16158,16162,16162,1
2021-03-17,15:00:22.617000,16158,16162,16162,1
2021-03-17,15:00:22.655000,16158,16161,16160,1
2021-03-17,15:00:23.483000,16158,16161,16158,1
2021-03-17,15:00:24.080000,16158,16161,16161,1
2021-03-17,15:00:26.828000,16160,16161,16160,1
2021-03-17,15:00:27.075000,16160,16161,16161,1
2021-03-17,15:00:27.140000,16160,16161,16160,1
2021-03-17,15:00:27.140000,16160,16161,16159,1
2021-03-17,15:00:27.140000,16160,16161,16159,1
2021-03-17,15:00:27.447000,16159,16161,16161,3
2021-03-17,15:00:27.526000,16159,16161,16161,1
2021-03-17,15:00:27.569000,16159,16161,16161,1
2021-03-17,15:00:28.196000,16159,16162,16162,3
2021-03-17,15:00:28.204000,16159,16162,16162,1
2021-03-17,15:00:28.263000,16162,16163,16162,1
2021-03-17,15:00:28.975000,16159,16162,16159,1
2021-03-17,15:00:29.469000,16159,16162,16162,2
2021-03-17,15:00:29.469000,16159,16162,16163,4
2021-03-17,15:00:29.469000,16159,16162,16164,2
2021-03-17,15:00:29.712000,16161,16163,16161,1
2021-03-17,15:00:30.287000,16160,16163,16163,1
2021-03-17,15:00:30.689000,16161,16163,16163,1
2021-03-17,15:00:31.004000,16161,16163,16161,1
2021-03-17,15:00:31.037000,16161,16164,16161,1
2021-03-17,15:00:31.096000,16161,16164,16161,1
2021-03-17,15:00:31.106000,16161,16164,16161,1
2021-03-17,15:00:32.201000,16161,16162,16162,1
2021-03-17,15:00:32.942000,16161,16162,16161,1
2021-03-17,15:00:33.045000,16161,16162,16161,3
2021-03-17,15:00:34.183000,16161,16162,16161,3
2021-03-17,15:00:34.345000,16160,16162,16160,1
2021-03-17,15:00:34.515000,16160,16162,16162,1
2021-03-17,15:00:35.379000,16161,16162,16161,1
2021-03-17,15:00:35.388000,16161,16162,16161,2
2021-03-17,15:00:36.702000,16160,16162,16161,1
2021-03-17,15:00:37.597000,16161,16162,16162,1
2021-03-17,15:00:37.598000,16161,16162,16161,1
2021-03-17,15:00:37.640000,16160,16162,16160,1
2021-03-17,15:00:37.640000,16160,16162,16160,1
2021-03-17,15:00:37.640000,16160,16162,16160,1
2021-03-17,15:00:37.640000,16160,16162,16160,4
2021-03-17,15:00:37.640000,16160,16162,16159,1
2021-03-17,15:00:38.375000,16160,16161,16160,1
2021-03-17,15:00:38.652000,16160,16161,16160,1
2021-03-17,15:00:38.942000,16159,16161,16161,1
2021-03-17,15:00:39.010000,16159,16161,16161,1
2021-03-17,15:00:39.389000,16159,16161,16161,1
2021-03-17,15:00:39.880000,16159,16161,16160,1
2021-03-17,15:00:39.888000,16159,16161,16159,3
2021-03-17,15:00:40.926000,16158,16160,16160,1
2021-03-17,15:00:41.293000,16159,16160,16160,1
2021-03-17,15:00:41.319000,16159,16160,16161,1
2021-03-17,15:00:41.964000,16159,16161,16159,1
2021-03-17,15:00:43.261000,16158,16160,16160,1
2021-03-17,15:00:43.511000,16158,16160,16160,1
2021-03-17,15:00:44.214000,16158,16160,16158,1
2021-03-17,15:00:46.001000,16158,16160,16158,1
2021-03-17,15:00:46.487000,16158,16160,16158,1
2021-03-17,15:00:46.987000,16158,16160,16158,1
2021-03-17,15:00:48.913000,16158,16159,16158,1
2021-03-17,15:00:48.984000,16158,16159,16158,4
2021-03-17,15:00:49.015000,16157,16159,16157,1
2021-03-17,15:00:49.016000,16157,16159,16156,1
2021-03-17,15:00:49.016000,16157,16159,16156,1
2021-03-17,15:00:49.729000,16156,16157,16157,1
2021-03-17,15:00:49.729000,16156,16157,16159,1
2021-03-17,15:00:51.638000,16157,16158,16158,1
2021-03-17,15:00:51.840000,16158,16160,16158,1
2021-03-17,15:00:52.534000,16157,16159,16157,1
2021-03-17,15:00:52.545000,16157,16159,16158,1
2021-03-17,15:00:53.050000,16157,16158,16158,1
2021-03-17,15:00:53.527000,16157,16158,16157,2
2021-03-17,15:00:53.973000,16157,16158,16157,1
2021-03-17,15:00:54.155000,16157,16158,16157,1
2021-03-17,15:00:56.810000,16156,16157,16156,1
2021-03-17,15:00:57.169000,16156,16157,16156,2
2021-03-17,15:00:57.287000,16156,16157,16157,1
2021-03-17,15:00:58.142000,16156,16157,16156,2
2021-03-17,15:00:58.142000,16156,16157,16156,2
2021-03-17,15:00:58.236000,16156,16157,16155,1
2021-03-17,15:00:59.574000,16155,16157,16155,1
2021-03-17,15:01:00.061000,16155,16157,16157,2
2021-03-17,15:01:00.070000,16155,16157,16155,1
2021-03-17,15:01:00.078000,16155,16157,16155,1
2021-03-17,15:01:00.162000,16155,16157,16155,2
2021-03-17,15:01:00.162000,16155,16157,16154,1
2021-03-17,15:01:00.308000,16154,16156,16156,1
2021-03-17,15:01:00.776000,16154,16157,16154,1
2021-03-17,15:01:00.857000,16154,16157,16156,1
2021-03-17,15:01:00.942000,16154,16157,16154,3
2021-03-17,15:01:01.065000,16154,16156,16154,1
2021-03-17,15:01:01.065000,16154,16156,16153,1
2021-03-17,15:01:01.070000,16154,16156,16153,5
2021-03-17,15:01:01.097000,16154,16156,16153,2
2021-03-17,15:01:01.097000,16154,16156,16152,1
2021-03-17,15:01:01.390000,16152,16155,16152,4
2021-03-17,15:01:01.456000,16152,16155,16155,2
2021-03-17,15:01:01.456000,16152,16155,16156,1
2021-03-17,15:01:01.493000,16152,16155,16156,2
2021-03-17,15:01:01.493000,16152,16155,16157,1
2021-03-17,15:01:01.494000,16152,16155,16154,2
2021-03-17,15:01:01.524000,16154,16157,16157,1
2021-03-17,15:01:01.524000,16154,16157,16158,2
2021-03-17,15:01:01.952000,16155,16157,16155,1
2021-03-17,15:01:01.952000,16155,16157,16154,2
2021-03-17,15:01:02.626000,16154,16156,16154,1
2021-03-17,15:01:02.667000,16153,16156,16153,5
2021-03-17,15:01:02.667000,16153,16156,16152,5
2021-03-17,15:01:02.667000,16153,16156,16151,3
2021-03-17,15:01:02.667000,16153,16156,16150,1
2021-03-17,15:01:03.161000,16150,16155,16155,2
2021-03-17,15:01:04.263000,16151,16155,16155,2
2021-03-17,15:01:04.263000,16151,16155,16156,2
2021-03-17,15:01:04.410000,16152,16157,16157,5
2021-03-17,15:01:04.410000,16152,16157,16158,3
2021-03-17,15:01:04.781000,16153,16154,16154,1
2021-03-17,15:01:04.965000,16155,16158,16155,2
2021-03-17,15:01:04.965000,16155,16158,16154,1
2021-03-17,15:01:05.425000,16153,16156,16155,1
2021-03-17,15:01:05.443000,16153,16156,16153,1
2021-03-17,15:01:06.244000,16153,16155,16153,2
2021-03-17,15:01:08.499000,16153,16154,16154,1
2021-03-17,15:01:09.782000,16153,16155,16155,1
2021-03-17,15:01:09.794000,16153,16155,16155,2
2021-03-17,15:01:09.817000,16153,16155,16153,1
2021-03-17,15:01:10.516000,16153,16156,16155,1
2021-03-17,15:01:10.857000,16153,16156,16156,3
2021-03-17,15:01:13.742000,16154,16156,16155,1
2021-03-17,15:01:14.077000,16154,16156,16154,1
2021-03-17,15:01:14.077000,16154,16156,16153,3
2021-03-17,15:01:14.802000,16153,16156,16156,1
2021-03-17,15:01:15.830000,16153,16156,16153,3
2021-03-17,15:01:18.092000,16153,16155,16154,1
2021-03-17,15:01:21.115000,16154,16155,16155,1
2021-03-17,15:01:21.140000,16154,16155,16154,1
2021-03-17,15:01:21.143000,16154,16155,16154,1
2021-03-17,15:01:22.514000,16153,16155,16153,1
2021-03-17,15:01:22.805000,16154,16155,16154,1
2021-03-17,15:01:23.619000,16154,16155,16154,1
2021-03-17,15:01:24.170000,16154,16155,16154,1
2021-03-17,15:01:25.689000,16154,16155,16154,1
2021-03-17,15:01:26.174000,16154,16155,16154,1
2021-03-17,15:01:28.267000,16154,16155,16155,1
2021-03-17,15:01:28.390000,16154,16156,16154,1
2021-03-17,15:01:29.251000,16153,16156,16156,1
2021-03-17,15:01:30.753000,16154,16156,16155,1
2021-03-17,15:01:32.751000,16154,16156,16156,3
2021-03-17,15:01:33.757000,16154,16157,16157,3
2021-03-17,15:01:33.787000,16155,16157,16157,1
2021-03-17,15:01:33.867000,16155,16157,16158,1
2021-03-17,15:01:34.818000,16155,16158,16155,2
2021-03-17,15:01:34.819000,16155,16158,16157,1
2021-03-17,15:01:34.819000,16155,16158,16158,5
2021-03-17,15:01:34.883000,16155,16158,16158,1
2021-03-17,15:01:34.883000,16155,16158,16158,16
2021-03-17,15:01:34.904000,16156,16159,16159,1
2021-03-17,15:01:35.426000,16156,16159,16156,1
2021-03-17,15:01:35.482000,16156,16159,16156,2
2021-03-17,15:01:35.482000,16156,16159,16155,1
2021-03-17,15:01:35.605000,16155,16158,16155,1
2021-03-17,15:01:35.646000,16155,16158,16158,1
2021-03-17,15:01:35.789000,16156,16158,16156,1
2021-03-17,15:01:35.857000,16156,16158,16155,1
2021-03-17,15:01:35.877000,16156,16158,16155,1
2021-03-17,15:01:35.938000,16155,16158,16155,2
2021-03-17,15:01:35.938000,16155,16158,16154,1
2021-03-17,15:01:35.968000,16155,16158,16155,1
2021-03-17,15:01:36.010000,16155,16158,16155,1
2021-03-17,15:01:36.249000,16155,16157,16155,1
2021-03-17,15:01:36.375000,16155,16157,16155,1
2021-03-17,15:01:38.229000,16155,16157,16155,1
2021-03-17,15:01:38.266000,16155,16157,16155,1
2021-03-17,15:01:38.304000,16155,16157,16157,1
2021-03-17,15:01:38.381000,16155,16157,16157,1
2021-03-17,15:01:38.382000,16155,16157,16157,2
2021-03-17,15:01:38.443000,16156,16158,16156,1
2021-03-17,15:01:38.444000,16156,16158,16156,4
2021-03-17,15:01:38.503000,16156,16158,16158,1
2021-03-17,15:01:38.594000,16156,16158,16158,1
2021-03-17,15:01:38.633000,16156,16158,16159,1
2021-03-17,15:01:38.766000,16156,16159,16159,3
2021-03-17,15:01:38.766000,16156,16159,16159,1
2021-03-17,15:01:38.819000,16156,16159,16159,1
2021-03-17,15:01:39.117000,16157,16159,16159,1
2021-03-17,15:01:39.133000,16157,16159,16159,1
2021-03-17,15:01:39.167000,16157,16159,16159,1
2021-03-17,15:01:39.230000,16157,16159,16159,1
2021-03-17,15:01:39.230000,16157,16159,16160,2
2021-03-17,15:01:39.371000,16157,16160,16160,1
2021-03-17,15:01:39.560000,16157,16160,16160,1
2021-03-17,15:01:39.662000,16157,16160,16158,1
2021-03-17,15:01:39.662000,16157,16160,16157,1
2021-03-17,15:01:39.865000,16157,16160,16159,2
2021-03-17,15:01:39.865000,16157,16160,16160,7
2021-03-17,15:01:39.956000,16157,16160,16160,1
2021-03-17,15:01:39.962000,16157,16160,16160,1
2021-03-17,15:01:40,16157,16160,16161,1
2021-03-17,15:01:41.285000,16158,16161,16158,1
2021-03-17,15:01:41.672000,16158,16161,16158,1
2021-03-17,15:01:46.225000,16158,16160,16160,3
2021-03-17,15:01:46.604000,16158,16160,16158,1
2021-03-17,15:01:47.223000,16158,16160,16160,2
2021-03-17,15:01:47.228000,16158,16160,16161,1
2021-03-17,15:01:47.357000,16158,16161,16158,3
2021-03-17,15:01:48.223000,16157,16160,16160,1
2021-03-17,15:01:48.330000,16157,16160,16157,1
2021-03-17,15:01:51.107000,16157,16159,16159,1
2021-03-17,15:01:51.107000,16157,16159,16160,4
2021-03-17,15:01:51.312000,16158,16160,16158,1
2021-03-17,15:01:52.434000,16158,16160,16158,1
2021-03-17,15:01:53.118000,16158,16160,16160,1
2021-03-17,15:01:53.560000,16158,16160,16158,1
2021-03-17,15:01:54.552000,16158,16159,16159,5
2021-03-17,15:01:56.131000,16157,16160,16157,2
2021-03-17,15:01:56.839000,16157,16160,16160,2
2021-03-17,15:01:58.267000,16158,16160,16160,1
2021-03-17,15:01:58.592000,16158,16161,16158,1
2021-03-17,15:02:00.038000,16157,16160,16157,1
2021-03-17,15:02:00.039000,16157,16160,16157,1
2021-03-17,15:02:00.043000,16157,16160,16157,1
2021-03-17,15:02:00.158000,16157,16160,16157,1
2021-03-17,15:02:00.838000,16157,16160,16160,1
2021-03-17,15:02:01.838000,16158,16160,16160,1
2021-03-17,15:02:01.867000,16158,16160,16160,1
2021-03-17,15:02:01.871000,16158,16160,16161,2
2021-03-17,15:02:03.778000,16159,16161,16160,1
2021-03-17,15:02:04.606000,16159,16161,16160,1
2021-03-17,15:02:04.606000,16159,16161,16161,7
2021-03-17,15:02:04.637000,16159,16161,16159,1
2021-03-17,15:02:05.270000,16159,16162,16159,2
2021-03-17,15:02:07.794000,16160,16161,16160,1
2021-03-17,15:02:07.794000,16160,16161,16159,1
2021-03-17,15:02:10.806000,16159,16161,16161,2
2021-03-17,15:02:10.806000,16159,16161,16161,1
2021-03-17,15:02:11.562000,16160,16162,16161,1
2021-03-17,15:02:12.063000,16160,16162,16162,1
2021-03-17,15:02:13.154000,16160,16162,16162,1
2021-03-17,15:02:13.971000,16160,16162,16162,4
2021-03-17,15:02:14.801000,16160,16161,16161,11
2021-03-17,15:02:14.801000,16160,16161,16161,1
2021-03-17,15:02:14.801000,16160,16161,16161,8
2021-03-17,15:02:18.678000,16161,16162,16162,3
2021-03-17,15:02:20.607000,16161,16162,16162,1
2021-03-17,15:02:23.597000,16161,16162,16162,5
2021-03-17,15:02:23.599000,16161,16162,16163,3
2021-03-17,15:02:23.777000,16161,16163,16163,3
2021-03-17,15:02:23.820000,16161,16163,16164,3
2021-03-17,15:02:23.965000,16162,16164,16162,1
2021-03-17,15:02:25.722000,16162,16164,16162,3
2021-03-17,15:02:27.345000,16162,16164,16162,1
2021-03-17,15:02:27.822000,16162,16163,16162,1
2021-03-17,15:02:28.214000,16162,16163,16163,1
2021-03-17,15:02:31.571000,16162,16164,16164,1
2021-03-17,15:02:31.890000,16162,16164,16162,2
2021-03-17,15:02:31.939000,16162,16164,16164,1
2021-03-17,15:02:32.154000,16162,16164,16162,1
2021-03-17,15:02:33.812000,16162,16163,16163,1
2021-03-17,15:02:34.116000,16162,16164,16164,1
2021-03-17,15:02:34.540000,16163,16164,16164,1
2021-03-17,15:02:40.158000,16163,16164,16163,1
2021-03-17,15:02:41.024000,16163,16164,16164,1
2021-03-17,15:02:41.077000,16163,16164,16164,1
2021-03-17,15:02:41.077000,16163,16164,16164,1
2021-03-17,15:02:41.266000,16163,16164,16163,4
2021-03-17,15:02:41.266000,16163,16164,16162,1
2021-03-17,15:02:42.989000,16163,16164,16164,1
2021-03-17,15:02:43.077000,16163,16164,16163,1
2021-03-17,15:02:43.996000,16163,16164,16163,2
2021-03-17,15:02:43.996000,16163,16164,16162,1
2021-03-17,15:02:45.003000,16162,16164,16164,1
2021-03-17,15:02:46.633000,16162,16164,16163,1
2021-03-17,15:02:47.476000,16163,16164,16164,2
2021-03-17,15:02:48.800000,16163,16164,16164,3
2021-03-17,15:02:48.801000,16163,16164,16164,10
2021-03-17,15:02:48.802000,16163,16164,16165,5
2021-03-17,15:02:48.805000,16163,16164,16165,5
2021-03-17,15:02:48.806000,16163,16164,16165,4
2021-03-17,15:02:49.037000,16164,16165,16164,1
2021-03-17,15:02:50.498000,16163,16165,16163,5
2021-03-17,15:02:54.218000,16163,16165,16164,1
2021-03-17,15:02:56.088000,16163,16165,16163,1
2021-03-17,15:02:59.967000,16163,16164,16164,1
2021-03-17,15:02:59.992000,16163,16164,16163,1
2021-03-17,15:03:00.508000,16163,16165,16163,2
2021-03-17,15:03:00.663000,16163,16165,16165,2
2021-03-17,15:03:00.833000,16163,16165,16165,2
2021-03-17,15:03:01.064000,16163,16164,16164,1
2021-03-17,15:03:01.064000,16163,16164,16165,3
2021-03-17,15:03:01.471000,16163,16165,16165,2
2021-03-17,15:03:01.471000,16163,16165,16165,2
2021-03-17,15:03:01.471000,16163,16165,16166,10
2021-03-17,15:03:01.471000,16163,16165,16166,2
2021-03-17,15:03:01.861000,16163,16165,16165,2
2021-03-17,15:03:05.103000,16164,16165,16165,4
2021-03-17,15:03:06.051000,16164,16166,16165,1
2021-03-17,15:03:08.813000,16164,16166,16165,1
2021-03-17,15:03:10.081000,16165,16166,16165,1
2021-03-17,15:03:12.717000,16165,16166,16165,1
2021-03-17,15:03:12.717000,16165,16166,16165,2
2021-03-17,15:03:12.717000,16165,16166,16165,1
2021-03-17,15:03:12.717000,16165,16166,16165,1
2021-03-17,15:03:14.467000,16164,16165,16164,5
2021-03-17,15:03:17.050000,16163,16165,16165,2
2021-03-17,15:03:17.143000,16163,16165,16163,2
2021-03-17,15:03:19.114000,16163,16165,16165,1
2021-03-17,15:03:20.192000,16164,16165,16164,1
2021-03-17,15:03:20.192000,16164,16165,16163,4
2021-03-17,15:03:20.644000,16163,16164,16163,1
2021-03-17,15:03:21.647000,16163,16164,16163,1
2021-03-17,15:03:22.359000,16163,16164,16164,1
2021-03-17,15:03:23.412000,16163,16164,16164,1
2021-03-17,15:03:24.684000,16164,16165,16164,1
2021-03-17,15:03:27.088000,16163,16165,16163,7
2021-03-17,15:03:28.436000,16163,16165,16165,3
2021-03-17,15:03:32.067000,16163,16164,16164,2
2021-03-17,15:03:33.532000,16163,16164,16163,1
2021-03-17,15:03:37.691000,16163,16164,16163,5
2021-03-17,15:03:39.858000,16162,16164,16164,1
2021-03-17,15:03:40.710000,16162,16164,16162,13
2021-03-17,15:03:41.084000,16161,16163,16162,1
2021-03-17,15:03:43.264000,16161,16162,16162,1
2021-03-17,15:03:43.982000,16161,16162,16161,2
2021-03-17,15:03:44.666000,16160,16162,16162,1
2021-03-17,15:03:44.666000,16160,16162,16163,1
2021-03-17,15:03:47.532000,16161,16163,16161,1
2021-03-17,15:03:48.974000,16161,16163,16161,2
2021-03-17,15:03:48.974000,16161,16163,16160,3
2021-03-17,15:03:54.106000,16161,16163,16161,1
2021-03-17,15:03:58.345000,16161,16162,16161,1
2021-03-17,15:04:00.034000,16161,16162,16161,3
2021-03-17,15:04:00.451000,16160,16161,16161,1
2021-03-17,15:04:00.465000,16160,16161,16161,1
2021-03-17,15:04:00.465000,16160,16161,16162,6
2021-03-17,15:04:00.705000,16161,16163,16161,1
2021-03-17,15:04:01.282000,16160,16163,16160,2
2021-03-17,15:04:07.355000,16161,16163,16161,1
2021-03-17,15:04:15.006000,16160,16161,16161,1
2021-03-17,15:04:19.587000,16160,16161,16160,1
2021-03-17,15:04:20.577000,16160,16161,16161,1
2021-03-17,15:04:22,16160,16162,16162,4
2021-03-17,15:04:22.152000,16161,16163,16163,1
2021-03-17,15:04:22.193000,16161,16163,16161,1
2021-03-17,15:04:22.193000,16161,16163,16160,1
2021-03-17,15:04:22.291000,16160,16163,16163,3
2021-03-17,15:04:29.921000,16161,16163,16161,2
2021-03-17,15:04:29.921000,16161,16163,16160,3
2021-03-17,15:04:35.800000,16160,16161,16160,2
2021-03-17,15:04:35.801000,16160,16161,16160,3
2021-03-17,15:04:36.691000,16160,16161,16160,1
2021-03-17,15:04:39.688000,16160,16161,16160,1
2021-03-17,15:04:41.681000,16160,16161,16161,3
2021-03-17,15:04:48.301000,16161,16162,16161,1
2021-03-17,15:04:49.860000,16160,16161,16160,1
2021-03-17,15:04:50.036000,16160,16161,16160,1
2021-03-17,15:04:50.239000,16160,16161,16161,2
2021-03-17,15:04:52.480000,16160,16161,16160,1
2021-03-17,15:04:54.593000,16160,16161,16160,4
2021-03-17,15:04:56.021000,16160,16161,16160,1
2021-03-17,15:04:59.351000,16159,16161,16159,1
2021-03-17,15:05:00.135000,16159,16161,16159,1
2021-03-17,15:05:00.147000,16159,16161,16159,1
2021-03-17,15:05:00.148000,16159,16161,16159,2
2021-03-17,15:05:00.149000,16159,16161,16159,1
2021-03-17,15:05:00.307000,16158,16160,16158,1
2021-03-17,15:05:00.691000,16158,16160,16160,1
2021-03-17,15:05:01.204000,16159,16161,16159,1
2021-03-17,15:05:01.265000,16158,16160,16158,1
2021-03-17,15:05:01.265000,16158,16160,16158,1
2021-03-17,15:05:01.527000,16158,16160,16158,1
2021-03-17,15:05:01.750000,16158,16160,16158,1
2021-03-17,15:05:01.801000,16158,16160,16158,1
2021-03-17,15:05:02.903000,16158,16160,16160,3
2021-03-17,15:05:05.518000,16158,16160,16158,1
2021-03-17,15:05:07.946000,16158,16160,16160,1
2021-03-17,15:05:08.945000,16158,16160,16160,1
2021-03-17,15:05:08.985000,16158,16160,16160,1
2021-03-17,15:05:09.015000,16158,16161,16158,1
2021-03-17,15:05:09.015000,16158,16161,16158,1
2021-03-17,15:05:11.432000,16158,16159,16158,1
2021-03-17,15:05:11.987000,16158,16159,16159,2
2021-03-17,15:05:12.987000,16158,16160,16160,2
2021-03-17,15:05:13.987000,16158,16160,16160,2
2021-03-17,15:05:14.027000,16158,16160,16160,1
2021-03-17,15:05:15.028000,16158,16160,16160,1
2021-03-17,15:05:17.029000,16158,16160,16160,1
2021-03-17,15:05:18.029000,16158,16160,16160,1
2021-03-17,15:05:24.601000,16158,16160,16158,10
2021-03-17,15:05:25.492000,16158,16160,16160,2
2021-03-17,15:05:29.458000,16158,16159,16158,1
2021-03-17,15:05:31.512000,16158,16159,16159,1
2021-03-17,15:05:31.515000,16159,16160,16159,1
2021-03-17,15:05:33.001000,16159,16160,16160,1
2021-03-17,15:05:35.493000,16159,16160,16160,8
2021-03-17,15:05:36.493000,16159,16160,16160,1
2021-03-17,15:05:36.812000,16159,16160,16159,1
2021-03-17,15:05:37.204000,16159,16160,16159,1
2021-03-17,15:05:37.265000,16158,16160,16158,1
2021-03-17,15:05:37.493000,16158,16160,16160,2
2021-03-17,15:05:40.134000,16160,16161,16160,1
2021-03-17,15:05:40.134000,16160,16161,16160,1
2021-03-17,15:05:40.494000,16158,16160,16160,1
2021-03-17,15:05:40.537000,16159,16160,16160,1
2021-03-17,15:05:43.536000,16159,16160,16160,3
2021-03-17,15:05:44.536000,16159,16160,16160,3
2021-03-17,15:05:45.536000,16159,16160,16160,1
2021-03-17,15:05:45.577000,16159,16160,16160,1
2021-03-17,15:05:45.971000,16159,16160,16160,1
2021-03-17,15:05:46.322000,16159,16160,16160,2
2021-03-17,15:05:46.322000,16159,16160,16161,1
2021-03-17,15:05:51.184000,16159,16160,16159,5
2021-03-17,15:05:51.215000,16159,16160,16158,2
2021-03-17,15:05:51.226000,16159,16160,16159,1
2021-03-17,15:05:51.226000,16159,16160,16159,1
2021-03-17,15:05:52.225000,16158,16159,16159,1
2021-03-17,15:05:53.271000,16158,16159,16158,1
2021-03-17,15:05:54.225000,16158,16159,16159,1
2021-03-17,15:05:55.253000,16158,16159,16159,1
2021-03-17,15:05:56.226000,16158,16159,16159,1
2021-03-17,15:05:56.266000,16158,16159,16159,1
2021-03-17,15:05:59.122000,16158,16159,16159,1
2021-03-17,15:05:59.267000,16159,16160,16160,8
2021-03-17,15:06:00.267000,16159,16160,16160,2
2021-03-17,15:06:00.656000,16159,16160,16160,1
2021-03-17,15:06:01.268000,16159,16160,16160,2
2021-03-17,15:06:01.443000,16159,16161,16160,1
2021-03-17,15:06:03.762000,16159,16160,16159,2
2021-03-17,15:06:04.310000,16159,16160,16160,2
2021-03-17,15:06:05.310000,16159,16160,16160,2
2021-03-17,15:06:06.310000,16159,16160,16160,1
2021-03-17,15:06:06.350000,16159,16160,16160,3
2021-03-17,15:06:07.770000,16159,16160,16159,1
2021-03-17,15:06:08.342000,16159,16160,16159,1
2021-03-17,15:06:10.251000,16158,16159,16159,1
2021-03-17,15:06:10.251000,16158,16159,16160,1
2021-03-17,15:06:10.964000,16159,16160,16159,1
2021-03-17,15:06:12.089000,16158,16159,16158,2
2021-03-17,15:06:12.089000,16158,16159,16158,7
2021-03-17,15:06:12.089000,16158,16159,16158,6
2021-03-17,15:06:12.130000,16158,16159,16158,1
2021-03-17,15:06:17.273000,16158,16159,16158,2
2021-03-17,15:06:22.447000,16158,16159,16158,10
2021-03-17,15:06:23.922000,16157,16158,16157,1
2021-03-17,15:06:24.397000,16157,16158,16157,2
2021-03-17,15:06:24.398000,16157,16158,16157,12
2021-03-17,15:06:26.779000,16157,16159,16157,1
2021-03-17,15:06:27.498000,16157,16159,16157,1
2021-03-17,15:06:28.947000,16157,16159,16157,1
2021-03-17,15:06:34.180000,16156,16157,16157,1
2021-03-17,15:06:35.032000,16156,16157,16157,1
2021-03-17,15:06:38.524000,16157,16158,16158,1
2021-03-17,15:06:39.055000,16157,16158,16157,1
2021-03-17,15:06:44.147000,16157,16158,16157,2
2021-03-17,15:06:53.936000,16157,16158,16157,21
2021-03-17,15:06:53.977000,16157,16158,16157,1
2021-03-17,15:06:55.829000,16157,16158,16157,2
2021-03-17,15:06:58.521000,16157,16158,16157,1
2021-03-17,15:06:58.607000,16157,16158,16157,1
2021-03-17,15:06:58.607000,16157,16158,16157,2
2021-03-17,15:06:59.715000,16156,16157,16157,1
2021-03-17,15:07:01.477000,16156,16157,16156,4
2021-03-17,15:07:01.494000,16156,16157,16156,1
2021-03-17,15:07:01.719000,16156,16157,16156,2
2021-03-17,15:07:01.719000,16156,16157,16156,5
2021-03-17,15:07:01.759000,16156,16157,16156,1
2021-03-17,15:07:05.744000,16155,16156,16155,10
2021-03-17,15:07:06.545000,16154,16156,16156,1
2021-03-17,15:07:07.841000,16154,16156,16154,1
2021-03-17,15:07:08.079000,16154,16157,16154,1
2021-03-17,15:07:09.809000,16154,16156,16154,6
2021-03-17,15:07:11.346000,16154,16156,16156,1
2021-03-17,15:07:11.689000,16154,16156,16154,1
2021-03-17,15:07:14.569000,16154,16155,16155,2
2021-03-17,15:07:14.863000,16154,16156,16154,11
2021-03-17,15:07:14.863000,16154,16156,16154,1
2021-03-17,15:07:14.863000,16154,16156,16154,9
2021-03-17,15:07:15.428000,16155,16156,16156,1
2021-03-17,15:07:15.453000,16155,16156,16155,1
2021-03-17,15:07:15.839000,16155,16156,16155,1
2021-03-17,15:07:22.185000,16155,16156,16156,2
2021-03-17,15:07:23.058000,16155,16156,16155,1
2021-03-17,15:07:23.327000,16155,16156,16156,3
2021-03-17,15:07:26.561000,16155,16156,16156,1
2021-03-17,15:07:26.883000,16155,16157,16156,1
2021-03-17,15:07:28.737000,16155,16156,16155,1
2021-03-17,15:07:31.117000,16155,16156,16156,1
2021-03-17,15:07:31.879000,16155,16156,16156,3
2021-03-17,15:07:32.562000,16156,16157,16156,1
2021-03-17,15:07:41.008000,16156,16157,16156,2
2021-03-17,15:07:41.941000,16156,16157,16156,1
2021-03-17,15:07:44.331000,16156,16157,16156,1
2021-03-17,15:07:46.965000,16156,16157,16156,1
2021-03-17,15:07:51.625000,16156,16157,16157,3
2021-03-17,15:08:05.408000,16156,16157,16157,1
2021-03-17,15:08:05.418000,16156,16157,16157,2
2021-03-17,15:08:05.641000,16156,16158,16156,2
2021-03-17,15:08:05.741000,16156,16158,16156,2
2021-03-17,15:08:05.765000,16156,16157,16156,2
2021-03-17,15:08:09.423000,16156,16158,16156,1
2021-03-17,15:08:20.938000,16156,16157,16157,1
2021-03-17,15:08:21.344000,16156,16158,16156,1
2021-03-17,15:08:23.638000,16156,16157,16157,1
2021-03-17,15:08:27.943000,16156,16157,16156,1
2021-03-17,15:08:31.280000,16156,16157,16156,8
2021-03-17,15:08:31.321000,16156,16157,16156,1
2021-03-17,15:08:35.446000,16155,16156,16156,1
2021-03-17,15:08:37.868000,16155,16156,16156,1
2021-03-17,15:08:38.563000,16155,16156,16156,1
2021-03-17,15:08:44.365000,16155,16156,16155,1
2021-03-17,15:08:54.183000,16155,16156,16156,1
2021-03-17,15:09:07.519000,16155,16156,16155,1
2021-03-17,15:09:07.535000,16155,16156,16155,1
2021-03-17,15:09:07.686000,16155,16156,16155,1
2021-03-17,15:09:12.274000,16155,16156,16155,5
2021-03-17,15:09:12.274000,16155,16156,16155,3
2021-03-17,15:09:15.230000,16154,16155,16155,1
2021-03-17,15:09:20.799000,16154,16155,16155,2
2021-03-17,15:09:20.799000,16154,16155,16156,3
2021-03-17,15:09:20.918000,16154,16156,16156,5
2021-03-17,15:09:30.801000,16154,16156,16154,1
2021-03-17,15:09:31.091000,16154,16156,16156,1
2021-03-17,15:09:32.479000,16154,16156,16155,1
2021-03-17,15:09:33.128000,16154,16156,16155,1
2021-03-17,15:09:36.239000,16155,16156,16155,10
2021-03-17,15:09:36.279000,16154,16155,16155,1
2021-03-17,15:09:43.866000,16155,16156,16155,1
2021-03-17,15:09:47.457000,16155,16156,16155,1
2021-03-17,15:09:47.457000,16155,16156,16155,1
2021-03-17,15:09:47.457000,16155,16156,16155,3
2021-03-17,15:09:58.248000,16154,16155,16155,2
2021-03-17,15:09:58.838000,16154,16155,16155,1
2021-03-17,15:10:00.946000,16154,16155,16155,1
2021-03-17,15:10:01.297000,16154,16155,16154,1
2021-03-17,15:10:01.417000,16154,16155,16154,1
2021-03-17,15:10:01.496000,16154,16155,16154,3
2021-03-17,15:10:01.496000,16154,16155,16154,7
2021-03-17,15:10:01.569000,16153,16154,16153,1
2021-03-17,15:10:01.920000,16153,16154,16153,2
2021-03-17,15:10:08.875000,16153,16155,16153,1
2021-03-17,15:10:11.274000,16153,16154,16153,1
2021-03-17,15:10:11.756000,16153,16154,16153,1
2021-03-17,15:10:12.842000,16153,16154,16154,1
2021-03-17,15:10:13.610000,16153,16154,16154,1
2021-03-17,15:10:15.487000,16154,16155,16154,1
2021-03-17,15:10:16.987000,16154,16155,16154,4
2021-03-17,15:10:20.392000,16154,16155,16154,1
2021-03-17,15:10:21.438000,16154,16155,16154,1
2021-03-17,15:10:21.719000,16154,16155,16154,1
2021-03-17,15:10:21.883000,16154,16155,16154,1
2021-03-17,15:10:21.987000,16154,16155,16154,2
2021-03-17,15:10:22.643000,16154,16155,16155,5
2021-03-17,15:10:23.219000,16154,16155,16154,2
2021-03-17,15:10:23.242000,16154,16155,16153,2
2021-03-17,15:10:24.401000,16153,16155,16155,3
2021-03-17,15:10:25.734000,16153,16154,16154,1
2021-03-17,15:10:29.096000,16153,16154,16154,2
2021-03-17,15:10:31.178000,16153,16154,16154,1
2021-03-17,15:10:33.853000,16153,16154,16154,1
2021-03-17,15:10:37.663000,16153,16154,16154,1
2021-03-17,15:10:39.292000,16153,16154,16154,1
2021-03-17,15:10:42.018000,16153,16154,16154,3
2021-03-17,15:10:45.342000,16154,16155,16154,1
2021-03-17,15:10:47.043000,16154,16155,16154,1
2021-03-17,15:10:48.908000,16154,16155,16154,2
2021-03-17,15:10:57.486000,16154,16155,16154,1
2021-03-17,15:10:57.486000,16154,16155,16154,1
2021-03-17,15:11:04.692000,16153,16154,16153,1
2021-03-17,15:11:09.464000,16153,16154,16153,1
2021-03-17,15:11:09.534000,16153,16154,16153,5
2021-03-17,15:11:11.984000,16153,16154,16153,10
2021-03-17,15:11:11.985000,16153,16154,16153,1
2021-03-17,15:11:15.881000,16152,16153,16153,1
2021-03-17,15:11:18.792000,16153,16154,16153,1
2021-03-17,15:11:21.073000,16153,16154,16153,2
2021-03-17,15:11:22.492000,16152,16153,16153,1
2021-03-17,15:11:23.232000,16152,16153,16152,5
2021-03-17,15:11:23.601000,16152,16153,16152,1
2021-03-17,15:11:23.620000,16152,16153,16152,1
2021-03-17,15:11:23.620000,16152,16153,16151,1
2021-03-17,15:11:23.634000,16152,16153,16151,1
2021-03-17,15:11:23.748000,16151,16153,16151,1
2021-03-17,15:11:23.756000,16151,16153,16151,1
2021-03-17,15:11:25.457000,16151,16152,16151,5
2021-03-17,15:11:27.548000,16151,16153,16151,10
2021-03-17,15:11:30.333000,16151,16152,16151,1
2021-03-17,15:11:30.334000,16151,16152,16151,2
2021-03-17,15:11:31.339000,16151,16152,16151,2
2021-03-17,15:11:31.435000,16151,16152,16151,1
2021-03-17,15:11:32.254000,16150,16151,16151,1
2021-03-17,15:11:32.407000,16150,16151,16150,5
2021-03-17,15:11:32.539000,16150,16151,16150,1
2021-03-17,15:11:33.486000,16150,16151,16150,5
2021-03-17,15:11:33.487000,16150,16151,16150,2
2021-03-17,15:11:33.929000,16150,16151,16150,1
2021-03-17,15:11:34.646000,16150,16151,16150,1
2021-03-17,15:11:35.566000,16150,16151,16151,1
2021-03-17,15:11:36.074000,16151,16152,16151,1
2021-03-17,15:11:37.137000,16151,16152,16151,1
2021-03-17,15:11:38.052000,16151,16152,16151,1
2021-03-17,15:11:38.161000,16150,16152,16152,1
2021-03-17,15:11:38.345000,16150,16152,16150,5
2021-03-17,15:11:40.026000,16151,16152,16151,1
2021-03-17,15:11:40.244000,16150,16152,16152,1
2021-03-17,15:11:40.347000,16150,16152,16152,3
2021-03-17,15:11:40.883000,16150,16152,16150,4
2021-03-17,15:11:43.965000,16151,16152,16151,1
2021-03-17,15:11:46.088000,16150,16151,16151,1
2021-03-17,15:11:46.468000,16150,16152,16150,1
2021-03-17,15:11:48.308000,16150,16151,16150,2
2021-03-17,15:11:49.255000,16150,16151,16150,5
2021-03-17,15:11:52.916000,16150,16151,16150,1
2021-03-17,15:11:54.238000,16150,16151,16151,1
2021-03-17,15:12:03.748000,16150,16151,16150,2
2021-03-17,15:12:03.987000,16150,16151,16150,3
2021-03-17,15:12:04.053000,16150,16151,16150,2
2021-03-17,15:12:04.358000,16150,16151,16150,2
2021-03-17,15:12:04.378000,16150,16151,16150,1
2021-03-17,15:12:05.712000,16150,16151,16150,2
2021-03-17,15:12:06.517000,16150,16151,16150,1
2021-03-17,15:12:07.389000,16150,16151,16150,1
2021-03-17,15:12:07.389000,16150,16151,16150,1
2021-03-17,15:12:08.784000,16149,16150,16150,2
2021-03-17,15:12:08.784000,16149,16150,16150,1
2021-03-17,15:12:08.984000,16150,16151,16150,1
2021-03-17,15:12:09.222000,16150,16151,16150,1
2021-03-17,15:12:09.499000,16149,16151,16149,11
2021-03-17,15:12:09.499000,16149,16151,16148,5
2021-03-17,15:12:09.592000,16148,16150,16148,1
2021-03-17,15:12:09.650000,16148,16150,16148,1
2021-03-17,15:12:09.657000,16148,16150,16148,1
2021-03-17,15:12:09.676000,16148,16150,16148,1
2021-03-17,15:12:09.738000,16148,16150,16148,1
2021-03-17,15:12:09.739000,16148,16150,16147,1
2021-03-17,15:12:09.740000,16148,16150,16147,1
2021-03-17,15:12:09.742000,16148,16150,16147,1
2021-03-17,15:12:09.742000,16148,16150,16147,1
2021-03-17,15:12:09.744000,16148,16150,16147,2
2021-03-17,15:12:09.759000,16148,16150,16147,1
2021-03-17,15:12:09.766000,16147,16149,16147,1
2021-03-17,15:12:09.773000,16147,16149,16147,2
2021-03-17,15:12:09.775000,16147,16149,16147,2
2021-03-17,15:12:09.775000,16147,16149,16146,1
2021-03-17,15:12:09.779000,16147,16149,16146,1
2021-03-17,15:12:09.779000,16147,16149,16146,2
2021-03-17,15:12:09.781000,16147,16149,16146,2
2021-03-17,15:12:09.799000,16147,16149,16146,1
2021-03-17,15:12:09.811000,16147,16149,16146,1
2021-03-17,15:12:09.824000,16147,16149,16146,1
2021-03-17,15:12:09.846000,16147,16149,16146,1
2021-03-17,15:12:09.847000,16147,16149,16146,1
2021-03-17,15:12:10.147000,16146,16148,16146,1
2021-03-17,15:12:10.295000,16146,16148,16146,1
2021-03-17,15:12:10.471000,16146,16148,16146,1
2021-03-17,15:12:10.636000,16146,16148,16148,1
2021-03-17,15:12:11.242000,16146,16148,16148,1
2021-03-17,15:12:11.498000,16147,16149,16147,5
2021-03-17,15:12:11.500000,16147,16149,16148,1
2021-03-17,15:12:11.524000,16147,16149,16147,1
2021-03-17,15:12:12.819000,16148,16150,16148,2
2021-03-17,15:12:13.307000,16148,16150,16150,1
2021-03-17,15:12:13.337000,16148,16150,16150,1
2021-03-17,15:12:14.457000,16148,16150,16148,1
2021-03-17,15:12:14.760000,16148,16150,16148,1
2021-03-17,15:12:14.845000,16148,16150,16148,1
2021-03-17,15:12:14.845000,16148,16150,16147,4
2021-03-17,15:12:16.090000,16147,16149,16147,1
2021-03-17,15:12:19.437000,16148,16149,16148,1
2021-03-17,15:12:19.717000,16147,16149,16148,1
2021-03-17,15:12:24.117000,16147,16149,16148,1
2021-03-17,15:12:24.285000,16147,16148,16148,2
2021-03-17,15:12:25.988000,16148,16149,16148,1
2021-03-17,15:12:26.378000,16148,16149,16148,1
2021-03-17,15:12:28.495000,16148,16149,16148,1
2021-03-17,15:12:29.125000,16148,16149,16148,2
2021-03-17,15:12:29.125000,16148,16149,16148,2
2021-03-17,15:12:29.865000,16148,16149,16149,11
2021-03-17,15:12:30.407000,16149,16150,16149,2
2021-03-17,15:12:31.538000,16149,16150,16149,1
2021-03-17,15:12:32.236000,16148,16150,16148,2
2021-03-17,15:12:32.257000,16148,16150,16150,2
2021-03-17,15:12:37.329000,16148,16150,16149,1
2021-03-17,15:12:38.131000,16148,16150,16150,1
2021-03-17,15:12:41.092000,16149,16150,16149,1
2021-03-17,15:12:42.632000,16148,16150,16150,1
2021-03-17,15:12:46.390000,16149,16150,16149,1
2021-03-17,15:12:52.488000,16149,16150,16150,12
2021-03-17,15:12:52.503000,16149,16150,16150,1
2021-03-17,15:12:52.765000,16149,16151,16150,1
2021-03-17,15:12:54.076000,16150,16151,16150,2
2021-03-17,15:12:54.677000,16150,16151,16150,1
2021-03-17,15:12:54.690000,16150,16151,16150,1
2021-03-17,15:12:55.238000,16149,16151,16149,2
2021-03-17,15:13:00.342000,16150,16151,16150,1
2021-03-17,15:13:00.807000,16149,16150,16150,1
2021-03-17,15:13:00.807000,16149,16150,16151,1
2021-03-17,15:13:13.598000,16149,16150,16150,1
2021-03-17,15:13:13.598000,16149,16150,16151,1
2021-03-17,15:13:15.851000,16149,16150,16150,1
2021-03-17,15:13:15.942000,16149,16150,16150,1
2021-03-17,15:13:16.854000,16149,16151,16151,1
2021-03-17,15:13:17.504000,16149,16151,16151,1
2021-03-17,15:13:17.965000,16149,16151,16151,1
2021-03-17,15:13:18.786000,16149,16151,16151,1
2021-03-17,15:13:20.238000,16149,16151,16151,1
2021-03-17,15:13:21.141000,16149,16151,16151,1
2021-03-17,15:13:21.866000,16149,16151,16151,1
2021-03-17,15:13:22.139000,16149,16151,16151,1
2021-03-17,15:13:22.835000,16149,16151,16151,1
2021-03-17,15:13:26.375000,16149,16150,16150,1
2021-03-17,15:13:26.523000,16149,16151,16149,1
2021-03-17,15:13:34.659000,16150,16151,16150,2
2021-03-17,15:13:36.538000,16150,16151,16150,1
2021-03-17,15:13:40.972000,16150,16151,16151,1
2021-03-17,15:13:42.227000,16150,16151,16151,1
2021-03-17,15:13:42.816000,16150,16151,16151,1
2021-03-17,15:13:43.054000,16150,16151,16151,1
2021-03-17,15:13:43.835000,16150,16151,16151,1
2021-03-17,15:13:44.694000,16150,16151,16151,1
2021-03-17,15:13:47.820000,16150,16151,16151,1
2021-03-17,15:14:06.568000,16150,16151,16151,2
2021-03-17,15:14:07.016000,16150,16152,16152,1
2021-03-17,15:14:08.234000,16150,16152,16152,1
2021-03-17,15:14:09.025000,16150,16152,16152,1
2021-03-17,15:14:09.988000,16150,16152,16152,1
2021-03-17,15:14:10.704000,16150,16152,16152,1
2021-03-17,15:14:11.456000,16150,16152,16152,1
2021-03-17,15:14:16.506000,16151,16152,16152,2
2021-03-17,15:14:16.646000,16151,16153,16151,1
2021-03-17,15:14:18.692000,16150,16152,16152,1
2021-03-17,15:14:19.863000,16150,16152,16150,1
2021-03-17,15:14:25.621000,16150,16151,16151,1
2021-03-17,15:14:25.621000,16150,16151,16151,1
2021-03-17,15:14:30.060000,16151,16152,16151,1
2021-03-17,15:14:30.623000,16151,16152,16151,1
2021-03-17,15:14:31.831000,16151,16152,16152,2
2021-03-17,15:14:31.889000,16151,16153,16151,1
2021-03-17,15:14:43.274000,16151,16152,16151,1
2021-03-17,15:14:47.482000,16151,16152,16151,1
2021-03-17,15:14:47.493000,16151,16152,16151,6
2021-03-17,15:14:47.798000,16150,16151,16151,1
2021-03-17,15:14:50.079000,16150,16151,16151,1
2021-03-17,15:14:50.079000,16150,16151,16151,1
2021-03-17,15:14:50.079000,16150,16151,16151,1
2021-03-17,15:14:50.079000,16150,16151,16151,1
2021-03-17,15:14:50.079000,16150,16151,16151,1
2021-03-17,15:14:50.845000,16150,16152,16152,2
2021-03-17,15:14:55.157000,16151,16152,16151,3
2021-03-17,15:14:55.157000,16151,16152,16150,2
2021-03-17,15:14:56.930000,16150,16152,16150,5
2021-03-17,15:14:57.694000,16150,16152,16150,1
2021-03-17,15:14:58.795000,16150,16152,16152,1
2021-03-17,15:15:02.741000,16150,16151,16151,3
2021-03-17,15:15:02.904000,16150,16152,16150,1
2021-03-17,15:15:03.050000,16150,16152,16152,1
2021-03-17,15:15:03.091000,16150,16152,16152,2
2021-03-17,15:15:03.365000,16150,16152,16150,2
2021-03-17,15:15:03.809000,16150,16152,16150,1
2021-03-17,15:15:06.209000,16149,16151,16151,1
2021-03-17,15:15:11.516000,16151,16152,16151,1
2021-03-17,15:15:11.643000,16151,16152,16151,2
2021-03-17,15:15:14.968000,16150,16151,16151,3
2021-03-17,15:15:16.388000,16151,16152,16152,3
2021-03-17,15:15:20.770000,16151,16153,16151,1
2021-03-17,15:15:31.014000,16151,16153,16152,5
2021-03-17,15:15:36.138000,16151,16152,16152,3
2021-03-17,15:15:42.263000,16151,16152,16152,1
2021-03-17,15:15:51.455000,16152,16153,16152,1
2021-03-17,15:15:57.454000,16151,16152,16152,3
2021-03-17,15:16:07.451000,16152,16153,16152,1
2021-03-17,15:16:10.010000,16151,16153,16152,1
2021-03-17,15:16:13.396000,16151,16152,16152,5
2021-03-17,15:16:13.541000,16151,16152,16152,2
2021-03-17,15:16:13.541000,16151,16152,16153,3
2021-03-17,15:16:20.697000,16152,16153,16152,1
2021-03-17,15:16:30.245000,16152,16153,16153,49
2021-03-17,15:16:30.246000,16152,16153,16153,1
2021-03-17,15:16:30.246000,16152,16153,16153,1
2021-03-17,15:16:30.246000,16152,16153,16153,2
2021-03-17,15:16:30.247000,16152,16153,16153,2
2021-03-17,15:16:36.190000,16152,16154,16152,1
2021-03-17,15:16:36.542000,16152,16154,16152,1
2021-03-17,15:16:38.236000,16152,16154,16152,1
2021-03-17,15:16:38.237000,16152,16154,16152,1
2021-03-17,15:16:38.317000,16151,16152,16152,1
2021-03-17,15:16:46.259000,16152,16153,16153,4
2021-03-17,15:16:46.260000,16152,16153,16153,1
2021-03-17,15:16:49.548000,16153,16154,16154,8
2021-03-17,15:16:49.548000,16153,16154,16155,8
2021-03-17,15:16:54.875000,16153,16154,16154,1
2021-03-17,15:16:55.640000,16153,16154,16154,1
2021-03-17,15:16:59.613000,16153,16154,16154,2
2021-03-17,15:17:01.246000,16153,16154,16154,1
2021-03-17,15:17:02.690000,16153,16154,16153,1
2021-03-17,15:17:02.690000,16153,16154,16153,3
2021-03-17,15:17:02.690000,16153,16154,16153,2
2021-03-17,15:17:02.690000,16153,16154,16153,5
2021-03-17,15:17:04.490000,16152,16153,16153,1
2021-03-17,15:17:09.888000,16152,16153,16153,2
2021-03-17,15:17:09.889000,16153,16154,16153,1
2021-03-17,15:17:11.065000,16152,16153,16153,1
2021-03-17,15:17:11.732000,16153,16154,16154,1
2021-03-17,15:17:13.351000,16153,16154,16154,3
2021-03-17,15:17:13.580000,16153,16155,16153,5
2021-03-17,15:17:14.200000,16152,16154,16152,1
2021-03-17,15:17:14.393000,16152,16153,16152,1
2021-03-17,15:17:16.541000,16152,16153,16153,3
2021-03-17,15:17:17.592000,16152,16153,16153,2
2021-03-17,15:17:17.593000,16152,16153,16153,1
2021-03-17,15:17:20.013000,16153,16154,16153,3
2021-03-17,15:17:20.110000,16153,16154,16154,3
2021-03-17,15:17:21.888000,16153,16154,16153,3
2021-03-17,15:17:27.888000,16153,16154,16153,1
2021-03-17,15:17:27.889000,16153,16154,16153,2
2021-03-17,15:17:34.165000,16153,16154,16154,3
2021-03-17,15:17:38.543000,16153,16154,16154,1
2021-03-17,15:17:39.177000,16153,16154,16153,1
2021-03-17,15:17:45.133000,16153,16154,16154,2
2021-03-17,15:17:47.813000,16153,16154,16154,1
2021-03-17,15:17:49.591000,16153,16154,16153,1
2021-03-17,15:17:49.912000,16153,16154,16154,3
2021-03-17,15:17:59.189000,16153,16154,16154,3
2021-03-17,15:18:01.546000,16153,16154,16154,3
2021-03-17,15:18:02.483000,16153,16154,16154,1
2021-03-17,15:18:15.814000,16153,16154,16154,1
2021-03-17,15:18:15.934000,16153,16154,16154,1
2021-03-17,15:18:20.766000,16153,16154,16153,2
2021-03-17,15:18:23.674000,16153,16154,16154,1
2021-03-17,15:18:23.718000,16153,16154,16154,1
2021-03-17,15:18:25.675000,16153,16154,16154,1
2021-03-17,15:18:27.341000,16153,16154,16153,1
2021-03-17,15:18:38.478000,16153,16154,16153,6
2021-03-17,15:18:38.478000,16153,16154,16153,1
2021-03-17,15:18:40.254000,16152,16153,16153,2
2021-03-17,15:18:44.379000,16152,16153,16153,1
2021-03-17,15:18:46.441000,16152,16153,16153,1
2021-03-17,15:19:01.267000,16153,16154,16153,1
2021-03-17,15:19:02.435000,16153,16154,16153,1
2021-03-17,15:19:09.669000,16152,16153,16152,10
2021-03-17,15:19:15.551000,16151,16152,16152,1
2021-03-17,15:19:21.700000,16151,16152,16151,1
2021-03-17,15:19:22.601000,16151,16152,16151,12
2021-03-17,15:19:27.457000,16150,16152,16150,1
2021-03-17,15:19:28.127000,16150,16152,16150,1
2021-03-17,15:19:29.914000,16150,16152,16152,1
2021-03-17,15:19:32.086000,16150,16152,16152,1
2021-03-17,15:19:34.425000,16150,16152,16152,1
2021-03-17,15:19:35.827000,16150,16152,16152,1
2021-03-17,15:19:40.604000,16150,16151,16151,1
2021-03-17,15:19:40.605000,16150,16151,16151,1
2021-03-17,15:19:56.384000,16151,16152,16151,1
2021-03-17,15:19:56.428000,16150,16152,16150,1
2021-03-17,15:19:56.476000,16150,16152,16150,10
2021-03-17,15:19:57.577000,16150,16151,16150,1
2021-03-17,15:19:57.814000,16149,16150,16150,1
2021-03-17,15:19:58.690000,16150,16151,16151,1
2021-03-17,15:20:02.042000,16150,16151,16150,1
2021-03-17,15:20:02.213000,16149,16150,16150,1
2021-03-17,15:20:02.834000,16150,16151,16150,1
2021-03-17,15:20:02.920000,16149,16151,16149,1
2021-03-17,15:20:03.021000,16150,16151,16150,1
2021-03-17,15:20:03.021000,16150,16151,16149,1
2021-03-17,15:20:03.066000,16150,16151,16149,1
2021-03-17,15:20:03.279000,16149,16150,16150,1
2021-03-17,15:20:03.838000,16149,16150,16150,1
2021-03-17,15:20:05.170000,16149,16150,16150,1
2021-03-17,15:20:08.399000,16149,16150,16150,1
2021-03-17,15:20:12.478000,16149,16150,16149,2
2021-03-17,15:20:14.097000,16149,16150,16149,10
2021-03-17,15:20:16.737000,16148,16149,16148,1
2021-03-17,15:20:18.207000,16148,16149,16148,1
2021-03-17,15:20:19.991000,16148,16149,16148,8
2021-03-17,15:20:20.367000,16148,16149,16148,1
2021-03-17,15:20:20.692000,16148,16149,16149,1
2021-03-17,15:20:22.426000,16148,16149,16148,1
2021-03-17,15:20:22.781000,16148,16149,16148,1
2021-03-17,15:20:22.781000,16148,16149,16147,14
2021-03-17,15:20:22.781000,16148,16149,16146,1
2021-03-17,15:20:22.894000,16146,16148,16146,1
2021-03-17,15:20:22.960000,16146,16148,16146,2
2021-03-17,15:20:23.059000,16146,16148,16146,1
2021-03-17,15:20:23.112000,16146,16148,16146,1
2021-03-17,15:20:23.148000,16146,16148,16146,1
2021-03-17,15:20:23.153000,16146,16148,16146,1
2021-03-17,15:20:23.154000,16146,16148,16146,1
2021-03-17,15:20:23.154000,16146,16148,16146,1
2021-03-17,15:20:23.155000,16146,16148,16146,1
2021-03-17,15:20:23.155000,16146,16148,16146,1
2021-03-17,15:20:23.156000,16146,16148,16146,1
2021-03-17,15:20:23.156000,16146,16148,16145,1
2021-03-17,15:20:23.199000,16146,16148,16145,1
2021-03-17,15:20:23.245000,16146,16148,16145,1
2021-03-17,15:20:23.249000,16146,16148,16145,1
2021-03-17,15:20:23.257000,16146,16148,16145,2
2021-03-17,15:20:23.331000,16145,16147,16145,1
2021-03-17,15:20:23.362000,16145,16147,16145,1
2021-03-17,15:20:23.370000,16145,16147,16145,1
2021-03-17,15:20:23.378000,16145,16147,16145,1
2021-03-17,15:20:23.449000,16145,16147,16145,1
2021-03-17,15:20:23.465000,16145,16147,16145,1
2021-03-17,15:20:23.479000,16145,16147,16145,1
2021-03-17,15:20:23.485000,16145,16147,16145,1
2021-03-17,15:20:23.505000,16145,16147,16145,1
2021-03-17,15:20:23.525000,16145,16146,16145,1
2021-03-17,15:20:23.529000,16145,16146,16145,1
2021-03-17,15:20:23.531000,16145,16146,16145,1
2021-03-17,15:20:23.550000,16145,16146,16145,1
2021-03-17,15:20:23.550000,16145,16146,16145,1
2021-03-17,15:20:23.551000,16145,16146,16145,1
2021-03-17,15:20:23.606000,16145,16146,16145,1
2021-03-17,15:20:23.607000,16145,16146,16145,2
2021-03-17,15:20:23.612000,16145,16146,16145,1
2021-03-17,15:20:23.617000,16145,16146,16145,1
2021-03-17,15:20:23.628000,16145,16146,16145,1
2021-03-17,15:20:23.656000,16145,16146,16145,1
2021-03-17,15:20:23.681000,16145,16146,16144,1
2021-03-17,15:20:23.696000,16145,16146,16144,1
2021-03-17,15:20:23.701000,16145,16146,16144,1
2021-03-17,15:20:23.784000,16144,16146,16144,1
2021-03-17,15:20:23.879000,16144,16146,16144,1
2021-03-17,15:20:27.415000,16145,16147,16145,1
2021-03-17,15:20:27.415000,16145,16147,16144,5
2021-03-17,15:20:29.640000,16145,16147,16147,1
2021-03-17,15:20:29.876000,16145,16147,16145,1
2021-03-17,15:20:30.877000,16145,16146,16146,1
2021-03-17,15:20:33.921000,16145,16146,16145,1
2021-03-17,15:20:34.787000,16144,16145,16145,1
2021-03-17,15:20:34.968000,16144,16145,16144,1
2021-03-17,15:20:38.392000,16144,16145,16145,2
2021-03-17,15:20:38.481000,16144,16145,16144,1
2021-03-17,15:20:39.212000,16144,16145,16144,1
2021-03-17,15:20:39.379000,16144,16145,16144,1
2021-03-17,15:20:40.062000,16144,16145,16145,2
2021-03-17,15:20:42.198000,16144,16145,16144,1
2021-03-17,15:20:43.574000,16144,16145,16144,1
2021-03-17,15:20:46.453000,16144,16145,16144,2
2021-03-17,15:20:47.622000,16144,16145,16144,1
2021-03-17,15:20:48.100000,16143,16144,16144,1
2021-03-17,15:20:49.765000,16144,16145,16144,1
2021-03-17,15:20:49.966000,16144,16145,16144,2
2021-03-17,15:20:50.575000,16144,16145,16145,1
2021-03-17,15:20:51.086000,16144,16145,16145,1
2021-03-17,15:20:51.486000,16144,16145,16144,1
2021-03-17,15:20:53.354000,16144,16145,16144,1
2021-03-17,15:20:54.278000,16143,16144,16144,1
2021-03-17,15:20:54.999000,16144,16145,16144,2
2021-03-17,15:20:55.800000,16143,16145,16143,10
2021-03-17,15:20:55.909000,16143,16144,16143,1
2021-03-17,15:20:55.939000,16143,16144,16143,5
2021-03-17,15:20:55.939000,16143,16144,16142,15
2021-03-17,15:20:55.940000,16143,16144,16142,1
2021-03-17,15:20:56.041000,16141,16143,16142,1
2021-03-17,15:20:56.363000,16141,16143,16141,1
2021-03-17,15:20:56.433000,16141,16143,16141,2
2021-03-17,15:20:56.560000,16141,16142,16141,1
2021-03-17,15:20:56.562000,16141,16142,16141,1
2021-03-17,15:20:56.617000,16141,16142,16142,1
2021-03-17,15:21:05.679000,16142,16143,16142,1
2021-03-17,15:21:06.756000,16142,16143,16143,1
2021-03-17,15:21:09.147000,16142,16143,16143,3
2021-03-17,15:21:09.265000,16142,16144,16142,1
2021-03-17,15:21:09.265000,16142,16144,16142,1
2021-03-17,15:21:09.265000,16142,16144,16142,1
2021-03-17,15:21:09.265000,16142,16144,16142,1
2021-03-17,15:21:09.266000,16142,16144,16142,1
2021-03-17,15:21:09.266000,16142,16144,16142,1
2021-03-17,15:21:09.266000,16142,16144,16142,1
2021-03-17,15:21:09.266000,16142,16144,16142,1
2021-03-17,15:21:09.266000,16142,16144,16142,1
2021-03-17,15:21:09.267000,16142,16144,16142,1
2021-03-17,15:21:11.507000,16142,16143,16143,1
2021-03-17,15:21:14.078000,16142,16143,16143,1
2021-03-17,15:21:16.073000,16142,16143,16143,1
2021-03-17,15:21:17.538000,16142,16143,16143,1
2021-03-17,15:21:18.581000,16142,16143,16143,1
2021-03-17,15:21:19.257000,16143,16144,16143,1
2021-03-17,15:21:20.089000,16143,16144,16144,1
2021-03-17,15:21:21.987000,16143,16144,16144,1
2021-03-17,15:21:22.694000,16143,16144,16143,1
2021-03-17,15:21:24.592000,16143,16144,16143,1
2021-03-17,15:21:25.165000,16143,16144,16144,1
2021-03-17,15:21:26.460000,16143,16144,16143,2
2021-03-17,15:21:28.061000,16143,16144,16144,1
2021-03-17,15:21:28.415000,16143,16144,16143,1
2021-03-17,15:21:28.630000,16143,16144,16143,1
2021-03-17,15:21:32.139000,16143,16144,16143,2
2021-03-17,15:21:32.139000,16143,16144,16142,2
2021-03-17,15:21:35.368000,16143,16144,16143,1
2021-03-17,15:21:36.969000,16143,16144,16144,2
2021-03-17,15:21:37.828000,16144,16145,16145,10
2021-03-17,15:21:38.070000,16145,16146,16146,3
2021-03-17,15:21:39.739000,16145,16147,16145,3
2021-03-17,15:21:41.240000,16146,16147,16146,1
2021-03-17,15:21:41.433000,16145,16146,16146,1
2021-03-17,15:21:42.760000,16146,16147,16146,1
2021-03-17,15:21:43.450000,16146,16147,16146,1
2021-03-17,15:21:48.818000,16146,16147,16146,1
2021-03-17,15:21:52.352000,16146,16147,16146,1
2021-03-17,15:21:52.390000,16146,16147,16146,1
2021-03-17,15:21:52.390000,16146,16147,16146,1
2021-03-17,15:21:53.467000,16145,16146,16146,1
2021-03-17,15:21:53.468000,16145,16146,16146,1
2021-03-17,15:22:01.589000,16146,16147,16146,3
2021-03-17,15:22:01.589000,16146,16147,16145,1
2021-03-17,15:22:01.937000,16145,16147,16145,1
2021-03-17,15:22:10.973000,16145,16146,16145,1
2021-03-17,15:22:15.182000,16145,16146,16145,1
2021-03-17,15:22:20.485000,16145,16146,16145,2
2021-03-17,15:22:22.196000,16145,16146,16145,3
2021-03-17,15:22:22.770000,16144,16146,16146,1
2021-03-17,15:22:25.043000,16144,16146,16145,1
2021-03-17,15:22:27.233000,16144,16145,16145,1
2021-03-17,15:22:29.482000,16144,16145,16145,1
2021-03-17,15:22:38.565000,16144,16145,16144,1
2021-03-17,15:22:40.274000,16143,16145,16145,1
2021-03-17,15:22:46.625000,16143,16145,16144,1
2021-03-17,15:22:48.888000,16143,16144,16144,3
2021-03-17,15:22:49.802000,16144,16145,16145,1
2021-03-17,15:22:52.726000,16144,16145,16144,2
2021-03-17,15:22:53.306000,16144,16145,16144,2
2021-03-17,15:22:57.933000,16144,16145,16144,1
2021-03-17,15:22:58.539000,16143,16144,16144,1
2021-03-17,15:23:01.354000,16143,16145,16143,1
2021-03-17,15:23:03.286000,16144,16145,16144,1
2021-03-17,15:23:06.612000,16143,16144,16144,1
2021-03-17,15:23:09.097000,16143,16144,16144,1
2021-03-17,15:23:10.272000,16143,16145,16145,1
2021-03-17,15:23:11.351000,16143,16145,16143,1
2021-03-17,15:23:18.136000,16143,16145,16143,1
2021-03-17,15:23:50.569000,16143,16144,16144,3
2021-03-17,15:23:50.871000,16144,16145,16144,2
2021-03-17,15:23:50.871000,16144,16145,16143,1
2021-03-17,15:23:59.108000,16144,16145,16144,1
2021-03-17,15:23:59.744000,16144,16145,16145,21
2021-03-17,15:24:01.539000,16144,16145,16145,1
2021-03-17,15:24:02.080000,16145,16146,16145,2
2021-03-17,15:24:02.081000,16145,16146,16144,2
2021-03-17,15:24:06.688000,16144,16145,16144,1
2021-03-17,15:24:09.943000,16144,16145,16145,1
2021-03-17,15:24:10.201000,16144,16146,16144,5
2021-03-17,15:24:15.589000,16145,16146,16145,1
2021-03-17,15:24:16.329000,16144,16145,16144,1
2021-03-17,15:24:20.108000,16144,16145,16144,1
2021-03-17,15:24:24.566000,16144,16145,16144,2
2021-03-17,15:24:25.798000,16144,16145,16145,1
2021-03-17,15:24:29.110000,16144,16145,16145,4
2021-03-17,15:24:29.313000,16145,16146,16145,1
2021-03-17,15:24:34.099000,16144,16146,16146,3
2021-03-17,15:24:35.253000,16144,16145,16145,1
2021-03-17,15:24:36.860000,16144,16146,16146,1
2021-03-17,15:24:39.114000,16144,16146,16144,2
2021-03-17,15:24:40.174000,16145,16146,16146,1
2021-03-17,15:24:47.134000,16145,16146,16146,4
2021-03-17,15:24:49.810000,16145,16146,16146,2
2021-03-17,15:24:53.375000,16146,16147,16146,1
2021-03-17,15:24:54.547000,16146,16147,16146,1
2021-03-17,15:24:58.162000,16145,16147,16145,3
2021-03-17,15:25:01.901000,16145,16147,16147,1
2021-03-17,15:25:03.822000,16145,16146,16146,1
2021-03-17,15:25:12.193000,16146,16147,16146,1
2021-03-17,15:25:14.918000,16146,16147,16147,1
2021-03-17,15:25:15.840000,16146,16147,16147,1
2021-03-17,15:25:15.840000,16146,16147,16147,2
2021-03-17,15:25:17.195000,16146,16147,16146,1
2021-03-17,15:25:25.573000,16146,16147,16147,2
2021-03-17,15:25:26.705000,16146,16147,16147,4
2021-03-17,15:25:29.955000,16147,16148,16147,1
2021-03-17,15:25:31.481000,16147,16148,16147,1
2021-03-17,15:25:31.491000,16147,16148,16147,1
2021-03-17,15:25:32.782000,16147,16148,16148,1
2021-03-17,15:25:34.065000,16147,16148,16147,1
2021-03-17,15:25:40.182000,16147,16148,16147,1
2021-03-17,15:25:44.577000,16147,16148,16148,1
2021-03-17,15:25:44.845000,16147,16148,16147,1
2021-03-17,15:25:47.216000,16147,16148,16148,1
2021-03-17,15:25:55.541000,16147,16148,16148,2
2021-03-17,15:26:02.505000,16147,16148,16147,4
2021-03-17,15:26:02.505000,16147,16148,16146,4
2021-03-17,15:26:02.725000,16146,16147,16147,1
2021-03-17,15:26:03.180000,16146,16148,16146,2
2021-03-17,15:26:05.734000,16146,16148,16148,2
2021-03-17,15:26:11.025000,16146,16148,16148,1
2021-03-17,15:26:17.738000,16147,16148,16147,1
2021-03-17,15:26:20.092000,16146,16148,16146,1
2021-03-17,15:26:20.400000,16146,16148,16148,1
2021-03-17,15:26:30.600000,16147,16148,16147,1
2021-03-17,15:26:36.784000,16146,16147,16147,1
2021-03-17,15:26:40.565000,16146,16147,16147,2
2021-03-17,15:26:46.204000,16146,16147,16147,1
2021-03-17,15:26:47.050000,16146,16147,16146,1
2021-03-17,15:26:52.702000,16146,16147,16146,1
2021-03-17,15:26:57.948000,16146,16147,16147,1
2021-03-17,15:27:07.505000,16146,16147,16146,7
2021-03-17,15:27:08.414000,16145,16146,16146,1
2021-03-17,15:27:16.585000,16145,16146,16146,3
2021-03-17,15:27:19.775000,16145,16146,16145,8
2021-03-17,15:27:19.776000,16145,16146,16144,9
2021-03-17,15:27:23.955000,16143,16145,16143,19
2021-03-17,15:27:23.957000,16143,16145,16143,1
2021-03-17,15:27:23.962000,16143,16145,16142,1
2021-03-17,15:27:23.962000,16143,16145,16142,1
2021-03-17,15:27:32.774000,16142,16144,16142,1
2021-03-17,15:27:35.616000,16142,16144,16143,1
2021-03-17,15:27:40.435000,16143,16144,16143,1
2021-03-17,15:27:42.794000,16143,16144,16144,1
2021-03-17,15:27:50.169000,16143,16144,16144,2
2021-03-17,15:27:52.680000,16143,16145,16145,2
2021-03-17,15:27:54.623000,16143,16145,16143,3
2021-03-17,15:27:55.793000,16142,16144,16144,1
2021-03-17,15:28:03.157000,16143,16145,16144,1
2021-03-17,15:28:25.843000,16143,16144,16144,1
2021-03-17,15:28:27.650000,16143,16144,16143,2
2021-03-17,15:28:28.704000,16143,16144,16144,1
2021-03-17,15:28:30.656000,16143,16144,16143,1
2021-03-17,15:28:31.453000,16142,16143,16143,1
2021-03-17,15:28:41.044000,16142,16143,16142,9
2021-03-17,15:28:41.044000,16142,16143,16142,1
2021-03-17,15:28:41.044000,16142,16143,16142,8
2021-03-17,15:28:42.573000,16142,16143,16142,1
2021-03-17,15:28:42.573000,16142,16143,16141,1
2021-03-17,15:28:42.904000,16141,16143,16143,1
2021-03-17,15:28:42.909000,16141,16143,16141,1
2021-03-17,15:28:42.929000,16141,16143,16141,3
2021-03-17,15:28:42.980000,16141,16143,16141,3
2021-03-17,15:28:43.073000,16141,16143,16141,1
2021-03-17,15:28:43.169000,16141,16143,16141,1
2021-03-17,15:28:43.169000,16141,16143,16141,1
2021-03-17,15:28:43.219000,16141,16143,16140,1
2021-03-17,15:28:43.256000,16141,16143,16140,1
2021-03-17,15:28:43.259000,16141,16143,16140,1
2021-03-17,15:28:43.282000,16140,16142,16140,1
2021-03-17,15:28:43.291000,16140,16142,16140,1
2021-03-17,15:28:43.303000,16140,16142,16140,1
2021-03-17,15:28:43.329000,16140,16142,16140,1
2021-03-17,15:28:43.443000,16140,16142,16140,1
2021-03-17,15:28:45.799000,16140,16142,16140,1
2021-03-17,15:28:45.802000,16140,16142,16140,1
2021-03-17,15:28:51.211000,16141,16142,16142,3
2021-03-17,15:28:51.211000,16141,16142,16142,1
2021-03-17,15:28:51.590000,16141,16143,16141,1
2021-03-17,15:28:54.138000,16142,16143,16143,1
2021-03-17,15:28:59.755000,16142,16143,16142,1
2021-03-17,15:29:00.442000,16142,16143,16143,1
2021-03-17,15:29:00.802000,16142,16143,16142,2
2021-03-17,15:29:00.802000,16142,16143,16141,2
2021-03-17,15:29:01.407000,16141,16143,16142,1
2021-03-17,15:29:05.590000,16142,16143,16142,1
2021-03-17,15:29:08.576000,16142,16143,16142,1
2021-03-17,15:29:11.936000,16141,16142,16141,2
2021-03-17,15:29:16.643000,16141,16142,16141,1
2021-03-17,15:29:18.772000,16141,16142,16141,2
2021-03-17,15:29:19.772000,16141,16142,16141,1
2021-03-17,15:29:25.934000,16141,16142,16141,1
2021-03-17,15:29:28.398000,16141,16142,16141,4
2021-03-17,15:29:29.916000,16140,16142,16141,1
2021-03-17,15:29:35.635000,16141,16142,16141,1
2021-03-17,15:29:36.559000,16141,16142,16141,1
2021-03-17,15:29:38.382000,16141,16142,16141,1
2021-03-17,15:29:39.909000,16141,16142,16141,1
2021-03-17,15:29:47.265000,16141,16142,16142,2
2021-03-17,15:29:48.595000,16141,16142,16142,5
2021-03-17,15:29:54.818000,16141,16143,16142,1
2021-03-17,15:30:00.542000,16142,16143,16143,2
2021-03-17,15:30:00.545000,16142,16143,16143,2
2021-03-17,15:30:00.833000,16142,16144,16142,1
2021-03-17,15:30:00.875000,16142,16144,16142,1
2021-03-17,15:30:00.882000,16142,16144,16142,1
2021-03-17,15:30:00.938000,16142,16144,16142,1
2021-03-17,15:30:00.946000,16142,16144,16142,2
2021-03-17,15:30:00.949000,16142,16144,16142,1
2021-03-17,15:30:01.003000,16142,16144,16142,4
2021-03-17,15:30:01.003000,16142,16144,16141,2
2021-03-17,15:30:01.090000,16141,16143,16141,2
2021-03-17,15:30:01.092000,16141,16143,16141,2
2021-03-17,15:30:01.100000,16141,16143,16141,2
2021-03-17,15:30:01.362000,16140,16143,16143,2
2021-03-17,15:30:01.362000,16140,16143,16143,2
2021-03-17,15:30:01.362000,16140,16143,16144,1
2021-03-17,15:30:01.368000,16140,16143,16144,1
2021-03-17,15:30:01.370000,16140,16143,16144,1
2021-03-17,15:30:01.375000,16140,16143,16144,2
2021-03-17,15:30:01.496000,16142,16145,16145,2
2021-03-17,15:30:01.646000,16144,16145,16144,1
2021-03-17,15:30:01.646000,16144,16145,16142,1
2021-03-17,15:30:01.648000,16144,16145,16142,1
2021-03-17,15:30:01.681000,16144,16145,16142,1
2021-03-17,15:30:01.800000,16141,16144,16144,2
2021-03-17,15:30:01.950000,16141,16144,16142,1
2021-03-17,15:30:04.458000,16142,16144,16142,1
2021-03-17,15:30:04.458000,16142,16144,16141,1
2021-03-17,15:30:06.821000,16141,16142,16142,1
2021-03-17,15:30:08.729000,16141,16142,16142,5
2021-03-17,15:30:12.513000,16141,16142,16141,1
2021-03-17,15:30:16.265000,16141,16142,16141,1
2021-03-17,15:30:27.240000,16140,16141,16141,1
2021-03-17,15:30:27.794000,16140,16141,16140,1
2021-03-17,15:30:28.106000,16140,16141,16140,1
2021-03-17,15:30:28.164000,16140,16141,16140,2
2021-03-17,15:30:28.177000,16140,16141,16140,1
2021-03-17,15:30:28.178000,16140,16141,16140,6
2021-03-17,15:30:28.178000,16140,16141,16140,4
2021-03-17,15:30:28.229000,16140,16141,16139,2
2021-03-17,15:30:28.277000,16139,16141,16139,1
2021-03-17,15:30:28.317000,16139,16141,16139,1
2021-03-17,15:30:28.332000,16139,16141,16139,1
2021-03-17,15:30:28.339000,16139,16141,16139,2
2021-03-17,15:30:28.364000,16139,16141,16139,2
2021-03-17,15:30:28.364000,16139,16141,16138,10
2021-03-17,15:30:28.398000,16138,16140,16138,2
2021-03-17,15:30:28.401000,16138,16140,16138,1
2021-03-17,15:30:28.421000,16138,16140,16137,1
2021-03-17,15:30:28.449000,16138,16140,16137,2
2021-03-17,15:30:28.464000,16138,16140,16137,1
2021-03-17,15:30:28.511000,16138,16140,16137,1
2021-03-17,15:30:28.659000,16137,16139,16137,1
2021-03-17,15:30:28.701000,16137,16139,16137,1
2021-03-17,15:30:28.716000,16137,16139,16137,1
2021-03-17,15:30:28.794000,16137,16138,16137,6
2021-03-17,15:30:28.960000,16137,16138,16137,1
2021-03-17,15:30:30.895000,16137,16139,16137,1
2021-03-17,15:30:30.926000,16137,16139,16137,2
2021-03-17,15:30:31.297000,16137,16138,16138,1
2021-03-17,15:30:32.456000,16137,16138,16137,1
2021-03-17,15:30:33.351000,16137,16138,16138,1
2021-03-17,15:30:33.896000,16137,16138,16137,1
2021-03-17,15:30:35.979000,16137,16138,16137,1
2021-03-17,15:30:36.274000,16137,16138,16137,1
2021-03-17,15:30:36.832000,16137,16138,16137,1
2021-03-17,15:30:38.057000,16137,16138,16137,4
2021-03-17,15:30:38.057000,16137,16138,16137,1
2021-03-17,15:30:38.595000,16136,16138,16136,2
2021-03-17,15:30:38.715000,16136,16138,16136,1
2021-03-17,15:30:39.323000,16137,16138,16137,1
2021-03-17,15:30:41.458000,16137,16138,16138,2
2021-03-17,15:30:42.423000,16137,16140,16137,1
2021-03-17,15:30:43.660000,16137,16140,16140,1
2021-03-17,15:30:45.580000,16137,16139,16137,2
2021-03-17,15:30:45.931000,16136,16139,16139,3
2021-03-17,15:30:53.242000,16137,16140,16138,1
2021-03-17,15:30:54.387000,16137,16140,16140,1
2021-03-17,15:30:57.293000,16138,16139,16139,4
2021-03-17,15:30:59.244000,16138,16140,16138,1
2021-03-17,15:31:02.381000,16138,16140,16139,1
2021-03-17,15:31:02.993000,16139,16140,16139,1
2021-03-17,15:31:07.388000,16139,16140,16140,5
2021-03-17,15:31:07.515000,16139,16141,16139,1
2021-03-17,15:31:07.515000,16139,16141,16139,1
2021-03-17,15:31:07.515000,16139,16141,16139,1
2021-03-17,15:31:07.980000,16139,16140,16140,1
2021-03-17,15:31:08.937000,16139,16141,16139,6
2021-03-17,15:31:08.938000,16139,16141,16139,11
2021-03-17,15:31:08.938000,16139,16141,16139,1
2021-03-17,15:31:10.388000,16138,16139,16139,1
2021-03-17,15:31:14.818000,16139,16141,16139,1
2021-03-17,15:31:15.892000,16138,16140,16139,1
2021-03-17,15:31:18.470000,16138,16140,16138,3
2021-03-17,15:31:20.865000,16138,16140,16138,1
2021-03-17,15:31:20.890000,16138,16140,16138,1
2021-03-17,15:31:20.890000,16138,16140,16138,1
2021-03-17,15:31:20.891000,16138,16140,16138,1
2021-03-17,15:31:20.891000,16138,16140,16138,1
2021-03-17,15:31:20.891000,16138,16140,16138,1
2021-03-17,15:31:20.892000,16138,16140,16138,1
2021-03-17,15:31:20.892000,16138,16140,16138,1
2021-03-17,15:31:20.892000,16138,16140,16138,3
2021-03-17,15:31:20.900000,16138,16140,16138,1
2021-03-17,15:31:25.108000,16139,16140,16139,1
2021-03-17,15:31:25.415000,16138,16140,16138,1
2021-03-17,15:31:29.168000,16138,16140,16138,1
2021-03-17,15:31:31.621000,16139,16140,16139,1
2021-03-17,15:31:31.640000,16138,16140,16138,1
2021-03-17,15:31:38.727000,16138,16139,16138,5
2021-03-17,15:31:41.363000,16137,16138,16138,1
2021-03-17,15:31:42.909000,16137,16139,16138,1
2021-03-17,15:31:44.795000,16138,16139,16138,1
2021-03-17,15:31:44.796000,16138,16139,16138,1
2021-03-17,15:31:51.340000,16138,16139,16138,1
2021-03-17,15:31:52.753000,16137,16139,16137,4
2021-03-17,15:31:59.111000,16137,16138,16138,1
2021-03-17,15:32:02.436000,16137,16138,16138,1
2021-03-17,15:32:03.512000,16137,16138,16138,1
2021-03-17,15:32:05.481000,16137,16138,16138,1
2021-03-17,15:32:07.103000,16137,16138,16138,2
2021-03-17,15:32:10.209000,16137,16138,16137,5
2021-03-17,15:32:20.856000,16137,16138,16137,1
2021-03-17,15:32:24.464000,16137,16138,16138,1
2021-03-17,15:32:24.515000,16137,16138,16138,1
2021-03-17,15:32:24.516000,16137,16138,16138,1
2021-03-17,15:32:24.516000,16137,16138,16139,1
2021-03-17,15:32:24.516000,16137,16138,16139,1
2021-03-17,15:32:24.516000,16137,16138,16139,1
2021-03-17,15:32:24.517000,16137,16138,16139,1
2021-03-17,15:32:25.749000,16137,16139,16137,1
2021-03-17,15:32:28.728000,16137,16139,16139,2
2021-03-17,15:32:29.371000,16137,16139,16139,1
2021-03-17,15:32:29.390000,16137,16139,16139,1
2021-03-17,15:32:29.390000,16137,16139,16139,1
2021-03-17,15:32:29.390000,16137,16139,16139,1
2021-03-17,15:32:29.390000,16137,16139,16139,1
2021-03-17,15:32:29.390000,16137,16139,16139,1
2021-03-17,15:32:32.177000,16138,16139,16138,1
2021-03-17,15:32:32.470000,16138,16139,16138,3
2021-03-17,15:32:32.768000,16138,16139,16138,1
2021-03-17,15:32:33.388000,16138,16139,16139,4
2021-03-17,15:32:35.364000,16138,16140,16138,1
2021-03-17,15:32:43.378000,16138,16139,16138,5
2021-03-17,15:32:57.089000,16138,16139,16138,2
2021-03-17,15:32:57.089000,16138,16139,16137,3
2021-03-17,15:32:57.140000,16137,16139,16139,1
2021-03-17,15:32:57.140000,16137,16139,16139,1
2021-03-17,15:32:57.140000,16137,16139,16139,1
2021-03-17,15:32:57.140000,16137,16139,16139,1
2021-03-17,15:32:57.140000,16137,16139,16139,1
2021-03-17,15:32:57.140000,16137,16139,16139,1
2021-03-17,15:32:57.140000,16137,16139,16139,1
2021-03-17,15:32:57.141000,16137,16139,16139,1
2021-03-17,15:32:57.141000,16137,16139,16139,1
2021-03-17,15:32:57.142000,16137,16139,16139,1
2021-03-17,15:32:57.142000,16137,16139,16139,1
2021-03-17,15:32:57.661000,16137,16139,16139,1
2021-03-17,15:33:08.888000,16138,16139,16139,1
2021-03-17,15:33:09.173000,16138,16139,16138,1
2021-03-17,15:33:09.173000,16138,16139,16138,1
2021-03-17,15:33:09.309000,16138,16139,16138,1
2021-03-17,15:33:09.320000,16138,16139,16137,1
2021-03-17,15:33:09.324000,16138,16139,16137,1
2021-03-17,15:33:09.339000,16138,16139,16137,1
2021-03-17,15:33:09.349000,16138,16139,16137,1
2021-03-17,15:33:16.642000,16138,16139,16139,2
2021-03-17,15:33:16.862000,16138,16140,16138,1
2021-03-17,15:33:20.027000,16138,16140,16138,1
2021-03-17,15:33:20.920000,16137,16140,16137,10
2021-03-17,15:33:20.921000,16137,16140,16137,17
2021-03-17,15:33:28.180000,16137,16138,16137,1
2021-03-17,15:33:28.853000,16137,16138,16137,2
2021-03-17,15:33:29.005000,16137,16138,16137,2
2021-03-17,15:33:29.076000,16137,16138,16137,2
2021-03-17,15:33:29.119000,16137,16138,16136,6
2021-03-17,15:33:31.630000,16136,16138,16137,1
2021-03-17,15:33:35.063000,16136,16137,16136,2
2021-03-17,15:33:35.158000,16136,16137,16136,2
2021-03-17,15:33:35.159000,16136,16137,16136,4
2021-03-17,15:33:35.159000,16136,16137,16136,5
2021-03-17,15:33:35.208000,16136,16137,16136,2
2021-03-17,15:33:35.242000,16136,16137,16136,6
2021-03-17,15:33:35.243000,16136,16137,16136,1
2021-03-17,15:33:35.243000,16136,16137,16136,4
2021-03-17,15:33:36.903000,16135,16136,16135,5
2021-03-17,15:33:36.903000,16135,16136,16135,15
2021-03-17,15:33:37.058000,16134,16136,16135,4
2021-03-17,15:33:37.200000,16134,16136,16134,1
2021-03-17,15:33:37.250000,16134,16136,16134,1
2021-03-17,15:33:37.308000,16134,16136,16134,1
2021-03-17,15:33:37.353000,16134,16136,16134,1
2021-03-17,15:33:37.596000,16134,16136,16134,1
2021-03-17,15:33:37.616000,16134,16136,16134,1
2021-03-17,15:33:40.267000,16134,16135,16134,1
2021-03-17,15:33:41.102000,16133,16135,16135,2
2021-03-17,15:33:41.546000,16133,16134,16134,1
2021-03-17,15:33:42.060000,16133,16134,16134,1
2021-03-17,15:33:43.438000,16133,16135,16133,3
2021-03-17,15:33:43.521000,16133,16135,16133,5
2021-03-17,15:33:43.593000,16133,16135,16133,1
2021-03-17,15:33:43.898000,16133,16135,16133,1
2021-03-17,15:33:43.912000,16133,16135,16133,1
2021-03-17,15:33:44.138000,16133,16135,16133,1
2021-03-17,15:33:44.576000,16133,16134,16134,1
2021-03-17,15:33:46.453000,16133,16135,16135,1
2021-03-17,15:33:48.022000,16133,16135,16134,1
2021-03-17,15:33:48.026000,16133,16135,16135,1
2021-03-17,15:33:48.867000,16134,16135,16134,1
2021-03-17,15:33:51.302000,16134,16135,16134,1
2021-03-17,15:33:51.719000,16133,16135,16133,5
2021-03-17,15:33:53.027000,16134,16135,16135,4
2021-03-17,15:33:54.168000,16134,16135,16134,1
2021-03-17,15:33:54.710000,16134,16135,16134,1
2021-03-17,15:33:55.340000,16133,16135,16133,10
2021-03-17,15:33:58.029000,16133,16134,16134,4
2021-03-17,15:33:58.173000,16133,16135,16135,1
2021-03-17,15:34:00.456000,16134,16135,16135,1
2021-03-17,15:34:00.666000,16134,16135,16134,1
2021-03-17,15:34:00.888000,16134,16135,16134,1
2021-03-17,15:34:01.239000,16134,16135,16134,1
2021-03-17,15:34:01.502000,16134,16135,16134,1
2021-03-17,15:34:03.136000,16134,16135,16134,3
2021-03-17,15:34:03.538000,16134,16135,16134,5
2021-03-17,15:34:04.315000,16134,16135,16134,5
2021-03-17,15:34:04.923000,16133,16135,16134,1
2021-03-17,15:34:06.560000,16134,16135,16134,2
2021-03-17,15:34:06.827000,16133,16134,16133,3
2021-03-17,15:34:08.513000,16133,16134,16134,1
2021-03-17,15:34:08.515000,16133,16134,16133,1
2021-03-17,15:34:09.353000,16133,16134,16134,1
2021-03-17,15:34:09.924000,16133,16134,16134,2
2021-03-17,15:34:11.028000,16133,16135,16133,5
2021-03-17,15:34:15.536000,16133,16135,16134,1
2021-03-17,15:34:17.164000,16133,16135,16133,1
2021-03-17,15:34:18.181000,16133,16135,16133,5
2021-03-17,15:34:20.536000,16133,16135,16134,1
2021-03-17,15:34:25.538000,16133,16134,16134,1
2021-03-17,15:34:25.900000,16133,16135,16133,1
2021-03-17,15:34:27.573000,16133,16135,16134,1
2021-03-17,15:34:33.634000,16133,16135,16134,1
2021-03-17,15:34:33.640000,16133,16135,16133,1
2021-03-17,15:34:33.640000,16133,16135,16133,1
2021-03-17,15:34:33.640000,16133,16135,16133,1
2021-03-17,15:34:33.640000,16133,16135,16133,1
2021-03-17,15:34:33.640000,16133,16135,16133,1
2021-03-17,15:34:33.640000,16133,16135,16133,1
2021-03-17,15:34:33.641000,16133,16135,16133,1
2021-03-17,15:34:33.641000,16133,16135,16133,1
2021-03-17,15:34:33.641000,16133,16135,16133,1
2021-03-17,15:34:33.641000,16133,16135,16133,1
2021-03-17,15:34:33.982000,16133,16134,16134,1
2021-03-17,15:34:34.079000,16133,16134,16133,1
2021-03-17,15:34:35.594000,16133,16134,16133,5
2021-03-17,15:34:38.635000,16132,16133,16133,1
2021-03-17,15:34:39.500000,16132,16133,16132,1
2021-03-17,15:34:39.542000,16132,16133,16132,1
2021-03-17,15:34:39.768000,16132,16133,16132,1
2021-03-17,15:34:40.715000,16132,16133,16132,1
2021-03-17,15:34:41.072000,16132,16133,16132,6
2021-03-17,15:34:42.541000,16131,16132,16131,4
2021-03-17,15:34:42.696000,16131,16132,16131,4
2021-03-17,15:34:42.697000,16131,16132,16131,6
2021-03-17,15:34:42.755000,16131,16132,16131,2
2021-03-17,15:34:42.763000,16131,16132,16131,5
2021-03-17,15:34:42.804000,16131,16132,16131,1
2021-03-17,15:34:42.810000,16131,16132,16130,1
2021-03-17,15:34:42.821000,16131,16132,16130,1
2021-03-17,15:34:42.828000,16131,16132,16132,1
2021-03-17,15:34:42.864000,16131,16132,16130,1
2021-03-17,15:34:42.899000,16130,16132,16130,1
2021-03-17,15:34:42.945000,16130,16132,16130,1
2021-03-17,15:34:42.951000,16130,16132,16130,1
2021-03-17,15:34:42.984000,16130,16132,16130,1
2021-03-17,15:34:42.994000,16130,16132,16132,3
2021-03-17,15:34:45.514000,16130,16132,16132,7
2021-03-17,15:34:45.977000,16131,16132,16131,1
2021-03-17,15:34:46.840000,16131,16132,16132,1
2021-03-17,15:34:46.840000,16131,16132,16133,1
2021-03-17,15:34:46.869000,16131,16132,16133,1
2021-03-17,15:34:50.515000,16131,16132,16132,1
2021-03-17,15:34:51.877000,16131,16132,16132,1
2021-03-17,15:34:53.480000,16131,16133,16132,1
2021-03-17,15:34:55.517000,16132,16133,16133,4
2021-03-17,15:34:57.590000,16132,16133,16133,9
2021-03-17,15:34:58.260000,16132,16134,16132,2
2021-03-17,15:35:01.513000,16132,16133,16133,1
2021-03-17,15:35:01.638000,16132,16133,16133,1
2021-03-17,15:35:01.764000,16132,16134,16132,1
2021-03-17,15:35:03.686000,16132,16133,16133,1
2021-03-17,15:35:05.608000,16132,16133,16132,5
2021-03-17,15:35:13.825000,16132,16133,16133,6
2021-03-17,15:35:18.513000,16133,16134,16134,3
2021-03-17,15:35:24.828000,16133,16134,16134,1
2021-03-17,15:35:24.890000,16133,16134,16133,1
2021-03-17,15:35:24.890000,16133,16134,16133,1
2021-03-17,15:35:25.677000,16133,16134,16133,10
2021-03-17,15:35:26.091000,16132,16133,16133,1
2021-03-17,15:35:30.071000,16132,16133,16133,6
2021-03-17,15:35:35.784000,16133,16134,16134,1
2021-03-17,15:35:41.359000,16133,16134,16133,1
2021-03-17,15:35:44.341000,16133,16134,16134,1
2021-03-17,15:35:47.066000,16133,16134,16133,9
2021-03-17,15:35:47.067000,16133,16134,16133,7
2021-03-17,15:35:49.771000,16133,16134,16133,1
2021-03-17,15:35:53.317000,16133,16134,16133,1
2021-03-17,15:35:54.774000,16133,16134,16133,1
2021-03-17,15:36:03.453000,16133,16134,16133,1
2021-03-17,15:36:03.722000,16133,16134,16133,2
2021-03-17,15:36:03.735000,16133,16134,16133,2
2021-03-17,15:36:04.466000,16133,16134,16133,1
2021-03-17,15:36:04.657000,16132,16134,16132,2
2021-03-17,15:36:07.747000,16133,16134,16134,1
2021-03-17,15:36:08.373000,16133,16134,16134,5
2021-03-17,15:36:08.373000,16133,16134,16134,7
2021-03-17,15:36:09.148000,16133,16135,16135,1
2021-03-17,15:36:09.430000,16133,16135,16133,1
2021-03-17,15:36:13.005000,16134,16135,16135,2
2021-03-17,15:36:14.696000,16134,16135,16135,1
2021-03-17,15:36:14.881000,16134,16135,16135,2
2021-03-17,15:36:19.764000,16134,16135,16135,12
2021-03-17,15:36:20.560000,16134,16136,16136,1
2021-03-17,15:36:22.129000,16134,16136,16135,1
2021-03-17,15:36:23.480000,16135,16136,16136,2
2021-03-17,15:36:24.223000,16135,16136,16136,1
2021-03-17,15:36:24.223000,16135,16136,16137,4
2021-03-17,15:36:24.296000,16135,16137,16137,1
2021-03-17,15:36:26.572000,16135,16136,16136,1
2021-03-17,15:36:26.712000,16135,16137,16137,2
2021-03-17,15:36:26.799000,16135,16137,16136,1
2021-03-17,15:36:27.189000,16135,16137,16137,1
2021-03-17,15:36:38.878000,16136,16137,16137,2
2021-03-17,15:36:42.043000,16136,16137,16137,1
2021-03-17,15:36:50.804000,16136,16137,16137,1
2021-03-17,15:36:51.576000,16136,16137,16137,7
2021-03-17,15:36:55.749000,16137,16138,16137,1
2021-03-17,15:36:56.024000,16137,16138,16138,1
2021-03-17,15:36:58.598000,16137,16138,16138,1
2021-03-17,15:37:05.371000,16137,16138,16137,1
2021-03-17,15:37:19.370000,16137,16138,16137,1
2021-03-17,15:37:21.208000,16137,16138,16138,1
2021-03-17,15:37:21.496000,16137,16138,16137,3
2021-03-17,15:37:25.823000,16137,16138,16138,1
2021-03-17,15:37:26.729000,16137,16138,16138,10
2021-03-17,15:37:26.730000,16137,16138,16138,1
2021-03-17,15:37:26.730000,16137,16138,16138,1
2021-03-17,15:37:26.730000,16137,16138,16138,1
2021-03-17,15:37:26.730000,16137,16138,16138,1
2021-03-17,15:37:26.730000,16137,16138,16138,2
2021-03-17,15:37:30.200000,16138,16139,16139,10
2021-03-17,15:37:30.201000,16138,16139,16139,1
2021-03-17,15:37:31.134000,16138,16140,16138,1
2021-03-17,15:37:34.088000,16138,16139,16139,2
2021-03-17,15:37:40.181000,16138,16139,16139,1
2021-03-17,15:37:47.537000,16138,16139,16139,1
2021-03-17,15:37:48.203000,16138,16139,16139,1
2021-03-17,15:37:51.832000,16138,16139,16139,3
2021-03-17,15:37:52.384000,16138,16139,16139,1
2021-03-17,15:37:55.070000,16139,16140,16140,5
2021-03-17,15:37:55.313000,16139,16140,16140,2
2021-03-17,15:37:56.242000,16139,16140,16139,1
2021-03-17,15:37:57.045000,16139,16140,16139,2
2021-03-17,15:37:58.517000,16139,16140,16140,1
2021-03-17,15:37:58.880000,16139,16140,16139,1
2021-03-17,15:37:59.612000,16139,16140,16139,1
2021-03-17,15:38:02.958000,16138,16139,16139,2
2021-03-17,15:38:07.374000,16138,16139,16139,1
2021-03-17,15:38:08.819000,16138,16140,16139,1
2021-03-17,15:38:09.040000,16138,16140,16138,10
2021-03-17,15:38:09.696000,16137,16138,16137,1
2021-03-17,15:38:10.918000,16137,16138,16137,3
2021-03-17,15:38:16.986000,16136,16137,16137,1
2021-03-17,15:38:34.500000,16137,16138,16138,2
2021-03-17,15:38:38.589000,16137,16138,16137,1
2021-03-17,15:38:41.683000,16137,16138,16138,1
2021-03-17,15:38:46.438000,16137,16138,16138,2
2021-03-17,15:38:46.852000,16137,16138,16138,1
2021-03-17,15:38:53.055000,16137,16138,16138,1
2021-03-17,15:38:53.112000,16137,16138,16138,2
2021-03-17,15:39:19.502000,16137,16138,16137,1
2021-03-17,15:39:21.750000,16137,16138,16138,2
2021-03-17,15:39:52.469000,16138,16139,16138,1
2021-03-17,15:39:58.323000,16138,16139,16139,1
2021-03-17,15:40:00.893000,16138,16139,16139,6
2021-03-17,15:40:00.893000,16138,16139,16139,4
2021-03-17,15:40:10.758000,16139,16140,16140,1
2021-03-17,15:40:12.616000,16139,16140,16140,9
2021-03-17,15:40:14.179000,16140,16141,16141,1
2021-03-17,15:40:14.328000,16140,16141,16141,1
2021-03-17,15:40:14.328000,16140,16141,16141,5
2021-03-17,15:40:14.391000,16140,16142,16142,1
2021-03-17,15:40:16.021000,16141,16142,16142,1
2021-03-17,15:40:16.469000,16141,16142,16142,1
2021-03-17,15:40:16.929000,16141,16142,16142,7
2021-03-17,15:40:16.929000,16141,16142,16143,3
2021-03-17,15:40:17.210000,16141,16143,16143,1
2021-03-17,15:40:19.369000,16142,16143,16143,1
2021-03-17,15:40:20.564000,16142,16143,16143,5
2021-03-17,15:40:21.938000,16142,16143,16143,1
2021-03-17,15:40:25.434000,16142,16143,16143,1
2021-03-17,15:40:28.966000,16142,16143,16143,10
2021-03-17,15:40:30.286000,16142,16143,16142,5
2021-03-17,15:40:30.328000,16142,16143,16143,1
2021-03-17,15:40:30.680000,16142,16143,16143,1
2021-03-17,15:40:31.111000,16142,16143,16142,1
2021-03-17,15:40:31.718000,16141,16142,16142,2
2021-03-17,15:40:31.718000,16141,16142,16143,1
2021-03-17,15:40:32.328000,16141,16143,16143,1
2021-03-17,15:40:32.856000,16141,16143,16143,1
2021-03-17,15:40:34.513000,16142,16143,16142,2
2021-03-17,15:40:38.013000,16141,16142,16141,1
2021-03-17,15:40:47.122000,16141,16142,16142,1
2021-03-17,15:40:48.966000,16141,16142,16141,1
2021-03-17,15:40:50.070000,16141,16142,16142,2
2021-03-17,15:40:50.377000,16141,16142,16142,1
2021-03-17,15:40:52.375000,16141,16142,16142,1
2021-03-17,15:40:54.042000,16141,16142,16141,2
2021-03-17,15:40:56.794000,16141,16142,16141,1
2021-03-17,15:40:56.835000,16141,16142,16142,2
2021-03-17,15:41:02.569000,16141,16142,16141,1
2021-03-17,15:41:03.076000,16141,16142,16142,1
2021-03-17,15:41:06.645000,16141,16142,16142,1
2021-03-17,15:41:07.054000,16141,16142,16142,1
2021-03-17,15:41:07.139000,16141,16142,16141,1
2021-03-17,15:41:07.329000,16141,16142,16142,1
2021-03-17,15:41:08.329000,16141,16142,16142,1
2021-03-17,15:41:09.031000,16141,16142,16141,1
2021-03-17,15:41:09.329000,16141,16142,16142,1
2021-03-17,15:41:16.281000,16141,16142,16142,1
2021-03-17,15:41:16.766000,16141,16142,16142,1
2021-03-17,15:41:17.398000,16141,16142,16142,1
2021-03-17,15:41:17.515000,16141,16142,16141,1
2021-03-17,15:41:17.515000,16141,16142,16141,1
2021-03-17,15:41:17.764000,16141,16142,16142,1
2021-03-17,15:41:18.764000,16141,16142,16142,1
2021-03-17,15:41:27.079000,16141,16142,16142,2
2021-03-17,15:41:29.311000,16141,16142,16142,1
2021-03-17,15:41:34.458000,16141,16142,16141,7
2021-03-17,15:41:34.501000,16141,16142,16142,2
2021-03-17,15:41:37.527000,16141,16142,16142,4
2021-03-17,15:41:42.179000,16141,16142,16141,1
2021-03-17,15:41:42.221000,16141,16142,16142,2
2021-03-17,15:41:42.265000,16141,16142,16141,1
2021-03-17,15:41:52.967000,16141,16142,16142,3
2021-03-17,15:41:54.191000,16141,16142,16141,1
2021-03-17,15:41:54.772000,16141,16142,16142,1
2021-03-17,15:41:59.813000,16141,16142,16142,2
2021-03-17,15:42:01.035000,16141,16142,16142,2
2021-03-17,15:42:02.020000,16141,16142,16142,2
2021-03-17,15:42:02.889000,16141,16142,16142,3
2021-03-17,15:42:07.233000,16141,16142,16142,1
2021-03-17,15:42:10.929000,16141,16142,16142,1
2021-03-17,15:42:12.692000,16141,16142,16142,4
2021-03-17,15:42:12.693000,16141,16142,16142,1
2021-03-17,15:42:12.693000,16141,16142,16142,1
2021-03-17,15:42:19.380000,16141,16143,16141,1
2021-03-17,15:42:21.987000,16141,16143,16143,3
2021-03-17,15:42:31.183000,16141,16143,16143,3
2021-03-17,15:42:33.325000,16141,16143,16143,1
2021-03-17,15:42:35.561000,16141,16143,16143,3
2021-03-17,15:42:37.251000,16141,16144,16144,1
2021-03-17,15:42:39.973000,16143,16144,16144,4
2021-03-17,15:42:42.366000,16143,16144,16144,1
2021-03-17,15:42:44.817000,16144,16145,16144,1
2021-03-17,15:42:46.552000,16143,16145,16145,5
2021-03-17,15:42:46.681000,16143,16145,16145,1
2021-03-17,15:42:53.627000,16144,16145,16144,2
2021-03-17,15:43:04.638000,16144,16145,16144,2
2021-03-17,15:43:08.831000,16143,16145,16144,1
2021-03-17,15:43:10.377000,16143,16145,16144,1
2021-03-17,15:43:21.487000,16143,16144,16143,13
2021-03-17,15:43:21.807000,16142,16144,16144,1
2021-03-17,15:43:29.564000,16142,16143,16143,1
2021-03-17,15:43:38.858000,16142,16144,16144,5
2021-03-17,15:43:41.088000,16142,16144,16144,1
2021-03-17,15:43:46.565000,16142,16143,16143,2
2021-03-17,15:43:46.565000,16142,16143,16143,1
2021-03-17,15:43:57.744000,16143,16144,16143,1
2021-03-17,15:43:58.892000,16143,16144,16144,1
2021-03-17,15:44:05.207000,16143,16144,16143,1
2021-03-17,15:44:05.207000,16143,16144,16143,1
2021-03-17,15:44:05.207000,16143,16144,16143,2
2021-03-17,15:44:05.552000,16142,16143,16142,2
2021-03-17,15:44:05.704000,16142,16143,16142,1
2021-03-17,15:44:05.715000,16142,16143,16142,2
2021-03-17,15:44:05.716000,16142,16143,16142,1
2021-03-17,15:44:05.717000,16142,16143,16142,1
2021-03-17,15:44:05.717000,16142,16143,16142,1
2021-03-17,15:44:05.718000,16142,16143,16142,2
2021-03-17,15:44:05.719000,16142,16143,16142,2
2021-03-17,15:44:05.758000,16142,16143,16141,2
2021-03-17,15:44:05.913000,16141,16143,16143,1
2021-03-17,15:44:06.593000,16141,16143,16143,2
2021-03-17,15:44:08.084000,16141,16143,16143,2
2021-03-17,15:44:09.168000,16141,16144,16142,1
2021-03-17,15:44:11.594000,16141,16143,16143,4
2021-03-17,15:44:11.634000,16141,16143,16143,2
2021-03-17,15:44:18.013000,16142,16143,16143,1
2021-03-17,15:44:19.637000,16142,16143,16143,1
2021-03-17,15:44:19.637000,16142,16143,16143,1
2021-03-17,15:44:22.332000,16142,16144,16142,1
2021-03-17,15:44:35.680000,16142,16143,16143,2
2021-03-17,15:44:35.723000,16142,16143,16143,4
2021-03-17,15:44:40.395000,16142,16143,16142,1
2021-03-17,15:44:41.009000,16142,16143,16142,1
2021-03-17,15:44:45.315000,16142,16143,16143,2
2021-03-17,15:44:53.607000,16142,16143,16142,1
2021-03-17,15:44:55.730000,16142,16143,16143,2
2021-03-17,15:44:58.625000,16142,16143,16142,3
2021-03-17,15:45:10.049000,16142,16143,16142,6
2021-03-17,15:45:10.050000,16142,16143,16142,1
2021-03-17,15:45:10.473000,16142,16143,16142,3
2021-03-17,15:45:10.639000,16141,16142,16142,1
2021-03-17,15:45:12.221000,16141,16142,16141,6
2021-03-17,15:45:24.821000,16141,16142,16141,6
2021-03-17,15:45:26.649000,16141,16142,16141,1
2021-03-17,15:45:27.631000,16141,16142,16141,1
2021-03-17,15:45:28.710000,16141,16142,16141,6
2021-03-17,15:45:28.711000,16141,16142,16141,1
2021-03-17,15:45:28.711000,16141,16142,16141,1
2021-03-17,15:45:28.711000,16141,16142,16141,2
2021-03-17,15:45:34.197000,16140,16141,16140,1
2021-03-17,15:45:35.595000,16140,16141,16141,1
2021-03-17,15:45:37.870000,16140,16141,16140,6
2021-03-17,15:46:03.398000,16140,16141,16141,3
2021-03-17,15:46:04.266000,16140,16141,16140,1
2021-03-17,15:46:04.904000,16140,16141,16141,3
2021-03-17,15:46:07.657000,16141,16142,16141,1
2021-03-17,15:46:10.705000,16141,16142,16141,1
2021-03-17,15:46:11.919000,16140,16141,16140,1
2021-03-17,15:46:12.293000,16140,16141,16140,1
2021-03-17,15:46:12.718000,16140,16141,16140,1
2021-03-17,15:46:12.718000,16140,16141,16140,10
2021-03-17,15:46:12.719000,16140,16141,16140,2
2021-03-17,15:46:12.720000,16140,16141,16140,1
2021-03-17,15:46:20.850000,16140,16141,16140,1
2021-03-17,15:46:24.870000,16140,16141,16141,1
2021-03-17,15:46:24.871000,16140,16141,16141,3
2021-03-17,15:46:24.871000,16140,16141,16141,2
2021-03-17,15:46:24.871000,16140,16141,16141,6
2021-03-17,15:46:33.645000,16141,16142,16141,5
2021-03-17,15:46:34.162000,16141,16142,16141,1
2021-03-17,15:46:44.318000,16141,16142,16142,9
2021-03-17,15:46:47.293000,16141,16143,16142,1
2021-03-17,15:46:58.392000,16142,16143,16142,1
2021-03-17,15:46:59.263000,16142,16143,16143,4
2021-03-17,15:47:01.476000,16142,16143,16143,1
2021-03-17,15:47:04.148000,16142,16143,16142,2
2021-03-17,15:47:04.596000,16142,16143,16143,1
2021-03-17,15:47:06.950000,16142,16143,16143,1
2021-03-17,15:47:12.946000,16142,16143,16142,2
2021-03-17,15:47:15.443000,16142,16143,16143,1
2021-03-17,15:47:15.515000,16142,16143,16143,4
2021-03-17,15:47:18.573000,16143,16144,16144,1
2021-03-17,15:47:19.311000,16143,16144,16144,1
2021-03-17,15:47:25.418000,16143,16144,16144,1
2021-03-17,15:47:39.434000,16143,16144,16143,1
2021-03-17,15:47:50.228000,16143,16144,16144,1
2021-03-17,15:48:01.052000,16143,16144,16144,4
2021-03-17,15:48:01.052000,16143,16144,16144,3
2021-03-17,15:48:01.335000,16143,16145,16145,1
2021-03-17,15:48:04.239000,16144,16145,16144,2
2021-03-17,15:48:09.350000,16144,16145,16145,9
2021-03-17,15:48:09.351000,16144,16145,16145,1
2021-03-17,15:48:09.351000,16144,16145,16145,1
2021-03-17,15:48:09.351000,16144,16145,16145,1
2021-03-17,15:48:09.351000,16144,16145,16145,1
2021-03-17,15:48:10.452000,16144,16145,16145,1
2021-03-17,15:48:10.452000,16144,16145,16145,1
2021-03-17,15:48:15.925000,16144,16145,16145,1
2021-03-17,15:48:15.925000,16144,16145,16145,1
2021-03-17,15:48:16.542000,16144,16145,16145,1
2021-03-17,15:48:16.543000,16144,16145,16145,2
2021-03-17,15:48:19.169000,16145,16146,16146,3
2021-03-17,15:48:25.408000,16145,16146,16146,5
2021-03-17,15:48:27.036000,16146,16147,16147,2
2021-03-17,15:48:27.036000,16146,16147,16147,1
2021-03-17,15:48:29.672000,16146,16147,16146,1
2021-03-17,15:48:32.575000,16145,16146,16146,1
2021-03-17,15:48:39.731000,16145,16146,16146,1
2021-03-17,15:48:41.388000,16146,16147,16146,1
2021-03-17,15:48:41.454000,16146,16147,16145,1
2021-03-17,15:48:43.264000,16145,16146,16145,1
2021-03-17,15:48:43.264000,16145,16146,16145,1
2021-03-17,15:48:43.265000,16145,16146,16145,2
2021-03-17,15:48:59.367000,16145,16146,16145,1
2021-03-17,15:49:05.693000,16145,16146,16146,1
2021-03-17,15:49:15.759000,16145,16146,16146,1
2021-03-17,15:49:18.283000,16145,16146,16146,1
2021-03-17,15:49:21.654000,16145,16146,16146,1
2021-03-17,15:49:24.872000,16145,16146,16146,1
2021-03-17,15:49:27.517000,16145,16146,16146,1
2021-03-17,15:49:30.109000,16145,16146,16146,1
2021-03-17,15:49:33.449000,16145,16146,16146,2
2021-03-17,15:49:39.081000,16145,16146,16145,7
2021-03-17,15:49:46.329000,16144,16145,16145,1
2021-03-17,15:49:46.388000,16145,16146,16145,3
2021-03-17,15:49:46.513000,16145,16146,16145,1
2021-03-17,15:49:52.087000,16144,16145,16145,2
2021-03-17,15:49:52.138000,16145,16146,16145,2
2021-03-17,15:49:59.330000,16144,16145,16144,15
2021-03-17,15:49:59.330000,16144,16145,16144,5
2021-03-17,15:50:01.664000,16143,16144,16144,1
2021-03-17,15:50:01.664000,16143,16144,16145,1
2021-03-17,15:50:02.263000,16145,16146,16145,3
2021-03-17,15:50:02.264000,16145,16146,16145,1
2021-03-17,15:50:41.827000,16144,16145,16144,1
2021-03-17,15:50:41.827000,16144,16145,16144,4
2021-03-17,15:50:43.100000,16143,16145,16145,1
2021-03-17,15:50:55.046000,16143,16144,16144,1
2021-03-17,15:51:01.052000,16143,16145,16143,1
2021-03-17,15:51:03.403000,16143,16145,16143,1
2021-03-17,15:51:09.392000,16143,16145,16143,1
2021-03-17,15:51:09.393000,16143,16145,16143,1
2021-03-17,15:51:09.393000,16143,16145,16143,1
2021-03-17,15:51:09.393000,16143,16145,16143,1
2021-03-17,15:51:09.394000,16143,16145,16143,3
2021-03-17,15:51:19.880000,16142,16143,16143,4
2021-03-17,15:51:28.975000,16142,16143,16142,1
2021-03-17,15:51:34.882000,16142,16143,16143,1
2021-03-17,15:51:35.565000,16142,16143,16142,1
2021-03-17,15:51:36.884000,16142,16143,16143,1
2021-03-17,15:51:41.527000,16142,16143,16142,2
2021-03-17,15:51:42.181000,16142,16143,16142,2
2021-03-17,15:51:46.715000,16142,16143,16142,1
2021-03-17,15:51:47.268000,16142,16143,16142,1
2021-03-17,15:51:52.761000,16142,16143,16142,1
2021-03-17,15:51:53.525000,16142,16143,16142,1
2021-03-17,15:51:54.783000,16142,16143,16142,1
2021-03-17,15:52:03.357000,16142,16143,16143,1
2021-03-17,15:52:17.806000,16142,16143,16142,1
2021-03-17,15:52:27.162000,16142,16143,16142,1
2021-03-17,15:52:28.108000,16142,16143,16142,1
2021-03-17,15:52:42.768000,16142,16143,16143,6
2021-03-17,15:52:44.005000,16143,16144,16144,3
2021-03-17,15:52:46.043000,16143,16145,16145,6
2021-03-17,15:52:52.243000,16143,16145,16144,1
2021-03-17,15:53:03.339000,16144,16145,16144,1
2021-03-17,15:53:26.631000,16143,16144,16143,1
2021-03-17,15:53:43.644000,16143,16145,16143,2
2021-03-17,15:53:45.168000,16143,16145,16145,2
2021-03-17,15:53:52.819000,16143,16145,16145,1
2021-03-17,15:53:59.670000,16143,16145,16145,2
2021-03-17,15:54:10.091000,16143,16144,16143,4
2021-03-17,15:54:10.091000,16143,16144,16143,1
2021-03-17,15:54:10.091000,16143,16144,16143,1
2021-03-17,15:54:16.102000,16143,16144,16143,2
2021-03-17,15:54:16.103000,16143,16144,16143,5
2021-03-17,15:54:16.143000,16142,16143,16143,1
2021-03-17,15:54:16.922000,16142,16144,16142,2
2021-03-17,15:54:23.397000,16142,16143,16142,1
2021-03-17,15:54:25.144000,16142,16143,16142,2
2021-03-17,15:54:27.322000,16142,16143,16142,1
2021-03-17,15:54:29.444000,16142,16143,16142,1
2021-03-17,15:54:30.514000,16142,16143,16142,2
2021-03-17,15:54:31.131000,16142,16143,16142,2
2021-03-17,15:54:55.154000,16142,16143,16142,1
2021-03-17,15:55:02.372000,16142,16143,16142,1
2021-03-17,15:55:27.359000,16142,16143,16142,7
2021-03-17,15:55:27.360000,16142,16143,16142,1
2021-03-17,15:55:35.451000,16142,16143,16142,1
2021-03-17,15:55:36.630000,16142,16143,16143,6
2021-03-17,15:55:46.066000,16142,16144,16142,1
2021-03-17,15:55:56.269000,16143,16144,16143,1
2021-03-17,15:55:57.909000,16143,16144,16143,1
2021-03-17,15:56:03.021000,16143,16144,16144,1
2021-03-17,15:56:03.021000,16143,16144,16144,1
2021-03-17,15:56:03.021000,16143,16144,16144,1
2021-03-17,15:56:03.026000,16143,16144,16144,1
2021-03-17,15:56:03.026000,16143,16144,16144,1
2021-03-17,15:56:03.026000,16143,16144,16144,1
2021-03-17,15:56:03.026000,16143,16144,16144,16
2021-03-17,15:56:04.441000,16143,16145,16143,1
2021-03-17,15:56:06.887000,16143,16145,16143,2
2021-03-17,15:56:39.433000,16144,16145,16144,1
2021-03-17,15:57:04.068000,16144,16145,16145,2
2021-03-17,15:57:15.478000,16144,16145,16144,1
2021-03-17,15:57:26.857000,16144,16145,16145,1
2021-03-17,15:57:31.448000,16144,16145,16144,1
2021-03-17,15:57:43.830000,16144,16145,16145,1
2021-03-17,15:57:43.830000,16144,16145,16145,1
2021-03-17,15:57:43.881000,16144,16145,16145,6
2021-03-17,15:57:43.888000,16144,16146,16146,10
2021-03-17,15:57:57.714000,16145,16146,16146,1
2021-03-17,15:58:02.527000,16145,16146,16146,1
2021-03-17,15:58:02.528000,16145,16146,16146,1
2021-03-17,15:58:09.962000,16146,16147,16147,1
2021-03-17,15:58:13.517000,16146,16147,16147,5
2021-03-17,15:58:13.517000,16146,16147,16147,1
2021-03-17,15:58:17.328000,16146,16147,16147,1
2021-03-17,15:58:17.328000,16146,16147,16147,1
2021-03-17,15:58:20.928000,16146,16147,16147,2
2021-03-17,15:58:22.464000,16146,16147,16146,1
2021-03-17,15:58:23.513000,16146,16147,16146,1
2021-03-17,15:58:23.728000,16145,16147,16147,1
2021-03-17,15:58:30.264000,16146,16147,16147,1
2021-03-17,15:58:33.061000,16146,16147,16147,1
2021-03-17,15:58:36.820000,16146,16147,16147,1
2021-03-17,15:58:38.409000,16146,16148,16146,1
2021-03-17,15:58:40.594000,16146,16147,16147,2
2021-03-17,15:58:41.769000,16146,16147,16147,2
2021-03-17,15:58:41.770000,16146,16147,16147,1
2021-03-17,15:58:45.823000,16146,16147,16146,1
2021-03-17,15:58:46.797000,16146,16147,16146,1
2021-03-17,15:58:46.797000,16146,16147,16146,1
2021-03-17,15:58:46.797000,16146,16147,16146,1
2021-03-17,15:58:46.797000,16146,16147,16146,1
2021-03-17,15:58:46.797000,16146,16147,16146,3
2021-03-17,15:58:47.231000,16145,16146,16146,1
2021-03-17,15:58:47.970000,16145,16146,16146,1
2021-03-17,15:58:59.480000,16145,16146,16146,1
2021-03-17,15:59:08.770000,16145,16146,16146,3
2021-03-17,15:59:23.823000,16145,16146,16146,1
2021-03-17,15:59:37.102000,16145,16146,16145,9
2021-03-17,15:59:38.028000,16144,16145,16145,1
2021-03-17,16:00:00.554000,16144,16145,16144,3
2021-03-17,16:00:00.849000,16144,16145,16144,1
2021-03-17,16:00:00.925000,16144,16145,16144,1
2021-03-17,16:00:00.970000,16144,16145,16144,1
2021-03-17,16:00:00.983000,16144,16145,16144,2
2021-03-17,16:00:00.984000,16144,16145,16143,1
2021-03-17,16:00:01.043000,16143,16145,16143,1
2021-03-17,16:00:01.043000,16143,16145,16143,3
2021-03-17,16:00:01.051000,16143,16145,16143,1
2021-03-17,16:00:01.052000,16143,16145,16142,2
2021-03-17,16:00:01.086000,16143,16145,16142,1
2021-03-17,16:00:01.086000,16143,16145,16142,1
2021-03-17,16:00:01.172000,16142,16144,16142,1
2021-03-17,16:00:01.226000,16142,16144,16144,1
2021-03-17,16:00:01.319000,16142,16144,16142,2
2021-03-17,16:00:01.492000,16142,16144,16142,3
2021-03-17,16:00:01.558000,16142,16144,16142,1
2021-03-17,16:00:01.626000,16142,16144,16142,2
2021-03-17,16:00:01.720000,16141,16144,16141,1
2021-03-17,16:00:01.807000,16141,16144,16142,2
2021-03-17,16:00:01.976000,16142,16144,16144,1
2021-03-17,16:00:02.004000,16142,16144,16145,1
2021-03-17,16:00:14.124000,16143,16144,16143,1
2021-03-17,16:00:18.304000,16142,16144,16142,1
2021-03-17,16:00:18.709000,16142,16143,16143,2
2021-03-17,16:00:20.305000,16142,16143,16142,2
2021-03-17,16:00:29.565000,16142,16143,16142,2
2021-03-17,16:00:35.448000,16141,16142,16142,1
2021-03-17,16:00:35.449000,16141,16142,16142,1
2021-03-17,16:00:36.684000,16141,16143,16141,1
2021-03-17,16:00:38.801000,16141,16143,16143,1
2021-03-17,16:00:47.918000,16142,16143,16142,1
2021-03-17,16:00:47.959000,16142,16143,16142,1
2021-03-17,16:01:00.848000,16141,16142,16142,1
2021-03-17,16:01:02.535000,16141,16142,16142,1
2021-03-17,16:01:08.980000,16142,16143,16142,1
2021-03-17,16:01:11.549000,16142,16143,16142,1
2021-03-17,16:01:13.382000,16142,16143,16143,1
2021-03-17,16:01:13.382000,16142,16143,16143,1
2021-03-17,16:01:13.382000,16142,16143,16143,1
2021-03-17,16:01:13.382000,16142,16143,16143,1
2021-03-17,16:01:13.382000,16142,16143,16143,1
2021-03-17,16:01:14.856000,16142,16144,16142,1
2021-03-17,16:01:17.999000,16143,16144,16144,2
2021-03-17,16:01:31.886000,16144,16145,16144,1
2021-03-17,16:01:32.620000,16143,16145,16145,2
2021-03-17,16:01:37.873000,16144,16145,16144,3
2021-03-17,16:01:37.873000,16144,16145,16143,1
2021-03-17,16:01:41.606000,16143,16145,16143,4
2021-03-17,16:01:46.054000,16144,16145,16144,1
2021-03-17,16:01:49.208000,16144,16145,16145,5
