2020-06-17,15:00:00.010000,11385,11386,11385,121
2020-06-17,15:00:00.011000,11383,11385,11383,1
2020-06-17,15:00:00.012000,11383,11385,11383,1
2020-06-17,15:00:00.047000,11382,11385,11382,1
2020-06-17,15:00:00.070000,11382,11385,11385,3
2020-06-17,15:00:00.109000,11382,11385,11385,1
2020-06-17,15:00:00.125000,11382,11385,11382,1
2020-06-17,15:00:00.176000,11382,11385,11384,1
2020-06-17,15:00:00.226000,11382,11384,11384,1
2020-06-17,15:00:00.267000,11382,11384,11383,1
2020-06-17,15:00:00.279000,11382,11384,11382,1
2020-06-17,15:00:00.279000,11382,11384,11381,2
2020-06-17,15:00:00.279000,11382,11384,11380,1
2020-06-17,15:00:00.322000,11382,11384,11382,1
2020-06-17,15:00:00.322000,11382,11384,11383,1
2020-06-17,15:00:00.340000,11381,11383,11381,1
2020-06-17,15:00:00.348000,11381,11383,11381,1
2020-06-17,15:00:00.445000,11381,11383,11383,2
2020-06-17,15:00:00.462000,11381,11383,11381,2
2020-06-17,15:00:00.504000,11381,11383,11380,1
2020-06-17,15:00:00.512000,11381,11383,11380,1
2020-06-17,15:00:00.639000,11380,11382,11380,3
2020-06-17,15:00:00.661000,11380,11382,11380,2
2020-06-17,15:00:00.682000,11380,11382,11381,2
2020-06-17,15:00:00.682000,11380,11382,11381,1
2020-06-17,15:00:00.698000,11380,11382,11380,1
2020-06-17,15:00:00.712000,11380,11382,11380,5
2020-06-17,15:00:00.717000,11380,11382,11379,4
2020-06-17,15:00:00.733000,11380,11382,11378,1
2020-06-17,15:00:00.734000,11380,11382,11379,1
2020-06-17,15:00:00.742000,11380,11382,11378,1
2020-06-17,15:00:00.851000,11378,11379,11378,1
2020-06-17,15:00:00.868000,11378,11379,11377,2
2020-06-17,15:00:00.871000,11378,11379,11377,1
2020-06-17,15:00:00.967000,11376,11378,11376,4
2020-06-17,15:00:00.976000,11376,11378,11375,2
2020-06-17,15:00:01.064000,11376,11378,11375,2
2020-06-17,15:00:01.078000,11375,11377,11375,1
2020-06-17,15:00:01.137000,11375,11377,11375,1
2020-06-17,15:00:01.147000,11375,11377,11375,1
2020-06-17,15:00:01.148000,11375,11377,11375,1
2020-06-17,15:00:01.156000,11375,11377,11376,2
2020-06-17,15:00:01.156000,11375,11377,11377,5
2020-06-17,15:00:01.156000,11375,11377,11378,9
2020-06-17,15:00:01.173000,11375,11377,11377,1
2020-06-17,15:00:01.189000,11375,11377,11376,1
2020-06-17,15:00:01.199000,11376,11377,11376,1
2020-06-17,15:00:01.207000,11376,11377,11377,1
2020-06-17,15:00:01.348000,11376,11377,11376,2
2020-06-17,15:00:01.422000,11376,11377,11377,2
2020-06-17,15:00:01.422000,11376,11377,11378,2
2020-06-17,15:00:01.422000,11376,11377,11379,2
2020-06-17,15:00:01.448000,11376,11377,11379,3
2020-06-17,15:00:01.448000,11376,11377,11380,3
2020-06-17,15:00:01.509000,11379,11381,11379,1
2020-06-17,15:00:01.514000,11379,11381,11379,1
2020-06-17,15:00:01.689000,11378,11380,11378,2
2020-06-17,15:00:01.721000,11378,11379,11378,2
2020-06-17,15:00:01.722000,11378,11379,11378,1
2020-06-17,15:00:01.812000,11378,11379,11377,2
2020-06-17,15:00:01.931000,11377,11378,11377,1
2020-06-17,15:00:01.980000,11376,11377,11376,1
2020-06-17,15:00:01.980000,11376,11377,11375,1
2020-06-17,15:00:02.013000,11376,11377,11377,1
2020-06-17,15:00:02.022000,11376,11377,11376,2
2020-06-17,15:00:02.160000,11376,11377,11376,3
2020-06-17,15:00:02.164000,11376,11377,11375,1
2020-06-17,15:00:02.186000,11376,11377,11375,3
2020-06-17,15:00:02.210000,11375,11377,11375,1
2020-06-17,15:00:02.210000,11375,11377,11374,3
2020-06-17,15:00:02.215000,11375,11377,11374,1
2020-06-17,15:00:02.220000,11375,11377,11374,1
2020-06-17,15:00:02.255000,11375,11377,11374,1
2020-06-17,15:00:02.298000,11375,11377,11374,1
2020-06-17,15:00:02.383000,11374,11376,11374,1
2020-06-17,15:00:02.444000,11374,11376,11374,2
2020-06-17,15:00:03.304000,11373,11375,11373,2
2020-06-17,15:00:03.353000,11373,11375,11373,1
2020-06-17,15:00:03.360000,11373,11375,11373,1
2020-06-17,15:00:03.366000,11373,11375,11373,1
2020-06-17,15:00:03.387000,11373,11375,11373,1
2020-06-17,15:00:03.419000,11373,11375,11374,5
2020-06-17,15:00:03.447000,11373,11375,11373,4
2020-06-17,15:00:03.475000,11373,11374,11373,1
2020-06-17,15:00:03.495000,11373,11374,11373,4
2020-06-17,15:00:03.575000,11372,11374,11374,3
2020-06-17,15:00:03.584000,11372,11374,11375,1
2020-06-17,15:00:03.700000,11375,11377,11377,7
2020-06-17,15:00:03.765000,11375,11377,11378,4
2020-06-17,15:00:03.765000,11375,11377,11379,1
2020-06-17,15:00:03.840000,11377,11379,11379,2
2020-06-17,15:00:03.949000,11377,11379,11378,1
2020-06-17,15:00:03.949000,11377,11379,11377,2
2020-06-17,15:00:03.963000,11376,11378,11377,1
2020-06-17,15:00:04,11376,11378,11376,1
2020-06-17,15:00:04.322000,11375,11377,11375,1
2020-06-17,15:00:04.849000,11375,11376,11376,1
2020-06-17,15:00:04.885000,11375,11376,11376,1
2020-06-17,15:00:04.993000,11375,11376,11375,4
2020-06-17,15:00:05.937000,11374,11375,11374,1
2020-06-17,15:00:06.102000,11374,11375,11375,1
2020-06-17,15:00:06.393000,11374,11375,11375,2
2020-06-17,15:00:06.393000,11374,11375,11376,1
2020-06-17,15:00:06.575000,11375,11376,11376,1
2020-06-17,15:00:06.681000,11375,11376,11377,1
2020-06-17,15:00:06.700000,11376,11377,11377,4
2020-06-17,15:00:08.119000,11375,11376,11376,5
2020-06-17,15:00:08.184000,11375,11376,11375,1
2020-06-17,15:00:08.295000,11375,11376,11375,2
2020-06-17,15:00:08.534000,11374,11375,11374,1
2020-06-17,15:00:08.549000,11374,11375,11375,1
2020-06-17,15:00:08.590000,11374,11375,11374,1
2020-06-17,15:00:08.599000,11374,11375,11375,1
2020-06-17,15:00:08.614000,11374,11375,11375,1
2020-06-17,15:00:08.912000,11374,11375,11375,1
2020-06-17,15:00:09.724000,11374,11375,11375,1
2020-06-17,15:00:09.803000,11374,11375,11375,1
2020-06-17,15:00:10.450000,11376,11378,11378,7
2020-06-17,15:00:11.019000,11376,11378,11376,2
2020-06-17,15:00:11.396000,11375,11378,11375,1
2020-06-17,15:00:11.470000,11375,11378,11375,5
2020-06-17,15:00:11.470000,11375,11378,11374,10
2020-06-17,15:00:11.600000,11374,11375,11374,1
2020-06-17,15:00:11.611000,11374,11375,11375,1
2020-06-17,15:00:11.700000,11374,11375,11375,2
2020-06-17,15:00:11.908000,11374,11376,11374,1
2020-06-17,15:00:12.251000,11375,11376,11375,1
2020-06-17,15:00:12.440000,11374,11375,11374,1
2020-06-17,15:00:12.568000,11373,11375,11373,1
2020-06-17,15:00:12.950000,11374,11375,11375,4
2020-06-17,15:00:13.279000,11374,11376,11376,5
2020-06-17,15:00:14.209000,11375,11376,11375,1
2020-06-17,15:00:14.459000,11374,11375,11376,5
2020-06-17,15:00:14.476000,11374,11375,11377,1
2020-06-17,15:00:14.481000,11374,11375,11375,1
2020-06-17,15:00:14.894000,11375,11376,11375,1
2020-06-17,15:00:15.456000,11374,11376,11374,1
2020-06-17,15:00:15.459000,11374,11376,11374,1
2020-06-17,15:00:15.468000,11374,11376,11374,1
2020-06-17,15:00:15.477000,11374,11376,11374,1
2020-06-17,15:00:15.870000,11374,11376,11375,2
2020-06-17,15:00:15.950000,11374,11375,11374,3
2020-06-17,15:00:17.508000,11374,11376,11374,2
2020-06-17,15:00:18.306000,11374,11375,11374,2
2020-06-17,15:00:18.843000,11373,11374,11374,1
2020-06-17,15:00:19.233000,11373,11375,11373,1
2020-06-17,15:00:19.395000,11373,11375,11373,5
2020-06-17,15:00:19.450000,11373,11374,11373,8
2020-06-17,15:00:19.457000,11373,11374,11372,1
2020-06-17,15:00:19.519000,11373,11374,11372,6
2020-06-17,15:00:19.557000,11373,11374,11371,1
2020-06-17,15:00:19.558000,11373,11374,11371,2
2020-06-17,15:00:19.661000,11371,11372,11371,1
2020-06-17,15:00:19.761000,11370,11372,11370,1
2020-06-17,15:00:19.791000,11370,11372,11370,1
2020-06-17,15:00:19.861000,11370,11372,11370,1
2020-06-17,15:00:19.861000,11370,11372,11370,1
2020-06-17,15:00:20.016000,11370,11371,11371,1
2020-06-17,15:00:20.025000,11370,11371,11371,1
2020-06-17,15:00:20.365000,11371,11373,11373,3
2020-06-17,15:00:20.470000,11372,11373,11373,1
2020-06-17,15:00:20.568000,11372,11373,11372,1
2020-06-17,15:00:20.568000,11372,11373,11371,1
2020-06-17,15:00:21.102000,11371,11373,11371,6
2020-06-17,15:00:21.322000,11370,11372,11372,2
2020-06-17,15:00:21.344000,11370,11372,11370,7
2020-06-17,15:00:21.497000,11370,11371,11370,6
2020-06-17,15:00:21.545000,11370,11371,11370,1
2020-06-17,15:00:21.669000,11369,11371,11370,1
2020-06-17,15:00:21.700000,11369,11370,11369,13
2020-06-17,15:00:22.132000,11368,11370,11368,1
2020-06-17,15:00:22.482000,11368,11370,11370,2
2020-06-17,15:00:23.120000,11368,11370,11370,1
2020-06-17,15:00:23.200000,11370,11371,11371,1
2020-06-17,15:00:23.548000,11370,11372,11370,2
2020-06-17,15:00:23.693000,11369,11372,11369,1
2020-06-17,15:00:23.706000,11369,11371,11369,1
2020-06-17,15:00:23.823000,11369,11371,11369,1
2020-06-17,15:00:23.823000,11369,11371,11369,1
2020-06-17,15:00:24.128000,11369,11371,11369,1
2020-06-17,15:00:24.128000,11369,11371,11368,2
2020-06-17,15:00:24.234000,11368,11370,11368,2
2020-06-17,15:00:24.334000,11368,11370,11368,1
2020-06-17,15:00:24.334000,11368,11370,11368,1
2020-06-17,15:00:24.536000,11367,11369,11367,1
2020-06-17,15:00:24.841000,11367,11369,11367,1
2020-06-17,15:00:24.841000,11367,11369,11367,1
2020-06-17,15:00:24.940000,11367,11369,11367,1
2020-06-17,15:00:24.940000,11367,11369,11367,2
2020-06-17,15:00:25.040000,11367,11369,11367,1
2020-06-17,15:00:25.040000,11367,11369,11368,1
2020-06-17,15:00:26.062000,11367,11369,11367,4
2020-06-17,15:00:26.076000,11366,11368,11366,1
2020-06-17,15:00:28.393000,11367,11368,11368,1
2020-06-17,15:00:28.574000,11367,11369,11367,3
2020-06-17,15:00:28.733000,11367,11369,11367,2
2020-06-17,15:00:28.733000,11367,11369,11366,1
2020-06-17,15:00:29.039000,11367,11369,11367,2
2020-06-17,15:00:29.141000,11367,11368,11367,1
2020-06-17,15:00:29.142000,11367,11368,11367,1
2020-06-17,15:00:29.163000,11367,11368,11366,1
2020-06-17,15:00:29.242000,11366,11368,11367,1
2020-06-17,15:00:29.242000,11366,11368,11366,1
2020-06-17,15:00:29.261000,11366,11368,11366,2
2020-06-17,15:00:29.349000,11366,11367,11366,1
2020-06-17,15:00:29.349000,11366,11367,11366,1
2020-06-17,15:00:29.450000,11366,11367,11366,1
2020-06-17,15:00:29.472000,11366,11367,11366,4
2020-06-17,15:00:29.491000,11366,11367,11366,2
2020-06-17,15:00:29.491000,11366,11367,11366,1
2020-06-17,15:00:29.654000,11366,11367,11366,4
2020-06-17,15:00:29.654000,11366,11367,11366,7
2020-06-17,15:00:29.655000,11366,11367,11366,2
2020-06-17,15:00:29.755000,11365,11367,11365,2
2020-06-17,15:00:29.756000,11365,11367,11365,2
2020-06-17,15:00:29.810000,11365,11367,11365,2
2020-06-17,15:00:29.810000,11365,11367,11365,3
2020-06-17,15:00:29.865000,11363,11365,11364,2
2020-06-17,15:00:29.962000,11364,11365,11365,1
2020-06-17,15:00:29.962000,11364,11365,11364,2
2020-06-17,15:00:30.163000,11363,11365,11363,4
2020-06-17,15:00:30.164000,11363,11365,11363,1
2020-06-17,15:00:30.164000,11363,11365,11362,1
2020-06-17,15:00:30.272000,11362,11364,11363,2
2020-06-17,15:00:30.325000,11363,11364,11364,1
2020-06-17,15:00:30.371000,11363,11364,11363,2
2020-06-17,15:00:30.472000,11363,11364,11363,2
2020-06-17,15:00:30.693000,11362,11364,11362,2
2020-06-17,15:00:30.693000,11362,11364,11362,6
2020-06-17,15:00:30.693000,11362,11364,11361,10
2020-06-17,15:00:30.693000,11362,11364,11360,2
2020-06-17,15:00:31.006000,11361,11363,11363,1
2020-06-17,15:00:31.139000,11361,11363,11363,1
2020-06-17,15:00:31.200000,11362,11364,11364,7
2020-06-17,15:00:31.310000,11362,11364,11363,1
2020-06-17,15:00:31.325000,11362,11364,11364,5
2020-06-17,15:00:31.392000,11362,11364,11363,2
2020-06-17,15:00:31.413000,11362,11364,11362,1
2020-06-17,15:00:31.431000,11362,11364,11362,1
2020-06-17,15:00:31.467000,11362,11364,11362,2
2020-06-17,15:00:31.589000,11362,11364,11362,2
2020-06-17,15:00:31.761000,11362,11364,11362,2
2020-06-17,15:00:31.823000,11362,11364,11362,1
2020-06-17,15:00:31.937000,11362,11364,11362,1
2020-06-17,15:00:32.200000,11363,11364,11364,1
2020-06-17,15:00:32.223000,11363,11364,11363,5
2020-06-17,15:00:32.545000,11363,11364,11364,1
2020-06-17,15:00:32.594000,11363,11365,11365,1
2020-06-17,15:00:32.621000,11363,11365,11365,4
2020-06-17,15:00:32.792000,11364,11366,11366,1
2020-06-17,15:00:32.825000,11365,11366,11366,4
2020-06-17,15:00:32.852000,11365,11366,11367,1
2020-06-17,15:00:32.950000,11366,11367,11367,3
2020-06-17,15:00:33.075000,11366,11368,11368,1
2020-06-17,15:00:35.040000,11368,11369,11368,1
2020-06-17,15:00:35.535000,11368,11369,11368,5
2020-06-17,15:00:36.575000,11368,11369,11369,1
2020-06-17,15:00:37.316000,11367,11369,11369,2
2020-06-17,15:00:37.626000,11367,11369,11367,3
2020-06-17,15:00:38.367000,11367,11369,11369,1
2020-06-17,15:00:38.450000,11368,11369,11369,3
2020-06-17,15:00:38.691000,11368,11370,11368,3
2020-06-17,15:00:39.143000,11367,11369,11367,5
2020-06-17,15:00:39.143000,11367,11369,11366,9
2020-06-17,15:00:39.143000,11367,11369,11365,9
2020-06-17,15:00:39.143000,11367,11369,11364,12
2020-06-17,15:00:39.143000,11367,11369,11363,4
2020-06-17,15:00:39.143000,11367,11369,11362,15
2020-06-17,15:00:39.143000,11367,11369,11361,6
2020-06-17,15:00:39.284000,11362,11364,11364,1
2020-06-17,15:00:39.411000,11362,11364,11364,6
2020-06-17,15:00:39.450000,11364,11365,11365,2
2020-06-17,15:00:39.761000,11363,11365,11365,1
2020-06-17,15:00:39.796000,11363,11365,11365,1
2020-06-17,15:00:40.014000,11363,11365,11365,2
2020-06-17,15:00:40.980000,11364,11365,11365,1
2020-06-17,15:00:41.479000,11364,11365,11365,4
2020-06-17,15:00:41.504000,11364,11365,11366,1
2020-06-17,15:00:42.142000,11366,11367,11367,1
2020-06-17,15:00:42.555000,11366,11367,11367,1
2020-06-17,15:00:42.555000,11366,11367,11367,1
2020-06-17,15:00:43.483000,11366,11367,11366,1
2020-06-17,15:00:44.008000,11366,11367,11366,1
2020-06-17,15:00:45.007000,11365,11366,11366,1
2020-06-17,15:00:45.787000,11365,11366,11366,1
2020-06-17,15:00:49.271000,11366,11367,11367,1
2020-06-17,15:00:49.880000,11366,11367,11367,1
2020-06-17,15:00:51.238000,11366,11368,11366,1
2020-06-17,15:00:51.408000,11366,11367,11366,2
2020-06-17,15:00:51.599000,11366,11367,11366,1
2020-06-17,15:00:52.114000,11366,11367,11367,3
2020-06-17,15:00:52.843000,11366,11367,11367,1
2020-06-17,15:00:53.462000,11366,11368,11368,5
2020-06-17,15:00:53.463000,11366,11368,11367,1
2020-06-17,15:00:53.469000,11366,11368,11367,1
2020-06-17,15:00:53.774000,11367,11368,11367,1
2020-06-17,15:00:54.245000,11367,11368,11367,1
2020-06-17,15:00:54.245000,11367,11368,11367,1
2020-06-17,15:00:57.003000,11367,11368,11367,1
2020-06-17,15:00:58.279000,11367,11368,11367,2
2020-06-17,15:00:59.094000,11367,11368,11368,3
2020-06-17,15:00:59.094000,11367,11368,11368,1
2020-06-17,15:00:59.095000,11367,11368,11368,17
2020-06-17,15:00:59.670000,11368,11369,11368,4
2020-06-17,15:00:59.750000,11367,11369,11369,11
2020-06-17,15:00:59.750000,11367,11369,11370,2
2020-06-17,15:00:59.987000,11368,11369,11368,1
2020-06-17,15:01:00.114000,11368,11369,11369,1
2020-06-17,15:01:00.217000,11368,11370,11369,1
2020-06-17,15:01:00.687000,11369,11370,11369,2
2020-06-17,15:01:00.819000,11369,11370,11369,1
2020-06-17,15:01:00.889000,11368,11370,11368,1
2020-06-17,15:01:00.944000,11368,11370,11368,1
2020-06-17,15:01:00.982000,11368,11369,11368,1
2020-06-17,15:01:01.107000,11368,11369,11368,1
2020-06-17,15:01:01.386000,11367,11369,11368,1
2020-06-17,15:01:01.569000,11368,11369,11369,4
2020-06-17,15:01:01.615000,11369,11370,11370,1
2020-06-17,15:01:02.270000,11369,11370,11370,2
2020-06-17,15:01:02.460000,11369,11370,11370,2
2020-06-17,15:01:02.661000,11369,11371,11369,2
2020-06-17,15:01:03.110000,11369,11371,11371,1
2020-06-17,15:01:03.305000,11369,11371,11370,1
2020-06-17,15:01:03.943000,11370,11371,11371,1
2020-06-17,15:01:04.567000,11370,11371,11371,2
2020-06-17,15:01:05.040000,11370,11371,11370,2
2020-06-17,15:01:05.370000,11370,11371,11371,1
2020-06-17,15:01:05.405000,11370,11371,11372,1
2020-06-17,15:01:06.409000,11370,11372,11372,7
2020-06-17,15:01:06.413000,11370,11372,11372,1
2020-06-17,15:01:06.762000,11371,11372,11372,2
2020-06-17,15:01:06.824000,11371,11372,11372,1
2020-06-17,15:01:07.137000,11371,11372,11372,1
2020-06-17,15:01:07.414000,11371,11372,11372,1
2020-06-17,15:01:07.678000,11371,11372,11372,1
2020-06-17,15:01:08.923000,11372,11373,11372,3
2020-06-17,15:01:08.923000,11372,11373,11372,1
2020-06-17,15:01:08.951000,11371,11373,11373,1
2020-06-17,15:01:08.955000,11371,11373,11373,1
2020-06-17,15:01:09.416000,11372,11373,11373,1
2020-06-17,15:01:09.418000,11372,11373,11373,1
2020-06-17,15:01:10.166000,11372,11373,11373,3
2020-06-17,15:01:10.403000,11372,11374,11372,1
2020-06-17,15:01:10.661000,11372,11373,11373,1
2020-06-17,15:01:10.959000,11372,11374,11374,1
2020-06-17,15:01:11.026000,11372,11374,11374,1
2020-06-17,15:01:11.816000,11373,11374,11373,1
2020-06-17,15:01:11.816000,11373,11374,11373,1
2020-06-17,15:01:11.963000,11372,11373,11373,1
2020-06-17,15:01:12.113000,11372,11374,11373,1
2020-06-17,15:01:12.459000,11372,11373,11373,1
2020-06-17,15:01:12.459000,11372,11373,11374,4
2020-06-17,15:01:13.747000,11372,11374,11374,2
2020-06-17,15:01:15.226000,11372,11373,11373,1
2020-06-17,15:01:15.390000,11372,11373,11373,1
2020-06-17,15:01:15.479000,11372,11373,11373,1
2020-06-17,15:01:16.316000,11372,11373,11373,1
2020-06-17,15:01:16.353000,11372,11373,11373,1
2020-06-17,15:01:16.949000,11371,11373,11373,1
2020-06-17,15:01:17.275000,11371,11372,11372,1
2020-06-17,15:01:17.305000,11371,11372,11372,1
2020-06-17,15:01:18.118000,11372,11373,11373,1
2020-06-17,15:01:18.421000,11372,11373,11373,2
2020-06-17,15:01:18.940000,11372,11373,11373,1
2020-06-17,15:01:19.280000,11372,11373,11372,1
2020-06-17,15:01:19.405000,11372,11373,11373,1
2020-06-17,15:01:20.076000,11372,11374,11374,1
2020-06-17,15:01:20.182000,11372,11374,11374,1
2020-06-17,15:01:20.301000,11373,11374,11374,2
2020-06-17,15:01:20.301000,11373,11374,11375,3
2020-06-17,15:01:21.357000,11374,11375,11375,10
2020-06-17,15:01:21.483000,11375,11376,11375,2
2020-06-17,15:01:22.199000,11375,11376,11375,1
2020-06-17,15:01:23.227000,11375,11376,11375,1
2020-06-17,15:01:23.258000,11375,11376,11375,1
2020-06-17,15:01:23.956000,11375,11376,11376,1
2020-06-17,15:01:23.959000,11375,11376,11376,2
2020-06-17,15:01:24.577000,11375,11376,11376,1
2020-06-17,15:01:24.692000,11375,11376,11376,2
2020-06-17,15:01:25.035000,11375,11376,11376,1
2020-06-17,15:01:25.656000,11376,11377,11376,4
2020-06-17,15:01:25.656000,11376,11377,11375,7
2020-06-17,15:01:25.717000,11375,11376,11376,1
2020-06-17,15:01:25.804000,11375,11376,11376,1
2020-06-17,15:01:30.315000,11376,11377,11376,1
2020-06-17,15:01:30.331000,11376,11377,11376,2
2020-06-17,15:01:30.349000,11376,11377,11377,1
2020-06-17,15:01:30.945000,11376,11377,11376,2
2020-06-17,15:01:30.955000,11376,11377,11376,1
2020-06-17,15:01:31.052000,11376,11377,11376,4
2020-06-17,15:01:31.052000,11376,11377,11375,4
2020-06-17,15:01:32.365000,11376,11377,11377,1
2020-06-17,15:01:32.569000,11376,11377,11376,2
2020-06-17,15:01:34.357000,11376,11377,11376,2
2020-06-17,15:01:34.975000,11375,11376,11376,1
2020-06-17,15:01:35.117000,11375,11377,11377,1
2020-06-17,15:01:35.435000,11375,11377,11377,1
2020-06-17,15:01:35.471000,11375,11377,11377,5
2020-06-17,15:01:35.959000,11376,11377,11377,3
2020-06-17,15:01:37.977000,11377,11378,11378,1
2020-06-17,15:01:38.813000,11377,11378,11378,1
2020-06-17,15:01:39.146000,11377,11378,11378,5
2020-06-17,15:01:42.448000,11377,11378,11378,7
2020-06-17,15:01:42.450000,11377,11378,11378,9
2020-06-17,15:01:42.968000,11378,11379,11378,5
2020-06-17,15:01:42.995000,11378,11379,11377,7
2020-06-17,15:01:43.650000,11377,11379,11379,1
2020-06-17,15:01:43.981000,11377,11379,11379,1
2020-06-17,15:01:44.044000,11377,11379,11377,1
2020-06-17,15:01:44.515000,11377,11379,11378,2
2020-06-17,15:01:45.557000,11378,11379,11378,1
2020-06-17,15:01:46.189000,11377,11379,11379,3
2020-06-17,15:01:47.840000,11379,11380,11380,19
2020-06-17,15:01:49.277000,11380,11381,11381,1
2020-06-17,15:01:49.376000,11380,11381,11381,1
2020-06-17,15:01:49.596000,11380,11381,11380,1
2020-06-17,15:01:51.145000,11380,11381,11380,2
2020-06-17,15:01:51.145000,11380,11381,11380,1
2020-06-17,15:01:51.258000,11379,11381,11381,5
2020-06-17,15:01:51.259000,11379,11381,11381,1
2020-06-17,15:01:51.600000,11380,11381,11380,1
2020-06-17,15:01:52.696000,11380,11381,11380,1
2020-06-17,15:01:53.103000,11380,11381,11381,1
2020-06-17,15:01:53.199000,11380,11381,11380,2
2020-06-17,15:01:53.275000,11380,11381,11381,1
2020-06-17,15:01:55.015000,11380,11382,11381,1
2020-06-17,15:01:55.494000,11380,11382,11380,1
2020-06-17,15:01:55.827000,11380,11381,11381,1
2020-06-17,15:01:56.758000,11380,11381,11381,1
2020-06-17,15:01:56.759000,11380,11381,11381,1
2020-06-17,15:01:58.242000,11381,11382,11381,1
2020-06-17,15:01:59.152000,11381,11382,11382,4
2020-06-17,15:01:59.152000,11381,11382,11382,5
2020-06-17,15:01:59.164000,11381,11382,11382,1
2020-06-17,15:02:00.007000,11382,11383,11382,1
2020-06-17,15:02:00.812000,11382,11383,11383,18
2020-06-17,15:02:00.813000,11382,11383,11383,3
2020-06-17,15:02:00.813000,11382,11383,11383,2
2020-06-17,15:02:01.703000,11383,11384,11384,2
2020-06-17,15:02:01.703000,11383,11384,11384,2
2020-06-17,15:02:01.704000,11383,11384,11384,1
2020-06-17,15:02:01.704000,11383,11384,11384,5
2020-06-17,15:02:01.760000,11383,11384,11385,10
2020-06-17,15:02:01.839000,11384,11386,11384,1
2020-06-17,15:02:01.923000,11384,11386,11386,3
2020-06-17,15:02:02.164000,11384,11385,11385,2
2020-06-17,15:02:02.171000,11384,11385,11385,3
2020-06-17,15:02:02.312000,11384,11385,11385,1
2020-06-17,15:02:02.399000,11384,11385,11385,1
2020-06-17,15:02:02.469000,11384,11385,11386,2
2020-06-17,15:02:02.537000,11384,11385,11386,5
2020-06-17,15:02:02.650000,11385,11387,11387,1
2020-06-17,15:02:02.660000,11385,11387,11385,1
2020-06-17,15:02:04.036000,11384,11386,11384,1
2020-06-17,15:02:05.136000,11385,11386,11385,1
2020-06-17,15:02:05.751000,11385,11386,11385,1
2020-06-17,15:02:05.991000,11384,11386,11386,1
2020-06-17,15:02:06.571000,11384,11386,11386,1
2020-06-17,15:02:07.123000,11385,11386,11386,1
2020-06-17,15:02:07.436000,11385,11386,11385,1
2020-06-17,15:02:07.704000,11385,11386,11385,4
2020-06-17,15:02:08.110000,11385,11386,11385,2
2020-06-17,15:02:08.281000,11385,11386,11386,1
2020-06-17,15:02:08.499000,11385,11386,11386,4
2020-06-17,15:02:09.063000,11386,11387,11387,1
2020-06-17,15:02:09.511000,11386,11387,11386,2
2020-06-17,15:02:11.371000,11386,11387,11387,1
2020-06-17,15:02:11.720000,11386,11387,11387,1
2020-06-17,15:02:11.722000,11386,11387,11387,1
2020-06-17,15:02:11.892000,11386,11387,11387,4
2020-06-17,15:02:11.892000,11386,11387,11387,4
2020-06-17,15:02:12.177000,11386,11388,11386,2
2020-06-17,15:02:13.222000,11387,11388,11387,1
2020-06-17,15:02:13.701000,11387,11388,11387,1
2020-06-17,15:02:13.733000,11387,11388,11387,1
2020-06-17,15:02:13.835000,11386,11387,11387,1
2020-06-17,15:02:14.203000,11386,11387,11386,2
2020-06-17,15:02:14.847000,11386,11387,11387,1
2020-06-17,15:02:14.897000,11386,11387,11386,1
2020-06-17,15:02:14.897000,11386,11387,11386,8
2020-06-17,15:02:14.897000,11386,11387,11386,4
2020-06-17,15:02:14.897000,11386,11387,11386,1
2020-06-17,15:02:14.897000,11386,11387,11386,2
2020-06-17,15:02:14.898000,11386,11387,11386,3
2020-06-17,15:02:14.898000,11386,11387,11386,1
2020-06-17,15:02:14.898000,11386,11387,11386,1
2020-06-17,15:02:14.898000,11386,11387,11386,1
2020-06-17,15:02:14.898000,11386,11387,11386,1
2020-06-17,15:02:15.083000,11385,11386,11386,1
2020-06-17,15:02:15.091000,11385,11386,11386,1
2020-06-17,15:02:15.322000,11386,11387,11386,1
2020-06-17,15:02:15.662000,11385,11387,11387,1
2020-06-17,15:02:15.845000,11386,11387,11387,1
2020-06-17,15:02:15.990000,11386,11387,11387,1
2020-06-17,15:02:16.203000,11386,11387,11387,1
2020-06-17,15:02:16.308000,11386,11387,11387,1
2020-06-17,15:02:16.468000,11386,11387,11387,2
2020-06-17,15:02:16.543000,11386,11387,11387,1
2020-06-17,15:02:16.727000,11386,11388,11386,1
2020-06-17,15:02:17.487000,11386,11387,11387,1
2020-06-17,15:02:18.606000,11386,11388,11386,1
2020-06-17,15:02:18.996000,11387,11388,11388,1
2020-06-17,15:02:19.157000,11387,11388,11388,1
2020-06-17,15:02:19.244000,11387,11388,11387,1
2020-06-17,15:02:19.358000,11386,11387,11387,1
2020-06-17,15:02:19.925000,11386,11387,11387,1
2020-06-17,15:02:19.925000,11386,11387,11388,9
2020-06-17,15:02:20.142000,11387,11388,11388,1
2020-06-17,15:02:20.172000,11387,11388,11388,4
2020-06-17,15:02:20.172000,11387,11388,11388,4
2020-06-17,15:02:20.173000,11387,11388,11388,18
2020-06-17,15:02:20.173000,11387,11388,11388,2
2020-06-17,15:02:20.173000,11387,11388,11388,1
2020-06-17,15:02:20.173000,11387,11388,11388,1
2020-06-17,15:02:20.173000,11387,11388,11388,2
2020-06-17,15:02:20.173000,11387,11388,11388,1
2020-06-17,15:02:20.173000,11387,11388,11388,2
2020-06-17,15:02:20.173000,11387,11388,11388,2
2020-06-17,15:02:20.201000,11387,11388,11388,2
2020-06-17,15:02:20.280000,11387,11388,11387,1
2020-06-17,15:02:20.312000,11387,11388,11387,1
2020-06-17,15:02:20.657000,11387,11388,11388,4
2020-06-17,15:02:21.135000,11387,11388,11388,1
2020-06-17,15:02:21.400000,11387,11389,11388,1
2020-06-17,15:02:22.440000,11387,11388,11388,1
2020-06-17,15:02:22.500000,11388,11389,11389,1
2020-06-17,15:02:22.603000,11388,11389,11389,1
2020-06-17,15:02:22.783000,11388,11389,11389,1
2020-06-17,15:02:22.972000,11388,11389,11389,5
2020-06-17,15:02:23.017000,11388,11389,11389,2
2020-06-17,15:02:23.466000,11388,11389,11389,1
2020-06-17,15:02:23.539000,11388,11389,11388,5
2020-06-17,15:02:23.753000,11388,11389,11388,1
2020-06-17,15:02:24.065000,11388,11389,11389,1
2020-06-17,15:02:24.487000,11388,11389,11389,1
2020-06-17,15:02:24.570000,11388,11389,11389,1
2020-06-17,15:02:24.809000,11388,11389,11389,3
2020-06-17,15:02:24.809000,11388,11389,11390,2
2020-06-17,15:02:25.148000,11388,11389,11389,1
2020-06-17,15:02:26.588000,11388,11389,11389,1
2020-06-17,15:02:26.751000,11388,11389,11389,1
2020-06-17,15:02:27.336000,11388,11389,11388,1
2020-06-17,15:02:27.336000,11388,11389,11388,14
2020-06-17,15:02:27.506000,11387,11389,11389,1
2020-06-17,15:02:27.602000,11387,11389,11388,1
2020-06-17,15:02:27.837000,11387,11388,11388,1
2020-06-17,15:02:27.837000,11387,11388,11389,1
2020-06-17,15:02:28.593000,11388,11389,11389,1
2020-06-17,15:02:28.666000,11388,11389,11389,4
2020-06-17,15:02:28.853000,11389,11390,11390,1
2020-06-17,15:02:29.650000,11389,11390,11390,1
2020-06-17,15:02:29.914000,11389,11390,11390,2
2020-06-17,15:02:29.914000,11389,11390,11390,8
2020-06-17,15:02:29.914000,11389,11390,11390,4
2020-06-17,15:02:29.914000,11389,11390,11390,8
2020-06-17,15:02:30.014000,11390,11391,11390,5
2020-06-17,15:02:30.397000,11390,11391,11390,1
2020-06-17,15:02:31.397000,11390,11391,11390,5
2020-06-17,15:02:31.783000,11389,11390,11390,4
2020-06-17,15:02:32.265000,11389,11390,11390,6
2020-06-17,15:02:32.718000,11390,11391,11390,1
2020-06-17,15:02:33.426000,11390,11391,11390,1
2020-06-17,15:02:33.435000,11390,11391,11390,5
2020-06-17,15:02:34.767000,11389,11390,11390,1
2020-06-17,15:02:34.863000,11389,11390,11389,9
2020-06-17,15:02:34.864000,11389,11390,11389,1
2020-06-17,15:02:34.893000,11389,11390,11390,3
2020-06-17,15:02:35.138000,11389,11390,11390,1
2020-06-17,15:02:35.215000,11389,11390,11390,1
2020-06-17,15:02:35.215000,11389,11390,11391,1
2020-06-17,15:02:35.251000,11389,11390,11390,1
2020-06-17,15:02:35.339000,11390,11391,11390,1
2020-06-17,15:02:35.558000,11390,11391,11391,1
2020-06-17,15:02:35.782000,11390,11391,11390,1
2020-06-17,15:02:36.204000,11390,11391,11390,5
2020-06-17,15:02:36.421000,11389,11390,11390,1
2020-06-17,15:02:36.448000,11389,11390,11390,1
2020-06-17,15:02:37.266000,11389,11390,11390,3
2020-06-17,15:02:38.340000,11390,11391,11390,10
2020-06-17,15:02:38.341000,11390,11391,11390,2
2020-06-17,15:02:38.341000,11390,11391,11390,16
2020-06-17,15:02:38.586000,11389,11390,11390,1
2020-06-17,15:02:38.807000,11389,11390,11390,1
2020-06-17,15:02:38.827000,11389,11390,11390,1
2020-06-17,15:02:38.933000,11389,11390,11390,1
2020-06-17,15:02:38.945000,11389,11390,11389,1
2020-06-17,15:02:39.632000,11390,11391,11390,1
2020-06-17,15:02:40.251000,11390,11391,11390,2
2020-06-17,15:02:40.946000,11390,11391,11390,1
2020-06-17,15:02:40.946000,11390,11391,11390,1
2020-06-17,15:02:41.223000,11390,11391,11390,1
2020-06-17,15:02:41.314000,11390,11391,11390,3
2020-06-17,15:02:41.426000,11390,11391,11391,1
2020-06-17,15:02:43.617000,11390,11391,11390,1
2020-06-17,15:02:43.684000,11390,11391,11391,3
2020-06-17,15:02:43.999000,11390,11391,11390,1
2020-06-17,15:02:44.065000,11390,11391,11391,16
2020-06-17,15:02:44.872000,11391,11392,11392,1
2020-06-17,15:02:45.658000,11391,11392,11391,1
2020-06-17,15:02:45.762000,11391,11392,11391,1
2020-06-17,15:02:46.591000,11391,11392,11391,1
2020-06-17,15:02:46.633000,11391,11392,11392,5
2020-06-17,15:02:47.521000,11391,11392,11391,1
2020-06-17,15:02:47.538000,11391,11392,11392,1
2020-06-17,15:02:47.765000,11391,11392,11391,1
2020-06-17,15:02:48.046000,11391,11392,11391,10
2020-06-17,15:02:48.250000,11391,11392,11391,1
2020-06-17,15:02:50.674000,11391,11392,11391,18
2020-06-17,15:02:50.674000,11391,11392,11391,4
2020-06-17,15:02:50.949000,11390,11391,11391,1
2020-06-17,15:02:51.315000,11390,11391,11391,1
2020-06-17,15:02:51.982000,11390,11391,11391,1
2020-06-17,15:02:52.878000,11390,11391,11391,1
2020-06-17,15:02:53.383000,11390,11391,11390,5
2020-06-17,15:02:53.383000,11390,11391,11390,5
2020-06-17,15:02:53.420000,11390,11391,11390,1
2020-06-17,15:02:53.635000,11390,11391,11391,1
2020-06-17,15:02:53.720000,11390,11391,11390,1
2020-06-17,15:02:54.145000,11390,11391,11390,3
2020-06-17,15:02:54.728000,11390,11391,11391,3
2020-06-17,15:02:55.239000,11390,11391,11391,2
2020-06-17,15:02:55.377000,11390,11391,11391,1
2020-06-17,15:02:56.242000,11390,11391,11391,1
2020-06-17,15:02:56.540000,11390,11391,11391,1
2020-06-17,15:02:57.930000,11390,11391,11390,1
2020-06-17,15:02:59.353000,11391,11392,11391,2
2020-06-17,15:03:00.009000,11391,11392,11391,1
2020-06-17,15:03:00.776000,11391,11392,11391,8
2020-06-17,15:03:00.776000,11391,11392,11390,11
2020-06-17,15:03:02.328000,11390,11392,11392,2
2020-06-17,15:03:02.769000,11391,11392,11392,2
2020-06-17,15:03:02.906000,11391,11392,11391,5
2020-06-17,15:03:03.019000,11391,11392,11391,1
2020-06-17,15:03:03.957000,11391,11392,11391,1
2020-06-17,15:03:05.233000,11390,11391,11391,1
2020-06-17,15:03:05.623000,11390,11391,11390,5
2020-06-17,15:03:05.788000,11390,11391,11390,1
2020-06-17,15:03:06.238000,11390,11391,11391,1
2020-06-17,15:03:06.263000,11390,11391,11390,6
2020-06-17,15:03:06.263000,11390,11391,11390,16
2020-06-17,15:03:06.264000,11390,11391,11390,9
2020-06-17,15:03:06.878000,11389,11390,11389,1
2020-06-17,15:03:06.888000,11389,11390,11390,1
2020-06-17,15:03:07.107000,11389,11390,11390,1
2020-06-17,15:03:07.785000,11389,11391,11391,1
2020-06-17,15:03:07.822000,11389,11391,11391,4
2020-06-17,15:03:09.513000,11390,11391,11390,1
2020-06-17,15:03:09.546000,11390,11391,11390,3
2020-06-17,15:03:11.377000,11390,11391,11391,1
2020-06-17,15:03:13.014000,11390,11391,11391,5
2020-06-17,15:03:13.080000,11391,11392,11391,4
2020-06-17,15:03:13.080000,11391,11392,11390,1
2020-06-17,15:03:13.255000,11390,11392,11390,2
2020-06-17,15:03:13.656000,11390,11391,11390,1
2020-06-17,15:03:13.726000,11390,11391,11390,1
2020-06-17,15:03:13.817000,11390,11391,11390,1
2020-06-17,15:03:14.152000,11390,11391,11390,1
2020-06-17,15:03:17.329000,11390,11391,11390,1
2020-06-17,15:03:18.229000,11390,11391,11390,1
2020-06-17,15:03:18.230000,11390,11391,11390,2
2020-06-17,15:03:18.230000,11390,11391,11390,1
2020-06-17,15:03:18.231000,11390,11391,11390,4
2020-06-17,15:03:18.231000,11390,11391,11390,1
2020-06-17,15:03:18.605000,11389,11390,11390,1
2020-06-17,15:03:19.783000,11389,11390,11390,10
2020-06-17,15:03:20.359000,11389,11390,11390,1
2020-06-17,15:03:20.930000,11389,11390,11390,2
2020-06-17,15:03:20.935000,11389,11390,11390,1
2020-06-17,15:03:21.092000,11390,11391,11390,2
2020-06-17,15:03:21.778000,11389,11390,11389,1
2020-06-17,15:03:21.778000,11389,11390,11389,3
2020-06-17,15:03:21.778000,11389,11390,11389,2
2020-06-17,15:03:21.778000,11389,11390,11389,4
2020-06-17,15:03:21.778000,11389,11390,11389,3
2020-06-17,15:03:21.779000,11389,11390,11389,1
2020-06-17,15:03:22.776000,11388,11389,11388,2
2020-06-17,15:03:22.825000,11388,11389,11388,18
2020-06-17,15:03:23.225000,11387,11388,11387,1
2020-06-17,15:03:26.121000,11387,11388,11387,1
2020-06-17,15:03:26.165000,11387,11388,11387,1
2020-06-17,15:03:26.165000,11387,11388,11387,3
2020-06-17,15:03:26.647000,11386,11387,11386,1
2020-06-17,15:03:26.658000,11386,11387,11387,1
2020-06-17,15:03:27.757000,11386,11387,11387,2
2020-06-17,15:03:27.863000,11386,11387,11386,1
2020-06-17,15:03:28.636000,11386,11387,11387,1
2020-06-17,15:03:29.129000,11386,11388,11386,1
2020-06-17,15:03:30.107000,11386,11387,11386,1
2020-06-17,15:03:30.812000,11386,11387,11387,1
2020-06-17,15:03:31.076000,11386,11388,11387,2
2020-06-17,15:03:34.808000,11385,11387,11387,1
2020-06-17,15:03:37.552000,11385,11386,11385,4
2020-06-17,15:03:37.552000,11385,11386,11385,1
2020-06-17,15:03:37.552000,11385,11386,11385,1
2020-06-17,15:03:37.552000,11385,11386,11385,2
2020-06-17,15:03:37.553000,11385,11386,11385,1
2020-06-17,15:03:37.553000,11385,11386,11385,5
2020-06-17,15:03:38.587000,11384,11385,11384,1
2020-06-17,15:03:40.013000,11384,11385,11384,1
2020-06-17,15:03:40.450000,11384,11385,11385,6
2020-06-17,15:03:41.825000,11385,11386,11385,2
2020-06-17,15:03:42.485000,11384,11386,11386,2
2020-06-17,15:03:42.669000,11384,11386,11384,1
2020-06-17,15:03:42.825000,11384,11385,11385,2
2020-06-17,15:03:42.965000,11384,11386,11385,1
2020-06-17,15:03:43.091000,11385,11386,11386,1
2020-06-17,15:03:43.193000,11385,11386,11386,1
2020-06-17,15:03:43.210000,11385,11386,11385,2
2020-06-17,15:03:43.633000,11384,11386,11384,1
2020-06-17,15:03:43.675000,11384,11386,11386,1
2020-06-17,15:03:45.691000,11385,11386,11385,1
2020-06-17,15:03:45.691000,11385,11386,11385,2
2020-06-17,15:03:46.904000,11384,11385,11385,1
2020-06-17,15:03:47.479000,11384,11385,11384,1
2020-06-17,15:03:49.317000,11385,11386,11385,1
2020-06-17,15:03:50.313000,11385,11386,11385,1
2020-06-17,15:03:51.298000,11384,11385,11385,2
2020-06-17,15:03:51.305000,11384,11385,11385,3
2020-06-17,15:03:51.661000,11385,11386,11385,3
2020-06-17,15:03:52.204000,11385,11386,11386,2
2020-06-17,15:03:53.375000,11385,11386,11385,1
2020-06-17,15:03:54.472000,11385,11386,11386,1
2020-06-17,15:03:54.944000,11385,11386,11386,1
2020-06-17,15:03:55.797000,11385,11387,11385,1
2020-06-17,15:03:56.009000,11386,11387,11386,1
2020-06-17,15:03:56.301000,11385,11387,11385,1
2020-06-17,15:03:59.632000,11385,11386,11385,1
2020-06-17,15:04:00.080000,11385,11386,11386,1
2020-06-17,15:04:00.100000,11385,11386,11385,1
2020-06-17,15:04:00.947000,11385,11386,11386,1
2020-06-17,15:04:01.846000,11385,11386,11386,1
2020-06-17,15:04:03.711000,11385,11386,11386,1
2020-06-17,15:04:03.712000,11385,11386,11386,3
2020-06-17,15:04:06.310000,11386,11387,11386,9
2020-06-17,15:04:11.264000,11385,11386,11386,2
2020-06-17,15:04:11.551000,11386,11387,11387,1
2020-06-17,15:04:11.614000,11386,11387,11386,1
2020-06-17,15:04:12.517000,11386,11387,11386,1
2020-06-17,15:04:14.549000,11386,11387,11386,1
2020-06-17,15:04:15.345000,11386,11387,11386,1
2020-06-17,15:04:15.710000,11385,11387,11387,1
2020-06-17,15:04:17.238000,11386,11387,11386,1
2020-06-17,15:04:17.353000,11386,11387,11386,1
2020-06-17,15:04:18.363000,11385,11386,11386,1
2020-06-17,15:04:19.707000,11385,11386,11386,1
2020-06-17,15:04:21.677000,11385,11386,11385,1
2020-06-17,15:04:22.106000,11385,11386,11385,4
2020-06-17,15:04:22.106000,11385,11386,11385,2
2020-06-17,15:04:22.106000,11385,11386,11385,1
2020-06-17,15:04:22.106000,11385,11386,11385,2
2020-06-17,15:04:22.605000,11384,11385,11385,1
2020-06-17,15:04:25.076000,11384,11385,11384,1
2020-06-17,15:04:25.177000,11384,11385,11385,2
2020-06-17,15:04:29.920000,11384,11386,11384,2
2020-06-17,15:04:30.863000,11385,11386,11385,4
2020-06-17,15:04:30.940000,11385,11386,11385,2
2020-06-17,15:04:31.338000,11385,11386,11385,1
2020-06-17,15:04:31.593000,11384,11386,11384,1
2020-06-17,15:04:31.754000,11384,11386,11384,5
2020-06-17,15:04:34.136000,11385,11386,11385,1
2020-06-17,15:04:35.300000,11385,11386,11386,1
2020-06-17,15:04:36.920000,11385,11386,11385,1
2020-06-17,15:04:37.140000,11385,11386,11385,1
2020-06-17,15:04:39.117000,11385,11386,11385,2
2020-06-17,15:04:39.588000,11385,11386,11385,2
2020-06-17,15:04:42.033000,11384,11385,11385,1
2020-06-17,15:04:42.113000,11385,11386,11386,1
2020-06-17,15:04:42.796000,11385,11386,11386,1
2020-06-17,15:04:43.772000,11385,11386,11386,1
2020-06-17,15:04:44.306000,11385,11386,11385,2
2020-06-17,15:04:44.445000,11385,11386,11386,1
2020-06-17,15:04:44.460000,11385,11386,11386,5
2020-06-17,15:04:44.877000,11386,11387,11386,1
2020-06-17,15:04:45.997000,11386,11387,11386,1
2020-06-17,15:04:46.542000,11386,11387,11386,1
2020-06-17,15:04:46.779000,11386,11387,11387,3
2020-06-17,15:04:48.443000,11386,11387,11387,7
2020-06-17,15:04:49.094000,11387,11388,11387,1
2020-06-17,15:04:49.689000,11387,11388,11387,1
2020-06-17,15:04:50.771000,11387,11388,11388,24
2020-06-17,15:04:50.774000,11387,11388,11388,1
2020-06-17,15:04:51.510000,11388,11389,11388,1
2020-06-17,15:04:52.416000,11388,11389,11389,1
2020-06-17,15:04:54.925000,11388,11389,11389,1
2020-06-17,15:04:57.237000,11388,11389,11389,1
2020-06-17,15:04:57.367000,11388,11389,11389,1
2020-06-17,15:04:57.510000,11389,11390,11389,1
2020-06-17,15:04:58.679000,11389,11390,11390,1
2020-06-17,15:04:59.963000,11388,11389,11389,1
2020-06-17,15:05:00.402000,11389,11390,11389,1
2020-06-17,15:05:00.565000,11389,11390,11388,4
2020-06-17,15:05:00.619000,11388,11390,11389,1
2020-06-17,15:05:00.722000,11388,11389,11388,2
2020-06-17,15:05:01.045000,11387,11389,11389,5
2020-06-17,15:05:01.065000,11387,11389,11389,1
2020-06-17,15:05:01.362000,11387,11389,11389,1
2020-06-17,15:05:01.454000,11387,11389,11387,1
2020-06-17,15:05:01.456000,11387,11389,11387,2
2020-06-17,15:05:01.458000,11387,11389,11387,1
2020-06-17,15:05:01.459000,11387,11389,11387,1
2020-06-17,15:05:01.460000,11387,11389,11387,1
2020-06-17,15:05:01.461000,11387,11389,11387,1
2020-06-17,15:05:01.465000,11387,11389,11387,1
2020-06-17,15:05:01.486000,11387,11389,11387,1
2020-06-17,15:05:01.592000,11386,11388,11388,1
2020-06-17,15:05:04.555000,11386,11387,11386,1
2020-06-17,15:05:04.630000,11386,11387,11386,1
2020-06-17,15:05:04.791000,11385,11387,11387,1
2020-06-17,15:05:08.708000,11386,11387,11386,1
2020-06-17,15:05:08.708000,11386,11387,11386,3
2020-06-17,15:05:09.007000,11385,11386,11386,1
2020-06-17,15:05:09.964000,11385,11386,11385,1
2020-06-17,15:05:15.408000,11385,11386,11386,1
2020-06-17,15:05:16.389000,11386,11388,11386,1
2020-06-17,15:05:23.831000,11387,11388,11388,1
2020-06-17,15:05:23.832000,11387,11388,11388,1
2020-06-17,15:05:23.832000,11387,11388,11388,3
2020-06-17,15:05:23.950000,11388,11389,11389,1
2020-06-17,15:05:23.951000,11388,11389,11389,1
2020-06-17,15:05:24.086000,11389,11390,11389,1
2020-06-17,15:05:25.025000,11388,11389,11389,2
2020-06-17,15:05:26.314000,11389,11390,11389,1
2020-06-17,15:05:29.931000,11389,11390,11389,1
2020-06-17,15:05:31.206000,11388,11389,11389,1
2020-06-17,15:05:34.432000,11388,11389,11389,1
2020-06-17,15:05:35.037000,11388,11390,11388,1
2020-06-17,15:05:35.871000,11389,11390,11389,2
2020-06-17,15:05:36.048000,11389,11390,11390,17
2020-06-17,15:05:36.049000,11389,11390,11390,7
2020-06-17,15:05:36.140000,11390,11391,11391,4
2020-06-17,15:05:36.179000,11390,11391,11390,6
2020-06-17,15:05:36.363000,11390,11391,11391,4
2020-06-17,15:05:36.651000,11390,11391,11391,1
2020-06-17,15:05:37.959000,11389,11390,11390,4
2020-06-17,15:05:37.968000,11389,11390,11391,1
2020-06-17,15:05:38.316000,11390,11391,11390,2
2020-06-17,15:05:40.666000,11390,11391,11390,1
2020-06-17,15:05:40.703000,11390,11391,11391,3
2020-06-17,15:05:40.884000,11391,11392,11391,7
2020-06-17,15:05:40.887000,11391,11392,11391,1
2020-06-17,15:05:41.123000,11390,11391,11390,1
2020-06-17,15:05:41.728000,11390,11391,11391,7
2020-06-17,15:05:41.825000,11391,11392,11392,9
2020-06-17,15:05:42.203000,11391,11392,11392,2
2020-06-17,15:05:43.896000,11391,11392,11391,1
2020-06-17,15:05:44.603000,11391,11392,11391,1
2020-06-17,15:05:44.674000,11391,11392,11391,2
2020-06-17,15:05:45.240000,11391,11392,11392,1
2020-06-17,15:05:46.185000,11391,11392,11391,1
2020-06-17,15:05:47.836000,11391,11392,11392,1
2020-06-17,15:05:49.136000,11391,11392,11391,1
2020-06-17,15:05:49.277000,11391,11392,11391,1
2020-06-17,15:05:49.658000,11391,11392,11392,1
2020-06-17,15:05:49.895000,11391,11392,11392,1
2020-06-17,15:05:50.014000,11391,11392,11392,1
2020-06-17,15:05:50.896000,11391,11392,11392,1
2020-06-17,15:05:51.335000,11391,11392,11392,5
2020-06-17,15:05:52.418000,11391,11392,11392,1
2020-06-17,15:05:52.542000,11391,11392,11392,9
2020-06-17,15:05:52.542000,11391,11392,11392,2
2020-06-17,15:05:52.542000,11391,11392,11392,1
2020-06-17,15:05:52.542000,11391,11392,11392,1
2020-06-17,15:05:52.772000,11392,11393,11393,1
2020-06-17,15:05:52.961000,11392,11393,11393,1
2020-06-17,15:05:53.186000,11392,11393,11392,1
2020-06-17,15:05:54.521000,11392,11393,11392,1
2020-06-17,15:05:55.224000,11392,11393,11392,2
2020-06-17,15:05:55.421000,11392,11393,11392,1
2020-06-17,15:05:55.521000,11392,11393,11392,1
2020-06-17,15:05:57.442000,11392,11393,11393,2
2020-06-17,15:05:59.697000,11392,11393,11393,10
2020-06-17,15:05:59.698000,11392,11393,11393,1
2020-06-17,15:05:59.698000,11392,11393,11393,1
2020-06-17,15:05:59.722000,11392,11394,11392,1
2020-06-17,15:05:59.913000,11392,11394,11394,1
2020-06-17,15:05:59.979000,11392,11394,11394,1
2020-06-17,15:06:00.200000,11392,11394,11394,1
2020-06-17,15:06:01.428000,11393,11394,11393,3
2020-06-17,15:06:01.732000,11392,11393,11392,7
2020-06-17,15:06:01.832000,11391,11392,11392,1
2020-06-17,15:06:02.465000,11391,11392,11391,4
2020-06-17,15:06:02.466000,11391,11392,11391,1
2020-06-17,15:06:02.466000,11391,11392,11391,1
2020-06-17,15:06:02.631000,11390,11391,11391,1
2020-06-17,15:06:02.820000,11390,11391,11391,1
2020-06-17,15:06:03.099000,11390,11391,11391,1
2020-06-17,15:06:05.313000,11392,11393,11392,1
2020-06-17,15:06:05.435000,11392,11393,11393,1
2020-06-17,15:06:05.674000,11392,11393,11392,1
2020-06-17,15:06:05.884000,11392,11393,11392,1
2020-06-17,15:06:07.005000,11392,11393,11392,1
2020-06-17,15:06:08.306000,11392,11393,11392,4
2020-06-17,15:06:09.884000,11391,11393,11393,1
2020-06-17,15:06:11.410000,11392,11393,11392,1
2020-06-17,15:06:11.808000,11391,11393,11392,1
2020-06-17,15:06:12.316000,11391,11393,11392,1
2020-06-17,15:06:12.443000,11391,11393,11392,1
2020-06-17,15:06:13.103000,11391,11393,11393,1
2020-06-17,15:06:13.751000,11392,11393,11392,1
2020-06-17,15:06:14.152000,11392,11393,11393,1
2020-06-17,15:06:14.833000,11392,11393,11392,2
2020-06-17,15:06:14.988000,11392,11393,11392,1
2020-06-17,15:06:18.031000,11391,11392,11392,1
2020-06-17,15:06:20.155000,11391,11392,11392,1
2020-06-17,15:06:23.180000,11392,11393,11393,4
2020-06-17,15:06:23.181000,11392,11393,11393,9
2020-06-17,15:06:23.181000,11392,11393,11393,1
2020-06-17,15:06:24.132000,11393,11394,11393,5
2020-06-17,15:06:24.508000,11392,11394,11392,1
2020-06-17,15:06:24.608000,11392,11394,11392,1
2020-06-17,15:06:24.609000,11392,11394,11392,1
2020-06-17,15:06:26.153000,11393,11394,11393,1
2020-06-17,15:06:28.521000,11393,11394,11393,1
2020-06-17,15:06:30.536000,11393,11394,11394,8
2020-06-17,15:06:30.536000,11393,11394,11394,3
2020-06-17,15:06:30.571000,11393,11394,11394,2
2020-06-17,15:06:33.430000,11393,11394,11394,1
2020-06-17,15:06:33.691000,11394,11395,11394,1
2020-06-17,15:06:35.557000,11393,11394,11394,1
2020-06-17,15:06:36.398000,11393,11394,11394,1
2020-06-17,15:06:36.428000,11393,11394,11394,5
2020-06-17,15:06:38.534000,11394,11395,11394,1
2020-06-17,15:06:40.673000,11394,11395,11394,1
2020-06-17,15:06:42.109000,11394,11395,11395,2
2020-06-17,15:06:42.230000,11394,11395,11395,20
2020-06-17,15:06:42.231000,11394,11395,11395,6
2020-06-17,15:06:42.231000,11394,11395,11395,5
2020-06-17,15:06:44.960000,11395,11396,11396,1
2020-06-17,15:06:44.984000,11395,11396,11396,1
2020-06-17,15:06:45.028000,11395,11396,11395,4
2020-06-17,15:06:48.146000,11394,11395,11395,1
2020-06-17,15:06:51.492000,11395,11396,11396,1
2020-06-17,15:06:52.817000,11395,11396,11396,1
2020-06-17,15:06:53.548000,11395,11396,11396,5
2020-06-17,15:06:53.735000,11395,11396,11396,5
2020-06-17,15:06:54.871000,11395,11396,11396,1
2020-06-17,15:06:55.473000,11395,11396,11395,1
2020-06-17,15:06:55.722000,11395,11396,11396,1
2020-06-17,15:06:56.268000,11395,11396,11396,1
2020-06-17,15:06:57.098000,11395,11396,11396,1
2020-06-17,15:06:57.212000,11395,11396,11396,1
2020-06-17,15:06:57.667000,11395,11396,11396,2
2020-06-17,15:06:58.155000,11395,11396,11395,1
2020-06-17,15:07:00.389000,11395,11396,11395,6
2020-06-17,15:07:00.725000,11395,11396,11396,1
2020-06-17,15:07:02.196000,11395,11396,11396,5
2020-06-17,15:07:02.567000,11395,11396,11396,1
2020-06-17,15:07:02.570000,11395,11396,11396,1
2020-06-17,15:07:02.897000,11395,11396,11396,1
2020-06-17,15:07:02.897000,11395,11396,11397,4
2020-06-17,15:07:03.758000,11396,11397,11397,1
2020-06-17,15:07:04.587000,11396,11397,11397,5
2020-06-17,15:07:05.635000,11396,11397,11396,1
2020-06-17,15:07:05.780000,11396,11397,11397,2
2020-06-17,15:07:06.072000,11396,11397,11397,3
2020-06-17,15:07:06.442000,11396,11397,11396,2
2020-06-17,15:07:06.691000,11396,11397,11397,1
2020-06-17,15:07:07.291000,11396,11397,11397,4
2020-06-17,15:07:07.291000,11396,11397,11398,16
2020-06-17,15:07:08.619000,11397,11398,11398,1
2020-06-17,15:07:08.728000,11397,11398,11397,1
2020-06-17,15:07:08.818000,11397,11398,11397,1
2020-06-17,15:07:09.754000,11397,11398,11398,1
2020-06-17,15:07:09.979000,11397,11398,11398,1
2020-06-17,15:07:11.799000,11397,11398,11398,1
2020-06-17,15:07:12.209000,11397,11398,11398,1
2020-06-17,15:07:12.330000,11397,11398,11398,1
2020-06-17,15:07:12.507000,11397,11398,11398,8
2020-06-17,15:07:12.818000,11398,11399,11398,1
2020-06-17,15:07:14.245000,11398,11399,11399,8
2020-06-17,15:07:14.659000,11398,11399,11399,2
2020-06-17,15:07:15.564000,11398,11399,11399,1
2020-06-17,15:07:15.916000,11398,11399,11399,5
2020-06-17,15:07:16.107000,11398,11399,11399,5
2020-06-17,15:07:16.107000,11398,11399,11399,15
2020-06-17,15:07:16.107000,11398,11399,11399,1
2020-06-17,15:07:16.283000,11399,11400,11399,3
2020-06-17,15:07:16.468000,11399,11400,11400,1
2020-06-17,15:07:18,11399,11400,11399,1
2020-06-17,15:07:18.927000,11399,11400,11400,1
2020-06-17,15:07:18.941000,11399,11400,11400,2
2020-06-17,15:07:19.643000,11399,11400,11399,4
2020-06-17,15:07:19.726000,11399,11400,11400,2
2020-06-17,15:07:19.993000,11399,11400,11400,2
2020-06-17,15:07:20.182000,11399,11400,11400,2
2020-06-17,15:07:20.701000,11399,11400,11400,1
2020-06-17,15:07:21.752000,11399,11400,11400,1
2020-06-17,15:07:22.136000,11399,11400,11400,1
2020-06-17,15:07:22.981000,11399,11400,11399,1
2020-06-17,15:07:23.131000,11399,11400,11400,1
2020-06-17,15:07:23.409000,11399,11400,11400,1
2020-06-17,15:07:23.600000,11399,11400,11400,1
2020-06-17,15:07:23.629000,11399,11400,11400,1
2020-06-17,15:07:23.970000,11399,11400,11400,1
2020-06-17,15:07:24.534000,11399,11400,11399,3
2020-06-17,15:07:25.170000,11399,11400,11399,1
2020-06-17,15:07:25.696000,11399,11400,11400,1
2020-06-17,15:07:27.619000,11399,11400,11400,1
2020-06-17,15:07:27.729000,11399,11400,11400,1
2020-06-17,15:07:28.278000,11399,11400,11400,1
2020-06-17,15:07:28.716000,11399,11400,11400,1
2020-06-17,15:07:28.922000,11399,11400,11400,2
2020-06-17,15:07:29.745000,11399,11400,11400,1
2020-06-17,15:07:29.761000,11399,11400,11400,1
2020-06-17,15:07:31.394000,11399,11400,11400,1
2020-06-17,15:07:31.909000,11399,11400,11399,2
2020-06-17,15:07:32.081000,11399,11400,11400,1
2020-06-17,15:07:32.200000,11399,11400,11400,1
2020-06-17,15:07:32.726000,11399,11400,11399,1
2020-06-17,15:07:32.792000,11399,11400,11400,2
2020-06-17,15:07:33.487000,11399,11400,11400,4
2020-06-17,15:07:33.487000,11399,11400,11400,13
2020-06-17,15:07:33.487000,11399,11400,11400,1
2020-06-17,15:07:33.488000,11399,11400,11400,13
2020-06-17,15:07:35.518000,11400,11401,11400,1
2020-06-17,15:07:36.553000,11400,11401,11400,1
2020-06-17,15:07:36.556000,11400,11401,11400,1
2020-06-17,15:07:38.135000,11400,11401,11401,15
2020-06-17,15:07:38.438000,11400,11401,11401,4
2020-06-17,15:07:38.491000,11400,11401,11401,3
2020-06-17,15:07:38.491000,11400,11401,11402,1
2020-06-17,15:07:38.604000,11400,11402,11402,1
2020-06-17,15:07:39.227000,11400,11401,11400,1
2020-06-17,15:07:39.235000,11400,11401,11401,1
2020-06-17,15:07:39.758000,11401,11402,11402,1
2020-06-17,15:07:40.205000,11401,11402,11401,1
2020-06-17,15:07:40.883000,11401,11402,11401,1
2020-06-17,15:07:42.818000,11401,11402,11402,1
2020-06-17,15:07:43.588000,11401,11402,11401,5
2020-06-17,15:07:43.588000,11401,11402,11401,2
2020-06-17,15:07:43.589000,11401,11402,11401,1
2020-06-17,15:07:43.917000,11400,11401,11401,1
2020-06-17,15:07:44.118000,11400,11401,11401,1
2020-06-17,15:07:44.678000,11400,11401,11401,1
2020-06-17,15:07:44.765000,11400,11401,11401,1
2020-06-17,15:07:47.030000,11400,11401,11401,1
2020-06-17,15:07:47.423000,11400,11401,11400,3
2020-06-17,15:07:47.423000,11400,11401,11400,1
2020-06-17,15:07:47.423000,11400,11401,11400,3
2020-06-17,15:07:47.424000,11400,11401,11400,5
2020-06-17,15:07:47.502000,11399,11400,11400,1
2020-06-17,15:07:47.804000,11399,11401,11400,1
2020-06-17,15:07:48.044000,11399,11401,11401,1
2020-06-17,15:07:48.201000,11399,11400,11399,2
2020-06-17,15:07:48.617000,11399,11400,11400,1
2020-06-17,15:07:48.926000,11399,11401,11401,1
2020-06-17,15:07:49.341000,11399,11400,11400,1
2020-06-17,15:07:49.421000,11399,11400,11400,1
2020-06-17,15:07:49.801000,11399,11400,11400,2
2020-06-17,15:07:50.432000,11399,11400,11400,1
2020-06-17,15:07:50.661000,11399,11400,11399,4
2020-06-17,15:07:50.661000,11399,11400,11399,15
2020-06-17,15:07:50.661000,11399,11400,11399,2
2020-06-17,15:07:50.661000,11399,11400,11399,2
2020-06-17,15:07:51.862000,11398,11399,11398,1
2020-06-17,15:07:51.888000,11398,11399,11399,1
2020-06-17,15:07:51.998000,11398,11399,11399,1
2020-06-17,15:07:52.365000,11398,11400,11398,1
2020-06-17,15:07:53.312000,11398,11400,11399,1
2020-06-17,15:07:56.160000,11399,11400,11399,1
2020-06-17,15:07:57.193000,11398,11399,11398,18
2020-06-17,15:07:57.193000,11398,11399,11398,8
2020-06-17,15:07:57.385000,11397,11398,11398,1
2020-06-17,15:07:57.503000,11397,11398,11397,3
2020-06-17,15:07:58.220000,11397,11398,11398,1
2020-06-17,15:07:58.452000,11397,11398,11398,1
2020-06-17,15:07:58.549000,11397,11398,11398,2
2020-06-17,15:08:00.221000,11398,11400,11398,3
2020-06-17,15:08:00.997000,11397,11399,11397,1
2020-06-17,15:08:03.245000,11398,11399,11398,2
2020-06-17,15:08:03.245000,11398,11399,11397,2
2020-06-17,15:08:08.272000,11397,11398,11397,1
2020-06-17,15:08:08.668000,11397,11398,11397,3
2020-06-17,15:08:08.668000,11397,11398,11397,1
2020-06-17,15:08:09.510000,11396,11397,11397,1
2020-06-17,15:08:10.088000,11396,11397,11397,1
2020-06-17,15:08:11.022000,11396,11397,11397,1
2020-06-17,15:08:11.103000,11396,11397,11397,8
2020-06-17,15:08:12.051000,11396,11398,11396,1
2020-06-17,15:08:12.856000,11396,11397,11397,1
2020-06-17,15:08:13.087000,11396,11397,11397,2
2020-06-17,15:08:15.292000,11396,11397,11396,1
2020-06-17,15:08:15.527000,11396,11397,11397,1
2020-06-17,15:08:15.621000,11396,11397,11397,2
2020-06-17,15:08:15.827000,11396,11397,11396,1
2020-06-17,15:08:16.329000,11396,11397,11396,1
2020-06-17,15:08:16.413000,11396,11397,11396,1
2020-06-17,15:08:17.131000,11396,11397,11397,2
2020-06-17,15:08:17.533000,11397,11398,11397,3
2020-06-17,15:08:18.194000,11397,11398,11396,1
2020-06-17,15:08:19.102000,11396,11397,11397,2
2020-06-17,15:08:19.153000,11396,11397,11396,2
2020-06-17,15:08:22.328000,11396,11397,11396,1
2020-06-17,15:08:24.348000,11396,11397,11397,1
2020-06-17,15:08:25.440000,11396,11397,11396,1
2020-06-17,15:08:27.594000,11396,11397,11397,1
2020-06-17,15:08:28.051000,11397,11398,11397,1
2020-06-17,15:08:28.452000,11396,11398,11397,1
2020-06-17,15:08:30.068000,11397,11398,11397,1
2020-06-17,15:08:30.416000,11397,11398,11398,4
2020-06-17,15:08:32.383000,11397,11399,11397,1
2020-06-17,15:08:32.605000,11397,11398,11398,1
2020-06-17,15:08:34.409000,11397,11398,11398,3
2020-06-17,15:08:35.203000,11397,11398,11397,1
2020-06-17,15:08:38.790000,11397,11398,11397,1
2020-06-17,15:08:40.928000,11396,11397,11397,3
2020-06-17,15:08:42.168000,11397,11398,11397,1
2020-06-17,15:08:44.711000,11397,11398,11397,1
2020-06-17,15:08:44.936000,11397,11398,11397,1
2020-06-17,15:08:45.354000,11397,11398,11398,10
2020-06-17,15:08:45.804000,11397,11398,11398,1
2020-06-17,15:08:45.959000,11397,11398,11398,3
2020-06-17,15:08:48.415000,11397,11398,11397,2
2020-06-17,15:08:48.415000,11397,11398,11397,2
2020-06-17,15:08:48.416000,11397,11398,11397,2
2020-06-17,15:08:48.456000,11396,11397,11397,1
2020-06-17,15:08:53.182000,11397,11398,11398,1
2020-06-17,15:08:53.330000,11397,11398,11397,1
2020-06-17,15:08:53.640000,11397,11398,11398,1
2020-06-17,15:08:54.866000,11397,11398,11398,1
2020-06-17,15:08:54.905000,11397,11398,11397,4
2020-06-17,15:08:55.123000,11397,11398,11398,1
2020-06-17,15:08:56.809000,11397,11398,11398,4
2020-06-17,15:08:57.060000,11397,11398,11398,1
2020-06-17,15:08:57.280000,11397,11398,11398,1
2020-06-17,15:08:57.485000,11397,11398,11398,1
2020-06-17,15:08:58.040000,11397,11398,11398,1
2020-06-17,15:08:58.747000,11397,11398,11398,1
2020-06-17,15:08:59.362000,11397,11398,11398,1
2020-06-17,15:08:59.362000,11397,11398,11398,3
2020-06-17,15:09:04.201000,11398,11399,11398,1
2020-06-17,15:09:04.543000,11398,11399,11399,1
2020-06-17,15:09:05.552000,11398,11399,11399,8
2020-06-17,15:09:05.768000,11399,11400,11400,4
2020-06-17,15:09:06.254000,11399,11400,11399,2
2020-06-17,15:09:07.002000,11398,11400,11400,2
2020-06-17,15:09:07.689000,11398,11400,11399,1
2020-06-17,15:09:10.130000,11398,11399,11399,1
2020-06-17,15:09:10.747000,11399,11400,11399,1
2020-06-17,15:09:12.408000,11398,11399,11399,1
2020-06-17,15:09:13.058000,11398,11399,11399,1
2020-06-17,15:09:13.845000,11399,11400,11399,1
2020-06-17,15:09:15.359000,11398,11399,11398,1
2020-06-17,15:09:15.862000,11398,11399,11399,3
2020-06-17,15:09:16.614000,11399,11400,11399,1
2020-06-17,15:09:16.987000,11398,11399,11399,1
2020-06-17,15:09:16.988000,11398,11399,11399,1
2020-06-17,15:09:16.996000,11398,11399,11399,1
2020-06-17,15:09:17.456000,11399,11400,11399,1
2020-06-17,15:09:20.195000,11399,11400,11399,1
2020-06-17,15:09:20.803000,11399,11400,11400,1
2020-06-17,15:09:23.354000,11399,11400,11400,2
2020-06-17,15:09:23.580000,11399,11400,11400,1
2020-06-17,15:09:23.581000,11399,11400,11400,1
2020-06-17,15:09:23.581000,11399,11400,11400,3
2020-06-17,15:09:23.581000,11399,11400,11400,3
2020-06-17,15:09:23.581000,11399,11400,11400,4
2020-06-17,15:09:23.581000,11399,11400,11400,5
2020-06-17,15:09:23.581000,11399,11400,11400,1
2020-06-17,15:09:23.581000,11399,11400,11400,1
2020-06-17,15:09:23.581000,11399,11400,11400,4
2020-06-17,15:09:23.581000,11399,11400,11400,7
2020-06-17,15:09:25.033000,11400,11401,11400,1
2020-06-17,15:09:25.033000,11400,11401,11399,9
2020-06-17,15:09:25.451000,11399,11401,11401,1
2020-06-17,15:09:28.072000,11399,11400,11399,1
2020-06-17,15:09:28.702000,11399,11400,11400,3
2020-06-17,15:09:29.146000,11399,11400,11399,6
2020-06-17,15:09:31.817000,11399,11400,11399,1
2020-06-17,15:09:33.153000,11398,11399,11399,2
2020-06-17,15:09:33.371000,11398,11399,11399,1
2020-06-17,15:09:33.863000,11398,11399,11399,1
2020-06-17,15:09:34.518000,11398,11399,11399,2
2020-06-17,15:09:34.679000,11398,11399,11398,1
2020-06-17,15:09:34.810000,11398,11399,11399,1
2020-06-17,15:09:36.417000,11398,11399,11398,10
2020-06-17,15:09:37.693000,11398,11399,11398,1
2020-06-17,15:09:38.959000,11398,11399,11399,1
2020-06-17,15:09:39.277000,11398,11399,11398,1
2020-06-17,15:09:42.178000,11398,11399,11399,3
2020-06-17,15:09:44.183000,11399,11400,11400,10
2020-06-17,15:09:44.184000,11399,11400,11400,2
2020-06-17,15:09:47.262000,11398,11400,11400,1
2020-06-17,15:09:50.178000,11398,11399,11399,1
2020-06-17,15:09:53.269000,11399,11400,11400,3
2020-06-17,15:09:53.725000,11399,11400,11400,1
2020-06-17,15:10:00.741000,11400,11401,11400,1
2020-06-17,15:10:00.851000,11399,11400,11400,1
2020-06-17,15:10:01.083000,11399,11400,11400,1
2020-06-17,15:10:01.194000,11399,11400,11399,2
2020-06-17,15:10:01.624000,11399,11400,11400,1
2020-06-17,15:10:01.645000,11399,11400,11400,1
2020-06-17,15:10:01.703000,11399,11400,11400,1
2020-06-17,15:10:01.706000,11399,11400,11400,1
2020-06-17,15:10:01.706000,11399,11400,11401,1
2020-06-17,15:10:01.708000,11399,11400,11401,1
2020-06-17,15:10:01.709000,11399,11400,11401,1
2020-06-17,15:10:01.711000,11399,11400,11401,1
2020-06-17,15:10:01.711000,11399,11400,11401,1
2020-06-17,15:10:01.713000,11399,11400,11401,1
2020-06-17,15:10:01.942000,11400,11401,11400,1
2020-06-17,15:10:03.943000,11400,11401,11400,1
2020-06-17,15:10:05.181000,11400,11401,11400,1
2020-06-17,15:10:07.132000,11399,11400,11400,1
2020-06-17,15:10:07.199000,11399,11400,11400,2
2020-06-17,15:10:07.840000,11399,11400,11400,1
2020-06-17,15:10:08.550000,11399,11400,11400,1
2020-06-17,15:10:08.865000,11399,11400,11399,6
2020-06-17,15:10:08.866000,11399,11400,11399,3
2020-06-17,15:10:09.178000,11398,11399,11399,1
2020-06-17,15:10:10.161000,11398,11399,11399,1
2020-06-17,15:10:11.811000,11398,11399,11399,1
2020-06-17,15:10:18.642000,11398,11399,11399,1
2020-06-17,15:10:19.355000,11398,11399,11399,1
2020-06-17,15:10:19.356000,11398,11399,11399,2
2020-06-17,15:10:21.232000,11399,11400,11399,1
2020-06-17,15:10:21.735000,11399,11400,11399,4
2020-06-17,15:10:24.109000,11398,11399,11399,8
2020-06-17,15:10:24.192000,11398,11399,11399,1
2020-06-17,15:10:28.129000,11399,11400,11399,1
2020-06-17,15:10:29.218000,11398,11400,11399,1
2020-06-17,15:10:35.134000,11398,11399,11399,1
2020-06-17,15:10:36.443000,11399,11400,11399,1
2020-06-17,15:10:37.633000,11399,11400,11399,1
2020-06-17,15:10:38.546000,11399,11400,11400,1
2020-06-17,15:10:38.802000,11399,11400,11399,2
2020-06-17,15:10:41.006000,11399,11400,11400,1
2020-06-17,15:10:43.093000,11399,11400,11399,2
2020-06-17,15:10:45.086000,11399,11400,11400,1
2020-06-17,15:10:46.889000,11399,11400,11399,1
2020-06-17,15:10:47.071000,11399,11400,11399,1
2020-06-17,15:10:50.393000,11399,11400,11399,5
2020-06-17,15:10:51.969000,11399,11400,11399,1
2020-06-17,15:10:54.077000,11398,11399,11399,1
2020-06-17,15:10:54.395000,11398,11399,11399,3
2020-06-17,15:10:56.844000,11398,11399,11398,1
2020-06-17,15:10:58.654000,11398,11399,11399,1
2020-06-17,15:11:00.767000,11399,11400,11400,1
2020-06-17,15:11:01.155000,11399,11400,11400,1
2020-06-17,15:11:01.514000,11399,11400,11400,1
2020-06-17,15:11:03.816000,11399,11400,11399,1
2020-06-17,15:11:08.187000,11398,11399,11398,2
2020-06-17,15:11:08.791000,11398,11399,11398,19
2020-06-17,15:11:08.866000,11397,11398,11398,1
2020-06-17,15:11:10.693000,11397,11398,11398,1
2020-06-17,15:11:12.549000,11397,11398,11398,1
2020-06-17,15:11:13.119000,11397,11398,11397,1
2020-06-17,15:11:13.526000,11397,11398,11398,4
2020-06-17,15:11:14.561000,11397,11398,11398,1
2020-06-17,15:11:14.864000,11397,11398,11397,1
2020-06-17,15:11:15.482000,11397,11398,11398,1
2020-06-17,15:11:15.487000,11397,11398,11398,2
2020-06-17,15:11:15.487000,11397,11398,11398,3
2020-06-17,15:11:15.971000,11398,11399,11398,2
2020-06-17,15:11:17.427000,11398,11399,11399,1
2020-06-17,15:11:17.636000,11398,11399,11398,1
2020-06-17,15:11:17.936000,11398,11399,11398,2
2020-06-17,15:11:21.424000,11398,11399,11398,1
2020-06-17,15:11:23.328000,11397,11399,11397,1
2020-06-17,15:11:25.289000,11398,11399,11398,1
2020-06-17,15:11:25.749000,11398,11399,11398,1
2020-06-17,15:11:27.440000,11398,11399,11398,2
2020-06-17,15:11:27.441000,11398,11399,11398,1
2020-06-17,15:11:28.496000,11397,11399,11397,1
2020-06-17,15:11:28.668000,11397,11399,11398,1
2020-06-17,15:11:29.818000,11398,11399,11398,2
2020-06-17,15:11:30.237000,11398,11399,11399,19
2020-06-17,15:11:30.237000,11398,11399,11399,1
2020-06-17,15:11:30.383000,11399,11400,11400,1
2020-06-17,15:11:30.405000,11399,11400,11400,1
2020-06-17,15:11:30.406000,11399,11400,11400,1
2020-06-17,15:11:30.406000,11399,11400,11400,8
2020-06-17,15:11:30.406000,11399,11400,11400,1
2020-06-17,15:11:30.406000,11399,11400,11400,1
2020-06-17,15:11:30.451000,11399,11400,11400,9
2020-06-17,15:11:30.819000,11400,11401,11400,1
2020-06-17,15:11:33.821000,11400,11401,11400,1
2020-06-17,15:11:34.689000,11400,11401,11401,1
2020-06-17,15:11:35.022000,11400,11401,11401,1
2020-06-17,15:11:35.314000,11400,11401,11400,2
2020-06-17,15:11:36.068000,11400,11401,11400,1
2020-06-17,15:11:36.471000,11400,11401,11400,1
2020-06-17,15:11:36.650000,11399,11401,11401,1
2020-06-17,15:11:37.616000,11400,11401,11400,1
2020-06-17,15:11:38.557000,11400,11401,11400,1
2020-06-17,15:11:40.850000,11399,11400,11399,1
2020-06-17,15:11:41.119000,11399,11400,11400,1
2020-06-17,15:11:42.287000,11399,11401,11399,1
2020-06-17,15:11:46.533000,11399,11401,11400,1
2020-06-17,15:11:46.686000,11399,11401,11401,1
2020-06-17,15:11:46.933000,11399,11401,11399,1
2020-06-17,15:11:49.468000,11399,11400,11399,1
2020-06-17,15:12:00.515000,11399,11400,11400,1
2020-06-17,15:12:00.884000,11399,11400,11400,2
2020-06-17,15:12:02.205000,11399,11400,11400,5
2020-06-17,15:12:02.390000,11399,11400,11400,2
2020-06-17,15:12:03.779000,11399,11400,11400,1
2020-06-17,15:12:07.682000,11399,11400,11399,1
2020-06-17,15:12:08.340000,11399,11400,11400,1
2020-06-17,15:12:10.559000,11399,11400,11400,1
2020-06-17,15:12:11.492000,11399,11400,11400,1
2020-06-17,15:12:16.122000,11399,11400,11400,3
2020-06-17,15:12:16.477000,11399,11400,11400,1
2020-06-17,15:12:16.698000,11399,11400,11399,1
2020-06-17,15:12:22.231000,11399,11400,11400,2
2020-06-17,15:12:26.238000,11399,11400,11400,1
2020-06-17,15:12:27.983000,11399,11400,11400,1
2020-06-17,15:12:31.918000,11399,11400,11400,1
2020-06-17,15:12:35.622000,11399,11400,11399,2
2020-06-17,15:12:36.089000,11399,11400,11399,1
2020-06-17,15:12:36.089000,11399,11400,11399,17
2020-06-17,15:12:36.089000,11399,11400,11399,4
2020-06-17,15:12:36.089000,11399,11400,11399,5
2020-06-17,15:12:36.089000,11399,11400,11399,4
2020-06-17,15:12:36.095000,11399,11400,11398,16
2020-06-17,15:12:36.273000,11397,11398,11397,30
2020-06-17,15:12:36.929000,11396,11397,11397,3
2020-06-17,15:12:37.262000,11396,11397,11397,1
2020-06-17,15:12:38.115000,11396,11397,11396,1
2020-06-17,15:12:38.599000,11396,11397,11396,1
2020-06-17,15:12:40.252000,11396,11397,11397,1
2020-06-17,15:12:40.377000,11396,11397,11397,2
2020-06-17,15:12:41.218000,11396,11397,11397,1
2020-06-17,15:12:43.167000,11396,11397,11396,2
2020-06-17,15:12:45.116000,11396,11397,11396,1
2020-06-17,15:12:46.700000,11396,11397,11396,16
2020-06-17,15:12:46.924000,11395,11396,11396,1
2020-06-17,15:12:50.670000,11395,11396,11396,1
2020-06-17,15:12:53.458000,11395,11396,11396,1
2020-06-17,15:12:53.587000,11395,11396,11395,1
2020-06-17,15:12:54.065000,11395,11396,11395,1
2020-06-17,15:12:54.588000,11395,11396,11395,4
2020-06-17,15:12:54.605000,11395,11396,11395,18
2020-06-17,15:12:54.605000,11395,11396,11395,4
2020-06-17,15:12:54.605000,11395,11396,11395,4
2020-06-17,15:12:54.825000,11394,11395,11394,3
2020-06-17,15:12:55.082000,11393,11394,11394,1
2020-06-17,15:12:55.203000,11393,11394,11394,1
2020-06-17,15:12:55.203000,11393,11394,11395,3
2020-06-17,15:12:55.225000,11393,11394,11394,4
2020-06-17,15:12:56.214000,11394,11396,11394,1
2020-06-17,15:12:56.523000,11394,11395,11394,1
2020-06-17,15:12:57.057000,11394,11395,11395,2
2020-06-17,15:12:57.069000,11394,11395,11395,1
2020-06-17,15:12:58.980000,11395,11396,11395,1
2020-06-17,15:13:02.508000,11394,11395,11394,2
2020-06-17,15:13:02.508000,11394,11395,11394,2
2020-06-17,15:13:02.847000,11393,11394,11394,1
2020-06-17,15:13:02.853000,11393,11394,11393,1
2020-06-17,15:13:03.116000,11393,11394,11393,1
2020-06-17,15:13:03.321000,11393,11394,11394,1
2020-06-17,15:13:03.785000,11393,11394,11393,1
2020-06-17,15:13:04.732000,11393,11394,11393,1
2020-06-17,15:13:04.732000,11393,11394,11393,3
2020-06-17,15:13:04.732000,11393,11394,11393,3
2020-06-17,15:13:04.755000,11393,11394,11393,1
2020-06-17,15:13:05.574000,11392,11393,11392,1
2020-06-17,15:13:05.602000,11392,11393,11392,1
2020-06-17,15:13:05.729000,11392,11393,11393,4
2020-06-17,15:13:05.745000,11392,11393,11392,1
2020-06-17,15:13:06.120000,11392,11393,11393,1
2020-06-17,15:13:07.664000,11392,11393,11393,1
2020-06-17,15:13:08.227000,11392,11393,11392,1
2020-06-17,15:13:08.953000,11392,11393,11392,1
2020-06-17,15:13:09.130000,11392,11393,11393,1
2020-06-17,15:13:09.178000,11392,11393,11393,1
2020-06-17,15:13:09.272000,11392,11393,11392,1
2020-06-17,15:13:09.359000,11392,11393,11392,1
2020-06-17,15:13:09.650000,11392,11393,11392,2
2020-06-17,15:13:10.498000,11391,11392,11392,1
2020-06-17,15:13:10.611000,11391,11392,11392,1
2020-06-17,15:13:10.611000,11391,11392,11393,1
2020-06-17,15:13:11.092000,11391,11393,11393,1
2020-06-17,15:13:12.429000,11392,11393,11393,5
2020-06-17,15:13:12.551000,11392,11393,11392,1
2020-06-17,15:13:15.468000,11392,11393,11393,1
2020-06-17,15:13:17.589000,11393,11394,11393,1
2020-06-17,15:13:18.733000,11392,11393,11393,1
2020-06-17,15:13:20.249000,11393,11394,11393,1
2020-06-17,15:13:20.662000,11392,11394,11394,1
2020-06-17,15:13:22.192000,11392,11393,11392,1
2020-06-17,15:13:22.496000,11392,11393,11393,1
2020-06-17,15:13:24.272000,11393,11394,11394,1
2020-06-17,15:13:24.273000,11393,11394,11394,3
2020-06-17,15:13:24.605000,11394,11395,11395,1
2020-06-17,15:13:25.800000,11394,11395,11394,1
2020-06-17,15:13:27.699000,11394,11395,11395,1
2020-06-17,15:13:30.055000,11394,11395,11395,4
2020-06-17,15:13:31.122000,11395,11396,11395,1
2020-06-17,15:13:32.077000,11395,11396,11395,1
2020-06-17,15:13:32.078000,11395,11396,11395,1
2020-06-17,15:13:34.293000,11395,11396,11396,1
2020-06-17,15:13:34.293000,11395,11396,11396,11
2020-06-17,15:13:40.855000,11394,11396,11394,1
2020-06-17,15:13:42.554000,11395,11396,11396,1
2020-06-17,15:13:42.554000,11395,11396,11397,2
2020-06-17,15:13:43.978000,11395,11396,11395,3
2020-06-17,15:13:44.551000,11395,11396,11396,1
2020-06-17,15:13:45.181000,11395,11396,11396,2
2020-06-17,15:13:45.580000,11396,11397,11396,5
2020-06-17,15:13:50.518000,11396,11397,11397,2
2020-06-17,15:13:50.749000,11397,11398,11397,3
2020-06-17,15:13:50.750000,11397,11398,11397,2
2020-06-17,15:13:51.250000,11396,11398,11396,1
2020-06-17,15:13:51.817000,11397,11398,11397,2
2020-06-17,15:13:52.847000,11396,11397,11396,1
2020-06-17,15:13:52.946000,11396,11397,11397,5
2020-06-17,15:13:54.096000,11396,11398,11397,5
2020-06-17,15:13:54.320000,11396,11398,11396,1
2020-06-17,15:13:58.466000,11395,11396,11395,2
2020-06-17,15:13:59.979000,11395,11396,11396,1
2020-06-17,15:14:01.557000,11395,11396,11396,1
2020-06-17,15:14:01.845000,11395,11396,11396,2
2020-06-17,15:14:01.960000,11395,11396,11396,1
2020-06-17,15:14:02.359000,11395,11396,11396,1
2020-06-17,15:14:02.471000,11395,11396,11395,1
2020-06-17,15:14:02.471000,11395,11396,11395,4
2020-06-17,15:14:02.472000,11395,11396,11395,2
2020-06-17,15:14:03.294000,11395,11396,11395,1
2020-06-17,15:14:06.179000,11394,11395,11395,1
2020-06-17,15:14:06.793000,11394,11395,11394,4
2020-06-17,15:14:14.017000,11393,11394,11394,1
2020-06-17,15:14:15.066000,11393,11394,11394,1
2020-06-17,15:14:15.317000,11394,11395,11394,1
2020-06-17,15:14:17.774000,11393,11394,11393,1
2020-06-17,15:14:19.673000,11393,11394,11394,1
2020-06-17,15:14:20.662000,11393,11394,11393,2
2020-06-17,15:14:22.709000,11393,11394,11393,1
2020-06-17,15:14:22.989000,11393,11394,11393,3
2020-06-17,15:14:23.339000,11393,11394,11393,1
2020-06-17,15:14:24.063000,11393,11394,11394,1
2020-06-17,15:14:26.531000,11393,11394,11393,1
2020-06-17,15:14:26.666000,11393,11394,11393,4
2020-06-17,15:14:26.775000,11393,11394,11393,3
2020-06-17,15:14:28.627000,11392,11393,11392,1
2020-06-17,15:14:29.792000,11392,11393,11392,1
2020-06-17,15:14:32.744000,11392,11393,11393,4
2020-06-17,15:14:34.671000,11393,11394,11394,1
2020-06-17,15:14:41.527000,11393,11394,11394,1
2020-06-17,15:14:43.451000,11393,11394,11393,5
2020-06-17,15:14:43.451000,11393,11394,11393,4
2020-06-17,15:14:43.591000,11392,11393,11392,1
2020-06-17,15:14:43.592000,11392,11393,11393,1
2020-06-17,15:14:45.627000,11392,11393,11392,1
2020-06-17,15:14:46.511000,11392,11393,11393,1
2020-06-17,15:14:49.443000,11392,11393,11392,15
2020-06-17,15:14:49.595000,11392,11393,11393,1
2020-06-17,15:14:50.293000,11392,11393,11392,1
2020-06-17,15:14:54.252000,11392,11393,11393,1
2020-06-17,15:14:55.489000,11392,11393,11392,5
2020-06-17,15:14:56.517000,11392,11393,11392,1
2020-06-17,15:14:56.517000,11392,11393,11392,1
2020-06-17,15:14:56.517000,11392,11393,11392,1
2020-06-17,15:14:56.551000,11392,11393,11392,2
2020-06-17,15:14:56.675000,11391,11392,11391,2
2020-06-17,15:14:56.787000,11391,11392,11391,2
2020-06-17,15:14:56.847000,11391,11392,11391,11
2020-06-17,15:14:56.848000,11391,11392,11391,7
2020-06-17,15:14:56.848000,11391,11392,11391,2
2020-06-17,15:14:56.868000,11391,11392,11390,3
2020-06-17,15:14:56.884000,11391,11392,11390,2
2020-06-17,15:14:56.893000,11391,11392,11390,2
2020-06-17,15:14:57.084000,11390,11391,11390,1
2020-06-17,15:14:58.846000,11391,11392,11392,6
2020-06-17,15:14:58.846000,11391,11392,11393,4
2020-06-17,15:14:59.905000,11391,11393,11391,1
2020-06-17,15:15:00.476000,11392,11393,11393,1
2020-06-17,15:15:00.750000,11392,11393,11392,4
2020-06-17,15:15:00.750000,11392,11393,11391,11
2020-06-17,15:15:00.750000,11392,11393,11391,1
2020-06-17,15:15:00.764000,11392,11393,11391,1
2020-06-17,15:15:00.764000,11392,11393,11390,6
2020-06-17,15:15:00.944000,11390,11392,11390,1
2020-06-17,15:15:00.975000,11390,11392,11390,2
2020-06-17,15:15:02.248000,11392,11393,11392,1
2020-06-17,15:15:02.249000,11392,11393,11392,2
2020-06-17,15:15:02.255000,11392,11393,11391,2
2020-06-17,15:15:02.265000,11392,11393,11391,1
2020-06-17,15:15:02.704000,11390,11392,11390,1
2020-06-17,15:15:02.705000,11390,11392,11390,1
2020-06-17,15:15:02.705000,11390,11392,11390,1
2020-06-17,15:15:02.713000,11390,11392,11390,2
2020-06-17,15:15:02.718000,11390,11392,11390,1
2020-06-17,15:15:02.829000,11390,11391,11390,1
2020-06-17,15:15:02.831000,11390,11391,11390,1
2020-06-17,15:15:02.831000,11390,11391,11389,1
2020-06-17,15:15:02.833000,11390,11391,11390,1
2020-06-17,15:15:02.835000,11390,11391,11390,1
2020-06-17,15:15:02.835000,11390,11391,11390,1
2020-06-17,15:15:02.837000,11390,11391,11390,1
2020-06-17,15:15:02.839000,11390,11391,11390,1
2020-06-17,15:15:02.926000,11390,11391,11390,1
2020-06-17,15:15:03.013000,11390,11391,11390,2
2020-06-17,15:15:04.527000,11391,11392,11391,1
2020-06-17,15:15:04.540000,11391,11392,11391,1
2020-06-17,15:15:07.332000,11391,11392,11391,1
2020-06-17,15:15:07.777000,11391,11392,11392,2
2020-06-17,15:15:08.017000,11391,11392,11391,1
2020-06-17,15:15:10.484000,11390,11391,11391,1
2020-06-17,15:15:11.102000,11391,11392,11391,1
2020-06-17,15:15:11.546000,11390,11392,11390,1
2020-06-17,15:15:12.512000,11391,11392,11392,1
2020-06-17,15:15:12.677000,11391,11392,11391,1
2020-06-17,15:15:13.086000,11391,11392,11391,1
2020-06-17,15:15:13.296000,11391,11392,11391,2
2020-06-17,15:15:13.313000,11391,11392,11391,1
2020-06-17,15:15:15.356000,11391,11392,11392,1
2020-06-17,15:15:16.634000,11392,11393,11392,1
2020-06-17,15:15:19.504000,11392,11393,11392,1
2020-06-17,15:15:22.355000,11392,11393,11392,2
2020-06-17,15:15:22.355000,11392,11393,11392,1
2020-06-17,15:15:22.356000,11392,11393,11392,4
2020-06-17,15:15:22.356000,11392,11393,11392,1
2020-06-17,15:15:24.510000,11392,11393,11392,1
2020-06-17,15:15:26.154000,11391,11392,11392,1
2020-06-17,15:15:26.156000,11391,11392,11392,1
2020-06-17,15:15:26.924000,11392,11393,11392,6
2020-06-17,15:15:26.924000,11392,11393,11391,6
2020-06-17,15:15:30.042000,11391,11393,11391,1
2020-06-17,15:15:30.161000,11391,11392,11392,1
2020-06-17,15:15:30.300000,11391,11393,11391,1
2020-06-17,15:15:31.146000,11391,11393,11391,1
2020-06-17,15:15:31.855000,11391,11392,11391,1
2020-06-17,15:15:32.051000,11391,11392,11391,1
2020-06-17,15:15:32.532000,11391,11392,11391,2
2020-06-17,15:15:33.535000,11391,11392,11391,1
2020-06-17,15:15:34.547000,11391,11392,11391,1
2020-06-17,15:15:36.834000,11391,11392,11391,1
2020-06-17,15:15:37.175000,11391,11392,11391,2
2020-06-17,15:15:40.064000,11391,11392,11391,1
2020-06-17,15:15:41.825000,11391,11392,11392,3
2020-06-17,15:15:41.825000,11391,11392,11392,1
2020-06-17,15:15:43.998000,11392,11393,11392,1
2020-06-17,15:15:44.668000,11391,11393,11391,1
2020-06-17,15:15:47.817000,11391,11392,11391,1
2020-06-17,15:15:49.639000,11391,11392,11391,2
2020-06-17,15:15:49.639000,11391,11392,11391,4
2020-06-17,15:15:49.639000,11391,11392,11391,1
2020-06-17,15:15:49.639000,11391,11392,11391,18
2020-06-17,15:15:51.535000,11390,11391,11391,1
2020-06-17,15:15:54.717000,11391,11392,11391,1
2020-06-17,15:15:54.974000,11391,11392,11391,1
2020-06-17,15:15:57.228000,11391,11392,11392,1
2020-06-17,15:16:00.547000,11391,11392,11391,5
2020-06-17,15:16:00.796000,11390,11392,11390,2
2020-06-17,15:16:00.806000,11390,11392,11390,4
2020-06-17,15:16:03.945000,11390,11391,11391,2
2020-06-17,15:16:03.946000,11390,11391,11391,1
2020-06-17,15:16:03.973000,11391,11392,11391,1
2020-06-17,15:16:03.974000,11391,11392,11391,2
2020-06-17,15:16:05.206000,11391,11392,11391,1
2020-06-17,15:16:05.869000,11390,11391,11391,1
2020-06-17,15:16:09.191000,11390,11391,11390,1
2020-06-17,15:16:10.558000,11390,11391,11390,1
2020-06-17,15:16:10.558000,11390,11391,11390,1
2020-06-17,15:16:10.559000,11390,11391,11390,1
2020-06-17,15:16:10.559000,11390,11391,11390,3
2020-06-17,15:16:12.442000,11390,11391,11390,1
2020-06-17,15:16:12.791000,11389,11390,11389,1
2020-06-17,15:16:13.676000,11389,11390,11389,1
2020-06-17,15:16:15.130000,11389,11390,11389,1
2020-06-17,15:16:15.441000,11389,11390,11389,2
2020-06-17,15:16:16.549000,11388,11389,11388,1
2020-06-17,15:16:16.600000,11388,11389,11388,1
2020-06-17,15:16:16.628000,11388,11389,11388,1
2020-06-17,15:16:16.829000,11388,11389,11388,1
2020-06-17,15:16:17.076000,11388,11389,11388,1
2020-06-17,15:16:17.290000,11388,11389,11388,1
2020-06-17,15:16:18.058000,11388,11389,11388,2
2020-06-17,15:16:18.104000,11388,11389,11388,1
2020-06-17,15:16:18.223000,11388,11389,11388,1
2020-06-17,15:16:18.335000,11387,11388,11387,1
2020-06-17,15:16:18.667000,11387,11388,11388,1
2020-06-17,15:16:18.801000,11387,11388,11387,1
2020-06-17,15:16:18.858000,11387,11388,11387,1
2020-06-17,15:16:20.680000,11387,11388,11388,1
2020-06-17,15:16:20.912000,11387,11388,11388,2
2020-06-17,15:16:22.143000,11387,11388,11388,1
2020-06-17,15:16:23.385000,11387,11388,11387,2
2020-06-17,15:16:23.548000,11387,11388,11387,2
2020-06-17,15:16:23.551000,11387,11388,11387,4
2020-06-17,15:16:23.930000,11387,11388,11387,5
2020-06-17,15:16:23.932000,11387,11388,11387,1
2020-06-17,15:16:23.932000,11387,11388,11387,1
2020-06-17,15:16:23.932000,11387,11388,11387,1
2020-06-17,15:16:23.932000,11387,11388,11387,5
2020-06-17,15:16:23.932000,11387,11388,11387,1
2020-06-17,15:16:23.932000,11387,11388,11387,2
2020-06-17,15:16:23.932000,11387,11388,11387,1
2020-06-17,15:16:25.156000,11386,11387,11387,15
2020-06-17,15:16:27.200000,11386,11387,11387,1
2020-06-17,15:16:27.724000,11386,11387,11387,1
2020-06-17,15:16:27.850000,11386,11387,11387,2
2020-06-17,15:16:28.256000,11386,11387,11386,2
2020-06-17,15:16:28.429000,11386,11387,11386,1
2020-06-17,15:16:28.677000,11386,11387,11386,1
2020-06-17,15:16:30.731000,11386,11387,11387,1
2020-06-17,15:16:31.092000,11386,11387,11387,1
2020-06-17,15:16:31.410000,11386,11387,11387,1
2020-06-17,15:16:31.755000,11386,11387,11387,1
2020-06-17,15:16:32.046000,11386,11387,11386,1
2020-06-17,15:16:32.098000,11386,11387,11387,1
2020-06-17,15:16:32.403000,11386,11387,11386,1
2020-06-17,15:16:32.824000,11386,11388,11387,1
2020-06-17,15:16:33.063000,11386,11388,11388,1
2020-06-17,15:16:33.939000,11386,11387,11387,1
2020-06-17,15:16:34.276000,11386,11387,11386,1
2020-06-17,15:16:36.174000,11386,11387,11386,3
2020-06-17,15:16:36.424000,11386,11387,11387,1
2020-06-17,15:16:36.492000,11386,11387,11387,1
2020-06-17,15:16:36.492000,11386,11387,11387,4
2020-06-17,15:16:38.291000,11387,11388,11388,1
2020-06-17,15:16:38.595000,11387,11388,11387,1
2020-06-17,15:16:40.579000,11387,11388,11387,1
2020-06-17,15:16:42.760000,11387,11388,11387,5
2020-06-17,15:16:42.860000,11387,11388,11387,1
2020-06-17,15:16:43.541000,11387,11388,11387,2
2020-06-17,15:16:44.007000,11387,11388,11387,1
2020-06-17,15:16:46.410000,11387,11388,11387,1
2020-06-17,15:16:47.160000,11386,11387,11387,2
2020-06-17,15:16:47.614000,11387,11388,11387,1
2020-06-17,15:16:48.894000,11387,11388,11388,8
2020-06-17,15:16:49.804000,11388,11389,11388,1
2020-06-17,15:16:50.932000,11388,11389,11388,5
2020-06-17,15:16:51.295000,11388,11389,11389,1
2020-06-17,15:16:51.299000,11388,11389,11388,1
2020-06-17,15:16:53.133000,11388,11389,11388,1
2020-06-17,15:16:53.177000,11388,11389,11389,1
2020-06-17,15:16:55.337000,11387,11388,11387,11
2020-06-17,15:16:55.337000,11387,11388,11386,29
2020-06-17,15:17:00.054000,11387,11388,11387,1
2020-06-17,15:17:01.607000,11387,11388,11387,1
2020-06-17,15:17:02.216000,11387,11388,11387,1
2020-06-17,15:17:02.807000,11386,11387,11387,6
2020-06-17,15:17:09.127000,11387,11388,11388,4
2020-06-17,15:17:12.229000,11388,11389,11389,1
2020-06-17,15:17:12.981000,11388,11389,11388,1
2020-06-17,15:17:15.194000,11388,11389,11389,1
2020-06-17,15:17:15.194000,11388,11389,11389,1
2020-06-17,15:17:22.319000,11388,11389,11388,1
2020-06-17,15:17:25.640000,11387,11388,11388,1
2020-06-17,15:17:25.690000,11387,11388,11387,2
2020-06-17,15:17:27.089000,11387,11388,11388,1
2020-06-17,15:17:31.154000,11386,11388,11388,2
2020-06-17,15:17:31.440000,11388,11389,11388,1
2020-06-17,15:17:31.851000,11388,11389,11389,2
2020-06-17,15:17:34.207000,11388,11390,11388,1
2020-06-17,15:17:35.477000,11389,11390,11390,1
2020-06-17,15:17:35.479000,11389,11390,11390,1
2020-06-17,15:17:35.479000,11389,11390,11390,3
2020-06-17,15:17:35.480000,11389,11390,11390,9
2020-06-17,15:17:36.201000,11389,11391,11389,1
2020-06-17,15:17:36.668000,11389,11391,11389,2
2020-06-17,15:17:39.470000,11390,11391,11390,1
2020-06-17,15:17:44.055000,11389,11390,11389,1
2020-06-17,15:17:44.613000,11388,11389,11389,1
2020-06-17,15:17:45.099000,11388,11389,11389,1
2020-06-17,15:17:45.605000,11388,11390,11388,1
2020-06-17,15:17:48.854000,11388,11390,11390,1
2020-06-17,15:17:48.856000,11388,11390,11390,1
2020-06-17,15:17:49.123000,11388,11390,11388,1
2020-06-17,15:17:52.612000,11388,11389,11389,13
2020-06-17,15:17:59.005000,11389,11390,11390,1
2020-06-17,15:18:05.418000,11389,11390,11390,4
2020-06-17,15:18:06.666000,11389,11390,11390,1
2020-06-17,15:18:06.666000,11389,11390,11391,1
2020-06-17,15:18:08.339000,11390,11391,11391,1
2020-06-17,15:18:09.690000,11391,11392,11392,1
2020-06-17,15:18:10.629000,11391,11392,11391,2
2020-06-17,15:18:11.132000,11390,11391,11391,1
2020-06-17,15:18:13.305000,11390,11391,11391,1
2020-06-17,15:18:15.300000,11391,11392,11391,4
2020-06-17,15:18:15.300000,11391,11392,11390,26
2020-06-17,15:18:15.301000,11391,11392,11390,1
2020-06-17,15:18:15.303000,11391,11392,11390,1
2020-06-17,15:18:15.468000,11389,11391,11391,1
2020-06-17,15:18:18.780000,11390,11391,11390,2
2020-06-17,15:18:19.334000,11390,11391,11391,5
2020-06-17,15:18:19.334000,11390,11391,11391,4
2020-06-17,15:18:19.335000,11390,11391,11391,1
2020-06-17,15:18:23.099000,11391,11392,11391,1
2020-06-17,15:18:23.685000,11391,11392,11391,6
2020-06-17,15:18:23.685000,11391,11392,11390,25
2020-06-17,15:18:23.893000,11390,11391,11391,1
2020-06-17,15:18:27.258000,11391,11392,11391,3
2020-06-17,15:18:27.986000,11390,11391,11390,1
2020-06-17,15:18:32.530000,11390,11391,11391,6
2020-06-17,15:18:32.595000,11390,11391,11390,1
2020-06-17,15:18:33.863000,11391,11392,11392,1
2020-06-17,15:18:35.257000,11391,11392,11391,1
2020-06-17,15:18:36.563000,11390,11392,11390,1
2020-06-17,15:18:38.102000,11391,11392,11391,1
2020-06-17,15:18:42.172000,11391,11392,11391,1
2020-06-17,15:18:44.606000,11390,11392,11392,2
2020-06-17,15:18:49.427000,11391,11392,11391,1
2020-06-17,15:18:51.350000,11391,11392,11391,1
2020-06-17,15:18:55.035000,11391,11392,11392,1
2020-06-17,15:18:55.036000,11391,11392,11392,22
2020-06-17,15:19:03.922000,11392,11393,11393,1
2020-06-17,15:19:03.922000,11392,11393,11393,1
2020-06-17,15:19:03.922000,11392,11393,11393,1
2020-06-17,15:19:03.923000,11392,11393,11393,1
2020-06-17,15:19:03.923000,11392,11393,11393,1
2020-06-17,15:19:03.923000,11392,11393,11393,1
2020-06-17,15:19:05.358000,11393,11394,11394,1
2020-06-17,15:19:05.586000,11393,11394,11394,1
2020-06-17,15:19:08.388000,11393,11394,11393,3
2020-06-17,15:19:08.432000,11393,11394,11393,1
2020-06-17,15:19:08.432000,11393,11394,11392,4
2020-06-17,15:19:08.767000,11392,11394,11394,2
2020-06-17,15:19:10.817000,11393,11394,11393,2
2020-06-17,15:19:14.420000,11393,11394,11394,1
2020-06-17,15:19:14.648000,11393,11394,11394,1
2020-06-17,15:19:15.025000,11393,11394,11394,5
2020-06-17,15:19:15.739000,11393,11394,11394,4
2020-06-17,15:19:16.070000,11394,11395,11394,1
2020-06-17,15:19:16.392000,11393,11394,11394,1
2020-06-17,15:19:16.860000,11393,11394,11394,1
2020-06-17,15:19:17.868000,11394,11395,11394,1
2020-06-17,15:19:18.282000,11394,11395,11395,1
2020-06-17,15:19:18.688000,11394,11395,11394,2
2020-06-17,15:19:18.696000,11394,11395,11394,1
2020-06-17,15:19:18.725000,11393,11394,11394,5
2020-06-17,15:19:19.067000,11393,11394,11394,5
2020-06-17,15:19:19.718000,11393,11394,11393,1
2020-06-17,15:19:19.764000,11393,11394,11393,2
2020-06-17,15:19:19.764000,11393,11394,11393,1
2020-06-17,15:19:19.765000,11393,11394,11393,1
2020-06-17,15:19:19.765000,11393,11394,11393,7
2020-06-17,15:19:19.765000,11393,11394,11393,4
2020-06-17,15:19:19.765000,11393,11394,11393,2
2020-06-17,15:19:19.895000,11392,11393,11393,1
2020-06-17,15:19:21.489000,11392,11393,11393,5
2020-06-17,15:19:21.490000,11392,11393,11393,2
2020-06-17,15:19:22.513000,11393,11394,11393,1
2020-06-17,15:19:22.592000,11392,11393,11393,1
2020-06-17,15:19:24.139000,11392,11393,11393,1
2020-06-17,15:19:26.595000,11392,11393,11392,5
2020-06-17,15:19:26.716000,11392,11393,11393,1
2020-06-17,15:19:29.806000,11392,11393,11393,1
2020-06-17,15:19:30.068000,11393,11394,11393,2
2020-06-17,15:19:34.276000,11393,11394,11394,6
2020-06-17,15:19:34.942000,11394,11395,11394,1
2020-06-17,15:19:36.213000,11393,11395,11394,1
2020-06-17,15:19:40.500000,11393,11394,11393,1
2020-06-17,15:19:41.409000,11393,11394,11394,1
2020-06-17,15:19:45.149000,11393,11394,11393,5
2020-06-17,15:19:46.036000,11392,11393,11392,9
2020-06-17,15:19:47.735000,11392,11393,11393,1
2020-06-17,15:19:49.244000,11392,11393,11393,2
2020-06-17,15:19:51.161000,11392,11393,11392,4
2020-06-17,15:19:51.349000,11391,11392,11392,2
2020-06-17,15:19:51.349000,11391,11392,11392,1
2020-06-17,15:19:51.349000,11391,11392,11392,1
2020-06-17,15:19:51.352000,11391,11392,11392,4
2020-06-17,15:19:51.686000,11391,11393,11392,1
2020-06-17,15:19:54.013000,11392,11394,11394,1
2020-06-17,15:19:57.504000,11392,11393,11393,1
2020-06-17,15:19:57.944000,11392,11393,11392,1
2020-06-17,15:19:57.944000,11392,11393,11392,1
2020-06-17,15:19:57.944000,11392,11393,11392,1
2020-06-17,15:20:00.745000,11392,11393,11392,1
2020-06-17,15:20:01.310000,11392,11393,11393,1
2020-06-17,15:20:01.519000,11392,11393,11392,1
2020-06-17,15:20:01.519000,11392,11393,11391,1
2020-06-17,15:20:02.250000,11391,11392,11392,1
2020-06-17,15:20:02.250000,11391,11392,11392,1
2020-06-17,15:20:02.289000,11391,11392,11392,1
2020-06-17,15:20:02.537000,11392,11393,11392,2
2020-06-17,15:20:02.564000,11392,11393,11392,2
2020-06-17,15:20:03.342000,11392,11393,11392,1
2020-06-17,15:20:12.018000,11391,11393,11393,1
2020-06-17,15:20:16.808000,11391,11392,11392,2
2020-06-17,15:20:17.168000,11391,11392,11391,4
2020-06-17,15:20:18.346000,11390,11391,11391,1
2020-06-17,15:20:19.190000,11390,11391,11391,2
2020-06-17,15:20:21.321000,11390,11391,11391,1
2020-06-17,15:20:23.736000,11390,11392,11392,2
2020-06-17,15:20:29.175000,11390,11391,11390,5
2020-06-17,15:20:29.417000,11390,11391,11390,5
2020-06-17,15:20:29.624000,11390,11391,11390,5
2020-06-17,15:20:32.271000,11390,11391,11390,1
2020-06-17,15:20:33.019000,11390,11391,11391,1
2020-06-17,15:20:34.669000,11390,11391,11391,1
2020-06-17,15:20:35.209000,11391,11392,11391,1
2020-06-17,15:20:35.673000,11391,11392,11391,1
2020-06-17,15:20:40.604000,11391,11392,11392,4
2020-06-17,15:20:43.251000,11392,11393,11393,1
2020-06-17,15:20:43.542000,11392,11393,11392,1
2020-06-17,15:20:44.167000,11392,11393,11392,5
2020-06-17,15:20:45.997000,11391,11392,11392,1
2020-06-17,15:20:46.804000,11391,11392,11391,2
2020-06-17,15:20:47.068000,11389,11391,11391,1
2020-06-17,15:20:48.833000,11390,11391,11391,1
2020-06-17,15:20:51.618000,11390,11391,11390,1
2020-06-17,15:20:51.949000,11389,11390,11390,1
2020-06-17,15:20:52.922000,11389,11390,11389,2
2020-06-17,15:20:54.139000,11388,11390,11388,3
2020-06-17,15:20:55.117000,11388,11389,11388,1
2020-06-17,15:20:55.216000,11388,11389,11388,9
2020-06-17,15:20:55.408000,11388,11389,11388,5
2020-06-17,15:20:57.543000,11388,11389,11388,1
2020-06-17,15:21:03.905000,11388,11389,11388,2
2020-06-17,15:21:07.262000,11388,11389,11388,1
2020-06-17,15:21:08.669000,11388,11389,11389,1
2020-06-17,15:21:09.693000,11388,11390,11389,1
2020-06-17,15:21:18.280000,11388,11389,11389,2
2020-06-17,15:21:19.005000,11388,11389,11389,2
2020-06-17,15:21:19.520000,11389,11390,11389,1
2020-06-17,15:21:21.810000,11388,11389,11389,1
2020-06-17,15:21:25.108000,11388,11389,11389,1
2020-06-17,15:21:26.604000,11388,11389,11389,1
2020-06-17,15:21:26.809000,11388,11389,11388,1
2020-06-17,15:21:26.902000,11388,11389,11388,1
2020-06-17,15:21:30.820000,11388,11389,11388,5
2020-06-17,15:21:32.463000,11387,11388,11388,1
2020-06-17,15:21:32.511000,11387,11388,11388,1
2020-06-17,15:21:33.630000,11387,11388,11388,11
2020-06-17,15:21:35.749000,11388,11389,11388,8
2020-06-17,15:21:37.071000,11388,11389,11388,1
2020-06-17,15:21:49.501000,11387,11388,11388,1
2020-06-17,15:21:49.501000,11387,11388,11388,1
2020-06-17,15:21:49.502000,11387,11388,11388,2
2020-06-17,15:21:55.107000,11388,11389,11389,1
2020-06-17,15:21:55.107000,11388,11389,11389,3
2020-06-17,15:21:55.107000,11388,11389,11389,5
2020-06-17,15:21:55.355000,11389,11390,11390,2
2020-06-17,15:22:01.822000,11388,11390,11390,1
2020-06-17,15:22:06.624000,11388,11389,11389,2
2020-06-17,15:22:06.624000,11388,11389,11389,1
2020-06-17,15:22:11.232000,11389,11390,11390,1
2020-06-17,15:22:11.567000,11390,11391,11390,2
2020-06-17,15:22:16.004000,11390,11391,11390,1
2020-06-17,15:22:20.560000,11390,11391,11390,1
2020-06-17,15:22:30.069000,11389,11390,11389,1
2020-06-17,15:22:30.069000,11389,11390,11389,1
2020-06-17,15:22:33.200000,11389,11390,11390,4
2020-06-17,15:22:35.697000,11389,11390,11390,2
2020-06-17,15:22:35.697000,11389,11390,11390,1
2020-06-17,15:22:36.235000,11390,11391,11391,1
2020-06-17,15:22:38.801000,11390,11391,11391,2
2020-06-17,15:22:41.524000,11390,11391,11391,2
2020-06-17,15:22:41.537000,11390,11391,11392,1
2020-06-17,15:22:45.289000,11391,11392,11391,2
2020-06-17,15:22:51.472000,11391,11392,11392,5
2020-06-17,15:22:53.710000,11391,11392,11392,1
2020-06-17,15:23:02.232000,11391,11392,11392,1
2020-06-17,15:23:03.970000,11391,11392,11392,1
2020-06-17,15:23:04.694000,11391,11392,11392,1
2020-06-17,15:23:04.695000,11391,11392,11392,1
2020-06-17,15:23:04.695000,11391,11392,11392,1
2020-06-17,15:23:04.695000,11391,11392,11392,4
2020-06-17,15:23:11.961000,11391,11392,11392,2
2020-06-17,15:23:14.212000,11391,11392,11391,2
2020-06-17,15:23:14.212000,11391,11392,11391,7
2020-06-17,15:23:15.880000,11390,11391,11390,2
2020-06-17,15:23:15.880000,11390,11391,11390,2
2020-06-17,15:23:18.795000,11389,11390,11390,1
2020-06-17,15:23:19.331000,11389,11390,11390,1
2020-06-17,15:23:22.682000,11389,11390,11390,1
2020-06-17,15:23:23.965000,11389,11390,11390,1
2020-06-17,15:23:27.596000,11390,11391,11390,1
2020-06-17,15:23:30.882000,11389,11390,11390,1
2020-06-17,15:23:35.502000,11390,11391,11390,1
2020-06-17,15:23:38.884000,11389,11390,11389,1
2020-06-17,15:23:42.039000,11389,11390,11390,1
2020-06-17,15:23:45.859000,11389,11390,11390,1
2020-06-17,15:23:47.312000,11389,11390,11389,1
2020-06-17,15:23:50.040000,11389,11390,11390,2
2020-06-17,15:23:52.017000,11390,11391,11390,1
2020-06-17,15:23:53.959000,11389,11390,11390,1
2020-06-17,15:23:56.081000,11389,11390,11390,1
2020-06-17,15:24:02.929000,11389,11390,11390,1
2020-06-17,15:24:03.181000,11390,11391,11390,2
2020-06-17,15:24:03.456000,11389,11391,11389,2
2020-06-17,15:24:04.123000,11389,11391,11389,2
2020-06-17,15:24:09.669000,11389,11390,11389,4
2020-06-17,15:24:09.670000,11389,11390,11389,2
2020-06-17,15:24:09.887000,11388,11389,11389,1
2020-06-17,15:24:17.705000,11388,11390,11390,1
2020-06-17,15:24:17.853000,11388,11390,11388,1
2020-06-17,15:24:27.441000,11389,11390,11389,1
2020-06-17,15:24:31.611000,11388,11389,11389,1
2020-06-17,15:24:42.608000,11388,11389,11389,1
2020-06-17,15:24:42.815000,11388,11389,11389,1
2020-06-17,15:24:46.649000,11388,11389,11389,2
2020-06-17,15:24:56.214000,11389,11390,11389,1
2020-06-17,15:25:09.754000,11389,11390,11389,1
2020-06-17,15:25:11.202000,11389,11390,11390,4
2020-06-17,15:25:14.320000,11390,11391,11391,2
2020-06-17,15:25:21.139000,11390,11391,11390,1
2020-06-17,15:25:21.515000,11389,11390,11390,1
2020-06-17,15:25:22.920000,11389,11390,11390,1
2020-06-17,15:25:26.156000,11389,11390,11390,1
2020-06-17,15:25:27.274000,11389,11390,11389,1
2020-06-17,15:25:34.073000,11389,11390,11389,1
2020-06-17,15:25:35.623000,11388,11389,11389,2
2020-06-17,15:25:37.464000,11388,11389,11389,1
2020-06-17,15:25:39.087000,11388,11389,11389,1
2020-06-17,15:25:40.075000,11389,11390,11389,1
2020-06-17,15:25:41.575000,11389,11390,11389,1
2020-06-17,15:25:47.538000,11389,11390,11389,1
2020-06-17,15:25:48.313000,11389,11390,11389,1
2020-06-17,15:25:52.456000,11389,11390,11390,1
2020-06-17,15:25:58.543000,11389,11390,11390,10
2020-06-17,15:25:58.859000,11389,11390,11389,1
2020-06-17,15:26:05.690000,11389,11390,11389,1
2020-06-17,15:26:05.701000,11389,11390,11389,1
2020-06-17,15:26:11.696000,11389,11390,11389,1
2020-06-17,15:26:18.099000,11389,11390,11389,1
2020-06-17,15:26:20.240000,11389,11390,11390,5
2020-06-17,15:26:20.456000,11390,11391,11390,3
2020-06-17,15:26:21.167000,11390,11391,11390,1
2020-06-17,15:26:26.253000,11390,11391,11390,1
2020-06-17,15:26:28.504000,11390,11391,11390,3
2020-06-17,15:26:29.158000,11390,11391,11391,1
2020-06-17,15:26:30.964000,11390,11391,11391,1
2020-06-17,15:26:33.601000,11389,11391,11391,7
2020-06-17,15:26:48.973000,11390,11391,11391,2
2020-06-17,15:26:48.973000,11390,11391,11391,1
2020-06-17,15:26:48.973000,11390,11391,11391,4
2020-06-17,15:26:48.973000,11390,11391,11391,8
2020-06-17,15:26:48.973000,11390,11391,11391,7
2020-06-17,15:26:48.974000,11390,11391,11391,21
2020-06-17,15:26:48.974000,11390,11391,11391,1
2020-06-17,15:26:48.974000,11390,11391,11391,1
2020-06-17,15:26:48.974000,11390,11391,11391,2
2020-06-17,15:26:57.389000,11391,11392,11391,1
2020-06-17,15:27:00.920000,11391,11392,11392,1
2020-06-17,15:27:01.244000,11391,11392,11392,2
2020-06-17,15:27:02.449000,11391,11393,11391,8
2020-06-17,15:27:02.472000,11391,11393,11391,1
2020-06-17,15:27:08.482000,11391,11392,11391,1
2020-06-17,15:27:10.554000,11391,11392,11392,4
2020-06-17,15:27:11.105000,11392,11393,11393,1
2020-06-17,15:27:11.989000,11392,11393,11393,1
2020-06-17,15:27:14.322000,11392,11393,11393,1
2020-06-17,15:27:14.322000,11392,11393,11393,1
2020-06-17,15:27:14.322000,11392,11393,11393,7
2020-06-17,15:27:14.323000,11392,11393,11393,4
2020-06-17,15:27:14.323000,11392,11393,11393,1
2020-06-17,15:27:14.323000,11392,11393,11393,2
2020-06-17,15:27:14.323000,11392,11393,11393,4
2020-06-17,15:27:15.978000,11393,11394,11394,1
2020-06-17,15:27:16.003000,11393,11394,11393,1
2020-06-17,15:27:16.698000,11393,11394,11394,1
2020-06-17,15:27:20.763000,11393,11394,11394,1
2020-06-17,15:27:20.886000,11393,11394,11394,1
2020-06-17,15:27:21.409000,11393,11394,11394,1
2020-06-17,15:27:23.722000,11393,11394,11394,1
2020-06-17,15:27:23.723000,11393,11394,11394,3
2020-06-17,15:27:23.723000,11393,11394,11394,1
2020-06-17,15:27:23.723000,11393,11394,11394,2
2020-06-17,15:27:23.723000,11393,11394,11394,4
2020-06-17,15:27:23.723000,11393,11394,11394,1
2020-06-17,15:27:23.724000,11393,11394,11394,1
2020-06-17,15:27:24.289000,11394,11395,11395,2
2020-06-17,15:27:24.480000,11394,11395,11395,2
2020-06-17,15:27:24.481000,11394,11395,11395,6
2020-06-17,15:27:24.482000,11394,11395,11395,4
2020-06-17,15:27:24.482000,11394,11395,11395,1
2020-06-17,15:27:24.816000,11395,11396,11395,2
2020-06-17,15:27:25.009000,11394,11396,11394,1
2020-06-17,15:27:27.447000,11395,11396,11396,1
2020-06-17,15:27:29.296000,11395,11396,11395,1
2020-06-17,15:27:29.596000,11395,11396,11395,1
2020-06-17,15:27:29.596000,11395,11396,11395,1
2020-06-17,15:27:29.596000,11395,11396,11395,4
2020-06-17,15:27:30.340000,11394,11395,11394,3
2020-06-17,15:27:32.218000,11394,11395,11395,2
2020-06-17,15:27:33.150000,11395,11396,11396,1
2020-06-17,15:27:33.215000,11395,11396,11396,10
2020-06-17,15:27:33.215000,11395,11396,11396,2
2020-06-17,15:27:33.215000,11395,11396,11396,2
2020-06-17,15:27:33.217000,11395,11396,11396,4
2020-06-17,15:27:33.217000,11395,11396,11396,1
2020-06-17,15:27:33.240000,11395,11396,11396,1
2020-06-17,15:27:33.251000,11395,11396,11396,1
2020-06-17,15:27:33.251000,11395,11396,11396,1
2020-06-17,15:27:33.251000,11395,11396,11396,1
2020-06-17,15:27:33.259000,11395,11396,11397,1
2020-06-17,15:27:33.285000,11395,11396,11397,1
2020-06-17,15:27:33.309000,11395,11396,11397,3
2020-06-17,15:27:33.732000,11396,11397,11397,7
2020-06-17,15:27:34.489000,11396,11397,11397,4
2020-06-17,15:27:34.648000,11397,11398,11397,1
2020-06-17,15:27:34.648000,11397,11398,11397,1
2020-06-17,15:27:34.648000,11397,11398,11397,1
2020-06-17,15:27:34.761000,11396,11397,11397,4
2020-06-17,15:27:35.618000,11397,11398,11398,1
2020-06-17,15:27:35.841000,11397,11398,11398,5
2020-06-17,15:27:36.051000,11397,11398,11398,5
2020-06-17,15:27:36.152000,11397,11398,11398,1
2020-06-17,15:27:36.250000,11397,11398,11398,5
2020-06-17,15:27:36.463000,11397,11398,11398,5
2020-06-17,15:27:36.598000,11397,11398,11398,1
2020-06-17,15:27:36.701000,11397,11399,11399,5
2020-06-17,15:27:36.901000,11397,11399,11399,5
2020-06-17,15:27:36.966000,11397,11399,11399,3
2020-06-17,15:27:37.102000,11398,11399,11399,5
2020-06-17,15:27:37.129000,11398,11399,11398,1
2020-06-17,15:27:37.302000,11398,11399,11399,5
2020-06-17,15:27:37.468000,11398,11399,11399,3
2020-06-17,15:27:37.469000,11398,11399,11399,2
2020-06-17,15:27:37.470000,11398,11399,11399,1
2020-06-17,15:27:38.196000,11399,11400,11400,1
2020-06-17,15:27:38.212000,11399,11400,11399,1
2020-06-17,15:27:38.400000,11399,11400,11400,1
2020-06-17,15:27:38.796000,11399,11400,11400,1
2020-06-17,15:27:39.088000,11399,11400,11400,1
2020-06-17,15:27:39.116000,11399,11400,11400,2
2020-06-17,15:27:39.116000,11399,11400,11400,1
2020-06-17,15:27:40.458000,11399,11400,11400,2
2020-06-17,15:27:40.526000,11399,11400,11399,1
2020-06-17,15:27:40.973000,11399,11400,11400,1
2020-06-17,15:27:41.131000,11399,11400,11399,2
2020-06-17,15:27:41.156000,11399,11400,11399,1
2020-06-17,15:27:41.556000,11398,11399,11399,2
2020-06-17,15:27:42.200000,11398,11399,11399,1
2020-06-17,15:27:42.418000,11398,11400,11400,1
2020-06-17,15:27:44.045000,11398,11400,11400,1
2020-06-17,15:27:44.326000,11399,11400,11399,1
2020-06-17,15:27:44.600000,11399,11400,11399,1
2020-06-17,15:27:45.762000,11399,11400,11400,1
2020-06-17,15:27:46.538000,11399,11400,11400,1
2020-06-17,15:27:46.575000,11399,11400,11400,1
2020-06-17,15:27:46.643000,11399,11400,11400,1
2020-06-17,15:27:46.702000,11399,11400,11400,1
2020-06-17,15:27:46.712000,11399,11400,11399,1
2020-06-17,15:27:46.757000,11399,11400,11400,1
2020-06-17,15:27:46.757000,11399,11400,11400,1
2020-06-17,15:27:46.757000,11399,11400,11400,1
2020-06-17,15:27:46.757000,11399,11400,11400,1
2020-06-17,15:27:46.757000,11399,11400,11400,1
2020-06-17,15:27:46.757000,11399,11400,11400,4
2020-06-17,15:27:46.757000,11399,11400,11400,2
2020-06-17,15:27:46.868000,11400,11401,11401,2
2020-06-17,15:27:46.871000,11400,11401,11401,6
2020-06-17,15:27:47.008000,11400,11401,11400,1
2020-06-17,15:27:47.144000,11400,11401,11400,1
2020-06-17,15:27:47.231000,11400,11401,11400,1
2020-06-17,15:27:47.543000,11400,11401,11400,5
2020-06-17,15:27:48.128000,11400,11401,11400,2
2020-06-17,15:27:48.132000,11400,11401,11400,5
2020-06-17,15:27:48.874000,11399,11401,11399,1
2020-06-17,15:27:48.913000,11399,11401,11400,4
2020-06-17,15:27:48.996000,11400,11401,11401,10
2020-06-17,15:27:49.242000,11400,11401,11401,1
2020-06-17,15:27:49.288000,11400,11401,11401,4
2020-06-17,15:27:50.224000,11400,11401,11401,2
2020-06-17,15:27:50.383000,11400,11401,11401,1
2020-06-17,15:27:50.625000,11400,11401,11401,1
2020-06-17,15:27:51.412000,11400,11401,11400,4
2020-06-17,15:27:51.413000,11400,11401,11400,1
2020-06-17,15:27:51.451000,11400,11401,11401,1
2020-06-17,15:27:51.758000,11400,11401,11400,1
2020-06-17,15:27:51.797000,11400,11401,11401,1
2020-06-17,15:27:52.818000,11400,11401,11401,1
2020-06-17,15:27:53.525000,11400,11401,11401,1
2020-06-17,15:27:53.623000,11400,11401,11401,1
2020-06-17,15:27:53.720000,11400,11401,11401,1
2020-06-17,15:27:53.904000,11400,11401,11400,2
2020-06-17,15:27:53.904000,11400,11401,11400,3
2020-06-17,15:27:54.444000,11399,11400,11400,2
2020-06-17,15:27:54.505000,11399,11400,11400,1
2020-06-17,15:27:54.520000,11399,11400,11400,1
2020-06-17,15:27:55.641000,11399,11400,11400,1
2020-06-17,15:27:55.654000,11399,11400,11401,1
2020-06-17,15:27:55.785000,11399,11401,11400,1
2020-06-17,15:27:58.170000,11399,11400,11399,5
2020-06-17,15:27:59.940000,11399,11400,11400,2
2020-06-17,15:28:01.070000,11399,11400,11400,1
2020-06-17,15:28:01.107000,11399,11400,11400,1
2020-06-17,15:28:01.107000,11399,11400,11400,5
2020-06-17,15:28:01.107000,11399,11400,11400,1
2020-06-17,15:28:01.108000,11399,11400,11400,1
2020-06-17,15:28:01.776000,11399,11400,11399,6
2020-06-17,15:28:02.110000,11399,11400,11399,2
2020-06-17,15:28:02.153000,11399,11400,11400,9
2020-06-17,15:28:03.006000,11399,11400,11399,1
2020-06-17,15:28:05.301000,11399,11400,11399,1
2020-06-17,15:28:07.594000,11399,11400,11399,1
2020-06-17,15:28:07.908000,11399,11400,11399,1
2020-06-17,15:28:07.908000,11399,11400,11399,3
2020-06-17,15:28:09.263000,11398,11400,11400,2
2020-06-17,15:28:09.452000,11398,11400,11400,1
2020-06-17,15:28:09.662000,11398,11400,11400,2
2020-06-17,15:28:09.763000,11399,11400,11400,2
2020-06-17,15:28:10.066000,11398,11400,11400,1
2020-06-17,15:28:10.279000,11398,11400,11400,4
2020-06-17,15:28:10.407000,11399,11400,11400,2
2020-06-17,15:28:10.504000,11398,11400,11400,2
2020-06-17,15:28:10.705000,11399,11400,11399,1
2020-06-17,15:28:15.057000,11399,11400,11399,5
2020-06-17,15:28:15.510000,11399,11400,11399,2
2020-06-17,15:28:17.165000,11398,11399,11399,1
2020-06-17,15:28:18.631000,11398,11399,11398,5
2020-06-17,15:28:18.894000,11398,11399,11399,1
2020-06-17,15:28:19.144000,11398,11399,11398,5
2020-06-17,15:28:19.340000,11398,11399,11398,5
2020-06-17,15:28:19.582000,11398,11399,11399,1
2020-06-17,15:28:20.016000,11398,11399,11398,5
2020-06-17,15:28:20.123000,11398,11399,11399,1
2020-06-17,15:28:20.918000,11398,11399,11399,1
2020-06-17,15:28:21.636000,11398,11399,11399,2
2020-06-17,15:28:22.094000,11398,11399,11399,1
2020-06-17,15:28:22.494000,11398,11399,11398,1
2020-06-17,15:28:23.566000,11398,11399,11399,1
2020-06-17,15:28:24.844000,11398,11399,11399,1
2020-06-17,15:28:24.844000,11398,11399,11399,1
2020-06-17,15:28:25.919000,11398,11399,11399,1
2020-06-17,15:28:26.141000,11398,11399,11399,1
2020-06-17,15:28:28.634000,11398,11400,11400,3
2020-06-17,15:28:28.864000,11399,11400,11400,4
2020-06-17,15:28:29.670000,11399,11400,11400,1
2020-06-17,15:28:31.338000,11399,11400,11399,1
2020-06-17,15:28:31.946000,11399,11400,11400,4
2020-06-17,15:28:31.946000,11399,11400,11401,1
2020-06-17,15:28:32.003000,11399,11401,11400,1
2020-06-17,15:28:32.560000,11399,11400,11400,1
2020-06-17,15:28:34.512000,11400,11401,11400,3
2020-06-17,15:28:34.512000,11400,11401,11400,1
2020-06-17,15:28:34.513000,11400,11401,11400,1
2020-06-17,15:28:35.222000,11400,11401,11401,1
2020-06-17,15:28:35.542000,11400,11401,11400,3
2020-06-17,15:28:38.229000,11399,11401,11400,1
