2020-04-14 15:00:00.048,10332,10333,10338,78
2020-04-14 15:00:00.226,10337,10338,10338,1
2020-04-14 15:00:00.258,10337,10338,10338,1
2020-04-14 15:00:00.262,10337,10338,10338,1
2020-04-14 15:00:00.265,10337,10338,10338,1
2020-04-14 15:00:00.290,10337,10338,10338,1
2020-04-14 15:00:00.306,10337,10338,10338,1
2020-04-14 15:00:00.340,10337,10338,10338,1
2020-04-14 15:00:00.417,10337,10338,10337,1
2020-04-14 15:00:00.502,10337,10338,10337,1
2020-04-14 15:00:00.521,10337,10338,10336,1
2020-04-14 15:00:00.547,10337,10338,10336,2
2020-04-14 15:00:00.574,10337,10338,10336,1
2020-04-14 15:00:00.651,10336,10338,10338,1
2020-04-14 15:00:00.766,10336,10338,10336,1
2020-04-14 15:00:00.777,10336,10338,10335,1
2020-04-14 15:00:00.883,10335,10338,10335,1
2020-04-14 15:00:00.946,10335,10338,10335,1
2020-04-14 15:00:01.006,10335,10338,10338,1
2020-04-14 15:00:01.007,10335,10338,10335,1
2020-04-14 15:00:01.107,10335,10338,10338,1
2020-04-14 15:00:01.117,10335,10338,10335,2
2020-04-14 15:00:01.120,10335,10338,10337,1
2020-04-14 15:00:01.180,10335,10338,10338,10
2020-04-14 15:00:01.248,10337,10339,10337,1
2020-04-14 15:00:01.336,10337,10339,10336,1
2020-04-14 15:00:01.336,10337,10339,10336,1
2020-04-14 15:00:01.338,10337,10339,10337,1
2020-04-14 15:00:01.339,10337,10339,10337,1
2020-04-14 15:00:02.311,10336,10338,10338,1
2020-04-14 15:00:02.312,10336,10338,10338,1
2020-04-14 15:00:02.594,10337,10338,10338,1
2020-04-14 15:00:02.646,10337,10338,10337,1
2020-04-14 15:00:02.666,10337,10338,10337,1
2020-04-14 15:00:02.742,10337,10338,10338,1
2020-04-14 15:00:02.802,10336,10339,10336,6
2020-04-14 15:00:02.907,10336,10339,10338,1
2020-04-14 15:00:03.739,10336,10338,10338,1
2020-04-14 15:00:04.323,10336,10337,10337,1
2020-04-14 15:00:05.004,10336,10337,10336,1
2020-04-14 15:00:05.403,10336,10337,10337,1
2020-04-14 15:00:05.623,10336,10337,10337,1
2020-04-14 15:00:05.627,10336,10338,10338,1
2020-04-14 15:00:05.629,10336,10338,10337,1
2020-04-14 15:00:05.707,10336,10338,10338,1
2020-04-14 15:00:05.841,10336,10338,10338,1
2020-04-14 15:00:06.255,10336,10338,10337,1
2020-04-14 15:00:08.039,10336,10338,10338,5
2020-04-14 15:00:08.268,10336,10338,10338,2
2020-04-14 15:00:08.268,10336,10338,10339,3
2020-04-14 15:00:08.440,10337,10339,10339,5
2020-04-14 15:00:08.720,10337,10339,10339,2
2020-04-14 15:00:08.720,10337,10339,10340,3
2020-04-14 15:00:09.043,10336,10337,10337,1
2020-04-14 15:00:09.224,10336,10337,10337,2
2020-04-14 15:00:09.224,10336,10337,10339,2
2020-04-14 15:00:09.709,10337,10339,10339,1
2020-04-14 15:00:10.303,10337,10338,10338,1
2020-04-14 15:00:10.303,10337,10338,10339,3
2020-04-14 15:00:11.270,10337,10338,10338,1
2020-04-14 15:00:11.646,10337,10339,10339,1
2020-04-14 15:00:11.704,10337,10339,10339,1
2020-04-14 15:00:12.186,10337,10339,10339,1
2020-04-14 15:00:12.830,10337,10339,10339,1
2020-04-14 15:00:13.223,10337,10339,10340,1
2020-04-14 15:00:13.487,10337,10339,10338,1
2020-04-14 15:00:14.581,10337,10338,10337,1
2020-04-14 15:00:14.653,10337,10338,10338,1
2020-04-14 15:00:15.899,10337,10338,10338,1
2020-04-14 15:00:17.661,10338,10339,10338,2
2020-04-14 15:00:17.661,10338,10339,10338,2
2020-04-14 15:00:17.662,10338,10339,10338,6
2020-04-14 15:00:18.235,10338,10339,10338,1
2020-04-14 15:00:20.076,10337,10339,10339,3
2020-04-14 15:00:20.084,10337,10339,10339,1
2020-04-14 15:00:20.783,10338,10339,10339,1
2020-04-14 15:00:20.784,10338,10339,10339,2
2020-04-14 15:00:21.722,10338,10339,10339,1
2020-04-14 15:00:21.739,10338,10339,10339,1
2020-04-14 15:00:23.662,10338,10339,10338,1
2020-04-14 15:00:26.282,10337,10339,10339,1
2020-04-14 15:00:26.487,10337,10339,10337,6
2020-04-14 15:00:26.487,10337,10339,10336,9
2020-04-14 15:00:27.548,10337,10338,10337,2
2020-04-14 15:00:27.548,10337,10338,10336,2
2020-04-14 15:00:27.649,10336,10338,10338,1
2020-04-14 15:00:28.919,10337,10338,10337,1
2020-04-14 15:00:29.011,10336,10338,10337,2
2020-04-14 15:00:29.142,10337,10338,10337,2
2020-04-14 15:00:29.572,10337,10338,10337,1
2020-04-14 15:00:30.393,10336,10337,10336,5
2020-04-14 15:00:30.997,10336,10337,10337,2
2020-04-14 15:00:30.997,10336,10337,10338,3
2020-04-14 15:00:32.052,10336,10338,10336,1
2020-04-14 15:00:33.393,10336,10338,10336,1
2020-04-14 15:00:34.580,10336,10337,10337,1
2020-04-14 15:00:34.948,10336,10337,10337,1
2020-04-14 15:00:35.005,10336,10338,10338,5
2020-04-14 15:00:35.005,10336,10338,10337,1
2020-04-14 15:00:35.038,10336,10338,10336,1
2020-04-14 15:00:36.964,10336,10337,10336,1
2020-04-14 15:00:38.069,10335,10336,10336,1
2020-04-14 15:00:38.069,10335,10336,10337,1
2020-04-14 15:00:39.176,10335,10336,10336,1
2020-04-14 15:00:39.176,10335,10336,10337,7
2020-04-14 15:00:40.575,10336,10337,10337,2
2020-04-14 15:00:41.231,10336,10338,10336,2
2020-04-14 15:00:41.264,10336,10338,10336,1
2020-04-14 15:00:41.983,10336,10338,10338,1
2020-04-14 15:00:43.082,10336,10338,10337,1
2020-04-14 15:00:44.169,10336,10337,10337,1
2020-04-14 15:00:45.249,10336,10337,10337,1
2020-04-14 15:00:51.569,10337,10338,10338,1
2020-04-14 15:00:51.570,10337,10338,10338,1
2020-04-14 15:00:51.570,10337,10338,10338,1
2020-04-14 15:00:51.623,10337,10338,10338,2
2020-04-14 15:00:51.624,10337,10338,10338,1
2020-04-14 15:00:52.632,10338,10339,10338,4
2020-04-14 15:00:52.808,10337,10339,10337,1
2020-04-14 15:00:53.311,10338,10339,10338,1
2020-04-14 15:00:57.842,10338,10339,10338,2
2020-04-14 15:00:57.874,10338,10339,10339,2
2020-04-14 15:00:57.875,10338,10339,10339,1
2020-04-14 15:00:59.284,10338,10340,10338,1
2020-04-14 15:01:00.345,10339,10340,10339,1
2020-04-14 15:01:00.678,10339,10340,10340,4
2020-04-14 15:01:00.686,10339,10340,10340,4
2020-04-14 15:01:00.690,10339,10340,10340,2
2020-04-14 15:01:01.233,10339,10340,10340,2
2020-04-14 15:01:01.430,10339,10340,10340,1
2020-04-14 15:01:01.505,10339,10341,10339,2
2020-04-14 15:01:01.510,10339,10341,10339,2
2020-04-14 15:01:01.516,10339,10341,10338,1
2020-04-14 15:01:01.518,10339,10341,10338,1
2020-04-14 15:01:01.520,10339,10341,10338,1
2020-04-14 15:01:01.522,10339,10341,10338,1
2020-04-14 15:01:01.523,10339,10341,10338,1
2020-04-14 15:01:01.523,10339,10341,10337,1
2020-04-14 15:01:01.524,10339,10341,10337,4
2020-04-14 15:01:02.297,10338,10340,10340,1
2020-04-14 15:01:04.030,10340,10341,10341,1
2020-04-14 15:01:06.213,10340,10341,10341,1
2020-04-14 15:01:07.242,10340,10341,10341,1
2020-04-14 15:01:07.692,10340,10341,10341,1
2020-04-14 15:01:08.205,10340,10341,10340,1
2020-04-14 15:01:08.253,10340,10341,10341,1
2020-04-14 15:01:09.816,10340,10342,10342,1
2020-04-14 15:01:09.927,10340,10342,10340,1
2020-04-14 15:01:09.960,10340,10342,10342,1
2020-04-14 15:01:11.202,10340,10342,10341,2
2020-04-14 15:01:13.446,10340,10341,10340,2
2020-04-14 15:01:13.998,10340,10341,10340,1
2020-04-14 15:01:13.999,10340,10341,10340,1
2020-04-14 15:01:14.477,10339,10341,10339,1
2020-04-14 15:01:14.911,10338,10340,10340,1
2020-04-14 15:01:16.133,10338,10340,10340,1
2020-04-14 15:01:18.243,10339,10340,10340,1
2020-04-14 15:01:18.509,10339,10341,10341,2
2020-04-14 15:01:20.194,10340,10341,10340,2
2020-04-14 15:01:21.001,10339,10340,10340,2
2020-04-14 15:01:25.016,10339,10340,10340,1
2020-04-14 15:01:25.605,10339,10340,10339,4
2020-04-14 15:01:28.389,10339,10340,10339,2
2020-04-14 15:01:29.935,10338,10339,10339,1
2020-04-14 15:01:32.472,10339,10340,10340,1
2020-04-14 15:01:34.174,10338,10340,10340,1
2020-04-14 15:01:36.879,10339,10340,10339,1
2020-04-14 15:01:36.880,10339,10340,10338,9
2020-04-14 15:01:36.969,10339,10340,10338,1
2020-04-14 15:01:36.994,10339,10340,10339,1
2020-04-14 15:01:38.462,10337,10339,10339,1
2020-04-14 15:01:39.256,10339,10340,10339,8
2020-04-14 15:01:40.715,10338,10340,10338,1
2020-04-14 15:01:41.849,10337,10340,10339,1
2020-04-14 15:01:49.961,10338,10339,10339,1
2020-04-14 15:01:50.606,10338,10339,10338,1
2020-04-14 15:01:51.462,10338,10339,10338,2
2020-04-14 15:01:53.564,10338,10339,10339,1
2020-04-14 15:01:53.564,10338,10339,10339,1
2020-04-14 15:01:53.564,10338,10339,10339,1
2020-04-14 15:01:53.564,10338,10339,10339,4
2020-04-14 15:01:53.565,10338,10339,10339,2
2020-04-14 15:01:54.457,10339,10340,10340,1
2020-04-14 15:01:55.733,10339,10340,10339,1
2020-04-14 15:02:10.408,10338,10339,10339,1
2020-04-14 15:02:10.408,10338,10339,10339,2
2020-04-14 15:02:13.579,10339,10340,10339,1
2020-04-14 15:02:14.807,10339,10340,10339,1
2020-04-14 15:02:18.569,10338,10339,10339,1
2020-04-14 15:02:21.101,10338,10339,10339,1
2020-04-14 15:02:21.879,10338,10339,10338,12
2020-04-14 15:02:21.981,10338,10339,10337,13
2020-04-14 15:02:21.981,10338,10339,10337,1
2020-04-14 15:02:21.981,10338,10339,10337,2
2020-04-14 15:02:21.981,10338,10339,10337,5
2020-04-14 15:02:24.992,10336,10337,10337,1
2020-04-14 15:02:26.790,10336,10337,10337,1
2020-04-14 15:02:31.783,10336,10337,10337,2
2020-04-14 15:02:33.917,10336,10337,10337,2
2020-04-14 15:02:33.917,10336,10337,10337,1
2020-04-14 15:02:33.917,10336,10337,10337,1
2020-04-14 15:02:33.917,10336,10337,10337,1
2020-04-14 15:02:33.917,10336,10337,10337,4
2020-04-14 15:02:33.917,10336,10337,10337,3
2020-04-14 15:02:33.917,10336,10337,10337,1
2020-04-14 15:02:33.917,10336,10337,10337,1
2020-04-14 15:02:33.917,10336,10337,10337,5
2020-04-14 15:02:33.917,10336,10337,10337,4
2020-04-14 15:02:33.917,10336,10337,10337,2
2020-04-14 15:02:34.000,10337,10338,10338,1
2020-04-14 15:02:35.783,10338,10339,10338,1
2020-04-14 15:02:40.043,10338,10339,10339,1
2020-04-14 15:02:40.044,10338,10339,10339,11
2020-04-14 15:02:41.557,10339,10340,10339,1
2020-04-14 15:02:52.839,10339,10340,10340,1
2020-04-14 15:02:52.850,10339,10340,10340,1
2020-04-14 15:02:52.850,10339,10340,10340,1
2020-04-14 15:02:52.850,10339,10340,10340,1
2020-04-14 15:02:52.873,10339,10340,10340,5
2020-04-14 15:02:52.873,10339,10340,10340,4
2020-04-14 15:02:52.873,10339,10340,10340,6
2020-04-14 15:02:53.500,10340,10341,10341,1
2020-04-14 15:03:00.612,10340,10341,10340,2
2020-04-14 15:03:00.788,10340,10341,10340,2
2020-04-14 15:03:00.788,10340,10341,10340,2
2020-04-14 15:03:00.788,10340,10341,10340,1
2020-04-14 15:03:03.759,10339,10340,10340,1
2020-04-14 15:03:07.877,10339,10340,10339,1
2020-04-14 15:03:12.418,10339,10340,10339,1
2020-04-14 15:03:12.418,10339,10340,10339,1
2020-04-14 15:03:12.418,10339,10340,10339,1
2020-04-14 15:03:12.419,10339,10340,10339,1
2020-04-14 15:03:12.419,10339,10340,10339,1
2020-04-14 15:03:13.090,10338,10339,10338,2
2020-04-14 15:03:19.783,10339,10340,10340,3
2020-04-14 15:03:19.784,10339,10340,10340,2
2020-04-14 15:03:24.364,10340,10341,10340,1
2020-04-14 15:03:27.715,10340,10341,10340,1
2020-04-14 15:03:28.667,10339,10340,10339,1
2020-04-14 15:03:30.308,10338,10340,10340,1
2020-04-14 15:03:34.077,10339,10340,10339,1
2020-04-14 15:03:44.141,10338,10339,10339,1
2020-04-14 15:03:48.047,10338,10340,10338,1
2020-04-14 15:04:06.429,10338,10339,10339,2
2020-04-14 15:04:06.429,10338,10339,10339,2
2020-04-14 15:04:12.264,10339,10340,10339,1
2020-04-14 15:04:12.434,10339,10340,10340,6
2020-04-14 15:04:12.444,10339,10340,10340,1
2020-04-14 15:04:17.118,10340,10341,10341,1
2020-04-14 15:04:17.118,10340,10341,10341,3
2020-04-14 15:04:17.118,10340,10341,10341,2
2020-04-14 15:04:17.118,10340,10341,10341,1
2020-04-14 15:04:17.118,10340,10341,10341,2
2020-04-14 15:04:18.880,10341,10342,10342,4
2020-04-14 15:04:19.635,10342,10343,10342,1
2020-04-14 15:04:21.819,10342,10343,10342,1
2020-04-14 15:04:29.020,10340,10341,10341,1
2020-04-14 15:04:33.031,10341,10342,10341,1
2020-04-14 15:04:35.363,10340,10342,10342,1
2020-04-14 15:04:38.874,10341,10342,10342,1
2020-04-14 15:04:39.348,10342,10343,10342,1
2020-04-14 15:04:39.771,10341,10342,10342,1
2020-04-14 15:04:45.186,10341,10342,10342,2
2020-04-14 15:04:48.756,10342,10343,10342,1
2020-04-14 15:04:51.359,10342,10343,10342,1
2020-04-14 15:04:58.321,10342,10343,10342,1
2020-04-14 15:04:58.785,10342,10343,10342,1
2020-04-14 15:04:59.087,10341,10342,10342,1
2020-04-14 15:04:59.582,10341,10342,10342,1
2020-04-14 15:05:02.953,10342,10343,10342,1
2020-04-14 15:05:04.444,10341,10342,10341,1
2020-04-14 15:05:07.228,10342,10343,10343,1
2020-04-14 15:05:07.237,10342,10343,10343,15
2020-04-14 15:05:09.014,10343,10344,10344,9
2020-04-14 15:05:09.019,10343,10344,10345,1
2020-04-14 15:05:09.019,10343,10344,10345,1
2020-04-14 15:05:09.019,10343,10344,10345,1
2020-04-14 15:05:09.019,10343,10344,10345,1
2020-04-14 15:05:10.380,10345,10346,10345,1
2020-04-14 15:05:11.096,10345,10346,10346,11
2020-04-14 15:05:11.152,10346,10347,10347,1
2020-04-14 15:05:11.354,10347,10348,10347,1
2020-04-14 15:05:11.354,10347,10348,10347,5
2020-04-14 15:05:11.355,10347,10348,10347,4
2020-04-14 15:05:11.366,10347,10348,10347,1
2020-04-14 15:05:11.486,10346,10347,10346,4
2020-04-14 15:05:12.923,10345,10346,10346,2
2020-04-14 15:05:13.313,10345,10346,10346,2
2020-04-14 15:05:15.403,10346,10347,10346,1
2020-04-14 15:05:15.700,10346,10347,10347,1
2020-04-14 15:05:15.864,10346,10347,10347,3
2020-04-14 15:05:17.931,10347,10348,10348,3
2020-04-14 15:05:18.187,10347,10348,10348,1
2020-04-14 15:05:20.280,10347,10348,10348,1
2020-04-14 15:05:21.355,10348,10350,10348,2
2020-04-14 15:05:21.355,10348,10350,10348,1
2020-04-14 15:05:21.690,10348,10350,10348,1
2020-04-14 15:05:21.818,10348,10349,10349,1
2020-04-14 15:05:22.598,10348,10350,10348,1
2020-04-14 15:05:22.744,10348,10350,10348,3
2020-04-14 15:05:23.122,10348,10349,10348,1
2020-04-14 15:05:23.122,10348,10349,10347,2
2020-04-14 15:05:24.113,10348,10350,10350,1
2020-04-14 15:05:24.206,10348,10350,10350,2
2020-04-14 15:05:24.277,10348,10350,10348,1
2020-04-14 15:05:24.871,10348,10350,10349,1
2020-04-14 15:05:26.303,10348,10349,10349,1
2020-04-14 15:05:27.039,10348,10349,10349,2
2020-04-14 15:05:29.104,10348,10349,10349,2
2020-04-14 15:05:30.487,10349,10350,10349,2
2020-04-14 15:05:30.487,10349,10350,10348,1
2020-04-14 15:05:30.931,10348,10350,10348,1
2020-04-14 15:05:31.528,10348,10349,10349,1
2020-04-14 15:05:31.556,10348,10349,10349,1
2020-04-14 15:05:32.032,10348,10350,10350,1
2020-04-14 15:05:32.670,10348,10350,10348,6
2020-04-14 15:05:32.907,10348,10349,10349,1
2020-04-14 15:05:33.046,10347,10349,10349,15
2020-04-14 15:05:34.999,10348,10350,10348,3
2020-04-14 15:05:35.435,10348,10350,10350,10
2020-04-14 15:05:35.733,10349,10350,10349,7
2020-04-14 15:05:35.733,10349,10350,10348,5
2020-04-14 15:05:35.771,10348,10350,10350,1
2020-04-14 15:05:36.424,10349,10350,10349,3
2020-04-14 15:05:37.142,10349,10350,10350,1
2020-04-14 15:05:37.520,10349,10350,10350,2
2020-04-14 15:05:38.271,10350,10351,10350,1
2020-04-14 15:05:38.271,10350,10351,10350,1
2020-04-14 15:05:38.271,10350,10351,10350,1
2020-04-14 15:05:38.271,10350,10351,10350,2
2020-04-14 15:05:39.569,10349,10350,10349,1
2020-04-14 15:05:40.460,10349,10350,10350,1
2020-04-14 15:05:40.665,10349,10350,10349,2
2020-04-14 15:05:40.665,10349,10350,10348,4
2020-04-14 15:05:40.909,10348,10350,10350,1
2020-04-14 15:05:41.940,10349,10350,10350,13
2020-04-14 15:05:41.941,10349,10350,10350,1
2020-04-14 15:05:42.014,10350,10351,10351,8
2020-04-14 15:05:43.051,10351,10352,10350,3
2020-04-14 15:05:43.178,10349,10351,10350,1
2020-04-14 15:05:44.167,10350,10351,10351,1
2020-04-14 15:05:44.533,10351,10352,10352,7
2020-04-14 15:05:44.843,10352,10353,10352,1
2020-04-14 15:05:44.858,10352,10353,10352,3
2020-04-14 15:05:44.858,10352,10353,10351,12
2020-04-14 15:05:45.627,10350,10352,10350,4
2020-04-14 15:05:45.929,10350,10351,10350,1
2020-04-14 15:05:46.765,10350,10351,10351,1
2020-04-14 15:05:48.622,10350,10351,10350,1
2020-04-14 15:05:48.814,10350,10351,10351,1
2020-04-14 15:05:49.033,10350,10351,10351,1
2020-04-14 15:05:49.794,10350,10352,10352,1
2020-04-14 15:05:50.238,10351,10352,10352,1
2020-04-14 15:05:51.554,10351,10352,10352,1
2020-04-14 15:05:52.061,10352,10353,10353,2
2020-04-14 15:05:52.062,10352,10353,10353,2
2020-04-14 15:05:52.131,10352,10354,10352,1
2020-04-14 15:05:52.246,10352,10354,10353,1
2020-04-14 15:05:53.136,10352,10353,10352,1
2020-04-14 15:05:53.465,10352,10353,10353,1
2020-04-14 15:05:53.615,10352,10353,10353,1
2020-04-14 15:05:55.674,10352,10354,10352,1
2020-04-14 15:05:55.753,10352,10353,10352,1
2020-04-14 15:05:57.416,10352,10353,10353,1
2020-04-14 15:05:57.836,10353,10354,10354,10
2020-04-14 15:05:57.837,10353,10354,10354,2
2020-04-14 15:05:57.897,10354,10355,10354,2
2020-04-14 15:05:58.105,10354,10355,10355,9
2020-04-14 15:05:58.106,10354,10355,10356,3
2020-04-14 15:05:58.164,10356,10357,10357,2
2020-04-14 15:05:58.164,10356,10357,10357,1
2020-04-14 15:05:58.182,10356,10357,10357,1
2020-04-14 15:05:58.182,10356,10357,10357,2
2020-04-14 15:05:58.183,10356,10357,10357,1
2020-04-14 15:05:58.183,10356,10357,10357,1
2020-04-14 15:05:58.199,10356,10357,10357,1
2020-04-14 15:05:58.199,10356,10357,10357,1
2020-04-14 15:05:58.254,10356,10358,10358,2
2020-04-14 15:05:58.281,10356,10358,10358,2
2020-04-14 15:05:58.310,10356,10358,10358,2
2020-04-14 15:05:58.343,10356,10358,10358,2
2020-04-14 15:05:58.344,10356,10358,10359,1
2020-04-14 15:05:58.430,10358,10359,10358,2
2020-04-14 15:05:58.494,10358,10359,10357,2
2020-04-14 15:05:58.641,10356,10358,10358,1
2020-04-14 15:05:58.645,10356,10358,10358,2
2020-04-14 15:05:58.733,10356,10358,10358,1
2020-04-14 15:05:58.733,10356,10358,10358,3
2020-04-14 15:05:58.780,10357,10359,10359,1
2020-04-14 15:05:58.855,10357,10359,10359,1
2020-04-14 15:05:58.855,10357,10359,10359,1
2020-04-14 15:05:58.859,10357,10359,10357,3
2020-04-14 15:05:58.870,10357,10359,10357,5
2020-04-14 15:05:58.870,10357,10359,10356,1
2020-04-14 15:05:58.874,10356,10359,10358,1
2020-04-14 15:05:58.896,10356,10359,10358,1
2020-04-14 15:05:58.903,10356,10359,10358,1
2020-04-14 15:05:58.927,10356,10359,10357,1
2020-04-14 15:05:58.927,10356,10359,10356,3
2020-04-14 15:05:58.943,10356,10359,10358,1
2020-04-14 15:05:59.009,10357,10359,10358,5
2020-04-14 15:05:59.009,10357,10359,10359,2
2020-04-14 15:05:59.325,10357,10359,10359,1
2020-04-14 15:05:59.453,10357,10359,10359,1
2020-04-14 15:05:59.827,10357,10359,10358,2
2020-04-14 15:05:59.827,10357,10359,10357,3
2020-04-14 15:05:59.949,10356,10358,10358,2
2020-04-14 15:06:00.104,10356,10358,10358,1
2020-04-14 15:06:00.193,10357,10358,10357,1
2020-04-14 15:06:00.198,10357,10358,10357,1
2020-04-14 15:06:00.198,10357,10358,10356,1
2020-04-14 15:06:00.330,10357,10358,10358,2
2020-04-14 15:06:00.330,10357,10358,10359,1
2020-04-14 15:06:00.335,10357,10358,10359,5
2020-04-14 15:06:00.335,10357,10358,10360,1
2020-04-14 15:06:00.338,10357,10358,10359,2
2020-04-14 15:06:00.338,10357,10358,10360,2
2020-04-14 15:06:00.365,10357,10358,10360,8
2020-04-14 15:06:00.408,10358,10360,10360,1
2020-04-14 15:06:00.408,10358,10360,10361,1
2020-04-14 15:06:00.529,10359,10361,10360,2
2020-04-14 15:06:00.750,10358,10360,10358,1
2020-04-14 15:06:00.777,10358,10360,10358,1
2020-04-14 15:06:00.814,10358,10360,10358,1
2020-04-14 15:06:00.822,10358,10360,10358,1
2020-04-14 15:06:00.823,10358,10360,10358,1
2020-04-14 15:06:00.865,10358,10360,10358,1
2020-04-14 15:06:00.879,10357,10359,10359,3
2020-04-14 15:06:00.899,10357,10359,10360,6
2020-04-14 15:06:02.305,10358,10360,10360,1
2020-04-14 15:06:02.306,10358,10360,10360,1
2020-04-14 15:06:02.971,10358,10359,10358,1
2020-04-14 15:06:03.673,10357,10359,10357,1
2020-04-14 15:06:04.411,10357,10359,10359,1
2020-04-14 15:06:04.601,10357,10359,10357,5
2020-04-14 15:06:04.705,10357,10358,10358,1
2020-04-14 15:06:05.134,10358,10359,10358,1
2020-04-14 15:06:05.296,10357,10358,10358,1
2020-04-14 15:06:05.510,10358,10359,10359,2
2020-04-14 15:06:07.921,10359,10360,10360,1
2020-04-14 15:06:08.254,10359,10360,10359,1
2020-04-14 15:06:08.307,10359,10360,10360,1
2020-04-14 15:06:08.424,10359,10360,10360,1
2020-04-14 15:06:08.663,10359,10360,10360,1
2020-04-14 15:06:08.809,10359,10360,10360,1
2020-04-14 15:06:08.809,10359,10360,10361,1
2020-04-14 15:06:09.274,10360,10361,10361,2
2020-04-14 15:06:09.509,10360,10361,10361,1
2020-04-14 15:06:09.517,10360,10361,10360,1
2020-04-14 15:06:09.858,10360,10361,10360,1
2020-04-14 15:06:10.358,10360,10361,10362,1
2020-04-14 15:06:10.374,10360,10362,10362,2
2020-04-14 15:06:10.903,10361,10362,10361,5
2020-04-14 15:06:10.903,10361,10362,10360,3
2020-04-14 15:06:10.903,10361,10362,10360,4
2020-04-14 15:06:10.961,10361,10362,10362,4
2020-04-14 15:06:11.207,10360,10361,10360,1
2020-04-14 15:06:11.207,10360,10361,10359,2
2020-04-14 15:06:11.659,10359,10361,10361,1
2020-04-14 15:06:11.815,10360,10361,10360,1
2020-04-14 15:06:13.220,10360,10361,10361,1
2020-04-14 15:06:13.323,10360,10361,10360,1
2020-04-14 15:06:13.431,10360,10361,10361,1
2020-04-14 15:06:14.141,10360,10361,10361,1
2020-04-14 15:06:14.877,10360,10361,10360,2
2020-04-14 15:06:14.976,10360,10361,10360,1
2020-04-14 15:06:15.268,10359,10360,10360,1
2020-04-14 15:06:15.299,10359,10360,10360,1
2020-04-14 15:06:15.299,10359,10360,10361,1
2020-04-14 15:06:15.713,10359,10361,10361,1
2020-04-14 15:06:17.946,10359,10360,10360,1
2020-04-14 15:06:19.289,10359,10360,10360,2
2020-04-14 15:06:19.745,10359,10360,10359,2
2020-04-14 15:06:19.745,10359,10360,10359,3
2020-04-14 15:06:20.269,10358,10359,10359,3
2020-04-14 15:06:23.969,10358,10359,10358,2
2020-04-14 15:06:24.093,10358,10359,10358,2
2020-04-14 15:06:25.420,10358,10359,10359,2
2020-04-14 15:06:25.432,10358,10359,10359,3
2020-04-14 15:06:25.766,10358,10360,10358,1
2020-04-14 15:06:25.989,10358,10360,10358,1
2020-04-14 15:06:29.401,10358,10359,10358,1
2020-04-14 15:06:30.499,10357,10358,10357,1
2020-04-14 15:06:30.754,10357,10358,10358,1
2020-04-14 15:06:31.227,10358,10359,10358,2
2020-04-14 15:06:31.766,10357,10358,10358,1
2020-04-14 15:06:32.185,10358,10359,10359,1
2020-04-14 15:06:32.796,10358,10360,10358,1
2020-04-14 15:06:36.235,10358,10359,10359,3
2020-04-14 15:06:39.249,10358,10359,10359,1
2020-04-14 15:06:40.043,10358,10359,10359,1
2020-04-14 15:06:42.717,10358,10359,10358,2
2020-04-14 15:06:42.718,10358,10359,10358,4
2020-04-14 15:06:42.718,10358,10359,10358,1
2020-04-14 15:06:42.718,10358,10359,10358,1
2020-04-14 15:06:42.719,10358,10359,10358,18
2020-04-14 15:06:44.515,10357,10358,10358,2
2020-04-14 15:06:44.517,10357,10358,10358,2
2020-04-14 15:06:44.557,10357,10358,10358,2
2020-04-14 15:06:48.970,10357,10358,10358,3
2020-04-14 15:06:48.970,10357,10358,10358,2
2020-04-14 15:06:48.970,10357,10358,10358,1
2020-04-14 15:06:48.971,10357,10358,10358,14
2020-04-14 15:06:50.724,10357,10358,10358,1
2020-04-14 15:06:52.834,10357,10358,10358,1
2020-04-14 15:06:55.444,10357,10358,10358,1
2020-04-14 15:06:56.570,10357,10358,10358,1
2020-04-14 15:06:58.192,10357,10358,10358,2
2020-04-14 15:06:58.986,10358,10359,10359,1
2020-04-14 15:07:00.198,10358,10359,10358,1
2020-04-14 15:07:00.720,10357,10359,10358,1
2020-04-14 15:07:02.243,10358,10359,10358,3
2020-04-14 15:07:03.658,10357,10359,10359,1
2020-04-14 15:07:03.662,10357,10359,10359,1
2020-04-14 15:07:03.669,10357,10359,10359,1
2020-04-14 15:07:04.178,10358,10359,10358,1
2020-04-14 15:07:04.887,10358,10359,10359,1
2020-04-14 15:07:05.092,10358,10359,10359,1
2020-04-14 15:07:07.277,10358,10359,10358,5
2020-04-14 15:07:09.139,10357,10358,10358,1
2020-04-14 15:07:12.468,10357,10358,10358,1
2020-04-14 15:07:14.243,10357,10358,10357,10
2020-04-14 15:07:15.093,10356,10358,10358,1
2020-04-14 15:07:15.766,10356,10357,10357,1
2020-04-14 15:07:24.054,10357,10358,10357,1
2020-04-14 15:07:27.767,10356,10357,10357,1
2020-04-14 15:07:28.913,10356,10357,10357,1
2020-04-14 15:07:29.026,10356,10357,10357,1
2020-04-14 15:07:30.452,10356,10357,10357,1
2020-04-14 15:07:32.167,10356,10357,10356,2
2020-04-14 15:07:32.274,10356,10357,10356,1
2020-04-14 15:07:32.453,10356,10357,10357,2
2020-04-14 15:07:32.641,10356,10357,10357,2
2020-04-14 15:07:36.192,10356,10357,10356,1
2020-04-14 15:07:38.340,10356,10357,10356,1
2020-04-14 15:07:39.294,10356,10357,10356,4
2020-04-14 15:07:43.000,10355,10356,10355,1
2020-04-14 15:07:43.170,10355,10356,10355,1
2020-04-14 15:07:43.763,10355,10356,10355,1
2020-04-14 15:07:45.274,10355,10356,10355,10
2020-04-14 15:07:45.293,10355,10356,10355,1
2020-04-14 15:07:46.370,10354,10355,10354,1
2020-04-14 15:07:49.273,10354,10355,10354,1
2020-04-14 15:07:49.359,10354,10355,10354,1
2020-04-14 15:07:50.333,10354,10355,10354,1
2020-04-14 15:07:51.620,10354,10355,10354,9
2020-04-14 15:07:53.561,10352,10353,10353,1
2020-04-14 15:07:53.562,10352,10353,10353,1
2020-04-14 15:07:56.330,10353,10354,10353,1
2020-04-14 15:07:56.528,10353,10354,10354,3
2020-04-14 15:07:57.494,10353,10354,10354,1
2020-04-14 15:07:57.495,10353,10354,10354,4
2020-04-14 15:07:57.974,10354,10355,10354,1
2020-04-14 15:07:58.238,10354,10355,10355,1
2020-04-14 15:07:58.535,10354,10355,10354,1
2020-04-14 15:07:58.834,10354,10355,10354,2
2020-04-14 15:07:59.625,10354,10355,10355,14
2020-04-14 15:08:00.014,10355,10356,10355,2
2020-04-14 15:08:00.530,10355,10356,10356,4
2020-04-14 15:08:01.452,10355,10357,10355,1
2020-04-14 15:08:01.627,10355,10357,10355,5
2020-04-14 15:08:02.263,10355,10357,10355,1
2020-04-14 15:08:02.922,10354,10355,10355,1
2020-04-14 15:08:04.590,10354,10355,10355,1
2020-04-14 15:08:05.103,10354,10355,10354,4
2020-04-14 15:08:05.380,10354,10355,10354,3
2020-04-14 15:08:05.383,10354,10355,10354,3
2020-04-14 15:08:05.383,10354,10355,10355,1
2020-04-14 15:08:06.485,10353,10354,10353,2
2020-04-14 15:08:10.521,10353,10354,10353,1
2020-04-14 15:08:10.522,10353,10354,10353,3
2020-04-14 15:08:10.881,10352,10353,10353,2
2020-04-14 15:08:13.923,10352,10353,10353,1
2020-04-14 15:08:14.561,10352,10353,10353,1
2020-04-14 15:08:14.637,10352,10354,10352,1
2020-04-14 15:08:15.362,10352,10353,10352,1
2020-04-14 15:08:18.123,10352,10353,10352,6
2020-04-14 15:08:20.431,10351,10352,10352,5
2020-04-14 15:08:20.432,10351,10352,10352,2
2020-04-14 15:08:20.487,10351,10352,10352,1
2020-04-14 15:08:20.487,10351,10352,10352,2
2020-04-14 15:08:20.488,10351,10352,10352,2
2020-04-14 15:08:21.931,10351,10353,10351,3
2020-04-14 15:08:23.564,10351,10352,10352,3
2020-04-14 15:08:26.084,10351,10353,10351,2
2020-04-14 15:08:27.692,10352,10353,10352,2
2020-04-14 15:08:34.134,10352,10353,10353,1
2020-04-14 15:08:35.042,10352,10353,10353,1
2020-04-14 15:08:35.042,10352,10353,10353,2
2020-04-14 15:08:35.162,10353,10354,10353,1
2020-04-14 15:08:35.733,10353,10354,10353,1
2020-04-14 15:08:37.840,10353,10354,10354,3
2020-04-14 15:08:47.547,10354,10355,10354,1
2020-04-14 15:08:47.881,10353,10355,10355,1
2020-04-14 15:08:52.663,10353,10354,10354,2
2020-04-14 15:08:59.616,10353,10354,10354,1
2020-04-14 15:09:00.830,10353,10354,10353,2
2020-04-14 15:09:01.334,10353,10354,10353,4
2020-04-14 15:09:01.846,10352,10354,10353,3
2020-04-14 15:09:02.621,10352,10353,10352,1
2020-04-14 15:09:03.503,10352,10353,10352,4
2020-04-14 15:09:06.635,10351,10352,10351,3
2020-04-14 15:09:06.769,10350,10351,10351,1
2020-04-14 15:09:07.720,10350,10351,10351,1
2020-04-14 15:09:08.032,10350,10351,10351,1
2020-04-14 15:09:10.967,10350,10351,10350,1
2020-04-14 15:09:10.967,10350,10351,10350,3
2020-04-14 15:09:10.967,10350,10351,10350,2
2020-04-14 15:09:10.968,10350,10351,10350,1
2020-04-14 15:09:10.968,10350,10351,10350,3
2020-04-14 15:09:11.025,10349,10350,10349,4
2020-04-14 15:09:11.048,10349,10350,10350,1
2020-04-14 15:09:11.458,10349,10350,10349,1
2020-04-14 15:09:11.463,10349,10350,10349,2
2020-04-14 15:09:11.873,10348,10350,10348,1
2020-04-14 15:09:12.221,10349,10350,10348,2
2020-04-14 15:09:12.284,10348,10350,10348,2
2020-04-14 15:09:12.475,10348,10350,10348,2
2020-04-14 15:09:13.001,10348,10349,10349,1
2020-04-14 15:09:13.076,10348,10349,10349,1
2020-04-14 15:09:14.951,10348,10349,10349,1
2020-04-14 15:09:14.951,10348,10349,10349,1
2020-04-14 15:09:18.888,10349,10350,10350,1
2020-04-14 15:09:21.157,10348,10350,10349,1
2020-04-14 15:09:21.793,10348,10349,10348,2
2020-04-14 15:09:22.428,10348,10349,10349,1
2020-04-14 15:09:22.496,10348,10349,10348,1
2020-04-14 15:09:23.373,10348,10349,10349,1
2020-04-14 15:09:26.383,10349,10350,10349,1
2020-04-14 15:09:26.383,10349,10350,10349,1
2020-04-14 15:09:27.184,10348,10349,10349,2
2020-04-14 15:09:28.236,10348,10349,10348,3
2020-04-14 15:09:28.253,10347,10348,10347,7
2020-04-14 15:09:28.603,10346,10348,10347,1
2020-04-14 15:09:28.805,10346,10348,10348,1
2020-04-14 15:09:28.839,10346,10348,10348,1
2020-04-14 15:09:31.176,10346,10348,10346,1
2020-04-14 15:09:31.222,10346,10348,10348,2
2020-04-14 15:09:33.431,10347,10348,10347,2
2020-04-14 15:09:34.570,10347,10348,10348,3
2020-04-14 15:09:36.226,10347,10348,10347,2
2020-04-14 15:09:43.186,10347,10348,10348,2
2020-04-14 15:09:43.187,10347,10348,10348,1
2020-04-14 15:09:43.401,10347,10348,10348,2
2020-04-14 15:09:43.498,10347,10348,10348,1
2020-04-14 15:09:46.248,10348,10350,10348,1
2020-04-14 15:09:51.406,10349,10350,10350,2
2020-04-14 15:09:52.477,10349,10350,10349,1
2020-04-14 15:09:54.048,10349,10350,10349,2
2020-04-14 15:09:55.502,10349,10350,10349,1
2020-04-14 15:09:59.542,10348,10349,10349,1
2020-04-14 15:10:00.666,10349,10350,10349,1
2020-04-14 15:10:01.697,10348,10350,10350,2
2020-04-14 15:10:06.248,10348,10349,10348,2
2020-04-14 15:10:06.468,10347,10348,10348,2
2020-04-14 15:10:06.608,10347,10348,10347,2
2020-04-14 15:10:06.615,10347,10348,10347,1
2020-04-14 15:10:06.641,10347,10349,10349,2
2020-04-14 15:10:07.022,10347,10348,10348,1
2020-04-14 15:10:08.684,10347,10348,10348,1
2020-04-14 15:10:10.313,10347,10348,10348,1
2020-04-14 15:10:10.350,10347,10348,10348,1
2020-04-14 15:10:10.699,10348,10350,10348,1
2020-04-14 15:10:13.903,10348,10350,10350,2
2020-04-14 15:10:20.056,10349,10350,10350,1
2020-04-14 15:10:20.056,10349,10350,10350,1
2020-04-14 15:10:20.057,10349,10350,10350,1
2020-04-14 15:10:24.615,10350,10351,10350,2
2020-04-14 15:10:27.919,10349,10350,10350,1
2020-04-14 15:10:28.691,10349,10350,10349,3
2020-04-14 15:10:28.908,10349,10350,10349,3
2020-04-14 15:10:29.058,10349,10350,10349,1
2020-04-14 15:10:32.992,10349,10350,10349,1
2020-04-14 15:10:33.691,10348,10349,10349,3
2020-04-14 15:10:35.193,10348,10349,10349,2
2020-04-14 15:10:39.826,10348,10349,10348,1
2020-04-14 15:10:45.450,10349,10350,10350,1
2020-04-14 15:10:45.450,10349,10350,10350,1
2020-04-14 15:10:45.450,10349,10350,10350,2
2020-04-14 15:10:45.450,10349,10350,10350,1
2020-04-14 15:10:45.481,10349,10350,10351,1
2020-04-14 15:10:53.642,10349,10350,10349,14
2020-04-14 15:10:53.661,10349,10350,10349,2
2020-04-14 15:10:54.370,10348,10349,10349,2
2020-04-14 15:10:54.370,10348,10349,10350,4
2020-04-14 15:10:55.364,10348,10349,10349,1
2020-04-14 15:10:55.529,10348,10349,10349,1
2020-04-14 15:11:00.124,10349,10351,10349,1
2020-04-14 15:11:01.321,10349,10350,10349,3
2020-04-14 15:11:01.531,10348,10350,10350,1
2020-04-14 15:11:01.575,10348,10350,10348,2
2020-04-14 15:11:02.549,10348,10349,10349,1
2020-04-14 15:11:04.179,10348,10349,10349,2
2020-04-14 15:11:13.615,10348,10349,10348,4
2020-04-14 15:11:13.615,10348,10349,10348,2
2020-04-14 15:11:13.616,10348,10349,10348,1
2020-04-14 15:11:13.618,10348,10349,10348,29
2020-04-14 15:11:13.624,10347,10348,10347,3
2020-04-14 15:11:13.624,10347,10348,10347,4
2020-04-14 15:11:13.628,10347,10348,10347,8
2020-04-14 15:11:14.696,10346,10348,10347,2
2020-04-14 15:11:16.546,10347,10348,10347,1
2020-04-14 15:11:17.700,10346,10347,10347,2
2020-04-14 15:11:20.814,10347,10349,10347,2
2020-04-14 15:11:26.011,10348,10349,10349,1
2020-04-14 15:11:27.876,10348,10349,10348,3
2020-04-14 15:11:28.883,10348,10349,10348,1
2020-04-14 15:11:35.656,10348,10349,10349,1
2020-04-14 15:11:35.656,10348,10349,10349,1
2020-04-14 15:11:38.890,10349,10350,10349,1
2020-04-14 15:11:38.890,10349,10350,10349,1
2020-04-14 15:12:00.694,10348,10349,10348,3
2020-04-14 15:12:00.694,10348,10349,10348,2
2020-04-14 15:12:00.694,10348,10349,10347,13
2020-04-14 15:12:00.697,10348,10349,10347,4
2020-04-14 15:12:00.697,10348,10349,10347,4
2020-04-14 15:12:00.697,10348,10349,10347,2
2020-04-14 15:12:00.697,10348,10349,10347,4
2020-04-14 15:12:00.979,10346,10347,10347,1
2020-04-14 15:12:01.076,10346,10347,10347,1
2020-04-14 15:12:02.256,10346,10347,10346,11
2020-04-14 15:12:02.561,10345,10346,10347,1
2020-04-14 15:12:02.687,10345,10346,10345,2
2020-04-14 15:12:03.119,10345,10346,10345,1
2020-04-14 15:12:03.124,10345,10346,10345,1
2020-04-14 15:12:03.385,10345,10346,10345,1
2020-04-14 15:12:03.505,10345,10346,10345,1
2020-04-14 15:12:03.804,10345,10346,10345,4
2020-04-14 15:12:04.213,10344,10345,10344,1
2020-04-14 15:12:05.552,10344,10345,10344,1
2020-04-14 15:12:07.474,10343,10344,10343,3
2020-04-14 15:12:07.549,10342,10343,10342,1
2020-04-14 15:12:07.627,10342,10343,10343,1
2020-04-14 15:12:08.230,10342,10343,10342,1
2020-04-14 15:12:08.552,10342,10343,10342,1
2020-04-14 15:12:08.886,10342,10343,10343,5
2020-04-14 15:12:09.834,10342,10344,10342,1
2020-04-14 15:12:10.768,10343,10344,10343,3
2020-04-14 15:12:10.768,10343,10344,10342,1
2020-04-14 15:12:11.667,10342,10344,10342,2
2020-04-14 15:12:13.109,10342,10343,10342,2
2020-04-14 15:12:15.645,10342,10343,10343,2
2020-04-14 15:12:17.239,10342,10344,10342,1
2020-04-14 15:12:18.844,10343,10344,10343,2
2020-04-14 15:12:21.127,10343,10344,10343,1
2020-04-14 15:12:25.264,10342,10343,10343,1
2020-04-14 15:12:25.641,10343,10344,10343,7
2020-04-14 15:12:25.896,10342,10344,10342,3
2020-04-14 15:12:26.430,10343,10344,10343,1
2020-04-14 15:12:27.697,10343,10344,10343,1
2020-04-14 15:12:28.641,10342,10343,10343,7
2020-04-14 15:12:32.047,10343,10344,10343,1
2020-04-14 15:12:32.130,10343,10344,10343,2
2020-04-14 15:12:33.103,10343,10344,10344,5
2020-04-14 15:12:34.917,10344,10345,10344,1
2020-04-14 15:12:36.283,10344,10345,10344,1
2020-04-14 15:12:40.024,10343,10344,10343,3
2020-04-14 15:12:42.129,10342,10343,10343,2
2020-04-14 15:12:43.466,10343,10344,10343,1
2020-04-14 15:12:46.743,10343,10344,10344,1
2020-04-14 15:12:46.743,10343,10344,10344,2
2020-04-14 15:12:46.744,10343,10344,10344,3
2020-04-14 15:12:50.630,10344,10345,10344,1
2020-04-14 15:12:55.194,10344,10345,10345,6
2020-04-14 15:12:55.286,10345,10346,10345,2
2020-04-14 15:12:59.394,10344,10345,10344,1
2020-04-14 15:12:59.438,10344,10345,10345,1
2020-04-14 15:13:02.144,10344,10345,10344,1
2020-04-14 15:13:02.963,10344,10345,10345,1
2020-04-14 15:13:04.885,10344,10345,10345,5
2020-04-14 15:13:04.885,10344,10345,10345,3
2020-04-14 15:13:04.886,10344,10345,10345,1
2020-04-14 15:13:05.763,10345,10346,10346,1
2020-04-14 15:13:07.587,10345,10346,10345,6
2020-04-14 15:13:08.237,10344,10345,10345,1
2020-04-14 15:13:11.189,10345,10346,10345,2
2020-04-14 15:13:12.664,10344,10345,10345,1
2020-04-14 15:13:13.253,10344,10345,10344,2
2020-04-14 15:13:13.524,10344,10345,10345,1
2020-04-14 15:13:14.052,10344,10345,10344,1
2020-04-14 15:13:14.586,10343,10344,10343,1
2020-04-14 15:13:15.292,10343,10344,10344,1
2020-04-14 15:13:20.361,10343,10344,10344,1
2020-04-14 15:13:22.078,10343,10344,10344,1
2020-04-14 15:13:23.743,10343,10344,10344,2
2020-04-14 15:13:23.744,10343,10344,10344,2
2020-04-14 15:13:33.013,10344,10345,10344,1
2020-04-14 15:13:34.132,10344,10345,10345,5
2020-04-14 15:13:34.979,10345,10346,10345,1
2020-04-14 15:13:35.579,10345,10346,10346,2
2020-04-14 15:13:35.579,10345,10346,10346,2
2020-04-14 15:13:35.580,10345,10346,10346,1
2020-04-14 15:13:35.663,10346,10347,10347,1
2020-04-14 15:13:35.752,10347,10348,10348,1
2020-04-14 15:13:35.752,10347,10348,10348,2
2020-04-14 15:13:39.641,10346,10347,10347,1
2020-04-14 15:13:47.996,10346,10347,10347,1
2020-04-14 15:13:48.852,10346,10348,10348,1
2020-04-14 15:13:51.512,10346,10347,10346,8
2020-04-14 15:13:51.923,10345,10346,10345,1
2020-04-14 15:13:59.310,10345,10346,10345,1
2020-04-14 15:13:59.310,10345,10346,10345,3
2020-04-14 15:14:01.789,10344,10345,10345,1
2020-04-14 15:14:02.199,10344,10345,10344,4
2020-04-14 15:14:10.371,10344,10345,10345,1
2020-04-14 15:14:11.296,10344,10346,10344,1
2020-04-14 15:14:15.567,10344,10345,10344,1
2020-04-14 15:14:18.142,10344,10345,10344,1
2020-04-14 15:14:18.578,10344,10345,10344,2
2020-04-14 15:14:18.999,10344,10345,10344,1
2020-04-14 15:14:25.247,10344,10345,10344,2
2020-04-14 15:14:41.043,10344,10345,10344,3
2020-04-14 15:14:43.139,10344,10345,10344,1
2020-04-14 15:14:43.495,10344,10345,10345,4
2020-04-14 15:14:43.495,10344,10345,10345,1
2020-04-14 15:14:43.495,10344,10345,10345,1
2020-04-14 15:14:44.838,10345,10346,10345,1
2020-04-14 15:14:46.765,10345,10346,10346,1
2020-04-14 15:14:46.765,10345,10346,10346,2
2020-04-14 15:14:46.765,10345,10346,10346,1
2020-04-14 15:14:46.765,10345,10346,10346,4
2020-04-14 15:14:46.765,10345,10346,10346,4
2020-04-14 15:14:46.766,10345,10346,10346,1
2020-04-14 15:14:46.766,10345,10346,10346,1
2020-04-14 15:14:46.766,10345,10346,10346,4
2020-04-14 15:14:49.930,10345,10347,10345,1
2020-04-14 15:14:55.668,10345,10346,10345,2
2020-04-14 15:15:07.099,10344,10345,10345,4
2020-04-14 15:15:07.100,10344,10345,10345,3
2020-04-14 15:15:07.354,10345,10346,10345,1
2020-04-14 15:15:07.948,10345,10346,10346,1
2020-04-14 15:15:13.053,10344,10345,10345,1
2020-04-14 15:15:18.421,10344,10345,10344,1
2020-04-14 15:15:19.581,10344,10345,10345,2
2020-04-14 15:15:21.777,10344,10346,10344,1
2020-04-14 15:15:24.989,10345,10346,10346,1
2020-04-14 15:15:32.235,10345,10346,10345,1
2020-04-14 15:15:34.030,10345,10346,10346,1
2020-04-14 15:15:42.931,10346,10347,10347,2
2020-04-14 15:15:45.612,10347,10348,10347,3
2020-04-14 15:15:45.613,10347,10348,10347,1
2020-04-14 15:15:51.417,10346,10348,10348,1
2020-04-14 15:15:55.438,10346,10347,10347,1
2020-04-14 15:15:58.121,10347,10348,10348,1
2020-04-14 15:16:01.856,10346,10348,10348,3
2020-04-14 15:16:04.538,10347,10348,10347,2
2020-04-14 15:16:04.538,10347,10348,10346,8
2020-04-14 15:16:05.359,10346,10348,10348,1
2020-04-14 15:16:17.052,10347,10348,10348,2
2020-04-14 15:16:21.947,10347,10348,10348,4
2020-04-14 15:16:21.947,10347,10348,10348,1
2020-04-14 15:16:21.949,10347,10348,10348,2
2020-04-14 15:16:23.314,10348,10349,10348,1
2020-04-14 15:16:23.667,10348,10349,10348,7
2020-04-14 15:16:23.667,10348,10349,10347,3
2020-04-14 15:16:26.185,10347,10349,10347,1
2020-04-14 15:16:43.615,10347,10348,10348,1
2020-04-14 15:16:51.429,10348,10349,10349,1
2020-04-14 15:16:51.528,10348,10349,10349,1
2020-04-14 15:16:53.319,10348,10349,10349,1
2020-04-14 15:16:55.873,10348,10349,10349,3
2020-04-14 15:16:55.874,10348,10349,10349,3
2020-04-14 15:16:55.874,10348,10349,10349,1
2020-04-14 15:16:59.632,10348,10349,10349,1
2020-04-14 15:17:00.918,10349,10350,10349,2
2020-04-14 15:17:01.109,10348,10350,10348,1
2020-04-14 15:17:05.500,10349,10350,10349,2
2020-04-14 15:17:05.695,10349,10350,10349,1
2020-04-14 15:17:12.274,10349,10350,10349,1
2020-04-14 15:17:13.510,10349,10350,10350,3
2020-04-14 15:17:13.747,10349,10350,10349,4
2020-04-14 15:17:25.743,10349,10350,10349,1
2020-04-14 15:17:25.743,10349,10350,10349,4
2020-04-14 15:17:25.743,10349,10350,10349,2
2020-04-14 15:17:26.161,10348,10349,10348,1
2020-04-14 15:17:26.261,10348,10349,10348,4
2020-04-14 15:17:26.261,10348,10349,10348,2
2020-04-14 15:17:28.007,10347,10349,10347,1
2020-04-14 15:17:40.703,10348,10349,10348,2
2020-04-14 15:17:56.873,10347,10348,10347,6
2020-04-14 15:17:56.874,10347,10348,10347,2
2020-04-14 15:18:07.928,10346,10347,10346,1
2020-04-14 15:18:07.928,10346,10347,10346,1
2020-04-14 15:18:07.955,10346,10347,10346,2
2020-04-14 15:18:08.243,10345,10346,10346,1
2020-04-14 15:18:08.974,10345,10347,10345,1
2020-04-14 15:18:09.441,10345,10347,10347,1
2020-04-14 15:18:11.527,10345,10347,10345,1
2020-04-14 15:18:13.495,10346,10347,10346,1
2020-04-14 15:18:18.116,10345,10346,10345,2
2020-04-14 15:18:21.557,10345,10346,10345,2
2020-04-14 15:18:21.557,10345,10346,10344,1
2020-04-14 15:18:28.927,10344,10345,10344,2
2020-04-14 15:18:29.554,10344,10345,10344,1
2020-04-14 15:18:41.594,10344,10345,10345,4
2020-04-14 15:18:41.823,10345,10346,10345,1
2020-04-14 15:18:43.207,10345,10347,10345,1
2020-04-14 15:18:49.112,10345,10346,10345,1
2020-04-14 15:18:49.773,10345,10346,10345,1
2020-04-14 15:19:04.649,10344,10345,10345,1
2020-04-14 15:19:07.242,10344,10345,10345,2
2020-04-14 15:19:15.719,10344,10345,10345,1
2020-04-14 15:19:21.310,10344,10345,10345,1
2020-04-14 15:19:27.849,10344,10345,10345,1
2020-04-14 15:19:29.572,10344,10345,10345,1
2020-04-14 15:19:29.572,10344,10345,10345,3
2020-04-14 15:19:38.429,10346,10347,10346,1
2020-04-14 15:19:45.467,10345,10346,10346,4
2020-04-14 15:19:47.783,10346,10347,10347,1
2020-04-14 15:19:49.022,10345,10347,10345,1
2020-04-14 15:19:51.892,10346,10347,10347,2
2020-04-14 15:19:51.892,10346,10347,10347,1
2020-04-14 15:20:19.834,10346,10347,10347,1
2020-04-14 15:20:24.176,10346,10347,10347,1
2020-04-14 15:20:24.254,10347,10348,10348,1
2020-04-14 15:20:28.010,10347,10348,10347,1
2020-04-14 15:20:37.110,10346,10347,10347,1
2020-04-14 15:20:49.126,10347,10348,10348,1
2020-04-14 15:20:54.976,10347,10348,10348,5
2020-04-14 15:21:01.092,10347,10349,10349,1
2020-04-14 15:21:01.917,10347,10348,10348,2
2020-04-14 15:21:04.050,10347,10348,10347,2
2020-04-14 15:21:04.051,10347,10348,10347,2
2020-04-14 15:21:04.829,10346,10347,10347,1
2020-04-14 15:21:09.122,10346,10347,10347,1
2020-04-14 15:21:09.777,10346,10347,10347,1
2020-04-14 15:21:10.053,10346,10347,10346,2
2020-04-14 15:21:10.054,10346,10347,10346,4
2020-04-14 15:21:10.054,10346,10347,10346,4
2020-04-14 15:21:10.054,10346,10347,10346,1
2020-04-14 15:21:20.584,10346,10347,10347,2
2020-04-14 15:21:25.819,10347,10348,10347,1
2020-04-14 15:21:26.450,10347,10348,10348,2
2020-04-14 15:21:27.127,10348,10349,10348,2
2020-04-14 15:21:27.369,10347,10349,10347,1
2020-04-14 15:21:30.774,10347,10348,10348,1
2020-04-14 15:21:30.982,10348,10349,10348,1
2020-04-14 15:21:37.079,10347,10348,10348,1
2020-04-14 15:21:40.146,10348,10349,10349,10
2020-04-14 15:21:43.169,10349,10350,10349,3
2020-04-14 15:21:43.169,10349,10350,10348,19
2020-04-14 15:21:43.170,10349,10350,10348,2
2020-04-14 15:21:43.170,10349,10350,10348,2
2020-04-14 15:21:43.171,10349,10350,10348,2
2020-04-14 15:21:46.443,10346,10348,10348,1
2020-04-14 15:21:47.563,10347,10348,10348,2
2020-04-14 15:21:48.138,10347,10348,10347,2
2020-04-14 15:21:49.193,10347,10348,10347,2
2020-04-14 15:21:49.193,10347,10348,10347,1
2020-04-14 15:21:57.498,10347,10348,10348,5
2020-04-14 15:21:57.498,10347,10348,10348,4
2020-04-14 15:21:57.499,10347,10348,10348,2
2020-04-14 15:21:57.499,10347,10348,10348,1
2020-04-14 15:21:57.499,10347,10348,10348,4
2020-04-14 15:21:57.499,10347,10348,10348,10
2020-04-14 15:21:57.500,10347,10348,10348,6
2020-04-14 15:21:58.136,10348,10349,10348,2
2020-04-14 15:21:59.132,10348,10349,10348,3
2020-04-14 15:21:59.755,10347,10348,10348,48
2020-04-14 15:21:59.756,10347,10348,10349,4
2020-04-14 15:21:59.756,10347,10348,10349,4
2020-04-14 15:22:02.000,10349,10350,10349,1
2020-04-14 15:22:06.064,10348,10349,10349,1
2020-04-14 15:22:06.222,10348,10349,10349,1
2020-04-14 15:22:07.813,10348,10349,10348,2
2020-04-14 15:22:07.813,10348,10349,10347,20
2020-04-14 15:22:08.132,10346,10347,10346,2
2020-04-14 15:22:08.155,10346,10347,10346,1
2020-04-14 15:22:08.155,10346,10347,10346,2
2020-04-14 15:22:08.155,10346,10347,10346,2
2020-04-14 15:22:09.955,10346,10347,10347,1
2020-04-14 15:22:10.147,10346,10347,10347,2
2020-04-14 15:22:19.517,10345,10346,10346,1
2020-04-14 15:22:19.758,10345,10346,10346,1
2020-04-14 15:22:21.594,10345,10346,10346,1
2020-04-14 15:22:24.902,10345,10346,10346,1
2020-04-14 15:22:26.166,10345,10346,10345,1
2020-04-14 15:22:26.166,10345,10346,10345,1
2020-04-14 15:22:26.166,10345,10346,10345,1
2020-04-14 15:22:26.166,10345,10346,10345,3
2020-04-14 15:22:26.166,10345,10346,10345,2
2020-04-14 15:22:26.166,10345,10346,10345,15
2020-04-14 15:22:26.276,10344,10345,10344,9
2020-04-14 15:22:26.465,10343,10344,10344,1
2020-04-14 15:22:32.153,10343,10344,10344,1
2020-04-14 15:22:32.410,10344,10345,10344,1
2020-04-14 15:22:38.150,10343,10345,10343,1
2020-04-14 15:22:41.471,10343,10344,10343,1
2020-04-14 15:22:41.899,10343,10344,10343,1
2020-04-14 15:22:43.223,10343,10344,10343,1
2020-04-14 15:22:45.331,10343,10344,10343,8
2020-04-14 15:22:54.216,10342,10343,10342,6
2020-04-14 15:22:54.424,10342,10343,10342,1
2020-04-14 15:22:55.244,10342,10343,10342,1
2020-04-14 15:22:56.391,10342,10343,10342,1
2020-04-14 15:22:57.465,10342,10343,10342,3
2020-04-14 15:22:57.694,10342,10343,10342,5
2020-04-14 15:23:00.750,10341,10342,10341,2
2020-04-14 15:23:00.857,10341,10342,10341,1
2020-04-14 15:23:00.898,10341,10342,10341,4
2020-04-14 15:23:01.053,10341,10342,10341,3
2020-04-14 15:23:01.814,10341,10342,10341,3
2020-04-14 15:23:02.333,10341,10342,10341,2
2020-04-14 15:23:02.333,10341,10342,10341,1
2020-04-14 15:23:07.058,10341,10342,10341,1
2020-04-14 15:23:07.166,10341,10342,10341,1
2020-04-14 15:23:07.670,10341,10342,10341,1
2020-04-14 15:23:08.381,10341,10342,10341,1
2020-04-14 15:23:09.705,10341,10342,10341,1
2020-04-14 15:23:10.241,10341,10342,10341,1
2020-04-14 15:23:10.242,10341,10342,10341,1
2020-04-14 15:23:10.653,10340,10341,10341,1
2020-04-14 15:23:12.781,10340,10341,10341,1
2020-04-14 15:23:14.664,10340,10341,10340,25
2020-04-14 15:23:14.782,10340,10341,10340,1
2020-04-14 15:23:14.798,10340,10341,10340,1
2020-04-14 15:23:15.268,10340,10341,10340,1
2020-04-14 15:23:16.994,10340,10341,10340,2
2020-04-14 15:23:17.310,10339,10340,10340,1
2020-04-14 15:23:17.535,10339,10340,10339,1
2020-04-14 15:23:17.832,10339,10340,10339,1
2020-04-14 15:23:17.951,10339,10340,10340,1
2020-04-14 15:23:18.264,10339,10340,10340,3
2020-04-14 15:23:18.317,10339,10340,10339,1
2020-04-14 15:23:20.120,10339,10340,10339,1
2020-04-14 15:23:20.254,10339,10340,10339,4
2020-04-14 15:23:20.994,10338,10339,10338,1
2020-04-14 15:23:21.098,10338,10339,10338,1
2020-04-14 15:23:21.602,10338,10339,10338,1
2020-04-14 15:23:21.753,10338,10339,10338,14
2020-04-14 15:23:23.873,10337,10338,10337,4
2020-04-14 15:23:24.085,10336,10338,10336,2
2020-04-14 15:23:24.752,10336,10337,10337,1
2020-04-14 15:23:24.867,10336,10337,10337,2
2020-04-14 15:23:25.730,10336,10338,10336,1
2020-04-14 15:23:26.001,10336,10337,10337,2
2020-04-14 15:23:27.678,10336,10337,10336,1
2020-04-14 15:23:27.851,10336,10337,10337,1
2020-04-14 15:23:28.252,10337,10338,10338,1
2020-04-14 15:23:28.601,10337,10338,10337,1
2020-04-14 15:23:29.748,10336,10337,10337,4
2020-04-14 15:23:29.749,10336,10337,10337,2
2020-04-14 15:23:29.749,10336,10337,10337,1
2020-04-14 15:23:29.749,10336,10337,10337,1
2020-04-14 15:23:29.750,10336,10337,10337,1
2020-04-14 15:23:29.750,10336,10337,10337,1
2020-04-14 15:23:29.778,10336,10337,10337,4
2020-04-14 15:23:29.778,10336,10337,10337,5
2020-04-14 15:23:29.779,10336,10337,10337,1
2020-04-14 15:23:29.779,10336,10337,10337,1
2020-04-14 15:23:29.779,10336,10337,10337,10
2020-04-14 15:23:29.779,10336,10337,10337,4
2020-04-14 15:23:29.838,10336,10337,10337,1
2020-04-14 15:23:30.126,10337,10338,10337,3
2020-04-14 15:23:30.892,10337,10338,10338,1
2020-04-14 15:23:31.281,10337,10338,10337,1
2020-04-14 15:23:33.684,10337,10338,10338,1
2020-04-14 15:23:36.084,10337,10338,10337,1
2020-04-14 15:23:39.673,10337,10338,10338,1
2020-04-14 15:23:39.877,10337,10338,10337,1
2020-04-14 15:23:39.913,10337,10338,10338,1
2020-04-14 15:23:43.280,10337,10338,10338,1
2020-04-14 15:23:43.280,10337,10338,10338,6
2020-04-14 15:23:43.280,10337,10338,10338,1
2020-04-14 15:23:43.950,10338,10339,10338,1
2020-04-14 15:23:44.736,10338,10339,10338,1
2020-04-14 15:23:46.949,10337,10338,10338,2
2020-04-14 15:23:47.190,10337,10338,10338,2
2020-04-14 15:23:48.806,10337,10338,10338,1
2020-04-14 15:23:49.179,10337,10338,10337,2
2020-04-14 15:23:49.329,10337,10338,10338,1
2020-04-14 15:23:49.361,10337,10338,10338,1
2020-04-14 15:23:51.663,10337,10338,10337,2
2020-04-14 15:23:51.786,10337,10338,10338,1
2020-04-14 15:23:52.310,10337,10338,10338,1
2020-04-14 15:23:54.166,10337,10338,10337,2
2020-04-14 15:23:54.248,10337,10338,10337,5
2020-04-14 15:23:54.249,10337,10338,10337,3
2020-04-14 15:23:54.249,10337,10338,10337,2
2020-04-14 15:23:54.249,10337,10338,10337,1
2020-04-14 15:23:55.149,10336,10337,10337,1
2020-04-14 15:23:56.456,10336,10337,10337,1
2020-04-14 15:23:57.711,10336,10337,10336,1
2020-04-14 15:23:58.405,10336,10337,10336,1
2020-04-14 15:23:58.684,10336,10337,10336,3
2020-04-14 15:24:00.530,10336,10337,10336,1
2020-04-14 15:24:00.623,10336,10337,10336,12
2020-04-14 15:24:01.534,10335,10336,10335,1
2020-04-14 15:24:01.741,10335,10336,10335,2
2020-04-14 15:24:01.750,10335,10336,10335,1
2020-04-14 15:24:02.339,10335,10336,10335,4
2020-04-14 15:24:02.913,10335,10336,10335,1
2020-04-14 15:24:04.509,10335,10336,10336,1
2020-04-14 15:24:05.305,10335,10336,10335,1
2020-04-14 15:24:05.509,10335,10336,10335,5
2020-04-14 15:24:05.627,10335,10336,10336,1
2020-04-14 15:24:05.668,10335,10336,10335,1
2020-04-14 15:24:06.381,10335,10336,10335,7
2020-04-14 15:24:07.045,10335,10336,10335,2
2020-04-14 15:24:07.795,10335,10336,10335,1
2020-04-14 15:24:09.530,10334,10335,10334,1
2020-04-14 15:24:09.670,10334,10335,10334,2
2020-04-14 15:24:09.751,10334,10335,10334,1
2020-04-14 15:24:09.751,10334,10335,10333,1
2020-04-14 15:24:09.760,10334,10335,10333,1
2020-04-14 15:24:09.786,10334,10335,10333,1
2020-04-14 15:24:09.915,10333,10335,10333,2
2020-04-14 15:24:11.363,10333,10335,10333,1
2020-04-14 15:24:12.279,10334,10335,10334,1
2020-04-14 15:24:14.469,10334,10335,10334,3
2020-04-14 15:24:14.863,10334,10335,10334,1
2020-04-14 15:24:15.404,10334,10335,10334,1
2020-04-14 15:24:16.773,10334,10335,10334,1
2020-04-14 15:24:21.114,10333,10334,10334,1
2020-04-14 15:24:21.214,10333,10334,10334,2
2020-04-14 15:24:21.542,10333,10334,10333,1
2020-04-14 15:24:22.060,10333,10334,10333,1
2020-04-14 15:24:23.199,10333,10334,10334,2
2020-04-14 15:24:25.024,10333,10334,10334,1
2020-04-14 15:24:25.246,10333,10334,10333,1
2020-04-14 15:24:25.246,10333,10334,10333,3
2020-04-14 15:24:25.246,10333,10334,10333,2
2020-04-14 15:24:25.247,10333,10334,10333,1
2020-04-14 15:24:25.247,10333,10334,10333,1
2020-04-14 15:24:25.247,10333,10334,10333,1
2020-04-14 15:24:25.247,10333,10334,10333,10
2020-04-14 15:24:25.249,10332,10333,10332,3
2020-04-14 15:24:25.373,10332,10333,10332,6
2020-04-14 15:24:25.831,10332,10333,10332,1
2020-04-14 15:24:25.995,10332,10333,10332,1
2020-04-14 15:24:25.995,10332,10333,10331,2
2020-04-14 15:24:26.001,10331,10332,10331,1
2020-04-14 15:24:26.038,10331,10332,10331,1
2020-04-14 15:24:26.075,10331,10332,10331,1
2020-04-14 15:24:26.144,10331,10332,10331,2
2020-04-14 15:24:26.331,10331,10332,10332,4
2020-04-14 15:24:28.373,10331,10332,10332,1
2020-04-14 15:24:29.025,10332,10334,10332,16
2020-04-14 15:24:29.025,10332,10334,10331,34
2020-04-14 15:24:29.391,10331,10333,10331,1
2020-04-14 15:24:29.584,10331,10333,10331,1
2020-04-14 15:24:29.710,10331,10332,10331,2
2020-04-14 15:24:32.558,10331,10332,10331,1
2020-04-14 15:24:32.873,10331,10332,10331,1
2020-04-14 15:24:33.765,10331,10332,10331,1
2020-04-14 15:24:33.843,10331,10332,10331,1
2020-04-14 15:24:33.844,10331,10332,10331,2
2020-04-14 15:24:34.248,10330,10331,10330,4
2020-04-14 15:24:34.256,10330,10331,10330,4
2020-04-14 15:24:34.257,10330,10331,10330,2
2020-04-14 15:24:34.351,10330,10331,10330,1
2020-04-14 15:24:34.405,10330,10331,10330,2
2020-04-14 15:24:34.408,10330,10331,10330,1
2020-04-14 15:24:34.576,10330,10331,10330,1
2020-04-14 15:24:34.667,10330,10331,10330,1
2020-04-14 15:24:34.696,10330,10331,10330,1
2020-04-14 15:24:34.710,10330,10331,10329,1
2020-04-14 15:24:34.757,10329,10331,10329,2
2020-04-14 15:24:34.783,10329,10331,10329,1
2020-04-14 15:24:34.840,10329,10331,10329,1
2020-04-14 15:24:34.870,10329,10331,10329,1
2020-04-14 15:24:34.896,10329,10330,10329,1
2020-04-14 15:24:34.901,10329,10330,10329,1
2020-04-14 15:24:34.944,10329,10330,10329,1
2020-04-14 15:24:35.025,10328,10330,10329,1
2020-04-14 15:24:35.118,10328,10330,10329,2
2020-04-14 15:24:35.247,10328,10330,10328,1
2020-04-14 15:24:35.284,10328,10330,10329,1
2020-04-14 15:24:35.299,10328,10330,10329,1
2020-04-14 15:24:35.319,10328,10330,10329,1
2020-04-14 15:24:35.387,10328,10330,10328,2
2020-04-14 15:24:35.436,10328,10330,10328,1
2020-04-14 15:24:35.555,10328,10329,10328,2
2020-04-14 15:24:35.595,10328,10329,10328,4
2020-04-14 15:24:35.595,10328,10329,10327,1
2020-04-14 15:24:35.692,10327,10329,10328,5
2020-04-14 15:24:36.123,10328,10329,10329,1
2020-04-14 15:24:36.149,10328,10329,10328,1
2020-04-14 15:24:36.231,10328,10329,10328,2
2020-04-14 15:24:36.615,10327,10329,10329,1
2020-04-14 15:24:36.657,10327,10329,10328,1
2020-04-14 15:24:37.259,10328,10329,10329,1
2020-04-14 15:24:37.295,10328,10329,10328,2
2020-04-14 15:24:38.001,10328,10330,10330,1
2020-04-14 15:24:38.253,10330,10331,10331,1
2020-04-14 15:24:39.670,10328,10330,10328,1
2020-04-14 15:24:40.958,10328,10329,10329,1
2020-04-14 15:24:41.234,10328,10329,10329,1
2020-04-14 15:24:41.625,10328,10329,10329,1
2020-04-14 15:24:43.252,10328,10329,10328,1
2020-04-14 15:24:43.252,10328,10329,10328,1
2020-04-14 15:24:43.252,10328,10329,10328,1
2020-04-14 15:24:43.422,10327,10328,10328,1
2020-04-14 15:24:43.602,10328,10329,10329,1
2020-04-14 15:24:44.965,10328,10329,10328,7
2020-04-14 15:24:47.095,10327,10328,10328,1
2020-04-14 15:24:47.210,10327,10328,10328,2
2020-04-14 15:24:47.335,10327,10329,10329,1
2020-04-14 15:24:47.931,10327,10328,10327,2
2020-04-14 15:24:49.127,10327,10328,10328,5
2020-04-14 15:24:49.761,10327,10329,10327,1
2020-04-14 15:24:51.720,10327,10328,10328,1
2020-04-14 15:24:51.870,10327,10329,10327,1
2020-04-14 15:24:52.983,10327,10329,10329,1
2020-04-14 15:24:53.322,10328,10329,10328,2
2020-04-14 15:24:53.375,10328,10329,10328,1
2020-04-14 15:24:53.461,10328,10329,10328,1
2020-04-14 15:24:54.940,10327,10329,10327,1
2020-04-14 15:24:55.444,10327,10329,10327,1
2020-04-14 15:24:55.699,10327,10328,10328,1
2020-04-14 15:24:55.700,10327,10328,10328,1
2020-04-14 15:24:57.805,10327,10328,10328,2
2020-04-14 15:25:01.477,10328,10329,10328,1
2020-04-14 15:25:01.691,10328,10329,10329,1
2020-04-14 15:25:01.833,10328,10329,10328,1
2020-04-14 15:25:02.004,10328,10329,10328,5
2020-04-14 15:25:02.004,10328,10329,10328,1
2020-04-14 15:25:02.005,10328,10329,10327,1
2020-04-14 15:25:02.116,10328,10329,10327,5
2020-04-14 15:25:04.696,10327,10328,10327,1
2020-04-14 15:25:06.254,10327,10328,10328,1
2020-04-14 15:25:07.372,10327,10328,10328,4
2020-04-14 15:25:07.516,10328,10329,10328,2
2020-04-14 15:25:09.428,10328,10329,10329,2
2020-04-14 15:25:09.571,10328,10329,10328,1
2020-04-14 15:25:11.862,10328,10329,10329,1
2020-04-14 15:25:12.605,10328,10329,10329,1
2020-04-14 15:25:12.607,10328,10329,10329,3
2020-04-14 15:25:14.322,10329,10330,10329,1
2020-04-14 15:25:14.880,10329,10330,10329,1
2020-04-14 15:25:16.276,10329,10330,10330,1
2020-04-14 15:25:17.617,10329,10330,10330,1
2020-04-14 15:25:17.623,10329,10330,10330,5
2020-04-14 15:25:20.284,10330,10331,10331,1
2020-04-14 15:25:21.921,10330,10331,10330,1
2020-04-14 15:25:23.710,10330,10331,10330,1
2020-04-14 15:25:29.469,10330,10331,10331,1
2020-04-14 15:25:29.889,10330,10331,10331,7
2020-04-14 15:25:29.889,10330,10331,10332,3
2020-04-14 15:25:31.424,10330,10332,10330,1
2020-04-14 15:25:32.005,10330,10331,10330,1
2020-04-14 15:25:33.689,10330,10331,10331,1
2020-04-14 15:25:35.565,10330,10331,10330,1
2020-04-14 15:25:36.646,10330,10331,10331,1
2020-04-14 15:25:40.137,10331,10332,10331,1
2020-04-14 15:25:42.162,10331,10332,10332,1
2020-04-14 15:25:42.163,10331,10332,10332,2
2020-04-14 15:25:42.163,10331,10332,10332,1
2020-04-14 15:25:44.383,10332,10333,10333,1
2020-04-14 15:25:45.745,10332,10333,10332,2
2020-04-14 15:25:45.908,10332,10333,10333,4
2020-04-14 15:25:46.386,10332,10333,10333,1
2020-04-14 15:25:49.237,10332,10333,10333,1
2020-04-14 15:25:50.088,10332,10334,10332,4
2020-04-14 15:25:51.109,10332,10333,10333,1
2020-04-14 15:25:51.534,10332,10333,10333,1
2020-04-14 15:25:58.123,10332,10333,10333,1
2020-04-14 15:26:00.136,10332,10333,10332,1
2020-04-14 15:26:01.618,10331,10333,10331,1
2020-04-14 15:26:04.503,10331,10332,10331,1
2020-04-14 15:26:04.624,10331,10332,10331,2
2020-04-14 15:26:04.748,10331,10332,10331,4
2020-04-14 15:26:07.811,10330,10331,10331,1
2020-04-14 15:26:10.829,10330,10331,10331,5
2020-04-14 15:26:10.829,10330,10331,10332,5
2020-04-14 15:26:11.116,10330,10332,10331,1
2020-04-14 15:26:13.655,10331,10333,10331,1
2020-04-14 15:26:15.891,10331,10332,10331,1
2020-04-14 15:26:18.386,10331,10332,10331,1
2020-04-14 15:26:21.280,10331,10332,10332,1
2020-04-14 15:26:21.289,10331,10332,10332,1
2020-04-14 15:26:21.629,10332,10333,10332,2
2020-04-14 15:26:22.247,10332,10333,10332,1
2020-04-14 15:26:22.657,10331,10333,10331,1
2020-04-14 15:26:26.080,10331,10332,10332,2
2020-04-14 15:26:30.272,10331,10332,10331,5
2020-04-14 15:26:33.916,10330,10331,10330,1
2020-04-14 15:26:37.378,10330,10331,10330,1
2020-04-14 15:26:40.240,10330,10331,10331,3
2020-04-14 15:26:40.404,10330,10332,10330,1
2020-04-14 15:26:43.642,10331,10332,10331,1
2020-04-14 15:26:53.041,10331,10332,10331,1
2020-04-14 15:26:56.528,10331,10332,10332,1
2020-04-14 15:27:02.138,10332,10333,10332,1
2020-04-14 15:27:06.835,10332,10333,10332,2
2020-04-14 15:27:08.336,10331,10333,10332,1
2020-04-14 15:27:17.654,10331,10332,10332,1
2020-04-14 15:27:18.838,10331,10332,10332,1
2020-04-14 15:27:19.035,10331,10332,10332,1
2020-04-14 15:27:19.854,10331,10332,10331,2
2020-04-14 15:27:20.617,10331,10332,10331,1
2020-04-14 15:27:25.961,10331,10332,10332,1
2020-04-14 15:27:27.992,10331,10332,10331,1
2020-04-14 15:27:29.173,10331,10332,10332,1
2020-04-14 15:27:31.640,10331,10332,10332,1
2020-04-14 15:27:37.162,10331,10332,10332,1
2020-04-14 15:27:41.163,10331,10332,10332,2
2020-04-14 15:27:41.163,10331,10332,10332,2
2020-04-14 15:27:42.626,10331,10333,10331,1
2020-04-14 15:27:46.169,10331,10332,10332,1
2020-04-14 15:27:46.597,10331,10332,10332,1
2020-04-14 15:27:57.337,10332,10333,10333,1
2020-04-14 15:28:02.720,10331,10332,10332,1
2020-04-14 15:28:06.903,10331,10332,10332,1
2020-04-14 15:28:08.259,10331,10332,10332,1
2020-04-14 15:28:29.110,10331,10332,10332,1
2020-04-14 15:28:32.430,10331,10332,10331,1
2020-04-14 15:28:32.532,10331,10332,10332,1
2020-04-14 15:28:42.792,10332,10333,10332,1
2020-04-14 15:28:42.820,10332,10333,10333,1
2020-04-14 15:28:52.709,10332,10333,10333,6
2020-04-14 15:28:54.010,10333,10334,10334,4
2020-04-14 15:28:59.028,10334,10335,10334,2
2020-04-14 15:28:59.145,10334,10335,10335,1
2020-04-14 15:28:59.354,10334,10335,10335,1
2020-04-14 15:28:59.406,10335,10336,10335,1
2020-04-14 15:29:01.667,10334,10336,10336,1
2020-04-14 15:29:12.254,10335,10336,10336,1
2020-04-14 15:29:14.531,10335,10336,10336,2
2020-04-14 15:29:15.565,10336,10337,10336,2
2020-04-14 15:29:16.670,10334,10335,10335,3
2020-04-14 15:29:20.216,10334,10335,10334,1
2020-04-14 15:29:25.853,10334,10336,10334,1
2020-04-14 15:29:30.227,10334,10335,10335,1
2020-04-14 15:29:35.384,10334,10335,10334,3
2020-04-14 15:29:41.588,10333,10334,10334,1
2020-04-14 15:29:45.201,10333,10334,10333,3
2020-04-14 15:29:45.226,10333,10334,10333,1
2020-04-14 15:29:45.227,10333,10334,10333,1
2020-04-14 15:29:49.005,10332,10333,10332,5
2020-04-14 15:29:49.238,10331,10333,10332,3
2020-04-14 15:29:49.238,10331,10333,10331,2
2020-04-14 15:29:49.449,10332,10333,10332,1
2020-04-14 15:29:49.449,10332,10333,10331,4
2020-04-14 15:29:49.800,10331,10333,10331,5
2020-04-14 15:29:49.992,10331,10333,10331,5
2020-04-14 15:29:50.132,10331,10333,10331,5
2020-04-14 15:29:52.604,10331,10332,10330,5
2020-04-14 15:29:52.779,10330,10332,10330,5
2020-04-14 15:29:53.643,10330,10332,10330,1
2020-04-14 15:29:53.963,10330,10332,10330,1
2020-04-14 15:29:54.015,10330,10332,10330,2
2020-04-14 15:29:54.265,10330,10332,10330,2
2020-04-14 15:29:58.618,10330,10332,10330,5
2020-04-14 15:29:59.238,10331,10332,10331,1
2020-04-14 15:29:59.876,10331,10332,10331,1
2020-04-14 15:30:00.806,10331,10332,10331,4
2020-04-14 15:30:00.806,10331,10332,10330,1
2020-04-14 15:30:01.031,10330,10332,10330,5
2020-04-14 15:30:01.073,10330,10332,10330,1
2020-04-14 15:30:01.191,10330,10331,10331,1
2020-04-14 15:30:01.191,10330,10331,10331,4
2020-04-14 15:30:01.434,10331,10332,10331,5
2020-04-14 15:30:01.480,10331,10332,10330,2
2020-04-14 15:30:01.482,10331,10332,10330,1
2020-04-14 15:30:01.602,10330,10332,10330,5
2020-04-14 15:30:01.698,10330,10332,10330,5
2020-04-14 15:30:01.698,10330,10332,10330,3
2020-04-14 15:30:01.698,10330,10332,10329,2
2020-04-14 15:30:01.719,10330,10332,10329,3
2020-04-14 15:30:02.300,10330,10331,10330,2
2020-04-14 15:30:02.423,10330,10331,10331,1
2020-04-14 15:30:02.428,10330,10331,10331,1
2020-04-14 15:30:03.229,10331,10332,10332,3
2020-04-14 15:30:07.459,10332,10333,10333,1
2020-04-14 15:30:08.283,10332,10333,10333,5
2020-04-14 15:30:08.602,10333,10334,10333,3
2020-04-14 15:30:08.815,10332,10334,10332,7
2020-04-14 15:30:13.648,10331,10332,10331,3
2020-04-14 15:30:15.224,10330,10331,10331,1
2020-04-14 15:30:18.362,10330,10331,10331,1
2020-04-14 15:30:18.650,10330,10331,10330,3
2020-04-14 15:30:21.693,10330,10331,10331,1
2020-04-14 15:30:22.020,10331,10332,10331,3
2020-04-14 15:30:22.177,10330,10332,10332,1
2020-04-14 15:30:32.365,10331,10332,10332,2
2020-04-14 15:30:32.365,10331,10332,10332,2
2020-04-14 15:30:34.458,10332,10333,10333,2
2020-04-14 15:30:44.681,10334,10335,10335,2
2020-04-14 15:30:47.179,10335,10336,10336,4
2020-04-14 15:30:48.216,10336,10337,10337,3
2020-04-14 15:30:48.364,10336,10338,10338,1
2020-04-14 15:30:48.404,10336,10338,10338,1
2020-04-14 15:30:48.469,10336,10338,10338,1
2020-04-14 15:30:49.550,10337,10338,10337,1
2020-04-14 15:30:56.544,10336,10337,10336,8
2020-04-14 15:30:58.506,10336,10337,10336,1
2020-04-14 15:30:59.624,10335,10337,10337,1
2020-04-14 15:31:05.317,10335,10336,10336,2
2020-04-14 15:31:06.451,10336,10337,10336,1
2020-04-14 15:31:08.593,10336,10337,10337,6
2020-04-14 15:31:21.069,10337,10338,10338,8
2020-04-14 15:31:21.070,10337,10338,10338,1
2020-04-14 15:31:21.228,10338,10339,10338,1
2020-04-14 15:31:21.281,10337,10339,10339,2
2020-04-14 15:31:24.008,10338,10339,10339,2
2020-04-14 15:31:25.852,10338,10340,10340,1
2020-04-14 15:31:25.945,10338,10340,10339,1
2020-04-14 15:31:25.983,10338,10340,10339,1
2020-04-14 15:31:26.800,10338,10339,10339,1
2020-04-14 15:31:27.177,10338,10340,10340,1
2020-04-14 15:31:28.077,10338,10340,10339,1
2020-04-14 15:31:28.120,10338,10340,10339,1
2020-04-14 15:31:28.470,10339,10340,10339,1
2020-04-14 15:31:28.862,10338,10340,10339,1
2020-04-14 15:31:29.484,10338,10339,10339,1
2020-04-14 15:31:30.226,10338,10339,10338,2
2020-04-14 15:31:30.584,10337,10338,10338,1
2020-04-14 15:31:33.475,10337,10339,10339,16
2020-04-14 15:31:33.475,10337,10339,10340,14
2020-04-14 15:31:33.475,10337,10339,10339,1
2020-04-14 15:31:33.477,10337,10339,10339,1
2020-04-14 15:31:33.478,10337,10339,10339,1
2020-04-14 15:31:33.542,10338,10340,10340,1
2020-04-14 15:31:33.747,10340,10341,10340,2
2020-04-14 15:31:34.059,10339,10341,10339,1
2020-04-14 15:31:35.510,10340,10341,10341,1
2020-04-14 15:31:36.542,10340,10341,10340,2
2020-04-14 15:31:36.626,10339,10341,10341,1
2020-04-14 15:31:36.865,10339,10341,10340,1
2020-04-14 15:31:40.080,10340,10341,10340,2
2020-04-14 15:31:41.888,10339,10340,10339,2
2020-04-14 15:31:42.786,10339,10340,10340,1
2020-04-14 15:31:45.248,10339,10340,10340,1
2020-04-14 15:31:46.787,10339,10340,10339,2
2020-04-14 15:31:50.088,10339,10340,10340,1
2020-04-14 15:31:50.088,10339,10340,10340,2
2020-04-14 15:31:50.088,10339,10340,10340,2
2020-04-14 15:31:50.088,10339,10340,10340,1
2020-04-14 15:31:50.129,10340,10341,10341,6
2020-04-14 15:31:51.713,10340,10341,10340,1
2020-04-14 15:31:57.210,10340,10341,10340,7
2020-04-14 15:31:59.625,10339,10341,10341,1
2020-04-14 15:32:02.063,10339,10340,10339,3
2020-04-14 15:32:04.094,10339,10340,10339,1
2020-04-14 15:32:10.519,10339,10340,10339,4
2020-04-14 15:32:17.337,10339,10340,10340,2
2020-04-14 15:32:17.337,10339,10340,10340,2
2020-04-14 15:32:17.337,10339,10340,10340,2
2020-04-14 15:32:17.337,10339,10340,10340,1
2020-04-14 15:32:17.337,10339,10340,10340,2
2020-04-14 15:32:17.337,10339,10340,10340,1
2020-04-14 15:32:18.340,10340,10341,10340,2
2020-04-14 15:32:18.520,10340,10341,10340,1
2020-04-14 15:32:19.765,10340,10341,10341,1
2020-04-14 15:32:19.765,10340,10341,10341,1
2020-04-14 15:32:20.377,10341,10342,10342,3
2020-04-14 15:32:23.933,10341,10342,10341,1
2020-04-14 15:32:25.474,10341,10342,10341,1
2020-04-14 15:32:26.026,10341,10342,10342,1
2020-04-14 15:32:26.934,10341,10342,10342,1
2020-04-14 15:32:30.093,10341,10342,10342,1
2020-04-14 15:32:31.172,10341,10342,10341,4
2020-04-14 15:32:31.700,10340,10341,10341,1
2020-04-14 15:32:37.274,10340,10341,10341,1
2020-04-14 15:32:40.333,10340,10341,10340,7
2020-04-14 15:32:43.730,10339,10340,10339,1
2020-04-14 15:32:45.106,10339,10340,10339,1
2020-04-14 15:32:45.106,10339,10340,10339,2
2020-04-14 15:32:45.106,10339,10340,10339,4
2020-04-14 15:32:46.349,10338,10339,10338,1
2020-04-14 15:32:49.000,10338,10339,10338,1
2020-04-14 15:32:52.651,10337,10338,10337,1
2020-04-14 15:32:55.623,10337,10338,10338,4
2020-04-14 15:32:56.754,10338,10339,10339,2
2020-04-14 15:32:56.905,10338,10339,10339,1
2020-04-14 15:32:56.998,10338,10339,10339,2
2020-04-14 15:33:07.499,10339,10341,10341,6
2020-04-14 15:33:11.294,10340,10341,10340,1
2020-04-14 15:33:12.761,10340,10341,10341,1
2020-04-14 15:33:12.761,10340,10341,10341,4
2020-04-14 15:33:17.477,10341,10342,10341,2
2020-04-14 15:33:28.296,10340,10341,10341,3
2020-04-14 15:33:35.154,10341,10342,10341,1
2020-04-14 15:33:35.154,10341,10342,10341,2
2020-04-14 15:33:35.154,10341,10342,10341,1
2020-04-14 15:33:52.953,10340,10341,10341,3
2020-04-14 15:33:53.969,10341,10342,10341,1
2020-04-14 15:34:02.179,10340,10341,10340,3
2020-04-14 15:34:04.601,10340,10341,10340,1
2020-04-14 15:34:22.075,10338,10339,10338,4
2020-04-14 15:34:22.076,10338,10339,10338,1
2020-04-14 15:34:22.124,10338,10339,10338,1
2020-04-14 15:34:25.132,10337,10338,10338,1
2020-04-14 15:34:33.160,10337,10338,10338,3
2020-04-14 15:34:37.121,10337,10338,10337,1
2020-04-14 15:34:37.121,10337,10338,10337,8
2020-04-14 15:34:39.951,10336,10337,10336,1
2020-04-14 15:34:45.644,10336,10337,10336,1
2020-04-14 15:34:45.977,10336,10337,10336,5
2020-04-14 15:34:55.046,10335,10336,10336,1
2020-04-14 15:34:55.055,10335,10336,10335,1
2020-04-14 15:34:56.254,10335,10336,10336,2
2020-04-14 15:34:56.254,10335,10336,10336,2
2020-04-14 15:34:58.206,10336,10337,10337,2
2020-04-14 15:34:58.322,10336,10338,10336,1
2020-04-14 15:35:03.173,10336,10338,10338,1
2020-04-14 15:35:03.925,10336,10338,10336,1
2020-04-14 15:35:21.864,10336,10337,10336,1
2020-04-14 15:35:21.865,10336,10337,10336,2
2020-04-14 15:35:21.865,10336,10337,10336,2
2020-04-14 15:35:22.815,10335,10336,10336,1
2020-04-14 15:35:24.623,10335,10336,10335,7
2020-04-14 15:35:24.624,10335,10336,10335,7
2020-04-14 15:35:24.624,10335,10336,10335,1
2020-04-14 15:35:24.624,10335,10336,10335,1
2020-04-14 15:35:24.624,10335,10336,10335,2
2020-04-14 15:35:30.378,10334,10335,10335,2
2020-04-14 15:35:39.910,10334,10335,10335,1
2020-04-14 15:35:40.772,10334,10335,10334,1
2020-04-14 15:35:44.752,10334,10335,10334,2
2020-04-14 15:35:47.495,10334,10335,10334,2
2020-04-14 15:35:51.503,10334,10335,10334,1
2020-04-14 15:35:54.244,10334,10335,10335,3
2020-04-14 15:35:54.245,10334,10335,10335,2
2020-04-14 15:35:54.245,10334,10335,10335,1
2020-04-14 15:35:54.252,10335,10336,10336,6
2020-04-14 15:36:01.573,10335,10336,10335,1
2020-04-14 15:36:02.061,10335,10336,10336,1
2020-04-14 15:36:06.384,10336,10337,10337,5
2020-04-14 15:36:34.231,10335,10336,10336,1
2020-04-14 15:36:41.466,10335,10336,10335,3
2020-04-14 15:36:43.367,10334,10335,10335,1
2020-04-14 15:36:45.484,10334,10335,10335,2
2020-04-14 15:36:50.015,10334,10335,10335,1
2020-04-14 15:36:53.815,10334,10336,10336,1
2020-04-14 15:36:57.715,10334,10335,10335,1
2020-04-14 15:37:01.754,10334,10335,10335,1
2020-04-14 15:37:07.879,10334,10335,10335,4
2020-04-14 15:37:09.134,10334,10335,10335,1
2020-04-14 15:37:12.326,10334,10335,10335,3
2020-04-14 15:37:14.426,10334,10335,10335,2
2020-04-14 15:37:20.250,10334,10335,10334,1
2020-04-14 15:37:20.250,10334,10335,10334,4
2020-04-14 15:37:20.250,10334,10335,10334,1
2020-04-14 15:37:20.250,10334,10335,10334,2
2020-04-14 15:37:20.251,10334,10335,10334,1
2020-04-14 15:37:22.767,10333,10334,10334,1
2020-04-14 15:37:28.605,10334,10335,10335,1
2020-04-14 15:37:33.006,10335,10336,10336,1
2020-04-14 15:37:35.387,10336,10337,10337,1
2020-04-14 15:37:35.962,10336,10338,10336,1
2020-04-14 15:37:52.792,10337,10338,10338,1
2020-04-14 15:38:04.135,10337,10338,10337,1
2020-04-14 15:38:12.628,10335,10336,10335,1
2020-04-14 15:38:27.120,10335,10336,10335,1
2020-04-14 15:38:28.302,10334,10335,10334,4
2020-04-14 15:38:32.065,10334,10335,10335,4
2020-04-14 15:38:57.897,10334,10335,10335,4
2020-04-14 15:38:58.952,10334,10336,10334,7
2020-04-14 15:39:02.175,10335,10336,10335,3
2020-04-14 15:39:10.612,10333,10334,10334,1
2020-04-14 15:39:14.374,10333,10334,10333,5
2020-04-14 15:39:14.374,10333,10334,10333,4
2020-04-14 15:39:14.374,10333,10334,10333,1
2020-04-14 15:39:14.691,10332,10333,10333,1
2020-04-14 15:39:16.847,10332,10333,10332,1
2020-04-14 15:39:17.113,10332,10333,10332,2
2020-04-14 15:39:17.329,10332,10333,10332,2
2020-04-14 15:39:17.513,10332,10333,10332,1
2020-04-14 15:39:17.656,10332,10333,10333,2
2020-04-14 15:39:17.788,10332,10333,10333,1
2020-04-14 15:39:18.325,10332,10333,10332,1
2020-04-14 15:39:21.301,10332,10333,10333,5
2020-04-14 15:39:21.301,10332,10333,10333,1
2020-04-14 15:39:21.301,10332,10333,10333,9
2020-04-14 15:39:21.346,10332,10333,10332,1
2020-04-14 15:39:23.959,10332,10333,10332,1
2020-04-14 15:39:25.206,10332,10334,10332,3
2020-04-14 15:39:25.206,10332,10334,10332,1
2020-04-14 15:39:25.231,10332,10334,10332,4
2020-04-14 15:39:25.231,10332,10334,10332,3
2020-04-14 15:39:25.711,10331,10332,10332,1
2020-04-14 15:39:27.377,10331,10333,10331,6
2020-04-14 15:39:27.379,10331,10333,10331,5
2020-04-14 15:39:27.915,10330,10332,10330,15
2020-04-14 15:39:27.985,10330,10332,10330,7
2020-04-14 15:39:27.986,10330,10332,10330,3
2020-04-14 15:39:28.108,10329,10331,10331,1
2020-04-14 15:39:29.329,10329,10330,10330,2
2020-04-14 15:39:30.846,10331,10332,10332,2
2020-04-14 15:39:30.846,10331,10332,10332,1
2020-04-14 15:39:32.231,10331,10333,10333,3
2020-04-14 15:39:32.756,10331,10333,10331,7
2020-04-14 15:39:32.826,10331,10333,10331,7
2020-04-14 15:39:32.826,10331,10333,10331,2
2020-04-14 15:39:32.826,10331,10333,10331,1
2020-04-14 15:39:33.064,10330,10332,10330,1
2020-04-14 15:39:33.382,10330,10332,10331,1
2020-04-14 15:39:33.797,10330,10332,10330,1
2020-04-14 15:39:36.468,10330,10331,10331,2
2020-04-14 15:39:36.468,10330,10331,10331,1
2020-04-14 15:39:39.874,10332,10333,10333,1
2020-04-14 15:39:39.875,10332,10333,10333,1
2020-04-14 15:39:39.880,10332,10333,10333,1
2020-04-14 15:39:39.882,10332,10333,10333,1
2020-04-14 15:39:39.882,10332,10333,10333,2
2020-04-14 15:39:39.882,10332,10333,10333,1
2020-04-14 15:39:42.315,10332,10334,10332,1
2020-04-14 15:39:42.322,10332,10334,10332,1
2020-04-14 15:39:51.477,10332,10334,10334,1
2020-04-14 15:39:56.117,10333,10334,10334,1
2020-04-14 15:39:56.745,10333,10334,10333,1
2020-04-14 15:39:56.950,10333,10334,10334,1
2020-04-14 15:40:02.436,10333,10334,10333,1
2020-04-14 15:40:02.465,10333,10334,10333,1
2020-04-14 15:40:02.712,10333,10334,10333,1
2020-04-14 15:40:13.396,10331,10332,10331,1
2020-04-14 15:40:15.574,10331,10332,10332,6
2020-04-14 15:40:21.497,10332,10333,10332,1
2020-04-14 15:40:24.179,10332,10333,10332,1
2020-04-14 15:40:31.165,10332,10333,10333,11
2020-04-14 15:40:31.949,10333,10334,10333,1
2020-04-14 15:40:32.023,10332,10334,10333,1
2020-04-14 15:40:33.502,10332,10333,10333,1
2020-04-14 15:40:44.335,10333,10334,10333,1
2020-04-14 15:40:45.944,10333,10334,10334,8
2020-04-14 15:40:47.043,10334,10335,10334,1
2020-04-14 15:40:52.598,10334,10335,10334,2
2020-04-14 15:40:52.600,10334,10335,10334,5
2020-04-14 15:40:59.169,10334,10335,10334,3
2020-04-14 15:40:59.170,10334,10335,10334,1
2020-04-14 15:40:59.170,10334,10335,10334,1
2020-04-14 15:41:02.226,10334,10335,10334,1
2020-04-14 15:41:20.098,10334,10335,10334,1
2020-04-14 15:41:25.169,10334,10335,10335,2
2020-04-14 15:41:30.426,10334,10335,10334,6
2020-04-14 15:41:30.426,10334,10335,10334,1
2020-04-14 15:41:30.849,10333,10334,10334,2
2020-04-14 15:41:33.537,10333,10334,10334,1
2020-04-14 15:41:37.800,10333,10334,10334,3
2020-04-14 15:41:38.777,10333,10334,10333,1
2020-04-14 15:41:38.777,10333,10334,10333,1
2020-04-14 15:41:38.777,10333,10334,10333,4
2020-04-14 15:41:38.777,10333,10334,10333,3
2020-04-14 15:41:43.959,10332,10333,10333,3
2020-04-14 15:41:55.233,10332,10333,10333,1
2020-04-14 15:42:29.522,10332,10333,10333,1
2020-04-14 15:42:29.534,10332,10333,10333,1
2020-04-14 15:42:29.535,10332,10333,10333,5
2020-04-14 15:42:30.701,10333,10335,10333,1
2020-04-14 15:42:39.859,10334,10335,10334,1
2020-04-14 15:42:46.126,10334,10335,10335,4
2020-04-14 15:42:47.966,10335,10337,10335,1
2020-04-14 15:42:48.668,10334,10336,10334,1
2020-04-14 15:42:57.938,10334,10335,10335,6
2020-04-14 15:42:57.938,10334,10335,10335,3
2020-04-14 15:42:57.938,10334,10335,10335,1
2020-04-14 15:43:14.535,10334,10335,10335,2
2020-04-14 15:43:47.984,10335,10336,10335,2
2020-04-14 15:44:00.329,10334,10335,10335,3
2020-04-14 15:44:00.330,10334,10335,10335,1
2020-04-14 15:44:00.330,10334,10335,10335,2
2020-04-14 15:44:00.330,10334,10335,10335,2
2020-04-14 15:44:06.530,10335,10336,10335,1
2020-04-14 15:44:06.957,10335,10336,10335,1
2020-04-14 15:44:17.000,10335,10336,10336,3
2020-04-14 15:44:17.001,10335,10336,10336,1
2020-04-14 15:44:30.746,10335,10336,10336,1
2020-04-14 15:44:30.801,10335,10336,10336,1
2020-04-14 15:44:36.780,10335,10336,10336,1
2020-04-14 15:44:36.827,10335,10336,10336,1
2020-04-14 15:44:46.353,10336,10337,10337,5
2020-04-14 15:44:51.729,10336,10337,10337,2
2020-04-14 15:44:55.300,10336,10337,10336,1
2020-04-14 15:45:02.377,10335,10336,10335,1
2020-04-14 15:45:03.441,10335,10336,10335,1
2020-04-14 15:45:03.965,10335,10336,10336,1
2020-04-14 15:45:04.297,10335,10336,10336,2
2020-04-14 15:45:04.307,10335,10336,10337,2
2020-04-14 15:45:04.311,10335,10336,10337,2
2020-04-14 15:45:04.314,10335,10336,10337,1
2020-04-14 15:45:04.315,10335,10336,10337,2
2020-04-14 15:45:04.412,10336,10337,10337,1
2020-04-14 15:45:07.802,10336,10337,10336,1
2020-04-14 15:45:09.948,10335,10336,10335,2
2020-04-14 15:45:11.454,10335,10336,10335,2
2020-04-14 15:45:11.498,10335,10336,10335,1
2020-04-14 15:45:19.504,10334,10335,10334,2
2020-04-14 15:45:21.618,10334,10335,10334,2
2020-04-14 15:45:24.617,10334,10335,10334,2
2020-04-14 15:45:24.618,10334,10335,10334,6
2020-04-14 15:45:29.252,10333,10334,10334,2
2020-04-14 15:45:31.717,10333,10335,10333,5
2020-04-14 15:45:38.600,10333,10334,10333,1
2020-04-14 15:45:45.387,10334,10335,10335,1
2020-04-14 15:45:48.229,10335,10336,10336,1
2020-04-14 15:45:58.056,10335,10337,10337,1
2020-04-14 15:46:03.693,10335,10336,10336,3
2020-04-14 15:46:07.637,10335,10337,10337,5
2020-04-14 15:46:26.147,10335,10337,10337,3
2020-04-14 15:46:33.252,10337,10338,10338,8
2020-04-14 15:46:38.298,10337,10338,10338,1
2020-04-14 15:46:38.973,10337,10338,10338,2
2020-04-14 15:46:38.973,10337,10338,10338,1
2020-04-14 15:46:38.973,10337,10338,10338,1
2020-04-14 15:46:41.420,10337,10338,10338,1
2020-04-14 15:46:43.504,10337,10338,10337,1
2020-04-14 15:46:45.859,10337,10338,10337,3
2020-04-14 15:46:46.900,10337,10338,10338,3
2020-04-14 15:46:54.881,10337,10338,10337,1
2020-04-14 15:46:54.881,10337,10338,10337,2
2020-04-14 15:46:56.943,10336,10337,10337,3
2020-04-14 15:46:59.569,10336,10337,10337,1
2020-04-14 15:47:02.361,10336,10337,10336,6
2020-04-14 15:47:02.498,10336,10337,10336,2
2020-04-14 15:47:04.406,10335,10336,10336,1
2020-04-14 15:47:06.037,10336,10337,10337,2
2020-04-14 15:47:08.589,10336,10338,10336,1
2020-04-14 15:47:20.365,10336,10337,10337,1
2020-04-14 15:47:20.365,10336,10337,10338,1
2020-04-14 15:47:20.366,10336,10337,10337,1
2020-04-14 15:47:33.108,10337,10338,10338,3
2020-04-14 15:47:33.123,10337,10338,10338,2
2020-04-14 15:47:46.793,10338,10339,10339,1
2020-04-14 15:47:46.793,10338,10339,10339,1
2020-04-14 15:47:46.793,10338,10339,10339,1
2020-04-14 15:47:46.793,10338,10339,10339,2
2020-04-14 15:47:48.796,10339,10340,10339,1
2020-04-14 15:47:50.865,10338,10340,10338,3
2020-04-14 15:48:29.092,10338,10339,10339,1
2020-04-14 15:48:29.093,10338,10339,10339,6
2020-04-14 15:48:33.521,10339,10340,10340,5
2020-04-14 15:48:33.623,10339,10340,10340,2
2020-04-14 15:48:37.759,10339,10340,10340,2
2020-04-14 15:48:51.408,10339,10340,10340,7
2020-04-14 15:48:51.587,10339,10340,10339,4
2020-04-14 15:48:56.144,10338,10339,10338,5
2020-04-14 15:48:56.144,10338,10339,10338,1
2020-04-14 15:48:58.790,10337,10338,10338,1
2020-04-14 15:49:11.855,10338,10339,10339,3
2020-04-14 15:49:38.117,10339,10340,10340,8
2020-04-14 15:49:44.372,10340,10341,10341,3
2020-04-14 15:49:44.372,10340,10341,10341,3
2020-04-14 15:49:44.372,10340,10341,10341,3
2020-04-14 15:49:44.466,10341,10342,10342,1
2020-04-14 15:49:50.962,10341,10342,10342,1
2020-04-14 15:49:51.956,10341,10342,10342,1
2020-04-14 15:49:55.069,10341,10342,10342,1
2020-04-14 15:49:55.098,10341,10342,10341,1
2020-04-14 15:49:57.330,10341,10342,10342,5
2020-04-14 15:49:59.395,10341,10342,10342,1
2020-04-14 15:50:01.185,10342,10343,10342,1
2020-04-14 15:50:07.776,10342,10343,10343,7
2020-04-14 15:50:07.902,10342,10343,10343,1
2020-04-14 15:50:08.470,10342,10343,10342,1
2020-04-14 15:50:14.724,10342,10343,10342,1
2020-04-14 15:50:14.831,10342,10343,10342,2
2020-04-14 15:50:17.656,10342,10343,10342,1
2020-04-14 15:50:19.289,10342,10343,10342,1
2020-04-14 15:50:20.819,10342,10343,10342,1
2020-04-14 15:50:27.730,10342,10343,10342,1
2020-04-14 15:50:31.179,10342,10343,10342,1
2020-04-14 15:50:36.438,10342,10343,10343,1
2020-04-14 15:50:37.088,10342,10343,10342,1
2020-04-14 15:50:37.100,10342,10343,10342,9
2020-04-14 15:50:37.100,10342,10343,10342,2
2020-04-14 15:50:37.100,10342,10343,10342,1
2020-04-14 15:50:37.100,10342,10343,10342,2
2020-04-14 15:50:37.100,10342,10343,10342,3
2020-04-14 15:50:37.100,10342,10343,10342,1
2020-04-14 15:50:37.100,10342,10343,10342,2
2020-04-14 15:50:37.100,10342,10343,10342,2
2020-04-14 15:50:37.100,10342,10343,10342,1
2020-04-14 15:50:37.100,10342,10343,10342,2
2020-04-14 15:50:37.100,10342,10343,10342,2
2020-04-14 15:50:37.101,10342,10343,10342,3
2020-04-14 15:50:37.101,10342,10343,10342,1
2020-04-14 15:50:37.101,10342,10343,10342,1
2020-04-14 15:50:37.101,10342,10343,10342,7
2020-04-14 15:50:37.101,10342,10343,10342,3
2020-04-14 15:50:37.101,10342,10343,10342,1
2020-04-14 15:50:37.101,10342,10343,10342,2
2020-04-14 15:50:37.124,10341,10342,10341,20
2020-04-14 15:50:37.248,10341,10342,10341,1
2020-04-14 15:50:39.440,10340,10342,10340,1
2020-04-14 15:51:02.769,10341,10342,10341,5
2020-04-14 15:51:02.770,10341,10342,10341,2
2020-04-14 15:51:02.780,10341,10342,10340,1
2020-04-14 15:51:02.780,10341,10342,10340,1
2020-04-14 15:51:02.781,10341,10342,10340,1
2020-04-14 15:51:04.788,10340,10341,10340,1
2020-04-14 15:51:08.188,10340,10341,10341,3
2020-04-14 15:51:25.835,10340,10341,10340,4
2020-04-14 15:51:55.697,10339,10340,10340,3
2020-04-14 15:51:55.714,10339,10340,10339,3
2020-04-14 15:51:56.024,10338,10340,10340,1
2020-04-14 15:52:00.357,10339,10340,10339,1
2020-04-14 15:52:08.179,10338,10339,10339,1
2020-04-14 15:52:32.082,10338,10339,10338,3
2020-04-14 15:52:49.429,10337,10338,10337,1
2020-04-14 15:52:49.444,10337,10338,10337,2
2020-04-14 15:52:52.844,10336,10337,10336,1
2020-04-14 15:52:54.404,10336,10337,10336,1
2020-04-14 15:52:55.555,10336,10337,10336,3
2020-04-14 15:53:00.595,10336,10337,10337,1
2020-04-14 15:53:00.595,10336,10337,10337,4
2020-04-14 15:53:02.814,10336,10337,10337,2
2020-04-14 15:53:17.052,10336,10338,10338,1
2020-04-14 15:53:17.873,10336,10337,10337,1
2020-04-14 15:53:54.100,10336,10337,10336,1
2020-04-14 15:54:06.905,10336,10337,10337,3
2020-04-14 15:54:07.401,10336,10337,10337,1
2020-04-14 15:54:27.477,10336,10337,10337,12
2020-04-14 15:54:31.753,10337,10338,10337,1
2020-04-14 15:54:38.228,10337,10338,10338,16
2020-04-14 15:54:38.229,10337,10338,10338,6
2020-04-14 15:54:38.229,10337,10338,10338,24
2020-04-14 15:54:38.260,10338,10339,10339,2
2020-04-14 15:54:54.887,10339,10340,10339,2
2020-04-14 15:55:21.118,10338,10339,10339,3
2020-04-14 15:55:21.119,10338,10339,10339,1
2020-04-14 15:55:25.962,10339,10340,10339,1
2020-04-14 15:55:29.214,10338,10339,10339,1
2020-04-14 15:56:07.402,10339,10340,10339,2
2020-04-14 15:56:15.099,10339,10340,10339,1
2020-04-14 15:56:19.851,10339,10340,10339,1
2020-04-14 15:56:23.528,10338,10339,10339,1
2020-04-14 15:56:29.525,10338,10339,10339,1
2020-04-14 15:56:30.344,10338,10339,10339,1
2020-04-14 15:56:37.344,10338,10339,10338,1
2020-04-14 15:56:52.941,10338,10339,10339,2
2020-04-14 15:57:00.687,10338,10339,10339,3
2020-04-14 15:57:01.274,10338,10339,10338,2
2020-04-14 15:57:09.537,10338,10339,10338,3
2020-04-14 15:57:14.750,10338,10339,10339,1
2020-04-14 15:57:24.783,10337,10339,10339,3
2020-04-14 15:57:46.697,10338,10339,10339,2
2020-04-14 15:57:49.360,10338,10339,10338,3
2020-04-14 15:57:57.385,10338,10339,10339,1
2020-04-14 15:57:59.208,10338,10339,10339,1
2020-04-14 15:58:15.941,10338,10339,10339,2
2020-04-14 15:59:05.429,10339,10340,10339,1
2020-04-14 15:59:08.809,10339,10340,10339,1
2020-04-14 15:59:08.844,10339,10340,10339,1
2020-04-14 15:59:13.673,10339,10340,10339,1
2020-04-14 15:59:17.235,10338,10339,10339,3
2020-04-14 15:59:28.896,10339,10340,10339,1
2020-04-14 15:59:59.972,10339,10340,10339,1
2020-04-14 16:00:00.310,10339,10340,10339,2
2020-04-14 16:00:00.590,10338,10339,10339,1
2020-04-14 16:00:01.271,10338,10339,10338,3
2020-04-14 16:00:01.322,10338,10339,10338,1
2020-04-14 16:00:01.362,10338,10339,10338,1
2020-04-14 16:00:01.402,10338,10339,10338,1
2020-04-14 16:00:02.313,10337,10339,10339,1
2020-04-14 16:00:02.540,10338,10339,10338,2
2020-04-14 16:00:02.540,10338,10339,10337,2
2020-04-14 16:00:10.099,10337,10338,10337,1
2020-04-14 16:00:10.099,10337,10338,10337,2
2020-04-14 16:00:21.450,10336,10337,10337,1
2020-04-14 16:00:25.750,10336,10337,10336,7
2020-04-14 16:00:27.529,10335,10336,10336,3
2020-04-14 16:00:30.680,10335,10336,10335,12
2020-04-14 16:00:30.990,10334,10335,10335,1
2020-04-14 16:00:32.318,10334,10335,10334,1
2020-04-14 16:00:32.488,10334,10335,10334,5
2020-04-14 16:00:35.274,10333,10334,10333,10
2020-04-14 16:00:40.359,10332,10333,10332,2
2020-04-14 16:00:40.359,10332,10333,10332,2
2020-04-14 16:00:41.749,10331,10332,10332,1
2020-04-14 16:00:42.848,10331,10332,10331,1
2020-04-14 16:00:45.246,10331,10332,10332,2
2020-04-14 16:00:46.868,10331,10332,10331,3
2020-04-14 16:00:47.043,10330,10332,10331,1
2020-04-14 16:00:48.099,10330,10331,10331,1
2020-04-14 16:00:48.660,10330,10331,10331,2
2020-04-14 16:00:53.950,10330,10331,10331,2
2020-04-14 16:00:59.999,10330,10331,10331,8
2020-04-14 16:01:00.092,10330,10331,10331,1
2020-04-14 16:01:01.517,10331,10332,10332,1
2020-04-14 16:01:01.629,10331,10332,10332,1
2020-04-14 16:01:01.636,10331,10332,10331,1
2020-04-14 16:01:12.172,10332,10333,10332,1
2020-04-14 16:01:24.911,10331,10332,10331,2
2020-04-14 16:01:26.401,10331,10332,10331,8
2020-04-14 16:01:32.043,10330,10331,10330,1
2020-04-14 16:01:33.977,10330,10331,10330,3
2020-04-14 16:01:33.978,10330,10331,10330,21
2020-04-14 16:01:34.240,10329,10330,10330,2
2020-04-14 16:01:34.661,10329,10331,10330,2
2020-04-14 16:01:37.733,10329,10330,10329,1
2020-04-14 16:01:37.996,10329,10330,10329,1
2020-04-14 16:01:38.017,10329,10330,10329,1
2020-04-14 16:01:38.200,10329,10330,10329,1
2020-04-14 16:01:45.622,10329,10330,10329,1
2020-04-14 16:01:51.110,10329,10330,10329,1
2020-04-14 16:01:53.978,10329,10330,10329,3
2020-04-14 16:01:57.193,10329,10330,10330,1
2020-04-14 16:01:57.193,10329,10330,10330,3
2020-04-14 16:01:57.194,10329,10330,10330,1
2020-04-14 16:01:58.731,10330,10331,10330,1
2020-04-14 16:02:02.151,10330,10331,10331,1
2020-04-14 16:02:02.630,10331,10332,10331,7
2020-04-14 16:02:02.707,10331,10332,10331,2
2020-04-14 16:02:03.540,10331,10332,10331,2
2020-04-14 16:02:03.540,10331,10332,10330,5
2020-04-14 16:02:04.371,10330,10332,10330,7
2020-04-14 16:02:04.859,10330,10332,10330,7
2020-04-14 16:02:07.924,10330,10332,10330,7
2020-04-14 16:02:09.400,10330,10331,10330,6
2020-04-14 16:02:09.400,10330,10331,10330,1
2020-04-14 16:02:10.921,10329,10330,10330,1
2020-04-14 16:02:11.649,10329,10330,10330,1
2020-04-14 16:02:11.650,10329,10330,10330,3
2020-04-14 16:02:15.274,10330,10332,10330,1
2020-04-14 16:02:17.096,10330,10332,10330,1
2020-04-14 16:02:17.639,10330,10332,10330,4
2020-04-14 16:02:21.516,10330,10332,10331,1
2020-04-14 16:02:21.749,10331,10332,10331,1
2020-04-14 16:02:29.288,10331,10332,10331,2
2020-04-14 16:02:37.091,10331,10332,10331,1
2020-04-14 16:02:50.516,10331,10332,10332,2
2020-04-14 16:02:50.516,10331,10332,10332,7
2020-04-14 16:02:52.234,10332,10333,10332,3
2020-04-14 16:02:59.931,10332,10333,10333,2
2020-04-14 16:03:04.738,10332,10333,10333,2
2020-04-14 16:03:05.125,10332,10333,10333,1
2020-04-14 16:03:06.857,10333,10334,10333,1
2020-04-14 16:03:08.862,10333,10334,10334,1
2020-04-14 16:03:10.065,10333,10334,10334,1
2020-04-14 16:03:12.311,10333,10334,10335,1
2020-04-14 16:03:20.709,10335,10336,10336,3
2020-04-14 16:03:26.655,10335,10336,10336,3
2020-04-14 16:03:26.777,10335,10336,10335,2
2020-04-14 16:03:26.777,10335,10336,10334,1
2020-04-14 16:03:28.449,10334,10335,10335,1
2020-04-14 16:03:34.469,10334,10335,10334,2
2020-04-14 16:03:37.774,10333,10334,10334,1
2020-04-14 16:03:42.577,10333,10334,10334,1
2020-04-14 16:03:44.347,10333,10335,10333,5
2020-04-14 16:04:08.557,10334,10335,10335,1
2020-04-14 16:04:13.706,10334,10335,10335,1
2020-04-14 16:04:20.547,10334,10335,10335,3
2020-04-14 16:04:22.576,10335,10336,10336,1
2020-04-14 16:04:33.990,10334,10336,10334,3
2020-04-14 16:04:55.988,10334,10335,10334,1
2020-04-14 16:05:00.053,10334,10335,10334,1
2020-04-14 16:05:00.053,10334,10335,10334,3
2020-04-14 16:05:03.059,10333,10334,10333,1
2020-04-14 16:05:04.059,10333,10334,10334,1
2020-04-14 16:05:19.402,10333,10334,10334,5
2020-04-14 16:05:26.368,10334,10335,10334,1
2020-04-14 16:05:26.368,10334,10335,10334,1
2020-04-14 16:05:27.965,10333,10334,10334,1
2020-04-14 16:05:51.970,10333,10334,10334,1
2020-04-14 16:06:01.347,10333,10334,10333,1
2020-04-14 16:06:01.348,10333,10334,10333,9
2020-04-14 16:06:01.348,10333,10334,10333,2
2020-04-14 16:06:01.348,10333,10334,10333,2
2020-04-14 16:06:01.348,10333,10334,10333,1
2020-04-14 16:06:01.348,10333,10334,10333,2
2020-04-14 16:06:01.374,10332,10333,10332,16
2020-04-14 16:06:01.499,10331,10332,10331,4
2020-04-14 16:06:11.847,10331,10332,10331,1
2020-04-14 16:06:15.832,10331,10332,10331,1
2020-04-14 16:06:26.100,10330,10331,10330,1
2020-04-14 16:06:28.243,10330,10331,10330,1
2020-04-14 16:06:29.770,10330,10331,10330,1
2020-04-14 16:06:34.384,10330,10331,10330,2
2020-04-14 16:06:43.623,10330,10331,10331,5
2020-04-14 16:06:54.447,10330,10331,10331,1
2020-04-14 16:07:11.118,10331,10332,10332,2
2020-04-14 16:07:11.118,10331,10332,10332,2
2020-04-14 16:07:32.498,10332,10333,10333,3
2020-04-14 16:07:32.510,10332,10333,10333,1
2020-04-14 16:07:35.556,10332,10333,10332,2
2020-04-14 16:07:38.721,10331,10332,10331,1
2020-04-14 16:07:41.697,10331,10332,10332,1
2020-04-14 16:07:44.603,10331,10332,10331,1
2020-04-14 16:07:47.696,10331,10332,10332,1
2020-04-14 16:07:47.696,10331,10332,10332,3
2020-04-14 16:08:12.186,10332,10333,10333,2
2020-04-14 16:08:15.371,10333,10334,10333,4
2020-04-14 16:08:19.782,10332,10333,10333,2
2020-04-14 16:08:19.782,10332,10333,10333,3
2020-04-14 16:08:19.782,10332,10333,10333,1
2020-04-14 16:08:22.660,10333,10334,10334,6
2020-04-14 16:08:38.106,10334,10335,10334,5
2020-04-14 16:08:44.572,10333,10335,10335,1
2020-04-14 16:08:52.502,10333,10335,10335,1
2020-04-14 16:08:57.255,10333,10334,10333,10
2020-04-14 16:09:02.363,10332,10333,10333,3
2020-04-14 16:09:39.410,10333,10334,10333,3
2020-04-14 16:09:44.874,10332,10333,10333,5
2020-04-14 16:09:45.067,10332,10333,10333,5
2020-04-14 16:09:45.272,10332,10333,10333,5
2020-04-14 16:09:51.966,10333,10334,10333,1
2020-04-14 16:10:00.464,10332,10333,10333,3
2020-04-14 16:10:00.464,10332,10333,10334,2
2020-04-14 16:10:01.466,10332,10333,10332,5
2020-04-14 16:10:01.466,10332,10333,10332,3
2020-04-14 16:10:02.493,10331,10333,10333,1
2020-04-14 16:10:02.846,10332,10333,10332,1
2020-04-14 16:10:04.163,10331,10333,10333,2
2020-04-14 16:10:04.163,10331,10333,10334,3
2020-04-14 16:10:04.399,10332,10334,10334,5
2020-04-14 16:10:05.843,10333,10334,10333,3
2020-04-14 16:10:07.589,10333,10334,10333,2
2020-04-14 16:10:22.756,10332,10333,10332,1
2020-04-14 16:10:25.406,10331,10332,10331,2
2020-04-14 16:10:25.406,10331,10332,10331,3
2020-04-14 16:10:29.095,10330,10331,10331,2
2020-04-14 16:10:33.092,10330,10331,10330,4
2020-04-14 16:10:33.092,10330,10331,10330,1
2020-04-14 16:10:33.092,10330,10331,10330,4
2020-04-14 16:10:33.092,10330,10331,10330,1
2020-04-14 16:10:33.092,10330,10331,10330,1
2020-04-14 16:10:33.093,10330,10331,10330,1
2020-04-14 16:10:33.094,10330,10331,10330,1
2020-04-14 16:10:33.094,10330,10331,10330,1
2020-04-14 16:10:33.094,10330,10331,10330,1
2020-04-14 16:10:33.095,10330,10331,10330,4
2020-04-14 16:10:33.287,10329,10330,10330,1
2020-04-14 16:10:50.429,10329,10330,10329,1
2020-04-14 16:10:51.008,10329,10330,10329,1
2020-04-14 16:10:51.170,10329,10330,10329,1
2020-04-14 16:10:51.179,10329,10330,10329,4
2020-04-14 16:10:51.179,10329,10330,10329,4
2020-04-14 16:10:51.601,10328,10329,10328,1
2020-04-14 16:10:51.630,10328,10329,10328,1
2020-04-14 16:10:52.250,10328,10329,10328,2
2020-04-14 16:10:52.540,10328,10329,10329,2
2020-04-14 16:10:53.845,10328,10329,10328,1
2020-04-14 16:10:54.899,10328,10329,10328,1
2020-04-14 16:10:54.915,10328,10329,10328,1
2020-04-14 16:10:54.923,10328,10329,10328,1
2020-04-14 16:10:54.929,10328,10329,10328,1
2020-04-14 16:10:55.203,10328,10329,10328,19
2020-04-14 16:10:55.250,10327,10328,10328,1
2020-04-14 16:11:01.817,10327,10328,10327,21
2020-04-14 16:11:01.818,10327,10328,10327,3
2020-04-14 16:11:01.907,10326,10327,10326,1
2020-04-14 16:11:01.914,10326,10327,10327,2
2020-04-14 16:11:01.924,10326,10327,10327,2
2020-04-14 16:11:01.936,10326,10327,10326,1
2020-04-14 16:11:01.980,10326,10327,10328,1
2020-04-14 16:11:01.992,10326,10327,10326,1
2020-04-14 16:11:02.112,10326,10327,10326,1
2020-04-14 16:11:02.157,10326,10327,10326,1
2020-04-14 16:11:02.191,10326,10327,10326,1
2020-04-14 16:11:02.191,10326,10327,10326,2
2020-04-14 16:11:02.201,10326,10327,10326,1
2020-04-14 16:11:02.204,10326,10327,10326,1
2020-04-14 16:11:02.205,10326,10327,10326,3
2020-04-14 16:11:02.210,10326,10327,10326,1
2020-04-14 16:11:02.216,10326,10327,10326,1
2020-04-14 16:11:02.217,10326,10327,10326,5
2020-04-14 16:11:02.221,10326,10327,10325,1
2020-04-14 16:11:02.229,10326,10327,10325,2
2020-04-14 16:11:02.276,10325,10327,10326,2
2020-04-14 16:11:02.280,10325,10327,10325,1
2020-04-14 16:11:02.292,10325,10327,10325,1
2020-04-14 16:11:02.304,10325,10327,10325,1
2020-04-14 16:11:02.304,10325,10327,10325,1
2020-04-14 16:11:02.304,10325,10327,10325,2
2020-04-14 16:11:02.307,10325,10327,10325,1
2020-04-14 16:11:02.311,10325,10327,10325,1
2020-04-14 16:11:02.319,10325,10327,10326,2
2020-04-14 16:11:02.327,10325,10327,10325,2
2020-04-14 16:11:02.351,10325,10327,10326,2
2020-04-14 16:11:02.352,10325,10327,10326,1
2020-04-14 16:11:02.465,10325,10327,10325,1
2020-04-14 16:11:02.482,10325,10327,10325,2
2020-04-14 16:11:02.490,10325,10327,10325,1
2020-04-14 16:11:02.502,10325,10326,10325,1
2020-04-14 16:11:02.514,10325,10326,10325,1
2020-04-14 16:11:02.524,10325,10326,10326,1
2020-04-14 16:11:02.598,10325,10326,10324,1
2020-04-14 16:11:02.675,10324,10326,10324,1
2020-04-14 16:11:02.675,10324,10326,10324,1
2020-04-14 16:11:02.681,10324,10326,10324,1
2020-04-14 16:11:02.686,10324,10326,10324,1
2020-04-14 16:11:02.808,10324,10326,10324,1
2020-04-14 16:11:03.004,10324,10326,10324,1
2020-04-14 16:11:03.498,10324,10325,10325,3
2020-04-14 16:11:03.556,10324,10325,10325,3
2020-04-14 16:11:03.557,10324,10325,10325,1
2020-04-14 16:11:03.599,10324,10325,10324,1
2020-04-14 16:11:03.624,10324,10325,10325,1
2020-04-14 16:11:03.718,10324,10325,10324,1
2020-04-14 16:11:04.180,10324,10326,10326,5
2020-04-14 16:11:04.183,10324,10326,10326,2
2020-04-14 16:11:04.408,10325,10327,10327,5
2020-04-14 16:11:04.408,10325,10327,10326,1
2020-04-14 16:11:05.339,10325,10327,10325,1
2020-04-14 16:11:05.535,10325,10327,10325,2
2020-04-14 16:11:05.879,10325,10327,10325,1
2020-04-14 16:11:06.342,10325,10327,10325,1
2020-04-14 16:11:08.498,10325,10326,10326,2
2020-04-14 16:11:08.499,10325,10326,10326,1
2020-04-14 16:11:08.864,10326,10327,10326,1
2020-04-14 16:11:09.588,10326,10327,10326,1
2020-04-14 16:11:10.461,10325,10327,10326,1
2020-04-14 16:11:10.461,10325,10327,10325,1
2020-04-14 16:11:11.806,10326,10327,10326,3
2020-04-14 16:11:14.719,10326,10327,10326,1
2020-04-14 16:11:17.893,10326,10327,10326,1
2020-04-14 16:11:19.748,10326,10327,10327,1
2020-04-14 16:11:23.685,10327,10328,10327,1
2020-04-14 16:11:27.124,10327,10328,10327,1
2020-04-14 16:11:31.075,10326,10327,10327,1
2020-04-14 16:11:31.127,10327,10328,10327,1
2020-04-14 16:11:31.515,10327,10328,10327,1
2020-04-14 16:11:40.758,10327,10328,10327,2
2020-04-14 16:11:45.465,10327,10328,10327,3
2020-04-14 16:11:45.465,10327,10328,10327,1
2020-04-14 16:11:45.508,10327,10328,10327,2
2020-04-14 16:11:54.533,10326,10327,10327,1
2020-04-14 16:11:56.303,10326,10327,10327,1
2020-04-14 16:11:58.127,10326,10327,10327,1
2020-04-14 16:11:59.251,10326,10327,10326,2
2020-04-14 16:12:01.274,10326,10327,10326,4
2020-04-14 16:12:01.337,10326,10327,10326,1
2020-04-14 16:12:01.709,10325,10326,10325,1
2020-04-14 16:12:01.763,10325,10326,10325,1
2020-04-14 16:12:01.885,10325,10326,10326,1
2020-04-14 16:12:02.019,10325,10326,10325,1
2020-04-14 16:12:02.087,10325,10326,10325,2
2020-04-14 16:12:02.185,10325,10326,10325,1
2020-04-14 16:12:02.240,10325,10326,10325,1
2020-04-14 16:12:02.256,10325,10326,10325,1
2020-04-14 16:12:02.259,10325,10326,10325,1
2020-04-14 16:12:02.261,10325,10326,10325,1
2020-04-14 16:12:02.262,10325,10326,10325,1
2020-04-14 16:12:02.265,10325,10326,10325,1
2020-04-14 16:12:02.490,10325,10326,10325,1
2020-04-14 16:12:02.865,10324,10326,10326,1
2020-04-14 16:12:11.710,10325,10326,10326,1
2020-04-14 16:12:12.021,10325,10326,10325,1
2020-04-14 16:12:16.065,10325,10326,10326,2
2020-04-14 16:12:16.065,10325,10326,10326,3
2020-04-14 16:12:16.065,10325,10326,10326,2
2020-04-14 16:12:18.286,10326,10327,10326,1
2020-04-14 16:12:28.146,10326,10327,10326,1
2020-04-14 16:12:31.584,10326,10327,10326,1
2020-04-14 16:12:32.907,10325,10326,10325,4
2020-04-14 16:12:42.027,10325,10326,10325,3
2020-04-14 16:12:44.105,10325,10326,10326,1
2020-04-14 16:12:44.531,10325,10326,10326,2
2020-04-14 16:12:44.531,10325,10326,10326,1
2020-04-14 16:12:50.562,10326,10327,10326,1
2020-04-14 16:13:03.835,10326,10327,10327,3
2020-04-14 16:13:03.836,10326,10327,10327,2
2020-04-14 16:13:03.836,10326,10327,10327,1
2020-04-14 16:13:03.938,10326,10328,10328,1
2020-04-14 16:13:09.075,10326,10328,10328,3
2020-04-14 16:13:36.425,10326,10328,10327,1
2020-04-14 16:13:39.842,10326,10328,10327,1
2020-04-14 16:13:43.020,10327,10328,10328,4
2020-04-14 16:13:43.088,10327,10328,10328,1
2020-04-14 16:13:43.088,10327,10328,10328,1
2020-04-14 16:13:50.495,10327,10329,10329,1
2020-04-14 16:13:50.495,10327,10329,10329,1
2020-04-14 16:13:50.496,10327,10329,10329,1
2020-04-14 16:13:50.496,10327,10329,10329,1
2020-04-14 16:13:55.894,10327,10329,10329,1
2020-04-14 16:14:04.212,10328,10329,10329,1
2020-04-14 16:14:05.674,10328,10329,10328,7
2020-04-14 16:14:17.070,10328,10329,10328,6
2020-04-14 16:14:17.070,10328,10329,10328,1
2020-04-14 16:14:26.591,10328,10329,10328,1
2020-04-14 16:14:28.734,10328,10329,10328,4
2020-04-14 16:14:28.734,10328,10329,10328,1
2020-04-14 16:14:28.734,10328,10329,10328,2
2020-04-14 16:14:32.748,10328,10329,10328,1
2020-04-14 16:14:37.942,10328,10329,10328,1
2020-04-14 16:14:37.942,10328,10329,10328,1
2020-04-14 16:14:44.749,10327,10328,10328,3
2020-04-14 16:14:51.360,10327,10328,10328,2
2020-04-14 16:15:04.527,10327,10328,10327,2
2020-04-14 16:15:04.528,10327,10328,10327,2
2020-04-14 16:15:04.528,10327,10328,10327,2
2020-04-14 16:15:04.528,10327,10328,10327,1
2020-04-14 16:15:04.623,10327,10328,10327,4
2020-04-14 16:15:04.623,10327,10328,10327,1
2020-04-14 16:15:20.227,10326,10327,10327,1
2020-04-14 16:15:20.228,10326,10327,10327,1
2020-04-14 16:15:25.425,10326,10327,10327,1
2020-04-14 16:15:31.455,10326,10327,10327,1
2020-04-14 16:15:40.102,10327,10328,10328,3
2020-04-14 16:15:58.562,10327,10328,10327,2
2020-04-14 16:16:04.629,10327,10328,10328,1
2020-04-14 16:16:17.770,10327,10328,10327,2
2020-04-14 16:16:21.077,10327,10328,10327,1
2020-04-14 16:16:30.341,10327,10328,10327,1
2020-04-14 16:16:37.100,10327,10328,10327,1
2020-04-14 16:16:48.174,10327,10328,10327,2
2020-04-14 16:17:00.819,10327,10328,10328,1
2020-04-14 16:17:01.035,10327,10328,10327,2
2020-04-14 16:17:01.234,10327,10328,10327,1
2020-04-14 16:17:01.236,10327,10328,10327,1
2020-04-14 16:17:01.238,10327,10328,10326,1
2020-04-14 16:17:02.376,10326,10327,10326,4
2020-04-14 16:17:02.388,10326,10327,10326,1
2020-04-14 16:17:02.760,10326,10327,10327,1
2020-04-14 16:17:03.880,10326,10327,10327,1
2020-04-14 16:17:06.215,10326,10327,10326,1
2020-04-14 16:17:06.567,10326,10327,10326,1
2020-04-14 16:17:09.846,10326,10327,10326,1
2020-04-14 16:17:10.355,10326,10327,10327,1
2020-04-14 16:17:16.665,10326,10327,10327,1
2020-04-14 16:17:19.731,10326,10327,10327,1
2020-04-14 16:17:19.731,10326,10327,10327,2
2020-04-14 16:17:22.298,10327,10328,10327,1
2020-04-14 16:17:30.094,10326,10327,10327,1
2020-04-14 16:17:44.858,10326,10327,10327,2
2020-04-14 16:17:45.050,10326,10327,10326,1
2020-04-14 16:17:45.063,10326,10327,10326,1
2020-04-14 16:17:47.258,10326,10327,10327,1
2020-04-14 16:17:50.441,10326,10327,10327,1
2020-04-14 16:17:54.518,10326,10328,10326,1
2020-04-14 16:17:54.572,10326,10328,10326,1
2020-04-14 16:17:54.602,10326,10328,10327,1
2020-04-14 16:18:01.858,10326,10327,10327,1
2020-04-14 16:18:12.109,10326,10327,10326,1
2020-04-14 16:18:14.105,10326,10327,10327,1
2020-04-14 16:18:15.425,10326,10327,10327,1
2020-04-14 16:18:16.356,10326,10327,10326,1
2020-04-14 16:18:19.648,10326,10327,10326,1
2020-04-14 16:18:19.860,10326,10327,10326,2
2020-04-14 16:18:19.873,10326,10327,10326,12
2020-04-14 16:18:20.934,10325,10326,10326,2
2020-04-14 16:18:20.987,10325,10326,10325,2
2020-04-14 16:18:27.272,10325,10326,10326,1
2020-04-14 16:18:29.889,10325,10326,10325,2
2020-04-14 16:18:30.578,10325,10326,10326,1
2020-04-14 16:18:33.519,10325,10326,10325,3
2020-04-14 16:18:34.597,10325,10326,10325,1
2020-04-14 16:18:34.761,10325,10326,10325,2
2020-04-14 16:18:36.147,10325,10326,10326,1
2020-04-14 16:18:41.421,10325,10326,10326,1
2020-04-14 16:18:46.787,10325,10326,10326,1
2020-04-14 16:18:50.515,10325,10326,10326,2
2020-04-14 16:19:00.268,10325,10326,10326,1
2020-04-14 16:19:06.096,10325,10326,10325,1
2020-04-14 16:19:06.931,10325,10326,10326,1
2020-04-14 16:19:14.829,10325,10326,10325,4
2020-04-14 16:19:19.424,10325,10326,10325,3
2020-04-14 16:19:20.010,10325,10326,10325,1
2020-04-14 16:19:22.569,10325,10326,10326,3
2020-04-14 16:19:24.283,10325,10326,10325,1
2020-04-14 16:19:25.265,10325,10326,10325,2
2020-04-14 16:19:27.524,10325,10326,10325,1
2020-04-14 16:19:27.813,10325,10326,10326,11
2020-04-14 16:19:30.361,10326,10328,10326,1
2020-04-14 16:19:42.251,10326,10327,10327,5
2020-04-14 16:19:42.917,10327,10328,10327,1
2020-04-14 16:19:48.700,10327,10328,10327,2
2020-04-14 16:19:49.756,10327,10328,10327,1
2020-04-14 16:20:14.939,10327,10328,10328,4
2020-04-14 16:20:31.211,10328,10329,10329,15
2020-04-14 16:20:31.369,10329,10330,10329,1
2020-04-14 16:20:33.399,10329,10330,10330,1
2020-04-14 16:20:33.399,10329,10330,10330,1
2020-04-14 16:20:33.399,10329,10330,10330,2
2020-04-14 16:20:33.399,10329,10330,10330,3
2020-04-14 16:20:33.648,10330,10331,10330,1
2020-04-14 16:20:33.692,10330,10331,10330,1
2020-04-14 16:20:33.711,10330,10331,10331,7
2020-04-14 16:20:33.712,10330,10331,10331,2
2020-04-14 16:20:33.802,10330,10332,10332,1
2020-04-14 16:20:36.128,10330,10332,10332,2
2020-04-14 16:20:39.115,10330,10332,10332,1
2020-04-14 16:20:47.456,10330,10332,10332,1
2020-04-14 16:20:49.052,10331,10332,10331,1
2020-04-14 16:20:55.782,10330,10331,10330,1
2020-04-14 16:20:55.810,10330,10331,10331,3
2020-04-14 16:20:56.249,10331,10332,10331,1
2020-04-14 16:20:56.918,10331,10332,10331,1
2020-04-14 16:20:59.270,10331,10332,10331,5
