2020-02-17 15:00:00.086,11773,11774,11774,32
2020-02-17 15:00:00.087,11774,11775,11774,1
2020-02-17 15:00:00.197,11774,11775,11774,3
2020-02-17 15:00:00.511,11774,11775,11775,6
2020-02-17 15:00:00.532,11774,11775,11774,1
2020-02-17 15:00:00.625,11774,11775,11775,1
2020-02-17 15:00:00.733,11774,11775,11775,4
2020-02-17 15:00:00.733,11774,11775,11775,4
2020-02-17 15:00:00.737,11774,11775,11775,4
2020-02-17 15:00:00.748,11774,11775,11775,2
2020-02-17 15:00:00.748,11774,11775,11776,2
2020-02-17 15:00:00.758,11774,11775,11776,3
2020-02-17 15:00:00.758,11774,11775,11777,1
2020-02-17 15:00:00.765,11774,11775,11777,4
2020-02-17 15:00:00.806,11774,11775,11777,1
2020-02-17 15:00:00.811,11774,11775,11777,4
2020-02-17 15:00:00.820,11774,11775,11777,1
2020-02-17 15:00:00.820,11774,11775,11778,3
2020-02-17 15:00:00.853,11774,11775,11774,1
2020-02-17 15:00:00.965,11774,11778,11777,1
2020-02-17 15:00:01.056,11775,11777,11777,2
2020-02-17 15:00:01.065,11775,11777,11777,1
2020-02-17 15:00:01.065,11775,11777,11778,3
2020-02-17 15:00:01.086,11775,11777,11778,1
2020-02-17 15:00:01.207,11775,11778,11776,1
2020-02-17 15:00:01.288,11775,11776,11776,1
2020-02-17 15:00:01.288,11775,11776,11777,1
2020-02-17 15:00:01.373,11775,11777,11777,4
2020-02-17 15:00:01.554,11775,11777,11777,1
2020-02-17 15:00:01.591,11775,11777,11777,2
2020-02-17 15:00:01.602,11775,11777,11777,1
2020-02-17 15:00:01.722,11776,11777,11777,1
2020-02-17 15:00:01.725,11776,11777,11777,2
2020-02-17 15:00:01.770,11776,11778,11777,1
2020-02-17 15:00:01.818,11776,11778,11777,1
2020-02-17 15:00:01.838,11776,11778,11778,2
2020-02-17 15:00:01.848,11776,11778,11778,2
2020-02-17 15:00:01.876,11776,11778,11778,1
2020-02-17 15:00:01.879,11776,11778,11778,2
2020-02-17 15:00:01.902,11776,11778,11778,1
2020-02-17 15:00:01.972,11776,11778,11777,1
2020-02-17 15:00:01.985,11776,11777,11777,2
2020-02-17 15:00:01.999,11776,11777,11778,1
2020-02-17 15:00:02.009,11776,11777,11778,1
2020-02-17 15:00:02.133,11776,11778,11778,1
2020-02-17 15:00:02.165,11776,11778,11778,2
2020-02-17 15:00:02.196,11776,11778,11778,2
2020-02-17 15:00:02.248,11777,11778,11779,1
2020-02-17 15:00:02.286,11777,11778,11779,1
2020-02-17 15:00:02.289,11777,11778,11777,1
2020-02-17 15:00:02.334,11777,11778,11779,1
2020-02-17 15:00:02.372,11777,11779,11779,3
2020-02-17 15:00:02.377,11777,11779,11779,1
2020-02-17 15:00:02.403,11777,11779,11779,2
2020-02-17 15:00:02.455,11777,11779,11779,1
2020-02-17 15:00:02.532,11777,11779,11777,1
2020-02-17 15:00:02.537,11777,11779,11779,1
2020-02-17 15:00:02.820,11777,11779,11777,1
2020-02-17 15:00:03.446,11777,11778,11778,1
2020-02-17 15:00:03.610,11777,11779,11777,1
2020-02-17 15:00:04.507,11778,11779,11778,1
2020-02-17 15:00:04.835,11778,11779,11778,1
2020-02-17 15:00:04.878,11778,11779,11779,1
2020-02-17 15:00:05.985,11778,11779,11778,1
2020-02-17 15:00:06.056,11778,11779,11777,1
2020-02-17 15:00:06.860,11775,11776,11775,1
2020-02-17 15:00:06.936,11775,11776,11776,2
2020-02-17 15:00:07.098,11774,11776,11775,1
2020-02-17 15:00:07.568,11775,11777,11777,1
2020-02-17 15:00:08.485,11775,11776,11775,4
2020-02-17 15:00:11.944,11774,11775,11775,6
2020-02-17 15:00:13.601,11774,11775,11774,1
2020-02-17 15:00:14.627,11774,11775,11775,1
2020-02-17 15:00:14.735,11774,11775,11775,1
2020-02-17 15:00:14.860,11774,11775,11775,1
2020-02-17 15:00:14.884,11774,11775,11775,4
2020-02-17 15:00:15.260,11775,11776,11776,1
2020-02-17 15:00:15.360,11775,11776,11776,1
2020-02-17 15:00:15.385,11775,11776,11776,1
2020-02-17 15:00:15.510,11775,11776,11776,2
2020-02-17 15:00:15.811,11775,11777,11775,2
2020-02-17 15:00:18.198,11775,11776,11776,1
2020-02-17 15:00:18.807,11775,11776,11775,2
2020-02-17 15:00:19.079,11774,11776,11776,1
2020-02-17 15:00:19.778,11775,11776,11776,1
2020-02-17 15:00:20.110,11775,11776,11775,1
2020-02-17 15:00:20.384,11774,11775,11775,1
2020-02-17 15:00:21.013,11774,11775,11774,3
2020-02-17 15:00:21.077,11774,11775,11775,1
2020-02-17 15:00:21.618,11774,11775,11774,1
2020-02-17 15:00:21.619,11774,11775,11775,1
2020-02-17 15:00:21.863,11774,11775,11775,1
2020-02-17 15:00:21.893,11774,11775,11774,1
2020-02-17 15:00:23.041,11774,11775,11774,1
2020-02-17 15:00:24.471,11774,11775,11775,1
2020-02-17 15:00:24.610,11774,11775,11775,1
2020-02-17 15:00:24.634,11774,11775,11775,1
2020-02-17 15:00:25.385,11775,11776,11776,3
2020-02-17 15:00:25.578,11775,11777,11775,3
2020-02-17 15:00:27.935,11776,11777,11776,1
2020-02-17 15:00:29.180,11775,11776,11776,1
2020-02-17 15:00:29.259,11775,11776,11776,1
2020-02-17 15:00:30.610,11776,11777,11776,1
2020-02-17 15:00:31.544,11775,11776,11775,5
2020-02-17 15:00:32.611,11775,11776,11776,2
2020-02-17 15:00:32.885,11775,11776,11776,1
2020-02-17 15:00:33.219,11776,11777,11776,1
2020-02-17 15:00:33.265,11775,11777,11775,1
2020-02-17 15:00:33.524,11775,11776,11775,2
2020-02-17 15:00:34.010,11775,11776,11776,1
2020-02-17 15:00:34.501,11775,11776,11776,1
2020-02-17 15:00:34.806,11775,11776,11775,1
2020-02-17 15:00:35.467,11775,11776,11775,1
2020-02-17 15:00:35.803,11775,11776,11776,2
2020-02-17 15:00:37.041,11775,11776,11775,1
2020-02-17 15:00:37.072,11775,11776,11776,1
2020-02-17 15:00:37.794,11775,11776,11775,1
2020-02-17 15:00:37.794,11775,11776,11774,63
2020-02-17 15:00:37.860,11773,11774,11773,1
2020-02-17 15:00:37.874,11773,11774,11774,2
2020-02-17 15:00:37.886,11773,11774,11774,2
2020-02-17 15:00:39.103,11773,11774,11774,1
2020-02-17 15:00:39.134,11773,11774,11774,2
2020-02-17 15:00:39.278,11773,11775,11774,1
2020-02-17 15:00:39.610,11774,11775,11774,1
2020-02-17 15:00:39.642,11774,11775,11774,1
2020-02-17 15:00:40.010,11773,11774,11774,1
2020-02-17 15:00:40.092,11773,11774,11774,1
2020-02-17 15:00:40.135,11773,11774,11774,1
2020-02-17 15:00:40.705,11773,11775,11773,1
2020-02-17 15:00:40.886,11773,11775,11775,1
2020-02-17 15:00:41.571,11773,11775,11773,1
2020-02-17 15:00:43.199,11773,11775,11773,4
2020-02-17 15:00:44.611,11773,11774,11774,2
2020-02-17 15:00:45.718,11774,11775,11775,1
2020-02-17 15:00:49.817,11774,11775,11774,1
2020-02-17 15:00:52.982,11774,11775,11774,1
2020-02-17 15:00:53.897,11773,11774,11773,2
2020-02-17 15:00:54.457,11773,11774,11773,1
2020-02-17 15:00:54.719,11773,11774,11773,2
2020-02-17 15:00:56.288,11773,11774,11774,1
2020-02-17 15:00:56.404,11773,11774,11774,1
2020-02-17 15:00:57.033,11774,11775,11774,1
2020-02-17 15:00:57.838,11774,11775,11774,1
2020-02-17 15:00:58.116,11774,11775,11775,1
2020-02-17 15:00:59.623,11774,11775,11775,1
2020-02-17 15:01:00.094,11774,11775,11775,1
2020-02-17 15:01:00.132,11774,11775,11775,1
2020-02-17 15:01:00.158,11774,11775,11775,2
2020-02-17 15:01:00.203,11774,11775,11774,1
2020-02-17 15:01:00.317,11774,11775,11775,2
2020-02-17 15:01:00.322,11774,11775,11776,1
2020-02-17 15:01:00.785,11775,11776,11776,1
2020-02-17 15:01:00.895,11775,11776,11776,2
2020-02-17 15:01:00.951,11775,11776,11775,1
2020-02-17 15:01:01.212,11775,11776,11775,1
2020-02-17 15:01:01.849,11775,11776,11776,2
2020-02-17 15:01:01.869,11775,11776,11776,4
2020-02-17 15:01:01.876,11775,11776,11776,1
2020-02-17 15:01:01.876,11775,11776,11777,1
2020-02-17 15:01:01.877,11775,11776,11777,4
2020-02-17 15:01:01.878,11775,11776,11777,4
2020-02-17 15:01:01.878,11775,11776,11777,13
2020-02-17 15:01:01.878,11775,11776,11777,3
2020-02-17 15:01:01.878,11775,11776,11777,4
2020-02-17 15:01:01.878,11775,11776,11777,1
2020-02-17 15:01:01.879,11775,11776,11777,4
2020-02-17 15:01:01.879,11775,11776,11777,4
2020-02-17 15:01:01.880,11775,11776,11777,4
2020-02-17 15:01:01.880,11775,11776,11777,1
2020-02-17 15:01:01.881,11775,11776,11777,1
2020-02-17 15:01:01.882,11775,11776,11777,1
2020-02-17 15:01:01.882,11775,11776,11777,6
2020-02-17 15:01:01.883,11775,11776,11777,2
2020-02-17 15:01:01.883,11775,11776,11777,1
2020-02-17 15:01:01.884,11775,11776,11777,4
2020-02-17 15:01:01.887,11775,11776,11777,1
2020-02-17 15:01:01.893,11775,11776,11777,1
2020-02-17 15:01:02.059,11776,11777,11777,6
2020-02-17 15:01:02.059,11776,11777,11776,2
2020-02-17 15:01:02.588,11777,11778,11778,1
2020-02-17 15:01:02.777,11777,11778,11777,1
2020-02-17 15:01:02.880,11777,11778,11778,1
2020-02-17 15:01:03.091,11777,11778,11778,1
2020-02-17 15:01:03.611,11777,11778,11776,1
2020-02-17 15:01:03.623,11777,11778,11778,1
2020-02-17 15:01:05.010,11776,11777,11776,1
2020-02-17 15:01:06.116,11775,11777,11775,1
2020-02-17 15:01:07.005,11775,11777,11777,1
2020-02-17 15:01:08.631,11776,11777,11777,1
2020-02-17 15:01:09.907,11776,11777,11776,1
2020-02-17 15:01:12.864,11775,11776,11776,3
2020-02-17 15:01:13.485,11775,11776,11775,3
2020-02-17 15:01:13.485,11775,11776,11775,1
2020-02-17 15:01:13.510,11775,11776,11775,2
2020-02-17 15:01:13.536,11775,11776,11775,2
2020-02-17 15:01:13.570,11775,11776,11775,1
2020-02-17 15:01:14.494,11774,11775,11775,3
2020-02-17 15:01:17.119,11774,11775,11775,2
2020-02-17 15:01:17.286,11774,11775,11775,1
2020-02-17 15:01:20.402,11774,11775,11775,1
2020-02-17 15:01:20.447,11774,11775,11774,1
2020-02-17 15:01:20.509,11774,11775,11775,1
2020-02-17 15:01:20.748,11774,11775,11774,2
2020-02-17 15:01:21.159,11774,11775,11774,1
2020-02-17 15:01:21.415,11774,11775,11774,1
2020-02-17 15:01:22.511,11774,11775,11775,2
2020-02-17 15:01:25.770,11774,11775,11774,1
2020-02-17 15:01:28.394,11774,11775,11774,2
2020-02-17 15:01:30.885,11774,11775,11774,1
2020-02-17 15:01:32.910,11774,11775,11774,1
2020-02-17 15:01:36.658,11774,11775,11774,1
2020-02-17 15:01:40.030,11774,11775,11774,1
2020-02-17 15:01:47.810,11774,11775,11774,1
2020-02-17 15:01:48.537,11774,11775,11774,1
2020-02-17 15:01:49.055,11774,11775,11774,1
2020-02-17 15:01:51.023,11774,11775,11774,4
2020-02-17 15:01:57.517,11774,11775,11774,2
2020-02-17 15:01:59.932,11774,11775,11775,2
2020-02-17 15:01:59.936,11774,11775,11775,8
2020-02-17 15:02:00.153,11774,11775,11775,1
2020-02-17 15:02:03.935,11774,11775,11775,1
2020-02-17 15:02:07.083,11774,11775,11775,1
2020-02-17 15:02:12.028,11774,11775,11775,1
2020-02-17 15:02:15.688,11774,11775,11775,1
2020-02-17 15:02:21.467,11774,11775,11775,5
2020-02-17 15:02:23.317,11774,11775,11775,1
2020-02-17 15:02:26.779,11774,11775,11775,2
2020-02-17 15:02:27.118,11774,11775,11774,2
2020-02-17 15:02:28.731,11774,11775,11774,1
2020-02-17 15:02:30.378,11774,11775,11775,1
2020-02-17 15:02:32.224,11774,11775,11774,2
2020-02-17 15:02:32.468,11774,11775,11774,1
2020-02-17 15:02:36.192,11774,11775,11775,1
2020-02-17 15:02:38.241,11774,11775,11774,1
2020-02-17 15:02:38.929,11774,11775,11774,1
2020-02-17 15:02:39.983,11774,11775,11774,5
2020-02-17 15:02:43.618,11774,11775,11774,1
2020-02-17 15:02:44.173,11773,11774,11774,1
2020-02-17 15:02:50.604,11774,11775,11774,5
2020-02-17 15:02:54.813,11774,11775,11774,1
2020-02-17 15:03:00.035,11773,11774,11774,1
2020-02-17 15:03:00.035,11773,11774,11775,1
2020-02-17 15:03:12.117,11773,11774,11774,1
2020-02-17 15:03:15.142,11773,11774,11774,3
2020-02-17 15:03:15.611,11773,11774,11774,1
2020-02-17 15:03:25.735,11773,11774,11773,1
2020-02-17 15:03:25.860,11773,11774,11773,1
2020-02-17 15:03:25.985,11773,11774,11773,1
2020-02-17 15:03:26.110,11773,11774,11773,1
2020-02-17 15:03:26.235,11773,11774,11773,1
2020-02-17 15:03:29.299,11773,11774,11774,1
2020-02-17 15:03:30.109,11773,11774,11773,1
2020-02-17 15:03:32.957,11773,11774,11774,1
2020-02-17 15:03:35.286,11773,11774,11774,1
2020-02-17 15:03:40.387,11773,11774,11774,2
2020-02-17 15:03:43.159,11773,11774,11773,2
2020-02-17 15:03:47.479,11773,11774,11773,1
2020-02-17 15:03:56.467,11773,11774,11773,3
2020-02-17 15:03:59.874,11773,11774,11774,2
2020-02-17 15:04:09.062,11773,11774,11773,1
2020-02-17 15:04:11.128,11773,11774,11773,1
2020-02-17 15:04:12.043,11773,11774,11773,1
2020-02-17 15:04:12.384,11773,11774,11773,1
2020-02-17 15:04:21.244,11773,11774,11774,1
2020-02-17 15:04:49.886,11773,11774,11774,1
2020-02-17 15:04:56.969,11773,11774,11774,2
2020-02-17 15:04:58.064,11773,11774,11774,1
2020-02-17 15:04:58.064,11773,11774,11774,2
2020-02-17 15:04:58.065,11773,11774,11774,1
2020-02-17 15:04:58.065,11773,11774,11774,2
2020-02-17 15:04:58.065,11773,11774,11774,2
2020-02-17 15:04:58.065,11773,11774,11774,5
2020-02-17 15:05:04.985,11774,11775,11774,2
2020-02-17 15:05:05.216,11774,11775,11774,1
2020-02-17 15:05:05.443,11773,11775,11774,1
2020-02-17 15:05:06.199,11773,11774,11774,2
2020-02-17 15:05:06.498,11773,11775,11774,1
2020-02-17 15:05:06.498,11773,11775,11775,1
2020-02-17 15:05:08.210,11773,11775,11775,1
2020-02-17 15:05:14.240,11774,11775,11775,1
2020-02-17 15:05:16.469,11774,11775,11775,1
2020-02-17 15:05:17.524,11774,11775,11774,1
2020-02-17 15:05:28.365,11774,11775,11774,1
2020-02-17 15:05:28.662,11774,11775,11774,1
2020-02-17 15:05:29.587,11774,11775,11774,1
2020-02-17 15:05:42.670,11774,11775,11774,2
2020-02-17 15:05:43.520,11774,11775,11775,1
2020-02-17 15:05:50.091,11774,11775,11775,1
2020-02-17 15:05:52.980,11774,11775,11775,1
2020-02-17 15:06:00.236,11774,11775,11775,1
2020-02-17 15:06:05.065,11774,11775,11775,1
2020-02-17 15:06:22.359,11774,11775,11775,2
2020-02-17 15:06:24.456,11774,11775,11775,1
2020-02-17 15:06:45.811,11774,11775,11774,1
2020-02-17 15:06:47.916,11774,11775,11775,1
2020-02-17 15:06:48.128,11774,11775,11774,1
2020-02-17 15:06:49.531,11774,11775,11774,1
2020-02-17 15:06:53.375,11774,11775,11774,1
2020-02-17 15:06:59.985,11774,11775,11774,2
2020-02-17 15:07:05.891,11774,11775,11775,1
2020-02-17 15:07:16.576,11774,11775,11775,1
2020-02-17 15:07:18.705,11774,11775,11774,4
2020-02-17 15:07:18.972,11774,11775,11774,2
2020-02-17 15:07:21.093,11774,11775,11774,2
2020-02-17 15:07:21.906,11774,11775,11775,1
2020-02-17 15:07:26.981,11774,11775,11774,2
2020-02-17 15:07:33.735,11774,11775,11775,7
2020-02-17 15:07:33.860,11774,11775,11775,19
2020-02-17 15:07:34.459,11775,11776,11776,1
2020-02-17 15:07:38.734,11775,11776,11776,1
2020-02-17 15:07:40.236,11775,11776,11775,1
2020-02-17 15:07:47.961,11775,11776,11776,1
2020-02-17 15:07:51.043,11775,11776,11776,8
2020-02-17 15:07:51.110,11775,11776,11776,16
2020-02-17 15:07:51.883,11776,11777,11777,1
2020-02-17 15:07:53.221,11776,11777,11776,1
2020-02-17 15:08:01.362,11776,11777,11777,1
2020-02-17 15:08:01.911,11776,11777,11777,2
2020-02-17 15:08:08.109,11776,11777,11777,1
2020-02-17 15:08:11.875,11776,11777,11777,1
2020-02-17 15:08:14.374,11776,11777,11777,1
2020-02-17 15:08:14.647,11776,11777,11776,6
2020-02-17 15:08:14.812,11776,11777,11776,12
2020-02-17 15:08:21.360,11776,11777,11776,1
2020-02-17 15:08:21.368,11776,11777,11776,1
2020-02-17 15:08:22.814,11776,11777,11777,1
2020-02-17 15:08:24.194,11776,11777,11776,2
2020-02-17 15:08:25.369,11776,11777,11777,1
2020-02-17 15:08:26.076,11776,11777,11777,1
2020-02-17 15:08:26.586,11776,11777,11776,1
2020-02-17 15:08:27.730,11776,11777,11776,1
2020-02-17 15:08:44.132,11776,11777,11776,2
2020-02-17 15:08:58.470,11776,11777,11777,1
2020-02-17 15:08:58.701,11776,11777,11776,1
2020-02-17 15:08:58.766,11776,11777,11776,1
2020-02-17 15:09:12.620,11776,11777,11777,1
2020-02-17 15:09:13.528,11776,11777,11777,1
2020-02-17 15:09:15.692,11776,11777,11776,1
2020-02-17 15:09:17.218,11776,11777,11777,1
2020-02-17 15:09:18.060,11776,11777,11776,1
2020-02-17 15:09:18.383,11776,11777,11777,1
2020-02-17 15:09:19.684,11776,11777,11777,5
2020-02-17 15:09:20.535,11776,11777,11776,1
2020-02-17 15:09:21.218,11776,11777,11776,12
2020-02-17 15:09:21.403,11775,11776,11776,3
2020-02-17 15:09:30.511,11776,11777,11777,1
2020-02-17 15:09:31.761,11776,11777,11776,1
2020-02-17 15:09:41.575,11776,11777,11776,1
2020-02-17 15:09:59.489,11776,11777,11777,1
2020-02-17 15:10:00.112,11776,11777,11777,1
2020-02-17 15:10:00.634,11776,11777,11776,3
2020-02-17 15:10:02.651,11776,11777,11776,1
2020-02-17 15:10:03.622,11776,11777,11776,1
2020-02-17 15:10:24.004,11776,11777,11776,1
2020-02-17 15:10:25.454,11776,11777,11777,2
2020-02-17 15:10:31.295,11776,11777,11776,1
2020-02-17 15:10:39.636,11776,11777,11776,1
2020-02-17 15:10:40.694,11776,11777,11777,1
2020-02-17 15:10:54.300,11776,11777,11777,1
2020-02-17 15:11:06.200,11776,11777,11777,1
2020-02-17 15:11:07.495,11776,11777,11777,1
2020-02-17 15:11:20.747,11776,11777,11776,39
2020-02-17 15:11:20.748,11776,11777,11776,2
2020-02-17 15:11:20.748,11776,11777,11776,1
2020-02-17 15:11:20.748,11776,11777,11776,6
2020-02-17 15:11:20.748,11776,11777,11776,1
2020-02-17 15:11:20.748,11776,11777,11776,3
2020-02-17 15:11:21.058,11775,11776,11775,1
2020-02-17 15:11:21.077,11775,11776,11775,1
2020-02-17 15:11:26.707,11775,11776,11775,5
2020-02-17 15:11:26.996,11775,11776,11775,1
2020-02-17 15:11:28.254,11775,11776,11775,1
2020-02-17 15:11:28.352,11775,11776,11776,1
2020-02-17 15:11:50.569,11775,11776,11775,5
2020-02-17 15:12:03.712,11774,11775,11775,2
2020-02-17 15:12:14.870,11774,11775,11774,3
2020-02-17 15:12:14.985,11774,11775,11774,12
2020-02-17 15:12:15.481,11773,11774,11773,1
2020-02-17 15:12:18.589,11773,11774,11774,1
2020-02-17 15:12:18.618,11773,11774,11773,1
2020-02-17 15:12:19.294,11773,11774,11773,1
2020-02-17 15:12:27.228,11773,11774,11773,1
2020-02-17 15:12:29.641,11773,11774,11773,3
2020-02-17 15:12:37.085,11773,11774,11774,1
2020-02-17 15:12:38.203,11773,11774,11773,2
2020-02-17 15:12:39.209,11773,11774,11773,2
2020-02-17 15:12:42.348,11773,11774,11773,1
2020-02-17 15:12:42.787,11773,11774,11773,1
2020-02-17 15:12:43.118,11773,11774,11773,2
2020-02-17 15:12:52.468,11773,11774,11774,2
2020-02-17 15:12:53.914,11773,11774,11774,1
2020-02-17 15:12:54.265,11773,11774,11774,3
2020-02-17 15:12:54.360,11773,11775,11774,1
2020-02-17 15:13:04.219,11774,11775,11774,1
2020-02-17 15:13:04.504,11774,11775,11774,1
2020-02-17 15:13:04.789,11774,11775,11774,1
2020-02-17 15:13:11.375,11774,11775,11774,2
2020-02-17 15:13:12.479,11774,11775,11774,1
2020-02-17 15:13:13.730,11774,11775,11774,1
2020-02-17 15:13:15.456,11774,11775,11774,2
2020-02-17 15:13:15.724,11774,11775,11774,2
2020-02-17 15:13:16.964,11774,11775,11774,1
2020-02-17 15:13:20.812,11773,11774,11773,2
2020-02-17 15:13:27.220,11773,11774,11773,1
2020-02-17 15:13:37.448,11773,11774,11773,1
2020-02-17 15:13:46.967,11773,11774,11773,1
2020-02-17 15:13:48.340,11773,11774,11774,1
2020-02-17 15:13:54.472,11773,11774,11774,1
2020-02-17 15:13:55.504,11774,11775,11774,1
2020-02-17 15:14:01.175,11773,11774,11774,2
2020-02-17 15:14:03.474,11774,11775,11774,1
2020-02-17 15:14:14.828,11774,11775,11774,1
2020-02-17 15:14:34.785,11774,11775,11775,1
2020-02-17 15:14:35.021,11774,11775,11775,5
2020-02-17 15:15:07.832,11774,11775,11775,1
2020-02-17 15:15:08.723,11774,11775,11775,1
2020-02-17 15:15:09.225,11774,11775,11775,1
2020-02-17 15:15:09.242,11774,11775,11775,1
2020-02-17 15:15:19.461,11774,11775,11774,1
2020-02-17 15:15:32.014,11774,11775,11775,15
2020-02-17 15:15:32.110,11774,11775,11775,3
2020-02-17 15:15:32.465,11775,11776,11775,2
2020-02-17 15:15:32.591,11775,11776,11775,1
2020-02-17 15:15:40.873,11775,11776,11775,2
2020-02-17 15:15:52.188,11775,11776,11775,1
2020-02-17 15:16:02.293,11775,11776,11775,1
2020-02-17 15:16:05.722,11775,11776,11775,1
2020-02-17 15:16:07.230,11774,11775,11775,1
2020-02-17 15:16:22.451,11774,11776,11774,2
2020-02-17 15:16:22.513,11774,11776,11775,5
2020-02-17 15:16:31.018,11775,11776,11775,1
2020-02-17 15:16:37.217,11775,11776,11775,1
2020-02-17 15:16:44.211,11775,11776,11775,1
2020-02-17 15:16:55.983,11775,11776,11775,1
2020-02-17 15:17:01.968,11775,11776,11775,1
2020-02-17 15:17:02.249,11774,11775,11775,2
2020-02-17 15:17:04.739,11774,11775,11775,1
2020-02-17 15:17:05.621,11774,11775,11774,1
2020-02-17 15:17:06.218,11774,11775,11774,2
2020-02-17 15:17:06.218,11774,11775,11774,10
2020-02-17 15:17:06.235,11774,11775,11774,2
2020-02-17 15:17:27.026,11773,11774,11773,4
2020-02-17 15:17:27.484,11773,11774,11774,1
2020-02-17 15:17:27.493,11773,11774,11773,4
2020-02-17 15:17:32.923,11773,11774,11773,1
2020-02-17 15:17:38.236,11773,11774,11773,2
2020-02-17 15:17:38.360,11773,11774,11773,3
2020-02-17 15:17:41.235,11772,11773,11772,5
2020-02-17 15:17:41.360,11772,11773,11772,1
2020-02-17 15:17:41.360,11772,11773,11772,20
2020-02-17 15:17:41.383,11772,11773,11772,1
2020-02-17 15:17:41.383,11772,11773,11772,7
2020-02-17 15:17:41.392,11772,11773,11772,1
2020-02-17 15:17:41.402,11772,11773,11772,1
2020-02-17 15:17:41.402,11772,11773,11772,3
2020-02-17 15:17:41.485,11772,11773,11772,2
2020-02-17 15:17:41.485,11772,11773,11772,1
2020-02-17 15:17:41.485,11772,11773,11772,4
2020-02-17 15:17:41.527,11772,11773,11772,27
2020-02-17 15:17:41.586,11772,11773,11771,1
2020-02-17 15:17:41.972,11771,11772,11771,1
2020-02-17 15:17:47.607,11771,11772,11771,1
2020-02-17 15:17:49.523,11771,11772,11771,1
2020-02-17 15:17:51.516,11771,11772,11771,5
2020-02-17 15:17:52.490,11771,11772,11771,5
2020-02-17 15:17:52.490,11771,11772,11770,3
2020-02-17 15:17:52.996,11770,11772,11770,1
2020-02-17 15:17:58.328,11770,11771,11770,1
2020-02-17 15:17:58.483,11770,11771,11770,1
2020-02-17 15:17:59.643,11770,11771,11770,1
2020-02-17 15:18:01.699,11770,11771,11770,1
2020-02-17 15:18:13.590,11770,11771,11770,1
2020-02-17 15:18:13.618,11770,11771,11770,2
2020-02-17 15:18:13.619,11770,11771,11770,4
2020-02-17 15:18:13.619,11770,11771,11770,4
2020-02-17 15:18:13.620,11770,11771,11770,1
2020-02-17 15:18:13.620,11770,11771,11770,4
2020-02-17 15:18:13.620,11770,11771,11770,12
2020-02-17 15:18:13.620,11770,11771,11770,4
2020-02-17 15:18:13.621,11770,11771,11770,4
2020-02-17 15:18:13.621,11770,11771,11770,1
2020-02-17 15:18:13.621,11770,11771,11769,1
2020-02-17 15:18:13.621,11770,11771,11769,1
2020-02-17 15:18:13.622,11770,11771,11769,4
2020-02-17 15:18:13.622,11770,11771,11769,4
2020-02-17 15:18:13.623,11770,11771,11769,3
2020-02-17 15:18:13.624,11770,11771,11769,6
2020-02-17 15:18:13.626,11770,11771,11769,1
2020-02-17 15:18:13.627,11770,11771,11769,2
2020-02-17 15:18:13.632,11770,11771,11769,1
2020-02-17 15:18:13.695,11770,11771,11770,1
2020-02-17 15:18:13.743,11769,11771,11769,4
2020-02-17 15:18:13.764,11769,11771,11769,1
2020-02-17 15:18:14.649,11769,11770,11770,1
2020-02-17 15:18:15.369,11769,11770,11770,1
2020-02-17 15:18:16.270,11769,11770,11770,1
2020-02-17 15:18:16.617,11769,11770,11769,1
2020-02-17 15:18:16.780,11769,11770,11769,2
2020-02-17 15:18:17.257,11769,11770,11770,1
2020-02-17 15:18:19.816,11769,11770,11770,1
2020-02-17 15:18:23.992,11769,11770,11770,8
2020-02-17 15:18:24.485,11770,11771,11770,1
2020-02-17 15:18:25.011,11770,11771,11770,1
2020-02-17 15:18:27.477,11770,11771,11770,2
2020-02-17 15:18:31.718,11769,11770,11770,2
2020-02-17 15:18:36.004,11769,11770,11769,1
2020-02-17 15:18:41.265,11769,11770,11769,2
2020-02-17 15:18:41.950,11769,11770,11769,1
2020-02-17 15:18:43.947,11769,11770,11769,1
2020-02-17 15:18:46.424,11769,11770,11769,6
2020-02-17 15:18:46.973,11769,11770,11769,1
2020-02-17 15:18:47.019,11769,11770,11769,5
2020-02-17 15:18:47.021,11769,11770,11768,5
2020-02-17 15:18:47.145,11768,11770,11768,1
2020-02-17 15:18:48.342,11768,11769,11769,1
2020-02-17 15:18:52.253,11768,11769,11769,1
2020-02-17 15:18:52.759,11768,11769,11769,1
2020-02-17 15:18:53.191,11768,11769,11769,1
2020-02-17 15:18:55.221,11768,11769,11768,2
2020-02-17 15:18:57.360,11768,11769,11768,1
2020-02-17 15:18:58.513,11768,11769,11768,1
2020-02-17 15:19:00.695,11768,11769,11768,1
2020-02-17 15:19:03.768,11768,11769,11768,5
2020-02-17 15:19:06.092,11767,11768,11768,1
2020-02-17 15:19:06.117,11767,11768,11768,1
2020-02-17 15:19:06.118,11767,11768,11768,1
2020-02-17 15:19:06.119,11767,11768,11768,1
2020-02-17 15:19:06.119,11767,11768,11769,1
2020-02-17 15:19:06.120,11767,11768,11769,1
2020-02-17 15:19:06.122,11767,11768,11769,1
2020-02-17 15:19:06.123,11767,11768,11769,1
2020-02-17 15:19:08.949,11767,11768,11768,2
2020-02-17 15:19:09.600,11767,11769,11767,1
2020-02-17 15:19:09.644,11767,11769,11767,1
2020-02-17 15:19:10.504,11768,11769,11768,1
2020-02-17 15:19:12.666,11767,11769,11767,1
2020-02-17 15:19:15.784,11767,11769,11767,1
2020-02-17 15:19:21.360,11767,11768,11768,1
2020-02-17 15:19:22.355,11768,11769,11768,1
2020-02-17 15:19:25.461,11768,11769,11768,2
2020-02-17 15:19:25.605,11768,11769,11768,1
2020-02-17 15:19:28.177,11768,11769,11769,1
2020-02-17 15:19:32.973,11768,11769,11769,1
2020-02-17 15:19:34.441,11768,11769,11769,2
2020-02-17 15:19:34.593,11768,11769,11769,3
2020-02-17 15:19:34.610,11768,11769,11769,10
2020-02-17 15:19:40.509,11769,11770,11770,1
2020-02-17 15:19:45.087,11769,11770,11770,1
2020-02-17 15:19:46.102,11769,11770,11770,1
2020-02-17 15:19:47.103,11769,11770,11770,1
2020-02-17 15:19:49.990,11769,11770,11770,1
2020-02-17 15:19:54.569,11769,11770,11770,1
2020-02-17 15:19:56.261,11769,11770,11769,2
2020-02-17 15:19:57.528,11769,11770,11769,1
2020-02-17 15:19:58.242,11769,11770,11769,1
2020-02-17 15:19:58.244,11769,11770,11769,1
2020-02-17 15:20:01.808,11769,11770,11769,1
2020-02-17 15:20:02.110,11769,11770,11769,1
2020-02-17 15:20:05.169,11768,11769,11768,1
2020-02-17 15:20:06.097,11768,11769,11768,1
2020-02-17 15:20:08.743,11768,11769,11768,1
2020-02-17 15:20:08.773,11768,11769,11768,1
2020-02-17 15:20:10.844,11768,11769,11768,1
2020-02-17 15:20:14.076,11768,11769,11769,4
2020-02-17 15:20:15.240,11768,11770,11768,1
2020-02-17 15:20:24.575,11769,11770,11769,1
2020-02-17 15:20:25.285,11769,11770,11769,2
2020-02-17 15:20:28.527,11769,11770,11770,1
2020-02-17 15:20:30.738,11769,11770,11769,1
2020-02-17 15:20:33.421,11769,11770,11770,1
2020-02-17 15:20:47.155,11769,11770,11770,1
2020-02-17 15:21:03.128,11769,11770,11770,1
2020-02-17 15:21:03.822,11769,11770,11770,6
2020-02-17 15:21:04.019,11769,11770,11769,1
2020-02-17 15:21:04.976,11769,11770,11770,1
2020-02-17 15:21:05.110,11769,11770,11770,7
2020-02-17 15:21:09.159,11770,11771,11770,1
2020-02-17 15:21:18.969,11770,11771,11770,1
2020-02-17 15:21:36.643,11770,11771,11770,1
2020-02-17 15:21:38.884,11770,11771,11770,1
2020-02-17 15:21:38.921,11770,11771,11771,23
2020-02-17 15:21:40.249,11770,11772,11772,23
2020-02-17 15:21:41.302,11771,11772,11772,1
2020-02-17 15:21:44.245,11771,11772,11772,1
2020-02-17 15:21:47.825,11771,11772,11772,3
2020-02-17 15:21:52.607,11771,11772,11772,1
2020-02-17 15:21:53.335,11771,11772,11772,1
2020-02-17 15:21:53.414,11771,11772,11772,1
2020-02-17 15:21:55.380,11771,11772,11772,1
2020-02-17 15:21:56.595,11771,11772,11772,1
2020-02-17 15:22:00.872,11771,11772,11772,1
2020-02-17 15:22:03.638,11771,11772,11772,1
2020-02-17 15:22:23.885,11771,11772,11772,1
2020-02-17 15:22:24.471,11771,11772,11772,1
2020-02-17 15:22:25.564,11771,11772,11772,2
2020-02-17 15:22:25.966,11771,11772,11772,1
2020-02-17 15:22:27.645,11771,11772,11772,1
2020-02-17 15:22:28.922,11771,11772,11772,1
2020-02-17 15:22:30.541,11771,11772,11772,1
2020-02-17 15:22:32.635,11771,11772,11772,1
2020-02-17 15:22:35.327,11771,11772,11772,1
2020-02-17 15:22:38.223,11771,11772,11772,1
2020-02-17 15:22:43.965,11771,11772,11772,1
2020-02-17 15:22:45.256,11771,11772,11772,2
2020-02-17 15:23:00.039,11772,11773,11772,1
2020-02-17 15:23:02.416,11772,11773,11772,1
2020-02-17 15:23:14.038,11772,11773,11772,2
2020-02-17 15:23:14.038,11772,11773,11772,2
2020-02-17 15:23:34.235,11771,11772,11771,2
2020-02-17 15:23:40.119,11770,11771,11771,1
2020-02-17 15:23:49.183,11771,11772,11771,1
2020-02-17 15:24:12.131,11770,11771,11771,1
2020-02-17 15:24:15.916,11770,11771,11771,4
2020-02-17 15:24:18.832,11771,11772,11771,6
2020-02-17 15:25:05.252,11771,11772,11771,1
2020-02-17 15:25:16.708,11771,11772,11771,1
2020-02-17 15:25:34.833,11771,11772,11771,1
2020-02-17 15:25:34.858,11771,11772,11771,18
2020-02-17 15:25:34.873,11770,11771,11771,1
2020-02-17 15:25:34.880,11770,11771,11771,1
2020-02-17 15:25:39.249,11770,11771,11770,1
2020-02-17 15:25:39.456,11770,11771,11770,1
2020-02-17 15:25:44.867,11770,11771,11770,4
2020-02-17 15:25:50.091,11770,11771,11770,2
2020-02-17 15:25:50.562,11770,11771,11770,1
2020-02-17 15:25:55.916,11770,11771,11770,1
2020-02-17 15:25:57.281,11770,11771,11770,3
2020-02-17 15:26:08.199,11770,11771,11770,1
2020-02-17 15:26:10.225,11770,11771,11770,1
2020-02-17 15:26:16.101,11770,11771,11770,1
2020-02-17 15:26:20.548,11770,11771,11770,1
2020-02-17 15:26:25.946,11770,11771,11770,2
2020-02-17 15:26:35.241,11770,11771,11770,5
2020-02-17 15:26:36.674,11770,11771,11770,1
2020-02-17 15:26:47.252,11770,11771,11770,1
2020-02-17 15:26:49.001,11770,11771,11770,1
2020-02-17 15:27:03.544,11770,11771,11771,1
2020-02-17 15:27:03.550,11770,11771,11771,4
2020-02-17 15:27:03.550,11770,11771,11771,1
2020-02-17 15:27:03.550,11770,11771,11771,1
2020-02-17 15:27:03.550,11770,11771,11771,2
2020-02-17 15:27:09.410,11771,11772,11772,2
2020-02-17 15:27:09.485,11771,11772,11772,1
2020-02-17 15:27:41.606,11772,11773,11773,2
2020-02-17 15:27:41.798,11772,11773,11773,1
2020-02-17 15:27:45.124,11772,11773,11773,2
2020-02-17 15:27:45.321,11772,11773,11773,2
2020-02-17 15:27:45.520,11772,11773,11773,2
2020-02-17 15:27:45.697,11772,11773,11773,2
2020-02-17 15:27:50.379,11772,11773,11773,2
2020-02-17 15:27:51.000,11772,11773,11773,2
2020-02-17 15:27:52.074,11772,11773,11773,2
2020-02-17 15:27:52.520,11772,11773,11772,1
2020-02-17 15:27:52.858,11772,11773,11773,1
2020-02-17 15:27:53.689,11772,11773,11773,2
2020-02-17 15:27:54.809,11772,11773,11773,2
2020-02-17 15:27:56.090,11772,11773,11773,2
2020-02-17 15:27:58.115,11772,11773,11773,1
2020-02-17 15:29:03.357,11772,11773,11772,3
2020-02-17 15:29:03.686,11772,11773,11773,2
2020-02-17 15:29:04.011,11772,11773,11773,1
2020-02-17 15:29:04.709,11772,11773,11773,1
2020-02-17 15:29:18.011,11772,11773,11773,4
2020-02-17 15:29:32.193,11773,11774,11773,1
2020-02-17 15:29:46.877,11773,11774,11774,1
2020-02-17 15:29:49.300,11773,11774,11773,2
2020-02-17 15:29:49.360,11773,11774,11773,1
2020-02-17 15:29:51.146,11773,11774,11774,1
2020-02-17 15:29:51.552,11773,11774,11774,1
2020-02-17 15:29:58.896,11773,11774,11773,1
2020-02-17 15:30:00.011,11773,11774,11774,1
2020-02-17 15:30:00.052,11773,11774,11774,3
2020-02-17 15:30:00.289,11773,11774,11774,1
2020-02-17 15:30:00.304,11773,11774,11774,3
2020-02-17 15:30:00.751,11773,11774,11773,1
2020-02-17 15:30:00.778,11773,11774,11773,1
2020-02-17 15:30:00.824,11773,11774,11773,1
2020-02-17 15:30:00.870,11772,11774,11773,1
2020-02-17 15:30:06.695,11773,11774,11773,1
2020-02-17 15:30:07.396,11772,11774,11774,2
2020-02-17 15:30:07.505,11772,11774,11774,2
2020-02-17 15:30:07.513,11772,11774,11774,4
2020-02-17 15:30:07.795,11773,11774,11774,2
2020-02-17 15:30:07.827,11773,11774,11774,2
2020-02-17 15:30:08.198,11773,11774,11774,2
2020-02-17 15:30:08.605,11773,11775,11775,2
2020-02-17 15:30:08.642,11773,11775,11775,1
2020-02-17 15:30:08.703,11773,11775,11775,1
2020-02-17 15:30:08.935,11773,11775,11775,5
2020-02-17 15:30:08.958,11773,11775,11775,5
2020-02-17 15:30:09.712,11774,11775,11775,2
2020-02-17 15:30:10.016,11774,11775,11775,5
2020-02-17 15:30:10.017,11774,11775,11775,4
2020-02-17 15:30:10.110,11774,11775,11775,9
2020-02-17 15:30:10.110,11774,11775,11775,3
2020-02-17 15:30:10.149,11774,11775,11774,1
2020-02-17 15:30:14.193,11775,11776,11776,1
2020-02-17 15:30:20.161,11775,11776,11776,2
2020-02-17 15:30:20.664,11775,11776,11776,1
2020-02-17 15:30:21.027,11775,11776,11775,2
2020-02-17 15:30:21.069,11775,11776,11775,5
2020-02-17 15:30:21.110,11774,11775,11775,1
2020-02-17 15:30:24.136,11774,11775,11775,4
2020-02-17 15:30:38.997,11774,11775,11774,2
2020-02-17 15:30:38.998,11774,11775,11774,5
2020-02-17 15:30:41.499,11773,11774,11774,1
2020-02-17 15:30:53.120,11773,11774,11774,2
2020-02-17 15:30:58.394,11773,11774,11774,1
2020-02-17 15:31:04.174,11773,11774,11774,1
2020-02-17 15:31:23.878,11774,11775,11774,1
2020-02-17 15:31:38.919,11774,11775,11775,1
2020-02-17 15:32:17.489,11774,11775,11775,1
2020-02-17 15:32:17.970,11774,11775,11775,2
2020-02-17 15:32:19.788,11774,11775,11775,5
2020-02-17 15:32:22.165,11774,11775,11775,6
2020-02-17 15:32:22.235,11774,11775,11775,2
2020-02-17 15:32:26.366,11775,11776,11776,2
2020-02-17 15:32:27.980,11775,11776,11776,2
2020-02-17 15:32:27.981,11775,11776,11776,2
2020-02-17 15:32:27.981,11775,11776,11776,7
2020-02-17 15:32:27.985,11775,11776,11776,3
2020-02-17 15:32:43.110,11776,11777,11777,5
2020-02-17 15:32:43.235,11776,11777,11777,8
2020-02-17 15:32:43.663,11777,11778,11777,1
2020-02-17 15:32:43.799,11777,11778,11778,1
2020-02-17 15:32:45.754,11777,11778,11778,1
2020-02-17 15:32:50.994,11777,11778,11778,3
2020-02-17 15:32:52.503,11777,11778,11778,22
2020-02-17 15:32:52.610,11777,11778,11778,4
2020-02-17 15:32:52.610,11777,11778,11778,1
2020-02-17 15:32:52.610,11777,11778,11778,3
2020-02-17 15:32:52.735,11777,11778,11778,9
2020-02-17 15:32:52.860,11777,11778,11778,2
2020-02-17 15:32:52.860,11777,11778,11778,2
2020-02-17 15:32:52.860,11777,11778,11778,1
2020-02-17 15:32:52.860,11777,11778,11778,1
2020-02-17 15:32:52.860,11777,11778,11778,1
2020-02-17 15:32:52.860,11777,11778,11778,3
2020-02-17 15:32:52.860,11777,11778,11778,3
2020-02-17 15:32:52.861,11777,11778,11778,3
2020-02-17 15:32:52.985,11777,11778,11778,2
2020-02-17 15:32:52.985,11777,11778,11778,6
2020-02-17 15:32:52.985,11777,11778,11778,4
2020-02-17 15:32:53.067,11777,11778,11778,2
2020-02-17 15:32:55.207,11778,11779,11778,1
2020-02-17 15:32:55.223,11778,11779,11778,2
2020-02-17 15:32:59.222,11778,11779,11778,3
2020-02-17 15:33:03.505,11778,11779,11779,8
2020-02-17 15:33:03.648,11778,11779,11779,1
2020-02-17 15:33:03.653,11778,11779,11779,4
2020-02-17 15:33:03.946,11778,11779,11779,1
2020-02-17 15:33:03.987,11778,11779,11779,2
2020-02-17 15:33:04.083,11778,11779,11779,1
2020-02-17 15:33:04.122,11778,11779,11779,1
2020-02-17 15:33:04.860,11778,11779,11779,1
2020-02-17 15:33:04.931,11778,11779,11779,1
2020-02-17 15:33:09.872,11779,11780,11780,1
2020-02-17 15:33:09.873,11779,11780,11780,1
2020-02-17 15:33:10.127,11779,11780,11780,1
2020-02-17 15:33:10.136,11779,11780,11780,3
2020-02-17 15:33:10.197,11779,11780,11780,1
2020-02-17 15:33:10.209,11779,11780,11780,1
2020-02-17 15:33:10.236,11779,11780,11780,7
2020-02-17 15:33:10.244,11779,11780,11780,5
2020-02-17 15:33:10.263,11779,11780,11780,6
2020-02-17 15:33:10.265,11779,11780,11781,5
2020-02-17 15:33:10.275,11779,11780,11781,3
2020-02-17 15:33:10.307,11779,11780,11781,1
2020-02-17 15:33:10.307,11779,11780,11780,1
2020-02-17 15:33:10.415,11780,11781,11781,1
2020-02-17 15:33:10.447,11780,11781,11781,4
2020-02-17 15:33:10.463,11780,11781,11781,3
2020-02-17 15:33:10.485,11780,11781,11781,2
2020-02-17 15:33:10.485,11780,11781,11781,2
2020-02-17 15:33:10.485,11780,11781,11781,2
2020-02-17 15:33:10.485,11780,11781,11781,4
2020-02-17 15:33:10.485,11780,11781,11782,1
2020-02-17 15:33:10.492,11780,11781,11782,4
2020-02-17 15:33:10.633,11780,11782,11782,5
2020-02-17 15:33:10.671,11780,11782,11782,1
2020-02-17 15:33:10.706,11780,11782,11782,1
2020-02-17 15:33:10.729,11780,11782,11782,4
2020-02-17 15:33:10.772,11781,11782,11782,4
2020-02-17 15:33:10.772,11781,11782,11783,1
2020-02-17 15:33:10.779,11781,11782,11782,1
2020-02-17 15:33:10.780,11781,11782,11782,1
2020-02-17 15:33:10.981,11781,11782,11782,2
2020-02-17 15:33:11.042,11781,11782,11782,2
2020-02-17 15:33:11.047,11781,11782,11782,1
2020-02-17 15:33:11.047,11781,11782,11783,1
2020-02-17 15:33:11.108,11781,11782,11782,2
2020-02-17 15:33:11.109,11782,11783,11782,1
2020-02-17 15:33:11.110,11782,11783,11782,1
2020-02-17 15:33:11.604,11781,11782,11781,1
2020-02-17 15:33:11.620,11781,11782,11782,2
2020-02-17 15:33:13.195,11781,11782,11782,1
2020-02-17 15:33:13.239,11781,11782,11781,2
2020-02-17 15:33:13.360,11781,11782,11781,7
2020-02-17 15:33:13.508,11780,11782,11781,3
2020-02-17 15:33:14.456,11780,11781,11781,1
2020-02-17 15:33:15.235,11780,11781,11780,2
2020-02-17 15:33:17.397,11779,11780,11780,5
2020-02-17 15:33:17.925,11779,11781,11781,1
2020-02-17 15:33:19.341,11780,11781,11780,1
2020-02-17 15:33:19.981,11780,11781,11781,1
2020-02-17 15:33:21.217,11780,11781,11780,4
2020-02-17 15:33:21.373,11779,11780,11780,1
2020-02-17 15:33:21.379,11779,11780,11780,1
2020-02-17 15:33:23.904,11779,11780,11780,2
2020-02-17 15:33:24.521,11779,11780,11780,1
2020-02-17 15:33:25.565,11779,11780,11780,1
2020-02-17 15:33:26.482,11779,11780,11780,2
2020-02-17 15:33:29.564,11779,11780,11780,2
2020-02-17 15:33:30.653,11780,11781,11781,12
2020-02-17 15:33:30.748,11780,11781,11781,2
2020-02-17 15:33:32.262,11780,11781,11780,2
2020-02-17 15:33:34.189,11780,11781,11780,1
2020-02-17 15:33:35.368,11779,11780,11780,1
2020-02-17 15:33:35.368,11779,11780,11781,1
2020-02-17 15:33:36.704,11780,11781,11780,1
2020-02-17 15:33:43.242,11780,11781,11781,2
2020-02-17 15:33:44.417,11780,11781,11781,1
2020-02-17 15:33:44.485,11780,11781,11781,2
2020-02-17 15:33:44.485,11780,11781,11781,4
2020-02-17 15:33:45.594,11780,11782,11780,1
2020-02-17 15:33:48.863,11780,11782,11780,2
2020-02-17 15:33:49.240,11780,11781,11781,1
2020-02-17 15:33:55.588,11780,11781,11781,1
2020-02-17 15:33:57.483,11780,11781,11781,1
2020-02-17 15:33:58.047,11780,11781,11781,2
2020-02-17 15:34:02.910,11780,11781,11781,1
2020-02-17 15:34:03.335,11780,11781,11781,2
2020-02-17 15:34:03.437,11780,11781,11781,1
2020-02-17 15:34:03.453,11780,11781,11781,2
2020-02-17 15:34:03.878,11780,11781,11781,1
2020-02-17 15:34:03.922,11780,11781,11781,2
2020-02-17 15:34:04.649,11780,11781,11781,1
2020-02-17 15:34:04.688,11780,11781,11781,2
2020-02-17 15:34:04.735,11780,11781,11781,4
2020-02-17 15:34:06.173,11781,11782,11781,1
2020-02-17 15:34:07.133,11781,11782,11781,5
2020-02-17 15:34:08.791,11781,11782,11781,1
2020-02-17 15:34:12.806,11781,11782,11781,1
2020-02-17 15:34:22.951,11781,11782,11781,1
2020-02-17 15:34:25.550,11781,11782,11781,1
2020-02-17 15:34:25.610,11781,11782,11781,5
2020-02-17 15:34:25.890,11780,11782,11781,3
2020-02-17 15:34:25.890,11780,11782,11782,17
2020-02-17 15:34:25.891,11780,11782,11781,2
2020-02-17 15:34:25.985,11780,11781,11781,1
2020-02-17 15:34:25.985,11780,11781,11781,1
2020-02-17 15:34:28.866,11781,11782,11781,1
2020-02-17 15:34:36.635,11781,11782,11782,8
2020-02-17 15:34:42.222,11781,11782,11782,1
2020-02-17 15:34:44.776,11781,11782,11782,1
2020-02-17 15:34:49.141,11781,11782,11781,4
2020-02-17 15:34:50.537,11780,11782,11782,1
2020-02-17 15:34:52.661,11780,11782,11782,1
2020-02-17 15:34:57.092,11781,11782,11781,1
2020-02-17 15:34:57.812,11781,11782,11782,1
2020-02-17 15:34:58.910,11781,11782,11781,2
2020-02-17 15:34:59.871,11780,11781,11780,1
2020-02-17 15:35:00.111,11780,11781,11781,1
2020-02-17 15:35:00.529,11780,11781,11781,6
2020-02-17 15:35:02.061,11780,11781,11780,1
2020-02-17 15:35:08.428,11780,11781,11780,1
2020-02-17 15:35:09.680,11780,11781,11780,2
2020-02-17 15:35:09.680,11780,11781,11780,9
2020-02-17 15:35:10.407,11779,11780,11779,1
2020-02-17 15:35:11.284,11779,11780,11779,1
2020-02-17 15:35:15.966,11779,11780,11779,1
2020-02-17 15:35:16.238,11779,11780,11779,1
2020-02-17 15:35:17.313,11779,11780,11779,1
2020-02-17 15:35:20.745,11779,11780,11779,1
2020-02-17 15:35:23.707,11779,11780,11779,1
2020-02-17 15:35:30.365,11779,11780,11779,1
2020-02-17 15:35:37.407,11779,11780,11780,2
2020-02-17 15:35:37.550,11779,11780,11779,1
2020-02-17 15:35:43.626,11779,11780,11779,1
2020-02-17 15:35:54.110,11779,11780,11779,5
2020-02-17 15:35:56.358,11778,11779,11779,1
2020-02-17 15:35:56.786,11778,11779,11778,1
2020-02-17 15:36:01.555,11778,11779,11778,1
2020-02-17 15:36:02.127,11778,11779,11779,2
2020-02-17 15:36:02.473,11778,11779,11779,1
2020-02-17 15:36:02.495,11778,11780,11780,1
2020-02-17 15:36:07.707,11779,11780,11780,1
2020-02-17 15:36:10.018,11779,11780,11779,1
2020-02-17 15:36:12.796,11779,11780,11779,1
2020-02-17 15:36:24.973,11779,11780,11779,1
2020-02-17 15:36:25.039,11779,11780,11779,1
2020-02-17 15:36:26.163,11779,11780,11779,1
2020-02-17 15:36:31.371,11779,11780,11779,1
2020-02-17 15:36:39.326,11779,11780,11779,1
2020-02-17 15:36:49.152,11779,11780,11779,1
2020-02-17 15:36:51.418,11779,11780,11779,1
2020-02-17 15:36:57.084,11778,11779,11779,2
2020-02-17 15:37:02.723,11778,11779,11779,1
2020-02-17 15:37:12.122,11778,11779,11778,2
2020-02-17 15:37:12.496,11778,11779,11778,2
2020-02-17 15:37:18.878,11778,11779,11778,1
2020-02-17 15:37:21.619,11778,11779,11778,2
2020-02-17 15:37:22.006,11778,11779,11778,1
2020-02-17 15:37:24.329,11777,11778,11778,1
2020-02-17 15:37:28.182,11778,11779,11778,1
2020-02-17 15:37:29.884,11777,11779,11777,1
2020-02-17 15:37:35.011,11777,11778,11778,1
2020-02-17 15:37:48.872,11777,11778,11777,1
2020-02-17 15:37:55.839,11777,11778,11778,1
2020-02-17 15:37:56.468,11777,11778,11777,1
2020-02-17 15:37:59.484,11777,11778,11778,2
2020-02-17 15:38:01.149,11777,11778,11777,1
2020-02-17 15:38:01.491,11777,11778,11778,1
2020-02-17 15:38:14.472,11777,11778,11778,2
2020-02-17 15:38:15.539,11778,11779,11778,1
2020-02-17 15:38:28.068,11777,11779,11779,2
2020-02-17 15:38:41.701,11778,11779,11778,1
2020-02-17 15:38:53.082,11778,11779,11779,1
2020-02-17 15:39:01.542,11778,11779,11779,1
2020-02-17 15:39:12.107,11778,11779,11778,5
2020-02-17 15:39:12.978,11778,11779,11778,8
2020-02-17 15:39:16.417,11778,11779,11779,6
2020-02-17 15:39:16.485,11779,11780,11779,3
2020-02-17 15:39:19.681,11779,11780,11780,2
2020-02-17 15:39:19.787,11779,11780,11780,1
2020-02-17 15:39:20.288,11779,11780,11780,1
2020-02-17 15:39:24.360,11779,11780,11780,5
2020-02-17 15:39:24.485,11780,11781,11780,2
2020-02-17 15:39:30.213,11778,11780,11780,1
2020-02-17 15:39:49.000,11779,11780,11780,1
2020-02-17 15:40:00.879,11779,11780,11779,6
2020-02-17 15:40:18.200,11778,11779,11779,1
2020-02-17 15:40:19.642,11778,11779,11779,4
2020-02-17 15:40:20.613,11778,11779,11778,6
2020-02-17 15:40:31.663,11777,11778,11778,1
2020-02-17 15:40:40.234,11777,11778,11778,1
2020-02-17 15:41:31.453,11777,11778,11777,6
2020-02-17 15:41:31.485,11777,11778,11777,7
2020-02-17 15:41:33.190,11776,11777,11777,4
2020-02-17 15:41:34.282,11776,11777,11776,1
2020-02-17 15:41:46.007,11776,11777,11777,2
2020-02-17 15:41:53.319,11776,11777,11777,1
2020-02-17 15:41:53.991,11776,11777,11777,1
2020-02-17 15:42:07.456,11776,11777,11777,1
2020-02-17 15:42:11.221,11776,11777,11777,2
2020-02-17 15:42:12.888,11776,11777,11777,2
2020-02-17 15:42:13.442,11777,11778,11777,1
2020-02-17 15:42:15.802,11777,11778,11777,2
2020-02-17 15:42:16.766,11777,11778,11778,3
2020-02-17 15:42:21.251,11778,11779,11778,1
2020-02-17 15:42:27.952,11778,11779,11778,1
2020-02-17 15:42:31.439,11778,11779,11779,1
2020-02-17 15:42:38.296,11778,11779,11778,1
2020-02-17 15:42:44.756,11778,11779,11778,1
2020-02-17 15:42:55.279,11778,11779,11778,1
2020-02-17 15:42:59.278,11778,11779,11778,1
2020-02-17 15:43:19.996,11778,11779,11778,1
2020-02-17 15:43:24.373,11777,11778,11778,1
2020-02-17 15:44:20.593,11777,11778,11778,1
2020-02-17 15:44:36.485,11777,11778,11778,2
2020-02-17 15:44:36.543,11777,11778,11778,1
2020-02-17 15:44:36.610,11777,11778,11778,4
2020-02-17 15:44:36.967,11778,11779,11778,1
2020-02-17 15:45:01.235,11778,11779,11778,3
2020-02-17 15:45:01.879,11777,11779,11777,1
2020-02-17 15:45:01.882,11777,11779,11777,1
2020-02-17 15:45:02.369,11777,11778,11778,2
2020-02-17 15:45:02.409,11777,11778,11778,2
2020-02-17 15:45:02.497,11777,11778,11779,2
2020-02-17 15:45:02.568,11777,11778,11779,2
2020-02-17 15:45:02.622,11777,11779,11779,1
2020-02-17 15:45:02.623,11777,11779,11779,1
2020-02-17 15:45:02.940,11777,11779,11779,2
2020-02-17 15:45:37.931,11778,11779,11778,9
2020-02-17 15:45:41.749,11778,11779,11778,1
2020-02-17 15:46:16.225,11778,11779,11778,1
2020-02-17 15:46:27.635,11778,11779,11778,1
2020-02-17 15:46:29.076,11777,11778,11778,1
2020-02-17 15:47:32.541,11777,11778,11778,7
2020-02-17 15:47:32.610,11777,11779,11778,4
2020-02-17 15:47:34.741,11778,11779,11778,2
2020-02-17 15:47:40.914,11778,11779,11778,1
2020-02-17 15:47:41.002,11778,11779,11779,1
2020-02-17 15:47:42.165,11778,11779,11778,2
2020-02-17 15:48:08.280,11778,11779,11778,1
2020-02-17 15:48:36.415,11778,11779,11778,1
2020-02-17 15:49:05.436,11778,11779,11778,3
2020-02-17 15:49:44.865,11778,11779,11778,1
2020-02-17 15:49:47.485,11778,11779,11778,1
2020-02-17 15:50:06.586,11777,11779,11777,1
2020-02-17 15:50:08.437,11777,11778,11777,1
2020-02-17 15:50:09.815,11777,11778,11778,1
2020-02-17 15:50:33.146,11778,11779,11778,1
2020-02-17 15:50:34.956,11778,11779,11778,2
2020-02-17 15:50:45.532,11778,11779,11778,1
2020-02-17 15:50:50.053,11778,11779,11778,1
2020-02-17 15:50:58.562,11778,11779,11778,1
2020-02-17 15:51:05.926,11778,11779,11778,1
2020-02-17 15:51:06.437,11778,11779,11779,1
2020-02-17 15:51:39.360,11778,11779,11779,2
2020-02-17 15:51:40.206,11778,11779,11779,2
2020-02-17 15:51:40.207,11778,11779,11779,1
2020-02-17 15:51:40.235,11778,11779,11779,16
2020-02-17 15:51:40.817,11779,11780,11780,2
2020-02-17 15:51:40.818,11779,11780,11780,4
2020-02-17 15:51:40.827,11779,11780,11780,3
2020-02-17 15:51:40.860,11779,11780,11780,6
2020-02-17 15:51:40.860,11779,11780,11780,1
2020-02-17 15:51:40.860,11779,11780,11780,1
2020-02-17 15:51:51.864,11780,11781,11781,10
2020-02-17 15:51:52.654,11780,11781,11781,2
2020-02-17 15:51:53.111,11780,11781,11781,2
2020-02-17 15:51:56.127,11780,11781,11781,2
2020-02-17 15:51:58.433,11780,11781,11781,1
2020-02-17 15:51:58.823,11780,11781,11781,1
2020-02-17 15:51:59.670,11780,11781,11781,2
2020-02-17 15:52:01.485,11781,11782,11781,1
2020-02-17 15:52:01.863,11780,11781,11781,1
2020-02-17 15:52:05.118,11780,11781,11781,2
2020-02-17 15:52:07.587,11780,11781,11781,1
2020-02-17 15:52:09.670,11780,11781,11781,5
2020-02-17 15:52:11.676,11780,11781,11781,1
2020-02-17 15:52:11.676,11780,11781,11782,4
2020-02-17 15:52:12.079,11780,11782,11782,1
2020-02-17 15:52:12.511,11780,11782,11780,1
2020-02-17 15:52:12.565,11780,11782,11782,1
2020-02-17 15:52:12.610,11781,11782,11781,1
2020-02-17 15:52:12.733,11781,11782,11780,1
2020-02-17 15:52:21.336,11780,11781,11781,1
2020-02-17 15:52:24.920,11780,11781,11781,3
2020-02-17 15:52:36.957,11780,11781,11781,1
2020-02-17 15:52:50.676,11780,11781,11781,1
2020-02-17 15:52:50.857,11780,11781,11781,7
2020-02-17 15:52:51.989,11780,11781,11781,2
2020-02-17 15:52:52.272,11780,11781,11781,1
2020-02-17 15:52:56.236,11780,11781,11780,2
2020-02-17 15:52:56.236,11780,11781,11780,5
2020-02-17 15:52:56.236,11780,11781,11780,9
2020-02-17 15:52:56.237,11780,11781,11780,1
2020-02-17 15:52:56.248,11780,11781,11780,4
2020-02-17 15:53:06.860,11779,11780,11779,6
2020-02-17 15:53:07.223,11778,11779,11779,1
2020-02-17 15:53:48.315,11778,11779,11779,2
2020-02-17 15:53:55.283,11778,11779,11779,3
2020-02-17 15:54:03.835,11779,11781,11779,2
2020-02-17 15:54:39.382,11779,11780,11779,1
2020-02-17 15:54:47.360,11779,11780,11779,2
2020-02-17 15:55:00.408,11779,11780,11779,1
2020-02-17 15:55:03.387,11779,11780,11779,1
2020-02-17 15:55:08.887,11779,11780,11779,1
2020-02-17 15:55:12.331,11779,11780,11780,1
2020-02-17 15:55:12.332,11779,11780,11780,8
2020-02-17 15:55:17.360,11780,11781,11780,1
2020-02-17 15:55:18.374,11780,11781,11780,1
2020-02-17 15:55:33.715,11780,11781,11781,1
2020-02-17 15:55:33.797,11780,11781,11781,4
2020-02-17 15:55:34.051,11780,11781,11781,1
2020-02-17 15:55:35.158,11780,11781,11781,6
2020-02-17 15:55:35.158,11780,11781,11781,3
2020-02-17 15:55:45.121,11780,11781,11780,5
2020-02-17 15:55:45.903,11779,11780,11780,1
2020-02-17 15:55:51.020,11779,11780,11780,1
2020-02-17 15:55:59.731,11779,11780,11780,1
2020-02-17 15:56:01.693,11779,11780,11780,1
2020-02-17 15:56:02.286,11779,11780,11780,1
2020-02-17 15:56:27.420,11779,11780,11779,1
2020-02-17 15:56:34.501,11779,11780,11780,6
2020-02-17 15:56:34.619,11780,11781,11780,4
2020-02-17 15:56:41.173,11780,11781,11780,1
2020-02-17 15:57:06.865,11780,11781,11781,1
2020-02-17 15:57:22.281,11780,11781,11780,1
2020-02-17 15:57:37.447,11780,11781,11780,1
2020-02-17 15:57:39.372,11780,11781,11780,2
2020-02-17 15:57:44.886,11780,11781,11781,1
2020-02-17 15:57:49.466,11780,11781,11780,1
2020-02-17 15:57:55.386,11780,11781,11780,7
2020-02-17 15:58:21.123,11780,11781,11780,1
2020-02-17 15:58:21.445,11780,11781,11780,1
2020-02-17 15:58:23.873,11780,11781,11780,1
2020-02-17 15:58:49.610,11780,11781,11780,6
2020-02-17 15:58:53.297,11779,11780,11780,1
2020-02-17 15:59:00.100,11779,11780,11779,2
2020-02-17 15:59:00.100,11779,11780,11779,3
2020-02-17 15:59:00.100,11779,11780,11779,2
2020-02-17 15:59:40.092,11778,11779,11779,1
2020-02-17 15:59:49.892,11779,11780,11779,1
2020-02-17 15:59:59.108,11779,11780,11779,9
2020-02-17 15:59:59.108,11779,11780,11779,1
2020-02-17 16:00:00.419,11779,11780,11780,1
2020-02-17 16:00:00.498,11779,11780,11780,1
2020-02-17 16:00:00.600,11779,11780,11780,1
2020-02-17 16:00:00.610,11779,11780,11780,1
2020-02-17 16:00:00.669,11779,11780,11781,4
2020-02-17 16:00:00.682,11779,11780,11781,1
2020-02-17 16:00:00.815,11780,11781,11781,2
2020-02-17 16:00:00.874,11780,11781,11781,1
2020-02-17 16:00:01.663,11780,11781,11780,2
2020-02-17 16:00:01.745,11780,11781,11781,1
2020-02-17 16:00:01.746,11780,11781,11781,1
2020-02-17 16:00:01.746,11780,11781,11781,1
2020-02-17 16:00:01.746,11780,11781,11781,1
2020-02-17 16:00:01.747,11780,11781,11781,2
2020-02-17 16:00:01.748,11780,11781,11781,1
2020-02-17 16:00:01.749,11780,11781,11781,1
2020-02-17 16:00:01.749,11780,11781,11781,3
2020-02-17 16:00:01.750,11780,11781,11781,1
2020-02-17 16:00:01.868,11780,11781,11781,1
2020-02-17 16:00:01.868,11780,11781,11782,1
2020-02-17 16:00:01.870,11780,11781,11782,1
2020-02-17 16:00:01.870,11780,11781,11782,1
2020-02-17 16:00:01.870,11780,11781,11782,1
2020-02-17 16:00:01.871,11780,11781,11782,1
2020-02-17 16:00:01.871,11780,11781,11782,5
2020-02-17 16:00:02.010,11781,11782,11782,2
2020-02-17 16:00:02.180,11781,11782,11782,1
2020-02-17 16:00:02.581,11780,11781,11781,2
2020-02-17 16:00:02.877,11780,11782,11782,1
2020-02-17 16:00:02.903,11780,11782,11782,3
2020-02-17 16:00:03.021,11780,11782,11782,2
2020-02-17 16:00:03.664,11780,11782,11782,1
2020-02-17 16:00:03.671,11780,11782,11782,1
2020-02-17 16:00:03.703,11780,11782,11782,1
2020-02-17 16:00:07.953,11780,11781,11780,1
2020-02-17 16:00:11.054,11780,11781,11781,1
2020-02-17 16:00:11.160,11780,11781,11781,1
2020-02-17 16:00:11.273,11780,11781,11781,1
2020-02-17 16:00:11.376,11780,11781,11781,1
2020-02-17 16:00:11.505,11780,11781,11781,1
2020-02-17 16:00:11.669,11780,11781,11781,1
2020-02-17 16:00:13.409,11780,11781,11781,5
2020-02-17 16:00:19.323,11780,11781,11781,1
2020-02-17 16:00:19.430,11780,11781,11781,1
2020-02-17 16:00:21.993,11780,11781,11781,1
2020-02-17 16:00:22.615,11780,11781,11780,7
2020-02-17 16:00:26.935,11780,11781,11780,1
2020-02-17 16:00:30.980,11779,11780,11780,1
2020-02-17 16:00:38.674,11779,11780,11780,1
2020-02-17 16:00:49.048,11779,11780,11780,1
2020-02-17 16:00:49.780,11780,11781,11780,1
2020-02-17 16:00:58.808,11779,11780,11780,1
2020-02-17 16:01:00.449,11779,11780,11779,3
2020-02-17 16:01:12.931,11778,11779,11778,10
2020-02-17 16:01:15.538,11778,11779,11778,1
2020-02-17 16:01:15.538,11778,11779,11778,2
2020-02-17 16:01:15.538,11778,11779,11778,6
2020-02-17 16:01:15.576,11778,11779,11778,2
2020-02-17 16:01:21.545,11777,11779,11777,2
2020-02-17 16:01:30.051,11778,11779,11778,1
2020-02-17 16:01:32.284,11778,11779,11778,1
2020-02-17 16:01:46.574,11777,11779,11777,1
2020-02-17 16:01:52.773,11778,11779,11778,1
2020-02-17 16:01:52.961,11778,11779,11778,2
2020-02-17 16:01:53.394,11778,11779,11778,1
2020-02-17 16:01:55.910,11778,11779,11779,1
2020-02-17 16:02:26.370,11778,11779,11779,1
2020-02-17 16:02:35.947,11778,11779,11779,4
2020-02-17 16:02:50.637,11779,11780,11779,1
2020-02-17 16:02:53.060,11778,11779,11778,10
2020-02-17 16:02:53.110,11778,11779,11778,1
2020-02-17 16:03:09.724,11778,11779,11778,1
2020-02-17 16:03:18.235,11778,11779,11778,5
2020-02-17 16:03:18.360,11778,11779,11778,4
2020-02-17 16:03:18.485,11778,11779,11778,1
2020-02-17 16:03:18.496,11778,11779,11779,1
2020-02-17 16:03:18.497,11778,11779,11779,1
2020-02-17 16:03:18.500,11778,11779,11779,1
2020-02-17 16:03:18.500,11778,11779,11779,1
2020-02-17 16:03:18.501,11778,11779,11779,1
2020-02-17 16:03:18.502,11778,11779,11779,1
2020-02-17 16:03:18.503,11778,11779,11779,1
2020-02-17 16:03:18.610,11778,11779,11778,1
2020-02-17 16:03:31.138,11778,11779,11779,1
2020-02-17 16:03:58.958,11778,11779,11778,2
2020-02-17 16:04:25.814,11778,11779,11778,6
2020-02-17 16:04:28.984,11778,11779,11778,4
2020-02-17 16:04:28.985,11778,11779,11778,2
2020-02-17 16:04:28.986,11778,11779,11778,2
2020-02-17 16:04:29.005,11778,11779,11778,2
2020-02-17 16:04:29.110,11778,11779,11778,2
2020-02-17 16:04:29.110,11778,11779,11778,1
2020-02-17 16:04:35.502,11777,11779,11778,1
2020-02-17 16:04:46.128,11777,11778,11777,2
2020-02-17 16:05:09.077,11777,11778,11777,2
2020-02-17 16:05:09.373,11777,11778,11778,1
2020-02-17 16:05:12.564,11777,11778,11777,1
2020-02-17 16:05:16.344,11777,11778,11778,1
2020-02-17 16:05:16.345,11777,11778,11778,2
2020-02-17 16:05:16.568,11778,11779,11778,2
2020-02-17 16:05:16.988,11778,11779,11779,2
2020-02-17 16:05:17.400,11778,11779,11778,2
2020-02-17 16:05:29.038,11777,11778,11778,3
2020-02-17 16:05:30.977,11777,11778,11778,1
2020-02-17 16:05:38.180,11778,11779,11778,1
2020-02-17 16:05:42.733,11778,11779,11778,4
2020-02-17 16:05:50.666,11778,11779,11778,1
2020-02-17 16:06:05.443,11777,11778,11777,2
2020-02-17 16:06:10.355,11777,11778,11778,2
2020-02-17 16:06:16.652,11777,11778,11777,2
2020-02-17 16:06:16.652,11777,11778,11777,8
2020-02-17 16:06:16.653,11777,11778,11777,4
2020-02-17 16:06:16.735,11777,11778,11777,8
2020-02-17 16:06:17.632,11776,11777,11777,1
2020-02-17 16:06:58.706,11776,11777,11777,1
2020-02-17 16:06:59.302,11776,11777,11777,1
2020-02-17 16:07:21.757,11776,11777,11776,2
2020-02-17 16:07:21.888,11776,11777,11776,1
2020-02-17 16:07:29.284,11776,11777,11776,1
2020-02-17 16:07:29.536,11776,11777,11776,1
2020-02-17 16:07:33.058,11776,11777,11776,1
2020-02-17 16:07:33.561,11776,11777,11776,1
2020-02-17 16:07:33.892,11776,11777,11776,1
2020-02-17 16:07:34.751,11776,11777,11776,1
2020-02-17 16:07:40.356,11776,11777,11776,1
2020-02-17 16:07:49.948,11776,11777,11776,1
2020-02-17 16:07:50.949,11776,11777,11776,1
2020-02-17 16:07:57.972,11776,11777,11777,1
2020-02-17 16:08:07.337,11776,11777,11777,9
2020-02-17 16:08:07.337,11776,11777,11777,3
2020-02-17 16:08:07.591,11777,11778,11777,1
2020-02-17 16:08:10.357,11777,11778,11777,1
2020-02-17 16:08:12.714,11777,11778,11778,2
2020-02-17 16:08:12.735,11778,11779,11778,1
2020-02-17 16:08:13.442,11778,11779,11779,9
2020-02-17 16:08:17.004,11778,11780,11778,1
2020-02-17 16:08:35.485,11777,11778,11777,1
2020-02-17 16:08:35.570,11777,11778,11777,2
2020-02-17 16:08:35.610,11777,11778,11777,3
2020-02-17 16:08:39.759,11776,11778,11776,2
2020-02-17 16:08:49.860,11777,11778,11777,1
2020-02-17 16:08:56.454,11777,11778,11777,1
2020-02-17 16:09:01.735,11777,11778,11777,1
2020-02-17 16:09:06.404,11776,11777,11777,1
2020-02-17 16:09:16.169,11776,11777,11776,2
2020-02-17 16:09:24.718,11776,11777,11776,5
2020-02-17 16:09:24.735,11776,11777,11776,1
2020-02-17 16:09:31.085,11775,11776,11776,1
2020-02-17 16:09:35.317,11775,11777,11775,1
2020-02-17 16:09:40.235,11775,11776,11776,1
2020-02-17 16:09:51.558,11776,11777,11776,1
2020-02-17 16:09:52.810,11776,11777,11776,2
2020-02-17 16:09:53.531,11775,11776,11776,1
2020-02-17 16:09:57.360,11775,11776,11776,12
2020-02-17 16:10:11.747,11775,11776,11776,1
2020-02-17 16:10:12.635,11776,11777,11776,1
2020-02-17 16:10:26.241,11776,11777,11777,1
2020-02-17 16:10:47.486,11776,11777,11777,2
2020-02-17 16:10:47.486,11776,11777,11777,5
2020-02-17 16:10:47.533,11776,11777,11777,2
2020-02-17 16:10:47.561,11776,11777,11777,1
2020-02-17 16:10:47.566,11776,11777,11777,2
2020-02-17 16:10:47.619,11777,11778,11777,12
2020-02-17 16:10:48.145,11777,11778,11778,3
2020-02-17 16:10:50.374,11778,11779,11778,1
2020-02-17 16:11:17.565,11778,11779,11779,2
2020-02-17 16:11:17.890,11778,11780,11780,1
2020-02-17 16:11:20.798,11779,11780,11780,1
2020-02-17 16:11:29.915,11778,11779,11779,1
2020-02-17 16:11:34.792,11778,11779,11779,1
2020-02-17 16:11:40.822,11778,11779,11778,2
2020-02-17 16:12:00.120,11778,11779,11778,1
2020-02-17 16:12:13.549,11778,11779,11778,1
2020-02-17 16:12:13.957,11778,11779,11779,2
2020-02-17 16:12:13.958,11778,11779,11779,1
2020-02-17 16:12:13.990,11778,11779,11779,1
2020-02-17 16:12:34.929,11778,11779,11779,1
2020-02-17 16:12:37.985,11778,11779,11778,5
2020-02-17 16:12:38.199,11777,11778,11777,1
2020-02-17 16:12:38.208,11777,11778,11777,2
2020-02-17 16:12:39.482,11777,11778,11777,2
2020-02-17 16:12:39.483,11777,11778,11777,1
2020-02-17 16:12:39.483,11777,11778,11777,3
2020-02-17 16:13:12.572,11776,11777,11777,1
2020-02-17 16:13:13.001,11777,11778,11778,1
2020-02-17 16:14:02.464,11777,11779,11778,1
2020-02-17 16:14:05.302,11778,11779,11778,2
2020-02-17 16:14:45.937,11777,11778,11778,1
2020-02-17 16:14:57.906,11777,11778,11777,2
2020-02-17 16:15:16.141,11777,11778,11777,2
2020-02-17 16:15:16.596,11776,11777,11777,1
2020-02-17 16:15:16.596,11776,11777,11778,1
2020-02-17 16:15:16.615,11776,11778,11778,2
2020-02-17 16:15:16.631,11776,11778,11778,2
2020-02-17 16:15:16.656,11776,11778,11778,2
2020-02-17 16:15:17.184,11777,11778,11778,1
2020-02-17 16:15:25.280,11778,11779,11778,1
2020-02-17 16:15:27.135,11777,11778,11778,1
2020-02-17 16:15:54.113,11777,11779,11778,1
2020-02-17 16:16:16.313,11778,11779,11778,1
2020-02-17 16:16:24.572,11778,11779,11778,1
2020-02-17 16:16:24.918,11778,11779,11779,1
2020-02-17 16:16:38.200,11778,11779,11779,2
2020-02-17 16:16:38.235,11778,11779,11779,18
2020-02-17 16:16:38.360,11778,11779,11779,10
2020-02-17 16:16:38.360,11778,11779,11779,10
2020-02-17 16:16:38.360,11778,11779,11779,3
2020-02-17 16:16:38.610,11779,11780,11780,23
2020-02-17 16:16:38.610,11779,11780,11780,1
2020-02-17 16:16:38.612,11779,11780,11780,1
2020-02-17 16:16:38.633,11779,11780,11780,1
2020-02-17 16:16:38.735,11779,11780,11780,3
2020-02-17 16:16:38.902,11780,11781,11780,4
2020-02-17 16:16:38.944,11780,11781,11780,3
2020-02-17 16:16:38.944,11780,11781,11780,1
2020-02-17 16:16:38.958,11780,11781,11780,2
2020-02-17 16:16:38.959,11780,11781,11780,1
2020-02-17 16:16:38.985,11780,11781,11780,2
2020-02-17 16:16:38.985,11780,11781,11780,2
2020-02-17 16:16:38.985,11780,11781,11780,2
2020-02-17 16:16:38.985,11780,11781,11780,3
2020-02-17 16:16:51.857,11779,11781,11780,4
2020-02-17 16:16:55.024,11780,11781,11780,2
2020-02-17 16:16:58.261,11780,11781,11781,1
2020-02-17 16:17:02.237,11780,11781,11781,1
2020-02-17 16:17:06.482,11780,11781,11780,1
2020-02-17 16:17:07.735,11780,11781,11781,11
2020-02-17 16:17:07.877,11780,11782,11782,1
2020-02-17 16:17:10.860,11781,11782,11782,1
2020-02-17 16:17:11.964,11781,11782,11781,1
2020-02-17 16:17:19.240,11781,11782,11781,2
2020-02-17 16:17:24.907,11781,11782,11781,1
2020-02-17 16:17:26.581,11781,11782,11781,1
2020-02-17 16:17:27.399,11780,11782,11782,1
2020-02-17 16:17:31.170,11781,11782,11782,1
2020-02-17 16:17:32.454,11781,11782,11782,1
2020-02-17 16:17:33.467,11781,11782,11781,1
2020-02-17 16:17:36.092,11781,11782,11782,1
2020-02-17 16:17:41.117,11781,11782,11782,10
2020-02-17 16:17:44.704,11781,11782,11782,1
2020-02-17 16:17:44.805,11781,11782,11782,1
2020-02-17 16:17:44.860,11781,11782,11782,17
2020-02-17 16:17:44.860,11781,11782,11782,10
2020-02-17 16:17:44.860,11781,11782,11782,5
2020-02-17 16:17:44.861,11781,11782,11782,2
2020-02-17 16:17:44.985,11781,11782,11782,1
2020-02-17 16:17:45.426,11781,11783,11783,1
2020-02-17 16:17:45.494,11782,11783,11782,1
2020-02-17 16:17:45.511,11782,11783,11783,3
2020-02-17 16:17:45.679,11781,11783,11783,1
2020-02-17 16:17:45.793,11781,11783,11783,2
2020-02-17 16:17:45.883,11781,11783,11783,1
2020-02-17 16:17:45.944,11781,11783,11783,2
2020-02-17 16:17:45.956,11781,11783,11783,1
2020-02-17 16:17:45.967,11781,11783,11783,4
2020-02-17 16:17:45.991,11782,11783,11783,1
2020-02-17 16:17:46.525,11782,11783,11783,1
2020-02-17 16:17:46.610,11782,11783,11783,3
2020-02-17 16:17:46.653,11782,11783,11783,1
2020-02-17 16:17:46.691,11782,11783,11783,1
2020-02-17 16:17:46.735,11782,11783,11783,3
2020-02-17 16:17:46.735,11782,11783,11783,1
2020-02-17 16:17:47.594,11782,11784,11784,2
2020-02-17 16:17:47.646,11782,11784,11784,4
2020-02-17 16:17:47.652,11782,11784,11784,1
2020-02-17 16:17:47.667,11782,11784,11784,4
2020-02-17 16:17:47.687,11782,11784,11784,1
2020-02-17 16:17:47.692,11782,11784,11784,2
2020-02-17 16:17:47.787,11782,11784,11784,1
2020-02-17 16:17:47.860,11783,11784,11783,4
2020-02-17 16:17:48.012,11783,11784,11784,8
2020-02-17 16:17:48.062,11783,11784,11784,1
2020-02-17 16:17:51.297,11782,11784,11783,1
2020-02-17 16:17:51.426,11782,11783,11783,1
2020-02-17 16:17:52.166,11782,11783,11783,1
2020-02-17 16:17:55.050,11782,11783,11783,1
2020-02-17 16:17:55.105,11782,11783,11782,1
2020-02-17 16:18:02.186,11782,11783,11783,1
2020-02-17 16:18:03.142,11782,11783,11783,4
2020-02-17 16:18:03.648,11783,11784,11784,19
2020-02-17 16:18:03.736,11784,11785,11785,3
2020-02-17 16:18:03.738,11784,11785,11784,2
2020-02-17 16:18:04.025,11784,11785,11784,10
2020-02-17 16:18:04.056,11784,11785,11785,1
2020-02-17 16:18:04.119,11784,11785,11784,14
2020-02-17 16:18:04.119,11784,11785,11784,6
2020-02-17 16:18:04.119,11784,11785,11784,3
2020-02-17 16:18:04.125,11784,11785,11785,1
2020-02-17 16:18:04.192,11784,11785,11785,1
2020-02-17 16:18:04.220,11784,11785,11785,1
2020-02-17 16:18:04.236,11784,11785,11784,3
2020-02-17 16:18:04.237,11784,11785,11784,2
2020-02-17 16:18:04.238,11784,11785,11784,4
2020-02-17 16:18:04.244,11784,11785,11784,1
2020-02-17 16:18:04.360,11784,11785,11784,2
2020-02-17 16:18:04.360,11784,11785,11784,3
2020-02-17 16:18:04.805,11783,11785,11785,3
2020-02-17 16:18:04.816,11783,11785,11785,1
2020-02-17 16:18:04.829,11783,11785,11785,1
2020-02-17 16:18:04.940,11783,11785,11785,2
2020-02-17 16:18:05.056,11784,11785,11785,1
2020-02-17 16:18:05.164,11784,11785,11784,1
2020-02-17 16:18:06.375,11784,11785,11784,1
2020-02-17 16:18:07.491,11783,11785,11785,1
2020-02-17 16:18:07.815,11784,11785,11785,1
2020-02-17 16:18:08.051,11784,11785,11784,2
2020-02-17 16:18:08.269,11783,11784,11784,2
2020-02-17 16:18:08.360,11783,11784,11784,6
2020-02-17 16:18:10.724,11783,11784,11784,2
2020-02-17 16:18:11.464,11784,11785,11784,1
2020-02-17 16:18:22.104,11784,11785,11785,1
2020-02-17 16:18:23.217,11784,11785,11784,1
2020-02-17 16:18:32.614,11784,11785,11784,1
2020-02-17 16:18:33.169,11784,11785,11784,1
2020-02-17 16:18:33.806,11784,11785,11785,1
2020-02-17 16:18:36.535,11784,11785,11785,30
2020-02-17 16:18:37.397,11784,11785,11785,1
2020-02-17 16:18:37.480,11784,11785,11785,1
2020-02-17 16:18:38.725,11784,11785,11785,1
2020-02-17 16:18:38.861,11784,11785,11785,14
2020-02-17 16:18:42.066,11785,11786,11786,5
2020-02-17 16:18:42.187,11785,11786,11786,15
2020-02-17 16:18:42.616,11785,11786,11786,1
2020-02-17 16:18:43.917,11785,11786,11785,10
2020-02-17 16:18:47.045,11785,11786,11785,1
2020-02-17 16:18:48.748,11785,11786,11785,2
2020-02-17 16:18:49.684,11785,11786,11785,2
2020-02-17 16:18:51.838,11785,11786,11785,2
2020-02-17 16:18:52.993,11785,11786,11785,2
2020-02-17 16:18:54.122,11785,11786,11785,2
2020-02-17 16:18:57.282,11785,11786,11786,1
2020-02-17 16:18:58.978,11785,11786,11785,1
2020-02-17 16:18:59.102,11785,11786,11785,2
2020-02-17 16:19:12.993,11785,11786,11785,1
2020-02-17 16:19:13.721,11785,11786,11785,4
2020-02-17 16:19:14.091,11785,11786,11786,1
2020-02-17 16:19:19.674,11785,11786,11785,1
2020-02-17 16:19:25.582,11785,11786,11786,1
2020-02-17 16:19:27.650,11785,11786,11785,2
2020-02-17 16:19:29.562,11785,11786,11786,2
2020-02-17 16:19:29.817,11785,11786,11785,2
2020-02-17 16:19:30.936,11785,11786,11786,1
2020-02-17 16:19:36.999,11785,11786,11785,7
2020-02-17 16:19:37.049,11785,11786,11785,1
2020-02-17 16:19:37.498,11784,11785,11785,1
2020-02-17 16:19:37.976,11784,11785,11785,7
2020-02-17 16:19:37.976,11784,11785,11786,23
2020-02-17 16:19:38.250,11785,11786,11785,2
2020-02-17 16:19:45.170,11784,11785,11784,10
2020-02-17 16:19:46.213,11784,11785,11784,2
2020-02-17 16:19:48.767,11784,11785,11784,5
2020-02-17 16:19:52.169,11784,11785,11784,1
2020-02-17 16:19:54.547,11784,11785,11784,1
2020-02-17 16:20:03.823,11784,11785,11785,2
2020-02-17 16:20:03.824,11784,11785,11785,2
2020-02-17 16:20:03.824,11784,11785,11785,1
2020-02-17 16:20:03.830,11784,11785,11785,8
2020-02-17 16:20:04.328,11784,11785,11785,3
2020-02-17 16:20:04.688,11784,11785,11785,2
2020-02-17 16:20:06.860,11784,11785,11785,6
2020-02-17 16:20:14.652,11785,11786,11785,1
2020-02-17 16:20:16.822,11785,11786,11785,1
2020-02-17 16:20:22.208,11785,11786,11786,2
2020-02-17 16:20:22.543,11785,11786,11786,1
2020-02-17 16:20:22.613,11785,11786,11786,1
2020-02-17 16:20:22.684,11785,11786,11786,1
2020-02-17 16:20:22.860,11785,11786,11786,1
2020-02-17 16:20:23.144,11785,11786,11786,1
2020-02-17 16:20:25.033,11785,11786,11785,1
2020-02-17 16:20:30.783,11785,11786,11785,1
2020-02-17 16:20:34.023,11785,11786,11785,1
2020-02-17 16:20:34.411,11785,11786,11785,5
2020-02-17 16:20:36.144,11784,11785,11784,1
2020-02-17 16:20:40.246,11784,11785,11785,1
2020-02-17 16:20:44.545,11784,11785,11784,1
2020-02-17 16:20:49.718,11784,11785,11785,5
2020-02-17 16:20:52.829,11784,11785,11785,1
2020-02-17 16:20:54.806,11784,11785,11785,1
2020-02-17 16:21:05.774,11784,11785,11784,10
2020-02-17 16:21:05.860,11784,11785,11784,13
2020-02-17 16:21:08.879,11782,11783,11783,1
2020-02-17 16:21:11.620,11782,11783,11783,2
2020-02-17 16:21:15.009,11783,11784,11784,2
2020-02-17 16:21:24.088,11783,11784,11783,7
2020-02-17 16:21:38.221,11783,11784,11784,1
2020-02-17 16:21:45.620,11783,11784,11784,1
2020-02-17 16:21:45.906,11783,11784,11784,2
2020-02-17 16:21:47.820,11783,11784,11784,2
2020-02-17 16:21:54.301,11783,11784,11783,1
2020-02-17 16:21:57.908,11783,11784,11783,2
2020-02-17 16:22:04.695,11782,11783,11783,1
2020-02-17 16:22:05.020,11782,11783,11782,5
2020-02-17 16:22:10.752,11782,11783,11782,1
2020-02-17 16:22:12.936,11782,11783,11782,1
2020-02-17 16:22:13.088,11782,11783,11783,1
2020-02-17 16:22:15.683,11782,11783,11783,3
2020-02-17 16:22:22.758,11782,11783,11783,1
2020-02-17 16:22:29.485,11782,11783,11783,1
2020-02-17 16:22:29.610,11782,11783,11783,1
2020-02-17 16:22:46.271,11783,11784,11783,1
2020-02-17 16:23:01.143,11782,11783,11782,1
2020-02-17 16:23:46.647,11782,11783,11783,1
2020-02-17 16:24:10.497,11782,11783,11783,1
2020-02-17 16:24:10.808,11782,11783,11783,1
2020-02-17 16:24:11.020,11782,11783,11783,1
2020-02-17 16:24:11.058,11782,11783,11783,1
2020-02-17 16:24:11.147,11782,11783,11783,1
2020-02-17 16:24:11.218,11782,11783,11783,1
2020-02-17 16:24:11.220,11782,11783,11783,1
2020-02-17 16:24:11.235,11782,11783,11783,3
2020-02-17 16:24:38.726,11783,11784,11783,5
2020-02-17 16:24:49.142,11782,11784,11784,1
2020-02-17 16:24:52.859,11782,11783,11783,1
2020-02-17 16:24:53.402,11782,11784,11783,1
2020-02-17 16:25:01.788,11782,11783,11783,1
2020-02-17 16:25:08.861,11782,11783,11782,2
2020-02-17 16:25:24.325,11782,11783,11782,3
2020-02-17 16:25:24.325,11782,11783,11782,18
2020-02-17 16:25:24.360,11782,11783,11782,1
2020-02-17 16:25:47.497,11781,11782,11781,1
2020-02-17 16:25:55.410,11781,11782,11782,4
2020-02-17 16:26:12.985,11781,11782,11781,10
2020-02-17 16:26:27.439,11780,11781,11781,1
2020-02-17 16:26:43.449,11780,11781,11780,10
2020-02-17 16:26:43.685,11780,11781,11780,6
2020-02-17 16:26:47.877,11779,11780,11780,1
2020-02-17 16:26:51.060,11779,11780,11780,1
2020-02-17 16:27:02.476,11779,11780,11779,1
2020-02-17 16:27:07.674,11779,11780,11779,1
2020-02-17 16:27:13.190,11779,11780,11779,2
2020-02-17 16:27:23.876,11779,11780,11779,2
2020-02-17 16:27:26.254,11779,11780,11779,2
2020-02-17 16:27:30.235,11779,11780,11779,10
2020-02-17 16:27:36.890,11778,11779,11778,1
2020-02-17 16:27:36.915,11778,11779,11778,2
2020-02-17 16:27:38.092,11778,11779,11778,1
2020-02-17 16:27:43.198,11778,11779,11779,1
2020-02-17 16:27:55.209,11778,11779,11778,1
2020-02-17 16:27:56.745,11778,11779,11779,2
2020-02-17 16:27:58.485,11778,11779,11779,2
2020-02-17 16:28:01.610,11779,11780,11779,1
2020-02-17 16:28:02.014,11778,11779,11778,1
2020-02-17 16:28:02.033,11778,11779,11779,1
2020-02-17 16:28:02.132,11778,11779,11778,1
2020-02-17 16:28:02.249,11778,11779,11779,1
2020-02-17 16:28:04.709,11778,11779,11779,2
2020-02-17 16:28:09.624,11778,11779,11779,1
2020-02-17 16:28:16.720,11778,11780,11778,5
2020-02-17 16:28:22.303,11778,11780,11778,1
2020-02-17 16:28:25.674,11778,11779,11778,1
2020-02-17 16:28:33.451,11778,11779,11778,4
2020-02-17 16:28:35.682,11778,11779,11778,1
2020-02-17 16:28:39.702,11778,11779,11778,10
2020-02-17 16:28:43.819,11777,11778,11777,5
2020-02-17 16:28:43.888,11777,11778,11777,1
2020-02-17 16:28:44.456,11777,11778,11777,1
2020-02-17 16:28:44.457,11777,11778,11777,1
2020-02-17 16:28:44.485,11777,11778,11777,6
2020-02-17 16:28:45.109,11777,11778,11777,1
2020-02-17 16:28:46.835,11777,11778,11777,1
2020-02-17 16:28:49.484,11777,11778,11777,1
2020-02-17 16:28:53.823,11777,11778,11777,1
2020-02-17 16:28:58.876,11777,11778,11777,1
2020-02-17 16:28:58.969,11777,11778,11777,1
2020-02-17 16:29:02.525,11776,11777,11777,1
2020-02-17 16:29:02.548,11776,11777,11777,1
2020-02-17 16:29:02.754,11777,11778,11778,11
2020-02-17 16:29:02.754,11777,11778,11778,5
2020-02-17 16:29:02.775,11777,11778,11778,3
2020-02-17 16:29:02.844,11777,11778,11778,1
2020-02-17 16:29:08.485,11777,11778,11778,1
2020-02-17 16:29:09.610,11778,11779,11778,1
2020-02-17 16:29:13.396,11777,11778,11778,4
2020-02-17 16:29:22.787,11777,11779,11777,15
2020-02-17 16:29:25.812,11777,11778,11778,1
2020-02-17 16:29:35.332,11778,11779,11779,1
2020-02-17 16:29:36.735,11778,11779,11779,1
2020-02-17 16:29:48.503,11779,11780,11779,1
2020-02-17 16:29:48.625,11779,11780,11779,1
2020-02-17 16:29:57.110,11779,11780,11779,1
2020-02-17 16:30:00.075,11779,11780,11779,4
2020-02-17 16:30:00.076,11779,11780,11779,1
2020-02-17 16:30:02.269,11778,11779,11779,1
2020-02-17 16:30:02.269,11778,11779,11780,2
2020-02-17 16:30:02.673,11778,11780,11780,1
2020-02-17 16:30:02.742,11778,11780,11780,1
2020-02-17 16:30:02.742,11778,11780,11780,1
2020-02-17 16:30:02.743,11778,11780,11780,1
2020-02-17 16:30:02.743,11778,11780,11780,1
2020-02-17 16:30:02.748,11778,11780,11780,1
2020-02-17 16:30:02.748,11778,11780,11780,1
2020-02-17 16:30:02.748,11778,11780,11780,1
2020-02-17 16:30:02.750,11778,11780,11780,1
2020-02-17 16:30:02.752,11778,11780,11780,1
2020-02-17 16:30:02.752,11778,11780,11780,1
2020-02-17 16:30:02.752,11778,11780,11780,1
2020-02-17 16:30:02.753,11778,11780,11780,2
2020-02-17 16:30:02.753,11778,11780,11780,1
2020-02-17 16:30:02.863,11778,11780,11780,3
2020-02-17 16:30:11.272,11778,11780,11778,1
2020-02-17 16:30:18.121,11778,11779,11779,3
2020-02-17 16:30:18.237,11779,11780,11779,1
2020-02-17 16:30:28.485,11778,11779,11779,3
2020-02-17 16:30:36.682,11778,11780,11778,1
2020-02-17 16:30:37.302,11778,11780,11778,1
2020-02-17 16:30:41.845,11779,11780,11779,1
2020-02-17 16:30:46.092,11779,11780,11779,2
2020-02-17 16:31:03.294,11779,11780,11779,2
2020-02-17 16:31:04.006,11779,11780,11779,1
2020-02-17 16:31:04.006,11779,11780,11778,5
2020-02-17 16:31:10.055,11779,11780,11779,1
2020-02-17 16:31:10.129,11779,11780,11780,1
2020-02-17 16:31:10.133,11779,11780,11780,1
2020-02-17 16:31:10.527,11779,11780,11780,6
2020-02-17 16:31:10.527,11779,11780,11780,1
2020-02-17 16:31:27.122,11780,11781,11780,2
2020-02-17 16:32:01.659,11780,11781,11780,4
2020-02-17 16:32:08.284,11779,11780,11780,1
2020-02-17 16:32:30.840,11779,11780,11780,10
2020-02-17 16:32:34.748,11779,11780,11780,10
2020-02-17 16:32:37.496,11779,11780,11779,4
2020-02-17 16:32:42.732,11779,11780,11779,1
2020-02-17 16:32:47.360,11779,11780,11779,5
2020-02-17 16:33:15.797,11778,11779,11779,1
2020-02-17 16:33:16.240,11778,11779,11779,1
2020-02-17 16:33:19.002,11779,11780,11779,1
2020-02-17 16:33:36.455,11778,11779,11779,1
2020-02-17 16:33:57.313,11779,11780,11779,1
2020-02-17 16:34:21.887,11778,11779,11778,18
2020-02-17 16:34:23.812,11777,11778,11778,1
2020-02-17 16:34:24.839,11777,11778,11777,5
2020-02-17 16:34:24.839,11777,11778,11777,11
2020-02-17 16:34:24.904,11776,11778,11776,1
2020-02-17 16:34:24.997,11776,11777,11776,3
2020-02-17 16:34:25.338,11776,11777,11776,1
2020-02-17 16:34:25.371,11776,11777,11776,17
2020-02-17 16:34:25.485,11776,11777,11776,1
2020-02-17 16:34:25.816,11775,11776,11776,2
2020-02-17 16:34:34.668,11776,11777,11776,1
2020-02-17 16:34:40.708,11775,11776,11776,1
2020-02-17 16:34:45.027,11775,11776,11776,1
2020-02-17 16:34:45.746,11775,11776,11776,1
2020-02-17 16:34:48.934,11775,11776,11776,1
2020-02-17 16:34:50.887,11775,11776,11776,1
2020-02-17 16:34:55.654,11775,11776,11775,1
2020-02-17 16:35:01.093,11775,11776,11776,1
2020-02-17 16:35:02.563,11775,11776,11776,2
2020-02-17 16:35:02.620,11775,11776,11775,1
2020-02-17 16:35:09.023,11775,11776,11775,2
2020-02-17 16:35:18.459,11775,11776,11776,1
2020-02-17 16:35:26.765,11775,11776,11776,2
2020-02-17 16:35:29.518,11775,11776,11776,1
2020-02-17 16:35:31.928,11775,11776,11776,1
2020-02-17 16:35:36.468,11776,11777,11776,1
2020-02-17 16:35:55.246,11776,11777,11776,1
2020-02-17 16:35:57.496,11776,11777,11776,1
2020-02-17 16:35:59.144,11776,11777,11776,1
2020-02-17 16:36:03.385,11776,11777,11776,1
2020-02-17 16:36:09.534,11776,11777,11776,1
2020-02-17 16:36:22.544,11776,11777,11776,10
2020-02-17 16:36:24.898,11775,11776,11776,1
2020-02-17 16:36:25.671,11775,11776,11775,1
2020-02-17 16:36:33.097,11775,11776,11776,1
2020-02-17 16:36:36.454,11775,11776,11775,5
2020-02-17 16:36:38.998,11775,11776,11776,1
2020-02-17 16:36:55.366,11775,11776,11776,1
2020-02-17 16:36:59.185,11775,11776,11776,1
2020-02-17 16:37:02.099,11775,11776,11776,1
2020-02-17 16:37:06.269,11775,11776,11776,3
2020-02-17 16:37:08.765,11775,11776,11776,5
2020-02-17 16:37:09.085,11775,11776,11775,17
2020-02-17 16:37:10.260,11775,11776,11776,1
2020-02-17 16:37:15.341,11775,11776,11776,1
2020-02-17 16:37:19.504,11776,11777,11776,1
2020-02-17 16:37:27.349,11776,11777,11776,1
2020-02-17 16:37:32.920,11776,11777,11776,1
2020-02-17 16:37:43.801,11776,11777,11776,3
2020-02-17 16:37:47.860,11775,11776,11775,2
2020-02-17 16:37:47.860,11775,11776,11775,8
2020-02-17 16:37:47.861,11775,11776,11775,7
2020-02-17 16:37:47.862,11775,11776,11775,3
2020-02-17 16:37:48.048,11774,11776,11774,6
2020-02-17 16:37:48.110,11774,11775,11774,4
2020-02-17 16:37:48.110,11774,11775,11774,1
2020-02-17 16:37:48.235,11774,11775,11774,3
2020-02-17 16:37:50.988,11773,11774,11773,2
2020-02-17 16:37:51.130,11773,11774,11773,1
2020-02-17 16:37:51.146,11773,11774,11773,1
2020-02-17 16:37:51.265,11773,11774,11773,1
2020-02-17 16:37:54.392,11773,11774,11773,1
2020-02-17 16:37:55.492,11773,11774,11773,10
2020-02-17 16:37:57.869,11773,11774,11773,2
2020-02-17 16:38:01.548,11773,11774,11773,1
2020-02-17 16:38:01.991,11773,11774,11773,1
2020-02-17 16:38:02.194,11773,11774,11773,1
2020-02-17 16:38:07.054,11772,11773,11773,1
2020-02-17 16:38:07.409,11772,11773,11772,7
2020-02-17 16:38:07.719,11772,11773,11772,1
2020-02-17 16:38:10.492,11772,11773,11772,1
2020-02-17 16:38:11.285,11772,11773,11772,1
2020-02-17 16:38:12.319,11772,11773,11772,1
2020-02-17 16:38:12.440,11771,11773,11772,1
2020-02-17 16:38:13.397,11771,11772,11772,1
2020-02-17 16:38:13.789,11772,11773,11772,1
2020-02-17 16:38:15.082,11772,11773,11772,2
2020-02-17 16:38:15.817,11772,11773,11772,4
2020-02-17 16:38:19.972,11772,11773,11772,1
2020-02-17 16:38:22.504,11772,11773,11772,1
2020-02-17 16:38:24.187,11772,11773,11772,1
2020-02-17 16:38:25.371,11772,11773,11772,1
2020-02-17 16:38:30.290,11772,11773,11772,1
2020-02-17 16:38:30.540,11772,11773,11772,3
2020-02-17 16:38:30.802,11771,11772,11771,1
2020-02-17 16:38:30.884,11771,11772,11772,1
2020-02-17 16:38:30.888,11771,11772,11771,1
2020-02-17 16:38:30.983,11771,11772,11771,1
2020-02-17 16:38:31.173,11771,11773,11771,1
2020-02-17 16:38:34.540,11771,11772,11772,1
2020-02-17 16:38:36.235,11772,11773,11772,1
2020-02-17 16:38:36.235,11772,11773,11771,9
2020-02-17 16:38:36.586,11771,11773,11771,10
2020-02-17 16:38:39.240,11771,11772,11771,10
2020-02-17 16:38:39.614,11770,11772,11771,1
2020-02-17 16:38:39.614,11770,11772,11770,9
2020-02-17 16:38:39.778,11771,11772,11770,1
2020-02-17 16:38:40.046,11770,11772,11770,1
2020-02-17 16:38:40.731,11771,11772,11771,1
2020-02-17 16:38:42.869,11771,11772,11771,1
2020-02-17 16:38:43.690,11771,11772,11771,1
2020-02-17 16:38:45.093,11770,11771,11770,4
2020-02-17 16:38:45.400,11770,11771,11770,1
2020-02-17 16:38:47.498,11770,11771,11770,10
2020-02-17 16:38:49.525,11770,11771,11771,1
2020-02-17 16:38:50.634,11770,11771,11770,1
2020-02-17 16:38:50.767,11770,11771,11770,1
2020-02-17 16:38:51.586,11770,11771,11770,1
2020-02-17 16:38:53.060,11770,11771,11770,1
2020-02-17 16:38:55.117,11770,11771,11770,1
2020-02-17 16:38:55.557,11770,11771,11770,5
2020-02-17 16:38:56.811,11770,11771,11770,1
2020-02-17 16:39:01.446,11770,11771,11771,4
2020-02-17 16:39:02.361,11770,11771,11771,20
2020-02-17 16:39:02.460,11770,11771,11770,1
2020-02-17 16:39:02.735,11771,11772,11771,2
2020-02-17 16:39:03.582,11770,11772,11772,2
2020-02-17 16:39:05.300,11770,11772,11772,1
2020-02-17 16:39:05.477,11770,11772,11770,1
2020-02-17 16:39:10.366,11771,11772,11771,1
2020-02-17 16:39:13.174,11770,11771,11770,1
2020-02-17 16:39:14.935,11770,11771,11771,4
2020-02-17 16:39:16.431,11770,11771,11771,1
2020-02-17 16:39:17.479,11770,11771,11771,1
2020-02-17 16:39:18.504,11771,11772,11771,2
2020-02-17 16:39:21.494,11770,11771,11771,1
2020-02-17 16:39:27.713,11770,11771,11770,4
2020-02-17 16:39:28.362,11770,11771,11770,1
2020-02-17 16:39:32.772,11770,11771,11771,1
2020-02-17 16:39:33.521,11770,11771,11770,1
2020-02-17 16:39:46.529,11770,11771,11770,2
2020-02-17 16:39:50.228,11770,11771,11770,2
2020-02-17 16:39:53.422,11770,11771,11770,1
2020-02-17 16:39:58.375,11770,11771,11770,7
2020-02-17 16:39:58.487,11770,11771,11770,1
2020-02-17 16:39:58.487,11770,11771,11770,1
2020-02-17 16:39:58.488,11770,11771,11770,2
2020-02-17 16:39:59.135,11770,11771,11770,1
2020-02-17 16:40:00.896,11770,11771,11770,4
2020-02-17 16:40:01.651,11770,11771,11770,1
2020-02-17 16:40:01.737,11770,11771,11770,3
2020-02-17 16:40:03.173,11770,11771,11770,1
2020-02-17 16:40:03.567,11770,11771,11770,1
2020-02-17 16:40:03.777,11770,11771,11771,1
2020-02-17 16:40:03.893,11770,11771,11770,1
2020-02-17 16:40:05.235,11770,11771,11770,1
2020-02-17 16:40:05.504,11770,11771,11770,1
2020-02-17 16:40:05.610,11770,11771,11770,6
2020-02-17 16:40:06.469,11769,11771,11771,1
2020-02-17 16:40:10.162,11770,11771,11770,1
2020-02-17 16:40:11.648,11769,11770,11770,1
2020-02-17 16:40:12.060,11769,11770,11770,1
2020-02-17 16:40:12.731,11769,11770,11770,1
2020-02-17 16:40:15.222,11769,11770,11770,3
2020-02-17 16:40:15.239,11770,11771,11770,2
2020-02-17 16:40:15.244,11770,11771,11770,2
2020-02-17 16:40:15.360,11769,11770,11770,1
2020-02-17 16:40:15.486,11769,11770,11770,2
2020-02-17 16:40:16.005,11770,11771,11770,1
2020-02-17 16:40:16.744,11770,11771,11770,1
2020-02-17 16:40:18.496,11770,11771,11770,2
2020-02-17 16:40:19.184,11770,11771,11771,2
2020-02-17 16:40:22.403,11770,11771,11771,1
2020-02-17 16:40:22.893,11770,11771,11771,1
2020-02-17 16:40:23.618,11770,11771,11770,1
2020-02-17 16:40:23.728,11770,11771,11771,1
2020-02-17 16:40:25.362,11770,11771,11770,1
2020-02-17 16:40:26.909,11770,11771,11771,1
2020-02-17 16:40:44.519,11770,11771,11771,1
2020-02-17 16:40:44.909,11770,11771,11771,1
2020-02-17 16:40:45.967,11770,11771,11771,1
2020-02-17 16:40:53.510,11770,11771,11771,1
2020-02-17 16:40:53.952,11770,11771,11771,1
2020-02-17 16:40:57.624,11770,11771,11770,1
2020-02-17 16:41:01.360,11770,11771,11770,10
2020-02-17 16:41:01.789,11769,11770,11770,1
2020-02-17 16:41:02.854,11769,11770,11770,1
2020-02-17 16:41:05.816,11769,11770,11770,1
2020-02-17 16:41:14.749,11769,11770,11769,31
2020-02-17 16:41:14.863,11768,11769,11768,5
2020-02-17 16:41:14.985,11768,11769,11768,1
2020-02-17 16:41:14.985,11768,11769,11768,3
2020-02-17 16:41:14.985,11768,11769,11768,1
2020-02-17 16:41:17.489,11767,11768,11767,1
2020-02-17 16:41:17.935,11767,11768,11767,3
2020-02-17 16:41:17.985,11767,11768,11767,22
2020-02-17 16:41:18.152,11766,11768,11767,4
2020-02-17 16:41:18.305,11766,11767,11766,2
2020-02-17 16:41:18.401,11766,11767,11766,1
2020-02-17 16:41:18.426,11766,11767,11766,2
2020-02-17 16:41:18.448,11766,11767,11766,6
2020-02-17 16:41:18.478,11766,11767,11766,1
2020-02-17 16:41:18.522,11766,11767,11766,1
2020-02-17 16:41:18.581,11766,11767,11766,1
2020-02-17 16:41:20.180,11766,11767,11766,1
2020-02-17 16:41:20.411,11766,11767,11766,1
2020-02-17 16:41:20.555,11766,11767,11766,2
2020-02-17 16:41:21.160,11766,11767,11766,2
2020-02-17 16:41:21.504,11766,11767,11766,1
2020-02-17 16:41:21.564,11766,11767,11766,1
2020-02-17 16:41:21.767,11765,11767,11765,1
2020-02-17 16:41:22.714,11765,11766,11766,1
2020-02-17 16:41:23.681,11766,11767,11766,1
2020-02-17 16:41:25.384,11765,11767,11765,1
2020-02-17 16:41:26.902,11765,11766,11765,1
2020-02-17 16:41:27.043,11765,11766,11765,1
2020-02-17 16:41:28.240,11765,11766,11765,1
2020-02-17 16:41:29.690,11765,11766,11766,1
2020-02-17 16:41:30.093,11765,11766,11765,2
2020-02-17 16:41:30.386,11765,11766,11766,1
2020-02-17 16:41:31.726,11765,11766,11765,1
2020-02-17 16:41:32.200,11765,11766,11766,6
2020-02-17 16:41:32.235,11765,11766,11766,1
2020-02-17 16:41:32.341,11765,11766,11765,5
2020-02-17 16:41:32.923,11766,11767,11766,1
2020-02-17 16:41:33.005,11766,11767,11766,1
2020-02-17 16:41:36.638,11766,11767,11766,1
2020-02-17 16:41:38.122,11766,11767,11766,2
2020-02-17 16:41:39.094,11766,11767,11766,1
2020-02-17 16:41:39.485,11766,11767,11766,1
2020-02-17 16:41:39.778,11766,11767,11766,1
2020-02-17 16:41:43.729,11766,11767,11766,4
2020-02-17 16:41:45.165,11766,11767,11766,1
2020-02-17 16:41:46.191,11766,11767,11766,1
2020-02-17 16:41:47.024,11766,11767,11766,1
2020-02-17 16:41:49.202,11766,11767,11766,1
2020-02-17 16:41:50.766,11766,11767,11766,1
2020-02-17 16:41:51.612,11766,11767,11767,6
2020-02-17 16:41:52.005,11767,11768,11767,1
2020-02-17 16:41:55.585,11766,11767,11767,4
2020-02-17 16:41:56.746,11767,11768,11767,2
2020-02-17 16:41:56.861,11766,11767,11767,1
2020-02-17 16:41:58.865,11766,11768,11766,1
2020-02-17 16:41:59.345,11766,11768,11766,1
2020-02-17 16:42:10.213,11766,11767,11767,1
2020-02-17 16:42:10.610,11767,11768,11767,2
2020-02-17 16:42:12.236,11766,11767,11767,4
2020-02-17 16:42:13.269,11767,11768,11767,1
2020-02-17 16:42:16.236,11766,11767,11766,1
2020-02-17 16:42:19.026,11767,11768,11767,1
2020-02-17 16:42:19.424,11766,11768,11766,1
2020-02-17 16:42:19.611,11766,11767,11767,1
2020-02-17 16:42:19.860,11767,11768,11767,1
2020-02-17 16:42:37.111,11767,11768,11768,11
2020-02-17 16:42:39.148,11768,11769,11768,1
2020-02-17 16:42:39.148,11768,11769,11767,1
2020-02-17 16:42:47.654,11767,11768,11768,1
2020-02-17 16:42:47.952,11768,11769,11768,1
2020-02-17 16:42:57.602,11768,11769,11769,1
2020-02-17 16:43:01.304,11768,11769,11769,1
2020-02-17 16:43:04.554,11768,11769,11769,1
2020-02-17 16:43:04.610,11768,11769,11769,4
2020-02-17 16:43:22.459,11769,11770,11769,2
2020-02-17 16:43:35.276,11769,11770,11770,15
2020-02-17 16:43:35.276,11769,11770,11770,3
2020-02-17 16:43:35.276,11769,11770,11770,3
2020-02-17 16:43:36.633,11770,11771,11771,1
2020-02-17 16:43:37.504,11770,11771,11770,2
2020-02-17 16:43:54.515,11770,11771,11770,1
2020-02-17 16:44:02.901,11770,11771,11771,1
2020-02-17 16:44:05.420,11770,11771,11771,14
2020-02-17 16:44:08.284,11771,11772,11772,1
2020-02-17 16:44:13.071,11771,11772,11772,1
2020-02-17 16:44:16.751,11771,11772,11772,1
2020-02-17 16:44:19.421,11771,11772,11771,9
2020-02-17 16:44:21.181,11770,11771,11771,1
2020-02-17 16:44:27.438,11770,11771,11771,3
2020-02-17 16:44:28.542,11771,11772,11771,1
2020-02-17 16:44:29.379,11771,11772,11771,2
2020-02-17 16:44:35.444,11770,11771,11771,1
2020-02-17 16:44:35.608,11770,11771,11771,1
2020-02-17 16:44:36.098,11770,11771,11771,1
2020-02-17 16:44:53.110,11770,11771,11771,4
2020-02-17 16:45:02.711,11770,11771,11770,3
2020-02-17 16:45:02.711,11770,11771,11770,2
2020-02-17 16:45:02.711,11770,11771,11770,7
2020-02-17 16:45:09.558,11769,11770,11770,1
2020-02-17 16:45:11.263,11769,11770,11770,2
2020-02-17 16:45:15.625,11769,11770,11770,1
2020-02-17 16:45:28.117,11769,11770,11770,2
2020-02-17 16:45:32.785,11769,11770,11769,2
2020-02-17 16:45:33.651,11769,11770,11770,2
2020-02-17 16:45:59.327,11769,11770,11769,2
2020-02-17 16:46:00.505,11769,11770,11770,12
2020-02-17 16:46:00.610,11770,11771,11770,1
2020-02-17 16:46:00.708,11770,11771,11770,1
2020-02-17 16:46:02.125,11770,11771,11770,1
2020-02-17 16:46:03.992,11770,11771,11770,1
2020-02-17 16:46:14.896,11770,11771,11771,1
2020-02-17 16:46:16.890,11770,11771,11770,4
2020-02-17 16:46:31.790,11770,11771,11771,8
2020-02-17 16:46:31.860,11770,11771,11771,1
2020-02-17 16:46:32.030,11771,11772,11771,1
2020-02-17 16:46:58.219,11771,11772,11772,5
2020-02-17 16:46:58.630,11771,11772,11771,1
2020-02-17 16:47:06.353,11771,11772,11772,9
2020-02-17 16:47:08.647,11772,11773,11772,1
2020-02-17 16:47:10.346,11772,11773,11773,5
2020-02-17 16:47:10.724,11772,11773,11772,5
2020-02-17 16:47:10.989,11772,11773,11773,1
2020-02-17 16:47:16.224,11772,11773,11773,1
2020-02-17 16:47:16.851,11772,11773,11773,3
2020-02-17 16:47:21.138,11772,11773,11773,1
2020-02-17 16:47:24.356,11772,11773,11773,1
2020-02-17 16:47:26.645,11772,11773,11773,1
2020-02-17 16:47:32.516,11772,11773,11773,2
2020-02-17 16:47:32.516,11772,11773,11773,3
2020-02-17 16:47:38.342,11772,11773,11773,1
2020-02-17 16:47:38.702,11772,11773,11773,1
2020-02-17 16:47:41.128,11773,11774,11773,1
2020-02-17 16:47:44.098,11772,11773,11773,1
2020-02-17 16:47:44.590,11772,11773,11773,1
2020-02-17 16:47:46.085,11772,11773,11773,1
2020-02-17 16:47:47.437,11772,11773,11773,1
2020-02-17 16:48:07.153,11773,11774,11774,1
2020-02-17 16:48:07.376,11773,11774,11774,1
2020-02-17 16:48:07.426,11773,11774,11774,1
2020-02-17 16:48:07.628,11773,11774,11773,5
2020-02-17 16:48:07.688,11773,11774,11774,1
2020-02-17 16:48:08.549,11772,11774,11774,2
2020-02-17 16:48:09.534,11773,11774,11774,1
2020-02-17 16:48:13.647,11773,11774,11773,1
2020-02-17 16:48:18.487,11773,11774,11774,1
2020-02-17 16:48:22.154,11773,11774,11774,1
2020-02-17 16:48:27.780,11773,11774,11774,2
2020-02-17 16:48:32.480,11773,11774,11774,1
2020-02-17 16:48:33.294,11773,11774,11774,1
2020-02-17 16:48:33.450,11773,11774,11774,1
2020-02-17 16:48:34.600,11773,11774,11774,13
2020-02-17 16:48:34.610,11774,11775,11774,2
2020-02-17 16:48:36.057,11774,11775,11774,2
2020-02-17 16:48:37.168,11773,11774,11774,1
2020-02-17 16:48:44.557,11773,11774,11774,1
2020-02-17 16:49:00.360,11773,11774,11774,16
2020-02-17 16:49:04.856,11773,11775,11775,6
2020-02-17 16:49:04.937,11773,11775,11775,1
2020-02-17 16:49:11.679,11774,11775,11774,1
2020-02-17 16:49:13.147,11773,11775,11774,1
2020-02-17 16:49:17.764,11773,11774,11774,2
2020-02-17 16:49:22.361,11774,11775,11774,1
2020-02-17 16:49:33.799,11774,11775,11774,1
2020-02-17 16:49:37.328,11773,11774,11774,1
2020-02-17 16:49:43.695,11773,11775,11773,2
2020-02-17 16:50:10.225,11773,11774,11774,1
2020-02-17 16:50:10.535,11773,11774,11774,2
2020-02-17 16:50:10.618,11773,11774,11773,2
2020-02-17 16:50:10.792,11773,11774,11773,3
2020-02-17 16:50:10.860,11773,11774,11773,3
2020-02-17 16:50:12.410,11772,11773,11772,1
2020-02-17 16:50:14.442,11772,11773,11772,3
2020-02-17 16:50:49.429,11773,11774,11773,1
2020-02-17 16:51:20.388,11773,11774,11774,1
2020-02-17 16:51:49.584,11773,11774,11774,1
2020-02-17 16:52:12.432,11773,11774,11774,1
2020-02-17 16:52:12.466,11773,11774,11774,10
2020-02-17 16:52:12.485,11773,11774,11774,5
2020-02-17 16:52:14.703,11774,11775,11774,1
2020-02-17 16:52:20.447,11774,11775,11774,1
2020-02-17 16:52:29.601,11774,11775,11775,1
2020-02-17 16:52:35.100,11774,11775,11775,1
2020-02-17 16:52:36.069,11774,11775,11775,1
2020-02-17 16:52:36.875,11774,11775,11774,1
2020-02-17 16:52:36.902,11774,11775,11775,1
2020-02-17 16:52:37.553,11774,11775,11775,1
2020-02-17 16:52:40.673,11774,11775,11775,1
2020-02-17 16:52:41.051,11774,11775,11775,1
2020-02-17 16:53:02.235,11774,11775,11775,9
2020-02-17 16:53:02.360,11774,11775,11775,5
2020-02-17 16:53:02.360,11774,11775,11775,1
2020-02-17 16:53:30.383,11775,11776,11776,1
2020-02-17 16:53:33.269,11775,11776,11776,2
2020-02-17 16:53:37.470,11775,11776,11776,2
2020-02-17 16:53:59.673,11775,11776,11776,1
2020-02-17 16:54:00.101,11775,11776,11776,1
2020-02-17 16:54:17.310,11775,11776,11775,1
2020-02-17 16:54:21.103,11775,11776,11775,1
2020-02-17 16:54:22.570,11775,11776,11775,11
2020-02-17 16:54:22.962,11774,11775,11775,2
2020-02-17 16:54:31.149,11774,11775,11775,1
2020-02-17 16:54:31.245,11774,11775,11774,1
2020-02-17 16:54:35.022,11774,11775,11774,8
2020-02-17 16:54:35.110,11774,11775,11774,4
2020-02-17 16:54:36.444,11773,11774,11774,1
2020-02-17 16:55:10.435,11773,11774,11773,3
2020-02-17 16:55:10.485,11773,11774,11773,1
2020-02-17 16:55:10.485,11773,11774,11773,2
2020-02-17 16:55:10.733,11772,11773,11772,2
2020-02-17 16:55:22.840,11772,11773,11773,1
2020-02-17 16:55:47.685,11772,11773,11772,2
2020-02-17 16:55:47.686,11772,11773,11772,2
2020-02-17 16:56:04.338,11771,11772,11771,12
2020-02-17 16:56:05.675,11770,11771,11771,1
2020-02-17 16:56:16.778,11770,11771,11771,1
2020-02-17 16:56:17.873,11770,11771,11771,2
2020-02-17 16:56:26.504,11771,11772,11771,1
2020-02-17 16:56:31.190,11770,11771,11771,1
2020-02-17 16:56:33.934,11770,11771,11771,1
2020-02-17 16:56:35.659,11770,11771,11771,1
2020-02-17 16:56:42.821,11770,11771,11770,5
2020-02-17 16:56:50.215,11770,11771,11770,1
2020-02-17 16:56:53.267,11770,11771,11770,1
2020-02-17 16:56:53.958,11770,11771,11770,1
2020-02-17 16:56:55.570,11770,11771,11770,1
2020-02-17 16:57:09.516,11770,11771,11771,3
2020-02-17 16:57:13.826,11770,11771,11771,1
2020-02-17 16:57:21.430,11770,11771,11771,1
2020-02-17 16:57:56.120,11770,11771,11771,8
2020-02-17 16:58:01.561,11770,11772,11770,4
2020-02-17 16:58:05.472,11771,11772,11771,1
2020-02-17 16:58:12.860,11770,11771,11771,1
2020-02-17 16:58:21.287,11771,11772,11771,1
2020-02-17 16:58:29.119,11771,11772,11771,1
2020-02-17 16:58:43.402,11771,11772,11771,1
2020-02-17 16:58:43.490,11770,11771,11770,3
2020-02-17 16:59:03.614,11770,11771,11770,2
2020-02-17 16:59:03.614,11770,11771,11770,2
2020-02-17 16:59:03.615,11770,11771,11770,1
2020-02-17 16:59:03.616,11770,11771,11770,1
2020-02-17 16:59:03.616,11770,11771,11770,2
2020-02-17 16:59:03.735,11770,11771,11770,6
2020-02-17 16:59:03.735,11770,11771,11770,1
2020-02-17 16:59:03.735,11770,11771,11770,3
2020-02-17 16:59:03.735,11770,11771,11770,2
2020-02-17 16:59:03.735,11770,11771,11770,2
2020-02-17 16:59:03.860,11770,11771,11770,1
2020-02-17 16:59:11.860,11769,11770,11770,3
2020-02-17 16:59:12.110,11770,11771,11770,2
2020-02-17 16:59:12.111,11770,11771,11770,2
2020-02-17 16:59:12.360,11770,11771,11770,1
2020-02-17 16:59:12.610,11769,11770,11770,1
2020-02-17 16:59:15.796,11770,11771,11770,3
2020-02-17 16:59:15.796,11770,11771,11769,2
2020-02-17 16:59:15.863,11769,11771,11769,1
2020-02-17 16:59:22.733,11769,11770,11769,1
2020-02-17 16:59:26.610,11769,11770,11770,2
2020-02-17 16:59:27.023,11770,11771,11770,1
2020-02-17 16:59:27.691,11770,11771,11771,1
2020-02-17 16:59:32.599,11770,11771,11770,1
2020-02-17 16:59:34.030,11770,11771,11771,1
2020-02-17 16:59:44.609,11770,11771,11771,2
2020-02-17 16:59:53.111,11770,11771,11771,13
2020-02-17 16:59:55.005,11771,11772,11771,1
2020-02-17 17:00:00.204,11770,11771,11770,1
2020-02-17 17:00:00.262,11770,11771,11770,1
2020-02-17 17:00:00.331,11770,11771,11770,1
2020-02-17 17:00:00.390,11770,11771,11770,1
2020-02-17 17:00:01.233,11770,11771,11770,1
2020-02-17 17:00:01.503,11770,11771,11770,2
2020-02-17 17:00:01.706,11770,11771,11770,2
2020-02-17 17:00:01.852,11770,11771,11771,1
2020-02-17 17:00:02.101,11770,11771,11771,3
2020-02-17 17:00:02.101,11770,11771,11772,7
2020-02-17 17:00:02.314,11771,11772,11771,1
2020-02-17 17:00:02.314,11771,11772,11770,1
2020-02-17 17:00:02.316,11771,11772,11770,1
2020-02-17 17:00:02.362,11770,11772,11770,1
2020-02-17 17:00:02.378,11770,11772,11772,1
2020-02-17 17:00:04.505,11771,11772,11771,1
2020-02-17 17:00:06.065,11770,11772,11770,1
2020-02-17 17:00:06.168,11770,11772,11770,1
2020-02-17 17:00:06.293,11770,11772,11770,1
2020-02-17 17:00:06.408,11770,11772,11770,1
2020-02-17 17:00:06.544,11770,11772,11770,1
2020-02-17 17:00:06.644,11770,11772,11770,1
2020-02-17 17:00:11.975,11770,11771,11771,1
2020-02-17 17:00:15.524,11770,11771,11771,4
2020-02-17 17:00:24.953,11770,11771,11770,5
2020-02-17 17:00:24.985,11770,11771,11770,5
2020-02-17 17:00:31.555,11769,11770,11770,1
2020-02-17 17:00:37.706,11770,11771,11770,1
2020-02-17 17:00:38.283,11769,11771,11769,1
2020-02-17 17:00:49.248,11770,11771,11770,5
2020-02-17 17:00:49.735,11770,11771,11770,1
2020-02-17 17:00:50.320,11770,11771,11770,1
2020-02-17 17:00:56.321,11770,11771,11770,1
2020-02-17 17:01:05.953,11770,11771,11770,1
2020-02-17 17:01:15.380,11769,11770,11770,2
2020-02-17 17:01:26.705,11769,11770,11770,3
2020-02-17 17:01:27.726,11769,11770,11769,1
2020-02-17 17:01:58.902,11769,11770,11769,2
2020-02-17 17:01:58.903,11769,11770,11769,3
2020-02-17 17:01:58.903,11769,11770,11769,11
2020-02-17 17:01:58.903,11769,11770,11769,1
2020-02-17 17:01:58.984,11769,11770,11769,4
2020-02-17 17:01:58.985,11769,11770,11769,12
2020-02-17 17:01:58.985,11769,11770,11769,2
2020-02-17 17:01:58.985,11769,11770,11769,16
2020-02-17 17:01:58.985,11769,11770,11769,4
2020-02-17 17:01:58.985,11769,11770,11769,9
2020-02-17 17:01:58.985,11769,11770,11769,1
2020-02-17 17:01:58.985,11769,11770,11769,3
2020-02-17 17:01:58.985,11769,11770,11769,1
2020-02-17 17:01:58.985,11769,11770,11769,4
2020-02-17 17:01:59.000,11769,11770,11769,1
2020-02-17 17:01:59.001,11769,11770,11769,2
2020-02-17 17:01:59.001,11769,11770,11769,7
2020-02-17 17:01:59.001,11769,11770,11769,2
2020-02-17 17:01:59.001,11769,11770,11769,3
2020-02-17 17:01:59.360,11768,11769,11768,1
2020-02-17 17:01:59.737,11768,11769,11768,1
2020-02-17 17:01:59.769,11768,11769,11769,1
2020-02-17 17:02:04.571,11768,11769,11768,2
2020-02-17 17:02:04.695,11768,11769,11768,1
2020-02-17 17:02:07.385,11768,11769,11768,1
2020-02-17 17:02:14.519,11767,11768,11768,1
2020-02-17 17:02:14.843,11768,11769,11768,1
2020-02-17 17:02:14.977,11768,11769,11768,2
2020-02-17 17:02:31.335,11768,11769,11769,1
2020-02-17 17:02:35.161,11768,11769,11769,5
2020-02-17 17:02:35.162,11768,11769,11769,5
2020-02-17 17:02:35.235,11769,11770,11769,1
2020-02-17 17:02:43.782,11769,11770,11770,2
2020-02-17 17:03:14.029,11769,11770,11770,1
2020-02-17 17:03:15.785,11769,11770,11770,1
2020-02-17 17:03:17.034,11769,11770,11769,5
2020-02-17 17:03:17.040,11769,11770,11769,3
2020-02-17 17:03:17.051,11769,11770,11769,4
2020-02-17 17:03:32.987,11769,11770,11769,1
2020-02-17 17:03:35.631,11769,11770,11770,1
2020-02-17 17:03:45.201,11769,11770,11770,1
2020-02-17 17:03:45.756,11769,11770,11770,6
2020-02-17 17:03:45.860,11769,11770,11770,5
2020-02-17 17:03:53.989,11770,11771,11770,1
2020-02-17 17:04:26.700,11770,11771,11770,1
2020-02-17 17:04:51.494,11770,11771,11770,1
2020-02-17 17:05:25.695,11770,11771,11771,1
2020-02-17 17:06:05.898,11770,11771,11770,7
2020-02-17 17:06:06.196,11769,11770,11770,2
2020-02-17 17:06:07.110,11769,11770,11770,2
2020-02-17 17:06:55.289,11769,11770,11770,1
2020-02-17 17:06:58.212,11769,11770,11769,20
2020-02-17 17:07:03.351,11769,11770,11769,1
2020-02-17 17:07:14.015,11768,11769,11768,1
2020-02-17 17:07:16.236,11768,11769,11768,7
2020-02-17 17:07:18.100,11767,11768,11768,1
2020-02-17 17:07:19.739,11767,11768,11767,1
2020-02-17 17:07:19.805,11767,11768,11767,3
2020-02-17 17:07:19.811,11767,11768,11767,3
2020-02-17 17:07:19.816,11767,11768,11767,3
2020-02-17 17:07:19.860,11767,11768,11767,1
2020-02-17 17:07:20.357,11766,11767,11766,1
2020-02-17 17:07:26.637,11766,11767,11766,1
2020-02-17 17:07:30.740,11766,11767,11766,1
2020-02-17 17:07:30.990,11766,11767,11766,1
2020-02-17 17:07:38.467,11766,11767,11767,2
2020-02-17 17:07:39.759,11766,11767,11766,1
2020-02-17 17:07:46.190,11766,11767,11767,5
2020-02-17 17:07:47.329,11767,11768,11767,1
2020-02-17 17:07:50.604,11767,11768,11767,5
2020-02-17 17:08:20.083,11767,11768,11768,1
2020-02-17 17:08:33.663,11768,11769,11769,1
2020-02-17 17:08:55.631,11768,11769,11769,1
2020-02-17 17:08:58.715,11768,11769,11769,1
2020-02-17 17:09:02.020,11768,11769,11769,1
2020-02-17 17:09:24.359,11769,11770,11769,3
2020-02-17 17:09:31.909,11769,11770,11769,1
2020-02-17 17:09:35.036,11769,11770,11769,1
2020-02-17 17:09:36.360,11769,11770,11769,17
2020-02-17 17:09:42.927,11768,11769,11769,1
2020-02-17 17:09:46.140,11768,11769,11768,4
2020-02-17 17:09:46.174,11768,11769,11768,2
2020-02-17 17:09:46.255,11767,11768,11767,4
2020-02-17 17:09:57.281,11767,11768,11767,2
2020-02-17 17:09:58.215,11767,11768,11768,1
2020-02-17 17:10:03.600,11767,11768,11768,1
2020-02-17 17:10:11.189,11767,11768,11767,2
2020-02-17 17:10:14.316,11767,11768,11768,2
2020-02-17 17:10:16.999,11767,11769,11767,1
2020-02-17 17:10:22.483,11767,11768,11767,2
2020-02-17 17:10:29.291,11767,11768,11767,1
2020-02-17 17:10:30.888,11767,11768,11767,1
2020-02-17 17:10:32.432,11767,11768,11767,3
2020-02-17 17:10:34.337,11767,11768,11767,1
2020-02-17 17:10:37.817,11767,11768,11767,1
2020-02-17 17:10:38.680,11767,11768,11767,1
2020-02-17 17:10:42.642,11767,11768,11767,1
2020-02-17 17:10:45.325,11767,11768,11767,1
2020-02-17 17:10:50.655,11767,11768,11767,1
2020-02-17 17:10:50.804,11767,11768,11767,1
2020-02-17 17:10:52.956,11767,11768,11767,1
2020-02-17 17:10:53.871,11767,11768,11767,1
2020-02-17 17:10:54.779,11767,11768,11767,1
2020-02-17 17:11:01.010,11767,11768,11768,1
2020-02-17 17:11:07.110,11767,11768,11768,5
2020-02-17 17:11:19.352,11768,11769,11768,1
2020-02-17 17:11:19.491,11768,11769,11768,3
2020-02-17 17:11:20.304,11768,11769,11768,1
2020-02-17 17:11:31.377,11768,11769,11768,1
2020-02-17 17:11:40.438,11768,11769,11768,2
2020-02-17 17:11:41.441,11768,11769,11768,1
2020-02-17 17:12:03.855,11768,11769,11769,3
2020-02-17 17:12:33.825,11768,11769,11769,2
2020-02-17 17:12:38.387,11769,11770,11770,5
2020-02-17 17:12:38.944,11769,11770,11770,1
2020-02-17 17:12:42.576,11769,11770,11770,2
2020-02-17 17:12:53.481,11769,11770,11770,1
2020-02-17 17:12:58.611,11769,11770,11770,1
2020-02-17 17:13:09.565,11769,11770,11770,1
2020-02-17 17:13:17.600,11769,11770,11770,1
2020-02-17 17:13:24.835,11769,11770,11770,4
2020-02-17 17:13:25.635,11770,11771,11770,1
2020-02-17 17:13:34.550,11770,11771,11770,5
2020-02-17 17:14:05.110,11769,11770,11770,6
2020-02-17 17:14:38.937,11770,11771,11770,4
2020-02-17 17:14:39.217,11769,11770,11770,1
2020-02-17 17:14:53.778,11769,11770,11769,1
2020-02-17 17:14:54.021,11769,11770,11769,1
2020-02-17 17:14:54.162,11769,11770,11769,1
2020-02-17 17:15:05.658,11769,11770,11769,1
2020-02-17 17:15:47.993,11769,11770,11770,2
2020-02-17 17:15:59.746,11769,11770,11770,1
2020-02-17 17:16:04.058,11769,11770,11770,1
2020-02-17 17:16:04.438,11769,11770,11770,1
2020-02-17 17:16:04.735,11770,11771,11770,2
2020-02-17 17:16:12.426,11770,11771,11771,1
2020-02-17 17:16:13.725,11770,11771,11770,1
2020-02-17 17:16:15.724,11770,11771,11770,1
2020-02-17 17:17:10.101,11770,11771,11770,1
2020-02-17 17:17:30.702,11770,11771,11770,1
2020-02-17 17:17:30.739,11770,11771,11770,1
2020-02-17 17:17:37.376,11770,11771,11770,1
2020-02-17 17:17:41.671,11770,11771,11770,1
2020-02-17 17:17:57.091,11770,11771,11770,3
2020-02-17 17:17:57.092,11770,11771,11770,2
2020-02-17 17:17:58.958,11770,11771,11770,2
2020-02-17 17:18:08.320,11769,11770,11770,1
2020-02-17 17:18:08.320,11769,11770,11771,1
2020-02-17 17:18:12.803,11770,11771,11771,1
2020-02-17 17:18:13.188,11770,11771,11771,2
2020-02-17 17:18:15.923,11770,11771,11771,1
2020-02-17 17:18:39.401,11770,11771,11771,1
2020-02-17 17:18:40.299,11770,11771,11771,3
2020-02-17 17:18:40.469,11770,11771,11771,2
2020-02-17 17:18:40.469,11770,11771,11771,1
2020-02-17 17:18:56.778,11771,11772,11772,1
2020-02-17 17:19:01.735,11771,11772,11771,1
2020-02-17 17:19:05.534,11770,11771,11771,1
2020-02-17 17:19:14.942,11770,11771,11770,1
2020-02-17 17:19:21.181,11771,11772,11771,1
2020-02-17 17:19:24.224,11771,11772,11771,1
2020-02-17 17:19:37.136,11771,11772,11772,2
2020-02-17 17:19:37.136,11771,11772,11772,1
2020-02-17 17:19:37.136,11771,11772,11772,13
2020-02-17 17:19:37.136,11771,11772,11772,2
2020-02-17 17:19:37.360,11772,11773,11772,8
2020-02-17 17:19:37.485,11772,11773,11772,1
2020-02-17 17:19:37.610,11772,11773,11772,3
2020-02-17 17:19:45.885,11771,11772,11772,1
2020-02-17 17:19:50.065,11771,11772,11772,1
2020-02-17 17:20:00.187,11771,11772,11772,1
2020-02-17 17:20:06.045,11771,11772,11772,1
2020-02-17 17:20:07.992,11771,11772,11772,2
2020-02-17 17:20:08.110,11772,11773,11772,3
