2019-10-28 15:00:00.007,11314,11315,11315,34,34
2019-10-28 15:00:00.391,11314,11315,11314,3,-3
2019-10-28 15:00:00.428,11314,11315,11314,3,-3
2019-10-28 15:00:01.550,11313,11314,11313,2,-2
2019-10-28 15:00:02.168,11313,11314,11313,1,-1
2019-10-28 15:00:05.425,11312,11313,11312,3,-3
2019-10-28 15:00:05.771,11312,11313,11313,1,1
2019-10-28 15:00:09.246,11312,11313,11313,1,1
2019-10-28 15:00:12.647,11312,11313,11313,4,4
2019-10-28 15:00:14.798,11312,11313,11313,9,9
2019-10-28 15:00:19.238,11313,11314,11313,2,-2
2019-10-28 15:00:21.344,11313,11314,11313,1,-1
2019-10-28 15:00:21.683,11313,11314,11313,3,-3
2019-10-28 15:00:22.799,11312,11313,11313,1,1
2019-10-28 15:00:23.051,11312,11313,11313,1,1
2019-10-28 15:00:25.563,11312,11313,11313,1,1
2019-10-28 15:00:28.210,11312,11313,11313,1,1
2019-10-28 15:00:36.121,11312,11313,11312,1,-1
2019-10-28 15:00:37.211,11312,11313,11313,1,1
2019-10-28 15:00:37.231,11312,11313,11313,1,1
2019-10-28 15:00:37.436,11312,11313,11313,3,3
2019-10-28 15:00:37.624,11312,11313,11312,5,-5
2019-10-28 15:00:38.180,11312,11313,11313,1,1
2019-10-28 15:00:38.339,11312,11313,11313,1,1
2019-10-28 15:00:39.752,11312,11313,11312,1,-1
2019-10-28 15:00:41.177,11312,11313,11312,3,-3
2019-10-28 15:00:42.553,11311,11312,11311,1,-1
2019-10-28 15:00:42.813,11311,11312,11311,4,-4
2019-10-28 15:00:43.992,11311,11312,11312,3,3
2019-10-28 15:00:46.215,11311,11312,11311,5,-5
2019-10-28 15:00:52.743,11311,11312,11312,1,1
2019-10-28 15:00:55.325,11311,11312,11311,1,-1
2019-10-28 15:00:56.691,11311,11312,11312,2,2
2019-10-28 15:01:02.260,11311,11312,11312,1,1
2019-10-28 15:01:03.236,11311,11312,11311,1,-1
2019-10-28 15:01:06.516,11311,11312,11311,2,-2
2019-10-28 15:01:09.236,11311,11312,11311,1,-1
2019-10-28 15:01:13.691,11311,11312,11311,1,-1
2019-10-28 15:01:14.615,11311,11312,11312,1,1
2019-10-28 15:01:14.737,11311,11312,11311,5,-5
2019-10-28 15:01:19.217,11311,11312,11311,1,-1
2019-10-28 15:01:19.952,11311,11312,11311,5,-5
2019-10-28 15:01:24.327,11311,11312,11311,1,-1
2019-10-28 15:01:29.771,11311,11312,11311,5,-5
2019-10-28 15:01:34.235,11310,11311,11311,1,1
2019-10-28 15:01:46.886,11310,11311,11311,1,1
2019-10-28 15:01:58.045,11310,11311,11311,5,5
2019-10-28 15:01:58.810,11310,11311,11311,1,1
2019-10-28 15:02:00.467,11310,11311,11311,1,1
2019-10-28 15:02:00.467,11310,11311,11311,10,10
2019-10-28 15:02:00.506,11310,11311,11311,20,20
2019-10-28 15:02:00.757,11311,11312,11312,19,19
2019-10-28 15:02:00.882,11311,11313,11313,20,20
2019-10-28 15:02:00.882,11311,11313,11313,2,2
2019-10-28 15:02:00.974,11311,11313,11313,1,1
2019-10-28 15:02:01.007,11312,11314,11314,5,5
2019-10-28 15:02:01.007,11312,11314,11314,3,3
2019-10-28 15:02:01.007,11312,11314,11314,2,2
2019-10-28 15:02:01.257,11314,11315,11315,6,6
2019-10-28 15:02:01.382,11314,11315,11315,2,2
2019-10-28 15:02:01.382,11314,11315,11315,3,3
2019-10-28 15:02:01.382,11314,11315,11315,1,1
2019-10-28 15:02:01.416,11314,11315,11314,2,-2
2019-10-28 15:02:01.524,11314,11315,11315,3,3
2019-10-28 15:02:01.525,11314,11315,11315,1,1
2019-10-28 15:02:01.548,11314,11315,11315,1,1
2019-10-28 15:02:01.559,11314,11315,11315,1,1
2019-10-28 15:02:01.560,11314,11315,11315,1,1
2019-10-28 15:02:01.595,11314,11315,11314,1,-1
2019-10-28 15:02:01.773,11315,11316,11315,2,2
2019-10-28 15:02:04.995,11314,11316,11316,1,1
2019-10-28 15:02:06.195,11315,11316,11315,1,-1
2019-10-28 15:02:06.775,11315,11316,11315,5,-5
2019-10-28 15:02:10.381,11314,11315,11314,2,-2
2019-10-28 15:02:11.194,11313,11315,11315,3,3
2019-10-28 15:02:11.655,11313,11315,11313,3,-3
2019-10-28 15:02:17.131,11314,11315,11314,1,1
2019-10-28 15:02:21.897,11313,11314,11313,1,-1
2019-10-28 15:02:21.898,11313,11314,11313,1,-1
2019-10-28 15:02:21.970,11313,11314,11313,1,-1
2019-10-28 15:02:22.007,11313,11314,11313,1,-1
2019-10-28 15:02:22.061,11313,11314,11313,1,-1
2019-10-28 15:02:22.132,11313,11314,11313,1,-1
2019-10-28 15:02:22.256,11313,11314,11313,1,-1
2019-10-28 15:02:22.256,11313,11314,11313,1,-1
2019-10-28 15:02:22.381,11313,11314,11313,1,-1
2019-10-28 15:02:22.439,11313,11314,11313,1,-1
2019-10-28 15:02:22.448,11313,11314,11314,1,1
2019-10-28 15:02:24.149,11313,11314,11314,1,1
2019-10-28 15:02:24.589,11313,11314,11313,5,-5
2019-10-28 15:02:31.083,11313,11314,11313,1,-1
2019-10-28 15:02:31.790,11313,11314,11314,3,3
2019-10-28 15:02:35.483,11313,11314,11313,1,-1
2019-10-28 15:02:35.688,11313,11314,11313,2,-2
2019-10-28 15:02:35.688,11313,11314,11312,1,-1
2019-10-28 15:02:44.645,11313,11314,11314,1,1
2019-10-28 15:02:46.264,11313,11314,11313,1,-1
2019-10-28 15:02:48.346,11312,11314,11314,3,3
2019-10-28 15:02:49.804,11313,11314,11313,1,-1
2019-10-28 15:03:15.092,11313,11314,11314,2,2
2019-10-28 15:03:24.820,11313,11314,11314,1,1
2019-10-28 15:03:25.675,11313,11314,11314,2,2
2019-10-28 15:03:25.757,11313,11314,11314,1,1
2019-10-28 15:03:25.923,11313,11314,11314,1,1
2019-10-28 15:03:29.123,11313,11314,11314,1,1
2019-10-28 15:03:36.441,11314,11315,11315,2,2
2019-10-28 15:03:40.635,11314,11315,11315,1,1
2019-10-28 15:03:46.840,11314,11315,11315,1,1
2019-10-28 15:03:53.035,11314,11315,11315,2,2
2019-10-28 15:03:54.196,11314,11315,11314,3,-3
2019-10-28 15:03:54.325,11314,11315,11314,1,-1
2019-10-28 15:04:07.182,11313,11314,11314,2,2
2019-10-28 15:04:11.473,11313,11314,11314,10,10
2019-10-28 15:04:11.507,11314,11315,11314,4,-4
2019-10-28 15:04:11.507,11314,11315,11314,1,-1
2019-10-28 15:04:23.408,11313,11314,11313,1,-1
2019-10-28 15:04:37.948,11313,11314,11314,2,2
2019-10-28 15:04:38.391,11313,11314,11314,1,1
2019-10-28 15:04:43.364,11313,11314,11314,1,1
2019-10-28 15:05:02.375,11313,11314,11314,1,1
2019-10-28 15:05:02.502,11313,11314,11313,1,-1
2019-10-28 15:05:04.083,11313,11314,11314,10,10
2019-10-28 15:05:08.674,11314,11315,11314,1,-1
2019-10-28 15:05:13.391,11313,11314,11313,2,-2
2019-10-28 15:05:13.581,11313,11314,11314,1,1
2019-10-28 15:05:13.624,11313,11314,11314,1,1
2019-10-28 15:05:13.668,11313,11315,11315,1,1
2019-10-28 15:05:16.671,11314,11315,11314,2,-2
2019-10-28 15:05:17.290,11313,11315,11315,1,1
2019-10-28 15:05:24.542,11314,11315,11314,1,-1
2019-10-28 15:05:24.542,11314,11315,11313,1,-1
2019-10-28 15:05:31.692,11313,11314,11314,2,2
2019-10-28 15:05:38.504,11313,11314,11313,2,-2
2019-10-28 15:05:38.834,11313,11314,11314,1,1
2019-10-28 15:05:46.867,11313,11314,11314,3,3
2019-10-28 15:06:00.029,11313,11314,11314,1,1
2019-10-28 15:06:00.049,11313,11314,11314,1,1
2019-10-28 15:06:00.060,11313,11314,11314,1,1
2019-10-28 15:06:09.165,11313,11314,11314,1,1
2019-10-28 15:06:11.203,11313,11314,11314,1,1
2019-10-28 15:06:13.447,11313,11314,11314,1,1
2019-10-28 15:06:14.562,11313,11314,11314,1,1
2019-10-28 15:06:16.754,11313,11314,11313,20,-20
2019-10-28 15:06:16.881,11313,11314,11313,8,-8
2019-10-28 15:06:16.881,11313,11314,11313,5,-5
2019-10-28 15:06:16.881,11313,11314,11313,2,-2
2019-10-28 15:06:16.882,11313,11314,11313,7,-7
2019-10-28 15:06:17.006,11313,11314,11313,1,-1
2019-10-28 15:06:31.722,11312,11313,11312,9,-9
2019-10-28 15:06:49.195,11311,11312,11312,1,1
2019-10-28 15:06:55.451,11311,11312,11311,1,-1
2019-10-28 15:07:41.848,11311,11312,11312,1,1
2019-10-28 15:07:48.420,11311,11312,11312,1,1
2019-10-28 15:07:54.649,11311,11312,11312,1,1
2019-10-28 15:08:23.193,11311,11312,11311,1,-1
2019-10-28 15:08:56.708,11311,11312,11311,1,-1
2019-10-28 15:08:57.591,11311,11312,11312,1,1
2019-10-28 15:08:58.975,11311,11312,11311,1,-1
2019-10-28 15:09:01.799,11311,11312,11311,5,-5
2019-10-28 15:09:03.465,11311,11312,11311,5,-5
2019-10-28 15:09:05.412,11311,11312,11311,1,-1
2019-10-28 15:09:10.263,11311,11312,11311,1,-1
2019-10-28 15:09:10.307,11311,11312,11311,1,-1
2019-10-28 15:09:16.529,11310,11311,11311,2,2
2019-10-28 15:09:30.365,11310,11311,11311,1,1
2019-10-28 15:09:51.268,11311,11312,11311,1,-1
2019-10-28 15:11:04.112,11311,11312,11312,2,2
2019-10-28 15:11:04.275,11311,11312,11312,2,2
2019-10-28 15:11:04.594,11311,11312,11312,1,1
2019-10-28 15:11:08.737,11311,11312,11312,1,1
2019-10-28 15:11:10.095,11311,11312,11312,3,3
2019-10-28 15:11:11.331,11311,11312,11312,1,1
2019-10-28 15:11:15.790,11311,11312,11312,1,1
2019-10-28 15:11:39.432,11311,11312,11311,3,-3
2019-10-28 15:12:28.044,11311,11312,11311,4,-4
2019-10-28 15:12:36.907,11311,11312,11311,1,-1
2019-10-28 15:12:45.593,11311,11312,11311,1,-1
2019-10-28 15:13:29.885,11311,11312,11312,1,1
2019-10-28 15:14:39.241,11311,11312,11311,1,-1
2019-10-28 15:15:00.744,11311,11312,11311,1,-1
2019-10-28 15:15:02.132,11311,11312,11312,1,1
2019-10-28 15:15:11.774,11311,11312,11312,2,2
2019-10-28 15:16:04.896,11311,11312,11312,2,2
2019-10-28 15:17:11.022,11311,11312,11311,1,-1
2019-10-28 15:17:17.186,11311,11312,11312,1,1
2019-10-28 15:17:17.353,11311,11312,11312,1,1
2019-10-28 15:18:29.466,11311,11312,11312,2,2
2019-10-28 15:18:36.053,11311,11312,11311,1,-1
2019-10-28 15:18:36.120,11311,11312,11312,2,2
2019-10-28 15:18:36.242,11311,11312,11311,1,-1
2019-10-28 15:18:41.688,11311,11312,11311,7,-7
2019-10-28 15:19:12.543,11311,11312,11311,1,-1
2019-10-28 15:19:46.228,11311,11312,11312,2,2
2019-10-28 15:19:46.631,11311,11312,11312,10,10
2019-10-28 15:19:46.756,11311,11312,11312,5,5
2019-10-28 15:19:46.756,11311,11312,11312,1,1
2019-10-28 15:19:47.257,11311,11312,11312,2,2
2019-10-28 15:19:51.946,11312,11313,11312,1,-1
2019-10-28 15:20:23.271,11312,11313,11313,1,1
2019-10-28 15:20:24.715,11312,11313,11313,1,1
2019-10-28 15:20:25.496,11312,11313,11313,1,1
2019-10-28 15:20:36.131,11312,11313,11313,2,2
2019-10-28 15:20:36.256,11312,11313,11313,5,5
2019-10-28 15:21:10.191,11313,11314,11313,1,-1
2019-10-28 15:22:21.127,11313,11314,11313,3,-3
2019-10-28 15:22:21.883,11313,11314,11314,1,1
2019-10-28 15:22:22.250,11313,11314,11314,3,3
2019-10-28 15:22:22.630,11313,11314,11314,1,1
2019-10-28 15:22:25.720,11313,11314,11314,1,1
2019-10-28 15:22:33.763,11313,11314,11314,4,4
2019-10-28 15:22:34.512,11313,11314,11314,2,2
2019-10-28 15:22:35.766,11313,11314,11314,2,2
2019-10-28 15:22:37.399,11313,11314,11314,1,1
2019-10-28 15:22:39.381,11313,11314,11314,2,2
2019-10-28 15:22:39.507,11313,11314,11314,1,1
2019-10-28 15:22:39.632,11313,11314,11314,1,1
2019-10-28 15:22:40.242,11314,11315,11314,2,-2
2019-10-28 15:22:44.976,11314,11315,11314,4,-4
2019-10-28 15:22:48.225,11314,11315,11315,1,1
2019-10-28 15:22:59.050,11314,11315,11314,5,-5
2019-10-28 15:23:00.093,11314,11315,11315,3,3
2019-10-28 15:23:02.182,11314,11315,11315,3,3
2019-10-28 15:23:10.366,11314,11315,11314,2,-2
2019-10-28 15:23:10.395,11314,11315,11314,2,-2
2019-10-28 15:23:10.412,11314,11315,11314,2,-2
2019-10-28 15:23:13.648,11314,11315,11315,5,5
2019-10-28 15:23:13.924,11314,11315,11315,2,2
2019-10-28 15:23:35.785,11314,11315,11315,1,1
2019-10-28 15:24:02.330,11314,11315,11315,1,1
2019-10-28 15:24:18.382,11314,11315,11315,1,1
2019-10-28 15:24:59.566,11314,11315,11315,1,1
2019-10-28 15:25:01.066,11314,11315,11314,2,-2
2019-10-28 15:25:04.810,11314,11315,11314,1,-1
2019-10-28 15:25:32.244,11314,11315,11315,1,1
2019-10-28 15:26:15.003,11314,11315,11315,1,1
2019-10-28 15:26:19.970,11314,11315,11315,1,1
2019-10-28 15:26:24.457,11314,11315,11315,1,1
2019-10-28 15:26:27.845,11314,11315,11315,1,1
2019-10-28 15:26:28.627,11314,11315,11315,1,1
2019-10-28 15:26:32.509,11314,11315,11315,1,1
2019-10-28 15:26:33.820,11314,11315,11315,5,5
2019-10-28 15:26:35.073,11314,11315,11315,1,1
2019-10-28 15:26:36.001,11314,11315,11315,5,5
2019-10-28 15:26:37.484,11314,11315,11315,1,1
2019-10-28 15:26:38.929,11314,11315,11315,3,3
2019-10-28 15:26:41.911,11315,11316,11316,1,1
2019-10-28 15:26:43.001,11315,11316,11316,5,5
2019-10-28 15:26:47.682,11315,11316,11316,1,1
2019-10-28 15:26:50.261,11315,11316,11316,2,2
2019-10-28 15:26:50.436,11315,11316,11316,2,2
2019-10-28 15:26:54.328,11315,11316,11316,1,1
2019-10-28 15:26:58.660,11315,11316,11316,2,2
2019-10-28 15:27:05.806,11315,11316,11315,1,-1
2019-10-28 15:27:06.662,11315,11316,11316,1,1
2019-10-28 15:27:33.720,11315,11316,11316,2,2
2019-10-28 15:27:44.017,11315,11316,11316,1,1
2019-10-28 15:27:47.447,11315,11316,11316,1,1
2019-10-28 15:27:56.665,11315,11316,11316,1,1
2019-10-28 15:28:08.987,11315,11316,11315,4,-4
2019-10-28 15:28:08.995,11315,11316,11315,4,-4
2019-10-28 15:28:11.330,11315,11316,11316,1,1
2019-10-28 15:28:12.079,11315,11316,11316,1,1
2019-10-28 15:29:04.246,11315,11316,11316,1,1
2019-10-28 15:29:08.396,11315,11316,11316,2,2
2019-10-28 15:29:26.701,11315,11316,11315,2,-2
2019-10-28 15:29:30.774,11315,11316,11316,5,5
2019-10-28 15:29:35.021,11315,11316,11316,1,1
2019-10-28 15:29:35.521,11315,11316,11316,1,1
2019-10-28 15:29:35.985,11315,11316,11316,1,1
2019-10-28 15:29:36.007,11315,11316,11316,1,1
2019-10-28 15:29:45.755,11315,11316,11316,1,1
2019-10-28 15:29:49.732,11315,11316,11316,1,1
2019-10-28 15:29:52.488,11315,11316,11316,1,1
2019-10-28 15:29:55.563,11315,11316,11316,1,1
2019-10-28 15:29:57.639,11315,11316,11316,1,1
2019-10-28 15:29:59.688,11315,11316,11316,1,1
2019-10-28 15:30:01.694,11315,11316,11316,1,1
2019-10-28 15:30:02.520,11315,11316,11316,5,5
2019-10-28 15:30:02.520,11315,11316,11316,5,5
2019-10-28 15:30:02.593,11315,11316,11316,2,2
2019-10-28 15:30:02.631,11315,11316,11316,4,4
2019-10-28 15:30:02.980,11316,11317,11317,1,1
2019-10-28 15:30:02.988,11316,11317,11317,3,3
2019-10-28 15:30:03.069,11316,11317,11316,1,-1
2019-10-28 15:30:03.140,11316,11317,11317,1,1
2019-10-28 15:30:03.167,11316,11317,11317,2,2
2019-10-28 15:30:03.360,11316,11317,11317,1,1
2019-10-28 15:30:03.590,11316,11317,11317,6,6
2019-10-28 15:30:03.594,11316,11317,11317,2,2
2019-10-28 15:30:03.601,11316,11317,11317,4,4
2019-10-28 15:30:03.660,11316,11317,11317,2,2
2019-10-28 15:30:03.716,11316,11317,11317,1,1
2019-10-28 15:30:03.716,11316,11317,11318,5,5
2019-10-28 15:30:03.720,11316,11317,11318,2,2
2019-10-28 15:30:03.774,11316,11318,11318,1,1
2019-10-28 15:30:03.865,11316,11318,11318,2,2
2019-10-28 15:30:03.899,11317,11318,11318,2,2
2019-10-28 15:30:03.900,11317,11318,11318,2,2
2019-10-28 15:30:03.935,11317,11318,11318,4,4
2019-10-28 15:30:04.067,11317,11318,11318,1,1
2019-10-28 15:30:04.211,11317,11318,11318,3,3
2019-10-28 15:30:04.217,11317,11318,11318,1,1
2019-10-28 15:30:04.815,11317,11318,11317,2,-2
2019-10-28 15:30:06.961,11317,11318,11317,1,-1
2019-10-28 15:30:07.012,11317,11318,11318,1,1
2019-10-28 15:30:08.813,11317,11318,11317,1,-1
2019-10-28 15:30:16.184,11317,11318,11317,5,-5
2019-10-28 15:30:20.492,11317,11318,11317,1,-1
2019-10-28 15:30:21.497,11317,11318,11317,1,-1
2019-10-28 15:30:25.750,11317,11318,11317,2,-2
2019-10-28 15:30:26.072,11316,11317,11316,1,-1
2019-10-28 15:30:26.087,11316,11317,11316,3,-3
2019-10-28 15:30:26.101,11316,11317,11316,2,-2
2019-10-28 15:30:26.118,11316,11317,11316,1,-1
2019-10-28 15:30:26.125,11316,11317,11316,1,-1
2019-10-28 15:30:38.783,11315,11316,11315,2,-2
2019-10-28 15:30:39.420,11315,11316,11316,5,5
2019-10-28 15:30:40.452,11315,11316,11316,1,1
2019-10-28 15:30:42.023,11315,11316,11315,2,-2
2019-10-28 15:30:43.802,11315,11316,11316,1,1
2019-10-28 15:30:43.930,11315,11316,11315,1,-1
2019-10-28 15:31:33.202,11315,11316,11315,1,-1
2019-10-28 15:32:02.290,11315,11316,11315,1,-1
2019-10-28 15:32:09.728,11315,11316,11315,1,-1
2019-10-28 15:32:15.895,11315,11316,11315,1,-1
2019-10-28 15:32:46.374,11315,11316,11315,1,-1
2019-10-28 15:33:04.873,11315,11316,11315,1,-1
2019-10-28 15:33:34.135,11315,11316,11315,1,-1
2019-10-28 15:33:43.952,11315,11316,11315,1,-1
2019-10-28 15:33:47.303,11315,11316,11315,1,-1
2019-10-28 15:34:00.569,11315,11316,11315,1,-1
2019-10-28 15:34:38.197,11315,11316,11316,2,2
2019-10-28 15:34:58.744,11315,11316,11316,9,9
2019-10-28 15:35:03.577,11315,11316,11316,1,1
2019-10-28 15:35:04.200,11315,11316,11316,1,1
2019-10-28 15:35:08.790,11315,11316,11316,1,1
2019-10-28 15:35:17.618,11315,11316,11315,1,-1
2019-10-28 15:35:19.716,11315,11316,11316,1,1
2019-10-28 15:35:39.023,11315,11316,11316,1,1
2019-10-28 15:35:43.059,11315,11316,11316,1,1
2019-10-28 15:35:46.768,11315,11316,11316,1,1
2019-10-28 15:35:49.630,11315,11316,11316,1,1
2019-10-28 15:36:17.936,11315,11316,11316,1,1
2019-10-28 15:36:29.390,11315,11316,11316,1,1
2019-10-28 15:37:19.813,11315,11316,11316,4,4
2019-10-28 15:37:35.218,11315,11316,11316,12,12
2019-10-28 15:37:35.256,11315,11316,11316,1,1
2019-10-28 15:37:46.687,11315,11316,11316,1,1
2019-10-28 15:38:01.379,11315,11316,11316,4,4
2019-10-28 15:38:03.203,11315,11316,11316,1,1
2019-10-28 15:38:19.076,11315,11316,11316,2,2
2019-10-28 15:38:20.614,11315,11316,11316,1,1
2019-10-28 15:38:20.631,11315,11316,11316,2,2
2019-10-28 15:38:43.187,11316,11317,11317,2,2
2019-10-28 15:38:57.067,11316,11317,11317,1,1
2019-10-28 15:38:57.552,11316,11317,11317,20,20
2019-10-28 15:38:58.767,11316,11317,11317,5,5
2019-10-28 15:39:03.114,11316,11317,11317,1,1
2019-10-28 15:39:05.351,11316,11317,11317,1,1
2019-10-28 15:39:11.613,11316,11317,11317,1,1
2019-10-28 15:39:14.367,11316,11317,11317,1,1
2019-10-28 15:39:25.901,11316,11317,11317,1,1
2019-10-28 15:39:32.129,11316,11317,11317,1,1
2019-10-28 15:39:44.150,11316,11317,11316,2,-2
2019-10-28 15:39:44.757,11316,11317,11317,1,1
2019-10-28 15:39:53.066,11316,11317,11317,10,10
2019-10-28 15:40:14.283,11316,11317,11317,1,1
2019-10-28 15:40:26.720,11316,11317,11317,2,2
2019-10-28 15:40:35.559,11316,11317,11317,1,1
2019-10-28 15:40:39.369,11316,11317,11317,2,2
2019-10-28 15:40:52.873,11316,11317,11317,5,5
2019-10-28 15:41:03.557,11316,11317,11317,4,4
2019-10-28 15:41:14.000,11317,11318,11317,1,-1
2019-10-28 15:41:32.043,11317,11318,11318,1,1
2019-10-28 15:41:36.977,11317,11318,11317,1,-1
2019-10-28 15:41:47.450,11317,11318,11317,1,-1
2019-10-28 15:41:55.892,11317,11318,11317,1,-1
2019-10-28 15:42:13.516,11317,11318,11317,13,-13
2019-10-28 15:42:25.002,11316,11317,11317,2,2
2019-10-28 15:43:01.849,11316,11317,11316,1,-1
2019-10-28 15:43:02.091,11316,11317,11317,4,4
2019-10-28 15:43:10.939,11317,11318,11317,1,-1
2019-10-28 15:43:21.081,11317,11318,11317,1,-1
2019-10-28 15:43:21.960,11317,11318,11317,1,-1
2019-10-28 15:43:23.700,11317,11318,11317,1,-1
2019-10-28 15:43:42.066,11317,11318,11317,4,-4
2019-10-28 15:43:50.580,11317,11318,11317,1,-1
2019-10-28 15:43:50.599,11317,11318,11317,6,-6
2019-10-28 15:44:31.484,11316,11317,11316,1,-1
2019-10-28 15:44:50.142,11316,11317,11316,1,-1
2019-10-28 15:44:53.463,11316,11317,11316,1,-1
2019-10-28 15:45:47.376,11316,11317,11316,15,-15
2019-10-28 15:45:47.381,11316,11317,11316,10,-10
2019-10-28 15:45:47.506,11316,11317,11316,3,-3
2019-10-28 15:45:47.506,11316,11317,11316,4,-4
2019-10-28 15:45:48.386,11315,11316,11316,2,2
2019-10-28 15:45:48.386,11315,11316,11317,3,3
2019-10-28 15:45:48.434,11315,11316,11317,2,2
2019-10-28 15:45:48.485,11315,11316,11317,2,2
2019-10-28 15:45:48.602,11315,11317,11317,2,2
2019-10-28 15:45:48.664,11315,11317,11317,1,1
2019-10-28 15:45:59.455,11315,11316,11316,1,1
2019-10-28 15:46:23.767,11315,11316,11316,4,4
2019-10-28 15:46:29.268,11315,11316,11316,5,5
2019-10-28 15:46:39.845,11315,11316,11316,1,1
2019-10-28 15:46:39.845,11315,11316,11316,1,1
2019-10-28 15:46:39.846,11315,11316,11316,1,1
2019-10-28 15:46:40.714,11316,11317,11316,1,-1
2019-10-28 15:47:04.404,11316,11317,11317,10,10
2019-10-28 15:47:18.574,11316,11317,11316,1,-1
2019-10-28 15:47:20.639,11316,11317,11316,1,-1
2019-10-28 15:47:21.413,11316,11317,11316,1,-1
2019-10-28 15:47:33.058,11316,11317,11317,1,1
2019-10-28 15:47:37.756,11317,11318,11317,1,-1
2019-10-28 15:47:40.672,11317,11318,11317,1,-1
2019-10-28 15:47:48.269,11317,11318,11317,1,-1
2019-10-28 15:47:50.955,11317,11318,11317,1,-1
2019-10-28 15:47:53.577,11317,11318,11317,1,-1
2019-10-28 15:47:57.155,11317,11318,11318,26,26
2019-10-28 15:47:57.155,11317,11318,11318,2,2
2019-10-28 15:48:02.912,11318,11319,11319,1,1
2019-10-28 15:48:03.185,11318,11319,11319,2,2
2019-10-28 15:48:03.229,11318,11319,11319,1,1
2019-10-28 15:48:03.257,11318,11319,11319,1,1
2019-10-28 15:48:03.638,11318,11319,11319,2,2
2019-10-28 15:48:03.742,11318,11319,11319,1,1
2019-10-28 15:48:03.821,11318,11319,11319,1,1
2019-10-28 15:48:04.391,11318,11319,11319,1,1
2019-10-28 15:48:04.428,11318,11319,11319,1,1
2019-10-28 15:48:07.472,11318,11319,11319,1,1
2019-10-28 15:48:10.688,11318,11319,11319,20,20
2019-10-28 15:48:10.881,11318,11319,11319,1,1
2019-10-28 15:48:10.907,11318,11319,11319,1,1
2019-10-28 15:48:10.932,11318,11319,11319,1,1
2019-10-28 15:48:11.750,11318,11319,11319,2,2
2019-10-28 15:48:11.866,11318,11319,11319,1,1
2019-10-28 15:48:12.383,11318,11319,11319,1,1
2019-10-28 15:48:13.703,11318,11319,11319,1,1
2019-10-28 15:48:14.214,11318,11320,11320,2,2
2019-10-28 15:48:14.287,11318,11320,11320,2,2
2019-10-28 15:48:14.351,11318,11320,11320,1,1
2019-10-28 15:48:14.977,11318,11320,11320,2,2
2019-10-28 15:48:15.406,11319,11320,11320,2,2
2019-10-28 15:48:17.957,11319,11320,11319,1,-1
2019-10-28 15:48:24.828,11319,11320,11319,1,-1
2019-10-28 15:48:26.245,11319,11320,11320,1,1
2019-10-28 15:48:26.809,11319,11320,11319,1,-1
2019-10-28 15:48:45.361,11318,11319,11319,1,1
2019-10-28 15:48:51.426,11318,11319,11319,1,1
2019-10-28 15:48:56.503,11318,11319,11319,1,1
2019-10-28 15:48:59.197,11318,11319,11319,1,1
2019-10-28 15:49:00.870,11318,11319,11319,3,3
2019-10-28 15:49:00.870,11318,11319,11319,4,4
2019-10-28 15:49:01.310,11319,11320,11320,3,3
2019-10-28 15:49:02.870,11319,11320,11320,1,1
2019-10-28 15:49:05.954,11319,11320,11319,1,-1
2019-10-28 15:49:14.078,11319,11320,11319,1,-1
2019-10-28 15:49:18.584,11319,11320,11320,2,2
2019-10-28 15:49:22.493,11319,11320,11320,1,1
2019-10-28 15:49:23.962,11319,11320,11320,10,10
2019-10-28 15:49:24.129,11319,11320,11320,1,1
2019-10-28 15:49:24.230,11319,11320,11320,3,3
2019-10-28 15:49:24.819,11319,11320,11320,1,1
2019-10-28 15:49:24.881,11319,11320,11320,5,5
2019-10-28 15:49:24.918,11319,11320,11320,2,2
2019-10-28 15:49:24.919,11319,11320,11320,1,1
2019-10-28 15:49:26.189,11320,11321,11320,2,-2
2019-10-28 15:49:26.993,11320,11321,11321,6,6
2019-10-28 15:49:27.073,11320,11321,11321,2,2
2019-10-28 15:49:27.131,11320,11321,11321,2,2
2019-10-28 15:49:27.134,11320,11321,11321,1,1
2019-10-28 15:49:27.153,11320,11321,11321,1,1
2019-10-28 15:49:27.386,11320,11321,11321,2,2
2019-10-28 15:49:27.608,11320,11321,11321,1,1
2019-10-28 15:49:27.696,11320,11321,11321,1,1
2019-10-28 15:49:27.726,11320,11321,11321,3,3
2019-10-28 15:49:27.730,11320,11321,11321,3,3
2019-10-28 15:49:28.083,11320,11321,11321,1,1
2019-10-28 15:49:28.084,11320,11321,11321,1,1
2019-10-28 15:49:28.111,11320,11321,11321,1,1
2019-10-28 15:49:28.124,11320,11321,11321,1,1
2019-10-28 15:49:28.140,11320,11321,11321,1,1
2019-10-28 15:49:31.783,11320,11321,11321,9,9
2019-10-28 15:49:31.783,11320,11321,11321,5,5
2019-10-28 15:49:31.784,11320,11321,11321,4,4
2019-10-28 15:49:31.784,11320,11321,11321,1,1
2019-10-28 15:49:31.825,11320,11321,11321,4,4
2019-10-28 15:49:31.881,11320,11321,11321,2,2
2019-10-28 15:49:31.881,11320,11321,11321,1,1
2019-10-28 15:49:32.393,11321,11322,11321,1,-1
2019-10-28 15:49:35.454,11320,11321,11321,5,5
2019-10-28 15:49:39.169,11320,11321,11321,1,1
2019-10-28 15:49:39.519,11321,11322,11321,1,-1
2019-10-28 15:49:41.097,11321,11322,11321,1,-1
2019-10-28 15:49:45.224,11321,11322,11321,1,-1
2019-10-28 15:49:48.100,11321,11322,11321,1,-1
2019-10-28 15:49:48.685,11321,11322,11321,3,-3
2019-10-28 15:49:54.076,11321,11322,11321,1,-1
2019-10-28 15:49:55.025,11321,11322,11321,6,-6
2019-10-28 15:50:03.092,11321,11322,11321,1,-1
2019-10-28 15:50:03.429,11321,11322,11322,1,1
2019-10-28 15:50:03.522,11321,11322,11322,1,1
2019-10-28 15:50:03.529,11321,11322,11322,2,2
2019-10-28 15:50:03.561,11321,11322,11322,2,2
2019-10-28 15:50:03.567,11321,11322,11322,1,1
2019-10-28 15:50:03.632,11321,11322,11322,1,1
2019-10-28 15:50:03.722,11321,11322,11322,1,1
2019-10-28 15:50:03.769,11321,11322,11322,2,2
2019-10-28 15:50:03.860,11321,11322,11322,1,1
2019-10-28 15:50:03.867,11321,11322,11322,1,1
2019-10-28 15:50:03.974,11321,11322,11322,1,1
2019-10-28 15:50:03.991,11321,11322,11322,1,1
2019-10-28 15:50:05.251,11321,11322,11322,1,1
2019-10-28 15:50:05.393,11321,11322,11322,1,1
2019-10-28 15:50:05.393,11321,11322,11322,1,1
2019-10-28 15:50:05.394,11321,11322,11322,1,1
2019-10-28 15:50:05.402,11321,11322,11322,1,1
2019-10-28 15:50:11.885,11321,11322,11321,5,-5
2019-10-28 15:50:11.885,11321,11322,11322,1,1
2019-10-28 15:50:11.890,11321,11322,11322,1,1
2019-10-28 15:50:12.010,11321,11322,11321,5,-5
2019-10-28 15:50:12.011,11321,11322,11322,2,2
2019-10-28 15:50:12.017,11321,11322,11322,2,2
2019-10-28 15:50:12.136,11321,11322,11322,1,1
2019-10-28 15:50:12.140,11321,11322,11322,2,2
2019-10-28 15:50:12.632,11321,11322,11321,3,-3
2019-10-28 15:50:12.967,11321,11322,11322,7,7
2019-10-28 15:50:14.680,11321,11322,11322,3,3
2019-10-28 15:50:16.279,11321,11322,11322,1,1
2019-10-28 15:50:16.758,11321,11322,11321,2,-2
2019-10-28 15:50:19.680,11321,11322,11322,1,1
2019-10-28 15:50:23.881,11321,11322,11321,6,-6
2019-10-28 15:50:24.841,11320,11321,11321,1,1
2019-10-28 15:50:30.176,11320,11321,11320,5,-5
2019-10-28 15:50:32.273,11320,11321,11320,1,-1
2019-10-28 15:50:46.440,11320,11321,11320,5,-5
2019-10-28 15:50:47.555,11320,11321,11321,1,1
2019-10-28 15:50:49.399,11320,11321,11320,3,-3
2019-10-28 15:50:54.392,11320,11321,11320,6,-6
2019-10-28 15:50:57.859,11320,11321,11320,1,-1
2019-10-28 15:50:58.186,11320,11321,11321,1,1
2019-10-28 15:51:02.526,11320,11321,11320,1,-1
2019-10-28 15:51:02.896,11320,11321,11321,2,2
2019-10-28 15:51:03.023,11320,11321,11321,2,2
2019-10-28 15:51:04.162,11320,11321,11321,1,1
2019-10-28 15:51:07.996,11320,11321,11321,1,1
2019-10-28 15:51:10.399,11320,11321,11321,1,1
2019-10-28 15:51:12.661,11320,11321,11321,2,2
2019-10-28 15:51:14.296,11320,11321,11321,1,1
2019-10-28 15:51:14.459,11320,11322,11322,1,1
2019-10-28 15:51:14.730,11320,11322,11320,1,-1
2019-10-28 15:51:31.694,11320,11321,11321,1,1
2019-10-28 15:51:34.234,11320,11321,11321,3,3
2019-10-28 15:51:40.432,11321,11322,11321,2,-2
2019-10-28 15:51:41.423,11321,11322,11321,6,-6
2019-10-28 15:51:48.780,11321,11322,11321,1,-1
2019-10-28 15:51:50.426,11321,11322,11321,1,-1
2019-10-28 15:51:54.162,11321,11322,11321,1,-1
2019-10-28 15:51:56.230,11321,11322,11321,1,-1
2019-10-28 15:51:57.404,11321,11322,11321,1,-1
2019-10-28 15:52:02.789,11320,11321,11321,1,1
2019-10-28 15:52:03.625,11320,11321,11321,1,1
2019-10-28 15:52:03.689,11320,11321,11321,2,2
2019-10-28 15:52:04.310,11320,11321,11321,1,1
2019-10-28 15:52:07.160,11320,11321,11321,5,5
2019-10-28 15:52:10.086,11320,11321,11321,1,1
2019-10-28 15:52:11.251,11320,11321,11321,1,1
2019-10-28 15:52:14.721,11320,11321,11321,1,1
2019-10-28 15:52:21.490,11320,11321,11321,1,1
2019-10-28 15:52:21.919,11320,11321,11321,1,1
2019-10-28 15:52:43.646,11320,11321,11321,1,1
2019-10-28 15:52:51.758,11320,11321,11321,1,1
2019-10-28 15:52:54.736,11320,11321,11321,5,5
2019-10-28 15:53:02.257,11320,11321,11320,4,-4
2019-10-28 15:53:02.381,11320,11321,11320,16,-16
2019-10-28 15:53:11.827,11319,11320,11320,1,1
2019-10-28 15:53:18.862,11319,11320,11320,10,10
2019-10-28 15:53:20.315,11319,11320,11320,2,2
2019-10-28 15:53:20.315,11319,11320,11321,8,8
2019-10-28 15:53:42.357,11319,11320,11320,5,5
2019-10-28 15:53:51.401,11319,11320,11320,1,1
2019-10-28 15:54:13.836,11320,11321,11320,2,-2
2019-10-28 15:54:20.995,11320,11321,11320,1,-1
2019-10-28 15:54:42.308,11320,11321,11321,3,3
2019-10-28 15:54:42.601,11320,11321,11320,1,-1
2019-10-28 15:54:47.173,11320,11321,11320,2,-2
2019-10-28 15:55:01.363,11320,11321,11320,1,-1
2019-10-28 15:55:16.154,11320,11321,11320,1,-1
2019-10-28 15:55:24.501,11320,11321,11320,5,-5
2019-10-28 15:55:29.092,11320,11321,11320,1,-1
2019-10-28 15:55:30.426,11320,11321,11320,1,-1
2019-10-28 15:55:37.464,11320,11321,11320,2,-2
2019-10-28 15:55:39.642,11320,11321,11320,1,-1
2019-10-28 15:55:40.010,11320,11321,11320,1,-1
2019-10-28 15:55:41.067,11320,11321,11320,3,-3
2019-10-28 15:56:24.366,11319,11320,11320,4,4
2019-10-28 15:56:37.967,11319,11320,11319,5,-5
2019-10-28 15:56:48.071,11319,11320,11320,1,1
2019-10-28 15:57:07.572,11319,11320,11319,2,-2
2019-10-28 15:57:10.227,11319,11320,11319,1,-1
2019-10-28 15:57:10.664,11319,11320,11319,6,-6
2019-10-28 15:57:14.641,11319,11320,11319,1,-1
2019-10-28 15:57:21.034,11319,11320,11319,1,-1
2019-10-28 15:57:47.738,11319,11320,11319,1,-1
2019-10-28 15:58:20.917,11319,11320,11319,2,-2
2019-10-28 15:58:24.459,11319,11320,11319,5,-5
2019-10-28 15:58:24.506,11319,11320,11319,2,-2
2019-10-28 15:58:27.448,11318,11319,11319,1,1
2019-10-28 15:58:41.320,11318,11319,11318,1,-1
2019-10-28 15:58:43.622,11318,11319,11318,1,-1
2019-10-28 15:58:43.733,11318,11319,11318,1,-1
2019-10-28 15:58:46.108,11318,11319,11318,1,-1
2019-10-28 15:58:52.280,11318,11319,11318,1,-1
2019-10-28 15:58:53.818,11318,11319,11318,1,-1
2019-10-28 15:59:10.054,11318,11319,11318,1,-1
2019-10-28 15:59:10.849,11318,11319,11318,1,-1
2019-10-28 15:59:14.883,11318,11319,11319,1,1
2019-10-28 15:59:30.114,11318,11319,11319,1,1
2019-10-28 15:59:55.126,11318,11319,11319,3,3
2019-10-28 16:00:00.872,11318,11319,11318,4,-4
2019-10-28 16:00:00.872,11318,11319,11318,6,-6
2019-10-28 16:00:05.835,11317,11318,11318,1,1
2019-10-28 16:00:09.066,11317,11319,11318,1,-1
2019-10-28 16:00:14.208,11318,11319,11318,1,-1
2019-10-28 16:00:14.208,11318,11319,11318,2,-2
2019-10-28 16:00:32.342,11317,11318,11317,4,-4
2019-10-28 16:00:44.562,11317,11318,11317,1,-1
2019-10-28 16:00:58.627,11317,11318,11317,1,-1
2019-10-28 16:01:02.555,11317,11318,11317,1,-1
2019-10-28 16:01:02.557,11317,11318,11317,4,-4
2019-10-28 16:01:02.557,11317,11318,11317,2,-2
2019-10-28 16:01:02.557,11317,11318,11317,4,-4
2019-10-28 16:01:02.557,11317,11318,11317,1,-1
2019-10-28 16:01:02.557,11317,11318,11317,4,-4
2019-10-28 16:01:02.557,11317,11318,11317,1,-1
2019-10-28 16:01:02.557,11317,11318,11317,1,-1
2019-10-28 16:01:02.557,11317,11318,11317,2,-2
2019-10-28 16:01:03.213,11316,11317,11317,2,2
2019-10-28 16:01:03.256,11317,11318,11317,1,-1
2019-10-28 16:01:04.660,11316,11317,11317,1,1
2019-10-28 16:01:13.891,11316,11317,11316,1,-1
2019-10-28 16:01:15.351,11316,11317,11317,1,1
2019-10-28 16:01:22.424,11316,11317,11316,30,-30
2019-10-28 16:01:22.424,11316,11317,11316,3,-3
2019-10-28 16:01:22.424,11316,11317,11316,1,-1
2019-10-28 16:01:23.040,11316,11317,11317,1,1
2019-10-28 16:01:24.620,11316,11317,11316,1,-1
2019-10-28 16:01:33.165,11316,11317,11316,1,-1
2019-10-28 16:01:41.786,11316,11317,11316,20,-20
2019-10-28 16:01:44.887,11315,11316,11316,5,5
2019-10-28 16:01:45.181,11316,11317,11316,6,-6
2019-10-28 16:01:45.504,11316,11317,11316,1,-1
2019-10-28 16:01:47.358,11316,11317,11316,1,-1
2019-10-28 16:01:48.781,11316,11317,11316,1,-1
2019-10-28 16:02:11.138,11316,11317,11316,5,-5
2019-10-28 16:02:11.450,11316,11317,11316,2,-2
2019-10-28 16:02:11.474,11316,11317,11316,4,-4
2019-10-28 16:02:11.494,11316,11317,11316,2,-2
2019-10-28 16:02:11.810,11316,11317,11316,1,-1
2019-10-28 16:02:11.819,11316,11317,11316,1,-1
2019-10-28 16:02:11.835,11316,11317,11315,1,-1
2019-10-28 16:02:12.091,11315,11317,11315,1,-1
2019-10-28 16:02:12.466,11315,11317,11315,1,-1
2019-10-28 16:02:12.826,11316,11317,11316,1,1
2019-10-28 16:02:13.273,11316,11317,11316,1,-1
2019-10-28 16:02:13.477,11316,11317,11316,1,-1
2019-10-28 16:02:13.687,11316,11317,11316,1,-1
2019-10-28 16:02:13.779,11316,11317,11317,6,6
2019-10-28 16:02:13.779,11316,11317,11317,8,8
2019-10-28 16:02:13.779,11316,11317,11317,2,2
2019-10-28 16:02:13.780,11316,11317,11317,1,1
2019-10-28 16:02:18.906,11317,11318,11317,1,-1
2019-10-28 16:02:21.559,11317,11318,11317,1,-1
2019-10-28 16:02:32.892,11317,11318,11318,1,1
2019-10-28 16:02:33.794,11317,11318,11318,7,7
2019-10-28 16:02:33.794,11317,11318,11318,2,2
2019-10-28 16:02:33.881,11317,11318,11318,9,9
2019-10-28 16:02:34.084,11317,11319,11319,3,3
2019-10-28 16:02:34.220,11318,11319,11319,3,3
2019-10-28 16:02:38.023,11318,11319,11319,2,2
2019-10-28 16:02:39.309,11318,11319,11319,3,3
2019-10-28 16:02:39.999,11318,11319,11319,2,2
2019-10-28 16:02:40.421,11318,11319,11319,2,2
2019-10-28 16:02:43.302,11318,11319,11319,2,2
2019-10-28 16:02:43.962,11318,11319,11319,10,10
2019-10-28 16:02:44.048,11318,11319,11318,1,-1
2019-10-28 16:02:45.674,11318,11319,11318,1,-1
2019-10-28 16:02:53.881,11318,11319,11319,5,5
2019-10-28 16:02:53.881,11318,11319,11319,1,1
2019-10-28 16:02:58.248,11319,11320,11319,2,-2
2019-10-28 16:03:03.250,11319,11320,11319,1,-1
2019-10-28 16:03:07.881,11318,11319,11319,1,1
2019-10-28 16:03:12.245,11319,11320,11320,1,1
2019-10-28 16:03:12.287,11319,11320,11319,5,-5
2019-10-28 16:03:12.290,11319,11320,11319,5,-5
2019-10-28 16:03:14.393,11319,11320,11320,3,3
2019-10-28 16:03:14.393,11319,11320,11320,10,10
2019-10-28 16:03:14.393,11319,11320,11320,3,3
2019-10-28 16:03:14.394,11319,11320,11320,2,2
2019-10-28 16:03:14.394,11319,11320,11320,11,11
2019-10-28 16:03:14.420,11319,11320,11320,1,1
2019-10-28 16:03:14.445,11319,11320,11320,1,1
2019-10-28 16:03:14.470,11319,11320,11320,1,1
2019-10-28 16:03:14.496,11319,11320,11320,1,1
2019-10-28 16:03:17.699,11320,11321,11321,1,1
2019-10-28 16:03:17.705,11320,11321,11321,5,5
2019-10-28 16:03:17.751,11320,11321,11321,3,3
2019-10-28 16:03:17.756,11320,11321,11321,2,2
2019-10-28 16:03:17.756,11320,11321,11321,1,1
2019-10-28 16:03:17.757,11320,11321,11321,2,2
2019-10-28 16:03:17.757,11320,11321,11321,5,5
2019-10-28 16:03:18.633,11321,11322,11322,2,2
2019-10-28 16:03:18.647,11321,11322,11322,1,1
2019-10-28 16:03:18.647,11321,11322,11322,1,1
2019-10-28 16:03:18.648,11321,11322,11322,1,1
2019-10-28 16:03:18.648,11321,11322,11322,1,1
2019-10-28 16:03:18.648,11321,11322,11322,1,1
2019-10-28 16:03:18.674,11321,11322,11322,1,1
2019-10-28 16:03:18.674,11321,11322,11322,1,1
2019-10-28 16:03:18.675,11321,11322,11322,11,11
2019-10-28 16:03:19.547,11322,11323,11323,2,2
2019-10-28 16:03:19.733,11322,11323,11323,1,1
2019-10-28 16:03:19.748,11322,11323,11323,2,2
2019-10-28 16:03:19.774,11322,11323,11323,1,1
2019-10-28 16:03:19.893,11322,11323,11323,2,2
2019-10-28 16:03:20.133,11322,11323,11323,2,2
2019-10-28 16:03:20.443,11322,11323,11323,2,2
2019-10-28 16:03:20.707,11322,11323,11323,1,1
2019-10-28 16:03:21.029,11322,11323,11323,1,1
2019-10-28 16:03:23.756,11322,11323,11323,1,1
2019-10-28 16:03:23.936,11322,11323,11323,1,1
2019-10-28 16:03:24.077,11322,11323,11323,1,1
2019-10-28 16:03:31.102,11322,11323,11323,5,5
2019-10-28 16:03:31.866,11322,11323,11323,1,1
2019-10-28 16:03:32.126,11322,11323,11322,6,-6
2019-10-28 16:03:38.423,11321,11322,11322,1,1
2019-10-28 16:03:40.483,11321,11322,11321,1,-1
2019-10-28 16:03:40.690,11321,11322,11322,1,1
2019-10-28 16:03:48.361,11321,11322,11321,1,-1
2019-10-28 16:03:58.006,11320,11321,11320,2,-2
2019-10-28 16:03:58.552,11320,11321,11320,1,-1
2019-10-28 16:04:09.381,11319,11320,11319,1,-1
2019-10-28 16:04:32.122,11319,11320,11320,2,2
2019-10-28 16:04:34.870,11319,11320,11320,1,1
2019-10-28 16:04:37.509,11319,11320,11319,1,-1
2019-10-28 16:04:38.352,11319,11320,11319,1,-1
2019-10-28 16:04:38.353,11319,11320,11319,1,-1
2019-10-28 16:04:42.118,11319,11320,11319,3,-3
2019-10-28 16:04:42.484,11318,11319,11319,1,1
2019-10-28 16:04:42.942,11318,11319,11319,1,1
2019-10-28 16:04:58.094,11319,11320,11319,1,-1
2019-10-28 16:05:01.701,11319,11320,11319,20,-20
2019-10-28 16:05:01.756,11319,11320,11319,5,-5
2019-10-28 16:05:02.693,11318,11319,11319,1,1
2019-10-28 16:05:03.710,11318,11319,11318,1,-1
2019-10-28 16:05:23.133,11318,11319,11318,1,-1
2019-10-28 16:05:24.795,11318,11319,11318,1,-1
2019-10-28 16:05:25.589,11318,11319,11318,1,-1
2019-10-28 16:05:35.116,11318,11319,11319,1,1
2019-10-28 16:05:43.473,11319,11320,11319,1,-1
2019-10-28 16:05:48.122,11319,11320,11319,1,-1
2019-10-28 16:05:55.598,11318,11319,11319,2,2
2019-10-28 16:05:56.146,11318,11319,11319,1,1
2019-10-28 16:05:59.409,11319,11320,11319,1,-1
2019-10-28 16:06:01.623,11318,11320,11318,1,-1
2019-10-28 16:06:05.411,11319,11320,11320,3,3
2019-10-28 16:06:05.411,11319,11320,11320,2,2
2019-10-28 16:06:05.450,11319,11320,11320,6,6
2019-10-28 16:06:05.506,11319,11320,11320,9,9
2019-10-28 16:06:05.506,11319,11320,11320,9,9
2019-10-28 16:06:27.653,11320,11321,11320,1,-1
2019-10-28 16:06:33.598,11320,11321,11320,6,-6
2019-10-28 16:06:36.361,11319,11320,11320,1,1
2019-10-28 16:06:54.445,11319,11320,11320,2,2
2019-10-28 16:07:14.260,11319,11320,11319,2,-2
2019-10-28 16:07:21.956,11318,11319,11319,14,14
2019-10-28 16:07:22.007,11319,11320,11319,3,-3
2019-10-28 16:07:32.030,11319,11320,11319,1,-1
2019-10-28 16:07:39.273,11319,11320,11320,1,1
2019-10-28 16:07:47.938,11320,11321,11320,1,-1
2019-10-28 16:07:53.887,11320,11321,11320,1,-1
2019-10-28 16:08:56.140,11320,11321,11320,35,-35
2019-10-28 16:08:56.140,11320,11321,11320,1,-1
2019-10-28 16:09:12.208,11320,11321,11320,1,-1
2019-10-28 16:09:39.528,11319,11320,11319,1,-1
2019-10-28 16:09:48.954,11319,11320,11319,14,-14
2019-10-28 16:10:03.496,11319,11320,11320,3,3
2019-10-28 16:10:03.506,11319,11320,11320,7,7
2019-10-28 16:10:22.524,11318,11319,11319,1,1
2019-10-28 16:10:30.729,11319,11320,11320,4,4
2019-10-28 16:10:30.729,11319,11320,11320,5,5
2019-10-28 16:10:35.332,11320,11321,11320,2,-2
2019-10-28 16:10:51.318,11319,11320,11319,1,-1
2019-10-28 16:10:54.350,11319,11320,11319,1,-1
2019-10-28 16:11:28.438,11319,11320,11319,3,-3
2019-10-28 16:11:39.760,11318,11319,11319,3,3
2019-10-28 16:12:20.756,11319,11320,11319,3,-3
2019-10-28 16:12:34.325,11319,11320,11319,1,-1
2019-10-28 16:12:57.759,11318,11320,11320,4,4
2019-10-28 16:13:31.033,11319,11320,11320,4,4
2019-10-28 16:13:36.358,11319,11320,11320,1,1
2019-10-28 16:13:45.558,11319,11320,11320,3,3
2019-10-28 16:13:52.015,11320,11321,11321,4,4
2019-10-28 16:13:52.015,11320,11321,11321,2,2
2019-10-28 16:14:00.199,11320,11321,11320,1,-1
2019-10-28 16:14:01.170,11320,11321,11320,3,-3
2019-10-28 16:14:01.242,11320,11321,11321,1,1
2019-10-28 16:14:01.465,11320,11321,11321,23,23
2019-10-28 16:14:01.507,11320,11322,11322,1,1
2019-10-28 16:14:07.693,11321,11322,11322,1,1
2019-10-28 16:14:08.343,11321,11322,11322,18,18
2019-10-28 16:14:08.371,11321,11322,11322,1,1
2019-10-28 16:14:08.564,11322,11323,11322,1,-1
2019-10-28 16:14:10.296,11322,11323,11323,2,2
2019-10-28 16:14:10.381,11322,11323,11323,6,6
2019-10-28 16:14:10.549,11322,11323,11323,5,5
2019-10-28 16:14:10.631,11322,11323,11323,3,3
2019-10-28 16:14:10.757,11322,11323,11323,9,9
2019-10-28 16:14:10.770,11322,11323,11324,1,1
2019-10-28 16:14:10.863,11322,11323,11323,1,1
2019-10-28 16:14:10.901,11322,11324,11324,1,1
2019-10-28 16:14:11.175,11323,11324,11324,1,1
2019-10-28 16:14:11.204,11323,11324,11324,1,1
2019-10-28 16:14:11.205,11323,11324,11324,1,1
2019-10-28 16:14:11.619,11323,11324,11324,1,1
2019-10-28 16:14:11.621,11323,11324,11324,1,1
2019-10-28 16:14:11.712,11323,11324,11324,1,1
2019-10-28 16:14:12.454,11323,11324,11324,5,5
2019-10-28 16:14:12.796,11323,11324,11324,4,4
2019-10-28 16:14:13.036,11323,11324,11324,2,2
2019-10-28 16:14:13.714,11323,11324,11324,1,1
2019-10-28 16:14:15.483,11323,11324,11324,1,1
2019-10-28 16:14:16.358,11323,11324,11324,1,1
2019-10-28 16:14:18.924,11323,11324,11324,1,1
2019-10-28 16:14:19.431,11323,11324,11324,1,1
2019-10-28 16:14:22.941,11323,11324,11323,1,-1
2019-10-28 16:14:28.980,11323,11324,11324,2,2
2019-10-28 16:14:31.166,11323,11324,11324,1,1
2019-10-28 16:14:33.188,11323,11324,11323,3,-3
2019-10-28 16:14:39.884,11322,11323,11323,1,1
2019-10-28 16:14:51.485,11322,11323,11323,1,1
2019-10-28 16:14:57.898,11322,11323,11322,1,-1
2019-10-28 16:14:58.121,11322,11323,11323,3,3
2019-10-28 16:15:04.314,11322,11323,11323,20,20
2019-10-28 16:15:04.559,11322,11323,11322,1,-1
2019-10-28 16:15:13.234,11322,11323,11322,5,-5
2019-10-28 16:15:14.483,11322,11323,11322,6,-6
2019-10-28 16:15:16.414,11322,11323,11323,1,1
2019-10-28 16:15:16.732,11322,11323,11322,1,-1
2019-10-28 16:15:16.732,11322,11323,11321,4,-4
2019-10-28 16:15:22.051,11321,11322,11322,2,2
2019-10-28 16:15:23.875,11321,11322,11321,2,-2
2019-10-28 16:15:27.960,11321,11322,11322,14,14
2019-10-28 16:15:36.455,11321,11322,11322,2,2
2019-10-28 16:15:56.014,11321,11322,11322,1,1
2019-10-28 16:15:56.856,11321,11322,11322,8,8
2019-10-28 16:16:02.220,11322,11323,11322,1,-1
2019-10-28 16:16:04.602,11322,11323,11323,24,24
2019-10-28 16:16:04.716,11323,11324,11323,1,-1
2019-10-28 16:16:04.716,11323,11324,11323,1,-1
2019-10-28 16:16:04.718,11323,11324,11323,2,-2
2019-10-28 16:16:04.730,11323,11324,11323,4,-4
2019-10-28 16:16:04.730,11323,11324,11323,2,-2
2019-10-28 16:16:04.752,11323,11324,11323,1,-1
2019-10-28 16:16:04.752,11323,11324,11323,2,-2
2019-10-28 16:16:04.753,11323,11324,11323,4,-4
2019-10-28 16:16:11.609,11322,11323,11322,18,-18
2019-10-28 16:16:11.632,11322,11323,11322,3,-3
2019-10-28 16:16:18.589,11321,11322,11322,6,6
2019-10-28 16:16:18.604,11321,11322,11322,1,1
2019-10-28 16:16:22.866,11321,11322,11322,1,1
2019-10-28 16:16:28.264,11321,11322,11321,1,-1
2019-10-28 16:16:28.412,11321,11322,11321,1,-1
2019-10-28 16:16:30.801,11320,11321,11320,1,-1
2019-10-28 16:16:31.966,11320,11321,11320,1,-1
2019-10-28 16:16:32.514,11320,11321,11321,2,2
2019-10-28 16:16:55.148,11321,11322,11321,1,-1
2019-10-28 16:16:57.093,11321,11322,11321,5,-5
2019-10-28 16:17:06.624,11321,11322,11322,1,1
2019-10-28 16:17:11.745,11321,11322,11321,1,-1
2019-10-28 16:17:15.714,11320,11321,11321,1,1
2019-10-28 16:17:29.793,11321,11322,11321,1,-1
2019-10-28 16:17:47.381,11321,11322,11322,6,6
2019-10-28 16:17:47.506,11321,11322,11322,1,1
2019-10-28 16:17:53.333,11321,11322,11322,1,1
2019-10-28 16:18:07.423,11321,11322,11322,1,1
2019-10-28 16:18:19.971,11321,11322,11322,1,1
2019-10-28 16:18:40.884,11321,11322,11321,3,-3
2019-10-28 16:18:41.006,11321,11322,11321,1,-1
2019-10-28 16:18:41.885,11320,11321,11321,1,1
2019-10-28 16:18:45.844,11320,11321,11321,1,1
2019-10-28 16:19:02.828,11320,11321,11321,1,1
2019-10-28 16:19:17.533,11321,11322,11321,1,-1
2019-10-28 16:19:17.774,11321,11322,11321,1,-1
2019-10-28 16:19:18.870,11320,11321,11321,1,1
2019-10-28 16:19:19.207,11320,11321,11321,1,1
2019-10-28 16:19:44.320,11320,11321,11321,1,1
2019-10-28 16:19:55.429,11321,11322,11321,1,-1
2019-10-28 16:20:00.691,11321,11322,11321,1,-1
2019-10-28 16:20:06.567,11321,11322,11321,1,-1
2019-10-28 16:20:07.051,11321,11322,11322,12,12
2019-10-28 16:20:07.052,11321,11322,11322,6,6
2019-10-28 16:21:00.835,11321,11322,11321,12,-12
2019-10-28 16:21:01.289,11320,11321,11321,1,1
2019-10-28 16:21:01.297,11320,11321,11321,3,3
2019-10-28 16:21:01.329,11320,11321,11321,3,3
2019-10-28 16:21:01.371,11320,11321,11321,3,3
2019-10-28 16:21:01.398,11320,11321,11321,3,3
2019-10-28 16:21:26.934,11321,11322,11321,1,-1
2019-10-28 16:21:57.653,11320,11321,11321,3,3
2019-10-28 16:21:57.653,11320,11321,11321,1,1
2019-10-28 16:22:11.805,11321,11322,11321,1,-1
2019-10-28 16:23:24.240,11320,11321,11321,1,1
2019-10-28 16:23:50.363,11320,11321,11320,3,-3
2019-10-28 16:23:54.083,11320,11321,11320,1,-1
2019-10-28 16:23:55.007,11320,11321,11321,1,1
2019-10-28 16:24:05.131,11320,11321,11320,4,-4
2019-10-28 16:24:05.256,11320,11321,11320,10,-10
2019-10-28 16:24:05.256,11320,11321,11320,1,-1
2019-10-28 16:24:05.381,11320,11321,11320,1,-1
2019-10-28 16:24:11.238,11320,11321,11320,1,-1
2019-10-28 16:24:12.566,11320,11321,11320,16,-16
2019-10-28 16:24:15.088,11319,11320,11319,1,-1
2019-10-28 16:24:31.647,11319,11320,11320,3,3
2019-10-28 16:24:41.194,11319,11320,11320,1,1
2019-10-28 16:25:24.339,11319,11320,11319,2,-2
2019-10-28 16:25:31.955,11319,11320,11319,8,-8
2019-10-28 16:25:37.622,11319,11320,11319,15,-15
2019-10-28 16:25:37.644,11318,11319,11319,4,4
2019-10-28 16:25:37.819,11318,11319,11318,2,-2
2019-10-28 16:25:37.843,11318,11319,11318,1,-1
2019-10-28 16:25:37.858,11318,11319,11318,4,-4
2019-10-28 16:25:37.871,11318,11319,11318,4,-4
2019-10-28 16:25:37.899,11318,11319,11318,4,-4
2019-10-28 16:25:45.244,11318,11319,11318,1,-1
2019-10-28 16:25:49.639,11318,11319,11318,1,-1
2019-10-28 16:25:50.549,11318,11319,11319,8,8
2019-10-28 16:25:50.632,11318,11320,11319,1,-1
2019-10-28 16:25:57.313,11319,11320,11319,4,-4
2019-10-28 16:26:01.631,11318,11319,11319,1,1
2019-10-28 16:26:04.893,11318,11319,11319,3,3
2019-10-28 16:26:14.177,11319,11320,11319,1,-1
2019-10-28 16:26:14.848,11319,11320,11319,1,-1
2019-10-28 16:26:19.210,11319,11320,11319,1,-1
2019-10-28 16:26:27.904,11318,11319,11318,1,-1
2019-10-28 16:26:29.430,11318,11319,11318,1,-1
2019-10-28 16:26:31.848,11318,11319,11319,3,3
2019-10-28 16:26:42.821,11318,11319,11319,1,1
2019-10-28 16:26:45.120,11318,11319,11318,1,-1
2019-10-28 16:26:53.708,11318,11319,11318,2,-2
2019-10-28 16:27:12.085,11318,11319,11319,1,1
2019-10-28 16:27:14.244,11318,11319,11318,2,-2
2019-10-28 16:27:16.006,11318,11319,11318,1,-1
2019-10-28 16:27:35.668,11318,11319,11319,3,3
2019-10-28 16:27:44.535,11318,11319,11319,7,7
2019-10-28 16:27:44.631,11318,11319,11319,2,2
2019-10-28 16:27:54.604,11319,11320,11319,1,-1
2019-10-28 16:27:58.486,11319,11320,11320,3,3
2019-10-28 16:27:58.957,11319,11320,11319,1,-1
2019-10-28 16:28:25.531,11319,11320,11320,5,5
2019-10-28 16:28:26.811,11319,11320,11320,2,2
2019-10-28 16:28:26.891,11319,11320,11319,1,-1
2019-10-28 16:28:27.099,11319,11320,11319,1,-1
2019-10-28 16:28:28.493,11319,11320,11319,1,-1
2019-10-28 16:28:36.558,11319,11320,11320,5,5
2019-10-28 16:28:47.708,11319,11320,11320,3,3
2019-10-28 16:28:57.795,11320,11321,11320,1,-1
2019-10-28 16:29:05.510,11320,11321,11320,1,-1
2019-10-28 16:29:21.418,11320,11321,11321,1,1
2019-10-28 16:30:07.341,11320,11321,11320,5,-5
2019-10-28 16:30:07.341,11320,11321,11320,1,-1
2019-10-28 16:30:20.648,11319,11320,11320,4,4
2019-10-28 16:30:33.229,11320,11321,11320,4,-4
2019-10-28 16:30:36.006,11319,11320,11320,1,1
2019-10-28 16:30:44.967,11319,11321,11319,1,-1
2019-10-28 16:30:45.389,11319,11320,11319,1,-1
2019-10-28 16:30:46.491,11319,11320,11319,1,-1
2019-10-28 16:31:09.527,11319,11320,11320,2,2
2019-10-28 16:31:20.764,11320,11321,11321,1,1
2019-10-28 16:31:21.861,11320,11321,11321,2,2
2019-10-28 16:31:25.841,11320,11321,11320,13,-13
2019-10-28 16:31:29.480,11320,11321,11321,1,1
2019-10-28 16:31:31.998,11320,11321,11321,1,1
2019-10-28 16:31:36.880,11320,11321,11321,1,1
2019-10-28 16:31:39.740,11320,11321,11321,1,1
2019-10-28 16:31:45.303,11320,11321,11321,1,1
2019-10-28 16:31:48.421,11320,11321,11321,1,1
2019-10-28 16:31:50.969,11320,11321,11321,1,1
2019-10-28 16:31:52.047,11320,11321,11321,4,4
2019-10-28 16:31:55.117,11321,11322,11321,2,-2
2019-10-28 16:32:26.876,11320,11321,11321,1,1
2019-10-28 16:33:00.146,11320,11321,11321,1,1
2019-10-28 16:33:00.146,11320,11321,11321,1,1
2019-10-28 16:33:00.256,11320,11321,11321,1,1
2019-10-28 16:33:00.292,11320,11321,11321,1,1
2019-10-28 16:33:00.294,11320,11321,11321,1,1
2019-10-28 16:33:00.381,11320,11321,11321,1,1
2019-10-28 16:33:00.392,11320,11321,11321,1,1
2019-10-28 16:33:10.772,11320,11321,11321,1,1
2019-10-28 16:33:20.096,11320,11321,11321,1,1
2019-10-28 16:33:23.678,11320,11321,11321,1,1
2019-10-28 16:33:28.808,11320,11321,11321,1,1
2019-10-28 16:33:39.310,11320,11321,11321,2,2
2019-10-28 16:33:40.123,11320,11321,11321,2,2
2019-10-28 16:34:07.207,11320,11321,11321,5,5
2019-10-28 16:34:09.590,11320,11321,11321,1,1
2019-10-28 16:34:23.287,11320,11321,11321,1,1
2019-10-28 16:34:23.287,11320,11321,11322,3,3
2019-10-28 16:34:23.712,11320,11322,11322,1,1
2019-10-28 16:34:23.823,11320,11322,11322,1,1
2019-10-28 16:35:10.347,11320,11322,11322,1,1
2019-10-28 16:35:13.279,11321,11322,11321,1,-1
2019-10-28 16:35:13.486,11321,11322,11321,1,-1
2019-10-28 16:35:33.609,11320,11322,11322,1,1
2019-10-28 16:35:41.670,11320,11322,11322,1,1
2019-10-28 16:36:51.213,11320,11321,11321,1,1
2019-10-28 16:36:51.213,11320,11321,11321,2,2
2019-10-28 16:37:38.817,11320,11321,11320,2,-2
2019-10-28 16:37:53.095,11320,11321,11320,1,-1
2019-10-28 16:37:57.207,11320,11321,11320,5,-5
2019-10-28 16:38:09.969,11320,11321,11320,1,-1
2019-10-28 16:38:28.768,11320,11321,11320,1,-1
2019-10-28 16:38:31.437,11320,11321,11320,1,-1
2019-10-28 16:38:52.231,11320,11321,11320,1,-1
2019-10-28 16:39:05.888,11320,11321,11320,1,-1
2019-10-28 16:39:26.461,11320,11321,11321,1,1
2019-10-28 16:39:39.900,11320,11321,11321,1,1
2019-10-28 16:40:19.014,11320,11321,11320,1,-1
2019-10-28 16:40:24.729,11320,11321,11320,1,-1
2019-10-28 16:40:24.756,11320,11321,11320,1,-1
2019-10-28 16:40:24.756,11320,11321,11320,2,-2
2019-10-28 16:40:29.686,11319,11320,11320,1,1
2019-10-28 16:40:57.932,11319,11320,11319,3,-3
2019-10-28 16:41:03.508,11319,11320,11319,2,-2
2019-10-28 16:41:07.232,11319,11320,11319,1,-1
2019-10-28 16:41:35.119,11319,11320,11320,1,1
2019-10-28 16:42:07.075,11319,11320,11319,1,-1
2019-10-28 16:42:09.406,11319,11320,11320,1,1
2019-10-28 16:42:42.004,11319,11320,11320,1,1
2019-10-28 16:42:54.889,11319,11320,11319,2,-2
2019-10-28 16:42:58.902,11319,11320,11320,1,1
2019-10-28 16:43:05.239,11319,11320,11319,1,-1
2019-10-28 16:43:05.917,11319,11320,11319,3,-3
2019-10-28 16:43:08.263,11319,11320,11320,1,1
2019-10-28 16:43:17.434,11319,11320,11319,1,-1
2019-10-28 16:43:45.646,11319,11320,11319,1,-1
2019-10-28 16:43:57.211,11319,11320,11319,1,-1
2019-10-28 16:44:01.020,11319,11320,11319,2,-2
2019-10-28 16:45:21.939,11319,11320,11319,1,-1
2019-10-28 16:45:22.190,11319,11320,11319,8,-8
2019-10-28 16:45:22.256,11319,11320,11319,1,-1
2019-10-28 16:45:22.302,11319,11320,11319,3,-3
2019-10-28 16:45:22.382,11319,11320,11319,2,-2
2019-10-28 16:45:22.517,11318,11320,11318,1,-1
2019-10-28 16:45:22.518,11318,11320,11318,1,-1
2019-10-28 16:45:22.518,11318,11320,11318,1,-1
2019-10-28 16:45:22.519,11318,11320,11318,1,-1
2019-10-28 16:45:22.525,11318,11320,11318,1,-1
2019-10-28 16:45:22.973,11318,11320,11318,2,-2
2019-10-28 16:46:03.187,11318,11319,11319,4,4
2019-10-28 16:46:03.610,11319,11320,11319,2,-2
2019-10-28 16:46:05.713,11319,11320,11320,3,3
2019-10-28 16:46:08.549,11319,11320,11319,1,-1
2019-10-28 16:46:10.219,11318,11320,11318,1,-1
2019-10-28 16:46:37.026,11318,11319,11318,1,-1
2019-10-28 16:46:44.849,11318,11319,11318,4,-4
2019-10-28 16:46:45.077,11318,11319,11318,5,-5
2019-10-28 16:46:49.614,11318,11319,11318,5,-5
2019-10-28 16:46:50.578,11318,11319,11318,1,-1
2019-10-28 16:47:02.897,11318,11319,11318,1,-1
2019-10-28 16:47:10.320,11318,11319,11318,1,-1
2019-10-28 16:47:35.453,11318,11319,11318,1,-1
2019-10-28 16:47:38.734,11318,11319,11318,1,-1
2019-10-28 16:47:54.234,11318,11319,11319,1,1
2019-10-28 16:48:16.280,11318,11319,11319,4,4
2019-10-28 16:48:18.596,11318,11319,11319,1,1
2019-10-28 16:48:26.687,11318,11319,11319,2,2
2019-10-28 16:48:48.472,11318,11319,11319,1,1
2019-10-28 16:49:48.286,11318,11319,11318,4,-4
2019-10-28 16:50:06.864,11318,11319,11318,5,-5
2019-10-28 16:50:07.463,11318,11319,11318,6,-6
2019-10-28 16:50:07.506,11318,11319,11318,15,-15
2019-10-28 16:50:30.367,11317,11318,11317,1,-1
2019-10-28 16:50:30.493,11317,11318,11317,1,-1
2019-10-28 16:50:30.532,11317,11318,11317,1,-1
2019-10-28 16:50:30.666,11317,11318,11317,1,-1
2019-10-28 16:50:32.212,11317,11318,11317,1,-1
2019-10-28 16:50:34.172,11317,11318,11317,1,-1
2019-10-28 16:50:44.461,11317,11318,11317,1,-1
2019-10-28 16:50:52.571,11317,11318,11317,1,-1
2019-10-28 16:50:58.260,11317,11318,11317,1,-1
2019-10-28 16:51:07.024,11317,11318,11317,1,-1
2019-10-28 16:51:17.184,11317,11318,11317,4,-4
2019-10-28 16:51:38.738,11317,11318,11318,3,3
2019-10-28 16:51:52.579,11318,11319,11318,1,-1
2019-10-28 16:51:53.853,11318,11319,11318,1,-1
2019-10-28 16:51:54.781,11318,11319,11318,1,-1
2019-10-28 16:52:24.843,11318,11319,11319,1,1
2019-10-28 16:52:25.417,11318,11319,11318,13,-13
2019-10-28 16:52:33.663,11318,11319,11318,2,-2
2019-10-28 16:52:45.054,11318,11319,11319,1,1
2019-10-28 16:52:52.002,11318,11319,11318,1,-1
2019-10-28 16:53:14.428,11318,11319,11318,1,-1
2019-10-28 16:53:29.930,11318,11319,11318,1,-1
2019-10-28 16:53:39.932,11317,11318,11318,2,2
2019-10-28 16:54:14.597,11318,11319,11318,4,-4
2019-10-28 16:54:30.721,11318,11319,11318,1,-1
2019-10-28 16:54:35.929,11318,11319,11318,1,-1
2019-10-28 16:54:36.391,11317,11318,11318,1,1
2019-10-28 16:55:35.746,11318,11319,11318,1,-1
2019-10-28 16:55:44.101,11318,11319,11319,1,1
2019-10-28 16:55:52.961,11318,11319,11319,1,1
2019-10-28 16:55:57.500,11318,11319,11319,1,1
2019-10-28 16:56:09.913,11318,11319,11319,1,1
2019-10-28 16:56:49.641,11318,11319,11319,1,1
2019-10-28 16:57:10.504,11318,11319,11319,1,1
2019-10-28 16:57:17.663,11318,11319,11319,1,1
2019-10-28 16:58:02.337,11318,11319,11319,3,3
2019-10-28 16:59:11.982,11318,11319,11318,1,-1
2019-10-28 16:59:39.632,11318,11319,11318,4,-4
2019-10-28 16:59:40.724,11317,11318,11317,1,-1
2019-10-28 16:59:52.079,11317,11318,11317,1,-1
2019-10-28 16:59:53.866,11317,11318,11317,1,-1
2019-10-28 17:00:02.148,11317,11318,11318,3,3
2019-10-28 17:00:03.642,11317,11318,11317,2,-2
2019-10-28 17:00:03.855,11317,11318,11317,2,-2
2019-10-28 17:00:04.157,11317,11318,11317,20,-20
2019-10-28 17:00:04.759,11317,11318,11317,2,-2
2019-10-28 17:00:05.593,11316,11318,11316,2,-2
2019-10-28 17:00:05.797,11316,11318,11316,1,-1
2019-10-28 17:00:05.798,11316,11318,11316,2,-2
2019-10-28 17:00:05.952,11316,11318,11316,1,-1
2019-10-28 17:00:06.096,11316,11318,11316,2,-2
2019-10-28 17:00:06.318,11316,11317,11316,2,-2
2019-10-28 17:00:06.331,11316,11317,11316,4,-4
2019-10-28 17:00:06.350,11316,11317,11316,2,-2
2019-10-28 17:00:06.363,11316,11317,11316,2,-2
2019-10-28 17:00:06.378,11316,11317,11316,2,-2
2019-10-28 17:00:06.395,11316,11317,11316,4,-4
2019-10-28 17:00:29.316,11316,11317,11316,1,-1
2019-10-28 17:00:31.060,11316,11317,11316,1,-1
2019-10-28 17:00:38.486,11316,11317,11317,1,1
2019-10-28 17:00:43.147,11316,11317,11316,1,-1
2019-10-28 17:01:02.297,11316,11317,11317,2,2
2019-10-28 17:01:06.339,11316,11317,11316,1,-1
2019-10-28 17:01:10.259,11316,11317,11316,1,-1
2019-10-28 17:01:12.349,11316,11317,11316,1,-1
2019-10-28 17:01:17.141,11316,11317,11316,1,-1
2019-10-28 17:01:17.913,11316,11317,11316,1,-1
2019-10-28 17:01:24.765,11316,11317,11316,4,-4
2019-10-28 17:01:30.016,11316,11317,11316,1,-1
2019-10-28 17:01:31.519,11316,11317,11316,4,-4
2019-10-28 17:02:00.881,11316,11317,11316,1,-1
2019-10-28 17:02:00.929,11316,11317,11316,5,-5
2019-10-28 17:02:01.007,11316,11317,11316,1,-1
2019-10-28 17:02:04.685,11315,11316,11316,1,1
2019-10-28 17:02:09.720,11315,11316,11316,1,1
2019-10-28 17:02:35.211,11315,11316,11316,1,1
2019-10-28 17:02:36.455,11315,11316,11316,5,5
2019-10-28 17:02:39.670,11315,11316,11316,1,1
2019-10-28 17:02:48.149,11315,11316,11316,1,1
2019-10-28 17:02:49.041,11315,11316,11316,2,2
2019-10-28 17:02:50.301,11316,11317,11316,2,-2
2019-10-28 17:02:54.661,11316,11317,11316,1,-1
2019-10-28 17:03:28.017,11315,11316,11315,2,-2
2019-10-28 17:03:28.145,11315,11316,11315,1,-1
2019-10-28 17:03:28.246,11315,11316,11315,1,-1
2019-10-28 17:03:28.480,11315,11316,11315,2,-2
2019-10-28 17:03:28.577,11315,11316,11315,2,-2
2019-10-28 17:03:39.175,11315,11316,11315,2,-2
2019-10-28 17:03:57.784,11315,11316,11316,2,2
2019-10-28 17:04:01.292,11315,11316,11315,1,-1
2019-10-28 17:04:01.640,11315,11316,11315,1,-1
2019-10-28 17:04:05.076,11315,11316,11315,1,-1
2019-10-28 17:04:14.100,11315,11316,11315,4,-4
2019-10-28 17:04:35.331,11315,11316,11315,1,-1
2019-10-28 17:04:35.505,11315,11316,11315,1,-1
2019-10-28 17:05:00.792,11315,11316,11316,2,2
2019-10-28 17:05:10.536,11315,11316,11316,2,2
2019-10-28 17:05:11.257,11315,11316,11315,1,-1
2019-10-28 17:05:11.351,11315,11316,11315,1,-1
2019-10-28 17:05:48.753,11315,11316,11315,5,-5
2019-10-28 17:05:55.981,11315,11316,11315,2,-2
2019-10-28 17:05:56.130,11315,11316,11315,16,-16
2019-10-28 17:06:15.957,11315,11316,11315,1,-1
2019-10-28 17:06:25.797,11315,11316,11315,5,-5
2019-10-28 17:06:32.029,11315,11316,11315,1,-1
2019-10-28 17:06:32.859,11315,11316,11315,1,-1
2019-10-28 17:06:33.376,11315,11316,11315,1,-1
2019-10-28 17:06:38.598,11315,11316,11315,1,-1
2019-10-28 17:06:39.014,11315,11316,11315,1,-1
2019-10-28 17:07:02.283,11315,11316,11316,3,3
2019-10-28 17:07:03.270,11315,11316,11315,1,-1
2019-10-28 17:07:18.504,11315,11316,11315,1,-1
2019-10-28 17:07:36.342,11315,11316,11315,14,-14
2019-10-28 17:07:45.408,11315,11316,11315,1,-1
2019-10-28 17:07:46.325,11315,11316,11315,2,-2
2019-10-28 17:07:54.331,11315,11316,11315,1,-1
2019-10-28 17:08:02.324,11315,11316,11315,2,-2
2019-10-28 17:08:07.536,11315,11316,11315,3,-3
2019-10-28 17:08:09.295,11315,11316,11315,1,-1
2019-10-28 17:08:23.308,11315,11316,11315,1,-1
2019-10-28 17:08:31.706,11315,11316,11315,1,-1
2019-10-28 17:08:37.918,11315,11316,11316,1,1
2019-10-28 17:08:50.767,11315,11316,11316,1,1
2019-10-28 17:08:50.768,11315,11316,11316,2,2
2019-10-28 17:09:00.412,11315,11316,11316,7,7
2019-10-28 17:09:00.412,11315,11316,11316,2,2
2019-10-28 17:09:00.506,11315,11316,11316,2,2
2019-10-28 17:09:00.532,11315,11316,11316,3,3
2019-10-28 17:09:00.557,11315,11316,11316,3,3
2019-10-28 17:09:00.670,11316,11317,11316,1,-1
2019-10-28 17:10:02.238,11316,11317,11317,2,2
2019-10-28 17:10:06.739,11316,11317,11317,1,1
2019-10-28 17:10:21.302,11316,11317,11317,1,1
2019-10-28 17:10:23.480,11316,11317,11317,1,1
2019-10-28 17:11:02.137,11316,11317,11317,1,1
2019-10-28 17:11:11.644,11316,11317,11316,1,-1
2019-10-28 17:11:11.777,11316,11317,11316,1,-1
2019-10-28 17:11:19.818,11316,11317,11317,1,1
2019-10-28 17:11:24.977,11316,11317,11317,1,1
2019-10-28 17:11:30.818,11316,11317,11317,1,1
2019-10-28 17:12:20.942,11316,11317,11316,1,-1
2019-10-28 17:12:28.322,11316,11317,11316,1,-1
2019-10-28 17:12:31.756,11316,11317,11316,1,-1
2019-10-28 17:12:33.698,11316,11317,11316,1,-1
2019-10-28 17:12:40.510,11316,11317,11316,1,-1
2019-10-28 17:12:40.753,11316,11317,11316,2,-2
2019-10-28 17:12:49.153,11316,11317,11316,1,-1
2019-10-28 17:12:55.907,11316,11317,11316,1,-1
2019-10-28 17:13:04.549,11316,11317,11316,1,-1
2019-10-28 17:13:13.576,11316,11317,11316,1,-1
2019-10-28 17:14:00.938,11316,11317,11316,1,-1
2019-10-28 17:14:29.235,11316,11317,11317,2,2
2019-10-28 17:14:37.083,11316,11317,11316,4,-4
2019-10-28 17:14:42.096,11316,11317,11316,1,-1
2019-10-28 17:14:48.002,11315,11316,11316,1,1
2019-10-28 17:16:01.536,11315,11316,11315,2,-2
2019-10-28 17:16:01.660,11315,11316,11315,2,-2
2019-10-28 17:16:01.794,11315,11316,11316,2,2
2019-10-28 17:16:08.526,11315,11316,11316,1,1
2019-10-28 17:16:53.476,11315,11316,11315,1,-1
2019-10-28 17:16:57.065,11315,11316,11315,1,-1
2019-10-28 17:17:29.012,11315,11316,11315,1,-1
2019-10-28 17:17:30.215,11315,11316,11315,1,-1
2019-10-28 17:17:55.433,11315,11316,11315,1,-1
2019-10-28 17:18:15.684,11315,11316,11315,13,-13
2019-10-28 17:18:35.913,11314,11315,11315,1,1
2019-10-28 17:18:35.925,11314,11315,11315,2,2
2019-10-28 17:18:36.064,11314,11315,11315,1,1
2019-10-28 17:18:36.088,11314,11315,11315,1,1
2019-10-28 17:18:36.194,11314,11315,11315,1,1
2019-10-28 17:18:40.673,11314,11315,11314,1,-1
2019-10-28 17:18:44.304,11314,11315,11314,1,-1
2019-10-28 17:18:44.703,11314,11315,11314,1,-1
2019-10-28 17:18:48.069,11314,11315,11314,1,-1
2019-10-28 17:18:48.132,11314,11315,11314,43,-43
2019-10-28 17:18:48.432,11313,11314,11313,1,-1
2019-10-28 17:18:48.661,11313,11314,11313,1,-1
2019-10-28 17:18:48.683,11313,11314,11313,1,-1
2019-10-28 17:18:51.585,11313,11314,11313,1,-1
2019-10-28 17:18:55.231,11313,11314,11313,1,-1
2019-10-28 17:18:56.866,11313,11314,11313,1,-1
2019-10-28 17:18:59.519,11313,11314,11313,7,-7
2019-10-28 17:19:02.787,11313,11314,11313,7,-7
2019-10-28 17:19:07.123,11313,11314,11313,2,-2
2019-10-28 17:19:07.330,11313,11314,11313,2,-2
2019-10-28 17:19:07.720,11313,11314,11313,1,-1
2019-10-28 17:19:10.415,11313,11314,11313,1,-1
2019-10-28 17:19:24.699,11313,11314,11313,20,-20
2019-10-28 17:19:32.547,11313,11314,11313,1,-1
2019-10-28 17:19:35.090,11313,11314,11313,1,-1
2019-10-28 17:19:38.122,11313,11314,11313,1,-1
2019-10-28 17:19:39.233,11313,11314,11313,7,-7
2019-10-28 17:19:41.381,11312,11313,11313,8,8
2019-10-28 17:19:41.657,11313,11314,11313,1,-1
2019-10-28 17:19:42.891,11313,11314,11313,1,-1
2019-10-28 17:19:44.754,11313,11314,11313,1,-1
2019-10-28 17:19:48.810,11313,11314,11313,1,-1
2019-10-28 17:19:52.040,11313,11314,11314,12,12
2019-10-28 17:19:52.542,11314,11315,11314,5,-5
2019-10-28 17:19:56.574,11313,11314,11313,1,-1
2019-10-28 17:19:57.439,11313,11314,11313,1,-1
2019-10-28 17:19:58.664,11313,11314,11314,1,1
2019-10-28 17:20:07.375,11314,11315,11314,1,-1
2019-10-28 17:20:11.983,11314,11315,11314,20,-20
2019-10-28 17:20:19.085,11314,11315,11314,2,-2
2019-10-28 17:20:23.140,11314,11315,11314,2,-2
2019-10-28 17:20:51.707,11314,11315,11315,1,1
2019-10-28 17:20:59.020,11314,11315,11314,1,-1
2019-10-28 17:21:00.986,11314,11315,11314,2,-2
2019-10-28 17:21:03.757,11314,11315,11314,1,-1
2019-10-28 17:21:10.459,11314,11315,11314,1,-1
2019-10-28 17:21:17.950,11314,11315,11314,1,-1
2019-10-28 17:21:43.314,11313,11314,11314,1,1
2019-10-28 17:21:51.624,11313,11314,11314,1,1
2019-10-28 17:22:05.212,11313,11314,11314,5,5
2019-10-28 17:22:18.125,11314,11315,11314,1,-1
2019-10-28 17:22:44.646,11314,11315,11315,1,1
2019-10-28 17:22:51.473,11314,11315,11314,1,-1
2019-10-28 17:23:16.003,11314,11315,11314,1,-1
2019-10-28 17:23:19.836,11314,11315,11314,1,-1
2019-10-28 17:23:34.236,11314,11315,11314,1,-1
2019-10-28 17:23:51.394,11314,11315,11314,1,-1
2019-10-28 17:23:56.508,11314,11315,11315,1,1
2019-10-28 17:24:18.002,11314,11315,11314,1,-1
2019-10-28 17:24:27.242,11314,11315,11315,1,1
2019-10-28 17:24:28.746,11314,11315,11315,3,3
2019-10-28 17:24:28.746,11314,11315,11315,6,6
2019-10-28 17:24:28.748,11314,11315,11315,1,1
2019-10-28 17:24:28.750,11314,11315,11315,8,8
2019-10-28 17:24:28.756,11314,11315,11315,2,2
2019-10-28 17:24:28.756,11314,11315,11315,1,1
2019-10-28 17:24:28.757,11314,11315,11315,3,3
2019-10-28 17:24:30.509,11315,11316,11315,1,-1
2019-10-28 17:24:32.627,11315,11316,11316,1,1
2019-10-28 17:24:37.570,11315,11316,11315,1,-1
2019-10-28 17:24:39.093,11315,11316,11316,1,1
2019-10-28 17:24:48.028,11315,11316,11315,1,-1
2019-10-28 17:24:49.588,11315,11316,11316,1,1
2019-10-28 17:25:02.249,11315,11316,11316,1,1
2019-10-28 17:25:07.897,11315,11316,11316,12,12
2019-10-28 17:25:08.702,11315,11316,11316,2,2
2019-10-28 17:25:22.871,11316,11317,11316,1,-1
2019-10-28 17:25:24.372,11316,11317,11317,2,2
2019-10-28 17:26:02.218,11316,11317,11317,1,1
2019-10-28 17:26:21.652,11316,11317,11317,1,1
2019-10-28 17:26:50.424,11316,11317,11317,1,1
2019-10-28 17:26:56.490,11316,11317,11317,1,1
2019-10-28 17:27:02.290,11316,11317,11317,1,1
2019-10-28 17:27:14.851,11316,11317,11317,1,1
2019-10-28 17:27:16.081,11316,11317,11317,1,1
2019-10-28 17:27:40.047,11316,11317,11316,1,-1
2019-10-28 17:27:40.131,11316,11317,11316,5,-5
2019-10-28 17:27:40.256,11316,11317,11316,2,-2
2019-10-28 17:27:43.114,11315,11316,11316,1,1
2019-10-28 17:27:46.498,11315,11316,11316,1,1
2019-10-28 17:27:59.568,11315,11316,11315,1,-1
2019-10-28 17:28:02.186,11315,11316,11316,2,2
2019-10-28 17:28:06.254,11315,11316,11315,1,-1
2019-10-28 17:28:09.093,11315,11316,11316,1,1
2019-10-28 17:28:14.825,11315,11316,11315,1,-1
2019-10-28 17:28:15.521,11315,11316,11315,2,-2
2019-10-28 17:28:15.530,11315,11316,11315,1,-1
2019-10-28 17:28:22.086,11315,11316,11315,1,-1
2019-10-28 17:28:29.267,11315,11316,11315,1,-1
2019-10-28 17:28:46.893,11315,11316,11315,1,-1
2019-10-28 17:28:54.077,11315,11316,11316,5,5
2019-10-28 17:29:33.071,11315,11316,11315,1,-1
2019-10-28 17:29:54.942,11315,11316,11315,1,-1
2019-10-28 17:29:58.377,11315,11316,11315,4,-4
2019-10-28 17:29:59.340,11315,11316,11315,1,-1
2019-10-28 17:30:02.974,11314,11316,11314,1,-1
2019-10-28 17:30:59.984,11314,11316,11314,2,-2
2019-10-28 17:31:14.542,11314,11315,11314,1,-1
2019-10-28 17:31:20.953,11314,11315,11314,1,-1
2019-10-28 17:31:23.783,11314,11315,11314,1,-1
2019-10-28 17:31:41.043,11314,11315,11314,1,-1
2019-10-28 17:31:44.358,11314,11315,11314,1,-1
2019-10-28 17:32:30.369,11314,11315,11314,1,-1
2019-10-28 17:32:40.098,11314,11315,11314,1,-1
2019-10-28 17:33:07.423,11314,11315,11315,1,1
2019-10-28 17:34:24.220,11314,11315,11315,1,1
2019-10-28 17:34:37.446,11314,11315,11315,1,1
2019-10-28 17:35:40.120,11314,11315,11315,3,3
2019-10-28 17:35:40.665,11314,11315,11315,1,1
2019-10-28 17:35:40.719,11314,11315,11315,1,1
2019-10-28 17:36:10.797,11314,11315,11315,1,1
2019-10-28 17:36:56.453,11314,11315,11315,1,1
2019-10-28 17:37:11.441,11314,11315,11315,1,1
2019-10-28 17:37:48.065,11314,11315,11315,2,2
2019-10-28 17:37:52.122,11314,11315,11315,2,2
2019-10-28 17:38:40.202,11314,11315,11315,4,4
2019-10-28 17:38:40.256,11314,11315,11315,3,3
2019-10-28 17:39:36.635,11315,11316,11316,1,1
2019-10-28 17:39:55.458,11315,11316,11316,1,1
2019-10-28 17:39:58.197,11315,11316,11316,1,1
2019-10-28 17:43:16.102,11316,11317,11316,1,-1
2019-10-28 17:43:33.457,11316,11317,11317,7,7
2019-10-28 17:43:33.462,11316,11317,11317,4,4
2019-10-28 17:43:33.507,11317,11318,11317,7,-7
2019-10-28 17:43:36.650,11316,11317,11317,1,1
2019-10-28 17:43:38.963,11316,11317,11317,2,2
2019-10-28 17:44:00.078,11317,11318,11317,7,-7
2019-10-28 17:44:53.419,11316,11317,11317,1,1
2019-10-28 17:46:11.381,11316,11317,11317,6,6
2019-10-28 17:46:19.010,11317,11318,11317,2,-2
2019-10-28 17:46:41.920,11317,11318,11317,1,-1
2019-10-28 17:46:45.925,11317,11318,11317,1,-1
2019-10-28 17:46:53.891,11317,11318,11317,1,-1
2019-10-28 17:47:01.270,11317,11318,11317,1,-1
2019-10-28 17:47:25.122,11316,11317,11316,1,-1
2019-10-28 17:48:28.424,11316,11317,11317,1,1
2019-10-28 17:48:32.675,11316,11317,11317,1,1
2019-10-28 17:48:56.711,11316,11317,11317,2,2
2019-10-28 17:48:58.592,11316,11317,11317,1,1
2019-10-28 17:49:15.701,11317,11318,11318,3,3
2019-10-28 17:49:25.486,11317,11318,11318,1,1
2019-10-28 17:49:31.050,11317,11318,11318,1,1
2019-10-28 17:50:18.143,11317,11318,11318,1,1
2019-10-28 17:50:18.151,11317,11318,11318,2,2
2019-10-28 17:50:18.163,11317,11318,11318,3,3
2019-10-28 17:50:18.163,11317,11318,11318,3,3
2019-10-28 17:50:18.256,11317,11318,11318,9,9
2019-10-28 17:50:18.258,11317,11318,11318,2,2
2019-10-28 17:50:30.347,11318,11319,11318,1,-1
2019-10-28 17:50:48.110,11318,11319,11318,1,-1
2019-10-28 17:53:17.690,11318,11319,11318,1,-1
2019-10-28 17:53:17.690,11318,11319,11318,1,-1
2019-10-28 17:53:17.690,11318,11319,11318,14,-14
2019-10-28 17:53:23.898,11317,11318,11318,1,1
2019-10-28 17:53:26.174,11317,11318,11318,1,1
2019-10-28 17:53:36.743,11317,11318,11318,1,1
2019-10-28 17:53:46.548,11317,11318,11318,1,1
2019-10-28 17:54:06.761,11318,11319,11318,3,-3
2019-10-28 17:54:20.952,11318,11319,11319,1,1
2019-10-28 17:54:25.223,11318,11319,11319,1,1
2019-10-28 17:54:37.718,11318,11319,11319,1,1
2019-10-28 17:54:43.968,11318,11319,11319,1,1
2019-10-28 17:55:26.460,11318,11319,11319,1,1
2019-10-28 17:55:29.599,11318,11319,11319,1,1
2019-10-28 17:55:37.476,11318,11319,11319,1,1
2019-10-28 17:55:47.010,11318,11319,11319,1,1
2019-10-28 17:55:48.916,11318,11319,11319,1,1
2019-10-28 17:55:50.046,11318,11319,11319,1,1
2019-10-28 17:55:56.878,11318,11319,11319,1,1
2019-10-28 17:56:34.466,11318,11319,11318,1,-1
2019-10-28 17:57:23.879,11318,11319,11318,2,-2
2019-10-28 17:57:23.879,11318,11319,11318,11,-11
2019-10-28 17:57:24.999,11317,11318,11318,1,1
2019-10-28 17:57:46.153,11317,11318,11318,1,1
2019-10-28 17:57:46.257,11317,11318,11318,3,3
2019-10-28 17:58:21.163,11318,11319,11318,1,-1
2019-10-28 17:58:25.041,11318,11319,11318,1,-1
2019-10-28 17:58:27.565,11318,11319,11318,3,-3
2019-10-28 17:58:30.021,11318,11319,11318,1,-1
2019-10-28 17:58:30.131,11318,11319,11318,1,-1
2019-10-28 17:59:32.516,11317,11318,11317,1,-1
2019-10-28 17:59:32.732,11317,11318,11317,1,-1
2019-10-28 17:59:39.719,11317,11318,11318,3,3
2019-10-28 17:59:39.756,11317,11318,11318,2,2
2019-10-28 17:59:39.987,11318,11319,11318,1,-1
2019-10-28 17:59:53.183,11318,11319,11319,1,1
2019-10-28 17:59:53.191,11318,11319,11318,1,-1
2019-10-28 17:59:54.161,11318,11319,11318,1,-1
2019-10-28 17:59:55.117,11318,11319,11318,1,-1
2019-10-28 17:59:56.336,11318,11319,11319,1,1
2019-10-28 17:59:59.100,11318,11319,11319,1,1
2019-10-28 18:00:00.054,11318,11319,11319,2,2
2019-10-28 18:00:27.981,11318,11319,11318,1,-1
2019-10-28 18:00:28.466,11318,11319,11318,1,-1
2019-10-28 18:00:32.840,11318,11319,11318,1,-1
2019-10-28 18:00:55.324,11318,11319,11319,1,1
2019-10-28 18:00:56.100,11318,11319,11318,1,-1
2019-10-28 18:01:04.435,11317,11318,11318,1,1
2019-10-28 18:01:14.631,11317,11318,11318,1,1
2019-10-28 18:01:14.756,11317,11318,11318,1,1
2019-10-28 18:01:14.889,11317,11319,11319,1,1
2019-10-28 18:01:20.666,11318,11319,11318,1,-1
2019-10-28 18:01:56.887,11318,11319,11318,1,-1
2019-10-28 18:02:22.114,11317,11318,11317,1,-1
2019-10-28 18:03:06.056,11317,11318,11317,1,-1
2019-10-28 18:03:12.881,11317,11318,11318,1,1
2019-10-28 18:03:15.108,11317,11318,11318,2,2
2019-10-28 18:03:15.143,11318,11319,11319,1,1
2019-10-28 18:03:38.026,11317,11318,11318,1,1
2019-10-28 18:05:54.797,11318,11319,11318,2,-2
2019-10-28 18:06:01.952,11318,11319,11318,5,-5
2019-10-28 18:06:12.150,11317,11318,11318,1,1
2019-10-28 18:06:12.150,11317,11318,11318,1,1
2019-10-28 18:06:12.151,11317,11318,11318,1,1
2019-10-28 18:06:12.153,11317,11318,11318,4,4
2019-10-28 18:06:12.257,11317,11318,11318,3,3
2019-10-28 18:06:52.679,11318,11319,11319,11,11
2019-10-28 18:06:52.679,11318,11319,11319,3,3
2019-10-28 18:06:52.680,11318,11319,11319,4,4
2019-10-28 18:06:52.713,11318,11319,11319,1,1
2019-10-28 18:06:52.713,11318,11319,11319,2,2
2019-10-28 18:06:52.713,11318,11319,11319,3,3
2019-10-28 18:06:52.713,11318,11319,11319,1,1
2019-10-28 18:06:52.713,11318,11319,11319,1,1
2019-10-28 18:06:52.713,11318,11319,11319,2,2
2019-10-28 18:07:00.158,11319,11320,11319,2,-2
2019-10-28 18:07:02.330,11319,11320,11320,2,2
2019-10-28 18:07:27.723,11319,11320,11319,2,-2
2019-10-28 18:07:37.666,11318,11319,11319,1,1
2019-10-28 18:07:41.327,11318,11319,11319,1,1
2019-10-28 18:07:43.624,11318,11319,11319,1,1
2019-10-28 18:09:37.256,11318,11319,11318,1,-1
2019-10-28 18:09:53.315,11318,11319,11318,1,-1
2019-10-28 18:10:05.342,11317,11318,11318,1,1
2019-10-28 18:10:06.619,11317,11318,11319,1,1
2019-10-28 18:10:51.672,11317,11318,11318,11,11
2019-10-28 18:10:52.912,11317,11318,11318,1,1
2019-10-28 18:10:53.140,11317,11318,11318,1,1
2019-10-28 18:10:53.377,11317,11318,11318,1,1
2019-10-28 18:11:29.592,11317,11318,11318,1,1
2019-10-28 18:12:02.319,11318,11319,11319,1,1
2019-10-28 18:12:02.613,11318,11319,11319,1,1
2019-10-28 18:12:08.295,11318,11319,11319,1,1
2019-10-28 18:12:46.417,11318,11319,11318,4,-4
2019-10-28 18:14:52.845,11318,11319,11318,1,-1
2019-10-28 18:15:46.694,11318,11319,11318,10,-10
2019-10-28 18:15:51.245,11318,11319,11319,1,1
2019-10-28 18:16:05.857,11318,11319,11319,2,2
2019-10-28 18:16:14.039,11318,11319,11318,1,-1
2019-10-28 18:16:55.427,11318,11319,11318,2,-2
2019-10-28 18:17:16.657,11318,11319,11318,1,-1
2019-10-28 18:17:26.276,11318,11319,11319,1,1
2019-10-28 18:17:30.148,11318,11319,11318,1,-1
2019-10-28 18:18:36.836,11318,11319,11318,5,-5
2019-10-28 18:18:45.012,11318,11319,11318,1,-1
2019-10-28 18:18:55.308,11318,11319,11319,1,1
2019-10-28 18:19:15.154,11318,11319,11318,6,-6
2019-10-28 18:20:30.267,11317,11318,11318,1,1
2019-10-28 18:20:42.951,11317,11318,11318,1,1
2019-10-28 18:25:27.761,11317,11318,11317,11,-11
2019-10-28 18:25:27.881,11317,11318,11317,8,-8
2019-10-28 18:25:32.636,11316,11317,11316,11,-11
2019-10-28 18:25:33.126,11315,11316,11316,1,1
2019-10-28 18:25:35.893,11316,11317,11317,1,1
2019-10-28 18:25:45.057,11316,11317,11316,9,-9
2019-10-28 18:26:02.381,11316,11317,11317,5,5
2019-10-28 18:26:02.506,11316,11317,11317,5,5
2019-10-28 18:28:52.913,11317,11318,11317,1,-1
2019-10-28 18:29:47.061,11317,11318,11318,1,1
2019-10-28 18:30:28.069,11317,11318,11318,1,1
2019-10-28 18:30:29.046,11317,11318,11318,1,1
2019-10-28 18:30:29.089,11317,11318,11318,4,4
2019-10-28 18:30:29.093,11317,11318,11318,4,4
2019-10-28 18:30:29.093,11317,11318,11319,6,6
2019-10-28 18:30:32.646,11318,11319,11319,1,1
2019-10-28 18:31:03.845,11317,11319,11317,3,-3
2019-10-28 18:31:10.172,11317,11318,11318,1,1
2019-10-28 18:31:59.136,11318,11319,11319,5,5
2019-10-28 18:32:19.130,11318,11319,11319,2,2
2019-10-28 18:32:37.663,11318,11319,11319,2,2
2019-10-28 18:33:16.588,11318,11319,11319,1,1
2019-10-28 18:34:00.149,11318,11319,11319,1,1
2019-10-28 18:34:56.827,11318,11319,11319,1,1
2019-10-28 18:35:01.299,11318,11319,11319,2,2
2019-10-28 18:36:52.023,11318,11319,11319,1,1
2019-10-28 18:36:55.573,11318,11319,11319,1,1
2019-10-28 18:36:57.242,11318,11319,11319,1,1
2019-10-28 18:36:57.265,11318,11319,11319,1,1
2019-10-28 18:36:57.265,11318,11319,11319,1,1
2019-10-28 18:37:39.502,11318,11319,11319,1,1
2019-10-28 18:37:50.480,11318,11319,11319,1,1
2019-10-28 18:37:54.031,11318,11319,11319,2,2
2019-10-28 18:38:02.190,11318,11319,11319,1,1
2019-10-28 18:38:10.442,11318,11319,11319,2,2
2019-10-28 18:38:15.483,11318,11319,11319,2,2
2019-10-28 18:38:20.400,11319,11320,11319,1,-1
2019-10-28 18:38:34.348,11319,11320,11320,3,3
2019-10-28 18:38:34.349,11319,11320,11320,1,1
2019-10-28 18:39:13.340,11319,11320,11320,1,1
2019-10-28 18:40:37.115,11319,11320,11320,1,1
2019-10-28 18:40:39.330,11319,11320,11319,1,-1
2019-10-28 18:40:43.106,11319,11320,11319,15,-15
2019-10-28 18:40:47.632,11319,11320,11319,2,-2
2019-10-28 18:40:50.312,11319,11320,11319,1,-1
2019-10-28 18:41:03.383,11318,11319,11319,1,1
2019-10-28 18:41:03.387,11318,11319,11319,1,1
2019-10-28 18:41:18.946,11318,11319,11319,4,4
2019-10-28 18:42:05.472,11318,11319,11319,1,1
2019-10-28 18:42:05.544,11319,11320,11319,1,-1
2019-10-28 18:42:09.032,11319,11320,11319,1,-1
2019-10-28 18:43:17.394,11319,11320,11319,3,-3
2019-10-28 18:44:30.920,11318,11319,11319,1,1
2019-10-28 18:45:12.447,11318,11319,11319,3,3
2019-10-28 18:45:13.050,11318,11319,11319,1,1
2019-10-28 18:46:28.511,11318,11319,11318,2,-2
2019-10-28 18:46:44.520,11318,11319,11319,1,1
2019-10-28 18:46:48.921,11318,11319,11319,1,1
2019-10-28 18:46:49.032,11318,11319,11318,1,-1
2019-10-28 18:46:53.338,11318,11319,11319,1,1
2019-10-28 18:47:36.418,11318,11319,11319,5,5
2019-10-28 18:49:12.745,11318,11319,11319,1,1
2019-10-28 18:49:13.207,11318,11319,11319,1,1
2019-10-28 18:49:13.500,11318,11319,11319,1,1
2019-10-28 18:50:41.900,11318,11319,11319,1,1
2019-10-28 18:50:42.173,11318,11319,11319,1,1
2019-10-28 18:52:09.007,11318,11319,11318,12,-12
2019-10-28 18:52:57.879,11318,11319,11318,1,-1
2019-10-28 18:53:21.238,11318,11319,11318,3,-3
2019-10-28 18:53:22.830,11318,11319,11318,1,-1
2019-10-28 18:54:22.092,11318,11319,11318,2,-2
2019-10-28 18:54:36.801,11318,11319,11318,1,-1
2019-10-28 18:54:37.426,11318,11319,11319,2,2
2019-10-28 18:54:37.773,11318,11319,11319,4,4
2019-10-28 18:54:38.052,11318,11319,11319,2,2
2019-10-28 18:54:38.107,11318,11319,11319,4,4
2019-10-28 18:54:38.275,11318,11319,11319,4,4
2019-10-28 18:55:34.570,11318,11320,11318,1,-1
2019-10-28 18:55:39.428,11318,11320,11320,1,1
2019-10-28 18:56:02.388,11318,11319,11318,1,-1
2019-10-28 18:56:07.211,11318,11319,11319,2,2
2019-10-28 18:56:14.923,11318,11319,11319,2,2
2019-10-28 18:56:20.582,11318,11319,11318,1,-1
2019-10-28 18:56:52.070,11318,11319,11318,1,-1
2019-10-28 18:57:55.969,11318,11319,11319,1,1
2019-10-28 18:58:36.255,11318,11319,11319,2,2
2019-10-28 19:00:42.558,11318,11319,11319,1,1
2019-10-28 19:00:55.664,11318,11319,11319,1,1
2019-10-28 19:01:03.042,11318,11319,11319,1,1
2019-10-28 19:01:03.805,11318,11319,11319,1,1
2019-10-28 19:01:38.483,11319,11320,11319,1,-1
2019-10-28 19:02:02.143,11319,11320,11320,2,2
2019-10-28 19:03:02.300,11319,11320,11320,1,1
2019-10-28 19:03:19.855,11319,11320,11320,1,1
2019-10-28 19:03:48.223,11319,11320,11319,5,-5
2019-10-28 19:03:48.411,11318,11320,11318,5,-5
2019-10-28 19:04:23.030,11319,11320,11319,1,1
2019-10-28 19:04:38.440,11319,11320,11319,3,-3
2019-10-28 19:05:27.349,11319,11320,11320,2,2
2019-10-28 19:05:27.811,11319,11320,11320,2,2
2019-10-28 19:05:57.133,11319,11320,11320,12,12
2019-10-28 19:05:57.256,11319,11320,11320,4,4
2019-10-28 19:05:57.256,11319,11320,11320,2,2
2019-10-28 19:05:57.257,11319,11320,11320,15,15
2019-10-28 19:05:57.257,11319,11320,11320,4,4
2019-10-28 19:05:57.257,11319,11320,11320,2,2
2019-10-28 19:06:02.254,11320,11321,11321,3,3
2019-10-28 19:06:10.252,11320,11321,11321,1,1
2019-10-28 19:06:14.958,11320,11321,11321,2,2
2019-10-28 19:06:45.691,11320,11321,11321,1,1
2019-10-28 19:06:51.805,11320,11321,11321,2,2
2019-10-28 19:07:02.159,11320,11321,11321,1,1
2019-10-28 19:07:06.257,11320,11321,11321,22,22
2019-10-28 19:07:09.270,11321,11322,11321,1,-1
2019-10-28 19:07:53.701,11321,11322,11322,2,2
2019-10-28 19:08:02.299,11321,11322,11322,10,10
2019-10-28 19:08:02.486,11321,11322,11322,1,1
2019-10-28 19:08:04.958,11321,11322,11322,2,2
2019-10-28 19:08:20.858,11321,11322,11322,1,1
2019-10-28 19:08:31.082,11321,11322,11322,1,1
2019-10-28 19:08:34.599,11321,11322,11322,4,4
2019-10-28 19:08:38.872,11321,11322,11322,1,1
2019-10-28 19:08:45.781,11321,11322,11322,1,1
2019-10-28 19:08:51.774,11321,11322,11322,1,1
2019-10-28 19:09:09.081,11321,11322,11322,1,1
2019-10-28 19:09:33.779,11321,11322,11322,1,1
2019-10-28 19:09:45.939,11321,11322,11322,1,1
2019-10-28 19:09:58.963,11321,11322,11322,4,4
2019-10-28 19:10:18.282,11321,11322,11322,1,1
2019-10-28 19:10:39.242,11321,11322,11322,1,1
2019-10-28 19:10:42.549,11321,11322,11322,1,1
2019-10-28 19:11:03.849,11321,11322,11322,1,1
2019-10-28 19:11:10.836,11321,11322,11322,1,1
2019-10-28 19:11:27.092,11321,11322,11322,1,1
2019-10-28 19:12:16.732,11321,11322,11322,1,1
2019-10-28 19:12:17.492,11321,11322,11322,1,1
2019-10-28 19:12:27.173,11321,11322,11321,1,-1
2019-10-28 19:12:45.508,11321,11322,11321,1,-1
2019-10-28 19:12:55.273,11321,11322,11321,1,-1
2019-10-28 19:12:56.095,11321,11322,11321,1,-1
2019-10-28 19:12:59.774,11321,11322,11322,2,2
2019-10-28 19:13:00.504,11321,11322,11322,1,1
2019-10-28 19:14:02.191,11321,11322,11322,1,1
2019-10-28 19:14:09.738,11321,11322,11322,1,1
2019-10-28 19:14:09.739,11321,11322,11322,1,1
2019-10-28 19:14:09.756,11321,11322,11322,1,1
2019-10-28 19:14:09.756,11321,11322,11322,2,2
2019-10-28 19:14:17.800,11321,11322,11322,1,1
2019-10-28 19:14:36.480,11321,11322,11322,5,5
2019-10-28 19:14:45.428,11321,11322,11322,1,1
2019-10-28 19:14:47.758,11321,11322,11322,1,1
2019-10-28 19:14:53.930,11321,11322,11322,5,5
2019-10-28 19:15:03.633,11321,11322,11322,2,2
2019-10-28 19:15:03.634,11321,11322,11322,2,2
2019-10-28 19:15:03.634,11321,11322,11322,1,1
2019-10-28 19:15:03.635,11321,11322,11322,3,3
2019-10-28 19:15:04.450,11321,11322,11322,3,3
2019-10-28 19:15:06.157,11321,11322,11322,1,1
2019-10-28 19:15:07.010,11321,11322,11322,8,8
2019-10-28 19:15:07.131,11321,11322,11322,1,1
2019-10-28 19:15:10.147,11322,11323,11322,1,-1
2019-10-28 19:15:11.562,11322,11323,11322,1,-1
2019-10-28 19:15:15.010,11322,11323,11323,1,1
2019-10-28 19:15:17.273,11322,11323,11322,2,-2
2019-10-28 19:15:20.500,11322,11323,11322,2,-2
2019-10-28 19:15:20.524,11321,11323,11322,1,-1
2019-10-28 19:15:20.864,11321,11322,11322,1,1
2019-10-28 19:15:29.069,11321,11322,11322,1,1
2019-10-28 19:15:35.271,11322,11323,11322,1,-1
2019-10-28 19:15:38.609,11322,11323,11322,2,-2
2019-10-28 19:15:49.208,11322,11323,11323,1,1
2019-10-28 19:16:29.497,11322,11323,11323,1,1
2019-10-28 19:16:29.506,11322,11323,11323,2,2
2019-10-28 19:16:29.631,11322,11323,11323,11,11
2019-10-28 19:16:29.756,11322,11323,11323,7,7
2019-10-28 19:16:29.757,11322,11323,11323,1,1
2019-10-28 19:16:29.757,11322,11323,11323,18,18
2019-10-28 19:16:38.057,11323,11324,11323,1,-1
2019-10-28 19:16:57.706,11323,11324,11324,5,5
2019-10-28 19:16:57.809,11323,11324,11324,4,4
2019-10-28 19:16:57.868,11323,11324,11324,4,4
2019-10-28 19:16:57.914,11323,11324,11324,4,4
2019-10-28 19:16:57.920,11323,11324,11324,4,4
2019-10-28 19:16:57.944,11323,11324,11324,1,1
2019-10-28 19:16:57.958,11323,11324,11324,4,4
2019-10-28 19:16:57.966,11323,11324,11324,12,12
2019-10-28 19:16:57.980,11323,11324,11324,4,4
2019-10-28 19:16:57.980,11323,11324,11324,4,4
2019-10-28 19:16:57.985,11323,11324,11325,12,12
2019-10-28 19:16:58.020,11324,11325,11325,4,4
2019-10-28 19:16:58.035,11324,11325,11325,10,10
2019-10-28 19:16:58.046,11324,11325,11325,10,10
2019-10-28 19:16:58.050,11324,11325,11325,2,2
2019-10-28 19:16:58.066,11324,11325,11325,1,1
2019-10-28 19:16:58.084,11324,11325,11324,2,-2
2019-10-28 19:16:58.088,11324,11325,11325,10,10
2019-10-28 19:16:58.116,11324,11325,11325,4,4
2019-10-28 19:16:58.153,11324,11325,11325,4,4
2019-10-28 19:16:58.249,11324,11325,11325,10,10
2019-10-28 19:16:58.257,11324,11325,11325,2,2
2019-10-28 19:16:58.289,11324,11325,11325,1,1
2019-10-28 19:16:58.296,11324,11325,11326,4,4
2019-10-28 19:16:58.299,11324,11325,11326,1,1
2019-10-28 19:16:58.304,11324,11325,11326,4,4
2019-10-28 19:16:58.314,11324,11325,11325,3,3
2019-10-28 19:16:58.323,11324,11325,11326,2,2
2019-10-28 19:16:58.340,11324,11325,11325,3,3
2019-10-28 19:16:58.365,11324,11325,11325,3,3
2019-10-28 19:16:58.369,11324,11325,11326,3,3
2019-10-28 19:16:58.385,11325,11326,11326,1,1
2019-10-28 19:16:58.386,11325,11326,11325,2,-2
2019-10-28 19:16:58.408,11325,11326,11326,2,2
2019-10-28 19:16:58.423,11325,11326,11325,1,-1
2019-10-28 19:16:58.468,11325,11326,11326,3,3
2019-10-28 19:16:58.512,11325,11326,11325,2,-2
2019-10-28 19:16:58.520,11325,11326,11326,1,1
2019-10-28 19:16:58.582,11325,11326,11326,3,3
2019-10-28 19:16:58.741,11325,11326,11326,3,3
2019-10-28 19:16:58.801,11325,11326,11326,1,1
2019-10-28 19:16:58.804,11325,11326,11326,1,1
2019-10-28 19:16:59.798,11325,11326,11326,1,1
2019-10-28 19:17:00.159,11325,11326,11325,1,-1
2019-10-28 19:17:05.231,11325,11326,11325,1,-1
2019-10-28 19:17:10.664,11325,11326,11325,1,-1
2019-10-28 19:17:15.452,11325,11326,11326,7,7
2019-10-28 19:17:21.892,11325,11326,11325,8,-8
2019-10-28 19:17:22.042,11324,11326,11325,1,-1
2019-10-28 19:17:22.804,11324,11325,11325,1,1
2019-10-28 19:17:25.573,11324,11325,11325,7,7
2019-10-28 19:17:34.544,11324,11325,11325,1,1
2019-10-28 19:17:48.406,11324,11325,11324,6,-6
2019-10-28 19:17:48.669,11323,11324,11324,4,4
2019-10-28 19:17:53.013,11324,11325,11324,1,-1
2019-10-28 19:17:57.242,11324,11325,11325,5,5
2019-10-28 19:17:57.508,11324,11325,11325,1,1
2019-10-28 19:18:02.128,11324,11325,11324,3,-3
2019-10-28 19:18:04.603,11324,11325,11324,5,-5
2019-10-28 19:18:08.985,11323,11324,11324,2,2
2019-10-28 19:18:16.706,11323,11324,11324,2,2
2019-10-28 19:18:20.139,11323,11324,11324,4,4
2019-10-28 19:18:21.947,11323,11324,11324,1,1
2019-10-28 19:18:22.220,11323,11324,11324,1,1
2019-10-28 19:18:25.116,11323,11324,11324,3,3
2019-10-28 19:18:25.735,11323,11324,11324,1,1
2019-10-28 19:18:34.731,11323,11324,11324,1,1
2019-10-28 19:18:34.733,11323,11324,11324,4,4
2019-10-28 19:18:34.734,11323,11324,11324,2,2
2019-10-28 19:18:34.734,11323,11324,11324,1,1
2019-10-28 19:18:39.666,11324,11325,11324,1,-1
2019-10-28 19:18:40.897,11324,11325,11324,1,-1
2019-10-28 19:18:43.168,11324,11325,11324,4,-4
2019-10-28 19:18:51.258,11323,11324,11323,2,-2
2019-10-28 19:18:51.260,11323,11324,11323,1,-1
2019-10-28 19:18:59.141,11323,11324,11324,2,2
2019-10-28 19:19:01.415,11324,11325,11324,2,-2
2019-10-28 19:19:06.006,11324,11325,11324,1,-1
2019-10-28 19:19:12.305,11324,11325,11324,1,-1
2019-10-28 19:19:17.710,11323,11324,11324,1,1
2019-10-28 19:19:28.147,11324,11325,11324,1,-1
2019-10-28 19:19:28.868,11323,11325,11323,1,-1
2019-10-28 19:19:34.303,11323,11324,11324,2,2
2019-10-28 19:19:41.646,11323,11324,11324,1,1
2019-10-28 19:19:44.928,11323,11324,11324,1,1
2019-10-28 19:19:45.028,11323,11324,11324,1,1
2019-10-28 19:19:45.165,11323,11324,11324,1,1
2019-10-28 19:19:45.369,11323,11324,11324,1,1
2019-10-28 19:19:45.478,11323,11324,11324,1,1
2019-10-28 19:19:45.582,11323,11324,11324,1,1
2019-10-28 19:19:45.798,11323,11324,11324,1,1
2019-10-28 19:19:58.497,11323,11324,11324,8,8
2019-10-28 19:20:00.156,11323,11324,11324,1,1
2019-10-28 19:20:35.452,11323,11324,11324,1,1
2019-10-28 19:20:42.146,11323,11324,11324,1,1
2019-10-28 19:20:53.812,11323,11324,11324,5,5
2019-10-28 19:21:04.161,11323,11324,11324,2,2
2019-10-28 19:21:25.844,11323,11324,11324,6,6
2019-10-28 19:21:28.166,11323,11324,11324,1,1
2019-10-28 19:21:29.520,11324,11325,11324,1,-1
2019-10-28 19:21:41.253,11323,11324,11324,2,2
2019-10-28 19:21:43.059,11323,11324,11324,1,1
2019-10-28 19:21:53.189,11324,11325,11324,2,-2
2019-10-28 19:22:00.158,11324,11325,11324,1,-1
2019-10-28 19:22:02.556,11323,11325,11325,1,1
2019-10-28 19:22:46.686,11324,11325,11324,2,-2
2019-10-28 19:22:53.208,11324,11325,11324,1,-1
2019-10-28 19:23:56.981,11324,11325,11325,35,35
2019-10-28 19:23:57.007,11324,11325,11325,4,4
2019-10-28 19:23:57.007,11324,11325,11325,4,4
2019-10-28 19:23:57.007,11324,11325,11325,3,3
2019-10-28 19:24:00.376,11325,11326,11325,1,-1
2019-10-28 19:24:00.622,11325,11326,11326,1,1
2019-10-28 19:24:00.777,11325,11326,11326,4,4
2019-10-28 19:24:00.791,11325,11326,11326,4,4
2019-10-28 19:24:00.830,11325,11326,11326,4,4
2019-10-28 19:24:00.853,11325,11326,11326,4,4
2019-10-28 19:24:00.883,11325,11326,11326,4,4
2019-10-28 19:24:01.284,11325,11326,11326,1,1
2019-10-28 19:24:01.509,11325,11326,11326,1,1
2019-10-28 19:24:02.278,11325,11326,11325,1,-1
2019-10-28 19:24:04.452,11325,11326,11326,1,1
2019-10-28 19:24:08.885,11325,11326,11325,2,-2
2019-10-28 19:24:12.161,11324,11325,11325,1,1
2019-10-28 19:24:25.780,11324,11325,11325,1,1
2019-10-28 19:24:48.883,11324,11325,11325,2,2
2019-10-28 19:24:50.606,11324,11325,11325,1,1
2019-10-28 19:24:57.935,11324,11325,11325,2,2
2019-10-28 19:25:33.894,11324,11325,11325,1,1
2019-10-28 19:25:34.599,11324,11325,11325,1,1
2019-10-28 19:25:34.733,11324,11325,11325,1,1
2019-10-28 19:25:43.229,11324,11325,11325,1,1
2019-10-28 19:25:47.873,11324,11325,11325,1,1
2019-10-28 19:25:58.202,11324,11325,11325,1,1
2019-10-28 19:26:05.575,11324,11325,11325,1,1
2019-10-28 19:26:05.631,11324,11325,11325,1,1
2019-10-28 19:26:13.504,11324,11325,11325,3,3
2019-10-28 19:26:20.450,11324,11325,11325,1,1
2019-10-28 19:26:29.235,11324,11325,11325,3,3
2019-10-28 19:26:45.770,11324,11325,11325,1,1
2019-10-28 19:26:54.885,11324,11325,11325,4,4
2019-10-28 19:26:57.841,11324,11325,11325,5,5
2019-10-28 19:27:35.714,11325,11326,11325,1,-1
2019-10-28 19:27:54.387,11325,11326,11326,1,1
2019-10-28 19:28:15.095,11325,11326,11326,9,9
2019-10-28 19:28:25.364,11326,11327,11327,1,1
2019-10-28 19:28:25.408,11326,11327,11327,1,1
2019-10-28 19:28:25.416,11326,11327,11327,2,2
2019-10-28 19:28:25.441,11326,11327,11327,1,1
2019-10-28 19:28:25.531,11326,11327,11327,2,2
2019-10-28 19:28:25.550,11326,11327,11327,1,1
2019-10-28 19:28:25.567,11326,11327,11327,1,1
2019-10-28 19:28:25.580,11326,11327,11327,1,1
2019-10-28 19:28:26.001,11326,11327,11327,1,1
2019-10-28 19:28:26.403,11326,11327,11327,1,1
2019-10-28 19:28:33.496,11326,11327,11327,1,1
2019-10-28 19:28:35.692,11326,11327,11326,1,-1
2019-10-28 19:28:35.861,11326,11327,11327,1,1
2019-10-28 19:28:58.527,11326,11327,11327,2,2
2019-10-28 19:29:08.802,11326,11327,11327,1,1
2019-10-28 19:29:08.853,11326,11327,11327,1,1
2019-10-28 19:29:09.292,11326,11327,11327,1,1
2019-10-28 19:29:11.000,11326,11327,11327,1,1
2019-10-28 19:29:26.447,11326,11327,11327,1,1
2019-10-28 19:29:27.607,11326,11327,11327,1,1
2019-10-28 19:29:29.065,11326,11327,11327,2,2
2019-10-28 19:29:37.468,11326,11327,11327,4,4
2019-10-28 19:29:38.653,11326,11327,11327,1,1
2019-10-28 19:29:39.838,11326,11327,11327,1,1
2019-10-28 19:29:41.801,11326,11327,11327,1,1
2019-10-28 19:29:46.830,11326,11327,11327,1,1
2019-10-28 19:29:48.474,11326,11327,11327,1,1
2019-10-28 19:29:57.139,11326,11327,11327,1,1
2019-10-28 19:30:07.446,11326,11327,11327,2,2
2019-10-28 19:30:07.833,11326,11327,11326,5,-5
2019-10-28 19:30:07.841,11326,11327,11326,2,-2
2019-10-28 19:30:07.866,11326,11327,11326,2,-2
2019-10-28 19:30:07.880,11326,11327,11326,2,-2
2019-10-28 19:30:07.900,11326,11327,11326,1,-1
2019-10-28 19:30:07.919,11326,11327,11326,2,-2
2019-10-28 19:30:08.117,11326,11327,11326,2,-2
2019-10-28 19:30:08.423,11326,11327,11327,1,1
2019-10-28 19:30:08.760,11326,11327,11327,1,1
2019-10-28 19:30:08.765,11326,11327,11327,1,1
2019-10-28 19:30:08.782,11326,11327,11327,1,1
2019-10-28 19:30:08.820,11326,11327,11327,2,2
2019-10-28 19:30:08.822,11326,11327,11327,1,1
2019-10-28 19:30:08.823,11326,11327,11327,1,1
2019-10-28 19:30:08.843,11326,11327,11327,1,1
2019-10-28 19:30:08.879,11326,11327,11327,1,1
2019-10-28 19:30:08.880,11326,11327,11327,1,1
2019-10-28 19:30:08.941,11326,11327,11327,1,1
2019-10-28 19:30:08.949,11326,11327,11327,1,1
2019-10-28 19:30:08.997,11326,11327,11327,1,1
2019-10-28 19:30:09.087,11326,11327,11327,1,1
2019-10-28 19:30:09.175,11326,11328,11327,1,-1
2019-10-28 19:30:09.237,11326,11328,11328,2,2
2019-10-28 19:30:09.286,11326,11328,11326,1,-1
2019-10-28 19:30:09.923,11326,11327,11327,2,2
2019-10-28 19:30:09.923,11326,11327,11327,1,1
2019-10-28 19:30:09.945,11326,11327,11327,2,2
2019-10-28 19:30:10.007,11326,11328,11328,1,1
2019-10-28 19:30:10.920,11326,11328,11328,1,1
2019-10-28 19:30:10.960,11326,11328,11328,2,2
2019-10-28 19:30:11.501,11326,11328,11328,1,1
2019-10-28 19:30:11.591,11326,11328,11328,1,1
2019-10-28 19:30:17.495,11327,11328,11327,1,-1
2019-10-28 19:30:18.202,11327,11328,11327,5,-5
2019-10-28 19:30:19.975,11326,11327,11327,1,1
2019-10-28 19:30:21.198,11326,11327,11327,5,5
2019-10-28 19:30:29.237,11326,11327,11326,12,-12
2019-10-28 19:30:29.509,11325,11326,11325,3,-3
2019-10-28 19:30:30.105,11325,11326,11326,1,1
2019-10-28 19:30:31.796,11325,11326,11326,1,1
2019-10-28 19:30:38.179,11325,11326,11325,1,-1
2019-10-28 19:30:38.695,11325,11326,11325,1,-1
2019-10-28 19:30:46.695,11325,11326,11325,1,-1
2019-10-28 19:30:47.250,11325,11326,11325,1,-1
2019-10-28 19:30:54.744,11325,11326,11326,1,1
2019-10-28 19:30:58.047,11325,11326,11325,1,-1
2019-10-28 19:30:58.336,11325,11326,11325,1,-1
2019-10-28 19:30:59.698,11325,11326,11325,1,-1
2019-10-28 19:31:01.286,11325,11326,11325,2,-2
2019-10-28 19:31:03.802,11325,11326,11325,1,-1
2019-10-28 19:31:04.413,11325,11326,11325,2,-2
2019-10-28 19:31:05.513,11325,11326,11325,1,-1
2019-10-28 19:31:07.554,11325,11326,11325,1,-1
2019-10-28 19:31:09.197,11325,11326,11325,1,-1
2019-10-28 19:31:09.645,11325,11326,11325,1,-1
2019-10-28 19:31:09.757,11325,11326,11325,1,-1
2019-10-28 19:31:18.740,11324,11325,11325,1,1
2019-10-28 19:31:18.978,11324,11325,11325,1,1
2019-10-28 19:31:21.817,11324,11325,11325,1,1
2019-10-28 19:31:34.188,11324,11325,11324,1,-1
2019-10-28 19:31:40.874,11324,11325,11324,1,-1
2019-10-28 19:31:46.562,11324,11325,11324,1,-1
2019-10-28 19:31:54.497,11324,11325,11324,1,-1
2019-10-28 19:32:06.606,11324,11325,11325,6,6
2019-10-28 19:32:16.560,11325,11326,11325,2,-2
2019-10-28 19:32:26.922,11325,11326,11325,1,-1
2019-10-28 19:32:33.217,11325,11326,11325,4,-4
2019-10-28 19:32:33.256,11325,11326,11325,2,-2
2019-10-28 19:32:33.381,11325,11326,11325,1,-1
2019-10-28 19:32:36.622,11325,11326,11325,1,-1
2019-10-28 19:32:37.605,11325,11326,11325,1,-1
2019-10-28 19:32:54.587,11325,11326,11325,4,-4
2019-10-28 19:32:59.490,11325,11326,11325,1,-1
2019-10-28 19:33:09.522,11324,11325,11324,2,-2
2019-10-28 19:33:16.851,11324,11325,11325,1,1
2019-10-28 19:33:21.114,11324,11325,11325,1,1
2019-10-28 19:33:23.959,11324,11325,11324,1,-1
2019-10-28 19:33:47.386,11324,11325,11324,3,-3
2019-10-28 19:34:19.517,11324,11325,11324,1,-1
2019-10-28 19:34:26.994,11324,11325,11324,1,-1
2019-10-28 19:34:29.398,11324,11325,11324,1,-1
2019-10-28 19:34:32.378,11324,11325,11325,10,10
2019-10-28 19:34:40.985,11324,11325,11325,5,5
2019-10-28 19:34:50.145,11324,11325,11325,1,1
2019-10-28 19:34:54.977,11324,11325,11325,1,1
2019-10-28 19:35:10.188,11324,11325,11325,5,5
2019-10-28 19:35:14.140,11324,11325,11325,1,1
2019-10-28 19:35:17.934,11325,11326,11325,1,-1
2019-10-28 19:35:26.843,11324,11325,11325,1,1
2019-10-28 19:35:45.150,11324,11326,11326,2,2
2019-10-28 19:36:42.883,11325,11326,11326,2,2
2019-10-28 19:36:44.937,11325,11326,11326,8,8
2019-10-28 19:36:47.836,11326,11327,11326,3,-3
2019-10-28 19:37:04.511,11326,11327,11326,1,-1
2019-10-28 19:37:06.181,11326,11327,11326,5,-5
2019-10-28 19:37:06.667,11325,11326,11325,3,-3
2019-10-28 19:37:06.672,11325,11326,11325,1,-1
2019-10-28 19:37:30.143,11325,11326,11326,3,3
2019-10-28 19:37:30.409,11325,11327,11325,1,-1
2019-10-28 19:37:57.340,11325,11326,11325,1,-1
2019-10-28 19:38:10.138,11325,11326,11325,1,-1
2019-10-28 19:38:18.772,11325,11326,11326,1,1
2019-10-28 19:38:28.256,11325,11326,11325,1,-1
2019-10-28 19:39:29.604,11325,11326,11325,10,-10
2019-10-28 19:40:03.453,11325,11326,11325,1,-1
2019-10-28 19:40:03.847,11325,11326,11325,2,-2
2019-10-28 19:40:07.539,11325,11326,11325,1,-1
2019-10-28 19:40:20.409,11325,11326,11325,3,-3
2019-10-28 19:40:20.410,11325,11326,11325,3,-3
2019-10-28 19:40:20.912,11325,11326,11325,1,-1
2019-10-28 19:40:26.857,11325,11326,11325,1,-1
2019-10-28 19:40:29.062,11325,11326,11325,1,-1
2019-10-28 19:40:55.207,11325,11326,11325,4,-4
2019-10-28 19:41:23.650,11325,11326,11325,3,-3
2019-10-28 19:41:24.094,11324,11325,11324,1,-1
2019-10-28 19:41:44.107,11324,11325,11324,1,-1
2019-10-28 19:41:53.122,11324,11325,11325,1,1
2019-10-28 19:42:01.315,11324,11325,11325,1,1
2019-10-28 19:42:23.198,11324,11325,11325,3,3
2019-10-28 19:44:13.427,11324,11325,11325,3,3
2019-10-28 19:44:23.674,11324,11325,11324,1,-1
2019-10-28 19:45:57.409,11324,11325,11324,1,-1
2019-10-28 19:45:57.867,11324,11325,11325,1,1
2019-10-28 19:46:35.325,11324,11325,11324,1,-1
2019-10-28 19:46:35.933,11324,11325,11325,1,1
2019-10-28 19:46:53.286,11324,11325,11324,2,-2
2019-10-28 19:47:39.289,11324,11325,11325,1,1
2019-10-28 19:47:44.448,11324,11325,11325,1,1
2019-10-28 19:48:01.075,11324,11325,11325,1,1
2019-10-28 19:48:37.366,11324,11325,11324,1,-1
2019-10-28 19:48:48.192,11324,11325,11325,1,1
2019-10-28 19:48:54.013,11324,11325,11324,1,-1
2019-10-28 19:48:55.253,11324,11325,11325,1,1
2019-10-28 19:49:09.957,11324,11325,11325,2,2
2019-10-28 19:49:28.118,11324,11325,11325,4,4
2019-10-28 19:49:28.119,11324,11325,11325,2,2
2019-10-28 19:49:28.131,11324,11325,11325,7,7
2019-10-28 19:49:28.957,11325,11326,11325,3,-3
2019-10-28 19:49:57.114,11324,11325,11325,5,5
2019-10-28 19:50:29.312,11325,11326,11325,1,-1
2019-10-28 19:50:31.082,11325,11326,11325,1,-1
2019-10-28 19:50:40.356,11325,11326,11326,1,1
2019-10-28 19:50:52.409,11325,11326,11325,5,-5
2019-10-28 19:51:35.031,11325,11326,11326,4,4
2019-10-28 19:51:45.999,11325,11326,11326,1,1
2019-10-28 19:51:49.682,11325,11326,11326,1,1
2019-10-28 19:51:50.031,11325,11326,11326,5,5
2019-10-28 19:51:50.904,11325,11326,11326,6,6
2019-10-28 19:52:14.806,11325,11326,11326,2,2
2019-10-28 19:52:22.730,11325,11326,11326,1,1
2019-10-28 19:52:32.738,11325,11326,11326,2,2
2019-10-28 19:52:33.793,11325,11326,11326,1,1
2019-10-28 19:52:33.798,11325,11326,11326,1,1
2019-10-28 19:52:39.209,11325,11326,11326,1,1
2019-10-28 19:52:47.368,11325,11326,11326,1,1
2019-10-28 19:52:57.637,11326,11327,11327,2,2
2019-10-28 19:53:00.238,11326,11327,11326,4,-4
2019-10-28 19:53:01.049,11325,11326,11326,1,1
2019-10-28 19:53:01.131,11325,11326,11326,3,3
2019-10-28 19:53:01.256,11325,11326,11326,1,1
2019-10-28 19:53:01.323,11325,11326,11326,1,1
2019-10-28 19:53:10.381,11326,11327,11326,1,-1
2019-10-28 19:53:39.742,11326,11327,11326,1,-1
2019-10-28 19:54:03.174,11326,11327,11326,1,-1
2019-10-28 19:54:26.881,11326,11327,11326,2,-2
2019-10-28 19:54:27.260,11326,11327,11327,1,1
2019-10-28 19:54:31.817,11326,11327,11326,1,-1
2019-10-28 19:54:36.892,11326,11327,11326,2,-2
2019-10-28 19:55:11.410,11326,11327,11326,1,-1
2019-10-28 19:55:15.577,11326,11327,11326,1,-1
2019-10-28 19:55:20.105,11326,11327,11326,1,-1
2019-10-28 19:56:01.506,11326,11327,11326,1,-1
2019-10-28 19:56:02.618,11325,11327,11327,1,1
2019-10-28 19:56:02.625,11325,11327,11327,1,1
2019-10-28 19:56:02.635,11325,11327,11327,1,1
2019-10-28 19:56:02.637,11325,11327,11327,1,1
2019-10-28 19:56:14.630,11325,11326,11326,1,1
2019-10-28 19:56:20.463,11326,11327,11326,4,-4
2019-10-28 19:56:50.523,11326,11327,11326,1,-1
2019-10-28 19:56:53.217,11326,11327,11326,1,-1
2019-10-28 19:57:26.670,11326,11327,11326,1,-1
2019-10-28 19:57:52.071,11326,11327,11326,3,-3
2019-10-28 19:58:01.424,11326,11327,11326,1,-1
2019-10-28 19:59:01.351,11325,11326,11326,1,1
2019-10-28 19:59:07.199,11325,11326,11326,1,1
2019-10-28 19:59:49.241,11325,11326,11326,1,1
2019-10-28 20:00:00.490,11325,11326,11326,2,2
2019-10-28 20:00:00.880,11325,11326,11326,2,2
2019-10-28 20:00:01.019,11325,11326,11326,1,1
2019-10-28 20:00:01.953,11325,11326,11326,2,2
2019-10-28 20:00:02.880,11325,11326,11326,1,1
2019-10-28 20:00:02.895,11325,11327,11327,1,1
2019-10-28 20:00:37.873,11326,11327,11327,2,2
2019-10-28 20:00:40.414,11326,11327,11326,1,-1
2019-10-28 20:01:00.339,11326,11327,11327,1,1
2019-10-28 20:01:04.667,11326,11327,11326,1,-1
2019-10-28 20:01:12.262,11326,11327,11326,1,-1
2019-10-28 20:01:12.361,11326,11327,11326,1,-1
2019-10-28 20:01:33.800,11326,11327,11326,4,-4
2019-10-28 20:01:33.800,11326,11327,11326,2,-2
2019-10-28 20:01:47.518,11325,11326,11326,7,7
2019-10-28 20:01:49.528,11326,11327,11326,1,-1
2019-10-28 20:02:28.074,11326,11327,11326,1,-1
2019-10-28 20:02:30.042,11326,11327,11326,1,-1
2019-10-28 20:02:38.525,11326,11327,11326,1,-1
2019-10-28 20:02:44.847,11326,11327,11326,1,-1
2019-10-28 20:03:00.141,11326,11327,11326,1,-1
2019-10-28 20:03:01.906,11326,11327,11326,3,-3
2019-10-28 20:03:01.907,11326,11327,11326,1,-1
2019-10-28 20:03:01.907,11326,11327,11326,1,-1
2019-10-28 20:03:01.907,11326,11327,11326,1,-1
2019-10-28 20:03:02.006,11326,11327,11326,1,-1
2019-10-28 20:03:02.006,11326,11327,11326,1,-1
2019-10-28 20:03:05.710,11325,11327,11326,1,-1
2019-10-28 20:03:08.457,11325,11326,11326,1,1
2019-10-28 20:03:25.428,11325,11326,11326,1,1
2019-10-28 20:03:25.576,11325,11326,11326,1,1
2019-10-28 20:03:42.039,11325,11326,11326,4,4
2019-10-28 20:03:42.131,11326,11327,11326,1,-1
2019-10-28 20:03:42.132,11326,11327,11326,1,-1
2019-10-28 20:04:04.379,11326,11327,11326,1,-1
2019-10-28 20:04:17.312,11326,11327,11326,1,-1
2019-10-28 20:04:30.356,11326,11327,11326,1,-1
2019-10-28 20:04:34.768,11326,11327,11327,1,1
2019-10-28 20:05:12.084,11326,11327,11327,1,1
2019-10-28 20:05:12.625,11326,11327,11327,1,1
2019-10-28 20:05:12.836,11326,11327,11327,2,2
2019-10-28 20:05:13.427,11326,11327,11327,1,1
2019-10-28 20:05:30.515,11326,11327,11327,2,2
2019-10-28 20:05:30.631,11326,11327,11327,6,6
2019-10-28 20:05:41.042,11326,11327,11326,1,-1
2019-10-28 20:06:16.368,11326,11327,11326,1,-1
2019-10-28 20:06:19.592,11326,11327,11326,1,-1
2019-10-28 20:07:42.287,11326,11327,11326,1,-1
2019-10-28 20:10:08.360,11326,11327,11326,12,-12
2019-10-28 20:10:26.951,11326,11327,11326,1,-1
2019-10-28 20:10:41.128,11326,11327,11327,2,2
2019-10-28 20:10:43.322,11326,11327,11326,2,-2
2019-10-28 20:11:00.319,11326,11327,11326,1,-1
2019-10-28 20:11:35.556,11326,11327,11326,1,-1
2019-10-28 20:12:19.911,11326,11327,11327,1,1
2019-10-28 20:12:45.745,11326,11327,11327,1,1
2019-10-28 20:13:07.138,11326,11327,11327,1,1
2019-10-28 20:13:10.450,11326,11327,11327,1,1
2019-10-28 20:13:11.641,11326,11327,11326,1,-1
2019-10-28 20:13:14.932,11326,11327,11326,1,-1
2019-10-28 20:14:00.802,11326,11327,11327,1,1
2019-10-28 20:14:30.579,11326,11327,11327,2,2
2019-10-28 20:15:51.958,11326,11327,11326,1,-1
2019-10-28 20:16:00.583,11326,11327,11326,1,-1
2019-10-28 20:16:32.843,11326,11327,11326,1,-1
2019-10-28 20:16:37.340,11326,11327,11326,1,-1
2019-10-28 20:17:23.598,11326,11327,11326,1,-1
2019-10-28 20:17:49.866,11326,11327,11326,1,-1
2019-10-28 20:18:52.970,11326,11327,11326,1,-1
2019-10-28 20:18:58.860,11326,11327,11326,1,-1
2019-10-28 20:19:19.830,11326,11327,11326,1,-1
2019-10-28 20:19:51.724,11326,11327,11327,3,3
2019-10-28 20:19:59.338,11326,11327,11327,2,2
2019-10-28 20:20:17.589,11326,11327,11327,1,1
2019-10-28 20:20:20.131,11326,11327,11327,2,2
2019-10-28 20:20:31.504,11326,11327,11326,1,-1
2019-10-28 20:20:32.360,11326,11327,11326,1,-1
2019-10-28 20:21:12.440,11326,11327,11327,4,4
2019-10-28 20:21:25.291,11326,11327,11327,1,1
2019-10-28 20:22:15.939,11326,11327,11327,15,15
2019-10-28 20:22:16.606,11326,11327,11327,1,1
2019-10-28 20:22:16.676,11326,11327,11327,4,4
2019-10-28 20:22:22.541,11326,11327,11327,1,1
2019-10-28 20:22:40.470,11326,11327,11327,1,1
2019-10-28 20:22:49.850,11326,11327,11327,2,2
2019-10-28 20:22:49.852,11326,11327,11327,1,1
2019-10-28 20:22:49.852,11326,11327,11327,9,9
2019-10-28 20:22:49.853,11326,11327,11327,1,1
2019-10-28 20:22:49.853,11326,11327,11327,2,2
2019-10-28 20:22:49.853,11326,11327,11327,11,11
2019-10-28 20:22:49.878,11326,11327,11327,4,4
2019-10-28 20:22:49.881,11326,11327,11327,1,1
2019-10-28 20:22:49.907,11326,11327,11327,3,3
2019-10-28 20:22:49.932,11326,11327,11327,3,3
2019-10-28 20:23:03.290,11327,11328,11327,2,-2
2019-10-28 20:23:12.257,11327,11328,11327,1,-1
