2024-02-01 15:00:00.001,17966,17966,17966,272,0
2024-02-01 15:00:00.001,17966,17966,17966,4,0
2024-02-01 15:00:00.001,17966,17966,17966,2,0
2024-02-01 15:00:00.001,17966,17966,17966,2,0
2024-02-01 15:00:00.001,17966,17966,17966,4,0
2024-02-01 15:00:00.001,17966,17966,17966,4,0
2024-02-01 15:00:00.001,17966,17966,17966,2,0
2024-02-01 15:00:00.001,17965,17965,17965,2,-2
2024-02-01 15:00:00.001,17967,17967,17967,2,2
2024-02-01 15:00:00.001,17967,17967,17967,8,0
2024-02-01 15:00:00.001,17965,17965,17965,2,-2
2024-02-01 15:00:00.001,17965,17965,17965,2,0
2024-02-01 15:00:00.001,17965,17965,17965,2,0
2024-02-01 15:00:00.001,17965,17965,17965,14,0
2024-02-01 15:00:00.001,17967,17967,17967,4,4
2024-02-01 15:00:00.001,17965,17965,17965,2,-2
2024-02-01 15:00:00.001,17965,17965,17965,4,0
2024-02-01 15:00:00.001,17965,17965,17965,2,0
2024-02-01 15:00:00.001,17965,17965,17965,4,0
2024-02-01 15:00:00.001,17965,17965,17965,2,0
2024-02-01 15:00:00.001,17964,17964,17964,2,-2
2024-02-01 15:00:00.001,17964,17964,17964,2,0
2024-02-01 15:00:00.001,17964,17964,17964,2,0
2024-02-01 15:00:00.001,17967,17967,17967,2,2
2024-02-01 15:00:00.001,17964,17964,17964,2,-2
2024-02-01 15:00:00.001,17967,17967,17967,2,2
2024-02-01 15:00:00.001,17966,17966,17966,6,-6
2024-02-01 15:00:00.001,17966,17966,17966,2,0
2024-02-01 15:00:00.001,17966,17966,17966,2,0
2024-02-01 15:00:00.001,17964,17964,17964,2,-2
2024-02-01 15:00:00.001,17964,17964,17964,4,0
2024-02-01 15:00:00.001,17963,17963,17963,2,-2
2024-02-01 15:00:00.001,17963,17963,17963,10,0
2024-02-01 15:00:00.001,17963,17963,17963,2,0
2024-02-01 15:00:00.001,17965,17965,17965,2,2
2024-02-01 15:00:00.001,17966,17966,17966,2,2
2024-02-01 15:00:00.001,17964,17964,17964,4,-4
2024-02-01 15:00:00.001,17964,17964,17964,2,0
2024-02-01 15:00:00.001,17966,17966,17966,4,4
2024-02-01 15:00:00.001,17966,17966,17966,2,0
2024-02-01 15:00:00.001,17967,17967,17967,8,8
2024-02-01 15:00:00.001,17967,17967,17967,2,0
2024-02-01 15:00:00.001,17967,17967,17967,2,0
2024-02-01 15:00:00.001,17967,17967,17967,2,0
2024-02-01 15:00:00.001,17968,17968,17968,2,2
2024-02-01 15:00:00.001,17968,17968,17968,10,0
2024-02-01 15:00:00.001,17968,17968,17968,2,0
2024-02-01 15:00:00.001,17968,17968,17968,8,0
2024-02-01 15:00:00.001,17968,17968,17968,14,0
2024-02-01 15:00:00.001,17966,17966,17966,2,-2
2024-02-01 15:00:00.001,17966,17966,17966,2,0
2024-02-01 15:00:00.001,17966,17966,17966,2,0
2024-02-01 15:00:00.001,17966,17966,17966,2,0
2024-02-01 15:00:00.001,17965,17965,17965,2,-2
2024-02-01 15:00:00.001,17965,17965,17965,2,0
2024-02-01 15:00:00.001,17965,17965,17965,2,0
2024-02-01 15:00:00.001,17965,17965,17965,2,0
2024-02-01 15:00:00.001,17967,17967,17967,6,6
2024-02-01 15:00:00.001,17968,17968,17968,4,4
2024-02-01 15:00:00.001,17967,17967,17967,2,-2
2024-02-01 15:00:00.001,17967,17967,17967,2,0
2024-02-01 15:00:00.001,17968,17968,17968,2,2
2024-02-01 15:00:00.001,17968,17968,17968,2,0
2024-02-01 15:00:00.001,17969,17969,17969,2,2
2024-02-01 15:00:00.001,17969,17969,17969,2,0
2024-02-01 15:00:00.001,17969,17969,17969,24,0
2024-02-01 15:00:00.001,17969,17969,17969,2,0
2024-02-01 15:00:00.001,17969,17969,17969,2,0
2024-02-01 15:00:00.001,17970,17970,17970,2,2
2024-02-01 15:00:00.001,17970,17970,17970,8,0
2024-02-01 15:00:00.001,17970,17970,17970,24,0
2024-02-01 15:00:00.001,17969,17969,17969,2,-2
2024-02-01 15:00:00.001,17970,17970,17970,2,2
2024-02-01 15:00:00.001,17967,17967,17967,4,-4
2024-02-01 15:00:00.001,17968,17968,17968,2,2
2024-02-01 15:00:00.001,17968,17968,17968,4,0
2024-02-01 15:00:00.001,17966,17966,17966,2,-2
2024-02-01 15:00:00.001,17968,17968,17968,2,2
2024-02-01 15:00:00.001,17968,17968,17968,2,0
2024-02-01 15:00:00.001,17970,17970,17970,4,4
2024-02-01 15:00:00.001,17970,17970,17970,2,0
2024-02-01 15:00:00.001,17970,17970,17970,2,0
2024-02-01 15:00:00.001,17970,17970,17970,2,0
2024-02-01 15:00:00.001,17970,17970,17970,2,0
2024-02-01 15:00:00.001,17970,17970,17970,2,0
2024-02-01 15:00:00.001,17970,17970,17970,4,0
2024-02-01 15:00:01.001,17968,17968,17968,2,-2
2024-02-01 15:00:01.001,17969,17969,17969,2,2
2024-02-01 15:00:01.001,17969,17969,17969,2,0
2024-02-01 15:00:01.001,17969,17969,17969,2,0
2024-02-01 15:00:01.001,17969,17969,17969,2,0
2024-02-01 15:00:01.001,17970,17970,17970,2,2
2024-02-01 15:00:01.001,17970,17970,17970,4,0
2024-02-01 15:00:01.001,17970,17970,17970,2,0
2024-02-01 15:00:01.001,17970,17970,17970,2,0
2024-02-01 15:00:01.001,17970,17970,17970,6,0
2024-02-01 15:00:01.001,17970,17970,17970,4,0
2024-02-01 15:00:01.001,17970,17970,17970,2,0
2024-02-01 15:00:01.001,17970,17970,17970,4,0
2024-02-01 15:00:01.001,17970,17970,17970,4,0
2024-02-01 15:00:01.001,17970,17970,17970,2,0
2024-02-01 15:00:01.001,17970,17970,17970,2,0
2024-02-01 15:00:01.001,17970,17970,17970,2,0
2024-02-01 15:00:01.001,17970,17970,17970,2,0
2024-02-01 15:00:01.001,17968,17968,17968,2,-2
2024-02-01 15:00:01.001,17969,17969,17969,2,2
2024-02-01 15:00:01.001,17969,17969,17969,2,0
2024-02-01 15:00:01.001,17970,17970,17970,2,2
2024-02-01 15:00:01.001,17968,17968,17968,2,-2
2024-02-01 15:00:01.001,17968,17968,17968,2,0
2024-02-01 15:00:01.001,17968,17968,17968,2,0
2024-02-01 15:00:01.001,17969,17969,17969,4,4
2024-02-01 15:00:01.001,17970,17970,17970,2,2
2024-02-01 15:00:01.001,17969,17969,17969,2,-2
2024-02-01 15:00:01.001,17970,17970,17970,4,4
2024-02-01 15:00:01.001,17970,17970,17970,2,0
2024-02-01 15:00:01.001,17970,17970,17970,2,0
2024-02-01 15:00:01.001,17970,17970,17970,2,0
2024-02-01 15:00:01.001,17970,17970,17970,12,0
2024-02-01 15:00:01.001,17970,17970,17970,2,0
2024-02-01 15:00:01.001,17970,17970,17970,2,0
2024-02-01 15:00:01.001,17968,17968,17968,2,-2
2024-02-01 15:00:02.001,17970,17970,17970,2,2
2024-02-01 15:00:02.001,17970,17970,17970,2,0
2024-02-01 15:00:02.001,17969,17969,17969,2,-2
2024-02-01 15:00:02.001,17970,17970,17970,2,2
2024-02-01 15:00:02.001,17969,17969,17969,2,-2
2024-02-01 15:00:02.001,17969,17969,17969,2,0
2024-02-01 15:00:02.001,17968,17968,17968,2,-2
2024-02-01 15:00:02.001,17968,17968,17968,2,0
2024-02-01 15:00:02.001,17967,17967,17967,2,-2
2024-02-01 15:00:02.001,17967,17967,17967,2,0
2024-02-01 15:00:02.001,17967,17967,17967,2,0
2024-02-01 15:00:02.001,17969,17969,17969,4,4
2024-02-01 15:00:02.001,17967,17967,17967,2,-2
2024-02-01 15:00:02.001,17969,17969,17969,2,2
2024-02-01 15:00:02.001,17968,17968,17968,2,-2
2024-02-01 15:00:02.001,17968,17968,17968,2,0
2024-02-01 15:00:02.001,17968,17968,17968,4,0
2024-02-01 15:00:02.001,17967,17967,17967,2,-2
2024-02-01 15:00:02.001,17967,17967,17967,2,0
2024-02-01 15:00:02.001,17966,17966,17966,2,-2
2024-02-01 15:00:02.001,17966,17966,17966,2,0
2024-02-01 15:00:02.001,17966,17966,17966,2,0
2024-02-01 15:00:02.001,17968,17968,17968,2,2
2024-02-01 15:00:02.001,17966,17966,17966,2,-2
2024-02-01 15:00:02.001,17966,17966,17966,2,0
2024-02-01 15:00:02.001,17966,17966,17966,2,0
2024-02-01 15:00:02.001,17966,17966,17966,2,0
2024-02-01 15:00:02.001,17966,17966,17966,2,0
2024-02-01 15:00:02.001,17967,17967,17967,4,4
2024-02-01 15:00:02.001,17966,17966,17966,4,-4
2024-02-01 15:00:02.001,17966,17966,17966,4,0
2024-02-01 15:00:02.001,17966,17966,17966,2,0
2024-02-01 15:00:02.001,17968,17968,17968,2,2
2024-02-01 15:00:02.001,17968,17968,17968,2,0
2024-02-01 15:00:02.001,17968,17968,17968,2,0
2024-02-01 15:00:03.001,17965,17965,17965,2,-2
2024-02-01 15:00:03.001,17967,17967,17967,2,2
2024-02-01 15:00:03.001,17967,17967,17967,2,0
2024-02-01 15:00:03.001,17965,17965,17965,2,-2
2024-02-01 15:00:03.001,17965,17965,17965,2,0
2024-02-01 15:00:03.001,17965,17965,17965,2,0
2024-02-01 15:00:03.001,17967,17967,17967,6,6
2024-02-01 15:00:04.001,17967,17967,17967,2,0
2024-02-01 15:00:04.001,17966,17966,17966,2,-2
2024-02-01 15:00:05.001,17967,17967,17967,2,2
2024-02-01 15:00:05.001,17967,17967,17967,20,0
2024-02-01 15:00:06.001,17967,17967,17967,2,0
2024-02-01 15:00:06.001,17966,17966,17966,6,-6
2024-02-01 15:00:06.001,17966,17966,17966,2,0
2024-02-01 15:00:06.001,17967,17967,17967,4,4
2024-02-01 15:00:06.001,17967,17967,17967,4,0
2024-02-01 15:00:06.001,17967,17967,17967,4,0
2024-02-01 15:00:06.001,17966,17966,17966,2,-2
2024-02-01 15:00:06.001,17967,17967,17967,6,6
2024-02-01 15:00:06.001,17968,17968,17968,2,2
2024-02-01 15:00:06.001,17968,17968,17968,6,0
2024-02-01 15:00:06.001,17968,17968,17968,2,0
2024-02-01 15:00:06.001,17968,17968,17968,2,0
2024-02-01 15:00:06.001,17968,17968,17968,2,0
2024-02-01 15:00:06.001,17968,17968,17968,4,0
2024-02-01 15:00:06.001,17968,17968,17968,2,0
2024-02-01 15:00:06.001,17968,17968,17968,2,0
2024-02-01 15:00:06.001,17968,17968,17968,2,0
2024-02-01 15:00:06.001,17968,17968,17968,2,0
2024-02-01 15:00:06.001,17968,17968,17968,4,0
2024-02-01 15:00:06.001,17967,17967,17967,4,-4
2024-02-01 15:00:07.001,17967,17967,17967,4,0
2024-02-01 15:00:07.001,17967,17967,17967,4,0
2024-02-01 15:00:07.001,17967,17967,17967,4,0
2024-02-01 15:00:07.001,17967,17967,17967,2,0
2024-02-01 15:00:07.001,17967,17967,17967,2,0
2024-02-01 15:00:07.001,17967,17967,17967,2,0
2024-02-01 15:00:07.001,17967,17967,17967,2,0
2024-02-01 15:00:07.001,17967,17967,17967,2,0
2024-02-01 15:00:07.001,17966,17966,17966,2,-2
2024-02-01 15:00:07.001,17966,17966,17966,2,0
2024-02-01 15:00:07.001,17966,17966,17966,8,0
2024-02-01 15:00:07.001,17966,17966,17966,4,0
2024-02-01 15:00:07.001,17966,17966,17966,4,0
2024-02-01 15:00:07.001,17967,17967,17967,6,6
2024-02-01 15:00:07.001,17967,17967,17967,4,0
2024-02-01 15:00:07.001,17967,17967,17967,2,0
2024-02-01 15:00:07.001,17967,17967,17967,2,0
2024-02-01 15:00:08.001,17967,17967,17967,4,0
2024-02-01 15:00:08.001,17966,17966,17966,4,-4
2024-02-01 15:00:08.001,17966,17966,17966,2,0
2024-02-01 15:00:08.001,17966,17966,17966,4,0
2024-02-01 15:00:08.001,17966,17966,17966,2,0
2024-02-01 15:00:08.001,17969,17969,17969,4,4
2024-02-01 15:00:09.001,17968,17968,17968,4,-4
2024-02-01 15:00:09.001,17968,17968,17968,2,0
2024-02-01 15:00:10.001,17968,17968,17968,2,0
2024-02-01 15:00:10.001,17967,17967,17967,2,-2
2024-02-01 15:00:10.001,17967,17967,17967,2,0
2024-02-01 15:00:10.001,17968,17968,17968,2,2
2024-02-01 15:00:10.001,17967,17967,17967,2,-2
2024-02-01 15:00:10.001,17967,17967,17967,2,0
2024-02-01 15:00:10.001,17967,17967,17967,2,0
2024-02-01 15:00:10.001,17967,17967,17967,4,0
2024-02-01 15:00:10.001,17967,17967,17967,4,0
2024-02-01 15:00:10.001,17967,17967,17967,4,0
2024-02-01 15:00:11.001,17966,17966,17966,2,-2
2024-02-01 15:00:11.001,17966,17966,17966,2,0
2024-02-01 15:00:11.001,17966,17966,17966,2,0
2024-02-01 15:00:11.001,17966,17966,17966,2,0
2024-02-01 15:00:11.001,17966,17966,17966,2,0
2024-02-01 15:00:11.001,17966,17966,17966,4,0
2024-02-01 15:00:11.001,17966,17966,17966,4,0
2024-02-01 15:00:11.001,17966,17966,17966,4,0
2024-02-01 15:00:11.001,17966,17966,17966,2,0
2024-02-01 15:00:11.001,17966,17966,17966,2,0
2024-02-01 15:00:11.001,17965,17965,17965,2,-2
2024-02-01 15:00:11.001,17965,17965,17965,2,0
2024-02-01 15:00:11.001,17965,17965,17965,2,0
2024-02-01 15:00:11.001,17965,17965,17965,4,0
2024-02-01 15:00:12.001,17967,17967,17967,2,2
2024-02-01 15:00:12.001,17967,17967,17967,2,0
2024-02-01 15:00:12.001,17966,17966,17966,2,-2
2024-02-01 15:00:12.001,17966,17966,17966,2,0
2024-02-01 15:00:12.001,17967,17967,17967,4,4
2024-02-01 15:00:13.001,17966,17966,17966,8,-8
2024-02-01 15:00:13.001,17967,17967,17967,2,2
2024-02-01 15:00:14.001,17966,17966,17966,2,-2
2024-02-01 15:00:15.001,17965,17965,17965,2,-2
2024-02-01 15:00:15.001,17965,17965,17965,4,0
2024-02-01 15:00:15.001,17965,17965,17965,4,0
2024-02-01 15:00:15.001,17966,17966,17966,2,2
2024-02-01 15:00:15.001,17966,17966,17966,4,0
2024-02-01 15:00:15.001,17966,17966,17966,10,0
2024-02-01 15:00:15.001,17967,17967,17967,2,2
2024-02-01 15:00:15.001,17967,17967,17967,2,0
2024-02-01 15:00:15.001,17965,17965,17965,2,-2
2024-02-01 15:00:15.001,17965,17965,17965,4,0
2024-02-01 15:00:15.001,17965,17965,17965,4,0
2024-02-01 15:00:15.001,17965,17965,17965,4,0
2024-02-01 15:00:15.001,17965,17965,17965,2,0
2024-02-01 15:00:15.001,17965,17965,17965,2,0
2024-02-01 15:00:15.001,17966,17966,17966,4,4
2024-02-01 15:00:15.001,17967,17967,17967,4,4
2024-02-01 15:00:16.001,17965,17965,17965,2,-2
2024-02-01 15:00:16.001,17966,17966,17966,2,2
2024-02-01 15:00:16.001,17965,17965,17965,2,-2
2024-02-01 15:00:16.001,17965,17965,17965,4,0
2024-02-01 15:00:16.001,17965,17965,17965,4,0
2024-02-01 15:00:16.001,17965,17965,17965,2,0
2024-02-01 15:00:16.001,17966,17966,17966,2,2
2024-02-01 15:00:17.001,17966,17966,17966,2,0
2024-02-01 15:00:18.001,17966,17966,17966,4,0
2024-02-01 15:00:20.001,17966,17966,17966,2,0
2024-02-01 15:00:20.001,17966,17966,17966,2,0
2024-02-01 15:00:20.001,17966,17966,17966,4,0
2024-02-01 15:00:20.001,17967,17967,17967,4,4
2024-02-01 15:00:20.001,17967,17967,17967,2,0
2024-02-01 15:00:21.001,17967,17967,17967,2,0
2024-02-01 15:00:23.001,17967,17967,17967,2,0
2024-02-01 15:00:24.001,17967,17967,17967,6,0
2024-02-01 15:00:24.001,17967,17967,17967,18,0
2024-02-01 15:00:25.001,17968,17968,17968,2,2
2024-02-01 15:00:25.001,17967,17967,17967,2,-2
2024-02-01 15:00:25.001,17967,17967,17967,2,0
2024-02-01 15:00:25.001,17966,17966,17966,4,-4
2024-02-01 15:00:25.001,17966,17966,17966,2,0
2024-02-01 15:00:25.001,17966,17966,17966,2,0
2024-02-01 15:00:25.001,17968,17968,17968,2,2
2024-02-01 15:00:26.001,17966,17966,17966,2,-2
2024-02-01 15:00:27.001,17967,17967,17967,2,2
2024-02-01 15:00:27.001,17968,17968,17968,2,2
2024-02-01 15:00:27.001,17968,17968,17968,2,0
2024-02-01 15:00:27.001,17968,17968,17968,8,0
2024-02-01 15:00:27.001,17968,17968,17968,2,0
2024-02-01 15:00:28.001,17967,17967,17967,4,-4
2024-02-01 15:00:30.001,17968,17968,17968,2,2
2024-02-01 15:00:30.001,17968,17968,17968,2,0
2024-02-01 15:00:30.001,17967,17967,17967,2,-2
2024-02-01 15:00:30.001,17967,17967,17967,2,0
2024-02-01 15:00:30.001,17967,17967,17967,2,0
2024-02-01 15:00:30.001,17967,17967,17967,4,0
2024-02-01 15:00:31.001,17968,17968,17968,2,2
2024-02-01 15:00:31.001,17967,17967,17967,2,-2
2024-02-01 15:00:31.001,17968,17968,17968,6,6
2024-02-01 15:00:33.001,17968,17968,17968,4,0
2024-02-01 15:00:33.001,17968,17968,17968,4,0
2024-02-01 15:00:33.001,17968,17968,17968,4,0
2024-02-01 15:00:33.001,17968,17968,17968,4,0
2024-02-01 15:00:33.001,17969,17969,17969,2,2
2024-02-01 15:00:34.001,17968,17968,17968,2,-2
2024-02-01 15:00:34.001,17968,17968,17968,4,0
2024-02-01 15:00:34.001,17967,17967,17967,2,-2
2024-02-01 15:00:35.001,17968,17968,17968,2,2
2024-02-01 15:00:35.001,17969,17969,17969,2,2
2024-02-01 15:00:36.001,17969,17969,17969,2,0
2024-02-01 15:00:38.001,17969,17969,17969,2,0
2024-02-01 15:00:38.001,17969,17969,17969,8,0
2024-02-01 15:00:38.001,17969,17969,17969,6,0
2024-02-01 15:00:40.001,17969,17969,17969,2,0
2024-02-01 15:00:40.001,17969,17969,17969,4,0
2024-02-01 15:00:40.001,17969,17969,17969,4,0
2024-02-01 15:00:40.001,17969,17969,17969,2,0
2024-02-01 15:00:40.001,17969,17969,17969,2,0
2024-02-01 15:00:40.001,17969,17969,17969,2,0
2024-02-01 15:00:40.001,17969,17969,17969,2,0
2024-02-01 15:00:41.001,17970,17970,17970,2,2
2024-02-01 15:00:42.001,17969,17969,17969,2,-2
2024-02-01 15:00:42.001,17969,17969,17969,2,0
2024-02-01 15:00:42.001,17969,17969,17969,2,0
2024-02-01 15:00:42.001,17969,17969,17969,2,0
2024-02-01 15:00:43.001,17969,17969,17969,2,0
2024-02-01 15:00:44.001,17968,17968,17968,2,-2
2024-02-01 15:00:44.001,17968,17968,17968,4,0
2024-02-01 15:00:44.001,17968,17968,17968,2,0
2024-02-01 15:00:44.001,17968,17968,17968,2,0
2024-02-01 15:00:44.001,17967,17967,17967,2,-2
2024-02-01 15:00:44.001,17969,17969,17969,18,18
2024-02-01 15:00:46.001,17969,17969,17969,2,0
2024-02-01 15:00:47.001,17968,17968,17968,2,-2
2024-02-01 15:00:48.001,17968,17968,17968,2,0
2024-02-01 15:00:49.001,17968,17968,17968,2,0
2024-02-01 15:00:49.001,17968,17968,17968,2,0
2024-02-01 15:00:49.001,17969,17969,17969,4,4
2024-02-01 15:00:50.001,17969,17969,17969,2,0
2024-02-01 15:00:50.001,17969,17969,17969,2,0
2024-02-01 15:00:50.001,17969,17969,17969,2,0
2024-02-01 15:00:50.001,17969,17969,17969,2,0
2024-02-01 15:00:50.001,17970,17970,17970,34,34
2024-02-01 15:00:50.001,17970,17970,17970,16,0
2024-02-01 15:00:50.001,17970,17970,17970,42,0
2024-02-01 15:00:50.001,17970,17970,17970,2,0
2024-02-01 15:00:51.001,17970,17970,17970,2,0
2024-02-01 15:00:52.001,17970,17970,17970,2,0
2024-02-01 15:00:53.001,17970,17970,17970,2,0
2024-02-01 15:00:54.001,17971,17971,17971,2,2
2024-02-01 15:00:54.001,17971,17971,17971,2,0
2024-02-01 15:00:54.001,17970,17970,17970,2,-2
2024-02-01 15:00:54.001,17970,17970,17970,2,0
2024-02-01 15:00:54.001,17970,17970,17970,2,0
2024-02-01 15:00:54.001,17971,17971,17971,6,6
2024-02-01 15:00:54.001,17970,17970,17970,2,-2
2024-02-01 15:00:55.001,17970,17970,17970,2,0
2024-02-01 15:00:55.001,17970,17970,17970,2,0
2024-02-01 15:00:55.001,17970,17970,17970,2,0
2024-02-01 15:00:56.001,17970,17970,17970,4,0
2024-02-01 15:00:56.001,17970,17970,17970,2,0
2024-02-01 15:00:56.001,17970,17970,17970,10,0
2024-02-01 15:00:56.001,17970,17970,17970,8,0
2024-02-01 15:00:56.001,17970,17970,17970,2,0
2024-02-01 15:00:56.001,17970,17970,17970,6,0
2024-02-01 15:00:56.001,17970,17970,17970,2,0
2024-02-01 15:00:56.001,17971,17971,17971,2,2
2024-02-01 15:00:56.001,17971,17971,17971,2,0
2024-02-01 15:00:58.001,17970,17970,17970,2,-2
2024-02-01 15:00:58.001,17970,17970,17970,2,0
2024-02-01 15:00:58.001,17970,17970,17970,4,0
2024-02-01 15:00:58.001,17970,17970,17970,2,0
2024-02-01 15:00:58.001,17969,17969,17969,2,-2
2024-02-01 15:00:58.001,17969,17969,17969,4,0
2024-02-01 15:00:58.001,17969,17969,17969,4,0
2024-02-01 15:00:58.001,17969,17969,17969,2,0
2024-02-01 15:00:58.001,17969,17969,17969,2,0
2024-02-01 15:00:58.001,17969,17969,17969,4,0
2024-02-01 15:00:58.001,17969,17969,17969,2,0
2024-02-01 15:00:58.001,17969,17969,17969,4,0
2024-02-01 15:00:58.001,17969,17969,17969,2,0
2024-02-01 15:00:58.001,17969,17969,17969,4,0
2024-02-01 15:00:58.001,17968,17968,17968,2,-2
2024-02-01 15:00:58.001,17968,17968,17968,4,0
2024-02-01 15:00:58.001,17968,17968,17968,2,0
2024-02-01 15:00:58.001,17968,17968,17968,2,0
2024-02-01 15:00:58.001,17968,17968,17968,4,0
2024-02-01 15:00:58.001,17968,17968,17968,2,0
2024-02-01 15:00:58.001,17968,17968,17968,4,0
2024-02-01 15:00:58.001,17968,17968,17968,4,0
2024-02-01 15:00:58.001,17968,17968,17968,4,0
2024-02-01 15:00:58.001,17968,17968,17968,2,0
2024-02-01 15:00:58.001,17968,17968,17968,2,0
2024-02-01 15:00:58.001,17968,17968,17968,10,0
2024-02-01 15:00:58.001,17968,17968,17968,2,0
2024-02-01 15:00:58.001,17968,17968,17968,2,0
2024-02-01 15:00:58.001,17968,17968,17968,2,0
2024-02-01 15:00:58.001,17968,17968,17968,6,0
2024-02-01 15:00:58.001,17968,17968,17968,2,0
2024-02-01 15:00:58.001,17968,17968,17968,2,0
2024-02-01 15:00:58.001,17967,17967,17967,2,-2
2024-02-01 15:00:58.001,17967,17967,17967,2,0
2024-02-01 15:00:58.001,17967,17967,17967,2,0
2024-02-01 15:00:58.001,17967,17967,17967,2,0
2024-02-01 15:00:58.001,17967,17967,17967,2,0
2024-02-01 15:00:58.001,17967,17967,17967,4,0
2024-02-01 15:00:58.001,17967,17967,17967,4,0
2024-02-01 15:00:58.001,17967,17967,17967,2,0
2024-02-01 15:00:58.001,17967,17967,17967,4,0
2024-02-01 15:00:58.001,17967,17967,17967,2,0
2024-02-01 15:00:58.001,17967,17967,17967,2,0
2024-02-01 15:00:58.001,17967,17967,17967,2,0
2024-02-01 15:00:58.001,17967,17967,17967,2,0
2024-02-01 15:00:58.001,17967,17967,17967,2,0
2024-02-01 15:00:58.001,17967,17967,17967,2,0
2024-02-01 15:00:58.001,17967,17967,17967,4,0
2024-02-01 15:00:58.001,17967,17967,17967,4,0
2024-02-01 15:00:58.001,17967,17967,17967,6,0
2024-02-01 15:00:58.001,17967,17967,17967,2,0
2024-02-01 15:00:58.001,17966,17966,17966,2,-2
2024-02-01 15:00:58.001,17966,17966,17966,2,0
2024-02-01 15:00:58.001,17966,17966,17966,4,0
2024-02-01 15:00:58.001,17966,17966,17966,4,0
2024-02-01 15:00:58.001,17966,17966,17966,2,0
2024-02-01 15:00:58.001,17966,17966,17966,4,0
2024-02-01 15:00:58.001,17966,17966,17966,4,0
2024-02-01 15:00:58.001,17966,17966,17966,4,0
2024-02-01 15:00:58.001,17966,17966,17966,2,0
2024-02-01 15:00:58.001,17966,17966,17966,2,0
2024-02-01 15:00:58.001,17966,17966,17966,2,0
2024-02-01 15:00:58.001,17966,17966,17966,2,0
2024-02-01 15:00:58.001,17966,17966,17966,2,0
2024-02-01 15:00:58.001,17966,17966,17966,6,0
2024-02-01 15:00:58.001,17966,17966,17966,4,0
2024-02-01 15:00:58.001,17966,17966,17966,2,0
2024-02-01 15:00:58.001,17966,17966,17966,2,0
2024-02-01 15:00:58.001,17968,17968,17968,4,4
2024-02-01 15:00:58.001,17968,17968,17968,4,0
2024-02-01 15:01:00.001,17968,17968,17968,2,0
2024-02-01 15:01:00.001,17969,17969,17969,8,8
2024-02-01 15:01:00.001,17970,17970,17970,6,6
2024-02-01 15:01:00.001,17970,17970,17970,4,0
2024-02-01 15:01:00.001,17970,17970,17970,8,0
2024-02-01 15:01:00.001,17971,17971,17971,4,4
2024-02-01 15:01:00.001,17971,17971,17971,4,0
2024-02-01 15:01:00.001,17969,17969,17969,2,-2
2024-02-01 15:01:00.001,17969,17969,17969,2,0
2024-02-01 15:01:00.001,17969,17969,17969,2,0
2024-02-01 15:01:00.001,17969,17969,17969,4,0
2024-02-01 15:01:00.001,17969,17969,17969,4,0
2024-02-01 15:01:00.001,17969,17969,17969,2,0
2024-02-01 15:01:00.001,17969,17969,17969,4,0
2024-02-01 15:01:00.001,17969,17969,17969,4,0
2024-02-01 15:01:00.001,17970,17970,17970,2,2
2024-02-01 15:01:00.001,17968,17968,17968,2,-2
2024-02-01 15:01:00.001,17968,17968,17968,2,0
2024-02-01 15:01:00.001,17968,17968,17968,4,0
2024-02-01 15:01:00.001,17969,17969,17969,2,2
2024-02-01 15:01:00.001,17969,17969,17969,2,0
2024-02-01 15:01:00.001,17968,17968,17968,2,-2
2024-02-01 15:01:00.001,17968,17968,17968,2,0
2024-02-01 15:01:00.001,17968,17968,17968,2,0
2024-02-01 15:01:00.001,17969,17969,17969,2,2
2024-02-01 15:01:00.001,17969,17969,17969,2,0
2024-02-01 15:01:03.001,17969,17969,17969,2,0
2024-02-01 15:01:03.001,17969,17969,17969,2,0
2024-02-01 15:01:03.001,17969,17969,17969,2,0
2024-02-01 15:01:03.001,17969,17969,17969,2,0
2024-02-01 15:01:03.001,17968,17968,17968,2,-2
2024-02-01 15:01:03.001,17968,17968,17968,2,0
2024-02-01 15:01:03.001,17968,17968,17968,2,0
2024-02-01 15:01:03.001,17967,17967,17967,4,-4
2024-02-01 15:01:03.001,17967,17967,17967,4,0
2024-02-01 15:01:03.001,17969,17969,17969,4,4
2024-02-01 15:01:04.001,17969,17969,17969,2,0
2024-02-01 15:01:04.001,17969,17969,17969,2,0
2024-02-01 15:01:05.001,17969,17969,17969,2,0
2024-02-01 15:01:05.001,17969,17969,17969,2,0
2024-02-01 15:01:05.001,17969,17969,17969,4,0
2024-02-01 15:01:06.001,17968,17968,17968,2,-2
2024-02-01 15:01:06.001,17968,17968,17968,2,0
2024-02-01 15:01:06.001,17968,17968,17968,4,0
2024-02-01 15:01:06.001,17968,17968,17968,4,0
2024-02-01 15:01:06.001,17968,17968,17968,4,0
2024-02-01 15:01:06.001,17968,17968,17968,2,0
2024-02-01 15:01:06.001,17968,17968,17968,10,0
2024-02-01 15:01:06.001,17968,17968,17968,4,0
2024-02-01 15:01:06.001,17968,17968,17968,2,0
2024-02-01 15:01:06.001,17967,17967,17967,2,-2
2024-02-01 15:01:06.001,17967,17967,17967,2,0
2024-02-01 15:01:06.001,17967,17967,17967,2,0
2024-02-01 15:01:06.001,17967,17967,17967,2,0
2024-02-01 15:01:06.001,17967,17967,17967,4,0
2024-02-01 15:01:06.001,17967,17967,17967,8,0
2024-02-01 15:01:06.001,17967,17967,17967,2,0
2024-02-01 15:01:06.001,17967,17967,17967,4,0
2024-02-01 15:01:06.001,17967,17967,17967,2,0
2024-02-01 15:01:06.001,17967,17967,17967,2,0
2024-02-01 15:01:06.001,17967,17967,17967,2,0
2024-02-01 15:01:06.001,17967,17967,17967,4,0
2024-02-01 15:01:06.001,17967,17967,17967,6,0
2024-02-01 15:01:06.001,17966,17966,17966,2,-2
2024-02-01 15:01:06.001,17966,17966,17966,4,0
2024-02-01 15:01:06.001,17966,17966,17966,4,0
2024-02-01 15:01:06.001,17966,17966,17966,4,0
2024-02-01 15:01:06.001,17966,17966,17966,2,0
2024-02-01 15:01:06.001,17966,17966,17966,4,0
2024-02-01 15:01:06.001,17966,17966,17966,4,0
2024-02-01 15:01:06.001,17966,17966,17966,6,0
2024-02-01 15:01:06.001,17966,17966,17966,2,0
2024-02-01 15:01:06.001,17966,17966,17966,2,0
2024-02-01 15:01:06.001,17966,17966,17966,10,0
2024-02-01 15:01:06.001,17966,17966,17966,2,0
2024-02-01 15:01:06.001,17966,17966,17966,10,0
2024-02-01 15:01:06.001,17965,17965,17965,2,-2
2024-02-01 15:01:06.001,17965,17965,17965,4,0
2024-02-01 15:01:06.001,17965,17965,17965,4,0
2024-02-01 15:01:06.001,17965,17965,17965,4,0
2024-02-01 15:01:06.001,17965,17965,17965,2,0
2024-02-01 15:01:06.001,17965,17965,17965,2,0
2024-02-01 15:01:06.001,17965,17965,17965,2,0
2024-02-01 15:01:06.001,17965,17965,17965,4,0
2024-02-01 15:01:06.001,17965,17965,17965,2,0
2024-02-01 15:01:06.001,17965,17965,17965,2,0
2024-02-01 15:01:06.001,17965,17965,17965,4,0
2024-02-01 15:01:06.001,17965,17965,17965,2,0
2024-02-01 15:01:06.001,17965,17965,17965,2,0
2024-02-01 15:01:06.001,17965,17965,17965,6,0
2024-02-01 15:01:06.001,17965,17965,17965,2,0
2024-02-01 15:01:06.001,17965,17965,17965,2,0
2024-02-01 15:01:06.001,17965,17965,17965,4,0
2024-02-01 15:01:06.001,17965,17965,17965,18,0
2024-02-01 15:01:06.001,17966,17966,17966,2,2
2024-02-01 15:01:06.001,17966,17966,17966,4,0
2024-02-01 15:01:06.001,17966,17966,17966,2,0
2024-02-01 15:01:06.001,17965,17965,17965,2,-2
2024-02-01 15:01:06.001,17965,17965,17965,2,0
2024-02-01 15:01:06.001,17965,17965,17965,2,0
2024-02-01 15:01:06.001,17965,17965,17965,2,0
2024-02-01 15:01:06.001,17965,17965,17965,2,0
2024-02-01 15:01:06.001,17964,17964,17964,4,-4
2024-02-01 15:01:06.001,17964,17964,17964,2,0
2024-02-01 15:01:06.001,17964,17964,17964,2,0
2024-02-01 15:01:07.001,17964,17964,17964,2,0
2024-02-01 15:01:07.001,17964,17964,17964,30,0
2024-02-01 15:01:07.001,17964,17964,17964,2,0
2024-02-01 15:01:07.001,17964,17964,17964,2,0
2024-02-01 15:01:07.001,17964,17964,17964,2,0
2024-02-01 15:01:07.001,17964,17964,17964,2,0
2024-02-01 15:01:07.001,17964,17964,17964,2,0
2024-02-01 15:01:07.001,17964,17964,17964,2,0
2024-02-01 15:01:07.001,17964,17964,17964,2,0
2024-02-01 15:01:07.001,17963,17963,17963,2,-2
2024-02-01 15:01:07.001,17963,17963,17963,2,0
2024-02-01 15:01:07.001,17963,17963,17963,2,0
2024-02-01 15:01:07.001,17963,17963,17963,2,0
2024-02-01 15:01:07.001,17963,17963,17963,4,0
2024-02-01 15:01:07.001,17963,17963,17963,2,0
2024-02-01 15:01:07.001,17963,17963,17963,2,0
2024-02-01 15:01:07.001,17963,17963,17963,2,0
2024-02-01 15:01:07.001,17963,17963,17963,2,0
2024-02-01 15:01:07.001,17963,17963,17963,2,0
2024-02-01 15:01:07.001,17963,17963,17963,4,0
2024-02-01 15:01:07.001,17963,17963,17963,6,0
2024-02-01 15:01:07.001,17963,17963,17963,4,0
2024-02-01 15:01:07.001,17963,17963,17963,4,0
2024-02-01 15:01:07.001,17963,17963,17963,4,0
2024-02-01 15:01:07.001,17963,17963,17963,2,0
2024-02-01 15:01:07.001,17963,17963,17963,4,0
2024-02-01 15:01:07.001,17962,17962,17962,2,-2
2024-02-01 15:01:07.001,17962,17962,17962,2,0
2024-02-01 15:01:07.001,17962,17962,17962,2,0
2024-02-01 15:01:07.001,17962,17962,17962,2,0
2024-02-01 15:01:07.001,17962,17962,17962,2,0
2024-02-01 15:01:07.001,17962,17962,17962,2,0
2024-02-01 15:01:07.001,17962,17962,17962,10,0
2024-02-01 15:01:07.001,17962,17962,17962,2,0
2024-02-01 15:01:07.001,17962,17962,17962,2,0
2024-02-01 15:01:07.001,17962,17962,17962,6,0
2024-02-01 15:01:07.001,17962,17962,17962,2,0
2024-02-01 15:01:07.001,17962,17962,17962,6,0
2024-02-01 15:01:07.001,17962,17962,17962,2,0
2024-02-01 15:01:07.001,17962,17962,17962,4,0
2024-02-01 15:01:07.001,17962,17962,17962,2,0
2024-02-01 15:01:07.001,17962,17962,17962,4,0
2024-02-01 15:01:07.001,17962,17962,17962,2,0
2024-02-01 15:01:07.001,17962,17962,17962,2,0
2024-02-01 15:01:07.001,17962,17962,17962,6,0
2024-02-01 15:01:07.001,17961,17961,17961,2,-2
2024-02-01 15:01:07.001,17961,17961,17961,6,0
2024-02-01 15:01:07.001,17961,17961,17961,2,0
2024-02-01 15:01:07.001,17961,17961,17961,2,0
2024-02-01 15:01:07.001,17961,17961,17961,2,0
2024-02-01 15:01:07.001,17961,17961,17961,2,0
2024-02-01 15:01:07.001,17961,17961,17961,4,0
2024-02-01 15:01:07.001,17961,17961,17961,2,0
2024-02-01 15:01:07.001,17961,17961,17961,2,0
2024-02-01 15:01:07.001,17961,17961,17961,2,0
2024-02-01 15:01:07.001,17961,17961,17961,2,0
2024-02-01 15:01:07.001,17961,17961,17961,4,0
2024-02-01 15:01:07.001,17961,17961,17961,10,0
2024-02-01 15:01:07.001,17963,17963,17963,4,4
2024-02-01 15:01:07.001,17962,17962,17962,6,-6
2024-02-01 15:01:07.001,17962,17962,17962,4,0
2024-02-01 15:01:07.001,17962,17962,17962,2,0
2024-02-01 15:01:08.001,17963,17963,17963,2,2
2024-02-01 15:01:08.001,17961,17961,17961,2,-2
2024-02-01 15:01:10.001,17963,17963,17963,2,2
2024-02-01 15:01:10.001,17961,17961,17961,2,-2
2024-02-01 15:01:11.001,17961,17961,17961,2,0
2024-02-01 15:01:11.001,17962,17962,17962,8,8
2024-02-01 15:01:12.001,17962,17962,17962,2,0
2024-02-01 15:01:12.001,17962,17962,17962,4,0
2024-02-01 15:01:12.001,17962,17962,17962,4,0
2024-02-01 15:01:12.001,17962,17962,17962,2,0
2024-02-01 15:01:12.001,17963,17963,17963,34,34
2024-02-01 15:01:13.001,17965,17965,17965,2,2
2024-02-01 15:01:13.001,17964,17964,17964,2,-2
2024-02-01 15:01:13.001,17966,17966,17966,2,2
2024-02-01 15:01:14.001,17964,17964,17964,10,-10
2024-02-01 15:01:14.001,17964,17964,17964,10,0
2024-02-01 15:01:16.001,17964,17964,17964,2,0
2024-02-01 15:01:19.001,17965,17965,17965,2,2
2024-02-01 15:01:19.001,17965,17965,17965,2,0
2024-02-01 15:01:19.001,17965,17965,17965,18,0
2024-02-01 15:01:19.001,17965,17965,17965,10,0
2024-02-01 15:01:19.001,17965,17965,17965,4,0
2024-02-01 15:01:19.001,17965,17965,17965,2,0
2024-02-01 15:01:19.001,17964,17964,17964,4,-4
2024-02-01 15:01:20.001,17966,17966,17966,10,10
2024-02-01 15:01:20.001,17965,17965,17965,2,-2
2024-02-01 15:01:21.001,17965,17965,17965,2,0
2024-02-01 15:01:21.001,17965,17965,17965,2,0
2024-02-01 15:01:21.001,17965,17965,17965,2,0
2024-02-01 15:01:21.001,17965,17965,17965,2,0
2024-02-01 15:01:21.001,17965,17965,17965,18,0
2024-02-01 15:01:22.001,17965,17965,17965,2,0
2024-02-01 15:01:22.001,17966,17966,17966,2,2
2024-02-01 15:01:24.001,17965,17965,17965,2,-2
2024-02-01 15:01:26.001,17966,17966,17966,4,4
2024-02-01 15:01:27.001,17966,17966,17966,2,0
2024-02-01 15:01:30.001,17966,17966,17966,2,0
2024-02-01 15:01:32.001,17966,17966,17966,4,0
2024-02-01 15:01:37.001,17967,17967,17967,24,24
2024-02-01 15:01:37.001,17967,17967,17967,6,0
2024-02-01 15:01:38.001,17967,17967,17967,4,0
2024-02-01 15:01:40.001,17967,17967,17967,2,0
2024-02-01 15:01:40.001,17967,17967,17967,2,0
2024-02-01 15:01:40.001,17967,17967,17967,4,0
2024-02-01 15:01:40.001,17967,17967,17967,8,0
2024-02-01 15:01:41.001,17967,17967,17967,2,0
2024-02-01 15:01:41.001,17967,17967,17967,12,0
2024-02-01 15:01:43.001,17967,17967,17967,2,0
2024-02-01 15:01:47.001,17967,17967,17967,2,0
2024-02-01 15:01:47.001,17967,17967,17967,2,0
2024-02-01 15:01:47.001,17967,17967,17967,4,0
2024-02-01 15:01:47.001,17967,17967,17967,2,0
2024-02-01 15:01:47.001,17967,17967,17967,2,0
2024-02-01 15:01:48.001,17967,17967,17967,2,0
2024-02-01 15:01:50.001,17966,17966,17966,2,-2
2024-02-01 15:01:50.001,17966,17966,17966,2,0
2024-02-01 15:01:55.001,17967,17967,17967,2,2
2024-02-01 15:01:56.001,17966,17966,17966,2,-2
2024-02-01 15:01:57.001,17967,17967,17967,2,2
2024-02-01 15:01:58.001,17967,17967,17967,4,0
2024-02-01 15:01:59.001,17967,17967,17967,2,0
2024-02-01 15:01:59.001,17967,17967,17967,2,0
2024-02-01 15:02:00.001,17966,17966,17966,2,-2
2024-02-01 15:02:00.001,17966,17966,17966,2,0
2024-02-01 15:02:00.001,17966,17966,17966,4,0
2024-02-01 15:02:00.001,17966,17966,17966,2,0
2024-02-01 15:02:00.001,17966,17966,17966,2,0
2024-02-01 15:02:00.001,17966,17966,17966,10,0
2024-02-01 15:02:00.001,17966,17966,17966,2,0
2024-02-01 15:02:00.001,17966,17966,17966,2,0
2024-02-01 15:02:00.001,17966,17966,17966,4,0
2024-02-01 15:02:00.001,17966,17966,17966,2,0
2024-02-01 15:02:00.001,17966,17966,17966,2,0
2024-02-01 15:02:00.001,17966,17966,17966,2,0
2024-02-01 15:02:00.001,17966,17966,17966,2,0
2024-02-01 15:02:00.001,17966,17966,17966,2,0
2024-02-01 15:02:00.001,17966,17966,17966,2,0
2024-02-01 15:02:00.001,17966,17966,17966,8,0
2024-02-01 15:02:00.001,17966,17966,17966,6,0
2024-02-01 15:02:00.001,17966,17966,17966,2,0
2024-02-01 15:02:00.001,17966,17966,17966,2,0
2024-02-01 15:02:02.001,17966,17966,17966,2,0
2024-02-01 15:02:02.001,17965,17965,17965,2,-2
2024-02-01 15:02:02.001,17965,17965,17965,2,0
2024-02-01 15:02:02.001,17965,17965,17965,2,0
2024-02-01 15:02:02.001,17965,17965,17965,4,0
2024-02-01 15:02:02.001,17965,17965,17965,2,0
2024-02-01 15:02:02.001,17965,17965,17965,2,0
2024-02-01 15:02:02.001,17965,17965,17965,2,0
2024-02-01 15:02:02.001,17965,17965,17965,2,0
2024-02-01 15:02:02.001,17965,17965,17965,2,0
2024-02-01 15:02:02.001,17965,17965,17965,2,0
2024-02-01 15:02:02.001,17965,17965,17965,2,0
2024-02-01 15:02:02.001,17965,17965,17965,2,0
2024-02-01 15:02:03.001,17964,17964,17964,2,-2
2024-02-01 15:02:03.001,17964,17964,17964,2,0
2024-02-01 15:02:03.001,17964,17964,17964,2,0
2024-02-01 15:02:03.001,17964,17964,17964,4,0
2024-02-01 15:02:05.001,17965,17965,17965,2,2
2024-02-01 15:02:06.001,17965,17965,17965,2,0
2024-02-01 15:02:06.001,17964,17964,17964,2,-2
2024-02-01 15:02:07.001,17964,17964,17964,2,0
2024-02-01 15:02:07.001,17964,17964,17964,2,0
2024-02-01 15:02:07.001,17965,17965,17965,18,18
2024-02-01 15:02:07.001,17966,17966,17966,2,2
2024-02-01 15:02:08.001,17966,17966,17966,2,0
2024-02-01 15:02:08.001,17964,17964,17964,2,-2
2024-02-01 15:02:10.001,17966,17966,17966,20,20
2024-02-01 15:02:10.001,17965,17965,17965,2,-2
2024-02-01 15:02:10.001,17965,17965,17965,2,0
2024-02-01 15:02:11.001,17964,17964,17964,2,-2
2024-02-01 15:02:11.001,17964,17964,17964,2,0
2024-02-01 15:02:12.001,17965,17965,17965,2,2
2024-02-01 15:02:12.001,17966,17966,17966,18,18
2024-02-01 15:02:12.001,17964,17964,17964,2,-2
2024-02-01 15:02:12.001,17964,17964,17964,2,0
2024-02-01 15:02:15.001,17965,17965,17965,2,2
2024-02-01 15:02:15.001,17966,17966,17966,2,2
2024-02-01 15:02:15.001,17966,17966,17966,2,0
2024-02-01 15:02:16.001,17966,17966,17966,20,0
2024-02-01 15:02:16.001,17966,17966,17966,4,0
2024-02-01 15:02:16.001,17966,17966,17966,4,0
2024-02-01 15:02:18.001,17966,17966,17966,2,0
2024-02-01 15:02:19.001,17966,17966,17966,2,0
2024-02-01 15:02:19.001,17966,17966,17966,2,0
2024-02-01 15:02:19.001,17966,17966,17966,14,0
2024-02-01 15:02:20.001,17965,17965,17965,2,-2
2024-02-01 15:02:22.001,17966,17966,17966,10,10
2024-02-01 15:02:24.001,17965,17965,17965,2,-2
2024-02-01 15:02:26.001,17966,17966,17966,4,4
2024-02-01 15:02:26.001,17966,17966,17966,4,0
2024-02-01 15:02:26.001,17966,17966,17966,4,0
2024-02-01 15:02:26.001,17966,17966,17966,10,0
2024-02-01 15:02:26.001,17966,17966,17966,12,0
2024-02-01 15:02:26.001,17966,17966,17966,2,0
2024-02-01 15:02:30.001,17966,17966,17966,2,0
2024-02-01 15:02:30.001,17966,17966,17966,2,0
2024-02-01 15:02:31.001,17966,17966,17966,4,0
2024-02-01 15:02:31.001,17966,17966,17966,2,0
2024-02-01 15:02:33.001,17967,17967,17967,2,2
2024-02-01 15:02:35.001,17967,17967,17967,2,0
2024-02-01 15:02:39.001,17966,17966,17966,2,-2
2024-02-01 15:02:43.001,17967,17967,17967,2,2
2024-02-01 15:02:43.001,17967,17967,17967,40,0
2024-02-01 15:02:43.001,17967,17967,17967,10,0
2024-02-01 15:02:43.001,17967,17967,17967,4,0
2024-02-01 15:02:43.001,17967,17967,17967,4,0
2024-02-01 15:02:43.001,17968,17968,17968,2,2
2024-02-01 15:02:44.001,17967,17967,17967,2,-2
2024-02-01 15:02:44.001,17967,17967,17967,2,0
2024-02-01 15:02:47.001,17967,17967,17967,2,0
2024-02-01 15:02:50.001,17967,17967,17967,2,0
2024-02-01 15:02:56.001,17968,17968,17968,40,40
2024-02-01 15:02:56.001,17968,17968,17968,10,0
2024-02-01 15:02:56.001,17968,17968,17968,2,0
2024-02-01 15:02:56.001,17969,17969,17969,2,2
2024-02-01 15:03:00.001,17969,17969,17969,6,0
2024-02-01 15:03:00.001,17969,17969,17969,6,0
2024-02-01 15:03:00.001,17969,17969,17969,2,0
2024-02-01 15:03:00.001,17969,17969,17969,2,0
2024-02-01 15:03:00.001,17969,17969,17969,8,0
2024-02-01 15:03:00.001,17968,17968,17968,2,-2
2024-02-01 15:03:00.001,17969,17969,17969,2,2
2024-02-01 15:03:02.001,17970,17970,17970,2,2
2024-02-01 15:03:05.001,17970,17970,17970,4,0
2024-02-01 15:03:06.001,17970,17970,17970,2,0
2024-02-01 15:03:07.001,17970,17970,17970,2,0
2024-02-01 15:03:08.001,17969,17969,17969,2,-2
2024-02-01 15:03:08.001,17969,17969,17969,2,0
2024-02-01 15:03:08.001,17969,17969,17969,2,0
2024-02-01 15:03:08.001,17969,17969,17969,2,0
2024-02-01 15:03:10.001,17968,17968,17968,2,-2
2024-02-01 15:03:11.001,17970,17970,17970,4,4
2024-02-01 15:03:13.001,17969,17969,17969,2,-2
2024-02-01 15:03:13.001,17969,17969,17969,2,0
2024-02-01 15:03:15.001,17969,17969,17969,10,0
2024-02-01 15:03:15.001,17969,17969,17969,2,0
2024-02-01 15:03:16.001,17970,17970,17970,2,2
2024-02-01 15:03:20.001,17969,17969,17969,2,-2
2024-02-01 15:03:23.001,17970,17970,17970,32,32
2024-02-01 15:03:23.001,17970,17970,17970,8,0
2024-02-01 15:03:24.001,17970,17970,17970,2,0
2024-02-01 15:03:28.001,17970,17970,17970,2,0
2024-02-01 15:03:28.001,17970,17970,17970,2,0
2024-02-01 15:03:28.001,17970,17970,17970,4,0
2024-02-01 15:03:28.001,17970,17970,17970,6,0
2024-02-01 15:03:28.001,17970,17970,17970,6,0
2024-02-01 15:03:29.001,17970,17970,17970,2,0
2024-02-01 15:03:30.001,17970,17970,17970,4,0
2024-02-01 15:03:30.001,17970,17970,17970,2,0
2024-02-01 15:03:30.001,17970,17970,17970,2,0
2024-02-01 15:03:33.001,17970,17970,17970,2,0
2024-02-01 15:03:33.001,17970,17970,17970,4,0
2024-02-01 15:03:35.001,17970,17970,17970,2,0
2024-02-01 15:03:35.001,17970,17970,17970,4,0
2024-02-01 15:03:35.001,17970,17970,17970,4,0
2024-02-01 15:03:35.001,17970,17970,17970,6,0
2024-02-01 15:03:35.001,17970,17970,17970,4,0
2024-02-01 15:03:35.001,17970,17970,17970,2,0
2024-02-01 15:03:35.001,17970,17970,17970,2,0
2024-02-01 15:03:35.001,17970,17970,17970,4,0
2024-02-01 15:03:35.001,17970,17970,17970,4,0
2024-02-01 15:03:39.001,17970,17970,17970,2,0
2024-02-01 15:03:43.001,17969,17969,17969,2,-2
2024-02-01 15:03:44.001,17970,17970,17970,6,6
2024-02-01 15:03:45.001,17970,17970,17970,2,0
2024-02-01 15:03:46.001,17969,17969,17969,2,-2
2024-02-01 15:03:48.001,17969,17969,17969,2,0
2024-02-01 15:03:48.001,17970,17970,17970,32,32
2024-02-01 15:03:49.001,17970,17970,17970,2,0
2024-02-01 15:03:52.001,17970,17970,17970,2,0
2024-02-01 15:03:52.001,17970,17970,17970,2,0
2024-02-01 15:03:54.001,17970,17970,17970,20,0
2024-02-01 15:03:54.001,17970,17970,17970,10,0
2024-02-01 15:03:54.001,17970,17970,17970,2,0
2024-02-01 15:03:56.001,17970,17970,17970,4,0
2024-02-01 15:03:59.001,17970,17970,17970,2,0
2024-02-01 15:03:59.001,17970,17970,17970,2,0
2024-02-01 15:04:01.001,17970,17970,17970,8,0
2024-02-01 15:04:01.001,17970,17970,17970,4,0
2024-02-01 15:04:01.001,17970,17970,17970,4,0
2024-02-01 15:04:01.001,17970,17970,17970,10,0
2024-02-01 15:04:01.001,17970,17970,17970,6,0
2024-02-01 15:04:01.001,17970,17970,17970,10,0
2024-02-01 15:04:02.001,17971,17971,17971,2,2
2024-02-01 15:04:03.001,17970,17970,17970,2,-2
2024-02-01 15:04:03.001,17970,17970,17970,4,0
2024-02-01 15:04:03.001,17971,17971,17971,2,2
2024-02-01 15:04:05.001,17970,17970,17970,12,-12
2024-02-01 15:04:05.001,17970,17970,17970,4,0
2024-02-01 15:04:05.001,17970,17970,17970,2,0
2024-02-01 15:04:05.001,17970,17970,17970,4,0
2024-02-01 15:04:05.001,17970,17970,17970,2,0
2024-02-01 15:04:05.001,17970,17970,17970,6,0
2024-02-01 15:04:05.001,17970,17970,17970,2,0
2024-02-01 15:04:05.001,17970,17970,17970,2,0
2024-02-01 15:04:05.001,17970,17970,17970,2,0
2024-02-01 15:04:05.001,17970,17970,17970,2,0
2024-02-01 15:04:06.001,17970,17970,17970,2,0
2024-02-01 15:04:06.001,17970,17970,17970,20,0
2024-02-01 15:04:07.001,17970,17970,17970,2,0
2024-02-01 15:04:07.001,17970,17970,17970,2,0
2024-02-01 15:04:09.001,17970,17970,17970,2,0
2024-02-01 15:04:10.001,17969,17969,17969,2,-2
2024-02-01 15:04:11.001,17970,17970,17970,2,2
2024-02-01 15:04:11.001,17970,17970,17970,10,0
2024-02-01 15:04:13.001,17969,17969,17969,4,-4
2024-02-01 15:04:18.001,17970,17970,17970,2,2
2024-02-01 15:04:19.001,17969,17969,17969,8,-8
2024-02-01 15:04:19.001,17969,17969,17969,4,0
2024-02-01 15:04:19.001,17969,17969,17969,6,0
2024-02-01 15:04:19.001,17969,17969,17969,2,0
2024-02-01 15:04:19.001,17969,17969,17969,2,0
2024-02-01 15:04:19.001,17969,17969,17969,2,0
2024-02-01 15:04:19.001,17969,17969,17969,2,0
2024-02-01 15:04:19.001,17969,17969,17969,2,0
2024-02-01 15:04:19.001,17969,17969,17969,2,0
2024-02-01 15:04:19.001,17969,17969,17969,2,0
2024-02-01 15:04:19.001,17969,17969,17969,2,0
2024-02-01 15:04:19.001,17969,17969,17969,4,0
2024-02-01 15:04:19.001,17969,17969,17969,2,0
2024-02-01 15:04:24.001,17968,17968,17968,2,-2
2024-02-01 15:04:24.001,17968,17968,17968,2,0
2024-02-01 15:04:24.001,17968,17968,17968,4,0
2024-02-01 15:04:24.001,17968,17968,17968,2,0
2024-02-01 15:04:24.001,17968,17968,17968,2,0
2024-02-01 15:04:24.001,17968,17968,17968,2,0
2024-02-01 15:04:24.001,17967,17967,17967,2,-2
2024-02-01 15:04:24.001,17967,17967,17967,2,0
2024-02-01 15:04:24.001,17967,17967,17967,4,0
2024-02-01 15:04:24.001,17967,17967,17967,2,0
2024-02-01 15:04:24.001,17967,17967,17967,2,0
2024-02-01 15:04:24.001,17967,17967,17967,2,0
2024-02-01 15:04:24.001,17967,17967,17967,2,0
2024-02-01 15:04:24.001,17967,17967,17967,2,0
2024-02-01 15:04:24.001,17967,17967,17967,2,0
2024-02-01 15:04:24.001,17967,17967,17967,4,0
2024-02-01 15:04:24.001,17967,17967,17967,8,0
2024-02-01 15:04:24.001,17967,17967,17967,2,0
2024-02-01 15:04:24.001,17967,17967,17967,4,0
2024-02-01 15:04:24.001,17967,17967,17967,2,0
2024-02-01 15:04:25.001,17968,17968,17968,2,2
2024-02-01 15:04:30.001,17967,17967,17967,2,-2
2024-02-01 15:04:33.001,17968,17968,17968,2,2
2024-02-01 15:04:40.001,17967,17967,17967,2,-2
2024-02-01 15:04:42.001,17968,17968,17968,2,2
2024-02-01 15:04:43.001,17968,17968,17968,14,0
2024-02-01 15:04:45.001,17968,17968,17968,2,0
2024-02-01 15:04:47.001,17968,17968,17968,2,0
2024-02-01 15:04:47.001,17968,17968,17968,2,0
2024-02-01 15:04:49.001,17967,17967,17967,2,-2
2024-02-01 15:04:49.001,17967,17967,17967,2,0
2024-02-01 15:04:50.001,17967,17967,17967,2,0
2024-02-01 15:04:50.001,17966,17966,17966,2,-2
2024-02-01 15:04:51.001,17966,17966,17966,2,0
2024-02-01 15:04:51.001,17966,17966,17966,4,0
2024-02-01 15:04:51.001,17966,17966,17966,4,0
2024-02-01 15:04:51.001,17966,17966,17966,8,0
2024-02-01 15:04:51.001,17966,17966,17966,2,0
2024-02-01 15:04:51.001,17966,17966,17966,2,0
2024-02-01 15:04:51.001,17966,17966,17966,2,0
2024-02-01 15:04:51.001,17966,17966,17966,2,0
2024-02-01 15:04:51.001,17966,17966,17966,2,0
2024-02-01 15:04:51.001,17966,17966,17966,2,0
2024-02-01 15:04:55.001,17966,17966,17966,2,0
2024-02-01 15:04:58.001,17965,17965,17965,2,-2
2024-02-01 15:04:58.001,17965,17965,17965,2,0
2024-02-01 15:04:58.001,17966,17966,17966,2,2
2024-02-01 15:05:00.001,17966,17966,17966,2,0
2024-02-01 15:05:00.001,17966,17966,17966,4,0
2024-02-01 15:05:00.001,17967,17967,17967,2,2
2024-02-01 15:05:01.001,17966,17966,17966,2,-2
2024-02-01 15:05:01.001,17966,17966,17966,2,0
2024-02-01 15:05:01.001,17965,17965,17965,2,-2
2024-02-01 15:05:01.001,17965,17965,17965,2,0
2024-02-01 15:05:02.001,17965,17965,17965,2,0
2024-02-01 15:05:02.001,17965,17965,17965,2,0
2024-02-01 15:05:02.001,17966,17966,17966,2,2
2024-02-01 15:05:03.001,17966,17966,17966,2,0
2024-02-01 15:05:04.001,17966,17966,17966,2,0
2024-02-01 15:05:10.001,17966,17966,17966,2,0
2024-02-01 15:05:12.001,17966,17966,17966,6,0
2024-02-01 15:05:15.001,17966,17966,17966,4,0
2024-02-01 15:05:16.001,17966,17966,17966,2,0
2024-02-01 15:05:16.001,17966,17966,17966,2,0
2024-02-01 15:05:17.001,17966,17966,17966,2,0
2024-02-01 15:05:22.001,17966,17966,17966,2,0
2024-02-01 15:05:25.001,17966,17966,17966,2,0
2024-02-01 15:05:26.001,17967,17967,17967,2,2
2024-02-01 15:05:28.001,17966,17966,17966,4,-4
2024-02-01 15:05:29.001,17967,17967,17967,2,2
2024-02-01 15:05:31.001,17966,17966,17966,2,-2
2024-02-01 15:05:31.001,17966,17966,17966,2,0
2024-02-01 15:05:33.001,17967,17967,17967,2,2
2024-02-01 15:05:33.001,17967,17967,17967,2,0
2024-02-01 15:05:35.001,17967,17967,17967,2,0
2024-02-01 15:05:36.001,17966,17966,17966,2,-2
2024-02-01 15:05:36.001,17966,17966,17966,2,0
2024-02-01 15:05:37.001,17967,17967,17967,2,2
2024-02-01 15:05:38.001,17966,17966,17966,2,-2
2024-02-01 15:05:38.001,17966,17966,17966,2,0
2024-02-01 15:05:38.001,17965,17965,17965,2,-2
2024-02-01 15:05:38.001,17965,17965,17965,2,0
2024-02-01 15:05:42.001,17966,17966,17966,2,2
2024-02-01 15:05:50.001,17966,17966,17966,2,0
2024-02-01 15:05:54.001,17966,17966,17966,2,0
2024-02-01 15:05:55.001,17967,17967,17967,4,4
2024-02-01 15:05:58.001,17967,17967,17967,2,0
2024-02-01 15:06:01.001,17967,17967,17967,30,0
2024-02-01 15:06:02.001,17967,17967,17967,4,0
2024-02-01 15:06:02.001,17967,17967,17967,4,0
2024-02-01 15:06:02.001,17967,17967,17967,4,0
2024-02-01 15:06:02.001,17967,17967,17967,2,0
2024-02-01 15:06:02.001,17967,17967,17967,6,0
2024-02-01 15:06:02.001,17967,17967,17967,2,0
2024-02-01 15:06:02.001,17967,17967,17967,2,0
2024-02-01 15:06:02.001,17967,17967,17967,2,0
2024-02-01 15:06:02.001,17967,17967,17967,8,0
2024-02-01 15:06:02.001,17967,17967,17967,8,0
2024-02-01 15:06:02.001,17967,17967,17967,2,0
2024-02-01 15:06:02.001,17967,17967,17967,4,0
2024-02-01 15:06:03.001,17966,17966,17966,2,-2
2024-02-01 15:06:06.001,17967,17967,17967,4,4
2024-02-01 15:06:08.001,17967,17967,17967,4,0
2024-02-01 15:06:09.001,17967,17967,17967,4,0
2024-02-01 15:06:10.001,17966,17966,17966,2,-2
2024-02-01 15:06:28.001,17967,17967,17967,2,2
2024-02-01 15:06:29.001,17966,17966,17966,2,-2
2024-02-01 15:06:29.001,17966,17966,17966,2,0
2024-02-01 15:06:29.001,17966,17966,17966,2,0
2024-02-01 15:06:29.001,17966,17966,17966,4,0
2024-02-01 15:06:29.001,17966,17966,17966,12,0
2024-02-01 15:06:29.001,17966,17966,17966,6,0
2024-02-01 15:06:29.001,17966,17966,17966,2,0
2024-02-01 15:06:29.001,17966,17966,17966,10,0
2024-02-01 15:06:29.001,17966,17966,17966,2,0
2024-02-01 15:06:29.001,17966,17966,17966,4,0
2024-02-01 15:06:29.001,17966,17966,17966,10,0
2024-02-01 15:06:29.001,17966,17966,17966,4,0
2024-02-01 15:06:30.001,17965,17965,17965,2,-2
2024-02-01 15:06:30.001,17965,17965,17965,2,0
2024-02-01 15:06:30.001,17965,17965,17965,8,0
2024-02-01 15:06:30.001,17965,17965,17965,8,0
2024-02-01 15:06:30.001,17965,17965,17965,10,0
2024-02-01 15:06:30.001,17965,17965,17965,2,0
2024-02-01 15:06:30.001,17965,17965,17965,2,0
2024-02-01 15:06:30.001,17965,17965,17965,2,0
2024-02-01 15:06:30.001,17965,17965,17965,2,0
2024-02-01 15:06:30.001,17965,17965,17965,2,0
2024-02-01 15:06:30.001,17965,17965,17965,2,0
2024-02-01 15:06:30.001,17965,17965,17965,50,0
2024-02-01 15:06:30.001,17965,17965,17965,4,0
2024-02-01 15:06:30.001,17965,17965,17965,2,0
2024-02-01 15:06:30.001,17965,17965,17965,4,0
2024-02-01 15:06:30.001,17965,17965,17965,2,0
2024-02-01 15:06:30.001,17965,17965,17965,4,0
2024-02-01 15:06:30.001,17965,17965,17965,2,0
2024-02-01 15:06:30.001,17965,17965,17965,2,0
2024-02-01 15:06:30.001,17964,17964,17964,2,-2
2024-02-01 15:06:30.001,17964,17964,17964,2,0
2024-02-01 15:06:30.001,17964,17964,17964,2,0
2024-02-01 15:06:30.001,17964,17964,17964,4,0
2024-02-01 15:06:30.001,17964,17964,17964,4,0
2024-02-01 15:06:30.001,17964,17964,17964,2,0
2024-02-01 15:06:30.001,17964,17964,17964,2,0
2024-02-01 15:06:30.001,17964,17964,17964,2,0
2024-02-01 15:06:30.001,17964,17964,17964,2,0
2024-02-01 15:06:30.001,17964,17964,17964,2,0
2024-02-01 15:06:30.001,17964,17964,17964,2,0
2024-02-01 15:06:30.001,17964,17964,17964,4,0
2024-02-01 15:06:30.001,17964,17964,17964,6,0
2024-02-01 15:06:30.001,17964,17964,17964,4,0
2024-02-01 15:06:30.001,17964,17964,17964,2,0
2024-02-01 15:06:30.001,17964,17964,17964,2,0
2024-02-01 15:06:30.001,17964,17964,17964,4,0
2024-02-01 15:06:30.001,17964,17964,17964,4,0
2024-02-01 15:06:36.001,17963,17963,17963,2,-2
2024-02-01 15:06:36.001,17963,17963,17963,2,0
2024-02-01 15:06:39.001,17963,17963,17963,2,0
2024-02-01 15:06:39.001,17963,17963,17963,2,0
2024-02-01 15:06:39.001,17963,17963,17963,2,0
2024-02-01 15:06:39.001,17963,17963,17963,2,0
2024-02-01 15:06:39.001,17963,17963,17963,2,0
2024-02-01 15:06:39.001,17963,17963,17963,2,0
2024-02-01 15:06:40.001,17963,17963,17963,2,0
2024-02-01 15:06:40.001,17963,17963,17963,2,0
2024-02-01 15:06:40.001,17963,17963,17963,2,0
2024-02-01 15:06:41.001,17962,17962,17962,2,-2
2024-02-01 15:06:41.001,17962,17962,17962,2,0
2024-02-01 15:06:41.001,17962,17962,17962,2,0
2024-02-01 15:06:41.001,17962,17962,17962,2,0
2024-02-01 15:06:41.001,17962,17962,17962,2,0
2024-02-01 15:06:41.001,17962,17962,17962,2,0
2024-02-01 15:06:41.001,17962,17962,17962,2,0
2024-02-01 15:06:41.001,17962,17962,17962,2,0
2024-02-01 15:06:41.001,17962,17962,17962,2,0
2024-02-01 15:06:41.001,17962,17962,17962,2,0
2024-02-01 15:06:41.001,17962,17962,17962,2,0
2024-02-01 15:06:41.001,17962,17962,17962,2,0
2024-02-01 15:06:41.001,17962,17962,17962,2,0
2024-02-01 15:06:41.001,17962,17962,17962,6,0
2024-02-01 15:06:41.001,17962,17962,17962,2,0
2024-02-01 15:06:41.001,17962,17962,17962,2,0
2024-02-01 15:06:41.001,17962,17962,17962,2,0
2024-02-01 15:06:41.001,17962,17962,17962,2,0
2024-02-01 15:06:44.001,17961,17961,17961,2,-2
2024-02-01 15:06:44.001,17961,17961,17961,2,0
2024-02-01 15:06:44.001,17961,17961,17961,2,0
2024-02-01 15:06:44.001,17961,17961,17961,2,0
2024-02-01 15:06:44.001,17961,17961,17961,2,0
2024-02-01 15:06:44.001,17961,17961,17961,2,0
2024-02-01 15:06:45.001,17962,17962,17962,2,2
2024-02-01 15:06:48.001,17962,17962,17962,4,0
2024-02-01 15:06:50.001,17961,17961,17961,2,-2
2024-02-01 15:06:51.001,17961,17961,17961,2,0
2024-02-01 15:06:51.001,17961,17961,17961,2,0
2024-02-01 15:06:51.001,17962,17962,17962,2,2
2024-02-01 15:06:51.001,17962,17962,17962,4,0
2024-02-01 15:06:51.001,17962,17962,17962,10,0
2024-02-01 15:06:51.001,17962,17962,17962,2,0
2024-02-01 15:06:51.001,17962,17962,17962,2,0
2024-02-01 15:06:51.001,17962,17962,17962,6,0
2024-02-01 15:06:53.001,17961,17961,17961,2,-2
2024-02-01 15:06:55.001,17961,17961,17961,2,0
2024-02-01 15:06:56.001,17961,17961,17961,2,0
2024-02-01 15:06:59.001,17962,17962,17962,2,2
2024-02-01 15:07:00.001,17962,17962,17962,2,0
2024-02-01 15:07:00.001,17961,17961,17961,2,-2
2024-02-01 15:07:00.001,17962,17962,17962,2,2
2024-02-01 15:07:00.001,17961,17961,17961,2,-2
2024-02-01 15:07:02.001,17961,17961,17961,2,0
2024-02-01 15:07:02.001,17962,17962,17962,2,2
2024-02-01 15:07:03.001,17962,17962,17962,4,0
2024-02-01 15:07:03.001,17962,17962,17962,2,0
2024-02-01 15:07:04.001,17962,17962,17962,16,0
2024-02-01 15:07:06.001,17962,17962,17962,2,0
2024-02-01 15:07:10.001,17961,17961,17961,2,-2
2024-02-01 15:07:10.001,17962,17962,17962,2,2
2024-02-01 15:07:11.001,17962,17962,17962,8,0
2024-02-01 15:07:11.001,17961,17961,17961,2,-2
2024-02-01 15:07:12.001,17961,17961,17961,2,0
2024-02-01 15:07:12.001,17962,17962,17962,2,2
2024-02-01 15:07:13.001,17962,17962,17962,2,0
2024-02-01 15:07:13.001,17962,17962,17962,2,0
2024-02-01 15:07:14.001,17962,17962,17962,2,0
2024-02-01 15:07:14.001,17962,17962,17962,2,0
2024-02-01 15:07:15.001,17962,17962,17962,2,0
2024-02-01 15:07:16.001,17964,17964,17964,2,2
2024-02-01 15:07:18.001,17962,17962,17962,2,-2
2024-02-01 15:07:18.001,17962,17962,17962,2,0
2024-02-01 15:07:20.001,17963,17963,17963,4,4
2024-02-01 15:07:21.001,17962,17962,17962,2,-2
2024-02-01 15:07:27.001,17962,17962,17962,2,0
2024-02-01 15:07:27.001,17962,17962,17962,4,0
2024-02-01 15:07:27.001,17962,17962,17962,4,0
2024-02-01 15:07:27.001,17962,17962,17962,2,0
2024-02-01 15:07:27.001,17962,17962,17962,2,0
2024-02-01 15:07:27.001,17962,17962,17962,2,0
2024-02-01 15:07:27.001,17962,17962,17962,2,0
2024-02-01 15:07:27.001,17962,17962,17962,2,0
2024-02-01 15:07:27.001,17962,17962,17962,2,0
2024-02-01 15:07:27.001,17961,17961,17961,18,-18
2024-02-01 15:07:28.001,17963,17963,17963,2,2
2024-02-01 15:07:30.001,17962,17962,17962,2,-2
2024-02-01 15:07:30.001,17962,17962,17962,2,0
2024-02-01 15:07:30.001,17961,17961,17961,2,-2
2024-02-01 15:07:30.001,17962,17962,17962,2,2
2024-02-01 15:07:31.001,17961,17961,17961,4,-4
2024-02-01 15:07:31.001,17962,17962,17962,2,2
2024-02-01 15:07:31.001,17962,17962,17962,2,0
2024-02-01 15:07:35.001,17961,17961,17961,16,-16
2024-02-01 15:07:35.001,17961,17961,17961,2,0
2024-02-01 15:07:35.001,17961,17961,17961,2,0
2024-02-01 15:07:35.001,17961,17961,17961,4,0
2024-02-01 15:07:35.001,17961,17961,17961,2,0
2024-02-01 15:07:35.001,17961,17961,17961,2,0
2024-02-01 15:07:35.001,17961,17961,17961,2,0
2024-02-01 15:07:35.001,17961,17961,17961,2,0
2024-02-01 15:07:35.001,17961,17961,17961,2,0
2024-02-01 15:07:35.001,17961,17961,17961,4,0
2024-02-01 15:07:35.001,17961,17961,17961,4,0
2024-02-01 15:07:35.001,17961,17961,17961,4,0
2024-02-01 15:07:35.001,17961,17961,17961,6,0
2024-02-01 15:07:35.001,17961,17961,17961,8,0
2024-02-01 15:07:35.001,17961,17961,17961,2,0
2024-02-01 15:07:35.001,17961,17961,17961,2,0
2024-02-01 15:07:35.001,17961,17961,17961,2,0
2024-02-01 15:07:36.001,17961,17961,17961,2,0
2024-02-01 15:07:39.001,17960,17960,17960,2,-2
2024-02-01 15:07:39.001,17960,17960,17960,2,0
2024-02-01 15:07:39.001,17960,17960,17960,2,0
2024-02-01 15:07:39.001,17960,17960,17960,2,0
2024-02-01 15:07:39.001,17960,17960,17960,2,0
2024-02-01 15:07:39.001,17960,17960,17960,2,0
2024-02-01 15:07:39.001,17960,17960,17960,2,0
2024-02-01 15:07:39.001,17960,17960,17960,2,0
2024-02-01 15:07:40.001,17960,17960,17960,6,0
2024-02-01 15:07:40.001,17960,17960,17960,2,0
2024-02-01 15:07:41.001,17960,17960,17960,2,0
2024-02-01 15:07:42.001,17961,17961,17961,2,2
2024-02-01 15:07:43.001,17961,17961,17961,2,0
2024-02-01 15:07:45.001,17960,17960,17960,2,-2
2024-02-01 15:07:46.001,17961,17961,17961,2,2
2024-02-01 15:07:46.001,17961,17961,17961,4,0
2024-02-01 15:07:46.001,17961,17961,17961,10,0
2024-02-01 15:07:46.001,17961,17961,17961,6,0
2024-02-01 15:07:46.001,17961,17961,17961,2,0
2024-02-01 15:07:46.001,17961,17961,17961,2,0
2024-02-01 15:07:46.001,17961,17961,17961,4,0
2024-02-01 15:07:46.001,17961,17961,17961,4,0
2024-02-01 15:07:46.001,17961,17961,17961,18,0
2024-02-01 15:07:46.001,17961,17961,17961,2,0
2024-02-01 15:07:48.001,17961,17961,17961,6,0
2024-02-01 15:07:48.001,17961,17961,17961,8,0
2024-02-01 15:07:48.001,17961,17961,17961,4,0
2024-02-01 15:07:48.001,17961,17961,17961,2,0
2024-02-01 15:07:48.001,17961,17961,17961,2,0
2024-02-01 15:07:48.001,17961,17961,17961,2,0
2024-02-01 15:07:48.001,17960,17960,17960,2,-2
2024-02-01 15:07:48.001,17960,17960,17960,2,0
2024-02-01 15:07:48.001,17960,17960,17960,2,0
2024-02-01 15:07:48.001,17960,17960,17960,2,0
2024-02-01 15:07:48.001,17960,17960,17960,2,0
2024-02-01 15:07:48.001,17960,17960,17960,8,0
2024-02-01 15:07:48.001,17960,17960,17960,4,0
2024-02-01 15:07:48.001,17960,17960,17960,2,0
2024-02-01 15:07:48.001,17960,17960,17960,10,0
2024-02-01 15:07:48.001,17960,17960,17960,2,0
2024-02-01 15:07:48.001,17961,17961,17961,2,2
2024-02-01 15:07:49.001,17961,17961,17961,2,0
2024-02-01 15:07:49.001,17960,17960,17960,2,-2
2024-02-01 15:07:49.001,17960,17960,17960,4,0
2024-02-01 15:07:49.001,17960,17960,17960,4,0
2024-02-01 15:07:49.001,17960,17960,17960,2,0
2024-02-01 15:07:49.001,17960,17960,17960,8,0
2024-02-01 15:07:49.001,17960,17960,17960,2,0
2024-02-01 15:07:49.001,17960,17960,17960,2,0
2024-02-01 15:07:49.001,17960,17960,17960,4,0
2024-02-01 15:07:49.001,17960,17960,17960,2,0
2024-02-01 15:07:49.001,17960,17960,17960,2,0
2024-02-01 15:07:49.001,17960,17960,17960,4,0
2024-02-01 15:07:49.001,17960,17960,17960,4,0
2024-02-01 15:07:49.001,17960,17960,17960,2,0
2024-02-01 15:07:49.001,17960,17960,17960,2,0
2024-02-01 15:07:49.001,17960,17960,17960,2,0
2024-02-01 15:07:49.001,17960,17960,17960,12,0
2024-02-01 15:07:50.001,17960,17960,17960,2,0
2024-02-01 15:07:52.001,17960,17960,17960,2,0
2024-02-01 15:07:54.001,17960,17960,17960,2,0
2024-02-01 15:07:57.001,17960,17960,17960,2,0
2024-02-01 15:07:57.001,17960,17960,17960,2,0
2024-02-01 15:07:57.001,17960,17960,17960,2,0
2024-02-01 15:07:59.001,17960,17960,17960,2,0
2024-02-01 15:07:59.001,17960,17960,17960,2,0
2024-02-01 15:08:02.001,17959,17959,17959,2,-2
2024-02-01 15:08:02.001,17959,17959,17959,2,0
2024-02-01 15:08:02.001,17959,17959,17959,2,0
2024-02-01 15:08:04.001,17960,17960,17960,14,14
2024-02-01 15:08:07.001,17961,17961,17961,2,2
2024-02-01 15:08:09.001,17961,17961,17961,2,0
2024-02-01 15:08:09.001,17961,17961,17961,4,0
2024-02-01 15:08:10.001,17960,17960,17960,2,-2
2024-02-01 15:08:10.001,17960,17960,17960,2,0
2024-02-01 15:08:10.001,17960,17960,17960,4,0
2024-02-01 15:08:13.001,17961,17961,17961,2,2
2024-02-01 15:08:13.001,17961,17961,17961,2,0
2024-02-01 15:08:13.001,17960,17960,17960,4,-4
2024-02-01 15:08:13.001,17960,17960,17960,2,0
2024-02-01 15:08:13.001,17961,17961,17961,2,2
2024-02-01 15:08:13.001,17960,17960,17960,4,-4
2024-02-01 15:08:18.001,17961,17961,17961,2,2
2024-02-01 15:08:18.001,17961,17961,17961,6,0
2024-02-01 15:08:18.001,17961,17961,17961,2,0
2024-02-01 15:08:18.001,17961,17961,17961,2,0
2024-02-01 15:08:22.001,17961,17961,17961,2,0
2024-02-01 15:08:23.001,17961,17961,17961,2,0
2024-02-01 15:08:23.001,17962,17962,17962,2,2
2024-02-01 15:08:27.001,17961,17961,17961,2,-2
2024-02-01 15:08:27.001,17961,17961,17961,4,0
2024-02-01 15:08:27.001,17961,17961,17961,2,0
2024-02-01 15:08:27.001,17960,17960,17960,2,-2
2024-02-01 15:08:27.001,17960,17960,17960,2,0
2024-02-01 15:08:27.001,17960,17960,17960,8,0
2024-02-01 15:08:32.001,17960,17960,17960,8,0
2024-02-01 15:08:32.001,17960,17960,17960,2,0
2024-02-01 15:08:32.001,17960,17960,17960,2,0
2024-02-01 15:08:32.001,17960,17960,17960,2,0
2024-02-01 15:08:32.001,17960,17960,17960,4,0
2024-02-01 15:08:32.001,17960,17960,17960,2,0
2024-02-01 15:08:32.001,17960,17960,17960,2,0
2024-02-01 15:08:32.001,17961,17961,17961,2,2
2024-02-01 15:08:34.001,17961,17961,17961,2,0
2024-02-01 15:08:35.001,17961,17961,17961,2,0
2024-02-01 15:08:36.001,17960,17960,17960,2,-2
2024-02-01 15:08:36.001,17960,17960,17960,2,0
2024-02-01 15:08:36.001,17960,17960,17960,2,0
2024-02-01 15:08:36.001,17960,17960,17960,2,0
2024-02-01 15:08:36.001,17960,17960,17960,2,0
2024-02-01 15:08:36.001,17960,17960,17960,10,0
2024-02-01 15:08:36.001,17960,17960,17960,2,0
2024-02-01 15:08:36.001,17960,17960,17960,2,0
2024-02-01 15:08:36.001,17960,17960,17960,2,0
2024-02-01 15:08:36.001,17960,17960,17960,2,0
2024-02-01 15:08:40.001,17959,17959,17959,2,-2
2024-02-01 15:08:40.001,17959,17959,17959,2,0
2024-02-01 15:08:40.001,17959,17959,17959,2,0
2024-02-01 15:08:40.001,17959,17959,17959,2,0
2024-02-01 15:08:40.001,17960,17960,17960,2,2
2024-02-01 15:08:42.001,17960,17960,17960,2,0
2024-02-01 15:08:43.001,17961,17961,17961,2,2
2024-02-01 15:08:43.001,17959,17959,17959,2,-2
2024-02-01 15:08:45.001,17959,17959,17959,2,0
2024-02-01 15:08:45.001,17959,17959,17959,4,0
2024-02-01 15:08:45.001,17959,17959,17959,2,0
2024-02-01 15:08:45.001,17959,17959,17959,2,0
2024-02-01 15:08:45.001,17959,17959,17959,2,0
2024-02-01 15:08:45.001,17959,17959,17959,2,0
2024-02-01 15:08:45.001,17959,17959,17959,2,0
2024-02-01 15:08:45.001,17959,17959,17959,2,0
2024-02-01 15:08:45.001,17959,17959,17959,2,0
2024-02-01 15:08:45.001,17959,17959,17959,2,0
2024-02-01 15:08:45.001,17959,17959,17959,2,0
2024-02-01 15:08:45.001,17959,17959,17959,2,0
2024-02-01 15:08:46.001,17959,17959,17959,2,0
2024-02-01 15:08:46.001,17958,17958,17958,2,-2
2024-02-01 15:08:46.001,17958,17958,17958,2,0
2024-02-01 15:08:47.001,17958,17958,17958,2,0
2024-02-01 15:08:47.001,17958,17958,17958,2,0
2024-02-01 15:08:47.001,17958,17958,17958,2,0
2024-02-01 15:08:48.001,17958,17958,17958,2,0
2024-02-01 15:08:48.001,17958,17958,17958,2,0
2024-02-01 15:08:48.001,17958,17958,17958,2,0
2024-02-01 15:08:48.001,17958,17958,17958,2,0
2024-02-01 15:08:48.001,17958,17958,17958,2,0
2024-02-01 15:08:50.001,17959,17959,17959,2,2
2024-02-01 15:08:51.001,17958,17958,17958,2,-2
2024-02-01 15:08:52.001,17958,17958,17958,2,0
2024-02-01 15:08:52.001,17958,17958,17958,2,0
2024-02-01 15:08:52.001,17958,17958,17958,4,0
2024-02-01 15:08:53.001,17958,17958,17958,4,0
2024-02-01 15:08:55.001,17959,17959,17959,2,2
2024-02-01 15:09:00.001,17958,17958,17958,2,-2
2024-02-01 15:09:00.001,17958,17958,17958,4,0
2024-02-01 15:09:02.001,17958,17958,17958,2,0
2024-02-01 15:09:02.001,17958,17958,17958,2,0
2024-02-01 15:09:02.001,17958,17958,17958,2,0
2024-02-01 15:09:02.001,17958,17958,17958,2,0
2024-02-01 15:09:06.001,17958,17958,17958,2,0
2024-02-01 15:09:06.001,17958,17958,17958,2,0
2024-02-01 15:09:06.001,17958,17958,17958,2,0
2024-02-01 15:09:06.001,17959,17959,17959,2,2
2024-02-01 15:09:09.001,17959,17959,17959,2,0
2024-02-01 15:09:10.001,17958,17958,17958,2,-2
2024-02-01 15:09:13.001,17958,17958,17958,2,0
2024-02-01 15:09:13.001,17958,17958,17958,2,0
2024-02-01 15:09:13.001,17958,17958,17958,2,0
2024-02-01 15:09:13.001,17958,17958,17958,2,0
2024-02-01 15:09:14.001,17958,17958,17958,2,0
2024-02-01 15:09:16.001,17958,17958,17958,2,0
2024-02-01 15:09:17.001,17958,17958,17958,2,0
2024-02-01 15:09:18.001,17958,17958,17958,2,0
2024-02-01 15:09:19.001,17959,17959,17959,2,2
2024-02-01 15:09:20.001,17958,17958,17958,4,-4
2024-02-01 15:09:20.001,17958,17958,17958,4,0
2024-02-01 15:09:20.001,17958,17958,17958,4,0
2024-02-01 15:09:22.001,17958,17958,17958,2,0
2024-02-01 15:09:22.001,17958,17958,17958,2,0
2024-02-01 15:09:22.001,17958,17958,17958,2,0
2024-02-01 15:09:22.001,17958,17958,17958,4,0
2024-02-01 15:09:22.001,17958,17958,17958,4,0
2024-02-01 15:09:22.001,17958,17958,17958,2,0
2024-02-01 15:09:22.001,17958,17958,17958,2,0
2024-02-01 15:09:22.001,17958,17958,17958,2,0
2024-02-01 15:09:22.001,17958,17958,17958,2,0
2024-02-01 15:09:22.001,17957,17957,17957,20,-20
2024-02-01 15:09:22.001,17957,17957,17957,2,0
2024-02-01 15:09:22.001,17957,17957,17957,6,0
2024-02-01 15:09:22.001,17957,17957,17957,4,0
2024-02-01 15:09:22.001,17957,17957,17957,2,0
2024-02-01 15:09:22.001,17957,17957,17957,4,0
2024-02-01 15:09:22.001,17957,17957,17957,4,0
2024-02-01 15:09:22.001,17957,17957,17957,4,0
2024-02-01 15:09:22.001,17957,17957,17957,4,0
2024-02-01 15:09:22.001,17957,17957,17957,4,0
2024-02-01 15:09:22.001,17957,17957,17957,4,0
2024-02-01 15:09:22.001,17957,17957,17957,2,0
2024-02-01 15:09:22.001,17957,17957,17957,2,0
2024-02-01 15:09:22.001,17957,17957,17957,2,0
2024-02-01 15:09:22.001,17957,17957,17957,4,0
2024-02-01 15:09:22.001,17957,17957,17957,2,0
2024-02-01 15:09:22.001,17957,17957,17957,4,0
2024-02-01 15:09:22.001,17957,17957,17957,4,0
2024-02-01 15:09:22.001,17957,17957,17957,2,0
2024-02-01 15:09:22.001,17956,17956,17956,4,-4
2024-02-01 15:09:22.001,17956,17956,17956,2,0
2024-02-01 15:09:22.001,17956,17956,17956,2,0
2024-02-01 15:09:22.001,17956,17956,17956,20,0
2024-02-01 15:09:22.001,17956,17956,17956,2,0
2024-02-01 15:09:22.001,17956,17956,17956,2,0
2024-02-01 15:09:22.001,17956,17956,17956,4,0
2024-02-01 15:09:22.001,17956,17956,17956,2,0
2024-02-01 15:09:22.001,17956,17956,17956,4,0
2024-02-01 15:09:22.001,17956,17956,17956,2,0
2024-02-01 15:09:22.001,17957,17957,17957,2,2
2024-02-01 15:09:22.001,17957,17957,17957,2,0
2024-02-01 15:09:22.001,17956,17956,17956,2,-2
2024-02-01 15:09:23.001,17956,17956,17956,2,0
2024-02-01 15:09:23.001,17956,17956,17956,2,0
2024-02-01 15:09:23.001,17956,17956,17956,2,0
2024-02-01 15:09:23.001,17956,17956,17956,2,0
2024-02-01 15:09:23.001,17956,17956,17956,2,0
2024-02-01 15:09:23.001,17956,17956,17956,4,0
2024-02-01 15:09:23.001,17956,17956,17956,2,0
2024-02-01 15:09:23.001,17956,17956,17956,2,0
2024-02-01 15:09:23.001,17956,17956,17956,2,0
2024-02-01 15:09:23.001,17956,17956,17956,2,0
2024-02-01 15:09:23.001,17956,17956,17956,2,0
2024-02-01 15:09:23.001,17956,17956,17956,4,0
2024-02-01 15:09:23.001,17956,17956,17956,4,0
2024-02-01 15:09:23.001,17956,17956,17956,4,0
2024-02-01 15:09:23.001,17955,17955,17955,2,-2
2024-02-01 15:09:23.001,17955,17955,17955,2,0
2024-02-01 15:09:23.001,17955,17955,17955,8,0
2024-02-01 15:09:23.001,17955,17955,17955,2,0
2024-02-01 15:09:23.001,17955,17955,17955,2,0
2024-02-01 15:09:23.001,17955,17955,17955,2,0
2024-02-01 15:09:23.001,17955,17955,17955,4,0
2024-02-01 15:09:23.001,17955,17955,17955,2,0
2024-02-01 15:09:23.001,17955,17955,17955,2,0
2024-02-01 15:09:23.001,17955,17955,17955,2,0
2024-02-01 15:09:23.001,17955,17955,17955,2,0
2024-02-01 15:09:23.001,17955,17955,17955,4,0
2024-02-01 15:09:23.001,17955,17955,17955,4,0
2024-02-01 15:09:23.001,17955,17955,17955,4,0
2024-02-01 15:09:23.001,17955,17955,17955,2,0
2024-02-01 15:09:23.001,17955,17955,17955,4,0
2024-02-01 15:09:23.001,17955,17955,17955,2,0
2024-02-01 15:09:23.001,17955,17955,17955,2,0
2024-02-01 15:09:23.001,17955,17955,17955,4,0
2024-02-01 15:09:23.001,17955,17955,17955,2,0
2024-02-01 15:09:23.001,17955,17955,17955,2,0
2024-02-01 15:09:23.001,17955,17955,17955,2,0
2024-02-01 15:09:23.001,17955,17955,17955,2,0
2024-02-01 15:09:23.001,17955,17955,17955,2,0
2024-02-01 15:09:23.001,17955,17955,17955,2,0
2024-02-01 15:09:23.001,17955,17955,17955,4,0
2024-02-01 15:09:23.001,17954,17954,17954,2,-2
2024-02-01 15:09:23.001,17954,17954,17954,2,0
2024-02-01 15:09:23.001,17954,17954,17954,4,0
2024-02-01 15:09:23.001,17954,17954,17954,4,0
2024-02-01 15:09:23.001,17954,17954,17954,4,0
2024-02-01 15:09:23.001,17954,17954,17954,2,0
2024-02-01 15:09:23.001,17954,17954,17954,2,0
2024-02-01 15:09:23.001,17954,17954,17954,2,0
2024-02-01 15:09:23.001,17954,17954,17954,6,0
2024-02-01 15:09:23.001,17954,17954,17954,6,0
2024-02-01 15:09:23.001,17954,17954,17954,2,0
2024-02-01 15:09:23.001,17954,17954,17954,2,0
2024-02-01 15:09:23.001,17954,17954,17954,4,0
2024-02-01 15:09:23.001,17954,17954,17954,2,0
2024-02-01 15:09:24.001,17956,17956,17956,2,2
2024-02-01 15:09:24.001,17956,17956,17956,4,0
2024-02-01 15:09:25.001,17955,17955,17955,2,-2
2024-02-01 15:09:25.001,17955,17955,17955,2,0
2024-02-01 15:09:25.001,17955,17955,17955,4,0
2024-02-01 15:09:25.001,17954,17954,17954,2,-2
2024-02-01 15:09:28.001,17956,17956,17956,2,2
2024-02-01 15:09:31.001,17955,17955,17955,2,-2
2024-02-01 15:09:34.001,17956,17956,17956,4,4
2024-02-01 15:09:34.001,17956,17956,17956,2,0
2024-02-01 15:09:34.001,17956,17956,17956,2,0
2024-02-01 15:09:34.001,17956,17956,17956,2,0
2024-02-01 15:09:34.001,17955,17955,17955,2,-2
2024-02-01 15:09:35.001,17955,17955,17955,2,0
2024-02-01 15:09:35.001,17955,17955,17955,2,0
2024-02-01 15:09:36.001,17955,17955,17955,2,0
2024-02-01 15:09:36.001,17955,17955,17955,2,0
2024-02-01 15:09:37.001,17955,17955,17955,2,0
2024-02-01 15:09:37.001,17955,17955,17955,4,0
2024-02-01 15:09:38.001,17955,17955,17955,2,0
2024-02-01 15:09:38.001,17955,17955,17955,2,0
2024-02-01 15:09:38.001,17955,17955,17955,4,0
2024-02-01 15:09:38.001,17955,17955,17955,2,0
2024-02-01 15:09:38.001,17955,17955,17955,2,0
2024-02-01 15:09:38.001,17955,17955,17955,2,0
2024-02-01 15:09:38.001,17955,17955,17955,4,0
2024-02-01 15:09:39.001,17955,17955,17955,2,0
2024-02-01 15:09:39.001,17955,17955,17955,4,0
2024-02-01 15:09:40.001,17955,17955,17955,2,0
2024-02-01 15:09:40.001,17956,17956,17956,2,2
2024-02-01 15:09:40.001,17955,17955,17955,2,-2
2024-02-01 15:09:40.001,17955,17955,17955,2,0
2024-02-01 15:09:40.001,17955,17955,17955,2,0
2024-02-01 15:09:40.001,17955,17955,17955,2,0
2024-02-01 15:09:43.001,17955,17955,17955,2,0
2024-02-01 15:09:46.001,17955,17955,17955,2,0
2024-02-01 15:09:46.001,17955,17955,17955,2,0
2024-02-01 15:09:46.001,17955,17955,17955,2,0
2024-02-01 15:09:46.001,17955,17955,17955,2,0
2024-02-01 15:09:46.001,17955,17955,17955,2,0
2024-02-01 15:09:46.001,17955,17955,17955,4,0
2024-02-01 15:09:46.001,17954,17954,17954,2,-2
2024-02-01 15:09:46.001,17954,17954,17954,2,0
2024-02-01 15:09:46.001,17954,17954,17954,4,0
2024-02-01 15:09:46.001,17954,17954,17954,2,0
2024-02-01 15:09:46.001,17954,17954,17954,2,0
2024-02-01 15:09:46.001,17954,17954,17954,2,0
2024-02-01 15:09:46.001,17954,17954,17954,2,0
2024-02-01 15:09:46.001,17954,17954,17954,2,0
2024-02-01 15:09:46.001,17954,17954,17954,2,0
2024-02-01 15:09:46.001,17954,17954,17954,2,0
2024-02-01 15:09:46.001,17954,17954,17954,4,0
2024-02-01 15:09:46.001,17954,17954,17954,4,0
2024-02-01 15:09:46.001,17954,17954,17954,2,0
2024-02-01 15:09:46.001,17954,17954,17954,2,0
2024-02-01 15:09:46.001,17954,17954,17954,2,0
2024-02-01 15:09:46.001,17953,17953,17953,4,-4
2024-02-01 15:09:46.001,17953,17953,17953,2,0
2024-02-01 15:09:46.001,17953,17953,17953,8,0
2024-02-01 15:09:46.001,17953,17953,17953,2,0
2024-02-01 15:09:46.001,17953,17953,17953,6,0
2024-02-01 15:09:46.001,17953,17953,17953,2,0
2024-02-01 15:09:46.001,17953,17953,17953,8,0
2024-02-01 15:09:46.001,17953,17953,17953,18,0
2024-02-01 15:09:46.001,17953,17953,17953,4,0
2024-02-01 15:09:46.001,17953,17953,17953,2,0
2024-02-01 15:09:46.001,17953,17953,17953,2,0
2024-02-01 15:09:46.001,17953,17953,17953,2,0
2024-02-01 15:09:46.001,17953,17953,17953,2,0
2024-02-01 15:09:46.001,17953,17953,17953,4,0
2024-02-01 15:09:46.001,17953,17953,17953,4,0
2024-02-01 15:09:46.001,17953,17953,17953,4,0
2024-02-01 15:09:46.001,17953,17953,17953,2,0
2024-02-01 15:09:46.001,17953,17953,17953,2,0
2024-02-01 15:09:46.001,17953,17953,17953,2,0
2024-02-01 15:09:46.001,17953,17953,17953,2,0
2024-02-01 15:09:46.001,17953,17953,17953,2,0
2024-02-01 15:09:46.001,17953,17953,17953,4,0
2024-02-01 15:09:46.001,17953,17953,17953,2,0
2024-02-01 15:09:46.001,17953,17953,17953,4,0
2024-02-01 15:09:46.001,17953,17953,17953,10,0
2024-02-01 15:09:46.001,17953,17953,17953,2,0
2024-02-01 15:09:46.001,17953,17953,17953,2,0
2024-02-01 15:09:46.001,17953,17953,17953,10,0
2024-02-01 15:09:46.001,17952,17952,17952,2,-2
2024-02-01 15:09:46.001,17952,17952,17952,2,0
2024-02-01 15:09:46.001,17952,17952,17952,2,0
2024-02-01 15:09:46.001,17952,17952,17952,2,0
2024-02-01 15:09:46.001,17952,17952,17952,2,0
2024-02-01 15:09:46.001,17952,17952,17952,2,0
2024-02-01 15:09:46.001,17952,17952,17952,2,0
2024-02-01 15:09:46.001,17952,17952,17952,4,0
2024-02-01 15:09:46.001,17952,17952,17952,2,0
2024-02-01 15:09:46.001,17952,17952,17952,2,0
2024-02-01 15:09:46.001,17952,17952,17952,2,0
2024-02-01 15:09:46.001,17952,17952,17952,2,0
2024-02-01 15:09:46.001,17952,17952,17952,2,0
2024-02-01 15:09:46.001,17952,17952,17952,4,0
2024-02-01 15:09:46.001,17954,17954,17954,4,4
2024-02-01 15:09:46.001,17953,17953,17953,2,-2
2024-02-01 15:09:46.001,17953,17953,17953,2,0
2024-02-01 15:09:46.001,17953,17953,17953,2,0
2024-02-01 15:09:46.001,17954,17954,17954,2,2
2024-02-01 15:09:46.001,17953,17953,17953,2,-2
2024-02-01 15:09:46.001,17953,17953,17953,4,0
2024-02-01 15:09:46.001,17953,17953,17953,2,0
2024-02-01 15:09:46.001,17953,17953,17953,4,0
2024-02-01 15:09:46.001,17952,17952,17952,2,-2
2024-02-01 15:09:46.001,17952,17952,17952,2,0
2024-02-01 15:09:47.001,17953,17953,17953,2,2
2024-02-01 15:09:47.001,17954,17954,17954,30,30
2024-02-01 15:09:47.001,17955,17955,17955,4,4
2024-02-01 15:09:48.001,17955,17955,17955,2,0
2024-02-01 15:09:48.001,17954,17954,17954,4,-4
2024-02-01 15:09:48.001,17954,17954,17954,2,0
2024-02-01 15:09:48.001,17954,17954,17954,8,0
2024-02-01 15:09:48.001,17954,17954,17954,8,0
2024-02-01 15:09:48.001,17954,17954,17954,2,0
2024-02-01 15:09:48.001,17954,17954,17954,2,0
2024-02-01 15:09:48.001,17954,17954,17954,2,0
2024-02-01 15:09:48.001,17953,17953,17953,4,-4
2024-02-01 15:09:48.001,17953,17953,17953,4,0
2024-02-01 15:09:48.001,17953,17953,17953,2,0
2024-02-01 15:09:48.001,17953,17953,17953,4,0
2024-02-01 15:09:48.001,17953,17953,17953,2,0
2024-02-01 15:09:48.001,17953,17953,17953,8,0
2024-02-01 15:09:48.001,17953,17953,17953,2,0
2024-02-01 15:09:48.001,17953,17953,17953,2,0
2024-02-01 15:09:48.001,17953,17953,17953,8,0
2024-02-01 15:09:48.001,17953,17953,17953,2,0
2024-02-01 15:09:48.001,17953,17953,17953,2,0
2024-02-01 15:09:48.001,17953,17953,17953,4,0
2024-02-01 15:09:48.001,17953,17953,17953,2,0
2024-02-01 15:09:48.001,17953,17953,17953,2,0
2024-02-01 15:09:48.001,17952,17952,17952,4,-4
2024-02-01 15:09:48.001,17952,17952,17952,4,0
2024-02-01 15:09:48.001,17952,17952,17952,2,0
2024-02-01 15:09:48.001,17952,17952,17952,2,0
2024-02-01 15:09:48.001,17952,17952,17952,4,0
2024-02-01 15:09:48.001,17952,17952,17952,2,0
2024-02-01 15:09:48.001,17952,17952,17952,2,0
2024-02-01 15:09:48.001,17952,17952,17952,4,0
2024-02-01 15:09:48.001,17952,17952,17952,4,0
2024-02-01 15:09:48.001,17952,17952,17952,6,0
2024-02-01 15:09:48.001,17952,17952,17952,2,0
2024-02-01 15:09:48.001,17952,17952,17952,10,0
2024-02-01 15:09:48.001,17952,17952,17952,2,0
2024-02-01 15:09:48.001,17951,17951,17951,2,-2
2024-02-01 15:09:48.001,17951,17951,17951,2,0
2024-02-01 15:09:48.001,17951,17951,17951,4,0
2024-02-01 15:09:48.001,17951,17951,17951,2,0
2024-02-01 15:09:48.001,17951,17951,17951,4,0
2024-02-01 15:09:48.001,17951,17951,17951,2,0
2024-02-01 15:09:48.001,17951,17951,17951,4,0
2024-02-01 15:09:48.001,17951,17951,17951,6,0
2024-02-01 15:09:48.001,17951,17951,17951,10,0
2024-02-01 15:09:48.001,17951,17951,17951,2,0
2024-02-01 15:09:48.001,17951,17951,17951,4,0
2024-02-01 15:09:48.001,17951,17951,17951,4,0
2024-02-01 15:09:48.001,17951,17951,17951,2,0
2024-02-01 15:09:48.001,17951,17951,17951,2,0
2024-02-01 15:09:48.001,17951,17951,17951,2,0
2024-02-01 15:09:48.001,17951,17951,17951,4,0
2024-02-01 15:09:48.001,17951,17951,17951,4,0
2024-02-01 15:09:48.001,17951,17951,17951,4,0
2024-02-01 15:09:48.001,17951,17951,17951,6,0
2024-02-01 15:09:48.001,17951,17951,17951,2,0
2024-02-01 15:09:48.001,17951,17951,17951,2,0
2024-02-01 15:09:48.001,17951,17951,17951,2,0
2024-02-01 15:09:48.001,17953,17953,17953,4,4
2024-02-01 15:09:48.001,17952,17952,17952,2,-2
2024-02-01 15:09:48.001,17954,17954,17954,2,2
2024-02-01 15:09:48.001,17952,17952,17952,2,-2
2024-02-01 15:09:48.001,17952,17952,17952,2,0
2024-02-01 15:09:48.001,17952,17952,17952,2,0
2024-02-01 15:09:48.001,17952,17952,17952,2,0
2024-02-01 15:09:49.001,17954,17954,17954,12,12
2024-02-01 15:09:50.001,17953,17953,17953,2,-2
2024-02-01 15:09:50.001,17953,17953,17953,2,0
2024-02-01 15:09:50.001,17954,17954,17954,4,4
2024-02-01 15:09:51.001,17954,17954,17954,8,0
2024-02-01 15:09:53.001,17954,17954,17954,4,0
2024-02-01 15:09:54.001,17954,17954,17954,12,0
2024-02-01 15:09:54.001,17955,17955,17955,6,6
2024-02-01 15:09:54.001,17955,17955,17955,16,0
2024-02-01 15:09:55.001,17954,17954,17954,2,-2
2024-02-01 15:09:56.001,17954,17954,17954,4,0
2024-02-01 15:10:00.001,17954,17954,17954,2,0
2024-02-01 15:10:00.001,17953,17953,17953,8,-8
2024-02-01 15:10:00.001,17953,17953,17953,8,0
2024-02-01 15:10:00.001,17953,17953,17953,2,0
2024-02-01 15:10:00.001,17953,17953,17953,2,0
2024-02-01 15:10:00.001,17953,17953,17953,2,0
2024-02-01 15:10:00.001,17953,17953,17953,2,0
2024-02-01 15:10:00.001,17953,17953,17953,4,0
2024-02-01 15:10:00.001,17953,17953,17953,2,0
2024-02-01 15:10:00.001,17953,17953,17953,2,0
2024-02-01 15:10:00.001,17953,17953,17953,4,0
2024-02-01 15:10:00.001,17953,17953,17953,2,0
2024-02-01 15:10:00.001,17953,17953,17953,4,0
2024-02-01 15:10:00.001,17953,17953,17953,4,0
2024-02-01 15:10:00.001,17953,17953,17953,4,0
2024-02-01 15:10:00.001,17953,17953,17953,2,0
2024-02-01 15:10:00.001,17953,17953,17953,2,0
2024-02-01 15:10:00.001,17953,17953,17953,6,0
2024-02-01 15:10:00.001,17953,17953,17953,2,0
2024-02-01 15:10:00.001,17953,17953,17953,2,0
2024-02-01 15:10:00.001,17952,17952,17952,6,-6
2024-02-01 15:10:00.001,17952,17952,17952,8,0
2024-02-01 15:10:00.001,17952,17952,17952,8,0
2024-02-01 15:10:00.001,17952,17952,17952,2,0
2024-02-01 15:10:00.001,17952,17952,17952,4,0
2024-02-01 15:10:00.001,17952,17952,17952,2,0
2024-02-01 15:10:00.001,17952,17952,17952,2,0
2024-02-01 15:10:00.001,17952,17952,17952,2,0
2024-02-01 15:10:00.001,17952,17952,17952,4,0
2024-02-01 15:10:00.001,17952,17952,17952,2,0
2024-02-01 15:10:00.001,17952,17952,17952,6,0
2024-02-01 15:10:00.001,17952,17952,17952,4,0
2024-02-01 15:10:00.001,17952,17952,17952,6,0
2024-02-01 15:10:00.001,17952,17952,17952,2,0
2024-02-01 15:10:00.001,17952,17952,17952,10,0
2024-02-01 15:10:00.001,17951,17951,17951,2,-2
2024-02-01 15:10:00.001,17951,17951,17951,2,0
2024-02-01 15:10:00.001,17951,17951,17951,2,0
2024-02-01 15:10:00.001,17951,17951,17951,2,0
2024-02-01 15:10:00.001,17951,17951,17951,2,0
2024-02-01 15:10:00.001,17951,17951,17951,2,0
2024-02-01 15:10:00.001,17951,17951,17951,2,0
2024-02-01 15:10:00.001,17951,17951,17951,6,0
2024-02-01 15:10:00.001,17951,17951,17951,4,0
2024-02-01 15:10:00.001,17951,17951,17951,2,0
2024-02-01 15:10:00.001,17951,17951,17951,2,0
2024-02-01 15:10:00.001,17951,17951,17951,2,0
2024-02-01 15:10:00.001,17951,17951,17951,4,0
2024-02-01 15:10:00.001,17951,17951,17951,2,0
2024-02-01 15:10:00.001,17951,17951,17951,2,0
2024-02-01 15:10:00.001,17951,17951,17951,6,0
2024-02-01 15:10:00.001,17951,17951,17951,2,0
2024-02-01 15:10:00.001,17951,17951,17951,2,0
2024-02-01 15:10:00.001,17951,17951,17951,4,0
2024-02-01 15:10:00.001,17951,17951,17951,4,0
2024-02-01 15:10:00.001,17951,17951,17951,2,0
2024-02-01 15:10:00.001,17951,17951,17951,2,0
2024-02-01 15:10:00.001,17951,17951,17951,6,0
2024-02-01 15:10:00.001,17952,17952,17952,2,2
2024-02-01 15:10:00.001,17952,17952,17952,2,0
2024-02-01 15:10:00.001,17952,17952,17952,4,0
2024-02-01 15:10:00.001,17952,17952,17952,2,0
2024-02-01 15:10:00.001,17952,17952,17952,4,0
2024-02-01 15:10:00.001,17952,17952,17952,4,0
2024-02-01 15:10:00.001,17953,17953,17953,4,4
2024-02-01 15:10:00.001,17952,17952,17952,2,-2
2024-02-01 15:10:00.001,17952,17952,17952,2,0
2024-02-01 15:10:00.001,17953,17953,17953,2,2
2024-02-01 15:10:00.001,17953,17953,17953,2,0
2024-02-01 15:10:00.001,17952,17952,17952,2,-2
2024-02-01 15:10:00.001,17952,17952,17952,2,0
2024-02-01 15:10:00.001,17952,17952,17952,2,0
2024-02-01 15:10:00.001,17952,17952,17952,2,0
2024-02-01 15:10:00.001,17952,17952,17952,4,0
2024-02-01 15:10:00.001,17953,17953,17953,2,2
2024-02-01 15:10:05.001,17954,17954,17954,2,2
2024-02-01 15:10:06.001,17953,17953,17953,2,-2
2024-02-01 15:10:06.001,17952,17952,17952,2,-2
2024-02-01 15:10:07.001,17952,17952,17952,2,0
2024-02-01 15:10:07.001,17952,17952,17952,2,0
2024-02-01 15:10:07.001,17952,17952,17952,2,0
2024-02-01 15:10:07.001,17952,17952,17952,2,0
2024-02-01 15:10:07.001,17952,17952,17952,2,0
2024-02-01 15:10:07.001,17952,17952,17952,2,0
2024-02-01 15:10:07.001,17952,17952,17952,2,0
2024-02-01 15:10:08.001,17952,17952,17952,2,0
2024-02-01 15:10:08.001,17952,17952,17952,2,0
2024-02-01 15:10:08.001,17952,17952,17952,2,0
2024-02-01 15:10:08.001,17952,17952,17952,2,0
2024-02-01 15:10:08.001,17952,17952,17952,2,0
2024-02-01 15:10:09.001,17952,17952,17952,2,0
2024-02-01 15:10:09.001,17952,17952,17952,2,0
2024-02-01 15:10:09.001,17952,17952,17952,2,0
2024-02-01 15:10:09.001,17953,17953,17953,8,8
2024-02-01 15:10:09.001,17953,17953,17953,2,0
2024-02-01 15:10:09.001,17953,17953,17953,2,0
2024-02-01 15:10:09.001,17953,17953,17953,2,0
2024-02-01 15:10:09.001,17953,17953,17953,2,0
2024-02-01 15:10:10.001,17953,17953,17953,2,0
2024-02-01 15:10:10.001,17954,17954,17954,10,10
2024-02-01 15:10:11.001,17954,17954,17954,2,0
2024-02-01 15:10:11.001,17954,17954,17954,8,0
2024-02-01 15:10:11.001,17954,17954,17954,2,0
2024-02-01 15:10:11.001,17954,17954,17954,8,0
2024-02-01 15:10:11.001,17954,17954,17954,4,0
2024-02-01 15:10:12.001,17954,17954,17954,2,0
2024-02-01 15:10:14.001,17954,17954,17954,4,0
2024-02-01 15:10:18.001,17955,17955,17955,42,42
2024-02-01 15:10:19.001,17955,17955,17955,2,0
2024-02-01 15:10:24.001,17956,17956,17956,2,2
2024-02-01 15:10:29.001,17956,17956,17956,2,0
2024-02-01 15:10:30.001,17956,17956,17956,2,0
2024-02-01 15:10:30.001,17955,17955,17955,2,-2
2024-02-01 15:10:30.001,17956,17956,17956,2,2
2024-02-01 15:10:31.001,17956,17956,17956,4,0
2024-02-01 15:10:34.001,17957,17957,17957,4,4
2024-02-01 15:10:35.001,17958,17958,17958,26,26
2024-02-01 15:10:37.001,17958,17958,17958,2,0
2024-02-01 15:10:37.001,17958,17958,17958,2,0
2024-02-01 15:10:41.001,17959,17959,17959,8,8
2024-02-01 15:10:41.001,17959,17959,17959,8,0
2024-02-01 15:10:43.001,17959,17959,17959,2,0
2024-02-01 15:10:44.001,17959,17959,17959,2,0
2024-02-01 15:10:47.001,17960,17960,17960,2,2
2024-02-01 15:10:47.001,17960,17960,17960,2,0
2024-02-01 15:10:48.001,17959,17959,17959,2,-2
2024-02-01 15:10:48.001,17959,17959,17959,2,0
2024-02-01 15:10:50.001,17958,17958,17958,2,-2
2024-02-01 15:10:52.001,17959,17959,17959,20,20
2024-02-01 15:10:54.001,17960,17960,17960,2,2
2024-02-01 15:10:54.001,17958,17958,17958,2,-2
2024-02-01 15:10:56.001,17959,17959,17959,2,2
2024-02-01 15:11:00.001,17958,17958,17958,2,-2
2024-02-01 15:11:04.001,17958,17958,17958,2,0
2024-02-01 15:11:04.001,17958,17958,17958,2,0
2024-02-01 15:11:09.001,17959,17959,17959,2,2
2024-02-01 15:11:10.001,17958,17958,17958,2,-2
2024-02-01 15:11:11.001,17959,17959,17959,2,2
2024-02-01 15:11:16.001,17958,17958,17958,2,-2
2024-02-01 15:11:16.001,17958,17958,17958,2,0
2024-02-01 15:11:16.001,17958,17958,17958,2,0
2024-02-01 15:11:16.001,17958,17958,17958,6,0
2024-02-01 15:11:16.001,17958,17958,17958,2,0
2024-02-01 15:11:17.001,17958,17958,17958,2,0
2024-02-01 15:11:19.001,17958,17958,17958,2,0
2024-02-01 15:11:19.001,17957,17957,17957,2,-2
2024-02-01 15:11:19.001,17957,17957,17957,4,0
2024-02-01 15:11:19.001,17957,17957,17957,2,0
2024-02-01 15:11:19.001,17958,17958,17958,8,8
2024-02-01 15:11:23.001,17958,17958,17958,8,0
2024-02-01 15:11:25.001,17958,17958,17958,2,0
2024-02-01 15:11:27.001,17958,17958,17958,2,0
2024-02-01 15:11:30.001,17959,17959,17959,2,2
2024-02-01 15:11:35.001,17959,17959,17959,2,0
2024-02-01 15:11:35.001,17959,17959,17959,2,0
2024-02-01 15:11:39.001,17959,17959,17959,2,0
2024-02-01 15:11:40.001,17958,17958,17958,12,-12
2024-02-01 15:11:40.001,17958,17958,17958,2,0
2024-02-01 15:11:40.001,17958,17958,17958,2,0
2024-02-01 15:11:40.001,17958,17958,17958,2,0
2024-02-01 15:11:40.001,17958,17958,17958,2,0
2024-02-01 15:11:40.001,17958,17958,17958,4,0
2024-02-01 15:11:40.001,17958,17958,17958,4,0
2024-02-01 15:11:40.001,17958,17958,17958,2,0
2024-02-01 15:11:40.001,17958,17958,17958,2,0
2024-02-01 15:11:45.001,17958,17958,17958,2,0
2024-02-01 15:11:45.001,17958,17958,17958,2,0
2024-02-01 15:11:45.001,17958,17958,17958,2,0
2024-02-01 15:11:45.001,17958,17958,17958,28,0
2024-02-01 15:11:45.001,17958,17958,17958,2,0
2024-02-01 15:11:45.001,17959,17959,17959,6,6
2024-02-01 15:11:47.001,17958,17958,17958,2,-2
2024-02-01 15:11:48.001,17957,17957,17957,2,-2
2024-02-01 15:11:48.001,17957,17957,17957,2,0
2024-02-01 15:11:48.001,17957,17957,17957,4,0
2024-02-01 15:11:48.001,17957,17957,17957,4,0
2024-02-01 15:11:48.001,17957,17957,17957,2,0
2024-02-01 15:11:48.001,17957,17957,17957,2,0
2024-02-01 15:11:48.001,17957,17957,17957,6,0
2024-02-01 15:11:48.001,17957,17957,17957,4,0
2024-02-01 15:11:48.001,17957,17957,17957,2,0
2024-02-01 15:11:48.001,17957,17957,17957,2,0
2024-02-01 15:11:48.001,17957,17957,17957,2,0
2024-02-01 15:11:48.001,17957,17957,17957,2,0
2024-02-01 15:11:51.001,17957,17957,17957,2,0
2024-02-01 15:11:51.001,17957,17957,17957,2,0
2024-02-01 15:11:51.001,17956,17956,17956,2,-2
2024-02-01 15:11:51.001,17956,17956,17956,2,0
2024-02-01 15:11:51.001,17956,17956,17956,6,0
2024-02-01 15:11:51.001,17956,17956,17956,2,0
2024-02-01 15:11:51.001,17956,17956,17956,4,0
2024-02-01 15:11:51.001,17956,17956,17956,6,0
2024-02-01 15:11:51.001,17956,17956,17956,2,0
2024-02-01 15:11:51.001,17956,17956,17956,4,0
2024-02-01 15:11:51.001,17956,17956,17956,4,0
2024-02-01 15:11:51.001,17956,17956,17956,4,0
2024-02-01 15:11:51.001,17956,17956,17956,2,0
2024-02-01 15:11:51.001,17956,17956,17956,6,0
2024-02-01 15:11:51.001,17956,17956,17956,2,0
2024-02-01 15:11:51.001,17956,17956,17956,2,0
2024-02-01 15:11:51.001,17956,17956,17956,4,0
2024-02-01 15:11:51.001,17956,17956,17956,2,0
2024-02-01 15:11:51.001,17956,17956,17956,2,0
2024-02-01 15:11:51.001,17956,17956,17956,4,0
2024-02-01 15:11:52.001,17957,17957,17957,4,4
2024-02-01 15:11:52.001,17957,17957,17957,4,0
2024-02-01 15:11:53.001,17955,17955,17955,2,-2
2024-02-01 15:11:57.001,17956,17956,17956,6,6
2024-02-01 15:12:00.001,17955,17955,17955,2,-2
2024-02-01 15:12:00.001,17955,17955,17955,2,0
2024-02-01 15:12:00.001,17955,17955,17955,2,0
2024-02-01 15:12:00.001,17955,17955,17955,2,0
2024-02-01 15:12:00.001,17955,17955,17955,6,0
2024-02-01 15:12:00.001,17955,17955,17955,2,0
2024-02-01 15:12:00.001,17955,17955,17955,2,0
2024-02-01 15:12:00.001,17955,17955,17955,2,0
2024-02-01 15:12:00.001,17955,17955,17955,8,0
2024-02-01 15:12:00.001,17955,17955,17955,2,0
2024-02-01 15:12:00.001,17955,17955,17955,2,0
2024-02-01 15:12:03.001,17955,17955,17955,2,0
2024-02-01 15:12:03.001,17955,17955,17955,2,0
2024-02-01 15:12:05.001,17955,17955,17955,2,0
2024-02-01 15:12:08.001,17956,17956,17956,10,10
2024-02-01 15:12:13.001,17955,17955,17955,2,-2
2024-02-01 15:12:13.001,17955,17955,17955,2,0
2024-02-01 15:12:13.001,17955,17955,17955,4,0
2024-02-01 15:12:13.001,17955,17955,17955,4,0
2024-02-01 15:12:13.001,17955,17955,17955,4,0
2024-02-01 15:12:13.001,17955,17955,17955,6,0
2024-02-01 15:12:13.001,17955,17955,17955,6,0
2024-02-01 15:12:13.001,17955,17955,17955,4,0
2024-02-01 15:12:13.001,17955,17955,17955,2,0
2024-02-01 15:12:13.001,17955,17955,17955,2,0
2024-02-01 15:12:13.001,17955,17955,17955,2,0
2024-02-01 15:12:13.001,17955,17955,17955,2,0
2024-02-01 15:12:14.001,17956,17956,17956,2,2
2024-02-01 15:12:15.001,17955,17955,17955,2,-2
2024-02-01 15:12:16.001,17955,17955,17955,2,0
2024-02-01 15:12:16.001,17954,17954,17954,4,-4
2024-02-01 15:12:17.001,17955,17955,17955,6,6
2024-02-01 15:12:18.001,17954,17954,17954,2,-2
2024-02-01 15:12:18.001,17955,17955,17955,32,32
2024-02-01 15:12:18.001,17956,17956,17956,6,6
2024-02-01 15:12:23.001,17956,17956,17956,6,0
2024-02-01 15:12:23.001,17956,17956,17956,2,0
2024-02-01 15:12:23.001,17956,17956,17956,6,0
2024-02-01 15:12:23.001,17955,17955,17955,2,-2
2024-02-01 15:12:23.001,17955,17955,17955,4,0
2024-02-01 15:12:23.001,17955,17955,17955,6,0
2024-02-01 15:12:23.001,17955,17955,17955,6,0
2024-02-01 15:12:23.001,17955,17955,17955,2,0
2024-02-01 15:12:23.001,17955,17955,17955,2,0
2024-02-01 15:12:23.001,17955,17955,17955,2,0
2024-02-01 15:12:23.001,17955,17955,17955,2,0
2024-02-01 15:12:23.001,17955,17955,17955,2,0
2024-02-01 15:12:26.001,17956,17956,17956,10,10
2024-02-01 15:12:28.001,17955,17955,17955,6,-6
2024-02-01 15:12:28.001,17955,17955,17955,4,0
2024-02-01 15:12:28.001,17955,17955,17955,2,0
2024-02-01 15:12:28.001,17955,17955,17955,4,0
2024-02-01 15:12:28.001,17955,17955,17955,2,0
2024-02-01 15:12:28.001,17955,17955,17955,2,0
2024-02-01 15:12:28.001,17955,17955,17955,4,0
2024-02-01 15:12:28.001,17955,17955,17955,2,0
2024-02-01 15:12:28.001,17956,17956,17956,2,2
2024-02-01 15:12:33.001,17956,17956,17956,2,0
2024-02-01 15:12:34.001,17957,17957,17957,2,2
2024-02-01 15:12:34.001,17956,17956,17956,2,-2
2024-02-01 15:12:37.001,17956,17956,17956,6,0
2024-02-01 15:12:37.001,17956,17956,17956,2,0
2024-02-01 15:12:37.001,17956,17956,17956,4,0
2024-02-01 15:12:37.001,17956,17956,17956,4,0
2024-02-01 15:12:37.001,17956,17956,17956,4,0
2024-02-01 15:12:37.001,17956,17956,17956,2,0
2024-02-01 15:12:37.001,17955,17955,17955,2,-2
2024-02-01 15:12:37.001,17955,17955,17955,2,0
2024-02-01 15:12:37.001,17955,17955,17955,2,0
2024-02-01 15:12:37.001,17955,17955,17955,2,0
2024-02-01 15:12:37.001,17955,17955,17955,6,0
2024-02-01 15:12:37.001,17955,17955,17955,4,0
2024-02-01 15:12:37.001,17956,17956,17956,10,10
2024-02-01 15:12:38.001,17955,17955,17955,2,-2
2024-02-01 15:12:38.001,17955,17955,17955,4,0
2024-02-01 15:12:38.001,17955,17955,17955,2,0
2024-02-01 15:12:38.001,17955,17955,17955,4,0
2024-02-01 15:12:38.001,17955,17955,17955,6,0
2024-02-01 15:12:38.001,17954,17954,17954,2,-2
2024-02-01 15:12:38.001,17954,17954,17954,2,0
2024-02-01 15:12:38.001,17954,17954,17954,4,0
2024-02-01 15:12:38.001,17954,17954,17954,2,0
2024-02-01 15:12:38.001,17954,17954,17954,2,0
2024-02-01 15:12:38.001,17954,17954,17954,2,0
2024-02-01 15:12:38.001,17954,17954,17954,2,0
2024-02-01 15:12:38.001,17954,17954,17954,2,0
2024-02-01 15:12:38.001,17954,17954,17954,4,0
2024-02-01 15:12:38.001,17955,17955,17955,2,2
2024-02-01 15:12:40.001,17954,17954,17954,2,-2
2024-02-01 15:12:43.001,17954,17954,17954,4,0
2024-02-01 15:12:43.001,17954,17954,17954,8,0
2024-02-01 15:12:43.001,17955,17955,17955,2,2
2024-02-01 15:12:46.001,17955,17955,17955,2,0
2024-02-01 15:12:48.001,17956,17956,17956,2,2
2024-02-01 15:12:49.001,17956,17956,17956,2,0
2024-02-01 15:12:50.001,17955,17955,17955,2,-2
2024-02-01 15:12:52.001,17955,17955,17955,2,0
2024-02-01 15:12:55.001,17955,17955,17955,2,0
2024-02-01 15:12:56.001,17954,17954,17954,2,-2
2024-02-01 15:12:57.001,17955,17955,17955,2,2
2024-02-01 15:13:00.001,17955,17955,17955,2,0
2024-02-01 15:13:05.001,17955,17955,17955,4,0
2024-02-01 15:13:05.001,17955,17955,17955,4,0
2024-02-01 15:13:05.001,17955,17955,17955,2,0
2024-02-01 15:13:05.001,17954,17954,17954,2,-2
2024-02-01 15:13:06.001,17955,17955,17955,2,2
2024-02-01 15:13:10.001,17954,17954,17954,2,-2
2024-02-01 15:13:13.001,17954,17954,17954,2,0
2024-02-01 15:13:13.001,17954,17954,17954,2,0
2024-02-01 15:13:13.001,17954,17954,17954,2,0
2024-02-01 15:13:13.001,17954,17954,17954,4,0
2024-02-01 15:13:13.001,17954,17954,17954,2,0
2024-02-01 15:13:13.001,17954,17954,17954,2,0
2024-02-01 15:13:13.001,17954,17954,17954,6,0
2024-02-01 15:13:13.001,17954,17954,17954,2,0
2024-02-01 15:13:13.001,17954,17954,17954,2,0
2024-02-01 15:13:15.001,17953,17953,17953,2,-2
2024-02-01 15:13:18.001,17954,17954,17954,2,2
2024-02-01 15:13:21.001,17954,17954,17954,2,0
2024-02-01 15:13:25.001,17954,17954,17954,2,0
2024-02-01 15:13:33.001,17954,17954,17954,2,0
2024-02-01 15:13:39.001,17954,17954,17954,2,0
2024-02-01 15:13:39.001,17953,17953,17953,2,-2
2024-02-01 15:13:39.001,17953,17953,17953,2,0
2024-02-01 15:13:39.001,17953,17953,17953,2,0
2024-02-01 15:13:39.001,17953,17953,17953,2,0
2024-02-01 15:13:42.001,17953,17953,17953,4,0
2024-02-01 15:13:42.001,17953,17953,17953,2,0
2024-02-01 15:13:42.001,17953,17953,17953,2,0
2024-02-01 15:13:42.001,17953,17953,17953,2,0
2024-02-01 15:13:42.001,17953,17953,17953,2,0
2024-02-01 15:13:42.001,17953,17953,17953,2,0
2024-02-01 15:13:42.001,17953,17953,17953,2,0
2024-02-01 15:13:42.001,17953,17953,17953,2,0
2024-02-01 15:13:42.001,17953,17953,17953,2,0
2024-02-01 15:13:42.001,17953,17953,17953,2,0
2024-02-01 15:13:42.001,17953,17953,17953,2,0
2024-02-01 15:13:42.001,17953,17953,17953,2,0
2024-02-01 15:13:42.001,17953,17953,17953,2,0
2024-02-01 15:13:42.001,17953,17953,17953,2,0
2024-02-01 15:13:42.001,17953,17953,17953,2,0
2024-02-01 15:13:42.001,17953,17953,17953,4,0
2024-02-01 15:13:42.001,17953,17953,17953,2,0
2024-02-01 15:13:42.001,17952,17952,17952,2,-2
2024-02-01 15:13:48.001,17952,17952,17952,2,0
2024-02-01 15:13:48.001,17952,17952,17952,4,0
2024-02-01 15:13:48.001,17952,17952,17952,2,0
2024-02-01 15:13:50.001,17953,17953,17953,2,2
2024-02-01 15:13:50.001,17952,17952,17952,2,-2
2024-02-01 15:13:54.001,17952,17952,17952,2,0
2024-02-01 15:13:55.001,17952,17952,17952,4,0
2024-02-01 15:13:58.001,17953,17953,17953,2,2
2024-02-01 15:14:00.001,17953,17953,17953,2,0
2024-02-01 15:14:00.001,17952,17952,17952,2,-2
2024-02-01 15:14:00.001,17952,17952,17952,2,0
2024-02-01 15:14:00.001,17952,17952,17952,2,0
2024-02-01 15:14:00.001,17952,17952,17952,4,0
2024-02-01 15:14:00.001,17952,17952,17952,2,0
2024-02-01 15:14:00.001,17952,17952,17952,2,0
2024-02-01 15:14:00.001,17952,17952,17952,12,0
2024-02-01 15:14:00.001,17952,17952,17952,2,0
2024-02-01 15:14:00.001,17952,17952,17952,2,0
2024-02-01 15:14:00.001,17952,17952,17952,2,0
2024-02-01 15:14:00.001,17952,17952,17952,2,0
2024-02-01 15:14:00.001,17952,17952,17952,2,0
2024-02-01 15:14:00.001,17952,17952,17952,2,0
2024-02-01 15:14:02.001,17953,17953,17953,4,4
2024-02-01 15:14:02.001,17953,17953,17953,6,0
2024-02-01 15:14:03.001,17952,17952,17952,2,-2
2024-02-01 15:14:04.001,17953,17953,17953,2,2
2024-02-01 15:14:05.001,17954,17954,17954,2,2
2024-02-01 15:14:06.001,17953,17953,17953,2,-2
2024-02-01 15:14:06.001,17952,17952,17952,4,-4
2024-02-01 15:14:06.001,17952,17952,17952,2,0
2024-02-01 15:14:06.001,17952,17952,17952,4,0
2024-02-01 15:14:06.001,17952,17952,17952,4,0
2024-02-01 15:14:06.001,17952,17952,17952,2,0
2024-02-01 15:14:06.001,17952,17952,17952,2,0
2024-02-01 15:14:06.001,17952,17952,17952,2,0
2024-02-01 15:14:06.001,17952,17952,17952,2,0
2024-02-01 15:14:06.001,17953,17953,17953,4,4
2024-02-01 15:14:07.001,17954,17954,17954,2,2
2024-02-01 15:14:13.001,17953,17953,17953,2,-2
2024-02-01 15:14:14.001,17954,17954,17954,4,4
2024-02-01 15:14:14.001,17954,17954,17954,6,0
2024-02-01 15:14:15.001,17954,17954,17954,2,0
2024-02-01 15:14:19.001,17955,17955,17955,2,2
2024-02-01 15:14:20.001,17955,17955,17955,2,0
2024-02-01 15:14:20.001,17955,17955,17955,10,0
2024-02-01 15:14:22.001,17956,17956,17956,4,4
2024-02-01 15:14:24.001,17956,17956,17956,4,0
2024-02-01 15:14:34.001,17955,17955,17955,2,-2
2024-02-01 15:14:38.001,17955,17955,17955,2,0
2024-02-01 15:14:38.001,17954,17954,17954,2,-2
2024-02-01 15:14:40.001,17954,17954,17954,2,0
2024-02-01 15:14:47.001,17954,17954,17954,2,0
2024-02-01 15:14:50.001,17954,17954,17954,2,0
2024-02-01 15:14:57.001,17955,17955,17955,2,2
2024-02-01 15:14:57.001,17955,17955,17955,2,0
2024-02-01 15:14:58.001,17955,17955,17955,2,0
2024-02-01 15:15:05.001,17955,17955,17955,2,0
2024-02-01 15:15:05.001,17956,17956,17956,2,2
2024-02-01 15:15:05.001,17956,17956,17956,4,0
2024-02-01 15:15:05.001,17955,17955,17955,2,-2
2024-02-01 15:15:06.001,17954,17954,17954,2,-2
2024-02-01 15:15:06.001,17956,17956,17956,2,2
2024-02-01 15:15:06.001,17956,17956,17956,2,0
2024-02-01 15:15:10.001,17955,17955,17955,2,-2
2024-02-01 15:15:10.001,17956,17956,17956,2,2
2024-02-01 15:15:10.001,17956,17956,17956,2,0
2024-02-01 15:15:10.001,17956,17956,17956,4,0
2024-02-01 15:15:13.001,17956,17956,17956,2,0
2024-02-01 15:15:13.001,17956,17956,17956,8,0
2024-02-01 15:15:18.001,17957,17957,17957,2,2
2024-02-01 15:15:19.001,17957,17957,17957,2,0
2024-02-01 15:15:21.001,17957,17957,17957,2,0
2024-02-01 15:15:31.001,17957,17957,17957,2,0
2024-02-01 15:15:32.001,17957,17957,17957,2,0
2024-02-01 15:15:32.001,17957,17957,17957,2,0
2024-02-01 15:15:34.001,17958,17958,17958,10,10
2024-02-01 15:15:41.001,17957,17957,17957,2,-2
2024-02-01 15:15:43.001,17957,17957,17957,2,0
2024-02-01 15:15:43.001,17957,17957,17957,2,0
2024-02-01 15:15:43.001,17957,17957,17957,4,0
2024-02-01 15:15:43.001,17957,17957,17957,2,0
2024-02-01 15:15:43.001,17957,17957,17957,2,0
2024-02-01 15:15:46.001,17957,17957,17957,2,0
2024-02-01 15:15:49.001,17957,17957,17957,2,0
2024-02-01 15:15:51.001,17956,17956,17956,2,-2
2024-02-01 15:15:52.001,17957,17957,17957,4,4
2024-02-01 15:15:57.001,17957,17957,17957,2,0
2024-02-01 15:15:57.001,17957,17957,17957,2,0
2024-02-01 15:16:02.001,17956,17956,17956,2,-2
2024-02-01 15:16:03.001,17956,17956,17956,2,0
2024-02-01 15:16:03.001,17956,17956,17956,2,0
2024-02-01 15:16:03.001,17956,17956,17956,2,0
2024-02-01 15:16:08.001,17958,17958,17958,10,10
2024-02-01 15:16:10.001,17957,17957,17957,2,-2
2024-02-01 15:16:10.001,17957,17957,17957,2,0
2024-02-01 15:16:21.001,17958,17958,17958,4,4
2024-02-01 15:16:30.001,17958,17958,17958,4,0
2024-02-01 15:16:30.001,17957,17957,17957,2,-2
2024-02-01 15:16:30.001,17958,17958,17958,2,2
2024-02-01 15:16:30.001,17958,17958,17958,2,0
2024-02-01 15:16:30.001,17958,17958,17958,2,0
2024-02-01 15:16:32.001,17958,17958,17958,2,0
2024-02-01 15:16:41.001,17958,17958,17958,2,0
2024-02-01 15:16:45.001,17958,17958,17958,2,0
2024-02-01 15:16:45.001,17958,17958,17958,2,0
2024-02-01 15:16:49.001,17957,17957,17957,2,-2
2024-02-01 15:16:49.001,17957,17957,17957,2,0
2024-02-01 15:16:50.001,17958,17958,17958,2,2
2024-02-01 15:16:51.001,17959,17959,17959,2,2
2024-02-01 15:16:52.001,17958,17958,17958,2,-2
2024-02-01 15:16:57.001,17959,17959,17959,4,4
2024-02-01 15:16:59.001,17958,17958,17958,2,-2
2024-02-01 15:17:00.001,17959,17959,17959,4,4
2024-02-01 15:17:00.001,17958,17958,17958,2,-2
2024-02-01 15:17:02.001,17959,17959,17959,4,4
2024-02-01 15:17:02.001,17958,17958,17958,2,-2
2024-02-01 15:17:04.001,17958,17958,17958,2,0
2024-02-01 15:17:06.001,17958,17958,17958,2,0
2024-02-01 15:17:07.001,17957,17957,17957,2,-2
2024-02-01 15:17:07.001,17957,17957,17957,4,0
2024-02-01 15:17:07.001,17957,17957,17957,2,0
2024-02-01 15:17:12.001,17959,17959,17959,4,4
2024-02-01 15:17:12.001,17957,17957,17957,4,-4
2024-02-01 15:17:16.001,17959,17959,17959,4,4
2024-02-01 15:17:25.001,17957,17957,17957,2,-2
2024-02-01 15:17:26.001,17959,17959,17959,4,4
2024-02-01 15:17:28.001,17958,17958,17958,2,-2
2024-02-01 15:17:28.001,17960,17960,17960,2,2
2024-02-01 15:17:29.001,17960,17960,17960,2,0
2024-02-01 15:17:30.001,17959,17959,17959,4,-4
2024-02-01 15:17:31.001,17958,17958,17958,2,-2
2024-02-01 15:17:34.001,17959,17959,17959,2,2
2024-02-01 15:17:36.001,17960,17960,17960,2,2
2024-02-01 15:17:36.001,17959,17959,17959,2,-2
2024-02-01 15:17:38.001,17959,17959,17959,2,0
2024-02-01 15:17:41.001,17960,17960,17960,2,2
2024-02-01 15:17:41.001,17960,17960,17960,4,0
2024-02-01 15:17:43.001,17959,17959,17959,2,-2
2024-02-01 15:17:59.001,17959,17959,17959,4,0
2024-02-01 15:18:00.001,17959,17959,17959,2,0
2024-02-01 15:18:01.001,17960,17960,17960,4,4
2024-02-01 15:18:01.001,17959,17959,17959,2,-2
2024-02-01 15:18:02.001,17959,17959,17959,2,0
2024-02-01 15:18:02.001,17960,17960,17960,2,2
2024-02-01 15:18:03.001,17960,17960,17960,2,0
2024-02-01 15:18:03.001,17960,17960,17960,16,0
2024-02-01 15:18:03.001,17960,17960,17960,2,0
2024-02-01 15:18:03.001,17960,17960,17960,2,0
2024-02-01 15:18:05.001,17960,17960,17960,2,0
2024-02-01 15:18:07.001,17960,17960,17960,2,0
2024-02-01 15:18:08.001,17960,17960,17960,2,0
2024-02-01 15:18:10.001,17960,17960,17960,2,0
2024-02-01 15:18:12.001,17960,17960,17960,2,0
2024-02-01 15:18:12.001,17960,17960,17960,2,0
2024-02-01 15:18:13.001,17960,17960,17960,2,0
2024-02-01 15:18:22.001,17960,17960,17960,2,0
2024-02-01 15:18:23.001,17960,17960,17960,2,0
2024-02-01 15:18:24.001,17959,17959,17959,4,-4
2024-02-01 15:18:24.001,17959,17959,17959,2,0
2024-02-01 15:18:24.001,17959,17959,17959,4,0
2024-02-01 15:18:24.001,17960,17960,17960,2,2
2024-02-01 15:18:30.001,17959,17959,17959,2,-2
2024-02-01 15:18:30.001,17960,17960,17960,2,2
2024-02-01 15:18:31.001,17960,17960,17960,2,0
2024-02-01 15:18:31.001,17960,17960,17960,6,0
2024-02-01 15:18:32.001,17959,17959,17959,2,-2
2024-02-01 15:18:35.001,17960,17960,17960,2,2
2024-02-01 15:18:38.001,17960,17960,17960,2,0
2024-02-01 15:18:40.001,17960,17960,17960,2,0
2024-02-01 15:18:41.001,17960,17960,17960,2,0
2024-02-01 15:18:46.001,17961,17961,17961,8,8
2024-02-01 15:18:46.001,17961,17961,17961,4,0
2024-02-01 15:18:47.001,17960,17960,17960,2,-2
2024-02-01 15:18:47.001,17960,17960,17960,2,0
2024-02-01 15:18:49.001,17960,17960,17960,2,0
2024-02-01 15:18:49.001,17960,17960,17960,2,0
2024-02-01 15:18:50.001,17960,17960,17960,2,0
2024-02-01 15:18:50.001,17961,17961,17961,2,2
2024-02-01 15:18:52.001,17960,17960,17960,2,-2
2024-02-01 15:18:52.001,17960,17960,17960,2,0
2024-02-01 15:18:53.001,17961,17961,17961,4,4
2024-02-01 15:18:53.001,17961,17961,17961,2,0
2024-02-01 15:18:56.001,17961,17961,17961,2,0
2024-02-01 15:18:56.001,17962,17962,17962,2,2
2024-02-01 15:18:57.001,17962,17962,17962,2,0
2024-02-01 15:18:59.001,17961,17961,17961,2,-2
2024-02-01 15:19:04.001,17961,17961,17961,2,0
2024-02-01 15:19:04.001,17961,17961,17961,18,0
2024-02-01 15:19:04.001,17961,17961,17961,2,0
2024-02-01 15:19:05.001,17960,17960,17960,2,-2
2024-02-01 15:19:05.001,17960,17960,17960,2,0
2024-02-01 15:19:05.001,17960,17960,17960,2,0
2024-02-01 15:19:06.001,17960,17960,17960,2,0
2024-02-01 15:19:10.001,17960,17960,17960,2,0
2024-02-01 15:19:14.001,17960,17960,17960,2,0
2024-02-01 15:19:16.001,17959,17959,17959,2,-2
2024-02-01 15:19:16.001,17960,17960,17960,2,2
2024-02-01 15:19:21.001,17960,17960,17960,2,0
2024-02-01 15:19:28.001,17960,17960,17960,4,0
2024-02-01 15:19:35.001,17960,17960,17960,2,0
2024-02-01 15:19:40.001,17960,17960,17960,2,0
2024-02-01 15:19:50.001,17959,17959,17959,2,-2
2024-02-01 15:20:10.001,17959,17959,17959,2,0
2024-02-01 15:20:10.001,17960,17960,17960,24,24
2024-02-01 15:20:21.001,17960,17960,17960,10,0
2024-02-01 15:20:22.001,17960,17960,17960,30,0
2024-02-01 15:20:22.001,17960,17960,17960,6,0
2024-02-01 15:20:27.001,17959,17959,17959,8,-8
2024-02-01 15:20:27.001,17959,17959,17959,4,0
2024-02-01 15:20:27.001,17959,17959,17959,2,0
2024-02-01 15:20:27.001,17959,17959,17959,2,0
2024-02-01 15:20:27.001,17959,17959,17959,2,0
2024-02-01 15:20:27.001,17959,17959,17959,2,0
2024-02-01 15:20:30.001,17958,17958,17958,2,-2
2024-02-01 15:20:31.001,17958,17958,17958,2,0
2024-02-01 15:20:31.001,17958,17958,17958,2,0
2024-02-01 15:20:31.001,17958,17958,17958,2,0
