2020-04-27 15:00:00.056,10530,10531,10531,38
2020-04-27 15:00:00.058,10531,10532,10531,1
2020-04-27 15:00:00.275,10531,10532,10532,1
2020-04-27 15:00:00.292,10531,10532,10531,1
2020-04-27 15:00:00.292,10531,10532,10532,1
2020-04-27 15:00:00.323,10531,10532,10532,1
2020-04-27 15:00:00.362,10531,10532,10532,1
2020-04-27 15:00:00.412,10531,10532,10532,1
2020-04-27 15:00:00.435,10531,10532,10532,1
2020-04-27 15:00:00.510,10531,10532,10531,1
2020-04-27 15:00:00.529,10531,10532,10531,1
2020-04-27 15:00:00.538,10531,10532,10531,1
2020-04-27 15:00:00.538,10531,10532,10530,3
2020-04-27 15:00:00.719,10531,10532,10531,1
2020-04-27 15:00:00.775,10531,10532,10532,1
2020-04-27 15:00:00.795,10531,10532,10530,1
2020-04-27 15:00:00.832,10530,10532,10530,1
2020-04-27 15:00:00.833,10530,10532,10532,1
2020-04-27 15:00:01.073,10531,10532,10532,1
2020-04-27 15:00:01.082,10531,10532,10531,1
2020-04-27 15:00:01.280,10530,10532,10531,1
2020-04-27 15:00:01.621,10531,10532,10532,1
2020-04-27 15:00:01.810,10531,10532,10532,3
2020-04-27 15:00:01.975,10531,10532,10532,1
2020-04-27 15:00:01.975,10531,10532,10533,12
2020-04-27 15:00:01.975,10531,10532,10534,3
2020-04-27 15:00:02.359,10531,10533,10531,1
2020-04-27 15:00:03.962,10531,10532,10532,1
2020-04-27 15:00:04.173,10531,10532,10532,1
2020-04-27 15:00:04.506,10531,10532,10532,1
2020-04-27 15:00:06.015,10532,10533,10533,2
2020-04-27 15:00:06.555,10532,10533,10533,1
2020-04-27 15:00:07.591,10532,10533,10532,1
2020-04-27 15:00:07.762,10532,10533,10532,1
2020-04-27 15:00:07.864,10532,10533,10532,1
2020-04-27 15:00:08.000,10532,10533,10532,1
2020-04-27 15:00:08.542,10531,10533,10531,3
2020-04-27 15:00:10.585,10532,10533,10532,1
2020-04-27 15:00:10.940,10532,10533,10532,1
2020-04-27 15:00:12.474,10532,10533,10532,1
2020-04-27 15:00:13.253,10532,10533,10533,1
2020-04-27 15:00:13.490,10532,10533,10533,1
2020-04-27 15:00:14.085,10532,10533,10533,1
2020-04-27 15:00:14.194,10532,10533,10533,1
2020-04-27 15:00:14.786,10532,10533,10533,1
2020-04-27 15:00:15.042,10532,10533,10532,1
2020-04-27 15:00:16.567,10532,10533,10532,3
2020-04-27 15:00:16.699,10532,10533,10533,16
2020-04-27 15:00:17.396,10533,10534,10533,1
2020-04-27 15:00:18.433,10533,10534,10534,3
2020-04-27 15:00:18.967,10533,10534,10534,1
2020-04-27 15:00:19.317,10533,10534,10534,2
2020-04-27 15:00:19.403,10533,10534,10534,1
2020-04-27 15:00:19.635,10533,10534,10533,1
2020-04-27 15:00:20.261,10533,10534,10534,1
2020-04-27 15:00:20.735,10533,10534,10534,20
2020-04-27 15:00:20.781,10533,10534,10533,6
2020-04-27 15:00:22.642,10534,10535,10534,1
2020-04-27 15:00:22.642,10534,10535,10534,1
2020-04-27 15:00:22.642,10534,10535,10534,1
2020-04-27 15:00:23.899,10533,10534,10533,3
2020-04-27 15:00:24.609,10532,10533,10533,1
2020-04-27 15:00:25.250,10532,10534,10534,1
2020-04-27 15:00:25.250,10532,10534,10535,2
2020-04-27 15:00:27.393,10533,10535,10535,1
2020-04-27 15:00:27.765,10533,10535,10535,1
2020-04-27 15:00:29.774,10533,10534,10533,2
2020-04-27 15:00:30.080,10533,10534,10534,1
2020-04-27 15:00:30.862,10533,10534,10535,1
2020-04-27 15:00:31.203,10533,10535,10533,1
2020-04-27 15:00:31.887,10533,10534,10534,2
2020-04-27 15:00:31.888,10533,10534,10534,1
2020-04-27 15:00:32.580,10533,10535,10535,1
2020-04-27 15:00:33.615,10533,10535,10534,1
2020-04-27 15:00:34.030,10533,10534,10534,1
2020-04-27 15:00:34.493,10533,10534,10534,1
2020-04-27 15:00:36.048,10533,10534,10533,1
2020-04-27 15:00:38.394,10533,10534,10534,1
2020-04-27 15:00:39.050,10533,10534,10534,1
2020-04-27 15:00:39.849,10533,10534,10534,1
2020-04-27 15:00:41.010,10533,10534,10534,1
2020-04-27 15:00:41.871,10533,10535,10533,1
2020-04-27 15:00:42.541,10533,10535,10535,2
2020-04-27 15:00:43.372,10534,10535,10535,2
2020-04-27 15:00:44.165,10534,10535,10534,1
2020-04-27 15:00:44.203,10534,10535,10535,1
2020-04-27 15:00:44.275,10534,10535,10535,1
2020-04-27 15:00:47.466,10534,10535,10535,1
2020-04-27 15:00:47.759,10535,10536,10536,1
2020-04-27 15:00:48.290,10535,10536,10535,1
2020-04-27 15:00:48.290,10535,10536,10535,1
2020-04-27 15:00:48.291,10535,10536,10535,1
2020-04-27 15:00:48.380,10534,10536,10535,1
2020-04-27 15:00:48.504,10534,10536,10535,1
2020-04-27 15:00:48.792,10534,10536,10534,3
2020-04-27 15:00:50.116,10534,10535,10534,5
2020-04-27 15:00:51.589,10534,10535,10535,1
2020-04-27 15:00:51.984,10534,10535,10534,1
2020-04-27 15:00:52.686,10534,10535,10535,1
2020-04-27 15:00:53.756,10534,10535,10535,1
2020-04-27 15:00:54.422,10534,10535,10535,3
2020-04-27 15:00:55.094,10534,10535,10534,5
2020-04-27 15:00:55.667,10533,10535,10533,10
2020-04-27 15:00:55.903,10533,10534,10534,1
2020-04-27 15:00:57.292,10533,10534,10534,1
2020-04-27 15:00:57.441,10534,10535,10534,1
2020-04-27 15:00:57.775,10534,10535,10534,1
2020-04-27 15:00:57.775,10534,10535,10533,5
2020-04-27 15:00:57.896,10533,10535,10535,1
2020-04-27 15:00:58.889,10534,10535,10534,1
2020-04-27 15:00:58.889,10534,10535,10533,1
2020-04-27 15:00:58.908,10534,10535,10533,1
2020-04-27 15:01:00.048,10533,10534,10533,4
2020-04-27 15:01:00.049,10533,10534,10533,3
2020-04-27 15:01:00.049,10533,10534,10533,1
2020-04-27 15:01:00.054,10533,10534,10533,2
2020-04-27 15:01:00.058,10533,10534,10533,3
2020-04-27 15:01:00.139,10532,10534,10532,1
2020-04-27 15:01:00.754,10532,10534,10534,3
2020-04-27 15:01:00.760,10532,10534,10532,7
2020-04-27 15:01:04.040,10533,10534,10534,1
2020-04-27 15:01:04.082,10533,10534,10534,2
2020-04-27 15:01:04.082,10533,10534,10534,1
2020-04-27 15:01:04.199,10534,10535,10533,2
2020-04-27 15:01:04.201,10534,10535,10533,2
2020-04-27 15:01:04.205,10534,10535,10533,1
2020-04-27 15:01:04.209,10534,10535,10533,1
2020-04-27 15:01:04.211,10534,10535,10533,1
2020-04-27 15:01:04.211,10534,10535,10533,1
2020-04-27 15:01:04.212,10534,10535,10532,6
2020-04-27 15:01:04.214,10534,10535,10532,1
2020-04-27 15:01:04.218,10534,10535,10532,1
2020-04-27 15:01:04.221,10534,10535,10532,1
2020-04-27 15:01:04.225,10534,10535,10532,3
2020-04-27 15:01:04.226,10534,10535,10532,1
2020-04-27 15:01:04.238,10534,10535,10532,2
2020-04-27 15:01:04.695,10531,10533,10533,2
2020-04-27 15:01:05.472,10532,10534,10532,1
2020-04-27 15:01:05.643,10532,10534,10532,1
2020-04-27 15:01:07.847,10532,10533,10532,2
2020-04-27 15:01:07.847,10532,10533,10531,3
2020-04-27 15:01:08.007,10531,10533,10533,5
2020-04-27 15:01:08.760,10531,10533,10533,1
2020-04-27 15:01:09.863,10532,10533,10532,1
2020-04-27 15:01:10.167,10531,10533,10533,1
2020-04-27 15:01:11.592,10532,10533,10533,5
2020-04-27 15:01:12.105,10532,10534,10532,1
2020-04-27 15:01:13.390,10532,10533,10533,1
2020-04-27 15:01:13.929,10533,10534,10533,4
2020-04-27 15:01:14.326,10532,10533,10532,1
2020-04-27 15:01:14.734,10531,10533,10531,2
2020-04-27 15:01:14.981,10531,10533,10531,1
2020-04-27 15:01:17.130,10532,10534,10532,1
2020-04-27 15:01:19.768,10533,10534,10533,1
2020-04-27 15:01:20.162,10533,10534,10533,1
2020-04-27 15:01:21.091,10532,10533,10532,6
2020-04-27 15:01:21.294,10531,10533,10533,1
2020-04-27 15:01:22.197,10531,10533,10533,1
2020-04-27 15:01:22.495,10531,10533,10533,5
2020-04-27 15:01:22.574,10532,10533,10532,1
2020-04-27 15:01:23.640,10531,10532,10531,18
2020-04-27 15:01:23.641,10531,10532,10531,1
2020-04-27 15:01:23.747,10530,10531,10530,10
2020-04-27 15:01:23.747,10530,10531,10530,14
2020-04-27 15:01:23.834,10529,10530,10530,1
2020-04-27 15:01:24.909,10529,10530,10529,8
2020-04-27 15:01:25.102,10528,10530,10528,1
2020-04-27 15:01:25.117,10528,10530,10528,1
2020-04-27 15:01:25.329,10528,10529,10528,1
2020-04-27 15:01:25.582,10528,10529,10528,2
2020-04-27 15:01:26.338,10528,10529,10528,2
2020-04-27 15:01:26.851,10528,10529,10529,1
2020-04-27 15:01:27.345,10528,10529,10528,5
2020-04-27 15:01:27.767,10528,10529,10529,2
2020-04-27 15:01:28.939,10528,10529,10528,1
2020-04-27 15:01:28.939,10528,10529,10528,1
2020-04-27 15:01:29.139,10528,10529,10528,1
2020-04-27 15:01:29.191,10528,10529,10528,4
2020-04-27 15:01:29.192,10528,10529,10529,1
2020-04-27 15:01:29.192,10528,10529,10528,1
2020-04-27 15:01:29.240,10528,10529,10527,1
2020-04-27 15:01:29.246,10528,10529,10527,1
2020-04-27 15:01:29.419,10527,10528,10528,1
2020-04-27 15:01:29.432,10527,10528,10528,1
2020-04-27 15:01:29.441,10527,10529,10527,1
2020-04-27 15:01:29.468,10527,10529,10527,1
2020-04-27 15:01:29.474,10527,10529,10527,1
2020-04-27 15:01:29.542,10527,10529,10527,1
2020-04-27 15:01:29.642,10527,10528,10527,2
2020-04-27 15:01:29.673,10527,10528,10527,1
2020-04-27 15:01:29.731,10526,10528,10526,1
2020-04-27 15:01:29.974,10526,10528,10526,1
2020-04-27 15:01:29.987,10526,10528,10526,1
2020-04-27 15:01:30.054,10526,10528,10528,1
2020-04-27 15:01:30.138,10526,10528,10526,3
2020-04-27 15:01:30.138,10526,10528,10525,2
2020-04-27 15:01:30.143,10526,10528,10526,2
2020-04-27 15:01:30.221,10526,10527,10526,1
2020-04-27 15:01:30.356,10526,10528,10526,1
2020-04-27 15:01:30.499,10526,10528,10526,1
2020-04-27 15:01:30.506,10526,10528,10526,1
2020-04-27 15:01:30.693,10526,10527,10526,1
2020-04-27 15:01:30.773,10526,10527,10526,1
2020-04-27 15:01:30.807,10526,10527,10526,1
2020-04-27 15:01:31.065,10525,10527,10527,1
2020-04-27 15:01:31.092,10525,10527,10525,1
2020-04-27 15:01:31.718,10526,10527,10527,1
2020-04-27 15:01:31.962,10526,10527,10526,2
2020-04-27 15:01:31.981,10526,10527,10525,6
2020-04-27 15:01:32.948,10526,10527,10526,1
2020-04-27 15:01:33.887,10526,10527,10527,1
2020-04-27 15:01:33.971,10526,10528,10526,6
2020-04-27 15:01:34.617,10526,10527,10527,2
2020-04-27 15:01:34.618,10526,10527,10527,1
2020-04-27 15:01:34.901,10527,10528,10527,1
2020-04-27 15:01:36.233,10526,10528,10526,1
2020-04-27 15:01:36.886,10526,10528,10526,1
2020-04-27 15:01:39.582,10527,10528,10527,1
2020-04-27 15:01:40.137,10527,10528,10527,1
2020-04-27 15:01:40.873,10527,10528,10527,1
2020-04-27 15:01:44.026,10527,10528,10527,2
2020-04-27 15:01:44.026,10527,10528,10526,1
2020-04-27 15:01:45.985,10526,10528,10526,1
2020-04-27 15:01:46.189,10526,10528,10527,2
2020-04-27 15:01:46.279,10526,10527,10528,1
2020-04-27 15:01:46.296,10526,10527,10528,1
2020-04-27 15:01:47.019,10526,10527,10526,1
2020-04-27 15:01:47.343,10526,10527,10527,1
2020-04-27 15:01:49.052,10526,10527,10526,3
2020-04-27 15:01:49.055,10526,10527,10526,8
2020-04-27 15:01:49.055,10526,10527,10526,1
2020-04-27 15:01:50.941,10525,10527,10527,1
2020-04-27 15:01:52.803,10525,10527,10527,1
2020-04-27 15:01:54.656,10525,10526,10526,1
2020-04-27 15:01:54.863,10525,10526,10525,3
2020-04-27 15:01:59.378,10525,10526,10525,1
2020-04-27 15:01:59.735,10525,10526,10526,1
2020-04-27 15:02:00.235,10525,10527,10527,3
2020-04-27 15:02:01.833,10525,10526,10526,2
2020-04-27 15:02:03.098,10526,10527,10526,1
2020-04-27 15:02:03.318,10526,10527,10527,1
2020-04-27 15:02:03.381,10526,10527,10527,1
2020-04-27 15:02:03.651,10526,10528,10527,1
2020-04-27 15:02:03.651,10526,10528,10528,2
2020-04-27 15:02:03.777,10526,10528,10528,1
2020-04-27 15:02:06.898,10526,10528,10528,4
2020-04-27 15:02:09.450,10528,10529,10529,1
2020-04-27 15:02:09.888,10528,10529,10528,1
2020-04-27 15:02:13.343,10528,10529,10529,1
2020-04-27 15:02:16.220,10528,10529,10528,1
2020-04-27 15:02:16.351,10528,10529,10528,1
2020-04-27 15:02:17.108,10528,10529,10529,1
2020-04-27 15:02:17.108,10528,10529,10530,1
2020-04-27 15:02:18.785,10528,10530,10528,1
2020-04-27 15:02:19.190,10527,10529,10529,1
2020-04-27 15:02:20.827,10527,10529,10529,1
2020-04-27 15:02:21.511,10527,10528,10528,1
2020-04-27 15:02:21.973,10527,10528,10528,1
2020-04-27 15:02:23.702,10527,10528,10527,1
2020-04-27 15:02:23.703,10527,10528,10527,2
2020-04-27 15:02:24.183,10526,10527,10527,1
2020-04-27 15:02:24.733,10526,10527,10527,1
2020-04-27 15:02:24.880,10526,10527,10527,2
2020-04-27 15:02:26.109,10526,10528,10528,1
2020-04-27 15:02:26.244,10526,10528,10528,1
2020-04-27 15:02:27.924,10527,10528,10528,1
2020-04-27 15:02:30.816,10527,10528,10528,1
2020-04-27 15:02:31.415,10528,10529,10529,3
2020-04-27 15:02:33.775,10528,10530,10528,1
2020-04-27 15:02:35.168,10528,10529,10528,1
2020-04-27 15:02:36.393,10528,10529,10529,1
2020-04-27 15:02:40.902,10528,10529,10529,3
2020-04-27 15:02:42.190,10528,10530,10530,1
2020-04-27 15:02:42.877,10528,10530,10529,1
2020-04-27 15:02:43.537,10529,10530,10530,1
2020-04-27 15:02:43.900,10529,10530,10529,1
2020-04-27 15:02:44.622,10529,10530,10529,2
2020-04-27 15:02:45.664,10529,10530,10529,1
2020-04-27 15:02:47.767,10529,10530,10529,1
2020-04-27 15:02:49.977,10529,10530,10530,9
2020-04-27 15:02:50.154,10530,10531,10530,1
2020-04-27 15:02:50.708,10530,10531,10531,1
2020-04-27 15:02:51.610,10530,10532,10532,1
2020-04-27 15:02:52.045,10532,10533,10532,2
2020-04-27 15:02:55.272,10531,10532,10532,2
2020-04-27 15:02:55.489,10531,10532,10532,1
2020-04-27 15:02:56.729,10531,10532,10532,3
2020-04-27 15:02:57.421,10532,10533,10533,1
2020-04-27 15:02:57.511,10532,10534,10534,1
2020-04-27 15:02:57.889,10532,10534,10534,3
2020-04-27 15:02:57.937,10532,10534,10534,3
2020-04-27 15:02:57.938,10532,10534,10534,1
2020-04-27 15:02:59.439,10534,10535,10534,1
2020-04-27 15:03:00.588,10533,10534,10534,1
2020-04-27 15:03:01.852,10533,10535,10535,1
2020-04-27 15:03:02.037,10533,10534,10534,1
2020-04-27 15:03:02.037,10533,10534,10535,4
2020-04-27 15:03:02.272,10533,10535,10533,2
2020-04-27 15:03:02.347,10533,10535,10533,2
2020-04-27 15:03:02.464,10533,10535,10534,1
2020-04-27 15:03:02.875,10534,10535,10534,1
2020-04-27 15:03:03.269,10534,10535,10534,1
2020-04-27 15:03:03.505,10534,10535,10534,1
2020-04-27 15:03:03.937,10533,10535,10534,1
2020-04-27 15:03:04.897,10533,10535,10534,1
2020-04-27 15:03:05.299,10534,10535,10535,1
2020-04-27 15:03:05.373,10534,10536,10536,2
2020-04-27 15:03:05.467,10534,10536,10536,1
2020-04-27 15:03:06.151,10534,10536,10536,1
2020-04-27 15:03:07.586,10534,10535,10535,1
2020-04-27 15:03:08.241,10535,10536,10535,1
2020-04-27 15:03:08.743,10535,10536,10535,1
2020-04-27 15:03:09.180,10535,10536,10535,1
2020-04-27 15:03:09.181,10535,10536,10535,2
2020-04-27 15:03:09.871,10534,10536,10536,2
2020-04-27 15:03:10.686,10534,10536,10536,1
2020-04-27 15:03:11.714,10534,10535,10535,2
2020-04-27 15:03:12.228,10534,10535,10534,1
2020-04-27 15:03:12.228,10534,10535,10534,2
2020-04-27 15:03:12.229,10534,10535,10534,1
2020-04-27 15:03:12.376,10533,10534,10534,1
2020-04-27 15:03:12.556,10534,10535,10534,1
2020-04-27 15:03:14.675,10534,10535,10534,1
2020-04-27 15:03:14.948,10533,10535,10535,1
2020-04-27 15:03:17.837,10534,10535,10535,1
2020-04-27 15:03:18.442,10534,10535,10535,1
2020-04-27 15:03:20.494,10534,10535,10535,1
2020-04-27 15:03:20.544,10534,10535,10535,4
2020-04-27 15:03:20.652,10535,10536,10535,1
2020-04-27 15:03:21.372,10535,10536,10536,3
2020-04-27 15:03:21.372,10535,10536,10536,9
2020-04-27 15:03:22.935,10535,10537,10537,4
2020-04-27 15:03:22.962,10537,10538,10537,1
2020-04-27 15:03:23.294,10537,10538,10538,1
2020-04-27 15:03:23.358,10537,10538,10538,1
2020-04-27 15:03:23.529,10537,10538,10538,1
2020-04-27 15:03:24.716,10537,10538,10537,2
2020-04-27 15:03:24.716,10537,10538,10536,2
2020-04-27 15:03:24.976,10536,10538,10538,1
2020-04-27 15:03:25.090,10536,10538,10538,3
2020-04-27 15:03:26.305,10538,10539,10539,6
2020-04-27 15:03:27.503,10537,10539,10539,2
2020-04-27 15:03:30.027,10537,10539,10537,1
2020-04-27 15:03:30.872,10537,10538,10537,1
2020-04-27 15:03:30.873,10537,10538,10537,1
2020-04-27 15:03:30.873,10537,10538,10537,1
2020-04-27 15:03:31.128,10536,10537,10537,13
2020-04-27 15:03:31.128,10536,10537,10538,3
2020-04-27 15:03:32.273,10537,10538,10538,1
2020-04-27 15:03:32.539,10537,10538,10537,1
2020-04-27 15:03:32.856,10536,10538,10537,1
2020-04-27 15:03:34.185,10537,10538,10537,1
2020-04-27 15:03:35.406,10537,10538,10537,1
2020-04-27 15:03:35.985,10536,10537,10537,2
2020-04-27 15:03:36.822,10536,10537,10536,3
2020-04-27 15:03:37.031,10535,10536,10536,1
2020-04-27 15:03:38.446,10536,10537,10536,1
2020-04-27 15:03:39.354,10535,10536,10535,4
2020-04-27 15:03:40.416,10535,10536,10535,4
2020-04-27 15:03:40.582,10534,10535,10535,3
2020-04-27 15:03:40.583,10534,10535,10535,3
2020-04-27 15:03:41.204,10534,10535,10535,1
2020-04-27 15:03:41.269,10534,10535,10536,4
2020-04-27 15:03:41.485,10535,10536,10535,1
2020-04-27 15:03:41.496,10535,10536,10535,1
2020-04-27 15:03:41.982,10534,10536,10534,1
2020-04-27 15:03:42.644,10534,10535,10535,2
2020-04-27 15:03:43.078,10534,10535,10534,1
2020-04-27 15:03:43.254,10534,10535,10535,3
2020-04-27 15:03:46.217,10534,10536,10535,1
2020-04-27 15:03:49.686,10534,10535,10535,1
2020-04-27 15:03:49.699,10534,10536,10536,2
2020-04-27 15:03:50.808,10535,10536,10535,1
2020-04-27 15:03:51.462,10535,10536,10536,1
2020-04-27 15:03:51.462,10535,10536,10536,1
2020-04-27 15:03:52.539,10535,10537,10535,1
2020-04-27 15:03:52.789,10535,10537,10537,4
2020-04-27 15:03:53.799,10535,10536,10535,1
2020-04-27 15:03:54.453,10535,10536,10535,1
2020-04-27 15:03:54.816,10535,10536,10536,1
2020-04-27 15:03:55.511,10535,10536,10536,1
2020-04-27 15:03:55.714,10535,10536,10535,1
2020-04-27 15:03:57.850,10535,10536,10535,2
2020-04-27 15:03:58.502,10534,10535,10535,1
2020-04-27 15:03:59.690,10534,10535,10535,1
2020-04-27 15:04:00.713,10534,10535,10535,1
2020-04-27 15:04:01.002,10534,10536,10534,1
2020-04-27 15:04:01.196,10534,10535,10535,1
2020-04-27 15:04:02.283,10535,10536,10536,4
2020-04-27 15:04:02.394,10535,10537,10535,5
2020-04-27 15:04:06.054,10535,10536,10535,1
2020-04-27 15:04:06.285,10535,10536,10535,2
2020-04-27 15:04:07.095,10535,10536,10535,1
2020-04-27 15:04:08.879,10535,10536,10535,10
2020-04-27 15:04:08.904,10535,10536,10535,1
2020-04-27 15:04:09.857,10535,10536,10536,7
2020-04-27 15:04:10.409,10536,10537,10537,3
2020-04-27 15:04:13.325,10536,10538,10538,1
2020-04-27 15:04:15.114,10536,10538,10538,10
2020-04-27 15:04:15.114,10536,10538,10538,1
2020-04-27 15:04:15.114,10536,10538,10538,1
2020-04-27 15:04:15.133,10536,10538,10537,1
2020-04-27 15:04:16.391,10536,10538,10538,2
2020-04-27 15:04:16.597,10536,10537,10537,1
2020-04-27 15:04:17.049,10537,10538,10538,1
2020-04-27 15:04:19.269,10537,10538,10538,2
2020-04-27 15:04:20.160,10537,10539,10538,5
2020-04-27 15:04:21.696,10537,10538,10538,3
2020-04-27 15:04:21.696,10537,10538,10539,3
2020-04-27 15:04:23.744,10538,10539,10539,1
2020-04-27 15:04:23.745,10538,10539,10539,4
2020-04-27 15:04:23.745,10538,10539,10539,1
2020-04-27 15:04:26.930,10538,10539,10539,1
2020-04-27 15:04:28.139,10538,10539,10539,1
2020-04-27 15:04:28.207,10538,10539,10539,1
2020-04-27 15:04:29.120,10538,10539,10539,1
2020-04-27 15:04:31.225,10538,10540,10539,1
2020-04-27 15:04:31.875,10538,10539,10539,3
2020-04-27 15:04:33.563,10539,10540,10539,7
2020-04-27 15:04:35.377,10537,10539,10539,4
2020-04-27 15:04:35.804,10538,10539,10538,2
2020-04-27 15:04:35.938,10537,10539,10537,1
2020-04-27 15:04:37.133,10537,10538,10537,2
2020-04-27 15:04:39.777,10537,10538,10538,1
2020-04-27 15:04:39.871,10537,10538,10537,7
2020-04-27 15:04:40.839,10536,10537,10536,6
2020-04-27 15:04:41.431,10535,10536,10536,3
2020-04-27 15:04:42.286,10535,10536,10535,1
2020-04-27 15:04:42.286,10535,10536,10535,2
2020-04-27 15:04:42.286,10535,10536,10535,2
2020-04-27 15:04:42.556,10534,10535,10534,1
2020-04-27 15:04:44.829,10534,10535,10534,1
2020-04-27 15:04:47.843,10534,10535,10534,4
2020-04-27 15:04:47.843,10534,10535,10533,2
2020-04-27 15:04:47.942,10533,10535,10533,1
2020-04-27 15:04:48.442,10533,10535,10533,1
2020-04-27 15:04:48.878,10533,10535,10533,2
2020-04-27 15:04:49.691,10534,10535,10534,1
2020-04-27 15:04:54.623,10534,10536,10536,2
2020-04-27 15:04:59.356,10534,10536,10536,1
2020-04-27 15:05:00.300,10535,10536,10535,1
2020-04-27 15:05:00.519,10534,10535,10535,1
2020-04-27 15:05:01.072,10534,10535,10534,5
2020-04-27 15:05:02.007,10533,10534,10534,1
2020-04-27 15:05:02.749,10533,10535,10535,1
2020-04-27 15:05:02.974,10533,10535,10535,2
2020-04-27 15:05:06.198,10533,10534,10534,1
2020-04-27 15:05:06.461,10533,10534,10534,1
2020-04-27 15:05:08.136,10534,10535,10534,1
2020-04-27 15:05:09.088,10533,10534,10533,8
2020-04-27 15:05:09.865,10532,10534,10534,1
2020-04-27 15:05:13.305,10533,10535,10533,1
2020-04-27 15:05:13.420,10533,10535,10535,2
2020-04-27 15:05:17.482,10533,10534,10534,1
2020-04-27 15:05:17.482,10533,10534,10534,1
2020-04-27 15:05:22.098,10533,10534,10533,5
2020-04-27 15:05:23.303,10532,10533,10533,1
2020-04-27 15:05:23.390,10532,10534,10532,1
2020-04-27 15:05:23.539,10532,10534,10532,3
2020-04-27 15:05:23.579,10532,10534,10534,2
2020-04-27 15:05:25.328,10532,10534,10532,1
2020-04-27 15:05:30.361,10533,10534,10534,1
2020-04-27 15:05:30.362,10533,10534,10534,6
2020-04-27 15:05:30.362,10533,10534,10534,1
2020-04-27 15:05:30.362,10533,10534,10534,2
2020-04-27 15:05:30.598,10534,10535,10534,1
2020-04-27 15:05:30.652,10534,10535,10534,1
2020-04-27 15:05:31.509,10533,10535,10533,1
2020-04-27 15:05:32.250,10533,10535,10533,1
2020-04-27 15:05:39.567,10533,10534,10533,1
2020-04-27 15:05:40.493,10533,10534,10533,2
2020-04-27 15:05:41.005,10533,10534,10533,1
2020-04-27 15:05:41.235,10533,10534,10534,1
2020-04-27 15:05:41.236,10533,10534,10534,1
2020-04-27 15:05:41.465,10534,10535,10535,1
2020-04-27 15:05:41.466,10534,10535,10535,3
2020-04-27 15:05:46.197,10534,10535,10535,1
2020-04-27 15:05:47.569,10534,10536,10536,2
2020-04-27 15:05:55.660,10535,10536,10536,2
2020-04-27 15:05:58.725,10536,10537,10536,1
2020-04-27 15:05:58.818,10535,10536,10535,2
2020-04-27 15:06:00.023,10535,10536,10535,2
2020-04-27 15:06:00.029,10535,10536,10535,1
2020-04-27 15:06:00.030,10535,10536,10535,1
2020-04-27 15:06:00.040,10535,10536,10535,1
2020-04-27 15:06:00.046,10535,10536,10535,1
2020-04-27 15:06:00.049,10535,10536,10535,1
2020-04-27 15:06:00.069,10535,10537,10535,1
2020-04-27 15:06:02.368,10536,10537,10537,3
2020-04-27 15:06:02.849,10536,10537,10537,2
2020-04-27 15:06:03.520,10536,10538,10538,1
2020-04-27 15:06:03.753,10536,10538,10538,1
2020-04-27 15:06:06.846,10536,10538,10538,1
2020-04-27 15:06:09.068,10537,10538,10537,2
2020-04-27 15:06:09.904,10537,10538,10538,3
2020-04-27 15:06:11.883,10538,10539,10538,1
2020-04-27 15:06:14.172,10538,10539,10538,1
2020-04-27 15:06:15.034,10538,10539,10539,2
2020-04-27 15:06:15.215,10538,10539,10539,1
2020-04-27 15:06:15.412,10538,10539,10539,2
2020-04-27 15:06:16.967,10539,10540,10540,1
2020-04-27 15:06:17.109,10539,10540,10540,1
2020-04-27 15:06:18.056,10539,10540,10540,1
2020-04-27 15:06:18.245,10539,10540,10539,1
2020-04-27 15:06:18.720,10539,10540,10540,2
2020-04-27 15:06:18.720,10539,10540,10540,9
2020-04-27 15:06:19.995,10540,10541,10541,4
2020-04-27 15:06:19.995,10540,10541,10542,2
2020-04-27 15:06:20.203,10540,10542,10540,1
2020-04-27 15:06:21.661,10540,10541,10541,1
2020-04-27 15:06:22.327,10541,10542,10541,1
2020-04-27 15:06:23.165,10540,10541,10541,1
2020-04-27 15:06:23.488,10540,10541,10541,1
2020-04-27 15:06:23.562,10540,10541,10541,1
2020-04-27 15:06:26.060,10540,10541,10540,1
2020-04-27 15:06:26.286,10540,10541,10541,1
2020-04-27 15:06:27.615,10540,10541,10541,3
2020-04-27 15:06:27.637,10540,10541,10541,1
2020-04-27 15:06:27.637,10540,10541,10541,1
2020-04-27 15:06:29.889,10540,10541,10541,2
2020-04-27 15:06:30.254,10540,10541,10540,3
2020-04-27 15:06:30.254,10540,10541,10540,3
2020-04-27 15:06:30.254,10540,10541,10540,7
2020-04-27 15:06:30.303,10540,10541,10540,1
2020-04-27 15:06:30.377,10539,10540,10540,1
2020-04-27 15:06:31.353,10539,10540,10539,2
2020-04-27 15:06:32.601,10538,10539,10538,1
2020-04-27 15:06:32.988,10537,10538,10538,1
2020-04-27 15:06:33.094,10537,10538,10538,6
2020-04-27 15:06:33.363,10537,10538,10538,1
2020-04-27 15:06:34.748,10537,10538,10538,1
2020-04-27 15:06:39.026,10538,10539,10538,1
2020-04-27 15:06:39.247,10538,10539,10539,1
2020-04-27 15:06:40.136,10538,10539,10538,1
2020-04-27 15:06:45.498,10537,10538,10537,4
2020-04-27 15:06:46.034,10536,10537,10536,1
2020-04-27 15:06:47.169,10535,10537,10537,1
2020-04-27 15:06:47.296,10535,10537,10535,1
2020-04-27 15:06:47.394,10535,10536,10536,3
2020-04-27 15:06:47.456,10535,10537,10537,1
2020-04-27 15:06:48.302,10535,10537,10537,1
2020-04-27 15:06:49.891,10535,10537,10537,1
2020-04-27 15:06:52.195,10537,10538,10537,7
2020-04-27 15:06:52.195,10537,10538,10537,1
2020-04-27 15:06:52.325,10536,10537,10537,2
2020-04-27 15:06:54.866,10537,10538,10538,4
2020-04-27 15:07:01.243,10538,10539,10539,1
2020-04-27 15:07:01.386,10538,10540,10540,4
2020-04-27 15:07:07.154,10538,10539,10539,1
2020-04-27 15:07:08.027,10538,10539,10539,1
2020-04-27 15:07:08.390,10538,10539,10539,3
2020-04-27 15:07:11.018,10538,10539,10539,2
2020-04-27 15:07:15.793,10538,10539,10539,2
2020-04-27 15:07:18.637,10538,10539,10539,1
2020-04-27 15:07:23.101,10539,10540,10540,2
2020-04-27 15:07:24.147,10539,10540,10539,1
2020-04-27 15:07:26.217,10539,10540,10540,3
2020-04-27 15:07:28.022,10539,10540,10540,2
2020-04-27 15:07:28.221,10539,10540,10539,7
2020-04-27 15:07:29.580,10538,10539,10538,2
2020-04-27 15:07:29.580,10538,10539,10538,6
2020-04-27 15:07:29.663,10538,10539,10538,4
2020-04-27 15:07:29.692,10537,10538,10537,1
2020-04-27 15:07:33.220,10538,10539,10538,1
2020-04-27 15:07:34.612,10537,10539,10537,1
2020-04-27 15:07:36.940,10537,10539,10539,1
2020-04-27 15:07:39.656,10537,10539,10539,4
2020-04-27 15:07:39.656,10537,10539,10540,2
2020-04-27 15:07:42.271,10538,10539,10539,1
2020-04-27 15:07:43.482,10537,10539,10538,1
2020-04-27 15:07:45.479,10537,10539,10539,2
2020-04-27 15:07:47.364,10538,10539,10539,1
2020-04-27 15:07:47.364,10538,10539,10540,5
2020-04-27 15:07:47.364,10538,10539,10541,1
2020-04-27 15:07:48.748,10539,10540,10539,3
2020-04-27 15:07:53.450,10539,10540,10539,1
2020-04-27 15:07:54.053,10538,10539,10539,1
2020-04-27 15:07:54.624,10538,10540,10538,3
2020-04-27 15:07:58.149,10538,10539,10538,2
2020-04-27 15:07:59.294,10537,10538,10538,1
2020-04-27 15:07:59.428,10537,10538,10538,1
2020-04-27 15:08:00.374,10537,10538,10537,4
2020-04-27 15:08:00.374,10537,10538,10537,1
2020-04-27 15:08:00.375,10537,10538,10537,1
2020-04-27 15:08:00.375,10537,10538,10537,3
2020-04-27 15:08:00.375,10537,10538,10537,1
2020-04-27 15:08:01.623,10537,10538,10537,1
2020-04-27 15:08:02.937,10537,10538,10538,1
2020-04-27 15:08:04.689,10536,10537,10536,1
2020-04-27 15:08:08.429,10537,10538,10537,1
2020-04-27 15:08:15.962,10536,10537,10536,3
2020-04-27 15:08:15.962,10536,10537,10536,5
2020-04-27 15:08:16.162,10535,10536,10536,1
2020-04-27 15:08:17.416,10535,10536,10535,6
2020-04-27 15:08:19.304,10535,10536,10536,1
2020-04-27 15:08:25.145,10535,10536,10536,1
2020-04-27 15:08:25.426,10535,10536,10535,3
2020-04-27 15:08:25.965,10534,10535,10535,1
2020-04-27 15:08:26.078,10534,10535,10534,4
2020-04-27 15:08:26.949,10533,10534,10534,1
2020-04-27 15:08:31.089,10534,10535,10534,2
2020-04-27 15:08:32.304,10533,10534,10534,1
2020-04-27 15:08:33.186,10533,10534,10534,1
2020-04-27 15:08:33.189,10533,10534,10534,1
2020-04-27 15:08:33.760,10533,10534,10534,1
2020-04-27 15:08:34.799,10533,10534,10533,1
2020-04-27 15:08:36.914,10533,10534,10533,1
2020-04-27 15:08:39.531,10533,10534,10534,2
2020-04-27 15:08:41.098,10533,10534,10533,10
2020-04-27 15:08:41.364,10532,10534,10532,10
2020-04-27 15:08:41.518,10532,10533,10532,3
2020-04-27 15:08:42.007,10532,10533,10533,2
2020-04-27 15:08:42.088,10532,10533,10532,1
2020-04-27 15:08:43.105,10532,10533,10532,4
2020-04-27 15:08:46.129,10532,10533,10532,1
2020-04-27 15:08:46.826,10532,10534,10532,1
2020-04-27 15:08:48.137,10533,10534,10533,1
2020-04-27 15:08:49.113,10533,10534,10533,1
2020-04-27 15:08:53.458,10533,10534,10534,3
2020-04-27 15:08:55.621,10534,10536,10534,1
2020-04-27 15:08:56.132,10535,10536,10535,1
2020-04-27 15:08:56.132,10535,10536,10535,1
2020-04-27 15:08:59.431,10534,10535,10534,1
2020-04-27 15:09:03.476,10533,10534,10534,1
2020-04-27 15:09:06.799,10534,10535,10535,1
2020-04-27 15:09:06.799,10534,10535,10536,2
2020-04-27 15:09:14.522,10535,10536,10535,1
2020-04-27 15:09:16.511,10534,10535,10534,1
2020-04-27 15:09:16.677,10534,10535,10534,1
2020-04-27 15:09:16.678,10534,10535,10534,1
2020-04-27 15:09:17.884,10533,10534,10534,1
2020-04-27 15:09:18.955,10533,10534,10533,3
2020-04-27 15:09:19.138,10532,10533,10532,2
2020-04-27 15:09:19.233,10532,10533,10532,1
2020-04-27 15:09:20.004,10532,10533,10532,1
2020-04-27 15:09:20.948,10532,10533,10533,1
2020-04-27 15:09:22.441,10532,10533,10532,1
2020-04-27 15:09:23.277,10532,10533,10533,1
2020-04-27 15:09:23.701,10532,10533,10533,1
2020-04-27 15:09:26.234,10533,10535,10533,1
2020-04-27 15:09:27.715,10533,10535,10535,3
2020-04-27 15:09:27.952,10533,10534,10533,1
2020-04-27 15:09:30.023,10533,10534,10534,1
2020-04-27 15:09:30.023,10533,10534,10535,1
2020-04-27 15:09:35.629,10533,10534,10534,1
2020-04-27 15:09:36.064,10533,10534,10533,1
2020-04-27 15:09:36.263,10533,10534,10533,1
2020-04-27 15:09:36.671,10532,10533,10533,2
2020-04-27 15:09:40.273,10533,10534,10533,6
2020-04-27 15:09:41.145,10533,10534,10534,2
2020-04-27 15:09:42.017,10534,10535,10535,1
2020-04-27 15:09:42.017,10534,10535,10536,1
2020-04-27 15:09:45.664,10534,10535,10535,1
2020-04-27 15:09:49.809,10535,10536,10535,1
2020-04-27 15:09:50.674,10534,10536,10536,1
2020-04-27 15:09:53.094,10535,10536,10536,2
2020-04-27 15:09:55.591,10536,10537,10536,1
2020-04-27 15:10:01.302,10535,10537,10535,3
2020-04-27 15:10:02.040,10535,10536,10536,2
2020-04-27 15:10:02.295,10536,10537,10537,2
2020-04-27 15:10:02.457,10536,10537,10537,1
2020-04-27 15:10:02.457,10536,10537,10538,1
2020-04-27 15:10:04.014,10537,10538,10537,1
2020-04-27 15:10:06.892,10536,10537,10536,1
2020-04-27 15:10:08.337,10536,10537,10537,1
2020-04-27 15:10:08.467,10536,10538,10536,2
2020-04-27 15:10:09.070,10536,10537,10536,1
2020-04-27 15:10:10.036,10535,10536,10536,1
2020-04-27 15:10:12.318,10536,10537,10536,1
2020-04-27 15:10:12.854,10535,10536,10536,1
2020-04-27 15:10:16.932,10536,10538,10536,2
2020-04-27 15:10:23.069,10537,10538,10538,3
2020-04-27 15:10:23.100,10537,10538,10538,4
2020-04-27 15:10:23.100,10537,10538,10537,1
2020-04-27 15:10:25.158,10536,10538,10538,1
2020-04-27 15:10:25.822,10537,10538,10538,1
2020-04-27 15:10:26.527,10536,10538,10538,1
2020-04-27 15:10:30.179,10537,10538,10538,1
2020-04-27 15:10:32.255,10538,10539,10538,2
2020-04-27 15:10:32.256,10538,10539,10538,1
2020-04-27 15:10:32.256,10538,10539,10538,4
2020-04-27 15:10:36.101,10537,10539,10537,1
2020-04-27 15:10:36.477,10537,10539,10539,1
2020-04-27 15:10:48.451,10538,10539,10538,1
2020-04-27 15:10:51.763,10538,10539,10538,3
2020-04-27 15:10:58.422,10538,10539,10539,1
2020-04-27 15:10:59.261,10538,10539,10539,1
2020-04-27 15:11:01.471,10538,10539,10539,3
2020-04-27 15:11:01.471,10538,10539,10539,2
2020-04-27 15:11:01.471,10538,10539,10539,4
2020-04-27 15:11:01.795,10539,10540,10540,1
2020-04-27 15:11:02.133,10539,10540,10540,10
2020-04-27 15:11:02.318,10539,10540,10540,4
2020-04-27 15:11:04.456,10538,10540,10540,1
2020-04-27 15:11:06.588,10538,10539,10538,1
2020-04-27 15:11:06.979,10537,10538,10538,2
2020-04-27 15:11:10.930,10537,10538,10537,2
2020-04-27 15:11:12.221,10536,10538,10538,1
2020-04-27 15:11:12.567,10536,10538,10538,2
2020-04-27 15:11:15.251,10537,10538,10538,7
2020-04-27 15:11:16.687,10537,10539,10537,1
2020-04-27 15:11:17.420,10538,10539,10538,1
2020-04-27 15:11:22.662,10537,10538,10538,1
2020-04-27 15:11:27.522,10538,10539,10539,6
2020-04-27 15:11:40.530,10537,10539,10537,1
2020-04-27 15:11:43.030,10537,10539,10539,1
2020-04-27 15:11:55.310,10538,10539,10539,1
2020-04-27 15:11:56.081,10538,10539,10539,1
2020-04-27 15:11:56.937,10538,10539,10539,2
2020-04-27 15:11:56.937,10538,10539,10539,2
2020-04-27 15:11:59.443,10539,10540,10539,1
2020-04-27 15:11:59.822,10538,10539,10539,2
2020-04-27 15:11:59.822,10538,10539,10540,3
2020-04-27 15:12:04.477,10538,10539,10538,1
2020-04-27 15:12:04.726,10538,10539,10539,10
2020-04-27 15:12:04.726,10538,10539,10540,5
2020-04-27 15:12:04.727,10538,10539,10540,1
2020-04-27 15:12:04.739,10538,10539,10540,1
2020-04-27 15:12:04.739,10538,10539,10541,6
2020-04-27 15:12:04.877,10539,10541,10541,1
2020-04-27 15:12:04.993,10539,10541,10541,2
2020-04-27 15:12:05.035,10539,10541,10540,1
2020-04-27 15:12:10.798,10540,10541,10540,1
2020-04-27 15:12:11.533,10540,10541,10541,10
2020-04-27 15:12:12.630,10540,10541,10540,1
2020-04-27 15:12:17.819,10540,10541,10540,3
2020-04-27 15:12:17.877,10540,10541,10540,1
2020-04-27 15:12:19.014,10538,10540,10540,1
2020-04-27 15:12:19.153,10538,10540,10540,10
2020-04-27 15:12:19.321,10539,10540,10540,1
2020-04-27 15:12:20.322,10539,10540,10540,1
2020-04-27 15:12:23.789,10540,10541,10541,1
2020-04-27 15:12:23.790,10540,10541,10541,6
2020-04-27 15:12:23.790,10540,10541,10541,2
2020-04-27 15:12:23.790,10540,10541,10541,2
2020-04-27 15:12:23.790,10540,10541,10541,1
2020-04-27 15:12:26.316,10541,10542,10541,1
2020-04-27 15:12:29.297,10541,10542,10541,1
2020-04-27 15:12:32.796,10540,10541,10540,7
2020-04-27 15:12:35.058,10539,10540,10540,1
2020-04-27 15:12:36.308,10540,10541,10540,1
2020-04-27 15:12:39.761,10539,10540,10540,1
2020-04-27 15:12:45.746,10540,10541,10540,3
2020-04-27 15:12:51.533,10539,10540,10539,2
2020-04-27 15:12:51.534,10539,10540,10539,2
2020-04-27 15:12:51.534,10539,10540,10539,5
2020-04-27 15:12:51.684,10538,10539,10539,1
2020-04-27 15:12:54.347,10538,10539,10538,11
2020-04-27 15:12:55.220,10537,10538,10538,1
2020-04-27 15:12:55.862,10537,10539,10539,1
2020-04-27 15:12:56.985,10537,10538,10538,1
2020-04-27 15:13:00.898,10537,10538,10537,10
2020-04-27 15:13:04.873,10536,10537,10537,2
2020-04-27 15:13:08.283,10537,10538,10537,3
2020-04-27 15:13:12.898,10537,10538,10537,2
2020-04-27 15:13:14.453,10537,10538,10538,1
2020-04-27 15:13:14.453,10537,10538,10538,2
2020-04-27 15:13:23.433,10539,10540,10540,3
2020-04-27 15:13:23.657,10539,10541,10539,1
2020-04-27 15:13:23.792,10539,10541,10539,3
2020-04-27 15:13:26.075,10539,10540,10539,3
2020-04-27 15:13:26.075,10539,10540,10538,2
2020-04-27 15:13:33.731,10538,10539,10538,1
2020-04-27 15:13:35.826,10538,10539,10539,1
2020-04-27 15:13:35.829,10538,10539,10539,1
2020-04-27 15:13:42.788,10537,10538,10538,1
2020-04-27 15:13:44.452,10538,10539,10539,2
2020-04-27 15:13:46.776,10539,10540,10539,3
2020-04-27 15:13:46.881,10538,10540,10539,1
2020-04-27 15:13:48.042,10539,10540,10539,1
2020-04-27 15:13:56.778,10538,10540,10539,1
2020-04-27 15:14:03.459,10539,10540,10540,3
2020-04-27 15:14:06.550,10540,10541,10540,1
2020-04-27 15:14:07.960,10540,10541,10540,1
2020-04-27 15:14:08.119,10540,10541,10540,1
2020-04-27 15:14:08.194,10540,10541,10541,1
2020-04-27 15:14:09.531,10540,10541,10541,2
2020-04-27 15:14:09.532,10540,10541,10541,4
2020-04-27 15:14:12.172,10541,10542,10542,1
2020-04-27 15:14:12.332,10541,10542,10542,1
2020-04-27 15:14:12.476,10541,10542,10542,1
2020-04-27 15:14:13.788,10541,10542,10542,1
2020-04-27 15:14:14.749,10541,10542,10542,1
2020-04-27 15:14:15.656,10541,10542,10542,3
2020-04-27 15:14:16.704,10541,10542,10542,1
2020-04-27 15:14:17.080,10541,10542,10542,2
2020-04-27 15:14:17.726,10541,10542,10542,1
2020-04-27 15:14:17.951,10541,10542,10542,1
2020-04-27 15:14:18.197,10541,10542,10542,1
2020-04-27 15:14:18.373,10541,10543,10543,1
2020-04-27 15:14:18.478,10541,10543,10542,1
2020-04-27 15:14:18.771,10541,10543,10543,2
2020-04-27 15:14:19.151,10541,10543,10543,1
2020-04-27 15:14:20.670,10542,10543,10543,1
2020-04-27 15:14:27.832,10542,10543,10543,11
2020-04-27 15:14:28.025,10542,10544,10544,1
2020-04-27 15:14:28.074,10542,10544,10544,2
2020-04-27 15:14:28.343,10543,10544,10544,1
2020-04-27 15:14:32.065,10543,10544,10544,1
2020-04-27 15:14:32.096,10543,10544,10544,1
2020-04-27 15:14:32.148,10543,10544,10544,1
2020-04-27 15:14:32.483,10543,10544,10544,4
2020-04-27 15:14:32.530,10543,10544,10544,2
2020-04-27 15:14:34.578,10544,10545,10544,1
2020-04-27 15:14:37.774,10543,10544,10543,1
2020-04-27 15:14:37.886,10543,10544,10544,1
2020-04-27 15:14:37.923,10543,10544,10543,1
2020-04-27 15:14:39.109,10542,10544,10544,1
2020-04-27 15:14:39.953,10542,10544,10544,1
2020-04-27 15:14:39.991,10542,10544,10544,1
2020-04-27 15:14:40.066,10542,10544,10544,1
2020-04-27 15:14:42.322,10543,10544,10543,1
2020-04-27 15:14:43.466,10542,10543,10543,1
2020-04-27 15:14:44.137,10543,10544,10544,4
2020-04-27 15:14:47.063,10544,10545,10545,1
2020-04-27 15:14:47.262,10544,10545,10545,1
2020-04-27 15:14:47.707,10544,10545,10544,1
2020-04-27 15:14:49.578,10544,10545,10544,1
2020-04-27 15:14:51.321,10543,10545,10545,1
2020-04-27 15:14:52.748,10544,10545,10545,1
2020-04-27 15:14:53.619,10544,10545,10544,1
2020-04-27 15:14:55.167,10544,10545,10545,1
2020-04-27 15:14:55.168,10544,10545,10545,3
2020-04-27 15:14:55.168,10544,10545,10545,2
2020-04-27 15:14:55.168,10544,10545,10545,8
2020-04-27 15:14:55.168,10544,10545,10545,16
2020-04-27 15:14:55.168,10544,10545,10545,1
2020-04-27 15:14:55.169,10544,10545,10545,3
2020-04-27 15:14:56.875,10544,10545,10545,1
2020-04-27 15:14:57.886,10544,10545,10545,3
2020-04-27 15:14:57.886,10544,10545,10546,2
2020-04-27 15:14:58.058,10545,10546,10545,1
2020-04-27 15:14:58.129,10545,10546,10546,2
2020-04-27 15:14:58.155,10545,10546,10545,1
2020-04-27 15:15:00.265,10544,10546,10546,1
2020-04-27 15:15:00.474,10544,10546,10546,11
2020-04-27 15:15:00.474,10544,10546,10547,4
2020-04-27 15:15:00.480,10544,10546,10546,1
2020-04-27 15:15:00.484,10544,10546,10546,5
2020-04-27 15:15:00.484,10544,10546,10547,2
2020-04-27 15:15:00.590,10545,10546,10546,2
2020-04-27 15:15:00.698,10545,10546,10546,1
2020-04-27 15:15:00.729,10545,10546,10546,2
2020-04-27 15:15:00.994,10545,10547,10547,1
2020-04-27 15:15:01.097,10545,10547,10545,2
2020-04-27 15:15:01.381,10545,10546,10546,1
2020-04-27 15:15:03.439,10544,10545,10545,1
2020-04-27 15:15:03.813,10544,10545,10544,3
2020-04-27 15:15:03.813,10544,10545,10544,1
2020-04-27 15:15:03.813,10544,10545,10544,1
2020-04-27 15:15:03.817,10544,10545,10544,1
2020-04-27 15:15:03.905,10544,10545,10544,1
2020-04-27 15:15:04.127,10543,10544,10543,2
2020-04-27 15:15:04.224,10542,10543,10543,1
2020-04-27 15:15:04.276,10542,10543,10543,1
2020-04-27 15:15:05.117,10542,10544,10542,6
2020-04-27 15:15:05.118,10542,10544,10542,3
2020-04-27 15:15:05.118,10542,10544,10542,1
2020-04-27 15:15:05.871,10541,10543,10542,2
2020-04-27 15:15:05.872,10541,10543,10542,1
2020-04-27 15:15:06.101,10541,10542,10542,1
2020-04-27 15:15:07.876,10542,10543,10543,1
2020-04-27 15:15:08.758,10542,10543,10542,2
2020-04-27 15:15:12.884,10542,10543,10542,1
2020-04-27 15:15:12.884,10542,10543,10542,2
2020-04-27 15:15:12.960,10541,10542,10542,1
2020-04-27 15:15:13.683,10542,10543,10542,1
2020-04-27 15:15:14.953,10541,10543,10543,1
2020-04-27 15:15:15.360,10541,10542,10542,1
2020-04-27 15:15:15.360,10541,10542,10542,1
2020-04-27 15:15:17.256,10542,10543,10542,1
2020-04-27 15:15:18.548,10542,10543,10543,1
2020-04-27 15:15:21.116,10542,10544,10544,1
2020-04-27 15:15:23.200,10543,10544,10544,1
2020-04-27 15:15:28.911,10544,10545,10544,2
2020-04-27 15:15:30.938,10544,10545,10544,1
2020-04-27 15:15:33.171,10543,10544,10544,1
2020-04-27 15:15:34.393,10544,10545,10545,1
2020-04-27 15:15:34.394,10544,10545,10545,1
2020-04-27 15:15:34.472,10545,10546,10545,1
2020-04-27 15:15:36.676,10544,10546,10546,1
2020-04-27 15:15:36.887,10544,10546,10546,1
2020-04-27 15:15:37.127,10545,10546,10545,1
2020-04-27 15:15:37.544,10544,10546,10544,1
2020-04-27 15:15:38.796,10544,10546,10546,1
2020-04-27 15:15:42.473,10545,10546,10546,1
2020-04-27 15:15:44.138,10545,10546,10546,1
2020-04-27 15:15:44.480,10546,10547,10546,3
2020-04-27 15:15:48.176,10545,10546,10545,1
2020-04-27 15:15:50.545,10545,10546,10545,1
2020-04-27 15:15:52.679,10545,10546,10545,6
2020-04-27 15:15:53.336,10544,10545,10545,1
2020-04-27 15:15:53.783,10544,10545,10545,1
2020-04-27 15:15:54.097,10544,10545,10545,1
2020-04-27 15:15:55.583,10544,10545,10545,1
2020-04-27 15:15:59.501,10544,10545,10545,2
2020-04-27 15:16:05.723,10545,10546,10546,2
2020-04-27 15:16:05.946,10545,10547,10545,1
2020-04-27 15:16:06.630,10545,10547,10547,8
2020-04-27 15:16:06.714,10546,10547,10547,1
2020-04-27 15:16:06.840,10546,10547,10547,1
2020-04-27 15:16:08.280,10546,10547,10546,1
2020-04-27 15:16:12.105,10546,10547,10547,1
2020-04-27 15:16:13.588,10546,10547,10547,1
2020-04-27 15:16:17.774,10545,10547,10547,1
2020-04-27 15:16:19.198,10546,10547,10547,1
2020-04-27 15:16:20.188,10547,10548,10547,1
2020-04-27 15:16:24.920,10547,10548,10547,5
2020-04-27 15:16:27.829,10545,10547,10547,1
2020-04-27 15:16:30.036,10545,10546,10545,1
2020-04-27 15:16:30.389,10545,10546,10545,1
2020-04-27 15:16:30.389,10545,10546,10545,2
2020-04-27 15:16:30.389,10545,10546,10545,4
2020-04-27 15:16:30.408,10545,10546,10544,6
2020-04-27 15:16:30.441,10544,10545,10545,1
2020-04-27 15:16:30.460,10544,10545,10544,2
2020-04-27 15:16:31.372,10543,10544,10544,1
2020-04-27 15:16:37.821,10543,10544,10544,2
2020-04-27 15:16:39.718,10544,10545,10545,1
2020-04-27 15:16:39.718,10544,10545,10545,1
2020-04-27 15:16:39.718,10544,10545,10545,1
2020-04-27 15:16:39.719,10544,10545,10545,2
2020-04-27 15:16:39.719,10544,10545,10545,5
2020-04-27 15:16:39.978,10545,10547,10545,2
2020-04-27 15:16:43.756,10544,10546,10544,3
2020-04-27 15:16:46.378,10545,10546,10545,1
2020-04-27 15:16:48.700,10545,10547,10545,1
2020-04-27 15:16:49.258,10545,10547,10545,1
2020-04-27 15:16:51.861,10545,10546,10546,1
2020-04-27 15:16:53.061,10546,10547,10546,2
2020-04-27 15:16:53.173,10545,10546,10545,3
2020-04-27 15:16:55.758,10545,10546,10546,2
2020-04-27 15:16:59.753,10545,10546,10546,1
2020-04-27 15:17:03.510,10546,10547,10546,1
2020-04-27 15:17:05.021,10546,10547,10547,6
2020-04-27 15:17:05.205,10547,10548,10547,1
2020-04-27 15:17:05.206,10547,10548,10547,2
2020-04-27 15:17:14.475,10546,10547,10546,1
2020-04-27 15:17:14.949,10545,10547,10547,1
2020-04-27 15:17:17.739,10545,10546,10546,1
2020-04-27 15:17:21.368,10546,10547,10546,2
2020-04-27 15:17:26.713,10546,10547,10546,1
2020-04-27 15:17:27.595,10546,10547,10547,2
2020-04-27 15:17:38.546,10546,10547,10546,2
2020-04-27 15:17:41.046,10545,10547,10547,6
2020-04-27 15:17:41.231,10546,10547,10547,2
2020-04-27 15:17:41.587,10546,10547,10547,1
2020-04-27 15:17:41.656,10546,10547,10547,1
2020-04-27 15:17:41.907,10546,10548,10546,1
2020-04-27 15:17:42.176,10546,10548,10546,1
2020-04-27 15:17:43.390,10546,10547,10546,1
2020-04-27 15:17:44.596,10546,10547,10546,1
2020-04-27 15:18:01.048,10545,10546,10545,20
2020-04-27 15:18:01.048,10545,10546,10545,5
2020-04-27 15:18:01.048,10545,10546,10545,6
2020-04-27 15:18:01.048,10545,10546,10545,3
2020-04-27 15:18:01.421,10544,10545,10545,1
2020-04-27 15:18:01.480,10544,10545,10544,3
2020-04-27 15:18:01.763,10544,10545,10544,1
2020-04-27 15:18:01.763,10544,10545,10544,3
2020-04-27 15:18:08.669,10544,10545,10544,1
2020-04-27 15:18:08.696,10544,10545,10544,1
2020-04-27 15:18:13.081,10543,10544,10544,1
2020-04-27 15:18:19.468,10543,10544,10543,8
2020-04-27 15:18:19.672,10542,10543,10543,1
2020-04-27 15:18:22.823,10542,10543,10543,1
2020-04-27 15:18:23.333,10542,10543,10543,1
2020-04-27 15:18:25.784,10542,10543,10542,1
2020-04-27 15:18:25.871,10542,10543,10542,9
2020-04-27 15:18:25.986,10541,10542,10542,1
2020-04-27 15:18:26.647,10541,10542,10542,1
2020-04-27 15:18:27.988,10541,10542,10541,10
2020-04-27 15:18:27.989,10541,10542,10541,2
2020-04-27 15:18:28.571,10540,10542,10542,1
2020-04-27 15:18:28.631,10540,10542,10540,1
2020-04-27 15:18:34.341,10540,10541,10541,3
2020-04-27 15:18:34.629,10541,10542,10541,1
2020-04-27 15:18:36.730,10540,10542,10541,1
2020-04-27 15:18:37.514,10541,10542,10542,1
2020-04-27 15:18:44.653,10542,10543,10542,3
2020-04-27 15:18:45.061,10541,10542,10541,7
2020-04-27 15:18:45.061,10541,10542,10540,28
2020-04-27 15:18:45.061,10541,10542,10539,3
2020-04-27 15:18:45.062,10541,10542,10541,1
2020-04-27 15:18:45.279,10540,10542,10540,2
2020-04-27 15:18:45.407,10540,10542,10540,1
2020-04-27 15:18:47.919,10540,10542,10540,4
2020-04-27 15:18:48.053,10540,10541,10541,2
2020-04-27 15:18:50.580,10540,10542,10540,1
2020-04-27 15:18:55.629,10539,10540,10540,1
2020-04-27 15:18:57.129,10539,10540,10540,1
2020-04-27 15:18:59.523,10539,10540,10540,1
2020-04-27 15:19:01.289,10539,10540,10539,1
2020-04-27 15:19:02.954,10539,10541,10539,1
2020-04-27 15:19:07.186,10539,10540,10539,1
2020-04-27 15:19:08.543,10539,10540,10539,5
2020-04-27 15:19:08.543,10539,10540,10538,18
2020-04-27 15:19:08.617,10538,10539,10539,1
2020-04-27 15:19:08.664,10538,10539,10539,1
2020-04-27 15:19:12.457,10538,10539,10538,1
2020-04-27 15:19:12.458,10538,10539,10538,2
2020-04-27 15:19:12.845,10537,10538,10538,1
2020-04-27 15:19:13.755,10537,10538,10538,1
2020-04-27 15:19:16.037,10537,10538,10538,1
2020-04-27 15:19:16.977,10537,10538,10537,6
2020-04-27 15:19:19.674,10537,10538,10537,1
2020-04-27 15:19:23.188,10537,10538,10538,1
2020-04-27 15:19:23.195,10538,10539,10539,1
2020-04-27 15:19:24.472,10538,10539,10539,1
2020-04-27 15:19:24.782,10539,10540,10539,2
2020-04-27 15:19:32.819,10538,10539,10538,1
2020-04-27 15:19:33.773,10537,10539,10537,1
2020-04-27 15:19:40.198,10537,10538,10538,1
2020-04-27 15:19:43.548,10538,10539,10538,1
2020-04-27 15:19:49.993,10538,10539,10539,1
2020-04-27 15:19:57.351,10539,10540,10539,10
2020-04-27 15:19:57.571,10539,10540,10539,5
2020-04-27 15:19:57.615,10539,10540,10538,10
2020-04-27 15:19:58.805,10538,10539,10539,10
2020-04-27 15:20:03.330,10539,10540,10539,1
2020-04-27 15:20:10.625,10538,10540,10539,1
2020-04-27 15:20:18.514,10539,10540,10540,2
2020-04-27 15:20:18.514,10539,10540,10540,3
2020-04-27 15:20:18.540,10539,10540,10540,2
2020-04-27 15:20:18.567,10539,10540,10540,2
2020-04-27 15:20:22.307,10539,10541,10540,1
2020-04-27 15:20:39.054,10539,10540,10540,3
2020-04-27 15:20:40.383,10539,10540,10540,1
2020-04-27 15:20:42.118,10539,10540,10540,1
2020-04-27 15:20:43.742,10540,10541,10541,1
2020-04-27 15:20:45.656,10540,10541,10540,1
2020-04-27 15:20:47.088,10540,10541,10541,1
2020-04-27 15:20:54.098,10540,10541,10540,2
2020-04-27 15:20:54.099,10540,10541,10540,3
2020-04-27 15:20:54.099,10540,10541,10540,2
2020-04-27 15:20:54.394,10539,10540,10539,2
2020-04-27 15:20:58.555,10539,10540,10539,1
2020-04-27 15:20:59.958,10539,10540,10539,1
2020-04-27 15:21:04.771,10539,10540,10540,2
2020-04-27 15:21:04.879,10539,10540,10539,1
2020-04-27 15:21:13.868,10539,10540,10539,1
2020-04-27 15:21:14.704,10539,10540,10539,3
2020-04-27 15:21:14.704,10539,10540,10539,12
2020-04-27 15:21:20.028,10538,10539,10538,1
2020-04-27 15:21:20.121,10538,10539,10539,1
2020-04-27 15:21:23.375,10539,10540,10539,1
2020-04-27 15:21:25.119,10539,10540,10540,5
2020-04-27 15:21:25.364,10540,10541,10541,1
2020-04-27 15:21:25.544,10540,10542,10542,2
2020-04-27 15:21:25.971,10540,10542,10542,1
2020-04-27 15:21:26.676,10541,10542,10542,1
2020-04-27 15:21:27.301,10541,10542,10542,1
2020-04-27 15:21:31.707,10541,10542,10542,1
2020-04-27 15:21:34.570,10541,10542,10542,1
2020-04-27 15:21:42.228,10542,10543,10543,1
2020-04-27 15:21:42.228,10542,10543,10543,2
2020-04-27 15:21:42.515,10543,10544,10544,1
2020-04-27 15:21:43.786,10543,10544,10544,10
2020-04-27 15:21:48.235,10544,10545,10544,1
2020-04-27 15:21:48.235,10544,10545,10543,8
2020-04-27 15:21:48.235,10544,10545,10542,27
2020-04-27 15:21:48.236,10544,10545,10542,1
2020-04-27 15:21:48.237,10544,10545,10542,12
2020-04-27 15:21:48.237,10544,10545,10542,1
2020-04-27 15:21:48.315,10542,10543,10542,2
2020-04-27 15:21:48.349,10542,10543,10542,3
2020-04-27 15:21:49.958,10542,10543,10543,1
2020-04-27 15:21:53.240,10542,10543,10542,2
2020-04-27 15:21:53.240,10542,10543,10541,3
2020-04-27 15:21:53.345,10541,10543,10543,6
2020-04-27 15:21:56.105,10543,10544,10544,1
2020-04-27 15:21:59.171,10542,10544,10544,3
2020-04-27 15:22:00.333,10542,10544,10544,2
2020-04-27 15:22:01.967,10542,10544,10542,1
2020-04-27 15:22:02.087,10542,10544,10544,6
2020-04-27 15:22:03.987,10542,10544,10542,8
2020-04-27 15:22:03.987,10542,10544,10541,19
2020-04-27 15:22:03.988,10542,10544,10541,1
2020-04-27 15:22:03.988,10542,10544,10541,1
2020-04-27 15:22:03.988,10542,10544,10541,1
2020-04-27 15:22:03.988,10542,10544,10541,1
2020-04-27 15:22:04.072,10540,10541,10540,1
2020-04-27 15:22:09.603,10540,10541,10541,4
2020-04-27 15:22:16.049,10541,10543,10541,9
2020-04-27 15:22:16.049,10541,10543,10540,18
2020-04-27 15:22:16.051,10541,10543,10540,1
2020-04-27 15:22:16.051,10541,10543,10540,3
2020-04-27 15:22:16.051,10541,10543,10540,1
2020-04-27 15:22:16.110,10540,10541,10540,2
2020-04-27 15:22:16.969,10540,10541,10541,1
2020-04-27 15:22:18.265,10539,10541,10541,1
2020-04-27 15:22:22.296,10539,10541,10541,1
2020-04-27 15:22:22.308,10539,10541,10541,2
2020-04-27 15:22:24.587,10540,10541,10540,2
2020-04-27 15:22:25.096,10539,10541,10541,1
2020-04-27 15:22:28.219,10539,10541,10539,5
2020-04-27 15:22:28.472,10538,10540,10538,1
2020-04-27 15:22:28.664,10538,10540,10538,1
2020-04-27 15:22:33.905,10538,10540,10538,4
2020-04-27 15:22:37.353,10538,10540,10538,3
2020-04-27 15:22:42.368,10538,10540,10538,1
2020-04-27 15:23:07.223,10538,10540,10538,1
2020-04-27 15:23:09.314,10538,10540,10540,2
2020-04-27 15:23:18.236,10538,10540,10540,2
2020-04-27 15:23:28.089,10538,10540,10540,1
2020-04-27 15:23:37.721,10539,10540,10539,1
2020-04-27 15:23:38.106,10538,10539,10539,1
2020-04-27 15:23:43.637,10538,10539,10538,9
2020-04-27 15:23:45.787,10537,10538,10538,1
2020-04-27 15:23:53.050,10537,10538,10537,6
2020-04-27 15:23:58.773,10537,10538,10537,1
2020-04-27 15:24:01.770,10537,10538,10538,1
2020-04-27 15:24:01.944,10537,10538,10538,1
2020-04-27 15:24:03.327,10537,10539,10537,12
2020-04-27 15:24:03.327,10537,10539,10536,23
2020-04-27 15:24:03.850,10536,10537,10536,1
2020-04-27 15:24:03.873,10536,10537,10536,1
2020-04-27 15:24:03.888,10536,10537,10536,1
2020-04-27 15:24:04.044,10536,10537,10536,1
2020-04-27 15:24:07.297,10537,10538,10538,2
2020-04-27 15:24:10.731,10538,10540,10539,1
2020-04-27 15:24:12.881,10539,10540,10540,1
2020-04-27 15:24:22.279,10538,10539,10539,1
2020-04-27 15:24:22.542,10538,10539,10539,1
2020-04-27 15:24:22.553,10538,10539,10539,1
2020-04-27 15:24:23.373,10538,10540,10540,1
2020-04-27 15:24:23.924,10538,10540,10540,1
2020-04-27 15:24:26.032,10538,10540,10540,3
2020-04-27 15:24:26.327,10539,10541,10541,1
2020-04-27 15:24:26.905,10540,10541,10541,4
2020-04-27 15:24:27.133,10540,10541,10541,1
2020-04-27 15:24:28.443,10540,10542,10540,1
2020-04-27 15:24:34.929,10540,10541,10540,1
2020-04-27 15:24:44.735,10540,10541,10540,1
2020-04-27 15:24:44.735,10540,10541,10540,6
2020-04-27 15:24:46.064,10539,10540,10540,2
2020-04-27 15:24:49.062,10540,10541,10540,1
2020-04-27 15:24:58.394,10540,10541,10541,2
2020-04-27 15:25:00.449,10541,10542,10542,1
2020-04-27 15:25:00.449,10541,10542,10542,5
2020-04-27 15:25:04.429,10542,10543,10542,1
2020-04-27 15:25:04.492,10542,10543,10543,1
2020-04-27 15:25:09.293,10543,10544,10543,4
2020-04-27 15:25:11.488,10543,10544,10544,1
2020-04-27 15:25:12.543,10543,10544,10543,1
2020-04-27 15:25:16.208,10543,10544,10544,1
2020-04-27 15:25:22.049,10543,10544,10544,1
2020-04-27 15:25:25.004,10543,10544,10543,2
2020-04-27 15:25:25.004,10543,10544,10543,2
2020-04-27 15:25:25.425,10542,10543,10542,1
2020-04-27 15:25:25.664,10542,10543,10543,1
2020-04-27 15:25:30.905,10543,10544,10543,3
2020-04-27 15:25:31.220,10543,10544,10543,2
2020-04-27 15:25:34.580,10543,10544,10543,2
2020-04-27 15:25:41.365,10543,10544,10544,1
2020-04-27 15:25:44.729,10543,10544,10543,3
2020-04-27 15:25:45.007,10542,10543,10543,1
2020-04-27 15:25:47.347,10542,10543,10542,1
2020-04-27 15:25:47.347,10542,10543,10542,1
2020-04-27 15:25:47.347,10542,10543,10542,1
2020-04-27 15:25:47.409,10542,10543,10543,1
2020-04-27 15:26:01.017,10542,10543,10543,6
2020-04-27 15:26:19.885,10542,10543,10543,1
2020-04-27 15:26:20.506,10542,10543,10542,6
2020-04-27 15:26:20.506,10542,10543,10541,14
2020-04-27 15:26:20.507,10542,10543,10542,1
2020-04-27 15:26:31.849,10540,10542,10542,5
2020-04-27 15:26:32.041,10540,10542,10542,1
2020-04-27 15:26:47.393,10542,10543,10542,1
2020-04-27 15:26:47.393,10542,10543,10542,2
2020-04-27 15:27:11.109,10541,10542,10541,1
2020-04-27 15:27:14.138,10540,10541,10540,1
2020-04-27 15:27:14.138,10540,10541,10540,4
2020-04-27 15:27:14.138,10540,10541,10540,1
2020-04-27 15:27:14.138,10540,10541,10540,1
2020-04-27 15:27:14.138,10540,10541,10540,1
2020-04-27 15:27:15.683,10539,10540,10539,5
2020-04-27 15:27:23.215,10538,10540,10538,1
2020-04-27 15:27:27.271,10539,10540,10540,1
2020-04-27 15:27:37.423,10540,10541,10541,2
2020-04-27 15:27:44.616,10542,10543,10542,1
2020-04-27 15:28:07.697,10542,10543,10543,8
2020-04-27 15:28:08.701,10543,10544,10543,1
2020-04-27 15:28:11.953,10542,10544,10544,1
2020-04-27 15:28:23.832,10541,10542,10541,1
2020-04-27 15:28:26.916,10541,10542,10541,1
2020-04-27 15:28:29.544,10540,10541,10540,1
2020-04-27 15:28:51.043,10540,10542,10540,1
2020-04-27 15:28:58.182,10540,10542,10540,1
2020-04-27 15:29:22.990,10540,10541,10540,1
2020-04-27 15:29:41.596,10539,10541,10540,1
2020-04-27 15:29:44.637,10540,10541,10540,1
2020-04-27 15:29:46.610,10540,10541,10541,1
2020-04-27 15:29:48.550,10541,10542,10541,1
2020-04-27 15:29:53.370,10540,10541,10541,1
2020-04-27 15:30:01.136,10541,10542,10542,4
2020-04-27 15:30:01.722,10541,10542,10541,1
2020-04-27 15:30:01.722,10541,10542,10540,3
2020-04-27 15:30:01.824,10540,10541,10540,5
2020-04-27 15:30:01.910,10540,10541,10541,1
2020-04-27 15:30:01.924,10540,10541,10542,1
2020-04-27 15:30:01.939,10540,10541,10542,1
2020-04-27 15:30:01.939,10540,10541,10542,2
2020-04-27 15:30:18.247,10540,10541,10540,2
2020-04-27 15:30:22.664,10540,10541,10540,2
2020-04-27 15:30:25.305,10539,10540,10540,1
2020-04-27 15:30:26.050,10540,10541,10541,1
2020-04-27 15:30:29.060,10540,10542,10542,1
2020-04-27 15:30:34.158,10540,10541,10541,1
2020-04-27 15:30:37.927,10541,10542,10542,2
2020-04-27 15:30:39.529,10541,10543,10541,1
2020-04-27 15:30:43.628,10541,10542,10541,2
2020-04-27 15:30:59.681,10540,10542,10542,1
2020-04-27 15:31:01.350,10542,10543,10543,1
2020-04-27 15:31:01.351,10542,10543,10543,1
2020-04-27 15:31:08.054,10543,10544,10543,1
2020-04-27 15:31:08.555,10542,10543,10542,1
2020-04-27 15:31:13.015,10542,10543,10543,1
2020-04-27 15:31:17.377,10542,10543,10542,1
2020-04-27 15:31:23.692,10542,10543,10542,1
2020-04-27 15:31:24.775,10542,10543,10543,1
2020-04-27 15:31:27.554,10542,10543,10542,1
2020-04-27 15:31:27.554,10542,10543,10542,1
2020-04-27 15:31:27.967,10541,10542,10542,2
2020-04-27 15:31:27.967,10541,10542,10543,3
2020-04-27 15:31:38.513,10541,10542,10541,1
2020-04-27 15:31:38.513,10541,10542,10541,4
2020-04-27 15:31:49.076,10541,10542,10542,1
2020-04-27 15:31:57.303,10542,10543,10543,3
2020-04-27 15:32:04.083,10542,10544,10544,1
2020-04-27 15:32:07.326,10542,10543,10542,1
2020-04-27 15:32:07.496,10542,10543,10542,1
2020-04-27 15:32:07.854,10542,10543,10543,1
2020-04-27 15:32:07.854,10542,10543,10543,1
2020-04-27 15:32:10.914,10543,10544,10543,1
2020-04-27 15:32:11.096,10543,10544,10543,1
2020-04-27 15:32:11.856,10543,10544,10543,1
2020-04-27 15:32:17.506,10543,10544,10544,4
2020-04-27 15:32:18.555,10543,10544,10544,2
2020-04-27 15:32:18.555,10543,10544,10544,10
2020-04-27 15:32:18.555,10543,10544,10544,4
2020-04-27 15:32:28.506,10543,10544,10544,1
2020-04-27 15:32:35.896,10543,10545,10544,1
2020-04-27 15:32:39.074,10544,10545,10545,1
2020-04-27 15:32:39.074,10544,10545,10545,8
2020-04-27 15:32:43.109,10545,10546,10545,1
2020-04-27 15:32:45.406,10545,10546,10546,2
2020-04-27 15:32:45.406,10545,10546,10546,5
2020-04-27 15:32:45.407,10545,10546,10546,1
2020-04-27 15:32:45.407,10545,10546,10546,2
2020-04-27 15:32:45.407,10545,10546,10546,3
2020-04-27 15:32:45.814,10546,10547,10547,1
2020-04-27 15:32:45.838,10545,10547,10547,1
2020-04-27 15:32:46.082,10546,10547,10547,1
2020-04-27 15:32:46.404,10546,10547,10546,1
2020-04-27 15:32:47.704,10545,10547,10547,1
2020-04-27 15:32:49.457,10546,10547,10546,2
2020-04-27 15:32:54.470,10546,10547,10547,1
2020-04-27 15:32:54.624,10546,10547,10546,1
2020-04-27 15:32:54.920,10545,10546,10546,5
2020-04-27 15:32:58.474,10545,10546,10546,1
2020-04-27 15:33:05.432,10545,10546,10546,1
2020-04-27 15:33:05.433,10545,10546,10546,2
2020-04-27 15:33:10.700,10545,10546,10546,1
2020-04-27 15:33:11.142,10545,10546,10546,1
2020-04-27 15:33:20.692,10545,10546,10546,2
2020-04-27 15:33:24.818,10545,10546,10546,5
2020-04-27 15:33:26.097,10546,10547,10547,1
2020-04-27 15:33:29.398,10546,10547,10546,1
2020-04-27 15:33:30.393,10546,10547,10546,1
2020-04-27 15:33:38.668,10545,10546,10546,1
2020-04-27 15:33:45.482,10545,10546,10546,1
2020-04-27 15:33:50.650,10545,10546,10545,1
2020-04-27 15:33:54.003,10545,10546,10546,2
2020-04-27 15:33:54.003,10545,10546,10546,3
2020-04-27 15:33:55.452,10546,10547,10546,1
2020-04-27 15:34:37.178,10545,10546,10546,1
2020-04-27 15:34:45.344,10546,10547,10547,2
2020-04-27 15:34:45.344,10546,10547,10547,2
2020-04-27 15:34:45.345,10546,10547,10547,1
2020-04-27 15:34:45.345,10546,10547,10547,1
2020-04-27 15:34:45.345,10546,10547,10547,3
2020-04-27 15:34:46.712,10547,10548,10548,1
2020-04-27 15:34:47.137,10547,10548,10548,1
2020-04-27 15:34:47.236,10547,10548,10548,4
2020-04-27 15:34:47.236,10547,10548,10548,1
2020-04-27 15:34:47.236,10547,10548,10548,1
2020-04-27 15:34:47.236,10547,10548,10548,5
2020-04-27 15:34:47.236,10547,10548,10548,14
2020-04-27 15:34:47.236,10547,10548,10548,5
2020-04-27 15:34:47.237,10547,10548,10548,3
2020-04-27 15:34:47.237,10547,10548,10548,8
2020-04-27 15:34:47.237,10547,10548,10548,3
2020-04-27 15:34:50.249,10548,10549,10548,1
2020-04-27 15:34:50.249,10548,10549,10548,1
2020-04-27 15:34:50.249,10548,10549,10548,1
2020-04-27 15:34:54.805,10548,10549,10549,1
2020-04-27 15:34:54.805,10548,10549,10549,1
2020-04-27 15:34:54.805,10548,10549,10549,3
2020-04-27 15:34:54.806,10548,10549,10549,4
2020-04-27 15:34:54.807,10548,10549,10549,4
2020-04-27 15:34:54.807,10548,10549,10549,1
2020-04-27 15:34:54.807,10548,10549,10549,1
2020-04-27 15:34:54.809,10548,10549,10549,3
2020-04-27 15:34:55.086,10549,10550,10550,1
2020-04-27 15:34:55.215,10549,10550,10550,1
2020-04-27 15:34:55.250,10549,10550,10550,1
2020-04-27 15:34:55.252,10549,10550,10550,5
2020-04-27 15:34:55.426,10549,10550,10550,2
2020-04-27 15:34:55.917,10549,10550,10550,1
2020-04-27 15:34:56.248,10549,10550,10549,1
2020-04-27 15:34:56.514,10548,10550,10550,1
2020-04-27 15:34:56.558,10548,10550,10550,1
2020-04-27 15:35:02.302,10548,10549,10549,1
2020-04-27 15:35:03.620,10548,10549,10549,1
2020-04-27 15:35:04.159,10548,10549,10549,1
2020-04-27 15:35:04.159,10548,10549,10550,8
2020-04-27 15:35:08.983,10549,10550,10549,1
2020-04-27 15:35:09.421,10549,10550,10549,1
2020-04-27 15:35:12.694,10549,10550,10549,1
2020-04-27 15:35:14.496,10549,10550,10550,1
2020-04-27 15:35:15.300,10549,10550,10550,3
2020-04-27 15:35:15.954,10549,10550,10549,1
2020-04-27 15:35:17.140,10549,10550,10549,2
2020-04-27 15:35:17.557,10549,10550,10550,1
2020-04-27 15:35:19.943,10549,10550,10550,1
2020-04-27 15:35:21.408,10549,10550,10550,3
2020-04-27 15:35:21.680,10549,10550,10549,2
2020-04-27 15:35:22.747,10548,10550,10550,2
2020-04-27 15:35:22.858,10548,10550,10550,1
2020-04-27 15:35:23.807,10548,10550,10550,2
2020-04-27 15:35:26.240,10548,10549,10548,1
2020-04-27 15:35:26.240,10548,10549,10548,2
2020-04-27 15:35:26.240,10548,10549,10548,3
2020-04-27 15:35:26.240,10548,10549,10548,9
2020-04-27 15:35:28.090,10547,10548,10548,1
2020-04-27 15:35:28.848,10547,10548,10547,3
2020-04-27 15:35:31.529,10547,10548,10548,1
2020-04-27 15:35:31.947,10547,10548,10548,1
2020-04-27 15:35:36.541,10547,10549,10548,1
2020-04-27 15:35:37.855,10548,10549,10549,1
2020-04-27 15:35:38.209,10548,10549,10548,1
2020-04-27 15:35:42.335,10548,10549,10548,1
2020-04-27 15:35:45.427,10548,10549,10548,1
2020-04-27 15:35:48.347,10548,10549,10549,1
2020-04-27 15:35:49.088,10548,10549,10549,1
2020-04-27 15:35:52.965,10548,10549,10549,1
2020-04-27 15:35:55.460,10548,10549,10548,1
2020-04-27 15:35:55.461,10548,10549,10548,4
2020-04-27 15:35:55.477,10548,10549,10548,3
2020-04-27 15:35:56.526,10547,10549,10549,1
2020-04-27 15:35:59.298,10548,10549,10549,1
2020-04-27 15:35:59.512,10548,10549,10548,1
2020-04-27 15:36:03.257,10548,10549,10548,1
2020-04-27 15:36:03.558,10547,10549,10547,1
2020-04-27 15:36:07.183,10548,10549,10548,2
2020-04-27 15:36:10.351,10548,10549,10548,1
2020-04-27 15:36:11.583,10547,10548,10547,1
2020-04-27 15:36:13.020,10547,10548,10548,1
2020-04-27 15:36:13.929,10547,10548,10548,1
2020-04-27 15:36:22.933,10547,10548,10547,1
2020-04-27 15:36:32.842,10547,10548,10548,1
2020-04-27 15:36:39.041,10547,10548,10548,4
2020-04-27 15:36:39.041,10547,10548,10548,2
2020-04-27 15:36:39.890,10548,10549,10548,1
2020-04-27 15:36:40.711,10548,10549,10548,1
2020-04-27 15:36:42.612,10547,10549,10549,2
2020-04-27 15:36:46.318,10548,10549,10548,1
2020-04-27 15:36:46.676,10547,10549,10548,1
2020-04-27 15:36:48.039,10547,10549,10549,1
2020-04-27 15:36:50.921,10547,10549,10549,1
2020-04-27 15:36:51.042,10547,10549,10549,3
2020-04-27 15:36:58.712,10548,10549,10548,1
2020-04-27 15:37:02.200,10548,10549,10549,2
2020-04-27 15:37:05.002,10548,10549,10549,1
2020-04-27 15:37:05.004,10548,10549,10549,3
2020-04-27 15:37:05.004,10548,10549,10549,1
2020-04-27 15:37:08.826,10549,10550,10550,1
2020-04-27 15:37:09.259,10549,10550,10549,1
2020-04-27 15:37:10.402,10549,10550,10549,1
2020-04-27 15:37:10.420,10549,10550,10550,1
2020-04-27 15:37:10.420,10549,10550,10550,4
2020-04-27 15:37:10.420,10549,10550,10550,3
2020-04-27 15:37:11.606,10549,10550,10549,1
2020-04-27 15:37:16.049,10549,10550,10550,1
2020-04-27 15:37:16.611,10549,10550,10550,1
2020-04-27 15:37:17.099,10550,10551,10551,1
2020-04-27 15:37:17.281,10550,10551,10551,1
2020-04-27 15:37:18.543,10550,10551,10550,1
2020-04-27 15:37:19.866,10549,10550,10550,1
2020-04-27 15:37:19.866,10549,10550,10551,2
2020-04-27 15:37:20.181,10549,10551,10551,3
2020-04-27 15:37:23.240,10550,10551,10550,1
2020-04-27 15:37:25.641,10550,10551,10551,1
2020-04-27 15:37:28.505,10550,10551,10551,1
2020-04-27 15:37:29.221,10550,10551,10551,1
2020-04-27 15:37:32.593,10550,10551,10551,2
2020-04-27 15:37:32.667,10550,10551,10551,1
2020-04-27 15:37:37.448,10550,10551,10551,1
2020-04-27 15:37:38.953,10550,10551,10551,1
2020-04-27 15:37:45.494,10550,10552,10550,1
2020-04-27 15:37:55.488,10551,10552,10551,2
2020-04-27 15:37:55.488,10551,10552,10551,1
2020-04-27 15:37:59.834,10550,10551,10551,1
2020-04-27 15:38:02.251,10550,10551,10551,3
2020-04-27 15:38:02.251,10550,10551,10551,2
2020-04-27 15:38:07.714,10550,10552,10550,1
2020-04-27 15:38:12.350,10550,10551,10551,2
2020-04-27 15:38:13.785,10551,10552,10551,1
2020-04-27 15:38:22.825,10550,10551,10551,1
2020-04-27 15:38:23.357,10550,10551,10551,1
2020-04-27 15:38:24.267,10550,10551,10550,2
2020-04-27 15:38:24.267,10550,10551,10550,2
2020-04-27 15:38:24.268,10550,10551,10550,1
2020-04-27 15:38:24.268,10550,10551,10550,8
2020-04-27 15:38:24.268,10550,10551,10550,5
2020-04-27 15:38:25.039,10549,10550,10550,1
2020-04-27 15:38:27.503,10549,10550,10550,1
2020-04-27 15:38:29.153,10549,10551,10549,1
2020-04-27 15:38:35.957,10550,10551,10550,1
2020-04-27 15:38:36.956,10550,10551,10550,1
2020-04-27 15:38:41.338,10550,10551,10550,1
2020-04-27 15:38:45.793,10550,10551,10551,3
2020-04-27 15:38:49.734,10550,10551,10550,2
2020-04-27 15:38:51.334,10550,10551,10550,1
2020-04-27 15:38:52.040,10550,10551,10550,1
2020-04-27 15:38:52.072,10550,10551,10551,3
2020-04-27 15:38:54.578,10550,10551,10550,1
2020-04-27 15:38:58.129,10550,10551,10551,3
2020-04-27 15:38:58.129,10550,10551,10552,1
2020-04-27 15:39:03.713,10550,10552,10552,4
2020-04-27 15:39:12.106,10550,10552,10552,2
2020-04-27 15:39:12.653,10551,10552,10552,1
2020-04-27 15:39:16.993,10551,10552,10551,1
2020-04-27 15:39:18.209,10551,10552,10552,6
2020-04-27 15:39:21.938,10551,10552,10552,1
2020-04-27 15:39:23.134,10551,10552,10552,1
2020-04-27 15:39:24.964,10551,10552,10551,1
2020-04-27 15:39:26.320,10551,10552,10551,3
2020-04-27 15:39:27.773,10550,10552,10552,1
2020-04-27 15:39:34.841,10550,10552,10552,1
2020-04-27 15:39:38.208,10550,10552,10552,1
2020-04-27 15:39:40.548,10550,10551,10551,3
2020-04-27 15:39:44.711,10551,10552,10552,1
2020-04-27 15:39:55.861,10551,10552,10552,1
2020-04-27 15:39:55.861,10551,10552,10552,1
2020-04-27 15:39:55.861,10551,10552,10552,2
2020-04-27 15:39:55.861,10551,10552,10552,1
2020-04-27 15:39:55.861,10551,10552,10552,1
2020-04-27 15:39:55.861,10551,10552,10552,1
2020-04-27 15:39:55.861,10551,10552,10552,5
2020-04-27 15:39:56.022,10552,10553,10552,1
2020-04-27 15:40:03.270,10551,10553,10551,1
2020-04-27 15:40:04.921,10552,10553,10552,1
2020-04-27 15:40:05.827,10552,10553,10553,1
2020-04-27 15:40:11.249,10552,10553,10553,3
2020-04-27 15:40:11.730,10552,10553,10553,1
2020-04-27 15:40:11.730,10552,10553,10553,1
2020-04-27 15:40:11.730,10552,10553,10553,1
2020-04-27 15:40:11.730,10552,10553,10553,1
2020-04-27 15:40:12.202,10553,10554,10554,1
2020-04-27 15:40:12.425,10553,10554,10554,2
2020-04-27 15:40:12.605,10553,10554,10553,1
2020-04-27 15:40:15.248,10552,10553,10553,1
2020-04-27 15:40:15.710,10552,10553,10553,1
2020-04-27 15:40:16.491,10552,10554,10553,1
2020-04-27 15:40:17.622,10553,10554,10554,1
2020-04-27 15:40:19.004,10553,10554,10553,1
2020-04-27 15:40:20.003,10553,10554,10553,1
2020-04-27 15:40:22.303,10553,10554,10554,3
2020-04-27 15:40:22.898,10553,10555,10555,1
2020-04-27 15:40:22.964,10553,10555,10555,1
2020-04-27 15:40:23.197,10553,10555,10555,1
2020-04-27 15:40:23.216,10553,10555,10555,4
2020-04-27 15:40:23.226,10553,10555,10553,1
2020-04-27 15:40:23.352,10553,10555,10555,4
2020-04-27 15:40:23.888,10553,10555,10555,1
2020-04-27 15:40:25.331,10554,10555,10554,1
2020-04-27 15:40:25.646,10554,10555,10555,1
2020-04-27 15:40:25.797,10554,10555,10555,2
2020-04-27 15:40:27.342,10554,10555,10555,1
2020-04-27 15:40:29.489,10554,10555,10554,4
2020-04-27 15:40:29.578,10553,10554,10554,1
2020-04-27 15:40:29.804,10553,10555,10555,2
2020-04-27 15:40:32.609,10554,10555,10555,1
2020-04-27 15:40:34.032,10554,10555,10555,1
2020-04-27 15:40:34.491,10554,10555,10554,1
2020-04-27 15:40:34.637,10553,10555,10555,1
2020-04-27 15:40:36.085,10554,10555,10555,1
2020-04-27 15:40:39.324,10554,10555,10555,1
2020-04-27 15:40:39.324,10554,10555,10555,2
2020-04-27 15:40:39.324,10554,10555,10555,4
2020-04-27 15:40:39.324,10554,10555,10555,2
2020-04-27 15:40:39.325,10554,10555,10555,1
2020-04-27 15:40:39.576,10555,10556,10555,1
2020-04-27 15:40:39.576,10555,10556,10554,1
2020-04-27 15:40:39.589,10555,10556,10554,1
2020-04-27 15:40:39.602,10555,10556,10554,1
2020-04-27 15:40:46.844,10555,10556,10555,2
2020-04-27 15:40:49.482,10555,10556,10556,1
2020-04-27 15:40:49.757,10555,10556,10556,1
2020-04-27 15:40:49.759,10555,10556,10556,1
2020-04-27 15:40:50.140,10555,10556,10555,5
2020-04-27 15:40:51.303,10554,10555,10555,1
2020-04-27 15:40:52.162,10554,10555,10555,4
2020-04-27 15:40:52.945,10554,10555,10555,1
2020-04-27 15:40:53.427,10554,10555,10554,1
2020-04-27 15:40:54.736,10554,10555,10555,1
2020-04-27 15:40:54.737,10554,10555,10555,3
2020-04-27 15:40:54.897,10554,10555,10555,1
2020-04-27 15:40:56.478,10554,10555,10555,1
2020-04-27 15:40:58.598,10554,10555,10555,1
2020-04-27 15:40:58.920,10554,10555,10555,3
2020-04-27 15:40:59.126,10554,10555,10555,1
2020-04-27 15:41:02.283,10554,10555,10554,1
2020-04-27 15:41:02.404,10554,10555,10554,2
2020-04-27 15:41:02.404,10554,10555,10554,5
2020-04-27 15:41:04.282,10553,10554,10554,1
2020-04-27 15:41:06.670,10553,10555,10555,2
2020-04-27 15:41:08.900,10553,10555,10555,5
2020-04-27 15:41:09.972,10554,10555,10555,4
2020-04-27 15:41:15.822,10554,10555,10555,1
2020-04-27 15:41:18.366,10554,10555,10555,2
2020-04-27 15:41:30.455,10554,10555,10554,3
2020-04-27 15:41:31.176,10554,10555,10554,1
2020-04-27 15:41:32.075,10553,10554,10554,1
2020-04-27 15:41:33.310,10553,10554,10554,1
2020-04-27 15:41:33.434,10553,10554,10554,1
2020-04-27 15:41:33.782,10553,10554,10553,8
2020-04-27 15:41:35.126,10552,10554,10554,1
2020-04-27 15:41:35.987,10552,10554,10552,1
2020-04-27 15:41:39.949,10552,10553,10552,1
2020-04-27 15:41:49.516,10553,10554,10553,5
2020-04-27 15:41:50.910,10552,10554,10552,1
2020-04-27 15:41:51.902,10552,10554,10552,1
2020-04-27 15:41:52.949,10552,10553,10552,1
2020-04-27 15:41:53.686,10552,10553,10552,2
2020-04-27 15:41:55.559,10552,10553,10553,2
2020-04-27 15:41:55.560,10552,10553,10553,1
2020-04-27 15:41:58.327,10553,10554,10554,1
2020-04-27 15:41:58.327,10553,10554,10554,1
2020-04-27 15:42:02.357,10554,10555,10554,1
2020-04-27 15:42:02.763,10553,10555,10555,1
2020-04-27 15:42:02.764,10553,10555,10555,1
2020-04-27 15:42:02.832,10554,10555,10555,2
2020-04-27 15:42:04.758,10554,10555,10554,3
2020-04-27 15:42:13.124,10554,10555,10555,1
2020-04-27 15:42:13.518,10554,10555,10555,1
2020-04-27 15:42:13.524,10554,10555,10555,1
2020-04-27 15:42:28.384,10554,10555,10555,2
2020-04-27 15:42:31.696,10554,10555,10555,2
2020-04-27 15:42:32.360,10554,10555,10554,1
2020-04-27 15:42:35.897,10554,10555,10555,1
2020-04-27 15:42:35.935,10554,10555,10554,1
2020-04-27 15:42:36.283,10554,10555,10554,2
2020-04-27 15:42:38.586,10554,10555,10555,2
2020-04-27 15:42:45.563,10555,10556,10555,1
2020-04-27 15:42:45.563,10555,10556,10555,4
2020-04-27 15:43:01.773,10554,10555,10554,5
2020-04-27 15:43:01.798,10554,10555,10554,1
2020-04-27 15:43:01.799,10554,10555,10554,1
2020-04-27 15:43:01.816,10553,10555,10554,2
2020-04-27 15:43:04.732,10553,10554,10553,4
2020-04-27 15:43:05.505,10552,10554,10554,9
2020-04-27 15:43:13.360,10552,10553,10552,11
2020-04-27 15:43:14.069,10551,10553,10552,1
2020-04-27 15:43:14.208,10551,10553,10553,2
2020-04-27 15:43:15.097,10552,10553,10552,1
2020-04-27 15:43:19.198,10552,10553,10553,1
2020-04-27 15:43:19.792,10552,10553,10552,1
2020-04-27 15:43:31.206,10552,10554,10552,1
2020-04-27 15:43:36.890,10552,10553,10552,2
2020-04-27 15:43:47.694,10552,10553,10552,1
2020-04-27 15:43:50.321,10552,10553,10552,3
2020-04-27 15:43:56.717,10552,10553,10552,3
2020-04-27 15:43:58.955,10551,10553,10551,1
2020-04-27 15:43:59.201,10551,10553,10551,1
2020-04-27 15:44:00.001,10552,10553,10552,1
2020-04-27 15:44:00.624,10551,10553,10551,1
2020-04-27 15:44:02.486,10551,10552,10552,1
2020-04-27 15:44:03.233,10552,10553,10552,1
2020-04-27 15:44:03.545,10552,10553,10552,1
2020-04-27 15:44:06.022,10552,10553,10552,1
2020-04-27 15:44:14.620,10552,10553,10552,1
2020-04-27 15:44:15.214,10551,10552,10552,2
2020-04-27 15:44:16.187,10552,10553,10552,2
2020-04-27 15:44:16.187,10552,10553,10551,1
2020-04-27 15:44:19.495,10551,10552,10551,15
2020-04-27 15:44:22.694,10551,10552,10551,2
2020-04-27 15:44:27.215,10551,10552,10551,2
2020-04-27 15:44:29.223,10551,10552,10551,1
2020-04-27 15:44:30.705,10551,10552,10552,1
2020-04-27 15:44:31.923,10552,10553,10552,1
2020-04-27 15:44:31.923,10552,10553,10551,2
2020-04-27 15:44:32.995,10551,10553,10551,1
2020-04-27 15:44:35.572,10552,10553,10552,3
2020-04-27 15:44:35.573,10552,10553,10552,2
2020-04-27 15:44:35.640,10552,10553,10552,1
2020-04-27 15:44:40.516,10552,10553,10552,1
2020-04-27 15:44:46.110,10551,10552,10551,3
2020-04-27 15:44:48.323,10551,10553,10552,1
2020-04-27 15:44:53.200,10551,10553,10551,2
2020-04-27 15:44:54.727,10551,10553,10553,5
2020-04-27 15:44:55.013,10552,10553,10553,1
2020-04-27 15:45:00.666,10552,10553,10552,1
2020-04-27 15:45:01.729,10552,10553,10553,1
2020-04-27 15:45:01.788,10552,10553,10553,1
2020-04-27 15:45:02.510,10552,10554,10554,3
2020-04-27 15:45:09.945,10552,10553,10553,1
2020-04-27 15:45:09.946,10552,10553,10553,1
2020-04-27 15:45:10.603,10553,10554,10552,1
2020-04-27 15:45:13.977,10553,10554,10553,1
2020-04-27 15:45:18.110,10553,10554,10553,1
2020-04-27 15:45:18.262,10553,10554,10554,1
2020-04-27 15:45:20.356,10553,10554,10553,2
2020-04-27 15:45:23.854,10552,10553,10553,11
2020-04-27 15:45:26.404,10553,10554,10553,1
2020-04-27 15:45:39.971,10553,10554,10554,2
2020-04-27 15:45:39.971,10553,10554,10554,1
2020-04-27 15:45:42.064,10553,10555,10554,1
2020-04-27 15:45:49.131,10554,10555,10554,1
2020-04-27 15:45:55.407,10553,10555,10555,1
2020-04-27 15:46:00.629,10554,10555,10555,19
2020-04-27 15:46:00.629,10554,10555,10555,2
2020-04-27 15:46:00.822,10555,10556,10556,1
2020-04-27 15:46:01.103,10555,10556,10556,1
2020-04-27 15:46:01.369,10555,10556,10556,2
2020-04-27 15:46:01.450,10555,10556,10556,1
2020-04-27 15:46:01.450,10555,10556,10556,1
2020-04-27 15:46:01.455,10555,10556,10556,1
2020-04-27 15:46:01.455,10555,10556,10556,1
2020-04-27 15:46:01.456,10555,10556,10556,1
2020-04-27 15:46:01.456,10555,10556,10556,1
2020-04-27 15:46:01.456,10555,10556,10556,5
2020-04-27 15:46:01.459,10555,10556,10557,1
2020-04-27 15:46:01.461,10555,10556,10557,1
2020-04-27 15:46:01.462,10555,10556,10557,1
2020-04-27 15:46:01.463,10555,10556,10557,1
2020-04-27 15:46:01.465,10555,10556,10557,3
2020-04-27 15:46:01.477,10555,10556,10557,1
2020-04-27 15:46:02.247,10556,10557,10557,1
2020-04-27 15:46:02.621,10556,10557,10556,2
2020-04-27 15:46:03.469,10556,10557,10557,1
2020-04-27 15:46:05.397,10556,10557,10557,1
2020-04-27 15:46:06.553,10556,10557,10557,1
2020-04-27 15:46:09.055,10556,10557,10557,1
2020-04-27 15:46:11.345,10556,10557,10557,1
2020-04-27 15:46:13.928,10556,10557,10556,1
2020-04-27 15:46:13.928,10556,10557,10556,1
2020-04-27 15:46:17.801,10556,10557,10557,1
2020-04-27 15:46:21.960,10556,10557,10557,1
2020-04-27 15:46:23.537,10556,10557,10557,1
2020-04-27 15:46:24.525,10556,10557,10556,1
2020-04-27 15:46:26.865,10556,10557,10557,1
2020-04-27 15:46:29.323,10556,10557,10557,2
2020-04-27 15:46:35.700,10556,10557,10557,1
2020-04-27 15:46:40.967,10556,10557,10557,3
2020-04-27 15:46:48.181,10556,10557,10557,1
2020-04-27 15:46:51.907,10556,10557,10557,1
2020-04-27 15:46:52.567,10556,10557,10557,1
2020-04-27 15:46:55.496,10556,10557,10557,1
2020-04-27 15:46:55.758,10556,10557,10556,3
2020-04-27 15:46:58.747,10556,10557,10557,1
2020-04-27 15:46:59.896,10556,10557,10556,3
2020-04-27 15:46:59.943,10556,10557,10557,1
2020-04-27 15:47:01.116,10556,10557,10557,1
2020-04-27 15:47:01.229,10556,10557,10557,1
2020-04-27 15:47:04.652,10556,10557,10557,3
2020-04-27 15:47:04.655,10556,10557,10557,3
2020-04-27 15:47:04.896,10556,10558,10558,1
2020-04-27 15:47:04.987,10556,10558,10558,1
2020-04-27 15:47:06.139,10556,10558,10556,1
2020-04-27 15:47:06.600,10556,10557,10557,1
2020-04-27 15:47:07.600,10557,10558,10558,3
2020-04-27 15:47:11.370,10557,10558,10557,1
2020-04-27 15:47:12.007,10557,10558,10558,1
2020-04-27 15:47:14.224,10557,10558,10558,1
2020-04-27 15:47:15.033,10557,10558,10558,3
2020-04-27 15:47:15.448,10557,10558,10558,2
2020-04-27 15:47:15.448,10557,10558,10558,6
2020-04-27 15:47:15.448,10557,10558,10558,1
2020-04-27 15:47:15.448,10557,10558,10558,2
2020-04-27 15:47:18.902,10558,10559,10558,1
2020-04-27 15:47:19.496,10558,10559,10559,3
2020-04-27 15:47:19.496,10558,10559,10559,3
2020-04-27 15:47:19.496,10558,10559,10559,4
2020-04-27 15:47:20.697,10559,10560,10559,2
2020-04-27 15:47:28.013,10558,10559,10558,1
2020-04-27 15:47:28.335,10558,10559,10559,1
2020-04-27 15:47:28.362,10558,10559,10559,1
2020-04-27 15:47:29.395,10558,10560,10560,1
2020-04-27 15:47:29.665,10558,10560,10560,1
2020-04-27 15:47:29.853,10558,10560,10560,1
2020-04-27 15:47:30.337,10558,10560,10560,2
2020-04-27 15:47:32.312,10558,10560,10559,1
2020-04-27 15:47:32.394,10558,10559,10560,1
2020-04-27 15:47:33.816,10559,10560,10559,1
2020-04-27 15:47:33.827,10559,10560,10560,1
2020-04-27 15:47:33.994,10559,10560,10559,3
2020-04-27 15:47:37.314,10559,10560,10560,3
2020-04-27 15:47:39.184,10559,10560,10560,1
2020-04-27 15:47:39.782,10559,10560,10559,1
2020-04-27 15:47:42.259,10559,10560,10559,1
2020-04-27 15:47:43.443,10559,10560,10559,1
2020-04-27 15:47:43.721,10559,10560,10559,3
2020-04-27 15:47:44.943,10558,10560,10560,5
2020-04-27 15:47:48.661,10559,10560,10559,3
2020-04-27 15:47:49.672,10559,10560,10560,1
2020-04-27 15:47:50.470,10559,10560,10559,1
2020-04-27 15:47:50.508,10559,10560,10559,1
2020-04-27 15:47:51.760,10559,10560,10559,1
2020-04-27 15:47:52.897,10559,10560,10560,1
2020-04-27 15:47:58.836,10559,10560,10559,1
2020-04-27 15:47:58.850,10559,10560,10560,1
2020-04-27 15:47:59.974,10559,10560,10560,1
2020-04-27 15:48:01.465,10559,10560,10559,1
2020-04-27 15:48:01.602,10558,10559,10559,1
2020-04-27 15:48:01.673,10558,10559,10558,1
2020-04-27 15:48:04.099,10558,10559,10558,1
2020-04-27 15:48:04.673,10558,10559,10559,2
2020-04-27 15:48:07.072,10558,10559,10558,1
2020-04-27 15:48:07.073,10558,10559,10558,2
2020-04-27 15:48:07.073,10558,10559,10558,9
2020-04-27 15:48:08.129,10557,10558,10558,3
2020-04-27 15:48:09.751,10557,10558,10557,1
2020-04-27 15:48:16.507,10557,10558,10558,1
2020-04-27 15:48:17.054,10557,10558,10558,2
2020-04-27 15:48:17.975,10557,10559,10559,1
2020-04-27 15:48:18.180,10557,10559,10559,1
2020-04-27 15:48:18.464,10557,10559,10557,1
2020-04-27 15:48:20.767,10558,10559,10559,1
2020-04-27 15:48:20.904,10558,10559,10559,1
2020-04-27 15:48:23.724,10558,10559,10559,1
2020-04-27 15:48:29.166,10558,10559,10558,1
2020-04-27 15:48:39.526,10558,10559,10559,1
2020-04-27 15:48:47.328,10558,10559,10559,1
2020-04-27 15:48:47.328,10558,10559,10559,1
2020-04-27 15:48:47.328,10558,10559,10559,2
2020-04-27 15:48:48.118,10559,10560,10559,1
2020-04-27 15:48:50.267,10559,10560,10559,1
2020-04-27 15:48:50.544,10559,10560,10559,1
2020-04-27 15:48:55.795,10559,10560,10559,1
2020-04-27 15:48:55.838,10559,10560,10559,1
2020-04-27 15:48:59.249,10559,10560,10559,1
2020-04-27 15:49:03.646,10558,10559,10559,1
2020-04-27 15:49:08.396,10559,10560,10559,1
2020-04-27 15:49:08.770,10559,10560,10559,1
2020-04-27 15:49:12.425,10558,10559,10559,1
2020-04-27 15:49:14.630,10559,10560,10559,1
2020-04-27 15:49:16.607,10558,10559,10559,1
2020-04-27 15:49:17.352,10558,10559,10559,1
2020-04-27 15:49:23.656,10558,10559,10559,1
2020-04-27 15:49:25.850,10558,10559,10558,4
2020-04-27 15:49:28.434,10558,10559,10559,1
2020-04-27 15:49:28.435,10558,10559,10559,1
2020-04-27 15:49:28.444,10558,10559,10559,1
2020-04-27 15:49:28.451,10558,10559,10560,1
2020-04-27 15:49:29.287,10558,10559,10559,2
2020-04-27 15:49:29.311,10558,10559,10559,1
2020-04-27 15:49:29.311,10558,10559,10560,1
2020-04-27 15:49:31.696,10559,10560,10559,1
2020-04-27 15:49:33.688,10558,10559,10559,1
2020-04-27 15:49:36.364,10558,10559,10559,1
2020-04-27 15:49:38.776,10558,10559,10559,1
2020-04-27 15:49:41.141,10558,10559,10559,1
2020-04-27 15:49:42.857,10558,10559,10559,1
2020-04-27 15:49:46.553,10558,10559,10559,1
2020-04-27 15:49:46.569,10558,10559,10559,1
2020-04-27 15:49:47.172,10558,10559,10559,1
2020-04-27 15:49:54.681,10559,10560,10559,1
2020-04-27 15:49:57.096,10559,10560,10560,9
2020-04-27 15:49:57.577,10559,10560,10560,1
2020-04-27 15:49:57.577,10559,10560,10560,1
2020-04-27 15:49:57.577,10559,10560,10560,2
2020-04-27 15:49:57.577,10559,10560,10560,1
2020-04-27 15:49:57.577,10559,10560,10560,4
2020-04-27 15:49:57.577,10559,10560,10560,2
2020-04-27 15:49:57.577,10559,10560,10560,5
2020-04-27 15:49:58.933,10560,10561,10561,7
2020-04-27 15:49:58.934,10560,10561,10561,3
2020-04-27 15:49:58.984,10560,10562,10562,5
2020-04-27 15:49:59.017,10560,10562,10562,1
2020-04-27 15:49:59.102,10561,10562,10562,3
2020-04-27 15:49:59.490,10561,10562,10562,2
2020-04-27 15:49:59.507,10561,10562,10562,2
2020-04-27 15:50:00.159,10561,10562,10561,1
2020-04-27 15:50:00.435,10561,10563,10563,2
2020-04-27 15:50:00.665,10561,10563,10562,2
2020-04-27 15:50:00.666,10561,10563,10562,1
2020-04-27 15:50:01.487,10562,10563,10563,3
2020-04-27 15:50:01.488,10562,10563,10563,2
2020-04-27 15:50:02.356,10562,10563,10562,1
2020-04-27 15:50:02.456,10561,10562,10562,2
2020-04-27 15:50:02.456,10561,10562,10563,8
2020-04-27 15:50:03.804,10560,10562,10562,8
2020-04-27 15:50:05.449,10562,10563,10562,1
2020-04-27 15:50:10.702,10561,10562,10562,1
2020-04-27 15:50:11.460,10561,10562,10562,1
2020-04-27 15:50:12.363,10562,10563,10562,1
2020-04-27 15:50:12.617,10562,10563,10562,1
2020-04-27 15:50:17.177,10562,10563,10563,1
2020-04-27 15:50:17.591,10562,10563,10562,1
2020-04-27 15:50:21.659,10562,10563,10563,1
2020-04-27 15:50:21.912,10562,10563,10562,8
2020-04-27 15:50:22.167,10561,10562,10562,1
2020-04-27 15:50:22.870,10561,10562,10562,2
2020-04-27 15:50:24.760,10561,10563,10561,1
2020-04-27 15:50:25.798,10561,10563,10563,2
2020-04-27 15:50:26.808,10562,10563,10562,1
2020-04-27 15:50:27.403,10561,10563,10561,1
2020-04-27 15:50:27.962,10561,10562,10561,2
2020-04-27 15:50:31.328,10561,10562,10561,1
2020-04-27 15:50:32.185,10560,10561,10561,1
2020-04-27 15:50:32.525,10560,10561,10560,1
2020-04-27 15:50:33.633,10561,10562,10562,2
2020-04-27 15:50:34.155,10561,10562,10561,1
2020-04-27 15:50:35.623,10560,10561,10560,3
2020-04-27 15:50:35.802,10560,10561,10560,1
2020-04-27 15:50:36.239,10560,10561,10560,10
2020-04-27 15:50:36.362,10559,10561,10561,1
2020-04-27 15:50:38.162,10559,10560,10560,3
2020-04-27 15:50:38.162,10559,10560,10561,2
2020-04-27 15:50:44.557,10559,10560,10559,4
2020-04-27 15:50:45.204,10558,10560,10559,1
2020-04-27 15:50:46.968,10559,10560,10559,1
2020-04-27 15:50:46.968,10559,10560,10558,1
2020-04-27 15:50:47.590,10558,10560,10558,1
2020-04-27 15:50:49.724,10559,10560,10560,2
2020-04-27 15:50:52.474,10559,10560,10560,1
2020-04-27 15:50:53.313,10560,10561,10560,1
2020-04-27 15:50:58.985,10559,10560,10559,1
2020-04-27 15:51:00.904,10558,10560,10560,1
2020-04-27 15:51:05.424,10558,10559,10559,1
2020-04-27 15:51:05.765,10559,10560,10559,1
2020-04-27 15:51:06.551,10559,10560,10560,1
2020-04-27 15:51:12.813,10559,10560,10560,1
2020-04-27 15:51:15.180,10560,10561,10560,1
2020-04-27 15:51:20.060,10560,10561,10561,1
2020-04-27 15:51:25.221,10560,10562,10562,1
2020-04-27 15:51:30.360,10561,10562,10562,1
2020-04-27 15:51:33.643,10561,10562,10562,1
2020-04-27 15:51:37.095,10561,10562,10562,1
2020-04-27 15:51:38.435,10561,10562,10562,2
2020-04-27 15:51:39.451,10561,10562,10562,2
2020-04-27 15:51:40.081,10562,10563,10562,1
2020-04-27 15:51:41.694,10561,10562,10561,1
2020-04-27 15:51:42.230,10560,10562,10562,1
2020-04-27 15:51:43.860,10561,10562,10561,4
2020-04-27 15:51:44.126,10560,10561,10561,2
2020-04-27 15:51:44.327,10560,10561,10560,9
2020-04-27 15:51:45.476,10559,10560,10560,2
2020-04-27 15:51:46.845,10559,10560,10559,4
2020-04-27 15:51:47.341,10558,10560,10560,3
2020-04-27 15:51:47.532,10559,10560,10559,1
2020-04-27 15:51:49.650,10558,10559,10559,2
2020-04-27 15:51:52.073,10560,10561,10560,1
2020-04-27 15:51:58.212,10560,10561,10560,1
2020-04-27 15:52:15.889,10560,10561,10561,1
2020-04-27 15:52:18.813,10560,10561,10561,1
2020-04-27 15:52:20.284,10560,10561,10561,4
2020-04-27 15:52:20.284,10560,10561,10561,1
2020-04-27 15:52:21.326,10560,10561,10561,2
2020-04-27 15:52:21.427,10560,10561,10562,1
2020-04-27 15:52:25.025,10560,10561,10561,1
2020-04-27 15:52:32.531,10561,10562,10561,1
2020-04-27 15:52:34.207,10561,10562,10561,1
2020-04-27 15:52:36.483,10561,10562,10561,1
2020-04-27 15:52:44.117,10561,10562,10561,1
2020-04-27 15:52:44.117,10561,10562,10561,1
2020-04-27 15:52:50.129,10560,10561,10560,10
2020-04-27 15:52:53.335,10559,10560,10559,1
2020-04-27 15:52:56.018,10559,10560,10560,1
2020-04-27 15:53:02.211,10559,10560,10560,1
2020-04-27 15:53:03.572,10559,10560,10560,1
2020-04-27 15:53:14.835,10559,10560,10560,1
2020-04-27 15:53:15.685,10559,10560,10559,1
2020-04-27 15:53:15.685,10559,10560,10559,6
2020-04-27 15:53:16.189,10558,10559,10558,7
2020-04-27 15:53:16.197,10557,10559,10557,1
2020-04-27 15:53:17.457,10557,10559,10559,2
2020-04-27 15:53:21.898,10557,10558,10557,24
2020-04-27 15:53:22.021,10556,10557,10556,1
2020-04-27 15:53:22.021,10556,10557,10556,5
2020-04-27 15:53:22.021,10556,10557,10556,2
2020-04-27 15:53:22.021,10556,10557,10556,1
2020-04-27 15:53:22.123,10555,10557,10555,2
2020-04-27 15:53:23.247,10555,10557,10555,1
2020-04-27 15:53:24.378,10555,10556,10556,1
2020-04-27 15:53:31.842,10557,10558,10557,1
2020-04-27 15:53:35.352,10557,10559,10559,2
2020-04-27 15:53:41.160,10558,10559,10559,1
2020-04-27 15:53:56.730,10558,10559,10559,1
2020-04-27 15:53:59.613,10558,10559,10558,1
2020-04-27 15:54:02.933,10558,10559,10558,1
2020-04-27 15:54:08.719,10558,10559,10558,1
2020-04-27 15:54:09.901,10557,10558,10558,1
2020-04-27 15:54:15.605,10557,10558,10558,3
2020-04-27 15:54:19.253,10557,10558,10558,2
2020-04-27 15:54:21.798,10557,10558,10558,1
2020-04-27 15:54:22.608,10557,10558,10557,1
2020-04-27 15:54:23.381,10557,10558,10557,1
2020-04-27 15:54:24.313,10557,10558,10557,1
2020-04-27 15:54:24.620,10557,10558,10557,1
2020-04-27 15:54:24.620,10557,10558,10557,1
2020-04-27 15:54:24.620,10557,10558,10557,3
2020-04-27 15:54:30.170,10555,10556,10556,1
2020-04-27 15:54:36.123,10555,10556,10555,5
2020-04-27 15:54:36.123,10555,10556,10555,2
2020-04-27 15:54:36.123,10555,10556,10555,1
2020-04-27 15:54:36.123,10555,10556,10555,1
2020-04-27 15:54:36.123,10555,10556,10555,5
2020-04-27 15:54:36.123,10555,10556,10555,1
2020-04-27 15:54:36.123,10555,10556,10555,3
2020-04-27 15:54:36.181,10555,10556,10554,1
2020-04-27 15:54:36.195,10554,10555,10554,2
2020-04-27 15:54:36.424,10554,10555,10555,4
2020-04-27 15:54:36.978,10554,10555,10555,1
2020-04-27 15:54:38.109,10554,10555,10555,1
2020-04-27 15:54:38.536,10554,10555,10554,4
2020-04-27 15:54:39.373,10554,10556,10554,1
2020-04-27 15:54:43.026,10554,10555,10554,1
2020-04-27 15:54:43.583,10554,10555,10555,1
2020-04-27 15:54:46.458,10554,10555,10555,1
2020-04-27 15:54:47.006,10554,10555,10555,1
2020-04-27 15:54:58.012,10554,10555,10554,1
2020-04-27 15:55:02.319,10554,10555,10554,4
2020-04-27 15:55:04.019,10554,10555,10554,1
2020-04-27 15:55:04.634,10554,10555,10554,1
2020-04-27 15:55:10.799,10554,10555,10554,2
2020-04-27 15:55:12.062,10553,10554,10554,4
2020-04-27 15:55:14.258,10554,10555,10554,2
2020-04-27 15:55:14.341,10553,10554,10554,1
2020-04-27 15:55:16.895,10553,10555,10554,3
2020-04-27 15:55:17.005,10553,10555,10553,1
2020-04-27 15:55:19.718,10553,10555,10553,1
2020-04-27 15:55:20.342,10553,10555,10553,1
2020-04-27 15:55:26.278,10553,10555,10553,1
2020-04-27 15:55:29.252,10553,10554,10554,1
2020-04-27 15:55:47.920,10554,10555,10554,2
2020-04-27 15:55:48.223,10554,10555,10555,2
2020-04-27 15:55:58.584,10554,10555,10555,3
2020-04-27 15:56:04.526,10555,10556,10555,1
2020-04-27 15:56:07.586,10555,10556,10556,1
2020-04-27 15:56:07.586,10555,10556,10556,3
2020-04-27 15:56:07.586,10555,10556,10556,2
2020-04-27 15:56:08.700,10556,10557,10556,1
2020-04-27 15:56:19.686,10555,10556,10556,1
2020-04-27 15:56:25.282,10555,10556,10556,1
2020-04-27 15:56:40.032,10555,10556,10555,4
2020-04-27 15:56:40.032,10555,10556,10555,1
2020-04-27 15:56:41.005,10554,10555,10555,2
2020-04-27 15:56:41.715,10554,10555,10555,1
2020-04-27 15:56:46.385,10554,10555,10555,1
2020-04-27 15:56:51.431,10554,10555,10554,1
2020-04-27 15:56:56.161,10554,10555,10554,1
2020-04-27 15:56:56.930,10554,10555,10554,1
2020-04-27 15:56:57.497,10554,10555,10555,1
2020-04-27 15:56:57.498,10554,10555,10555,1
2020-04-27 15:56:58.807,10554,10556,10554,1
2020-04-27 15:57:02.449,10554,10555,10554,3
2020-04-27 15:57:03.758,10554,10555,10555,1
2020-04-27 15:57:14.929,10555,10556,10555,1
2020-04-27 15:57:19.962,10555,10556,10555,1
2020-04-27 15:57:29.721,10555,10556,10555,1
2020-04-27 15:57:30.626,10555,10556,10556,1
2020-04-27 15:57:30.626,10555,10556,10556,1
2020-04-27 15:57:30.626,10555,10556,10556,1
2020-04-27 15:57:31.989,10555,10557,10555,1
2020-04-27 15:57:32.411,10555,10557,10557,1
2020-04-27 15:57:51.023,10555,10556,10555,4
2020-04-27 15:57:55.779,10555,10556,10555,1
2020-04-27 15:58:03.526,10555,10556,10555,1
2020-04-27 15:58:10.965,10554,10555,10555,1
2020-04-27 15:58:49.094,10555,10556,10556,1
2020-04-27 15:58:51.477,10555,10556,10555,1
2020-04-27 15:58:56.604,10554,10556,10556,1
2020-04-27 15:59:01.118,10555,10556,10555,2
2020-04-27 15:59:05.571,10554,10555,10554,1
2020-04-27 15:59:08.760,10554,10555,10555,3
2020-04-27 15:59:12.834,10554,10556,10554,1
2020-04-27 15:59:23.094,10555,10556,10556,1
2020-04-27 15:59:23.774,10555,10556,10556,1
2020-04-27 15:59:23.774,10555,10556,10556,1
2020-04-27 15:59:29.078,10556,10557,10557,1
2020-04-27 15:59:29.245,10556,10557,10556,1
2020-04-27 15:59:32.229,10555,10556,10556,1
2020-04-27 15:59:33.857,10556,10557,10556,1
2020-04-27 15:59:38.161,10555,10556,10555,6
2020-04-27 15:59:38.161,10555,10556,10555,1
2020-04-27 15:59:38.161,10555,10556,10555,1
2020-04-27 15:59:38.161,10555,10556,10555,1
2020-04-27 15:59:38.161,10555,10556,10555,1
2020-04-27 15:59:40.842,10555,10556,10556,1
2020-04-27 15:59:41.384,10555,10556,10556,1
2020-04-27 15:59:42.726,10556,10557,10556,1
2020-04-27 15:59:53.694,10556,10557,10557,2
2020-04-27 15:59:53.694,10556,10557,10557,2
2020-04-27 16:00:00.125,10556,10558,10557,1
2020-04-27 16:00:00.513,10556,10558,10558,1
2020-04-27 16:00:00.575,10556,10558,10558,1
2020-04-27 16:00:01.004,10556,10558,10558,2
2020-04-27 16:00:02.244,10556,10558,10558,1
2020-04-27 16:00:05.769,10556,10557,10556,2
2020-04-27 16:00:05.769,10556,10557,10556,5
2020-04-27 16:00:05.769,10556,10557,10556,3
2020-04-27 16:00:05.816,10555,10556,10555,2
2020-04-27 16:00:05.841,10555,10556,10555,2
2020-04-27 16:00:05.841,10555,10556,10555,1
2020-04-27 16:00:06.389,10554,10556,10556,1
2020-04-27 16:00:08.694,10554,10555,10554,1
2020-04-27 16:00:08.694,10554,10555,10554,1
2020-04-27 16:00:08.694,10554,10555,10554,3
2020-04-27 16:00:11.140,10554,10555,10554,1
2020-04-27 16:00:12.902,10553,10555,10553,1
2020-04-27 16:00:15.410,10553,10555,10555,10
2020-04-27 16:00:19.257,10554,10555,10555,1
2020-04-27 16:00:22.437,10555,10556,10556,1
2020-04-27 16:00:25.613,10555,10557,10555,1
2020-04-27 16:00:29.081,10555,10556,10556,1
2020-04-27 16:00:30.375,10555,10556,10556,2
2020-04-27 16:00:30.376,10555,10556,10556,1
2020-04-27 16:00:36.881,10556,10557,10557,1
2020-04-27 16:00:57.941,10555,10556,10555,1
2020-04-27 16:01:01.170,10555,10556,10555,1
2020-04-27 16:01:17.808,10554,10555,10554,2
2020-04-27 16:01:20.786,10553,10554,10553,14
2020-04-27 16:01:22.329,10552,10554,10554,1
2020-04-27 16:01:35.331,10552,10553,10552,1
2020-04-27 16:01:35.331,10552,10553,10552,6
2020-04-27 16:01:35.331,10552,10553,10552,1
2020-04-27 16:01:35.331,10552,10553,10552,3
2020-04-27 16:01:35.331,10552,10553,10552,1
2020-04-27 16:01:35.629,10551,10553,10551,1
2020-04-27 16:01:35.753,10551,10553,10551,1
2020-04-27 16:01:39.529,10551,10552,10552,1
2020-04-27 16:01:42.343,10551,10553,10553,1
2020-04-27 16:01:45.734,10552,10553,10552,1
2020-04-27 16:01:45.923,10551,10552,10551,1
2020-04-27 16:01:46.115,10551,10552,10552,1
2020-04-27 16:01:49.659,10551,10552,10552,1
2020-04-27 16:01:52.399,10552,10553,10552,1
2020-04-27 16:01:54.360,10552,10553,10552,1
2020-04-27 16:01:54.765,10551,10552,10552,1
2020-04-27 16:01:55.419,10551,10552,10551,2
2020-04-27 16:01:58.082,10551,10552,10551,1
2020-04-27 16:02:11.969,10551,10552,10551,1
2020-04-27 16:02:13.631,10551,10552,10551,1
2020-04-27 16:02:14.969,10551,10552,10551,1
2020-04-27 16:02:14.969,10551,10552,10551,1
2020-04-27 16:02:14.969,10551,10552,10551,1
2020-04-27 16:02:14.970,10551,10552,10551,1
2020-04-27 16:02:14.970,10551,10552,10551,3
2020-04-27 16:02:14.970,10551,10552,10551,7
2020-04-27 16:02:14.970,10551,10552,10551,16
2020-04-27 16:02:14.970,10551,10552,10551,1
2020-04-27 16:02:15.066,10550,10551,10550,2
2020-04-27 16:02:15.091,10550,10551,10550,2
2020-04-27 16:02:15.117,10550,10551,10550,2
2020-04-27 16:02:15.167,10550,10551,10551,2
2020-04-27 16:02:15.191,10550,10551,10551,2
2020-04-27 16:02:15.197,10550,10551,10550,1
2020-04-27 16:02:15.216,10550,10551,10551,2
2020-04-27 16:02:15.404,10550,10551,10550,1
2020-04-27 16:02:18.300,10550,10551,10550,1
2020-04-27 16:02:18.555,10550,10551,10550,1
2020-04-27 16:02:19.175,10550,10551,10551,2
2020-04-27 16:02:19.175,10550,10551,10552,2
2020-04-27 16:02:20.990,10550,10551,10551,1
2020-04-27 16:02:21.086,10550,10551,10550,6
2020-04-27 16:02:22.986,10550,10551,10550,1
2020-04-27 16:02:24.194,10550,10551,10550,1
2020-04-27 16:02:28.183,10550,10551,10550,10
2020-04-27 16:02:28.469,10550,10551,10550,1
2020-04-27 16:02:29.915,10550,10551,10551,1
2020-04-27 16:02:30.341,10550,10551,10550,1
2020-04-27 16:02:47.784,10550,10551,10551,1
2020-04-27 16:02:47.789,10550,10551,10550,1
2020-04-27 16:02:48.369,10550,10551,10550,2
2020-04-27 16:02:51.622,10550,10551,10550,1
2020-04-27 16:02:52.401,10550,10551,10550,1
2020-04-27 16:02:53.899,10550,10551,10550,1
2020-04-27 16:02:57.123,10550,10551,10550,1
2020-04-27 16:02:58.331,10550,10551,10550,3
2020-04-27 16:02:58.623,10550,10551,10550,1
2020-04-27 16:03:00.106,10550,10551,10551,1
2020-04-27 16:03:00.504,10550,10551,10550,1
2020-04-27 16:03:00.510,10550,10551,10550,1
2020-04-27 16:03:02.264,10550,10551,10550,1
2020-04-27 16:03:02.360,10550,10551,10550,3
2020-04-27 16:03:03.240,10549,10551,10549,2
2020-04-27 16:03:03.254,10549,10551,10549,7
2020-04-27 16:03:03.261,10549,10551,10549,1
2020-04-27 16:03:03.265,10549,10551,10549,1
2020-04-27 16:03:03.782,10549,10551,10549,1
2020-04-27 16:03:03.916,10549,10551,10549,1
2020-04-27 16:03:04.565,10549,10550,10550,1
2020-04-27 16:03:05.469,10549,10550,10550,2
2020-04-27 16:03:08.500,10550,10551,10550,4
2020-04-27 16:03:11.720,10550,10551,10550,4
2020-04-27 16:03:11.797,10550,10551,10550,1
2020-04-27 16:03:15.203,10550,10551,10550,1
2020-04-27 16:03:18.176,10549,10550,10550,1
2020-04-27 16:03:19.408,10549,10550,10550,1
2020-04-27 16:03:19.452,10549,10551,10550,1
2020-04-27 16:03:19.953,10549,10551,10551,3
2020-04-27 16:03:20.581,10550,10551,10551,1
2020-04-27 16:03:21.338,10550,10551,10550,3
2020-04-27 16:03:26.561,10550,10551,10550,1
2020-04-27 16:03:31.596,10550,10551,10550,2
2020-04-27 16:03:31.728,10549,10550,10550,1
2020-04-27 16:03:38.838,10550,10551,10550,1
2020-04-27 16:03:44.206,10549,10550,10550,3
2020-04-27 16:03:44.549,10550,10551,10550,1
2020-04-27 16:03:44.569,10550,10551,10550,1
2020-04-27 16:03:49.098,10549,10550,10550,1
2020-04-27 16:03:54.508,10550,10551,10550,1
2020-04-27 16:03:58.913,10550,10551,10550,1
2020-04-27 16:04:00.413,10550,10551,10550,4
2020-04-27 16:04:02.163,10550,10551,10550,8
2020-04-27 16:04:03.412,10550,10551,10551,8
2020-04-27 16:04:08.005,10550,10551,10551,2
2020-04-27 16:04:10.432,10551,10552,10551,1
2020-04-27 16:04:23.815,10551,10552,10552,14
2020-04-27 16:04:27.510,10552,10553,10553,3
2020-04-27 16:04:28.118,10552,10553,10552,1
2020-04-27 16:04:33.739,10551,10552,10552,1
2020-04-27 16:04:34.183,10551,10553,10553,1
2020-04-27 16:04:34.957,10552,10553,10552,1
2020-04-27 16:04:38.137,10551,10552,10552,1
2020-04-27 16:04:39.805,10551,10552,10552,1
2020-04-27 16:04:41.793,10552,10553,10552,1
2020-04-27 16:04:50.584,10551,10552,10552,3
2020-04-27 16:04:54.689,10551,10552,10551,3
2020-04-27 16:04:54.689,10551,10552,10551,2
2020-04-27 16:04:55.572,10550,10551,10551,1
2020-04-27 16:05:02.734,10550,10551,10550,1
2020-04-27 16:05:07.788,10550,10551,10550,1
2020-04-27 16:05:20.890,10550,10551,10550,4
2020-04-27 16:05:30.856,10550,10551,10551,8
2020-04-27 16:05:35.006,10551,10552,10551,1
2020-04-27 16:05:51.883,10551,10552,10552,2
2020-04-27 16:06:16.047,10552,10553,10552,2
2020-04-27 16:06:16.047,10552,10553,10552,3
2020-04-27 16:06:16.067,10551,10552,10551,1
2020-04-27 16:06:16.079,10551,10552,10551,3
2020-04-27 16:06:16.093,10551,10552,10551,1
2020-04-27 16:06:22.356,10550,10551,10551,1
2020-04-27 16:06:27.378,10551,10553,10551,1
2020-04-27 16:06:44.074,10551,10552,10552,1
2020-04-27 16:06:50.737,10551,10552,10552,1
2020-04-27 16:07:03.188,10552,10553,10552,1
2020-04-27 16:07:03.522,10551,10552,10552,1
2020-04-27 16:07:20.229,10551,10552,10552,2
2020-04-27 16:07:20.380,10552,10553,10552,1
2020-04-27 16:07:28.870,10551,10552,10552,1
2020-04-27 16:07:31.555,10551,10552,10552,1
2020-04-27 16:07:32.422,10551,10552,10551,1
2020-04-27 16:07:38.362,10551,10552,10552,1
2020-04-27 16:07:44.296,10551,10552,10552,1
2020-04-27 16:07:47.435,10551,10552,10552,1
2020-04-27 16:07:47.584,10551,10552,10552,3
2020-04-27 16:07:53.934,10551,10552,10552,1
2020-04-27 16:07:58.714,10551,10553,10553,1
2020-04-27 16:08:05.923,10552,10553,10552,1
2020-04-27 16:08:05.923,10552,10553,10552,1
2020-04-27 16:08:08.407,10551,10552,10552,1
2020-04-27 16:08:09.683,10551,10552,10551,2
2020-04-27 16:08:09.683,10551,10552,10551,1
2020-04-27 16:08:11.001,10550,10551,10550,5
2020-04-27 16:08:12.976,10550,10551,10551,2
2020-04-27 16:08:16.290,10550,10551,10550,1
2020-04-27 16:08:16.290,10550,10551,10550,1
2020-04-27 16:08:16.290,10550,10551,10550,5
2020-04-27 16:08:16.290,10550,10551,10550,1
2020-04-27 16:08:16.290,10550,10551,10550,2
2020-04-27 16:08:16.290,10550,10551,10550,1
2020-04-27 16:08:16.290,10550,10551,10550,6
2020-04-27 16:08:27.121,10550,10551,10551,1
2020-04-27 16:08:38.368,10551,10552,10551,1
2020-04-27 16:09:00.108,10550,10551,10550,12
2020-04-27 16:09:01.094,10549,10550,10550,1
2020-04-27 16:09:08.749,10549,10550,10549,2
2020-04-27 16:09:09.045,10549,10550,10549,2
2020-04-27 16:09:09.498,10549,10550,10549,1
2020-04-27 16:09:12.611,10549,10550,10549,2
2020-04-27 16:09:15.009,10549,10550,10548,1
2020-04-27 16:09:15.119,10548,10550,10548,1
2020-04-27 16:09:19.630,10548,10549,10548,1
2020-04-27 16:09:20.987,10548,10549,10548,1
2020-04-27 16:09:20.988,10548,10549,10548,3
2020-04-27 16:09:20.988,10548,10549,10548,1
2020-04-27 16:09:20.988,10548,10549,10548,2
2020-04-27 16:09:20.988,10548,10549,10548,1
2020-04-27 16:09:20.988,10548,10549,10548,1
2020-04-27 16:09:20.988,10548,10549,10548,4
2020-04-27 16:09:20.988,10548,10549,10548,1
2020-04-27 16:09:20.988,10548,10549,10548,7
2020-04-27 16:09:20.988,10548,10549,10548,2
2020-04-27 16:09:20.988,10548,10549,10548,1
2020-04-27 16:09:21.040,10548,10549,10548,1
2020-04-27 16:09:21.040,10548,10549,10548,3
2020-04-27 16:09:24.397,10547,10549,10547,2
2020-04-27 16:09:24.719,10547,10549,10547,1
2020-04-27 16:09:32.219,10547,10548,10548,1
2020-04-27 16:09:32.219,10547,10548,10548,1
2020-04-27 16:09:33.580,10547,10548,10548,1
2020-04-27 16:09:39.027,10548,10549,10548,1
2020-04-27 16:09:40.159,10548,10549,10548,2
2020-04-27 16:09:42.819,10547,10548,10547,1
2020-04-27 16:09:43.540,10547,10548,10547,1
2020-04-27 16:09:45.495,10547,10548,10547,1
2020-04-27 16:09:47.435,10547,10548,10547,1
2020-04-27 16:09:47.670,10547,10548,10547,1
2020-04-27 16:10:03.123,10547,10548,10547,1
2020-04-27 16:10:10.297,10547,10548,10548,2
2020-04-27 16:10:13.262,10547,10548,10548,2
2020-04-27 16:10:16.093,10548,10549,10548,1
2020-04-27 16:10:22.384,10548,10549,10549,2
2020-04-27 16:10:22.384,10548,10549,10549,2
2020-04-27 16:10:22.384,10548,10549,10549,1
2020-04-27 16:10:22.817,10549,10550,10550,2
2020-04-27 16:10:34.508,10550,10551,10550,2
2020-04-27 16:10:34.596,10550,10551,10550,1
2020-04-27 16:10:36.361,10549,10551,10550,2
2020-04-27 16:10:36.365,10549,10551,10550,1
2020-04-27 16:10:36.777,10550,10551,10551,3
2020-04-27 16:10:39.917,10551,10552,10551,1
2020-04-27 16:10:52.896,10549,10551,10549,3
2020-04-27 16:10:52.962,10548,10550,10550,6
2020-04-27 16:11:03.339,10548,10550,10550,1
2020-04-27 16:11:12.526,10549,10550,10550,1
2020-04-27 16:11:13.650,10549,10550,10550,1
2020-04-27 16:11:31.756,10549,10550,10550,1
2020-04-27 16:11:43.830,10549,10550,10550,1
2020-04-27 16:11:45.694,10549,10550,10549,2
2020-04-27 16:11:48.228,10549,10550,10550,6
2020-04-27 16:11:54.183,10550,10551,10551,1
2020-04-27 16:11:59.820,10551,10552,10551,2
2020-04-27 16:12:00.166,10551,10552,10551,1
2020-04-27 16:12:00.615,10551,10552,10551,3
2020-04-27 16:12:00.615,10551,10552,10551,3
2020-04-27 16:12:00.616,10551,10552,10551,5
2020-04-27 16:12:00.616,10551,10552,10551,1
2020-04-27 16:12:00.616,10551,10552,10551,5
2020-04-27 16:12:00.616,10551,10552,10551,1
2020-04-27 16:12:00.616,10551,10552,10551,1
2020-04-27 16:12:01.191,10550,10551,10550,1
2020-04-27 16:12:01.428,10549,10550,10549,1
2020-04-27 16:12:01.443,10549,10550,10549,1
2020-04-27 16:12:02.773,10549,10550,10550,1
2020-04-27 16:12:03.261,10549,10550,10550,1
2020-04-27 16:12:03.429,10549,10550,10550,1
2020-04-27 16:12:07.830,10550,10551,10550,1
2020-04-27 16:12:16.718,10550,10551,10551,3
2020-04-27 16:12:17.753,10550,10551,10551,2
2020-04-27 16:12:18.316,10550,10551,10551,2
2020-04-27 16:12:18.316,10550,10551,10551,1
2020-04-27 16:12:32.508,10551,10552,10551,2
2020-04-27 16:12:37.378,10551,10552,10551,1
2020-04-27 16:12:49.474,10550,10551,10551,1
2020-04-27 16:12:54.449,10550,10551,10550,1
2020-04-27 16:13:03.652,10550,10551,10550,1
2020-04-27 16:13:34.337,10549,10550,10550,1
2020-04-27 16:13:39.192,10550,10551,10551,1
2020-04-27 16:13:52.749,10550,10551,10551,1
2020-04-27 16:13:55.512,10550,10551,10550,2
2020-04-27 16:14:03.266,10550,10551,10550,1
2020-04-27 16:14:05.661,10549,10550,10549,1
2020-04-27 16:14:05.661,10549,10550,10548,1
2020-04-27 16:14:05.682,10549,10550,10548,1
2020-04-27 16:14:18.386,10549,10550,10549,1
