2022-08-15 15:00:00.062,15390,15391,15390,39,-39
2022-08-15 15:00:00.422,15387,15388,15388,1,1
2022-08-15 15:00:00.504,15387,15388,15387,3,-3
2022-08-15 15:00:00.561,15387,15388,15387,1,-1
2022-08-15 15:00:00.571,15387,15388,15386,1,-1
2022-08-15 15:00:00.572,15387,15388,15386,1,-1
2022-08-15 15:00:00.623,15385,15387,15385,1,-1
2022-08-15 15:00:00.701,15385,15386,15386,1,1
2022-08-15 15:00:00.724,15385,15386,15385,1,-1
2022-08-15 15:00:00.729,15385,15386,15385,1,-1
2022-08-15 15:00:00.822,15385,15387,15387,1,1
2022-08-15 15:00:00.822,15385,15387,15388,4,4
2022-08-15 15:00:00.823,15385,15387,15387,1,1
2022-08-15 15:00:00.837,15385,15387,15388,1,1
2022-08-15 15:00:00.935,15385,15387,15386,2,2
2022-08-15 15:00:00.935,15385,15387,15386,1,1
2022-08-15 15:00:02.339,15386,15388,15388,1,1
2022-08-15 15:00:03.279,15386,15387,15386,1,-1
2022-08-15 15:00:03.452,15385,15386,15385,1,-1
2022-08-15 15:00:05.205,15385,15386,15385,2,-2
2022-08-15 15:00:06.118,15384,15385,15384,2,-2
2022-08-15 15:00:06.161,15384,15385,15383,3,-3
2022-08-15 15:00:06.161,15384,15385,15383,1,-1
2022-08-15 15:00:06.161,15384,15385,15383,1,-1
2022-08-15 15:00:06.808,15383,15385,15383,1,-1
2022-08-15 15:00:06.812,15383,15385,15383,1,-1
2022-08-15 15:00:07.771,15384,15386,15384,1,-1
2022-08-15 15:00:07.870,15384,15387,15384,1,-1
2022-08-15 15:00:08.866,15384,15386,15384,1,-1
2022-08-15 15:00:09.835,15385,15387,15387,2,2
2022-08-15 15:00:10.046,15386,15388,15386,1,-1
2022-08-15 15:00:10.046,15386,15388,15386,1,-1
2022-08-15 15:00:10.741,15386,15388,15386,1,-1
2022-08-15 15:00:11.241,15385,15387,15387,1,1
2022-08-15 15:00:12.350,15385,15387,15387,1,1
2022-08-15 15:00:13.718,15385,15387,15387,1,1
2022-08-15 15:00:14.101,15385,15387,15387,1,1
2022-08-15 15:00:15.264,15385,15387,15387,1,1
2022-08-15 15:00:16.465,15385,15386,15385,2,-2
2022-08-15 15:00:16.871,15384,15385,15384,1,-1
2022-08-15 15:00:17.892,15383,15385,15385,1,1
2022-08-15 15:00:18.480,15383,15385,15383,1,-1
2022-08-15 15:00:18.480,15383,15385,15383,3,-3
2022-08-15 15:00:18.480,15383,15385,15383,2,-2
2022-08-15 15:00:18.481,15383,15385,15382,1,-1
2022-08-15 15:00:19.321,15383,15384,15383,1,-1
2022-08-15 15:00:20.916,15382,15384,15384,1,1
2022-08-15 15:00:21.318,15383,15385,15383,1,-1
2022-08-15 15:00:21.485,15383,15385,15383,3,-3
2022-08-15 15:00:21.776,15383,15385,15383,1,-1
2022-08-15 15:00:22.015,15383,15385,15383,1,-1
2022-08-15 15:00:22.221,15383,15385,15383,1,-1
2022-08-15 15:00:22.886,15383,15385,15385,2,2
2022-08-15 15:00:22.886,15383,15385,15385,1,1
2022-08-15 15:00:22.886,15383,15385,15386,3,3
2022-08-15 15:00:22.887,15383,15385,15386,3,3
2022-08-15 15:00:22.887,15383,15385,15386,1,1
2022-08-15 15:00:23.174,15385,15387,15385,1,-1
2022-08-15 15:00:23.174,15385,15387,15385,1,-1
2022-08-15 15:00:23.596,15385,15387,15385,1,-1
2022-08-15 15:00:23.624,15385,15387,15385,1,-1
2022-08-15 15:00:25.000,15386,15387,15386,1,-1
2022-08-15 15:00:25.553,15385,15386,15385,1,-1
2022-08-15 15:00:27.448,15385,15387,15385,1,-1
2022-08-15 15:00:29.881,15385,15386,15386,1,1
2022-08-15 15:00:30.054,15385,15387,15385,1,-1
2022-08-15 15:00:31.182,15385,15386,15385,1,-1
2022-08-15 15:00:31.183,15385,15386,15385,2,-2
2022-08-15 15:00:31.183,15385,15386,15385,1,-1
2022-08-15 15:00:31.183,15385,15386,15385,1,-1
2022-08-15 15:00:34.898,15385,15386,15385,3,-3
2022-08-15 15:00:38.034,15385,15386,15385,1,-1
2022-08-15 15:00:39.246,15385,15386,15386,3,3
2022-08-15 15:00:39.372,15385,15387,15387,2,2
2022-08-15 15:00:39.821,15386,15388,15386,3,-3
2022-08-15 15:00:43.394,15386,15388,15388,2,2
2022-08-15 15:00:45.438,15388,15389,15389,5,5
2022-08-15 15:00:45.803,15388,15390,15388,1,-1
2022-08-15 15:00:45.946,15388,15390,15388,5,-5
2022-08-15 15:00:46.093,15387,15388,15388,1,1
2022-08-15 15:00:47.687,15387,15389,15387,2,-2
2022-08-15 15:00:48.422,15387,15388,15387,1,-1
2022-08-15 15:00:49.389,15386,15387,15387,2,2
2022-08-15 15:00:53.491,15387,15388,15387,1,-1
2022-08-15 15:00:53.492,15387,15388,15387,1,-1
2022-08-15 15:00:53.814,15386,15388,15388,1,1
2022-08-15 15:00:54.673,15386,15388,15387,7,7
2022-08-15 15:00:57.306,15386,15387,15387,1,1
2022-08-15 15:00:57.944,15387,15388,15387,1,-1
2022-08-15 15:00:59.349,15387,15388,15387,1,-1
2022-08-15 15:00:59.880,15387,15388,15388,6,6
2022-08-15 15:01:00.096,15387,15388,15388,1,1
2022-08-15 15:01:02.142,15387,15388,15387,1,-1
2022-08-15 15:01:02.245,15387,15388,15388,1,1
2022-08-15 15:01:03.407,15387,15388,15388,1,1
2022-08-15 15:01:03.987,15387,15388,15387,1,-1
2022-08-15 15:01:05.074,15387,15388,15387,1,-1
2022-08-15 15:01:05.770,15387,15388,15387,2,-2
2022-08-15 15:01:05.889,15387,15388,15388,1,1
2022-08-15 15:01:06.146,15387,15388,15387,1,-1
2022-08-15 15:01:09.037,15387,15388,15387,1,-1
2022-08-15 15:01:09.038,15387,15388,15387,5,-5
2022-08-15 15:01:09.075,15386,15387,15387,1,1
2022-08-15 15:01:13.714,15386,15387,15386,1,-1
2022-08-15 15:01:13.714,15386,15387,15386,1,-1
2022-08-15 15:01:17.985,15385,15386,15385,1,-1
2022-08-15 15:01:19.353,15385,15386,15385,1,-1
2022-08-15 15:01:20.197,15385,15386,15386,1,1
2022-08-15 15:01:20.617,15385,15386,15386,2,2
2022-08-15 15:01:24.761,15385,15386,15386,1,1
2022-08-15 15:01:28.295,15385,15386,15386,1,1
2022-08-15 15:01:43.182,15385,15386,15386,1,1
2022-08-15 15:01:43.183,15385,15386,15386,2,2
2022-08-15 15:01:43.200,15385,15387,15387,1,1
2022-08-15 15:01:49.857,15386,15387,15386,1,-1
2022-08-15 15:01:50.145,15386,15387,15386,6,-6
2022-08-15 15:02:00.014,15385,15387,15385,1,-1
2022-08-15 15:02:01.215,15385,15386,15386,2,2
2022-08-15 15:02:02.002,15385,15386,15386,1,1
2022-08-15 15:02:03.584,15386,15387,15386,1,-1
2022-08-15 15:02:03.585,15386,15387,15386,1,-1
2022-08-15 15:02:06.407,15385,15386,15386,1,1
2022-08-15 15:02:10.583,15385,15386,15386,1,1
2022-08-15 15:02:10.784,15385,15386,15386,1,1
2022-08-15 15:02:10.785,15385,15386,15386,1,1
2022-08-15 15:02:12.980,15386,15387,15386,1,-1
2022-08-15 15:02:13.630,15385,15386,15386,1,1
2022-08-15 15:02:22.086,15385,15386,15386,1,1
2022-08-15 15:02:26.264,15385,15387,15387,1,1
2022-08-15 15:02:30.808,15385,15387,15385,1,-1
2022-08-15 15:02:32.803,15385,15387,15386,1,-1
2022-08-15 15:02:33.194,15386,15387,15387,1,1
2022-08-15 15:02:36.211,15386,15387,15387,7,7
2022-08-15 15:02:38.006,15387,15388,15388,1,1
2022-08-15 15:02:38.202,15387,15388,15388,15,15
2022-08-15 15:02:38.203,15387,15388,15389,8,8
2022-08-15 15:02:38.203,15387,15388,15389,5,5
2022-08-15 15:02:38.430,15388,15390,15389,2,2
2022-08-15 15:02:42.458,15388,15390,15388,1,-1
2022-08-15 15:02:43.095,15388,15389,15389,1,1
2022-08-15 15:02:50.699,15388,15389,15388,4,-4
2022-08-15 15:02:58.634,15387,15389,15389,6,6
2022-08-15 15:02:58.634,15387,15389,15390,4,4
2022-08-15 15:02:58.923,15388,15389,15388,1,-1
2022-08-15 15:03:00.095,15387,15389,15387,6,-6
2022-08-15 15:03:00.166,15387,15389,15389,2,2
2022-08-15 15:03:00.212,15387,15389,15389,2,2
2022-08-15 15:03:00.323,15387,15389,15389,2,2
2022-08-15 15:03:00.330,15387,15389,15390,1,1
2022-08-15 15:03:00.331,15387,15389,15390,1,1
2022-08-15 15:03:02.123,15388,15390,15390,1,1
2022-08-15 15:03:03.152,15388,15390,15390,1,1
2022-08-15 15:03:03.153,15388,15390,15390,9,9
2022-08-15 15:03:04.510,15389,15390,15389,1,-1
2022-08-15 15:03:13.134,15389,15390,15389,9,-9
2022-08-15 15:03:19.542,15389,15390,15390,6,6
2022-08-15 15:03:19.542,15389,15390,15390,3,3
2022-08-15 15:03:19.542,15389,15390,15390,1,1
2022-08-15 15:03:19.543,15389,15390,15390,1,1
2022-08-15 15:03:19.543,15389,15390,15390,1,1
2022-08-15 15:03:19.760,15389,15391,15391,7,7
2022-08-15 15:03:19.760,15389,15391,15392,6,6
2022-08-15 15:03:19.873,15391,15392,15392,1,1
2022-08-15 15:03:19.952,15391,15392,15392,2,2
2022-08-15 15:03:19.952,15391,15392,15393,11,11
2022-08-15 15:03:19.982,15391,15392,15393,4,4
2022-08-15 15:03:19.982,15391,15392,15394,9,9
2022-08-15 15:03:20.841,15392,15394,15394,1,1
2022-08-15 15:03:20.844,15392,15394,15394,1,1
2022-08-15 15:03:22.668,15391,15393,15391,4,-4
2022-08-15 15:03:24.116,15390,15392,15392,1,1
2022-08-15 15:03:27.486,15390,15392,15392,1,1
2022-08-15 15:03:30.823,15389,15391,15391,2,2
2022-08-15 15:03:32.523,15390,15392,15392,1,1
2022-08-15 15:03:34.136,15390,15392,15390,2,-2
2022-08-15 15:03:51.242,15390,15391,15390,1,-1
2022-08-15 15:03:53.423,15390,15391,15390,2,-2
2022-08-15 15:03:54.529,15390,15391,15391,2,2
2022-08-15 15:03:55.797,15391,15392,15392,1,1
2022-08-15 15:03:59.111,15391,15392,15392,1,1
2022-08-15 15:03:59.111,15391,15392,15392,1,1
2022-08-15 15:03:59.112,15391,15392,15392,3,3
2022-08-15 15:03:59.336,15392,15393,15392,1,-1
2022-08-15 15:04:00.026,15392,15393,15392,6,-6
2022-08-15 15:04:00.190,15391,15393,15393,1,1
2022-08-15 15:04:02.406,15392,15393,15393,1,1
2022-08-15 15:04:04.128,15392,15393,15392,1,-1
2022-08-15 15:04:08.175,15391,15393,15393,3,3
2022-08-15 15:04:15.077,15392,15393,15393,2,2
2022-08-15 15:04:15.376,15392,15394,15393,1,1
2022-08-15 15:04:15.824,15392,15394,15394,1,1
2022-08-15 15:04:16.050,15392,15394,15394,6,6
2022-08-15 15:04:19.676,15392,15393,15393,1,1
2022-08-15 15:04:21.938,15392,15393,15393,1,1
2022-08-15 15:04:24.026,15392,15393,15393,3,3
2022-08-15 15:04:33.058,15393,15394,15393,1,-1
2022-08-15 15:04:41.832,15392,15393,15393,1,1
2022-08-15 15:04:47.076,15392,15393,15393,1,1
2022-08-15 15:04:47.076,15392,15393,15393,1,1
2022-08-15 15:04:56.970,15393,15394,15393,5,-5
2022-08-15 15:04:59.566,15393,15394,15393,1,-1
2022-08-15 15:05:00.070,15392,15394,15392,3,-3
2022-08-15 15:05:00.166,15392,15394,15392,1,-1
2022-08-15 15:05:00.217,15392,15394,15392,1,-1
2022-08-15 15:05:00.252,15392,15394,15392,1,-1
2022-08-15 15:05:00.261,15392,15394,15392,1,-1
2022-08-15 15:05:00.288,15392,15394,15392,1,-1
2022-08-15 15:05:00.314,15392,15394,15392,1,-1
2022-08-15 15:05:00.315,15392,15394,15392,1,-1
2022-08-15 15:05:00.322,15392,15394,15392,1,-1
2022-08-15 15:05:00.328,15392,15394,15392,1,-1
2022-08-15 15:05:00.339,15392,15394,15391,1,-1
2022-08-15 15:05:00.350,15392,15394,15391,1,-1
2022-08-15 15:05:00.356,15392,15394,15391,1,-1
2022-08-15 15:05:00.367,15392,15394,15391,1,-1
2022-08-15 15:05:00.378,15392,15394,15391,1,-1
2022-08-15 15:05:00.385,15392,15394,15391,1,-1
2022-08-15 15:05:00.401,15392,15394,15391,1,-1
2022-08-15 15:05:00.403,15392,15394,15391,1,-1
2022-08-15 15:05:00.421,15392,15394,15391,1,-1
2022-08-15 15:05:00.443,15392,15394,15391,1,-1
2022-08-15 15:05:00.446,15392,15394,15391,1,-1
2022-08-15 15:05:00.453,15391,15393,15391,1,-1
2022-08-15 15:05:00.478,15391,15393,15391,1,-1
2022-08-15 15:05:00.486,15391,15393,15391,1,-1
2022-08-15 15:05:00.496,15391,15393,15391,1,-1
2022-08-15 15:05:00.521,15391,15393,15391,1,-1
2022-08-15 15:05:00.525,15391,15393,15391,1,-1
2022-08-15 15:05:00.546,15391,15393,15391,1,-1
2022-08-15 15:05:01.785,15392,15393,15393,1,1
2022-08-15 15:05:03.201,15393,15394,15394,2,2
2022-08-15 15:05:04.170,15393,15395,15395,1,1
2022-08-15 15:05:08.133,15394,15395,15394,4,-4
2022-08-15 15:05:10.237,15394,15395,15394,1,-1
2022-08-15 15:05:18.023,15394,15395,15394,1,-1
2022-08-15 15:05:18.870,15394,15395,15394,2,-2
2022-08-15 15:05:20.202,15394,15395,15395,1,1
2022-08-15 15:05:20.588,15394,15395,15394,1,-1
2022-08-15 15:05:24.952,15394,15395,15395,2,2
2022-08-15 15:05:25.956,15394,15395,15395,1,1
2022-08-15 15:05:26.028,15394,15395,15395,1,1
2022-08-15 15:05:27.532,15394,15395,15394,1,-1
2022-08-15 15:05:31.335,15394,15395,15394,6,-6
2022-08-15 15:05:31.483,15392,15394,15394,1,1
2022-08-15 15:05:38.760,15392,15394,15394,1,1
2022-08-15 15:05:42.498,15392,15394,15393,3,3
2022-08-15 15:05:46.700,15392,15393,15392,1,-1
2022-08-15 15:05:47.373,15392,15393,15393,1,1
2022-08-15 15:05:51.168,15392,15393,15392,2,-2
2022-08-15 15:05:51.168,15392,15393,15392,3,-3
2022-08-15 15:05:51.717,15391,15393,15393,1,1
2022-08-15 15:06:04.989,15391,15392,15392,1,1
2022-08-15 15:06:06.202,15391,15393,15393,1,1
2022-08-15 15:06:13.864,15391,15392,15392,1,1
2022-08-15 15:06:32.441,15391,15392,15392,1,1
2022-08-15 15:06:48.379,15391,15392,15393,1,1
2022-08-15 15:06:48.379,15391,15392,15393,2,2
2022-08-15 15:06:48.379,15391,15392,15393,1,1
2022-08-15 15:06:48.379,15391,15392,15393,2,2
2022-08-15 15:06:48.488,15392,15393,15393,1,1
2022-08-15 15:06:59.935,15393,15394,15393,1,-1
2022-08-15 15:07:02.785,15393,15394,15393,1,-1
2022-08-15 15:07:15.025,15392,15393,15393,1,1
2022-08-15 15:07:16.726,15392,15394,15394,1,1
2022-08-15 15:07:20.188,15393,15394,15394,1,1
2022-08-15 15:07:43.217,15393,15394,15393,1,-1
2022-08-15 15:07:46.902,15393,15394,15394,1,1
2022-08-15 15:07:58.790,15393,15394,15394,1,1
2022-08-15 15:07:59.036,15393,15394,15393,1,-1
2022-08-15 15:08:00.199,15393,15394,15394,1,1
2022-08-15 15:08:00.200,15393,15394,15394,2,2
2022-08-15 15:08:01.886,15393,15394,15393,1,-1
2022-08-15 15:08:05.724,15393,15394,15394,1,1
2022-08-15 15:08:13.872,15394,15395,15394,1,-1
2022-08-15 15:08:14.096,15394,15395,15394,1,-1
2022-08-15 15:08:16.155,15394,15395,15395,1,1
2022-08-15 15:08:19.000,15394,15395,15395,1,1
2022-08-15 15:08:19.796,15394,15395,15395,3,3
2022-08-15 15:08:21.495,15394,15395,15394,2,-2
2022-08-15 15:08:21.497,15394,15395,15394,2,-2
2022-08-15 15:08:21.843,15393,15394,15393,5,-5
2022-08-15 15:08:22.248,15392,15393,15392,4,-4
2022-08-15 15:09:07.638,15391,15392,15391,1,-1
2022-08-15 15:09:08.242,15391,15392,15391,1,-1
2022-08-15 15:09:15.659,15391,15392,15391,1,-1
2022-08-15 15:09:16.277,15391,15392,15391,1,-1
2022-08-15 15:09:36.418,15390,15392,15390,10,-10
2022-08-15 15:09:41.229,15389,15390,15389,1,-1
2022-08-15 15:09:42.488,15389,15390,15389,1,-1
2022-08-15 15:09:46.302,15389,15390,15389,1,-1
2022-08-15 15:09:46.497,15389,15390,15389,1,-1
2022-08-15 15:09:51.373,15388,15389,15388,1,-1
2022-08-15 15:09:51.374,15388,15389,15388,1,-1
2022-08-15 15:09:51.374,15388,15389,15388,7,-7
2022-08-15 15:09:51.451,15387,15388,15387,2,-2
2022-08-15 15:09:52.997,15386,15387,15386,3,-3
2022-08-15 15:09:53.290,15385,15386,15386,1,1
2022-08-15 15:09:54.773,15385,15386,15385,1,-1
2022-08-15 15:09:58.267,15385,15386,15385,1,-1
2022-08-15 15:09:58.656,15385,15386,15385,1,-1
2022-08-15 15:09:59.412,15385,15386,15385,5,-5
2022-08-15 15:10:00.398,15385,15386,15385,2,-2
2022-08-15 15:10:00.398,15385,15386,15385,2,-2
2022-08-15 15:10:00.398,15385,15386,15385,1,-1
2022-08-15 15:10:00.859,15384,15385,15384,1,-1
2022-08-15 15:10:01.162,15384,15385,15384,44,-44
2022-08-15 15:10:01.163,15384,15385,15384,4,-4
2022-08-15 15:10:01.163,15384,15385,15384,2,-2
2022-08-15 15:10:01.163,15384,15385,15384,1,-1
2022-08-15 15:10:01.163,15384,15385,15384,1,-1
2022-08-15 15:10:01.163,15384,15385,15384,18,-18
2022-08-15 15:10:01.163,15384,15385,15384,1,-1
2022-08-15 15:10:01.163,15384,15385,15384,1,-1
2022-08-15 15:10:01.163,15384,15385,15384,1,-1
2022-08-15 15:10:01.163,15384,15385,15384,1,-1
2022-08-15 15:10:01.164,15384,15385,15384,13,-13
2022-08-15 15:10:01.176,15384,15385,15383,3,-3
2022-08-15 15:10:01.176,15384,15385,15383,2,-2
2022-08-15 15:10:01.481,15382,15383,15382,2,-2
2022-08-15 15:10:01.481,15382,15383,15382,1,-1
2022-08-15 15:10:01.697,15382,15383,15382,1,-1
2022-08-15 15:10:01.698,15382,15383,15382,1,-1
2022-08-15 15:10:01.872,15382,15383,15383,4,4
2022-08-15 15:10:01.890,15382,15383,15384,4,4
2022-08-15 15:10:01.983,15383,15385,15383,4,-4
2022-08-15 15:10:02.221,15382,15384,15384,2,2
2022-08-15 15:10:03.203,15383,15384,15383,2,-2
2022-08-15 15:10:05.559,15382,15383,15382,1,-1
2022-08-15 15:10:08.799,15382,15383,15382,5,-5
2022-08-15 15:10:09.001,15381,15383,15381,14,-14
2022-08-15 15:10:09.135,15380,15381,15381,1,1
2022-08-15 15:10:09.521,15380,15381,15380,2,-2
2022-08-15 15:10:09.522,15380,15381,15380,2,-2
2022-08-15 15:10:09.522,15380,15381,15380,7,-7
2022-08-15 15:10:09.523,15380,15381,15380,3,-3
2022-08-15 15:10:09.523,15380,15381,15380,1,-1
2022-08-15 15:10:09.600,15379,15381,15379,1,-1
2022-08-15 15:10:09.612,15379,15381,15379,2,-2
2022-08-15 15:10:09.725,15379,15381,15379,1,-1
2022-08-15 15:10:09.890,15379,15381,15379,1,-1
2022-08-15 15:10:09.890,15379,15381,15379,1,-1
2022-08-15 15:10:09.918,15379,15381,15379,5,-5
2022-08-15 15:10:10.098,15379,15381,15379,1,-1
2022-08-15 15:10:10.105,15379,15381,15379,1,-1
2022-08-15 15:10:10.728,15379,15381,15379,2,-2
2022-08-15 15:10:10.765,15379,15381,15379,2,-2
2022-08-15 15:10:10.780,15379,15381,15379,2,-2
2022-08-15 15:10:11.567,15379,15381,15379,1,-1
2022-08-15 15:10:12.420,15379,15380,15379,2,-2
2022-08-15 15:10:12.749,15379,15380,15380,1,1
2022-08-15 15:10:12.749,15379,15380,15380,2,2
2022-08-15 15:10:12.749,15379,15380,15380,2,2
2022-08-15 15:10:12.750,15379,15380,15380,1,1
2022-08-15 15:10:12.910,15380,15382,15380,3,-3
2022-08-15 15:10:13.092,15380,15381,15381,2,2
2022-08-15 15:10:13.782,15380,15382,15382,1,1
2022-08-15 15:10:13.836,15380,15382,15380,1,-1
2022-08-15 15:10:15.813,15380,15382,15382,1,1
2022-08-15 15:10:16.762,15380,15381,15380,1,-1
2022-08-15 15:10:16.880,15379,15381,15379,1,-1
2022-08-15 15:10:17.555,15379,15380,15379,2,-2
2022-08-15 15:10:17.555,15379,15380,15378,3,-3
2022-08-15 15:10:17.645,15378,15380,15378,1,-1
2022-08-15 15:10:17.710,15378,15380,15378,3,-3
2022-08-15 15:10:17.713,15378,15380,15378,2,-2
2022-08-15 15:10:17.763,15378,15380,15378,2,-2
2022-08-15 15:10:18.160,15378,15380,15378,1,-1
2022-08-15 15:10:19.063,15378,15380,15378,1,-1
2022-08-15 15:10:20.774,15379,15380,15379,1,-1
2022-08-15 15:10:20.774,15379,15380,15379,1,-1
2022-08-15 15:10:20.784,15379,15380,15378,2,-2
2022-08-15 15:10:21.289,15378,15380,15378,2,-2
2022-08-15 15:10:26.254,15379,15380,15380,1,1
2022-08-15 15:10:27.738,15379,15380,15379,2,-2
2022-08-15 15:10:28.900,15379,15380,15379,1,-1
2022-08-15 15:10:30.047,15379,15380,15380,2,2
2022-08-15 15:10:30.051,15379,15380,15380,1,1
2022-08-15 15:10:30.051,15379,15380,15380,1,1
2022-08-15 15:10:30.051,15379,15380,15380,7,7
2022-08-15 15:10:32.152,15380,15382,15380,2,-2
2022-08-15 15:10:36.480,15379,15380,15379,1,-1
2022-08-15 15:10:37.811,15379,15380,15379,1,-1
2022-08-15 15:10:44.484,15379,15380,15379,1,-1
2022-08-15 15:10:45.794,15379,15380,15379,1,-1
2022-08-15 15:10:46.170,15378,15379,15378,1,-1
2022-08-15 15:10:50.158,15378,15379,15378,1,-1
2022-08-15 15:10:50.158,15378,15379,15378,4,-4
2022-08-15 15:10:50.158,15378,15379,15378,1,-1
2022-08-15 15:10:51.448,15377,15378,15377,5,-5
2022-08-15 15:10:51.587,15376,15378,15378,1,1
2022-08-15 15:10:51.705,15376,15378,15376,1,-1
2022-08-15 15:10:51.843,15376,15378,15376,1,-1
2022-08-15 15:10:51.847,15376,15378,15376,1,-1
2022-08-15 15:10:52.249,15376,15377,15377,1,1
2022-08-15 15:10:52.349,15376,15377,15376,3,-3
2022-08-15 15:10:52.539,15376,15377,15376,3,-3
2022-08-15 15:10:52.550,15376,15377,15377,1,1
2022-08-15 15:10:52.737,15376,15377,15376,1,-1
2022-08-15 15:10:53.363,15376,15377,15376,1,-1
2022-08-15 15:10:55.096,15377,15378,15377,2,-2
2022-08-15 15:10:55.096,15377,15378,15377,1,-1
2022-08-15 15:10:55.218,15377,15378,15377,1,-1
2022-08-15 15:10:55.531,15377,15378,15377,1,-1
2022-08-15 15:10:56.001,15377,15378,15377,1,-1
2022-08-15 15:10:57.310,15376,15378,15376,1,-1
2022-08-15 15:10:58.220,15376,15378,15378,1,1
2022-08-15 15:10:58.548,15376,15378,15378,1,1
2022-08-15 15:10:59.332,15376,15378,15376,2,-2
2022-08-15 15:11:06.139,15377,15378,15378,2,2
2022-08-15 15:11:07.123,15377,15378,15378,4,4
2022-08-15 15:11:07.124,15377,15378,15378,1,1
2022-08-15 15:11:08.700,15378,15380,15378,1,-1
2022-08-15 15:11:08.730,15378,15380,15380,2,2
2022-08-15 15:11:11.231,15378,15380,15380,1,1
2022-08-15 15:11:14.510,15378,15380,15378,5,-5
2022-08-15 15:11:14.510,15378,15380,15377,1,-1
2022-08-15 15:11:15.294,15378,15380,15379,1,-1
2022-08-15 15:11:19.375,15377,15379,15379,1,1
2022-08-15 15:11:19.492,15377,15379,15377,1,-1
2022-08-15 15:11:22.059,15378,15379,15378,1,-1
2022-08-15 15:11:24.101,15378,15379,15379,1,1
2022-08-15 15:11:24.101,15378,15379,15380,2,2
2022-08-15 15:11:29.668,15378,15379,15378,1,-1
2022-08-15 15:11:29.922,15378,15379,15379,2,2
2022-08-15 15:11:29.922,15378,15379,15380,1,1
2022-08-15 15:11:32.912,15379,15380,15380,1,1
2022-08-15 15:11:32.950,15379,15380,15379,1,-1
2022-08-15 15:11:32.950,15379,15380,15379,1,-1
2022-08-15 15:11:33.216,15379,15380,15380,1,1
2022-08-15 15:11:33.216,15379,15380,15380,2,2
2022-08-15 15:11:35.802,15380,15382,15382,1,1
2022-08-15 15:11:39.705,15380,15381,15381,1,1
2022-08-15 15:11:42.665,15381,15382,15382,9,9
2022-08-15 15:11:43.937,15382,15383,15383,3,3
2022-08-15 15:11:43.937,15382,15383,15383,1,1
2022-08-15 15:11:43.937,15382,15383,15383,4,4
2022-08-15 15:11:43.937,15382,15383,15383,2,2
2022-08-15 15:11:44.295,15383,15384,15384,3,3
2022-08-15 15:11:48.816,15381,15383,15383,1,1
2022-08-15 15:11:49.031,15381,15383,15383,1,1
2022-08-15 15:11:49.725,15381,15382,15382,1,1
2022-08-15 15:11:50.248,15381,15382,15382,1,1
2022-08-15 15:11:57.528,15382,15383,15382,1,-1
2022-08-15 15:12:00.951,15382,15383,15383,1,1
2022-08-15 15:12:07.463,15382,15383,15383,1,1
2022-08-15 15:12:11.972,15383,15384,15383,1,-1
2022-08-15 15:12:11.973,15383,15384,15383,1,-1
2022-08-15 15:12:11.973,15383,15384,15383,1,-1
2022-08-15 15:12:12.725,15382,15383,15382,1,-1
2022-08-15 15:12:12.725,15382,15383,15382,1,-1
2022-08-15 15:12:12.726,15382,15383,15382,1,-1
2022-08-15 15:12:15.697,15380,15382,15380,1,-1
2022-08-15 15:12:22.219,15380,15382,15380,5,-5
2022-08-15 15:12:22.453,15380,15382,15380,2,-2
2022-08-15 15:12:26.889,15380,15381,15380,5,-5
2022-08-15 15:12:31.046,15380,15381,15381,1,1
2022-08-15 15:12:31.171,15381,15382,15380,3,-3
2022-08-15 15:12:32.570,15380,15382,15380,5,-5
2022-08-15 15:12:34.819,15380,15382,15380,2,-2
2022-08-15 15:12:34.825,15380,15381,15380,2,-2
2022-08-15 15:12:40.149,15380,15381,15380,1,-1
2022-08-15 15:12:44.596,15380,15381,15380,1,-1
2022-08-15 15:12:46.293,15380,15381,15380,2,-2
2022-08-15 15:12:46.337,15379,15381,15379,5,-5
2022-08-15 15:12:46.755,15379,15381,15381,6,6
2022-08-15 15:12:52.187,15380,15382,15380,1,-1
2022-08-15 15:12:56.266,15381,15382,15381,4,-4
2022-08-15 15:12:56.266,15381,15382,15380,6,-6
2022-08-15 15:13:01.478,15381,15382,15382,10,10
2022-08-15 15:13:04.034,15382,15383,15383,2,2
2022-08-15 15:13:10.342,15382,15383,15382,1,-1
2022-08-15 15:13:24.515,15381,15382,15381,1,-1
2022-08-15 15:13:29.178,15380,15382,15380,7,-7
2022-08-15 15:13:37.620,15380,15381,15380,1,-1
2022-08-15 15:13:37.621,15380,15381,15380,3,-3
2022-08-15 15:13:37.907,15379,15381,15380,2,-2
2022-08-15 15:13:37.934,15379,15381,15379,1,-1
2022-08-15 15:13:38.901,15379,15380,15380,3,3
2022-08-15 15:13:46.300,15379,15380,15380,1,1
2022-08-15 15:13:58.801,15379,15380,15379,2,-2
2022-08-15 15:13:58.801,15379,15380,15379,2,-2
2022-08-15 15:13:58.801,15379,15380,15379,1,-1
2022-08-15 15:13:58.801,15379,15380,15379,5,-5
2022-08-15 15:13:59.836,15378,15379,15379,1,1
2022-08-15 15:14:00.135,15378,15379,15379,1,1
2022-08-15 15:14:07.055,15378,15379,15378,1,-1
2022-08-15 15:14:07.056,15378,15379,15378,4,-4
2022-08-15 15:14:11.822,15377,15379,15377,2,-2
2022-08-15 15:14:17.184,15377,15378,15377,1,-1
2022-08-15 15:14:17.607,15377,15378,15377,1,-1
2022-08-15 15:14:17.909,15377,15378,15377,1,-1
2022-08-15 15:14:18.292,15377,15378,15377,2,-2
2022-08-15 15:14:19.037,15377,15378,15377,1,-1
2022-08-15 15:14:19.797,15377,15378,15377,3,-3
2022-08-15 15:14:19.797,15377,15378,15376,2,-2
2022-08-15 15:14:20.244,15376,15378,15376,5,-5
2022-08-15 15:14:20.287,15376,15378,15376,1,-1
2022-08-15 15:14:20.337,15376,15378,15376,1,-1
2022-08-15 15:14:20.339,15376,15378,15376,1,-1
2022-08-15 15:14:20.394,15376,15378,15376,1,-1
2022-08-15 15:14:20.396,15376,15378,15376,1,-1
2022-08-15 15:14:20.538,15375,15377,15375,2,-2
2022-08-15 15:14:20.601,15375,15377,15375,3,-3
2022-08-15 15:14:20.858,15375,15377,15375,1,-1
2022-08-15 15:14:20.899,15375,15377,15375,1,-1
2022-08-15 15:14:20.949,15375,15377,15375,1,-1
2022-08-15 15:14:23.019,15375,15377,15377,1,1
2022-08-15 15:14:24.930,15376,15377,15376,1,-1
2022-08-15 15:14:30.049,15376,15377,15376,2,-2
2022-08-15 15:14:36.161,15376,15377,15377,1,1
2022-08-15 15:14:37.289,15376,15377,15376,1,-1
2022-08-15 15:14:42.037,15376,15377,15376,2,-2
2022-08-15 15:14:43.189,15375,15376,15376,2,2
2022-08-15 15:14:47.482,15376,15377,15377,3,3
2022-08-15 15:14:50.039,15376,15378,15376,2,-2
2022-08-15 15:14:50.232,15376,15378,15376,2,-2
2022-08-15 15:14:50.233,15376,15378,15376,1,-1
2022-08-15 15:14:50.237,15376,15378,15375,20,-20
2022-08-15 15:14:50.238,15376,15378,15375,1,-1
2022-08-15 15:14:50.238,15376,15378,15375,6,-6
2022-08-15 15:14:50.238,15376,15378,15375,5,-5
2022-08-15 15:14:50.238,15376,15378,15375,1,-1
2022-08-15 15:14:50.238,15376,15378,15375,9,-9
2022-08-15 15:14:50.242,15376,15378,15374,2,-2
2022-08-15 15:14:50.262,15376,15378,15375,1,-1
2022-08-15 15:14:50.387,15374,15376,15374,1,-1
2022-08-15 15:14:50.397,15374,15376,15374,2,-2
2022-08-15 15:14:50.428,15374,15376,15374,1,-1
2022-08-15 15:14:50.547,15374,15375,15374,1,-1
2022-08-15 15:14:50.653,15374,15376,15374,2,-2
2022-08-15 15:14:51.917,15374,15375,15374,5,-5
2022-08-15 15:14:52.086,15373,15374,15373,1,-1
2022-08-15 15:14:52.208,15373,15374,15373,1,-1
2022-08-15 15:14:52.731,15373,15374,15374,5,5
2022-08-15 15:14:52.732,15373,15374,15374,11,11
2022-08-15 15:14:55.435,15373,15375,15375,1,1
2022-08-15 15:14:55.557,15373,15375,15373,4,-4
2022-08-15 15:14:55.877,15373,15375,15373,1,-1
2022-08-15 15:14:56.965,15373,15375,15373,1,-1
2022-08-15 15:14:57.148,15373,15375,15375,3,3
2022-08-15 15:14:57.396,15374,15376,15376,3,3
2022-08-15 15:14:57.572,15374,15376,15374,2,-2
2022-08-15 15:14:59.206,15374,15376,15374,3,-3
2022-08-15 15:15:00.071,15374,15376,15376,1,1
2022-08-15 15:15:00.092,15374,15376,15376,1,1
2022-08-15 15:15:00.092,15374,15376,15376,1,1
2022-08-15 15:15:00.220,15375,15377,15375,1,-1
2022-08-15 15:15:00.336,15375,15377,15377,3,3
2022-08-15 15:15:03.944,15374,15376,15376,1,1
2022-08-15 15:15:03.950,15375,15376,15376,1,1
2022-08-15 15:15:04.636,15375,15377,15375,1,-1
2022-08-15 15:15:04.636,15375,15377,15374,13,-13
2022-08-15 15:15:04.636,15375,15377,15373,6,-6
2022-08-15 15:15:04.958,15374,15375,15374,3,-3
2022-08-15 15:15:04.958,15374,15375,15373,3,-3
2022-08-15 15:15:05.719,15373,15375,15375,1,1
2022-08-15 15:15:12.136,15373,15374,15374,1,1
2022-08-15 15:15:18.407,15373,15374,15373,1,-1
2022-08-15 15:15:18.429,15373,15374,15373,1,-1
2022-08-15 15:15:18.451,15373,15374,15374,1,1
2022-08-15 15:15:18.465,15373,15374,15373,1,-1
2022-08-15 15:15:19.061,15373,15374,15373,1,-1
2022-08-15 15:15:19.065,15373,15374,15372,2,-2
2022-08-15 15:15:19.080,15372,15373,15373,1,1
2022-08-15 15:15:19.541,15372,15373,15372,1,-1
2022-08-15 15:15:19.542,15372,15373,15372,1,-1
2022-08-15 15:15:19.663,15372,15373,15372,1,-1
2022-08-15 15:15:21.206,15372,15373,15373,1,1
2022-08-15 15:15:22.266,15372,15373,15372,1,-1
2022-08-15 15:15:26.368,15372,15373,15372,1,-1
2022-08-15 15:15:31.794,15372,15373,15372,2,-2
2022-08-15 15:15:33.794,15372,15373,15372,2,-2
2022-08-15 15:15:33.795,15372,15373,15372,4,-4
2022-08-15 15:15:33.851,15371,15372,15371,10,-10
2022-08-15 15:15:34.062,15371,15372,15371,1,-1
2022-08-15 15:15:34.083,15371,15372,15371,2,-2
2022-08-15 15:15:34.134,15371,15372,15371,1,-1
2022-08-15 15:15:34.168,15371,15372,15371,3,-3
2022-08-15 15:15:34.168,15371,15372,15371,8,-8
2022-08-15 15:15:34.771,15370,15371,15370,1,-1
2022-08-15 15:15:34.838,15370,15371,15370,5,-5
2022-08-15 15:15:34.846,15370,15371,15370,5,-5
2022-08-15 15:15:34.855,15370,15371,15370,5,-5
2022-08-15 15:15:34.865,15370,15371,15370,5,-5
2022-08-15 15:15:34.924,15370,15371,15370,1,-1
2022-08-15 15:15:34.924,15370,15371,15370,2,-2
2022-08-15 15:15:35.040,15369,15370,15369,2,-2
2022-08-15 15:15:35.081,15369,15370,15369,2,-2
2022-08-15 15:15:35.081,15369,15370,15369,1,-1
2022-08-15 15:15:35.092,15369,15370,15368,1,-1
2022-08-15 15:15:35.178,15369,15370,15370,1,1
2022-08-15 15:15:37.266,15368,15370,15368,2,-2
2022-08-15 15:15:37.359,15368,15370,15368,5,-5
2022-08-15 15:15:38.135,15368,15369,15368,1,-1
2022-08-15 15:15:38.213,15368,15369,15368,2,-2
2022-08-15 15:15:38.213,15368,15369,15368,1,-1
2022-08-15 15:15:38.213,15368,15369,15368,1,-1
2022-08-15 15:15:38.213,15368,15369,15368,1,-1
2022-08-15 15:15:38.443,15367,15368,15367,1,-1
2022-08-15 15:15:38.570,15367,15368,15367,1,-1
2022-08-15 15:15:38.585,15367,15368,15367,1,-1
2022-08-15 15:15:38.628,15367,15368,15367,1,-1
2022-08-15 15:15:38.637,15367,15368,15367,1,-1
2022-08-15 15:15:38.663,15367,15368,15367,1,-1
2022-08-15 15:15:38.801,15367,15368,15367,1,-1
2022-08-15 15:15:38.926,15367,15368,15367,1,-1
2022-08-15 15:15:38.927,15367,15368,15367,1,-1
2022-08-15 15:15:38.927,15367,15368,15367,1,-1
2022-08-15 15:15:38.927,15367,15368,15367,3,-3
2022-08-15 15:15:38.981,15366,15368,15368,7,7
2022-08-15 15:15:38.981,15366,15368,15369,3,3
2022-08-15 15:15:39.120,15367,15369,15367,2,-2
2022-08-15 15:15:39.121,15367,15369,15367,2,-2
2022-08-15 15:15:39.142,15367,15369,15367,3,-3
2022-08-15 15:15:39.490,15367,15369,15367,1,-1
2022-08-15 15:15:39.813,15367,15369,15367,3,-3
2022-08-15 15:15:41.030,15367,15369,15367,1,-1
2022-08-15 15:15:43.415,15367,15369,15367,2,-2
2022-08-15 15:15:43.634,15367,15369,15367,5,-5
2022-08-15 15:15:43.637,15367,15369,15367,15,-15
2022-08-15 15:15:43.637,15367,15369,15367,1,-1
2022-08-15 15:15:44.342,15368,15370,15368,1,-1
2022-08-15 15:15:44.760,15368,15370,15368,2,-2
2022-08-15 15:15:45.321,15368,15370,15368,2,-2
2022-08-15 15:15:45.617,15367,15369,15367,7,-7
2022-08-15 15:15:47.108,15367,15369,15367,1,-1
2022-08-15 15:15:49.066,15367,15369,15367,1,-1
2022-08-15 15:15:52.805,15368,15369,15368,1,-1
2022-08-15 15:15:55.847,15368,15369,15368,1,-1
2022-08-15 15:15:58.356,15368,15369,15368,2,-2
2022-08-15 15:15:58.356,15368,15369,15368,1,-1
2022-08-15 15:15:58.470,15367,15368,15368,1,1
2022-08-15 15:15:58.592,15367,15368,15368,1,1
2022-08-15 15:15:59.767,15367,15368,15368,3,3
2022-08-15 15:16:00.243,15367,15368,15367,1,-1
2022-08-15 15:16:00.271,15367,15368,15367,1,-1
2022-08-15 15:16:00.272,15367,15368,15367,4,-4
2022-08-15 15:16:00.320,15367,15368,15366,1,-1
2022-08-15 15:16:00.328,15366,15368,15368,3,3
2022-08-15 15:16:00.328,15366,15368,15368,4,4
2022-08-15 15:16:00.329,15366,15368,15368,3,3
2022-08-15 15:16:00.329,15366,15368,15368,2,2
2022-08-15 15:16:00.357,15366,15368,15367,1,1
2022-08-15 15:16:00.977,15367,15369,15367,2,-2
2022-08-15 15:16:01.008,15367,15369,15367,2,-2
2022-08-15 15:16:01.018,15367,15369,15367,1,-1
2022-08-15 15:16:02.630,15367,15369,15369,2,2
2022-08-15 15:16:02.723,15367,15369,15367,1,-1
2022-08-15 15:16:03.087,15367,15369,15367,1,-1
2022-08-15 15:16:04.619,15366,15367,15368,3,3
2022-08-15 15:16:05.736,15367,15369,15369,1,1
2022-08-15 15:16:06.718,15367,15369,15367,1,-1
2022-08-15 15:16:07.641,15367,15369,15367,1,-1
2022-08-15 15:16:07.700,15367,15369,15369,1,1
2022-08-15 15:16:07.706,15367,15369,15369,1,1
2022-08-15 15:16:08.723,15367,15368,15367,1,-1
2022-08-15 15:16:10.391,15367,15369,15367,1,-1
2022-08-15 15:16:17.056,15367,15369,15367,5,-5
2022-08-15 15:16:17.056,15367,15369,15366,1,-1
2022-08-15 15:16:19.546,15366,15368,15368,5,5
2022-08-15 15:16:19.575,15367,15369,15369,1,1
2022-08-15 15:16:19.575,15367,15369,15369,1,1
2022-08-15 15:16:19.575,15367,15369,15369,1,1
2022-08-15 15:16:19.576,15367,15369,15369,1,1
2022-08-15 15:16:19.576,15367,15369,15369,1,1
2022-08-15 15:16:19.576,15367,15369,15369,1,1
2022-08-15 15:16:19.964,15368,15369,15368,12,-12
2022-08-15 15:16:19.964,15368,15369,15367,13,-13
2022-08-15 15:16:19.964,15368,15369,15366,21,-21
2022-08-15 15:16:19.967,15368,15369,15365,2,-2
2022-08-15 15:16:19.967,15368,15369,15365,1,-1
2022-08-15 15:16:19.967,15368,15369,15366,3,-3
2022-08-15 15:16:19.967,15368,15369,15366,1,-1
2022-08-15 15:16:19.967,15368,15369,15366,1,-1
2022-08-15 15:16:19.968,15368,15369,15366,1,-1
2022-08-15 15:16:19.968,15368,15369,15366,1,-1
2022-08-15 15:16:19.968,15368,15369,15366,2,-2
2022-08-15 15:16:19.968,15368,15369,15366,1,-1
2022-08-15 15:16:19.968,15368,15369,15366,1,-1
2022-08-15 15:16:20.078,15365,15367,15367,1,1
2022-08-15 15:16:20.153,15365,15367,15365,1,-1
2022-08-15 15:16:20.376,15365,15367,15365,1,-1
2022-08-15 15:16:21.832,15366,15367,15366,2,-2
2022-08-15 15:16:22.867,15366,15367,15367,7,7
2022-08-15 15:16:25.013,15367,15369,15367,6,-6
2022-08-15 15:16:26.934,15367,15369,15367,1,-1
2022-08-15 15:16:28.234,15366,15367,15367,3,3
2022-08-15 15:16:28.328,15366,15367,15367,1,1
2022-08-15 15:16:30.856,15366,15367,15367,1,1
2022-08-15 15:16:34.723,15366,15367,15366,1,-1
2022-08-15 15:16:34.723,15366,15367,15366,5,-5
2022-08-15 15:16:36.521,15365,15366,15365,2,-2
2022-08-15 15:16:37.004,15365,15366,15365,1,-1
2022-08-15 15:16:37.074,15365,15366,15366,1,1
2022-08-15 15:16:37.075,15365,15366,15366,1,1
2022-08-15 15:16:37.075,15365,15366,15366,1,1
2022-08-15 15:16:37.075,15365,15366,15366,1,1
2022-08-15 15:16:37.075,15365,15366,15366,1,1
2022-08-15 15:16:37.075,15365,15366,15367,1,1
2022-08-15 15:16:37.075,15365,15366,15367,1,1
2022-08-15 15:16:37.075,15365,15366,15367,1,1
2022-08-15 15:16:37.075,15365,15366,15367,1,1
2022-08-15 15:16:40.723,15366,15367,15366,1,-1
2022-08-15 15:16:42.217,15366,15367,15367,1,1
2022-08-15 15:16:43.828,15366,15367,15367,2,2
2022-08-15 15:16:46.060,15366,15368,15368,1,1
2022-08-15 15:16:46.619,15366,15368,15368,1,1
2022-08-15 15:16:48.661,15366,15368,15368,3,3
2022-08-15 15:16:49.947,15367,15368,15368,3,3
2022-08-15 15:16:50.148,15367,15368,15367,3,-3
2022-08-15 15:16:50.260,15366,15368,15368,1,1
2022-08-15 15:16:54.683,15367,15368,15368,3,3
2022-08-15 15:16:54.683,15367,15368,15369,2,2
2022-08-15 15:16:54.992,15367,15369,15369,1,1
2022-08-15 15:16:55.033,15367,15369,15367,1,-1
2022-08-15 15:17:00.395,15368,15370,15370,5,5
2022-08-15 15:17:02.458,15369,15370,15370,5,5
2022-08-15 15:17:04.260,15369,15370,15369,2,-2
2022-08-15 15:17:06.087,15369,15370,15370,5,5
2022-08-15 15:17:07.700,15369,15370,15369,3,-3
2022-08-15 15:17:08.417,15369,15370,15370,5,5
2022-08-15 15:17:09.380,15370,15371,15370,1,-1
2022-08-15 15:17:15.118,15369,15370,15369,4,-4
2022-08-15 15:17:15.966,15368,15370,15368,1,-1
2022-08-15 15:17:20.768,15368,15370,15368,1,-1
2022-08-15 15:17:22.201,15368,15370,15368,1,-1
2022-08-15 15:17:22.325,15368,15370,15368,1,-1
2022-08-15 15:17:22.325,15368,15370,15368,1,-1
2022-08-15 15:17:26.018,15368,15370,15368,1,-1
2022-08-15 15:17:29.016,15368,15370,15368,1,-1
2022-08-15 15:17:29.075,15368,15370,15368,1,-1
2022-08-15 15:17:29.075,15368,15370,15368,1,-1
2022-08-15 15:17:30.345,15368,15370,15368,2,-2
2022-08-15 15:17:30.350,15368,15370,15368,10,-10
2022-08-15 15:17:30.352,15368,15370,15368,1,-1
2022-08-15 15:17:31.180,15367,15368,15368,2,2
2022-08-15 15:17:35.152,15367,15368,15368,1,1
2022-08-15 15:17:35.382,15367,15368,15368,5,5
2022-08-15 15:17:36.590,15367,15368,15367,1,-1
2022-08-15 15:17:45.166,15367,15368,15367,1,-1
2022-08-15 15:17:47.417,15367,15368,15368,2,2
2022-08-15 15:17:48.134,15367,15368,15367,3,-3
2022-08-15 15:17:50.064,15366,15367,15366,1,-1
2022-08-15 15:17:50.260,15366,15367,15367,2,2
2022-08-15 15:17:52.105,15366,15367,15367,3,3
2022-08-15 15:17:52.215,15366,15367,15366,1,-1
2022-08-15 15:17:54.586,15366,15367,15367,2,2
2022-08-15 15:17:55.237,15366,15367,15367,1,1
2022-08-15 15:17:55.237,15366,15367,15367,10,10
2022-08-15 15:17:57.346,15367,15368,15368,5,5
2022-08-15 15:17:57.350,15367,15368,15368,5,5
2022-08-15 15:17:57.350,15367,15368,15368,1,1
2022-08-15 15:17:57.350,15367,15368,15369,4,4
2022-08-15 15:17:57.363,15367,15368,15369,2,2
2022-08-15 15:17:57.363,15367,15368,15370,3,3
2022-08-15 15:17:58.076,15368,15370,15368,1,-1
2022-08-15 15:17:58.521,15368,15369,15368,1,-1
2022-08-15 15:17:59.007,15368,15369,15368,1,-1
2022-08-15 15:18:02.290,15369,15370,15369,1,-1
2022-08-15 15:18:02.290,15369,15370,15369,1,-1
2022-08-15 15:18:10.522,15368,15370,15370,1,1
2022-08-15 15:18:11.971,15369,15370,15370,1,1
2022-08-15 15:18:12.618,15369,15370,15370,1,1
2022-08-15 15:18:17.453,15370,15371,15370,1,-1
2022-08-15 15:18:18.006,15370,15371,15370,1,-1
2022-08-15 15:18:18.130,15370,15371,15370,1,-1
2022-08-15 15:18:18.381,15370,15371,15370,1,-1
2022-08-15 15:18:21.502,15370,15371,15370,1,-1
2022-08-15 15:18:21.718,15370,15371,15371,2,2
2022-08-15 15:18:22.013,15371,15372,15371,1,-1
2022-08-15 15:18:24.054,15370,15371,15371,1,1
2022-08-15 15:18:25.429,15370,15371,15371,1,1
2022-08-15 15:18:25.432,15370,15371,15370,2,-2
2022-08-15 15:18:25.820,15370,15372,15370,1,-1
2022-08-15 15:18:29.538,15370,15372,15372,2,2
2022-08-15 15:18:30.287,15370,15372,15371,1,1
2022-08-15 15:18:30.375,15370,15372,15372,2,2
2022-08-15 15:18:30.957,15370,15372,15371,1,1
2022-08-15 15:18:31.276,15371,15372,15372,2,2
2022-08-15 15:18:33.163,15370,15372,15372,1,1
2022-08-15 15:18:33.389,15370,15372,15370,4,-4
2022-08-15 15:18:33.591,15370,15372,15372,1,1
2022-08-15 15:18:35.619,15370,15372,15372,1,1
2022-08-15 15:18:37.143,15370,15371,15371,2,2
2022-08-15 15:18:38.238,15371,15372,15372,1,1
2022-08-15 15:18:39.451,15371,15372,15371,1,-1
2022-08-15 15:18:43.299,15371,15372,15372,1,1
2022-08-15 15:18:49.681,15371,15372,15372,1,1
2022-08-15 15:18:53.231,15371,15372,15371,4,-4
2022-08-15 15:18:53.232,15371,15372,15371,8,-8
2022-08-15 15:18:53.935,15370,15371,15370,1,-1
2022-08-15 15:18:57.331,15369,15370,15369,1,-1
2022-08-15 15:18:59.197,15369,15370,15369,3,-3
2022-08-15 15:18:59.621,15368,15370,15370,5,5
2022-08-15 15:19:00.393,15368,15370,15370,1,1
2022-08-15 15:19:01.799,15368,15370,15370,1,1
2022-08-15 15:19:05.071,15368,15369,15369,1,1
2022-08-15 15:19:05.569,15369,15370,15370,1,1
2022-08-15 15:19:08.873,15369,15370,15370,5,5
2022-08-15 15:19:08.908,15369,15370,15370,1,1
2022-08-15 15:19:11.077,15370,15372,15370,1,-1
2022-08-15 15:19:17.263,15370,15371,15370,2,-2
2022-08-15 15:19:17.913,15369,15371,15371,1,1
2022-08-15 15:19:23.106,15369,15370,15369,4,-4
2022-08-15 15:19:24.767,15368,15370,15370,1,1
2022-08-15 15:19:38.648,15369,15370,15370,4,4
2022-08-15 15:19:46.667,15369,15370,15369,4,-4
2022-08-15 15:19:46.667,15369,15370,15369,1,-1
2022-08-15 15:19:46.667,15369,15370,15369,1,-1
2022-08-15 15:19:46.667,15369,15370,15369,1,-1
2022-08-15 15:19:46.668,15369,15370,15369,1,-1
2022-08-15 15:19:46.668,15369,15370,15369,1,-1
2022-08-15 15:19:47.901,15368,15369,15369,1,1
2022-08-15 15:19:49.262,15368,15369,15369,2,2
2022-08-15 15:19:49.384,15368,15369,15368,2,-2
2022-08-15 15:19:55.548,15367,15368,15368,1,1
2022-08-15 15:19:56.952,15367,15368,15368,1,1
2022-08-15 15:20:01.014,15367,15368,15367,5,-5
2022-08-15 15:20:01.014,15367,15368,15367,2,-2
2022-08-15 15:20:01.014,15367,15368,15367,1,-1
2022-08-15 15:20:01.080,15366,15368,15366,2,-2
2022-08-15 15:20:01.080,15366,15368,15366,1,-1
2022-08-15 15:20:01.082,15366,15368,15366,1,-1
2022-08-15 15:20:01.395,15366,15367,15366,1,-1
2022-08-15 15:20:01.435,15366,15367,15366,1,-1
2022-08-15 15:20:01.435,15366,15367,15366,4,-4
2022-08-15 15:20:01.758,15365,15367,15365,3,-3
2022-08-15 15:20:01.876,15365,15367,15365,3,-3
2022-08-15 15:20:01.924,15365,15367,15365,2,-2
2022-08-15 15:20:02.051,15365,15367,15365,2,-2
2022-08-15 15:20:02.075,15365,15367,15365,1,-1
2022-08-15 15:20:02.075,15365,15367,15365,1,-1
2022-08-15 15:20:02.075,15365,15367,15365,1,-1
2022-08-15 15:20:02.075,15365,15367,15365,1,-1
2022-08-15 15:20:02.075,15365,15367,15365,1,-1
2022-08-15 15:20:02.142,15365,15367,15365,2,-2
2022-08-15 15:20:02.392,15365,15366,15365,1,-1
2022-08-15 15:20:02.397,15365,15366,15365,1,-1
2022-08-15 15:20:02.832,15365,15366,15365,2,-2
2022-08-15 15:20:03.652,15365,15366,15365,1,-1
2022-08-15 15:20:03.653,15365,15366,15365,1,-1
2022-08-15 15:20:04.551,15364,15366,15365,1,-1
2022-08-15 15:20:04.554,15364,15366,15365,2,-2
2022-08-15 15:20:05.832,15365,15366,15365,1,-1
2022-08-15 15:20:06.934,15365,15366,15365,1,-1
2022-08-15 15:20:10.489,15365,15366,15366,3,3
2022-08-15 15:20:12.096,15365,15367,15365,2,-2
2022-08-15 15:20:14.300,15365,15367,15365,1,-1
2022-08-15 15:20:16.067,15364,15366,15365,1,-1
2022-08-15 15:20:19.396,15365,15366,15366,1,1
2022-08-15 15:20:20.186,15364,15366,15365,1,1
2022-08-15 15:20:20.204,15364,15366,15364,1,-1
2022-08-15 15:20:20.334,15364,15366,15364,4,-4
2022-08-15 15:20:20.341,15364,15366,15364,2,-2
2022-08-15 15:20:20.619,15364,15366,15364,1,-1
2022-08-15 15:20:20.680,15364,15366,15364,1,-1
2022-08-15 15:20:20.684,15364,15366,15364,1,-1
2022-08-15 15:20:20.730,15364,15366,15364,1,-1
2022-08-15 15:20:20.739,15364,15366,15364,2,-2
2022-08-15 15:20:20.783,15364,15366,15364,2,-2
2022-08-15 15:20:20.878,15364,15366,15364,2,-2
2022-08-15 15:20:20.916,15364,15366,15364,2,-2
2022-08-15 15:20:20.944,15364,15366,15364,1,-1
2022-08-15 15:20:20.960,15364,15366,15364,1,-1
2022-08-15 15:20:21.620,15365,15366,15365,1,-1
2022-08-15 15:20:22.543,15364,15366,15364,1,-1
2022-08-15 15:20:22.642,15364,15366,15365,1,-1
2022-08-15 15:20:24.614,15364,15366,15365,1,-1
2022-08-15 15:20:26.927,15364,15366,15365,1,-1
2022-08-15 15:20:29.887,15364,15365,15365,1,1
2022-08-15 15:20:29.950,15364,15365,15364,1,-1
2022-08-15 15:20:29.950,15364,15365,15364,1,-1
2022-08-15 15:20:29.950,15364,15365,15364,1,-1
2022-08-15 15:20:29.951,15364,15365,15364,1,-1
2022-08-15 15:20:30.161,15363,15364,15364,2,2
2022-08-15 15:20:30.199,15364,15365,15365,3,3
2022-08-15 15:20:32.266,15363,15365,15364,3,3
2022-08-15 15:20:33.178,15363,15364,15364,4,4
2022-08-15 15:20:34.417,15363,15364,15364,1,1
2022-08-15 15:20:35.339,15363,15364,15364,1,1
2022-08-15 15:20:37.867,15363,15364,15363,1,-1
2022-08-15 15:20:38.197,15363,15364,15363,15,-15
2022-08-15 15:20:38.197,15363,15364,15363,1,-1
2022-08-15 15:20:38.197,15363,15364,15363,1,-1
2022-08-15 15:20:38.198,15363,15364,15363,1,-1
2022-08-15 15:20:38.198,15363,15364,15363,1,-1
2022-08-15 15:20:38.198,15363,15364,15363,4,-4
2022-08-15 15:20:38.643,15362,15363,15363,1,1
2022-08-15 15:20:39.884,15362,15364,15362,1,-1
2022-08-15 15:20:40.012,15362,15364,15362,1,-1
2022-08-15 15:20:40.023,15362,15364,15362,2,-2
2022-08-15 15:20:40.029,15362,15364,15362,1,-1
2022-08-15 15:20:40.031,15362,15364,15362,1,-1
2022-08-15 15:20:40.045,15362,15364,15362,3,-3
2022-08-15 15:20:40.055,15362,15364,15362,1,-1
2022-08-15 15:20:40.066,15362,15364,15362,1,-1
2022-08-15 15:20:40.296,15362,15364,15362,2,-2
2022-08-15 15:20:40.364,15362,15364,15362,1,-1
2022-08-15 15:20:40.640,15362,15364,15362,1,-1
2022-08-15 15:20:40.649,15362,15364,15362,1,-1
2022-08-15 15:20:40.654,15362,15364,15362,2,-2
2022-08-15 15:20:40.659,15362,15364,15362,1,-1
2022-08-15 15:20:40.819,15362,15364,15362,1,-1
2022-08-15 15:20:40.917,15361,15363,15361,1,-1
2022-08-15 15:20:41.000,15361,15363,15361,1,-1
2022-08-15 15:20:41.038,15361,15363,15362,1,-1
2022-08-15 15:20:41.089,15361,15363,15361,1,-1
2022-08-15 15:20:41.112,15361,15363,15361,2,-2
2022-08-15 15:20:41.160,15361,15363,15361,1,-1
2022-08-15 15:20:41.200,15361,15363,15361,2,-2
2022-08-15 15:20:41.234,15361,15363,15361,1,-1
2022-08-15 15:20:41.283,15361,15363,15361,1,-1
2022-08-15 15:20:42.710,15361,15363,15361,4,-4
2022-08-15 15:20:43.016,15362,15363,15363,1,1
2022-08-15 15:20:43.107,15362,15364,15362,1,-1
2022-08-15 15:20:43.553,15362,15364,15362,1,-1
2022-08-15 15:20:43.968,15362,15364,15362,1,-1
2022-08-15 15:20:46.448,15362,15364,15363,1,-1
2022-08-15 15:20:46.661,15362,15364,15362,1,-1
2022-08-15 15:20:46.990,15362,15364,15364,2,2
2022-08-15 15:20:47.547,15363,15364,15364,3,3
2022-08-15 15:20:47.576,15364,15365,15364,1,-1
2022-08-15 15:20:47.802,15364,15365,15365,1,1
2022-08-15 15:20:47.802,15364,15365,15365,1,1
2022-08-15 15:20:47.802,15364,15365,15365,1,1
2022-08-15 15:20:49.223,15364,15366,15366,1,1
2022-08-15 15:20:58.258,15364,15366,15366,1,1
2022-08-15 15:20:59.382,15365,15366,15366,7,7
2022-08-15 15:20:59.822,15365,15367,15365,1,-1
2022-08-15 15:21:01.929,15366,15367,15366,1,-1
2022-08-15 15:21:02.410,15365,15367,15365,1,-1
2022-08-15 15:21:02.640,15364,15366,15364,2,-2
2022-08-15 15:21:02.693,15364,15366,15364,1,-1
2022-08-15 15:21:02.760,15364,15366,15364,1,-1
2022-08-15 15:21:02.830,15364,15366,15364,2,-2
2022-08-15 15:21:03.013,15364,15365,15364,1,-1
2022-08-15 15:21:03.016,15364,15365,15364,2,-2
2022-08-15 15:21:04.589,15362,15364,15364,1,1
2022-08-15 15:21:06.880,15362,15363,15362,1,-1
2022-08-15 15:21:07.116,15362,15363,15362,1,-1
2022-08-15 15:21:07.449,15363,15364,15364,1,1
2022-08-15 15:21:10.034,15363,15364,15363,1,-1
2022-08-15 15:21:14.560,15363,15364,15363,1,-1
2022-08-15 15:21:14.834,15362,15364,15362,3,-3
2022-08-15 15:21:15.964,15362,15364,15362,2,-2
2022-08-15 15:21:16.331,15362,15363,15363,1,1
2022-08-15 15:21:16.645,15362,15363,15363,1,1
2022-08-15 15:21:18.073,15362,15363,15362,1,-1
2022-08-15 15:21:20.193,15362,15363,15362,1,-1
2022-08-15 15:21:22.298,15362,15363,15363,1,1
2022-08-15 15:21:28.108,15362,15363,15362,3,-3
2022-08-15 15:21:31.922,15362,15363,15363,1,1
2022-08-15 15:21:40.737,15362,15363,15362,1,-1
2022-08-15 15:21:42.687,15362,15363,15362,3,-3
2022-08-15 15:21:42.687,15362,15363,15362,1,-1
2022-08-15 15:21:44.068,15361,15362,15361,1,-1
2022-08-15 15:21:44.203,15361,15362,15361,1,-1
2022-08-15 15:21:44.269,15361,15362,15361,1,-1
2022-08-15 15:21:44.269,15361,15362,15361,3,-3
2022-08-15 15:21:45.357,15360,15361,15361,1,1
2022-08-15 15:21:45.357,15360,15361,15362,2,2
2022-08-15 15:21:46.061,15360,15361,15360,1,-1
2022-08-15 15:21:46.093,15360,15361,15360,1,-1
2022-08-15 15:21:46.112,15360,15361,15360,1,-1
2022-08-15 15:21:46.124,15360,15361,15360,1,-1
2022-08-15 15:21:46.128,15360,15361,15360,1,-1
2022-08-15 15:21:46.182,15360,15361,15360,1,-1
2022-08-15 15:21:46.219,15360,15361,15360,15,-15
2022-08-15 15:21:46.219,15360,15361,15359,1,-1
2022-08-15 15:21:46.463,15359,15361,15361,1,1
2022-08-15 15:21:46.531,15359,15361,15361,1,1
2022-08-15 15:21:46.722,15359,15361,15359,1,-1
2022-08-15 15:21:46.731,15359,15361,15359,2,-2
2022-08-15 15:21:46.790,15359,15361,15359,2,-2
2022-08-15 15:21:46.845,15359,15361,15359,1,-1
2022-08-15 15:21:46.845,15359,15361,15358,1,-1
2022-08-15 15:21:46.866,15359,15361,15359,2,-2
2022-08-15 15:21:46.869,15359,15361,15359,1,-1
2022-08-15 15:21:46.869,15359,15361,15359,1,-1
2022-08-15 15:21:46.953,15359,15361,15359,1,-1
2022-08-15 15:21:46.960,15359,15361,15359,1,-1
2022-08-15 15:21:47.011,15359,15361,15359,1,-1
2022-08-15 15:21:47.015,15359,15361,15359,1,-1
2022-08-15 15:21:47.028,15359,15361,15359,1,-1
2022-08-15 15:21:47.042,15359,15361,15359,1,-1
2022-08-15 15:21:47.042,15359,15361,15358,1,-1
2022-08-15 15:21:47.061,15359,15361,15359,1,-1
2022-08-15 15:21:47.082,15359,15361,15359,3,-3
2022-08-15 15:21:47.194,15359,15361,15359,2,-2
2022-08-15 15:21:47.194,15359,15361,15358,1,-1
2022-08-15 15:21:47.231,15358,15360,15360,1,1
2022-08-15 15:21:47.415,15359,15361,15359,1,-1
2022-08-15 15:21:47.575,15359,15360,15360,1,1
2022-08-15 15:21:48.357,15359,15361,15360,1,1
2022-08-15 15:21:48.450,15359,15361,15360,1,1
2022-08-15 15:21:48.929,15359,15361,15359,1,-1
2022-08-15 15:21:48.966,15359,15361,15359,3,-3
2022-08-15 15:21:50.855,15360,15361,15361,5,5
2022-08-15 15:21:52.283,15361,15363,15361,1,-1
2022-08-15 15:21:53.045,15361,15363,15361,3,-3
2022-08-15 15:21:53.045,15361,15363,15360,12,-12
2022-08-15 15:21:53.307,15360,15362,15361,1,-1
2022-08-15 15:21:53.678,15360,15362,15361,1,-1
2022-08-15 15:21:54.000,15360,15362,15360,1,-1
2022-08-15 15:21:54.000,15360,15362,15359,9,-9
2022-08-15 15:21:54.218,15359,15361,15360,1,-1
2022-08-15 15:21:55.560,15359,15361,15361,1,1
2022-08-15 15:21:55.806,15359,15361,15361,1,1
2022-08-15 15:21:56.357,15359,15361,15361,1,1
2022-08-15 15:21:58.253,15359,15361,15361,1,1
2022-08-15 15:21:58.470,15359,15361,15361,1,1
2022-08-15 15:21:59.918,15359,15361,15360,1,1
2022-08-15 15:22:00.040,15359,15361,15361,1,1
2022-08-15 15:22:00.076,15359,15361,15359,1,-1
2022-08-15 15:22:00.076,15359,15361,15359,1,-1
2022-08-15 15:22:00.077,15359,15361,15359,1,-1
2022-08-15 15:22:00.077,15359,15361,15359,1,-1
2022-08-15 15:22:00.077,15359,15361,15359,1,-1
2022-08-15 15:22:01.523,15359,15361,15360,1,-1
2022-08-15 15:22:01.575,15359,15361,15359,1,-1
2022-08-15 15:22:01.575,15359,15361,15359,1,-1
2022-08-15 15:22:03.152,15359,15361,15359,1,-1
2022-08-15 15:22:05.241,15360,15361,15360,1,-1
2022-08-15 15:22:05.241,15360,15361,15359,1,-1
2022-08-15 15:22:07.824,15360,15361,15361,2,2
2022-08-15 15:22:08.796,15360,15362,15362,2,2
2022-08-15 15:22:08.830,15360,15362,15360,1,-1
2022-08-15 15:22:10.096,15360,15362,15360,1,-1
2022-08-15 15:22:10.724,15360,15362,15360,1,-1
2022-08-15 15:22:14.476,15360,15362,15362,1,1
2022-08-15 15:22:15.794,15360,15362,15362,1,1
2022-08-15 15:22:18.262,15361,15363,15361,3,-3
2022-08-15 15:22:19.704,15361,15363,15362,2,-2
2022-08-15 15:22:19.825,15361,15363,15361,1,-1
2022-08-15 15:22:20.217,15361,15363,15362,2,-2
2022-08-15 15:22:22.699,15361,15362,15362,1,1
2022-08-15 15:22:23.649,15360,15362,15362,2,2
2022-08-15 15:22:33.684,15360,15362,15362,1,1
2022-08-15 15:22:45.753,15361,15362,15362,1,1
2022-08-15 15:22:47.020,15361,15362,15361,1,-1
2022-08-15 15:22:51.806,15361,15362,15361,1,-1
2022-08-15 15:22:52.058,15361,15362,15361,1,-1
2022-08-15 15:22:56.011,15361,15362,15361,2,-2
2022-08-15 15:22:56.515,15361,15362,15362,3,3
2022-08-15 15:22:58.210,15361,15362,15361,1,-1
2022-08-15 15:22:58.603,15361,15362,15362,1,1
2022-08-15 15:23:02.408,15361,15362,15361,1,-1
2022-08-15 15:23:17.804,15361,15362,15362,6,6
2022-08-15 15:23:18.057,15362,15363,15362,1,-1
2022-08-15 15:23:18.079,15362,15363,15362,1,-1
2022-08-15 15:23:20.494,15361,15363,15363,1,1
2022-08-15 15:23:20.738,15361,15363,15362,1,1
2022-08-15 15:23:24.293,15362,15363,15362,1,-1
2022-08-15 15:23:24.293,15362,15363,15362,1,-1
2022-08-15 15:23:25.494,15362,15363,15363,1,1
2022-08-15 15:23:25.495,15362,15363,15363,6,6
2022-08-15 15:23:25.496,15362,15363,15363,1,1
2022-08-15 15:23:25.949,15363,15364,15364,3,3
2022-08-15 15:23:27.064,15362,15364,15363,1,1
2022-08-15 15:23:41.074,15362,15363,15362,1,-1
2022-08-15 15:23:41.200,15362,15363,15362,1,-1
2022-08-15 15:23:41.201,15362,15363,15362,1,-1
2022-08-15 15:23:42.292,15362,15363,15362,1,-1
2022-08-15 15:23:48.102,15362,15363,15362,1,-1
2022-08-15 15:23:51.795,15362,15363,15363,1,1
2022-08-15 15:24:00.442,15363,15364,15364,2,2
2022-08-15 15:24:00.775,15363,15365,15363,4,-4
2022-08-15 15:24:03.334,15363,15365,15365,1,1
2022-08-15 15:24:06.411,15362,15364,15364,1,1
2022-08-15 15:24:09.346,15362,15364,15364,1,1
2022-08-15 15:24:09.922,15362,15364,15363,1,1
2022-08-15 15:24:11.325,15362,15364,15364,2,2
2022-08-15 15:24:11.495,15362,15364,15362,2,-2
2022-08-15 15:24:15.874,15362,15365,15362,1,-1
2022-08-15 15:24:22.126,15362,15364,15362,3,-3
2022-08-15 15:24:22.875,15362,15364,15362,1,-1
2022-08-15 15:24:25.037,15362,15364,15362,1,-1
2022-08-15 15:24:31.235,15363,15364,15364,1,1
2022-08-15 15:24:31.996,15363,15364,15363,1,-1
2022-08-15 15:24:37.982,15362,15364,15362,2,-2
2022-08-15 15:24:51.325,15362,15363,15362,1,-1
2022-08-15 15:24:52.605,15362,15363,15362,1,-1
2022-08-15 15:24:54.105,15361,15362,15362,1,1
2022-08-15 15:24:56.965,15361,15362,15362,1,1
2022-08-15 15:24:57.359,15361,15362,15362,1,1
2022-08-15 15:25:06.594,15362,15363,15363,1,1
2022-08-15 15:25:07.124,15362,15363,15362,3,-3
2022-08-15 15:25:07.352,15361,15363,15361,1,-1
2022-08-15 15:25:07.421,15361,15363,15361,1,-1
2022-08-15 15:25:07.510,15361,15363,15361,1,-1
2022-08-15 15:25:14.676,15362,15363,15362,1,-1
2022-08-15 15:25:18.908,15361,15362,15361,3,-3
2022-08-15 15:25:28.133,15361,15363,15361,2,-2
2022-08-15 15:25:28.685,15361,15363,15363,1,1
2022-08-15 15:25:29.282,15361,15363,15361,2,-2
2022-08-15 15:25:29.871,15361,15362,15361,9,-9
2022-08-15 15:25:34.382,15360,15361,15361,1,1
2022-08-15 15:25:38.842,15360,15361,15360,3,-3
2022-08-15 15:25:39.579,15360,15361,15361,2,2
2022-08-15 15:25:40.833,15360,15361,15360,4,-4
2022-08-15 15:25:41.538,15360,15361,15360,6,-6
2022-08-15 15:25:41.539,15360,15361,15360,1,-1
2022-08-15 15:25:50.045,15360,15361,15360,1,-1
2022-08-15 15:25:52.540,15360,15361,15360,2,-2
2022-08-15 15:25:54.724,15360,15361,15360,1,-1
2022-08-15 15:25:55.273,15360,15361,15360,1,-1
2022-08-15 15:25:57.183,15360,15361,15361,1,1
2022-08-15 15:25:57.214,15360,15362,15360,10,-10
2022-08-15 15:25:57.307,15360,15362,15359,2,-2
2022-08-15 15:25:57.446,15359,15360,15359,1,-1
2022-08-15 15:25:58.224,15359,15360,15359,2,-2
2022-08-15 15:25:58.298,15359,15360,15359,2,-2
2022-08-15 15:25:58.299,15359,15360,15359,3,-3
2022-08-15 15:25:59.306,15358,15359,15358,2,-2
2022-08-15 15:25:59.354,15358,15359,15359,1,1
2022-08-15 15:25:59.460,15358,15359,15358,1,-1
2022-08-15 15:25:59.691,15358,15359,15358,2,-2
2022-08-15 15:25:59.798,15358,15359,15358,2,-2
2022-08-15 15:25:59.798,15358,15359,15358,6,-6
2022-08-15 15:25:59.799,15358,15359,15358,8,-8
2022-08-15 15:25:59.799,15358,15359,15358,1,-1
2022-08-15 15:25:59.799,15358,15359,15358,2,-2
2022-08-15 15:26:00.310,15357,15358,15357,1,-1
2022-08-15 15:26:00.333,15357,15358,15357,1,-1
2022-08-15 15:26:00.337,15357,15358,15357,5,-5
2022-08-15 15:26:00.339,15357,15358,15357,1,-1
2022-08-15 15:26:00.339,15357,15358,15357,3,-3
2022-08-15 15:26:00.383,15357,15358,15356,1,-1
2022-08-15 15:26:00.441,15357,15358,15356,1,-1
2022-08-15 15:26:00.450,15357,15358,15358,1,1
2022-08-15 15:26:00.470,15357,15358,15357,2,-2
2022-08-15 15:26:00.510,15357,15358,15357,1,-1
2022-08-15 15:26:00.520,15357,15358,15357,2,-2
2022-08-15 15:26:00.608,15357,15359,15357,1,-1
2022-08-15 15:26:00.685,15357,15359,15357,1,-1
2022-08-15 15:26:00.700,15357,15359,15357,1,-1
2022-08-15 15:26:00.705,15357,15359,15357,1,-1
2022-08-15 15:26:00.797,15357,15359,15356,2,-2
2022-08-15 15:26:01.445,15356,15358,15356,3,-3
2022-08-15 15:26:01.611,15356,15358,15356,1,-1
2022-08-15 15:26:01.611,15356,15358,15356,1,-1
2022-08-15 15:26:01.786,15356,15358,15356,2,-2
2022-08-15 15:26:02.019,15356,15358,15356,1,-1
2022-08-15 15:26:02.020,15356,15358,15356,1,-1
2022-08-15 15:26:02.087,15356,15358,15356,1,-1
2022-08-15 15:26:02.807,15356,15358,15356,2,-2
2022-08-15 15:26:03.076,15356,15357,15357,1,1
2022-08-15 15:26:03.288,15356,15358,15356,2,-2
2022-08-15 15:26:03.586,15356,15358,15356,1,-1
2022-08-15 15:26:04.119,15356,15358,15356,5,-5
2022-08-15 15:26:04.298,15356,15358,15356,2,-2
2022-08-15 15:26:04.406,15356,15358,15356,1,-1
2022-08-15 15:26:04.920,15356,15358,15356,1,-1
2022-08-15 15:26:05.025,15356,15358,15356,3,-3
2022-08-15 15:26:05.038,15356,15358,15356,1,-1
2022-08-15 15:26:05.285,15356,15358,15356,2,-2
2022-08-15 15:26:05.331,15356,15358,15357,1,-1
2022-08-15 15:26:05.333,15356,15358,15357,1,-1
2022-08-15 15:26:05.823,15356,15358,15356,1,-1
2022-08-15 15:26:06.301,15356,15358,15356,2,-2
2022-08-15 15:26:06.359,15356,15358,15356,1,-1
2022-08-15 15:26:06.793,15355,15357,15355,2,-2
2022-08-15 15:26:06.836,15355,15357,15355,5,-5
2022-08-15 15:26:06.844,15355,15357,15355,5,-5
2022-08-15 15:26:06.927,15355,15357,15356,3,-3
2022-08-15 15:26:06.978,15355,15357,15355,13,-13
2022-08-15 15:26:06.978,15355,15357,15355,1,-1
2022-08-15 15:26:06.978,15355,15357,15355,3,-3
2022-08-15 15:26:06.981,15355,15357,15355,1,-1
2022-08-15 15:26:06.983,15355,15357,15355,1,-1
2022-08-15 15:26:07.133,15354,15356,15354,1,-1
2022-08-15 15:26:07.268,15354,15356,15354,3,-3
2022-08-15 15:26:07.343,15354,15356,15354,1,-1
2022-08-15 15:26:07.393,15354,15356,15354,1,-1
2022-08-15 15:26:07.594,15354,15356,15354,1,-1
2022-08-15 15:26:07.596,15354,15356,15354,1,-1
2022-08-15 15:26:07.619,15354,15356,15354,1,-1
2022-08-15 15:26:07.669,15354,15356,15354,1,-1
2022-08-15 15:26:07.812,15354,15356,15354,2,-2
2022-08-15 15:26:08.020,15354,15356,15356,1,1
2022-08-15 15:26:08.198,15354,15356,15354,1,-1
2022-08-15 15:26:08.807,15354,15356,15354,2,-2
2022-08-15 15:26:08.859,15354,15356,15354,1,-1
2022-08-15 15:26:09.796,15354,15356,15354,2,-2
2022-08-15 15:26:10.341,15354,15356,15356,2,2
2022-08-15 15:26:10.428,15354,15356,15356,1,1
2022-08-15 15:26:10.428,15354,15356,15355,3,3
2022-08-15 15:26:10.673,15355,15357,15357,1,1
2022-08-15 15:26:12.176,15355,15357,15357,2,2
2022-08-15 15:26:12.547,15357,15359,15357,1,-1
2022-08-15 15:26:12.978,15357,15359,15357,3,-3
2022-08-15 15:26:12.978,15357,15359,15356,14,-14
2022-08-15 15:26:12.978,15357,15359,15355,12,-12
2022-08-15 15:26:12.981,15357,15359,15357,2,-2
2022-08-15 15:26:16.892,15355,15357,15357,2,2
2022-08-15 15:26:17.286,15356,15358,15357,1,1
2022-08-15 15:26:19.262,15356,15358,15356,2,-2
2022-08-15 15:26:19.634,15356,15358,15356,4,-4
2022-08-15 15:26:20.560,15356,15358,15357,6,-6
2022-08-15 15:26:20.785,15356,15358,15358,3,3
2022-08-15 15:26:20.851,15357,15359,15359,1,1
2022-08-15 15:26:22.226,15357,15359,15359,2,2
2022-08-15 15:26:22.554,15357,15359,15357,4,-4
2022-08-15 15:26:24.882,15357,15359,15359,1,1
2022-08-15 15:26:27.671,15357,15359,15359,2,2
2022-08-15 15:26:27.801,15358,15360,15359,3,3
2022-08-15 15:26:28.292,15358,15360,15358,3,-3
2022-08-15 15:26:28.746,15358,15360,15358,2,-2
2022-08-15 15:26:34.755,15357,15359,15357,2,-2
2022-08-15 15:26:39.521,15358,15360,15358,4,-4
2022-08-15 15:26:39.521,15358,15360,15357,1,-1
2022-08-15 15:26:40.297,15357,15359,15357,1,-1
2022-08-15 15:26:40.646,15357,15359,15357,2,-2
2022-08-15 15:26:42.409,15357,15359,15357,3,-3
2022-08-15 15:26:43.232,15357,15359,15359,12,12
2022-08-15 15:26:43.449,15359,15360,15360,4,4
2022-08-15 15:26:44.938,15359,15360,15359,1,-1
2022-08-15 15:26:44.940,15359,15360,15358,1,-1
2022-08-15 15:26:49.306,15357,15360,15357,1,-1
2022-08-15 15:26:51.838,15358,15360,15360,1,1
2022-08-15 15:26:52.365,15358,15360,15360,1,1
2022-08-15 15:26:54.707,15358,15360,15360,1,1
2022-08-15 15:26:54.929,15358,15360,15360,1,1
2022-08-15 15:26:55.678,15359,15361,15359,2,-2
2022-08-15 15:26:55.678,15359,15361,15359,2,-2
2022-08-15 15:26:57.200,15358,15360,15358,2,-2
2022-08-15 15:27:01.479,15359,15360,15359,1,-1
2022-08-15 15:27:03.895,15358,15360,15359,1,-1
2022-08-15 15:27:04.999,15358,15360,15358,2,-2
2022-08-15 15:27:05.708,15358,15360,15360,1,1
2022-08-15 15:27:07.765,15359,15360,15360,5,5
2022-08-15 15:27:08.844,15359,15361,15359,4,-4
2022-08-15 15:27:12.960,15358,15360,15358,1,-1
2022-08-15 15:27:13.432,15358,15360,15360,1,1
2022-08-15 15:27:15.109,15358,15360,15359,1,1
2022-08-15 15:27:15.159,15358,15360,15359,1,1
2022-08-15 15:27:15.775,15358,15360,15360,5,5
2022-08-15 15:27:16.753,15358,15360,15360,17,17
2022-08-15 15:27:19.977,15359,15361,15359,2,-2
2022-08-15 15:27:21.636,15359,15361,15360,1,-1
2022-08-15 15:27:26.753,15360,15361,15361,2,2
2022-08-15 15:27:26.754,15360,15361,15361,3,3
2022-08-15 15:27:30.263,15360,15362,15362,2,2
2022-08-15 15:27:30.350,15360,15362,15362,1,1
2022-08-15 15:27:33.962,15361,15362,15362,4,4
2022-08-15 15:27:37.825,15361,15362,15362,1,1
2022-08-15 15:27:40.115,15361,15362,15362,2,2
2022-08-15 15:27:40.732,15361,15363,15363,2,2
2022-08-15 15:27:43.008,15362,15363,15363,1,1
2022-08-15 15:27:46.507,15362,15363,15363,1,1
2022-08-15 15:27:46.507,15362,15363,15364,1,1
2022-08-15 15:27:48.678,15363,15364,15363,2,-2
2022-08-15 15:27:59.466,15362,15363,15363,1,1
2022-08-15 15:28:06.120,15362,15364,15362,2,-2
2022-08-15 15:28:14.194,15362,15363,15363,1,1
2022-08-15 15:28:14.853,15362,15363,15363,1,1
2022-08-15 15:28:14.853,15362,15363,15363,1,1
2022-08-15 15:28:16.134,15363,15364,15364,14,14
2022-08-15 15:28:16.900,15364,15365,15364,4,-4
2022-08-15 15:28:16.900,15364,15365,15363,1,-1
2022-08-15 15:28:22.145,15364,15365,15364,1,-1
2022-08-15 15:28:22.799,15363,15365,15364,1,-1
2022-08-15 15:28:28.133,15364,15365,15365,1,1
2022-08-15 15:28:29.754,15364,15365,15365,1,1
2022-08-15 15:28:29.961,15364,15365,15365,1,1
2022-08-15 15:28:30.195,15364,15365,15365,1,1
2022-08-15 15:28:30.363,15364,15365,15365,1,1
2022-08-15 15:28:31.578,15364,15365,15365,1,1
2022-08-15 15:28:32.148,15364,15366,15364,2,-2
2022-08-15 15:28:37.459,15364,15365,15364,2,-2
2022-08-15 15:28:37.871,15364,15365,15365,1,1
2022-08-15 15:28:39.414,15364,15365,15365,1,1
2022-08-15 15:28:40.054,15364,15365,15365,1,1
2022-08-15 15:28:40.914,15364,15365,15365,1,1
2022-08-15 15:28:41.060,15364,15365,15364,3,-3
2022-08-15 15:28:47.925,15364,15365,15364,5,-5
2022-08-15 15:29:02.504,15364,15365,15364,1,-1
2022-08-15 15:29:02.712,15364,15365,15364,1,-1
2022-08-15 15:29:03.278,15363,15365,15365,1,1
2022-08-15 15:29:05.945,15363,15364,15364,1,1
2022-08-15 15:29:10.263,15363,15365,15364,2,2
2022-08-15 15:29:10.338,15363,15365,15365,1,1
2022-08-15 15:29:15.487,15363,15365,15365,1,1
2022-08-15 15:29:17.275,15363,15365,15365,3,3
2022-08-15 15:29:22.736,15364,15365,15364,1,-1
2022-08-15 15:29:23.151,15364,15365,15364,1,-1
2022-08-15 15:29:24.956,15364,15365,15365,2,2
2022-08-15 15:29:28.635,15364,15365,15365,2,2
2022-08-15 15:29:40.182,15364,15365,15365,1,1
2022-08-15 15:29:45.573,15364,15365,15365,1,1
2022-08-15 15:29:48.286,15364,15365,15365,1,1
2022-08-15 15:29:48.974,15364,15365,15365,1,1
2022-08-15 15:29:53.958,15364,15365,15365,1,1
2022-08-15 15:29:56.811,15364,15365,15364,1,-1
2022-08-15 15:30:01.036,15363,15364,15363,1,-1
2022-08-15 15:30:01.362,15363,15364,15364,1,1
2022-08-15 15:30:01.419,15363,15364,15363,5,-5
2022-08-15 15:30:01.419,15363,15364,15362,3,-3
2022-08-15 15:30:01.438,15363,15364,15363,2,-2
2022-08-15 15:30:01.438,15363,15364,15364,6,6
2022-08-15 15:30:01.640,15363,15364,15363,1,-1
2022-08-15 15:30:01.697,15363,15364,15364,1,1
2022-08-15 15:30:01.745,15363,15365,15365,1,1
2022-08-15 15:30:01.788,15363,15365,15365,1,1
2022-08-15 15:30:01.868,15363,15365,15365,1,1
2022-08-15 15:30:01.914,15363,15365,15364,1,1
2022-08-15 15:30:02.369,15364,15365,15363,1,-1
2022-08-15 15:30:03.050,15363,15365,15363,1,-1
2022-08-15 15:30:03.724,15363,15365,15363,1,-1
2022-08-15 15:30:04.400,15364,15365,15364,1,-1
2022-08-15 15:30:05.083,15364,15365,15364,1,-1
2022-08-15 15:30:07.270,15364,15365,15364,2,-2
2022-08-15 15:30:10.414,15363,15364,15364,1,1
2022-08-15 15:30:16.603,15364,15365,15365,5,5
2022-08-15 15:30:16.603,15364,15365,15365,4,4
2022-08-15 15:30:17.994,15365,15366,15365,2,-2
2022-08-15 15:30:18.079,15365,15366,15366,1,1
2022-08-15 15:30:20.683,15364,15366,15366,1,1
2022-08-15 15:30:22.344,15364,15366,15366,1,1
2022-08-15 15:30:25.636,15364,15365,15365,1,1
2022-08-15 15:30:27.583,15365,15366,15365,1,-1
2022-08-15 15:30:28.254,15365,15366,15365,1,-1
2022-08-15 15:30:28.817,15365,15366,15366,1,1
2022-08-15 15:30:28.817,15365,15366,15366,3,3
2022-08-15 15:30:30.849,15365,15366,15366,1,1
2022-08-15 15:30:30.849,15365,15366,15367,1,1
2022-08-15 15:30:33.135,15365,15366,15366,1,1
2022-08-15 15:30:33.434,15365,15367,15366,2,2
2022-08-15 15:30:36.191,15365,15367,15367,1,1
2022-08-15 15:30:37.281,15365,15367,15367,1,1
2022-08-15 15:30:38.657,15365,15367,15365,1,-1
2022-08-15 15:30:42.037,15365,15366,15366,1,1
2022-08-15 15:30:44.581,15365,15366,15365,1,-1
2022-08-15 15:30:45.430,15365,15366,15366,2,2
2022-08-15 15:30:45.680,15365,15367,15365,1,-1
2022-08-15 15:30:47.925,15365,15367,15367,1,1
2022-08-15 15:30:50.753,15366,15367,15367,1,1
2022-08-15 15:30:51.838,15365,15367,15367,1,1
2022-08-15 15:30:54.941,15366,15368,15368,2,2
2022-08-15 15:30:55.661,15367,15368,15367,1,-1
2022-08-15 15:30:59.006,15366,15367,15366,1,-1
2022-08-15 15:30:59.997,15365,15366,15366,1,1
2022-08-15 15:31:00.585,15365,15366,15366,1,1
2022-08-15 15:31:13.797,15366,15367,15366,1,-1
2022-08-15 15:31:13.798,15366,15367,15366,3,-3
2022-08-15 15:31:13.981,15365,15367,15365,1,-1
2022-08-15 15:31:20.454,15366,15367,15367,1,1
2022-08-15 15:31:25.446,15366,15367,15367,1,1
2022-08-15 15:31:33.647,15366,15367,15366,2,-2
2022-08-15 15:31:35.343,15365,15367,15367,1,1
2022-08-15 15:31:37.980,15365,15367,15367,1,1
2022-08-15 15:31:38.649,15366,15367,15366,1,-1
2022-08-15 15:31:39.764,15366,15367,15367,1,1
2022-08-15 15:31:42.479,15367,15368,15367,1,-1
2022-08-15 15:31:43.071,15367,15368,15368,3,3
2022-08-15 15:31:43.921,15367,15368,15368,3,3
2022-08-15 15:31:43.954,15367,15368,15368,4,4
2022-08-15 15:31:44.121,15367,15368,15368,1,1
2022-08-15 15:31:44.227,15367,15368,15368,1,1
2022-08-15 15:31:49.633,15368,15369,15368,1,-1
2022-08-15 15:31:50.139,15368,15369,15368,2,-2
2022-08-15 15:31:50.401,15367,15369,15369,6,6
2022-08-15 15:31:51.966,15367,15369,15367,1,-1
2022-08-15 15:31:52.441,15367,15369,15367,6,-6
2022-08-15 15:31:53.707,15366,15368,15368,3,3
2022-08-15 15:31:54.635,15366,15368,15368,3,3
2022-08-15 15:31:54.636,15366,15368,15368,3,3
2022-08-15 15:31:54.647,15366,15368,15368,1,1
2022-08-15 15:31:56.896,15367,15368,15367,1,-1
2022-08-15 15:31:56.896,15367,15368,15367,1,-1
2022-08-15 15:31:57.628,15367,15368,15367,1,-1
2022-08-15 15:32:03.262,15367,15369,15369,3,3
2022-08-15 15:32:05.757,15367,15369,15367,5,-5
2022-08-15 15:32:21.261,15368,15369,15369,1,1
2022-08-15 15:32:21.319,15368,15369,15370,1,1
2022-08-15 15:32:21.434,15369,15370,15370,1,1
2022-08-15 15:32:22.980,15368,15370,15368,1,-1
2022-08-15 15:32:24.053,15368,15369,15369,1,1
2022-08-15 15:32:24.053,15368,15369,15369,1,1
2022-08-15 15:32:24.159,15368,15370,15370,1,1
2022-08-15 15:32:24.927,15369,15370,15369,1,-1
2022-08-15 15:32:28.245,15369,15370,15370,1,1
2022-08-15 15:32:29.230,15369,15370,15370,2,2
2022-08-15 15:32:29.611,15369,15370,15370,1,1
2022-08-15 15:32:31.202,15369,15370,15370,1,1
2022-08-15 15:32:31.584,15369,15370,15370,1,1
2022-08-15 15:32:31.793,15369,15370,15370,1,1
2022-08-15 15:32:31.900,15369,15370,15370,1,1
2022-08-15 15:32:31.939,15369,15370,15370,1,1
2022-08-15 15:32:31.982,15370,15371,15371,1,1
2022-08-15 15:32:32.005,15370,15371,15370,2,-2
2022-08-15 15:32:32.195,15369,15371,15370,1,-1
2022-08-15 15:32:32.392,15369,15371,15371,1,1
2022-08-15 15:32:33.735,15369,15371,15371,2,2
2022-08-15 15:32:36.324,15370,15371,15370,1,-1
2022-08-15 15:32:38.449,15370,15371,15371,1,1
2022-08-15 15:32:38.450,15370,15371,15370,4,-4
2022-08-15 15:32:39.346,15370,15371,15370,2,-2
2022-08-15 15:32:43.174,15369,15370,15370,2,2
2022-08-15 15:32:44.629,15369,15370,15370,6,6
2022-08-15 15:32:44.629,15369,15370,15370,4,4
2022-08-15 15:32:51.547,15369,15370,15370,2,2
2022-08-15 15:32:51.565,15369,15370,15370,5,5
2022-08-15 15:32:51.565,15369,15370,15370,5,5
2022-08-15 15:32:58.129,15370,15371,15370,1,-1
2022-08-15 15:32:59.640,15369,15370,15369,1,-1
2022-08-15 15:32:59.656,15369,15370,15369,2,-2
2022-08-15 15:33:01.606,15368,15369,15369,1,1
2022-08-15 15:33:01.606,15368,15369,15370,1,1
2022-08-15 15:33:06.605,15369,15370,15370,2,2
2022-08-15 15:33:07.054,15370,15371,15370,1,-1
2022-08-15 15:33:15.365,15370,15371,15370,1,-1
2022-08-15 15:33:15.696,15370,15371,15370,6,-6
2022-08-15 15:33:16.643,15369,15370,15370,1,1
2022-08-15 15:33:17.605,15369,15370,15370,1,1
2022-08-15 15:33:17.792,15369,15370,15370,1,1
2022-08-15 15:33:20.762,15369,15371,15370,1,1
2022-08-15 15:33:40.016,15369,15370,15369,5,-5
2022-08-15 15:33:43.791,15369,15370,15369,1,-1
2022-08-15 15:33:46.104,15369,15370,15369,1,-1
2022-08-15 15:33:46.889,15369,15370,15369,1,-1
2022-08-15 15:33:50.138,15369,15370,15369,4,-4
2022-08-15 15:33:54.986,15368,15369,15369,1,1
2022-08-15 15:34:01.910,15368,15369,15368,1,-1
2022-08-15 15:34:01.910,15368,15369,15368,4,-4
2022-08-15 15:34:01.910,15368,15369,15368,1,-1
2022-08-15 15:34:01.910,15368,15369,15368,4,-4
2022-08-15 15:34:01.910,15368,15369,15368,2,-2
2022-08-15 15:34:01.911,15368,15369,15368,4,-4
2022-08-15 15:34:01.911,15368,15369,15368,1,-1
2022-08-15 15:34:01.911,15368,15369,15368,7,-7
2022-08-15 15:34:01.911,15368,15369,15368,2,-2
2022-08-15 15:34:01.911,15368,15369,15368,10,-10
2022-08-15 15:34:12.832,15367,15368,15368,1,1
2022-08-15 15:34:17.426,15367,15368,15367,10,-10
2022-08-15 15:34:27.087,15366,15367,15366,1,-1
2022-08-15 15:34:33.942,15366,15367,15366,4,-4
2022-08-15 15:34:33.942,15366,15367,15365,1,-1
2022-08-15 15:34:40.718,15365,15366,15365,1,-1
2022-08-15 15:34:41.324,15365,15366,15365,1,-1
2022-08-15 15:34:42.903,15365,15366,15366,1,1
2022-08-15 15:34:51.557,15365,15366,15366,1,1
2022-08-15 15:34:51.788,15365,15366,15365,1,-1
2022-08-15 15:34:52.244,15365,15366,15365,1,-1
2022-08-15 15:34:53.382,15365,15366,15365,1,-1
2022-08-15 15:35:03.256,15364,15366,15366,2,2
2022-08-15 15:35:05.407,15365,15366,15365,2,-2
2022-08-15 15:35:06.307,15365,15366,15366,1,1
2022-08-15 15:35:08.149,15365,15366,15365,2,-2
2022-08-15 15:35:08.220,15365,15366,15365,1,-1
2022-08-15 15:35:09.685,15365,15366,15365,1,-1
2022-08-15 15:35:09.685,15365,15366,15365,1,-1
2022-08-15 15:35:09.685,15365,15366,15365,1,-1
2022-08-15 15:35:11.938,15364,15365,15365,2,2
2022-08-15 15:35:18.163,15364,15365,15365,2,2
2022-08-15 15:35:18.163,15364,15365,15366,1,1
2022-08-15 15:35:27.107,15364,15365,15365,1,1
2022-08-15 15:35:27.886,15365,15366,15365,1,-1
2022-08-15 15:35:30.368,15364,15365,15365,1,1
2022-08-15 15:35:43.316,15364,15365,15365,1,1
2022-08-15 15:35:45.854,15364,15365,15364,2,-2
2022-08-15 15:35:45.854,15364,15365,15364,13,-13
2022-08-15 15:35:46.143,15363,15364,15363,2,-2
2022-08-15 15:35:46.144,15363,15364,15363,2,-2
2022-08-15 15:35:50.464,15362,15363,15362,1,-1
2022-08-15 15:35:55.935,15362,15363,15363,1,1
2022-08-15 15:35:56.584,15362,15363,15362,2,-2
2022-08-15 15:35:56.584,15362,15363,15362,1,-1
2022-08-15 15:36:02.289,15361,15363,15361,1,-1
2022-08-15 15:36:02.334,15361,15363,15361,7,-7
2022-08-15 15:36:02.334,15361,15363,15360,2,-2
2022-08-15 15:36:02.390,15361,15363,15360,5,-5
2022-08-15 15:36:02.493,15360,15362,15360,2,-2
2022-08-15 15:36:02.907,15360,15362,15360,1,-1
2022-08-15 15:36:03.573,15361,15362,15362,1,1
2022-08-15 15:36:05.078,15361,15362,15362,1,1
2022-08-15 15:36:05.199,15362,15363,15363,1,1
2022-08-15 15:36:10.316,15362,15363,15362,1,-1
2022-08-15 15:36:13.804,15362,15363,15363,2,2
2022-08-15 15:36:13.970,15363,15364,15363,3,-3
2022-08-15 15:36:13.971,15363,15364,15363,2,-2
2022-08-15 15:36:16.888,15363,15365,15363,1,-1
2022-08-15 15:36:18.999,15363,15364,15363,2,-2
2022-08-15 15:36:23.585,15363,15364,15363,1,-1
2022-08-15 15:36:24.483,15363,15364,15363,1,-1
2022-08-15 15:36:25.594,15362,15364,15364,1,1
2022-08-15 15:36:34.640,15362,15364,15364,1,1
2022-08-15 15:36:35.478,15362,15364,15363,1,1
2022-08-15 15:36:42.253,15362,15363,15362,1,-1
2022-08-15 15:36:44.598,15361,15363,15361,1,-1
2022-08-15 15:36:45.436,15361,15363,15361,7,-7
2022-08-15 15:36:45.437,15361,15363,15361,3,-3
2022-08-15 15:36:46.068,15360,15361,15361,1,1
2022-08-15 15:36:46.470,15360,15362,15360,1,-1
2022-08-15 15:36:47.145,15360,15362,15360,1,-1
2022-08-15 15:36:47.716,15360,15362,15360,1,-1
2022-08-15 15:36:52.558,15361,15363,15363,1,1
2022-08-15 15:36:53.178,15362,15363,15362,1,-1
2022-08-15 15:36:54.807,15361,15363,15361,1,-1
2022-08-15 15:36:55.111,15361,15363,15363,1,1
2022-08-15 15:36:55.115,15361,15363,15361,1,-1
2022-08-15 15:36:56.072,15361,15363,15361,1,-1
2022-08-15 15:36:59.886,15361,15362,15361,1,-1
2022-08-15 15:37:01.551,15361,15362,15361,1,-1
2022-08-15 15:37:03.061,15360,15362,15362,3,3
2022-08-15 15:37:03.880,15360,15362,15360,2,-2
2022-08-15 15:37:06.102,15361,15362,15361,1,-1
2022-08-15 15:37:06.102,15361,15362,15361,1,-1
2022-08-15 15:37:11.645,15361,15362,15362,2,2
2022-08-15 15:37:11.645,15361,15362,15363,2,2
2022-08-15 15:37:11.998,15362,15364,15362,1,-1
2022-08-15 15:37:13.518,15362,15364,15362,1,-1
2022-08-15 15:37:19.134,15363,15364,15363,1,-1
2022-08-15 15:37:20.845,15362,15363,15362,2,-2
2022-08-15 15:37:29.004,15362,15363,15363,1,1
2022-08-15 15:37:29.629,15362,15363,15362,1,-1
2022-08-15 15:37:29.629,15362,15363,15362,2,-2
2022-08-15 15:37:38.141,15361,15363,15361,3,-3
2022-08-15 15:37:44.831,15361,15362,15362,8,8
2022-08-15 15:37:50.099,15362,15363,15363,4,4
2022-08-15 15:37:59.124,15363,15364,15363,1,-1
2022-08-15 15:38:14.348,15362,15363,15363,1,1
2022-08-15 15:38:28.329,15363,15364,15364,1,1
2022-08-15 15:38:30.331,15363,15364,15363,2,-2
2022-08-15 15:38:33.416,15362,15363,15362,1,-1
2022-08-15 15:38:33.669,15361,15362,15362,1,1
2022-08-15 15:38:33.972,15361,15362,15361,7,-7
2022-08-15 15:38:33.972,15361,15362,15361,1,-1
2022-08-15 15:38:33.973,15361,15362,15361,1,-1
2022-08-15 15:38:34.821,15360,15361,15361,1,1
2022-08-15 15:38:36.005,15360,15362,15360,1,-1
2022-08-15 15:38:46.626,15360,15362,15360,1,-1
2022-08-15 15:38:53.423,15360,15362,15360,2,-2
2022-08-15 15:38:56.664,15360,15361,15360,1,-1
2022-08-15 15:38:57.398,15360,15361,15360,3,-3
2022-08-15 15:38:57.399,15360,15361,15360,4,-4
2022-08-15 15:38:58.697,15359,15361,15360,1,-1
2022-08-15 15:39:00.579,15360,15362,15360,1,-1
2022-08-15 15:39:05.846,15360,15362,15360,1,-1
2022-08-15 15:39:14.163,15360,15362,15360,1,-1
2022-08-15 15:39:18.064,15360,15362,15361,1,-1
2022-08-15 15:39:43.060,15360,15362,15360,5,-5
2022-08-15 15:39:47.509,15360,15361,15360,5,-5
2022-08-15 15:39:54.096,15359,15360,15360,1,1
2022-08-15 15:39:54.526,15359,15360,15359,1,-1
2022-08-15 15:39:58.258,15359,15360,15359,6,-6
2022-08-15 15:39:58.258,15359,15360,15359,1,-1
2022-08-15 15:39:58.258,15359,15360,15359,2,-2
2022-08-15 15:39:59.466,15358,15359,15359,1,1
2022-08-15 15:39:59.901,15358,15360,15358,1,-1
2022-08-15 15:40:02.976,15358,15359,15359,1,1
2022-08-15 15:40:03.004,15358,15359,15358,1,-1
2022-08-15 15:40:03.430,15358,15360,15358,1,-1
2022-08-15 15:40:08.268,15358,15359,15358,1,-1
2022-08-15 15:40:09.442,15358,15359,15358,5,-5
2022-08-15 15:40:10.878,15358,15359,15358,1,-1
2022-08-15 15:40:10.879,15358,15359,15358,13,-13
2022-08-15 15:40:15.488,15357,15358,15358,1,1
2022-08-15 15:40:16.455,15357,15358,15358,1,1
2022-08-15 15:40:18.613,15357,15358,15358,2,2
2022-08-15 15:40:20.735,15358,15359,15359,2,2
2022-08-15 15:40:24.085,15359,15360,15359,1,-1
2022-08-15 15:40:25.122,15358,15359,15359,1,1
2022-08-15 15:40:27.423,15359,15360,15360,2,2
2022-08-15 15:40:27.423,15359,15360,15360,1,1
2022-08-15 15:40:27.423,15359,15360,15360,4,4
2022-08-15 15:40:27.503,15360,15362,15361,2,2
2022-08-15 15:40:28.628,15360,15362,15360,1,-1
2022-08-15 15:40:31.285,15361,15362,15362,1,1
2022-08-15 15:40:31.756,15360,15362,15362,1,1
2022-08-15 15:40:33.080,15361,15362,15362,1,1
2022-08-15 15:40:33.080,15361,15362,15362,1,1
2022-08-15 15:40:33.080,15361,15362,15362,7,7
2022-08-15 15:40:33.080,15361,15362,15362,7,7
2022-08-15 15:40:36.399,15362,15363,15362,2,-2
2022-08-15 15:40:38.743,15361,15363,15362,1,-1
2022-08-15 15:40:40.534,15362,15363,15362,5,-5
2022-08-15 15:40:41.060,15361,15363,15361,1,-1
2022-08-15 15:40:41.603,15361,15363,15363,1,1
2022-08-15 15:40:41.721,15361,15363,15363,1,1
2022-08-15 15:40:45.800,15362,15363,15362,1,-1
2022-08-15 15:40:56.338,15362,15363,15363,10,10
2022-08-15 15:40:56.350,15362,15363,15364,2,2
2022-08-15 15:40:56.351,15362,15363,15364,1,1
2022-08-15 15:41:00.232,15363,15365,15365,1,1
2022-08-15 15:41:01.449,15363,15365,15365,4,4
2022-08-15 15:41:02.560,15363,15365,15363,1,-1
2022-08-15 15:41:07.488,15363,15364,15364,1,1
2022-08-15 15:41:14.756,15363,15364,15364,1,1
2022-08-15 15:41:15.228,15363,15364,15364,1,1
2022-08-15 15:41:15.228,15363,15364,15363,2,-2
2022-08-15 15:41:22.110,15363,15364,15364,1,1
2022-08-15 15:41:22.188,15363,15364,15365,1,1
2022-08-15 15:41:31.826,15363,15365,15365,5,5
2022-08-15 15:41:36.102,15364,15365,15365,1,1
2022-08-15 15:41:37.169,15364,15365,15364,2,-2
2022-08-15 15:41:45.274,15364,15365,15365,1,1
2022-08-15 15:41:56.622,15364,15365,15365,1,1
2022-08-15 15:42:04.324,15364,15365,15365,1,1
2022-08-15 15:42:04.477,15364,15365,15365,1,1
2022-08-15 15:42:06.301,15365,15366,15365,1,-1
2022-08-15 15:42:08.280,15365,15366,15365,1,-1
2022-08-15 15:42:10.562,15364,15366,15366,1,1
2022-08-15 15:42:10.598,15364,15366,15364,1,-1
2022-08-15 15:42:16.050,15364,15365,15365,3,3
2022-08-15 15:42:19.625,15364,15366,15364,4,-4
2022-08-15 15:42:24.201,15364,15365,15364,1,-1
2022-08-15 15:42:24.201,15364,15365,15363,4,-4
2022-08-15 15:42:42.376,15363,15364,15363,1,-1
2022-08-15 15:42:51.550,15363,15364,15364,1,1
2022-08-15 15:42:52.452,15363,15365,15363,1,-1
2022-08-15 15:42:57.130,15363,15365,15365,3,3
2022-08-15 15:42:57.132,15363,15365,15365,3,3
2022-08-15 15:42:58.333,15364,15366,15364,1,-1
2022-08-15 15:43:00.332,15365,15366,15365,1,-1
2022-08-15 15:43:03.433,15364,15366,15365,1,-1
2022-08-15 15:43:04.980,15365,15366,15365,1,-1
2022-08-15 15:43:05.134,15365,15366,15366,4,4
2022-08-15 15:43:14.952,15364,15365,15365,1,1
2022-08-15 15:43:14.952,15364,15365,15365,1,1
2022-08-15 15:43:21.987,15365,15366,15366,1,1
2022-08-15 15:43:24.593,15365,15366,15366,1,1
2022-08-15 15:43:24.593,15365,15366,15366,1,1
2022-08-15 15:43:24.593,15365,15366,15366,1,1
2022-08-15 15:43:29.418,15366,15367,15366,1,-1
2022-08-15 15:43:29.543,15366,15367,15367,2,2
2022-08-15 15:43:31.460,15366,15367,15367,1,1
2022-08-15 15:43:31.472,15366,15367,15368,3,3
2022-08-15 15:43:31.753,15366,15368,15368,1,1
2022-08-15 15:43:34.451,15367,15368,15367,3,-3
2022-08-15 15:43:34.451,15367,15368,15366,2,-2
2022-08-15 15:43:42.691,15367,15368,15367,1,-1
2022-08-15 15:43:43.518,15366,15368,15368,2,2
2022-08-15 15:43:45.766,15366,15368,15368,2,2
2022-08-15 15:43:46.327,15366,15368,15368,3,3
2022-08-15 15:43:55.154,15366,15367,15366,2,-2
2022-08-15 15:43:56.723,15366,15368,15366,1,-1
2022-08-15 15:44:00.511,15367,15368,15367,1,-1
2022-08-15 15:44:01.535,15367,15368,15367,10,-10
2022-08-15 15:44:02.978,15366,15368,15368,1,1
2022-08-15 15:44:12.352,15367,15368,15368,4,4
2022-08-15 15:44:15.225,15367,15368,15368,1,1
2022-08-15 15:44:28.959,15366,15367,15366,1,-1
2022-08-15 15:44:40.720,15366,15367,15366,1,-1
2022-08-15 15:44:41.802,15366,15367,15367,1,1
2022-08-15 15:44:52.743,15366,15367,15366,2,-2
2022-08-15 15:44:53.064,15366,15367,15366,1,-1
2022-08-15 15:44:56.467,15366,15367,15366,1,-1
2022-08-15 15:44:59.101,15366,15367,15367,1,1
2022-08-15 15:45:01.775,15366,15367,15367,3,3
2022-08-15 15:45:02.245,15366,15368,15368,2,2
2022-08-15 15:45:04.398,15366,15367,15366,1,-1
2022-08-15 15:45:07.985,15366,15367,15367,2,2
2022-08-15 15:45:17.270,15366,15368,15367,4,4
2022-08-15 15:45:21.359,15367,15368,15367,1,-1
2022-08-15 15:45:39.946,15366,15367,15367,6,6
2022-08-15 15:45:44.038,15366,15368,15366,1,-1
2022-08-15 15:45:53.158,15367,15368,15367,1,-1
2022-08-15 15:45:53.971,15367,15368,15368,1,1
2022-08-15 15:45:53.971,15367,15368,15368,4,4
2022-08-15 15:45:56.278,15367,15369,15369,3,3
2022-08-15 15:45:56.278,15367,15369,15369,2,2
2022-08-15 15:46:02.153,15368,15369,15369,4,4
2022-08-15 15:46:02.389,15368,15369,15369,1,1
2022-08-15 15:46:02.480,15368,15369,15368,1,-1
2022-08-15 15:46:02.487,15368,15369,15368,1,-1
2022-08-15 15:46:02.487,15368,15369,15367,1,-1
2022-08-15 15:46:06.298,15368,15369,15369,1,1
2022-08-15 15:46:20.625,15367,15369,15369,1,1
2022-08-15 15:46:30.053,15367,15368,15368,1,1
2022-08-15 15:46:30.702,15367,15369,15369,1,1
2022-08-15 15:46:31.199,15368,15369,15369,1,1
2022-08-15 15:46:44.199,15368,15369,15368,1,-1
2022-08-15 15:46:50.294,15367,15368,15368,1,1
2022-08-15 15:47:03.055,15368,15369,15369,4,4
2022-08-15 15:47:03.474,15368,15370,15368,2,-2
2022-08-15 15:47:04.617,15368,15370,15368,1,-1
2022-08-15 15:47:06.607,15369,15370,15369,2,-2
2022-08-15 15:47:14.913,15369,15370,15370,7,7
2022-08-15 15:47:15.183,15369,15370,15370,1,1
2022-08-15 15:47:17.933,15369,15370,15370,1,1
2022-08-15 15:47:28.824,15369,15370,15370,2,2
2022-08-15 15:47:28.883,15369,15370,15370,1,1
2022-08-15 15:47:29.807,15369,15370,15370,1,1
2022-08-15 15:47:30.572,15369,15370,15370,1,1
2022-08-15 15:47:31.699,15369,15370,15370,4,4
2022-08-15 15:47:38.391,15370,15371,15370,1,-1
2022-08-15 15:47:38.405,15370,15371,15370,12,-12
2022-08-15 15:47:38.406,15370,15371,15370,2,-2
2022-08-15 15:47:41.234,15369,15370,15370,1,1
2022-08-15 15:47:41.583,15369,15371,15369,1,-1
2022-08-15 15:47:45.070,15369,15370,15370,1,1
2022-08-15 15:47:48.733,15369,15370,15370,1,1
2022-08-15 15:47:52.243,15369,15370,15369,3,-3
2022-08-15 15:48:00.089,15368,15369,15369,1,1
2022-08-15 15:48:00.496,15369,15370,15370,1,1
2022-08-15 15:48:03.068,15369,15370,15370,3,3
2022-08-15 15:48:07.062,15369,15370,15369,2,-2
2022-08-15 15:48:12.629,15369,15370,15370,3,3
2022-08-15 15:48:21.367,15369,15370,15370,1,1
2022-08-15 15:48:32.896,15369,15370,15370,1,1
2022-08-15 15:48:33.905,15369,15370,15369,7,-7
2022-08-15 15:48:38.956,15369,15370,15370,2,2
2022-08-15 15:48:39.240,15369,15370,15370,1,1
2022-08-15 15:49:00.457,15369,15370,15370,1,1
2022-08-15 15:49:03.030,15369,15370,15370,2,2
2022-08-15 15:49:06.073,15369,15370,15369,4,-4
2022-08-15 15:49:06.649,15368,15369,15368,2,-2
2022-08-15 15:49:06.650,15368,15369,15368,1,-1
2022-08-15 15:49:06.650,15368,15369,15368,1,-1
2022-08-15 15:49:06.650,15368,15369,15368,5,-5
2022-08-15 15:49:11.921,15367,15369,15368,1,-1
2022-08-15 15:49:12.471,15368,15369,15368,1,-1
2022-08-15 15:49:22.544,15367,15368,15368,1,1
2022-08-15 15:49:46.293,15367,15368,15368,3,3
2022-08-15 15:49:49.397,15367,15369,15367,1,-1
2022-08-15 15:49:53.016,15367,15368,15367,1,-1
2022-08-15 15:49:58.916,15367,15368,15367,2,-2
2022-08-15 15:49:59.203,15367,15368,15367,1,-1
2022-08-15 15:49:59.239,15367,15368,15367,1,-1
2022-08-15 15:50:02.042,15367,15368,15367,1,-1
2022-08-15 15:50:11.647,15366,15367,15366,2,-2
2022-08-15 15:50:16.131,15365,15366,15365,1,-1
2022-08-15 15:50:16.132,15365,15366,15365,1,-1
2022-08-15 15:50:16.132,15365,15366,15365,11,-11
2022-08-15 15:50:18.104,15364,15365,15365,1,1
2022-08-15 15:50:24.993,15364,15366,15364,2,-2
2022-08-15 15:50:29.227,15365,15366,15365,1,-1
2022-08-15 15:50:56.875,15365,15366,15365,1,-1
2022-08-15 15:51:10.771,15365,15366,15365,1,-1
2022-08-15 15:51:12.126,15365,15366,15366,1,1
2022-08-15 15:51:12.126,15365,15366,15366,1,1
2022-08-15 15:51:23.964,15367,15368,15368,1,1
2022-08-15 15:51:23.964,15367,15368,15368,1,1
2022-08-15 15:51:44.739,15367,15368,15367,2,-2
2022-08-15 15:51:45.017,15367,15369,15367,1,-1
2022-08-15 15:51:52.700,15368,15369,15368,1,-1
2022-08-15 15:51:52.700,15368,15369,15368,1,-1
2022-08-15 15:51:52.700,15368,15369,15368,8,-8
2022-08-15 15:52:02.103,15367,15369,15369,1,1
2022-08-15 15:52:02.595,15368,15369,15368,1,-1
2022-08-15 15:52:08.186,15368,15369,15369,1,1
2022-08-15 15:52:13.353,15368,15369,15369,1,1
2022-08-15 15:52:20.107,15368,15369,15369,3,3
2022-08-15 15:52:24.549,15369,15370,15369,1,-1
2022-08-15 15:52:24.773,15368,15370,15369,1,-1
2022-08-15 15:52:27.485,15369,15370,15369,1,-1
2022-08-15 15:52:33.451,15369,15370,15369,1,-1
2022-08-15 15:52:35.121,15369,15370,15370,2,2
2022-08-15 15:52:41.237,15369,15370,15369,1,-1
2022-08-15 15:52:42.118,15369,15370,15369,2,-2
2022-08-15 15:52:53.810,15369,15370,15369,1,-1
2022-08-15 15:52:58.064,15369,15370,15369,2,-2
2022-08-15 15:53:00.076,15369,15370,15369,2,-2
2022-08-15 15:53:00.443,15369,15370,15369,1,-1
2022-08-15 15:53:07.184,15368,15369,15369,2,2
2022-08-15 15:53:30.401,15369,15370,15369,1,-1
2022-08-15 15:53:32.209,15369,15370,15369,2,-2
2022-08-15 15:54:11.250,15368,15369,15369,2,2
2022-08-15 15:54:11.521,15368,15369,15368,2,-2
2022-08-15 15:54:11.936,15368,15369,15368,3,-3
2022-08-15 15:54:11.936,15368,15369,15368,4,-4
2022-08-15 15:54:16.886,15367,15368,15368,1,1
2022-08-15 15:54:21.511,15368,15369,15369,1,1
2022-08-15 15:54:24.908,15368,15370,15370,3,3
2022-08-15 15:54:39.189,15369,15370,15370,2,2
2022-08-15 15:54:48.900,15369,15370,15370,1,1
2022-08-15 15:54:49.343,15369,15370,15370,2,2
2022-08-15 15:54:51.856,15369,15370,15370,1,1
2022-08-15 15:54:54.401,15369,15370,15370,1,1
2022-08-15 15:54:57.268,15369,15370,15370,4,4
2022-08-15 15:55:02.474,15370,15371,15370,1,-1
2022-08-15 15:55:02.474,15370,15371,15370,1,-1
2022-08-15 15:55:02.474,15370,15371,15370,1,-1
2022-08-15 15:55:04.216,15369,15370,15370,5,5
2022-08-15 15:55:07.232,15369,15370,15369,3,-3
2022-08-15 15:55:14.079,15368,15369,15368,1,-1
2022-08-15 15:55:17.264,15367,15369,15367,1,-1
2022-08-15 15:55:19.140,15368,15369,15369,1,1
2022-08-15 15:55:26.409,15368,15369,15368,2,-2
2022-08-15 15:55:28.149,15367,15368,15367,2,-2
2022-08-15 15:55:28.150,15367,15368,15367,4,-4
2022-08-15 15:55:32.816,15366,15367,15367,1,1
2022-08-15 15:55:42.485,15366,15367,15367,1,1
2022-08-15 15:55:58.367,15366,15367,15366,2,-2
2022-08-15 15:55:58.367,15366,15367,15366,3,-3
2022-08-15 15:55:58.588,15365,15367,15367,1,1
2022-08-15 15:56:01.195,15366,15367,15366,1,-1
2022-08-15 15:56:01.623,15366,15367,15366,1,-1
2022-08-15 15:56:03.026,15365,15366,15366,1,1
2022-08-15 15:56:04.054,15365,15366,15366,1,1
2022-08-15 15:56:10.559,15365,15366,15366,1,1
2022-08-15 15:56:14.580,15365,15366,15366,1,1
2022-08-15 15:56:14.632,15365,15366,15366,1,1
2022-08-15 15:56:14.781,15365,15366,15365,1,-1
2022-08-15 15:56:15.181,15365,15366,15365,1,-1
2022-08-15 15:56:15.181,15365,15366,15365,1,-1
2022-08-15 15:56:15.181,15365,15366,15365,1,-1
2022-08-15 15:56:15.181,15365,15366,15365,2,-2
2022-08-15 15:56:15.181,15365,15366,15365,5,-5
2022-08-15 15:56:16.679,15365,15366,15365,1,-1
2022-08-15 15:56:16.679,15365,15366,15364,1,-1
2022-08-15 15:56:16.706,15364,15366,15364,2,-2
2022-08-15 15:56:17.565,15364,15365,15364,2,-2
2022-08-15 15:56:20.000,15364,15365,15364,4,-4
2022-08-15 15:56:22.023,15364,15365,15364,1,-1
2022-08-15 15:56:22.676,15364,15365,15364,1,-1
2022-08-15 15:56:23.341,15364,15365,15364,2,-2
2022-08-15 15:56:27.932,15364,15365,15364,4,-4
2022-08-15 15:56:32.151,15364,15365,15365,1,1
2022-08-15 15:56:33.360,15364,15366,15364,1,-1
2022-08-15 15:56:36.239,15365,15367,15365,1,-1
2022-08-15 15:56:53.694,15365,15367,15365,1,-1
2022-08-15 15:56:57.095,15365,15366,15365,1,-1
2022-08-15 15:57:12.348,15365,15366,15365,2,-2
2022-08-15 15:57:31.466,15364,15365,15365,1,1
2022-08-15 15:57:32.658,15364,15365,15365,1,1
2022-08-15 15:57:43.603,15366,15367,15366,1,-1
2022-08-15 15:57:53.779,15365,15367,15365,1,-1
2022-08-15 15:57:57.701,15366,15367,15366,1,-1
2022-08-15 15:58:07.583,15366,15367,15366,1,-1
2022-08-15 15:58:07.946,15365,15366,15365,2,-2
2022-08-15 15:58:14.853,15365,15366,15365,1,-1
2022-08-15 15:58:14.918,15365,15366,15365,2,-2
2022-08-15 15:58:14.919,15365,15366,15365,1,-1
2022-08-15 15:58:25.774,15365,15366,15365,1,-1
2022-08-15 15:58:29.211,15365,15366,15365,1,-1
2022-08-15 15:58:30.165,15365,15366,15366,1,1
2022-08-15 15:58:37.860,15365,15367,15366,1,1
2022-08-15 15:58:45.001,15364,15365,15365,1,1
2022-08-15 15:58:49.282,15364,15365,15365,3,3
2022-08-15 15:58:51.123,15364,15365,15364,1,-1
2022-08-15 15:58:51.123,15364,15365,15364,10,-10
2022-08-15 15:58:51.124,15364,15365,15364,6,-6
2022-08-15 15:58:51.124,15364,15365,15364,1,-1
2022-08-15 15:58:51.124,15364,15365,15364,1,-1
2022-08-15 15:58:51.124,15364,15365,15364,9,-9
2022-08-15 15:59:09.600,15364,15366,15364,1,-1
2022-08-15 15:59:14.698,15364,15365,15364,4,-4
2022-08-15 15:59:29.726,15363,15364,15363,5,-5
2022-08-15 15:59:29.726,15363,15364,15363,1,-1
2022-08-15 15:59:29.727,15363,15364,15363,2,-2
2022-08-15 15:59:29.727,15363,15364,15363,1,-1
2022-08-15 15:59:29.727,15363,15364,15363,15,-15
2022-08-15 15:59:29.727,15363,15364,15363,1,-1
2022-08-15 15:59:29.727,15363,15364,15363,4,-4
2022-08-15 15:59:29.727,15363,15364,15363,4,-4
2022-08-15 15:59:29.727,15363,15364,15363,1,-1
2022-08-15 15:59:29.727,15363,15364,15363,1,-1
2022-08-15 15:59:29.728,15363,15364,15363,1,-1
2022-08-15 15:59:30.847,15363,15364,15363,1,-1
2022-08-15 15:59:30.847,15363,15364,15363,9,-9
2022-08-15 15:59:30.847,15363,15364,15363,1,-1
2022-08-15 15:59:35.312,15362,15363,15362,1,-1
2022-08-15 15:59:41.024,15362,15363,15362,1,-1
2022-08-15 15:59:47.001,15362,15363,15362,1,-1
2022-08-15 15:59:48.086,15362,15363,15363,1,1
2022-08-15 15:59:49.689,15362,15363,15362,1,-1
2022-08-15 15:59:50.717,15362,15363,15363,3,3
2022-08-15 15:59:57.271,15363,15364,15363,3,-3
2022-08-15 16:00:01.248,15362,15364,15362,3,-3
2022-08-15 16:00:01.418,15362,15364,15362,2,-2
2022-08-15 16:00:01.426,15362,15364,15362,1,-1
2022-08-15 16:00:01.472,15362,15364,15362,3,-3
2022-08-15 16:00:01.516,15362,15364,15362,1,-1
2022-08-15 16:00:01.608,15362,15363,15362,2,-2
2022-08-15 16:00:01.615,15362,15363,15363,1,1
2022-08-15 16:00:01.717,15362,15364,15362,2,-2
2022-08-15 16:00:01.719,15362,15364,15362,1,-1
2022-08-15 16:00:01.746,15362,15364,15361,2,-2
2022-08-15 16:00:01.846,15361,15363,15361,1,-1
2022-08-15 16:00:01.932,15361,15363,15363,1,1
2022-08-15 16:00:02.066,15361,15363,15361,2,-2
2022-08-15 16:00:02.456,15361,15363,15361,2,-2
2022-08-15 16:00:02.708,15362,15363,15363,1,1
2022-08-15 16:00:04.184,15363,15364,15363,1,-1
2022-08-15 16:00:04.480,15362,15363,15363,1,1
2022-08-15 16:00:16.436,15363,15364,15363,1,-1
2022-08-15 16:00:20.129,15363,15364,15364,5,5
2022-08-15 16:00:21.608,15363,15365,15363,1,-1
2022-08-15 16:00:39.779,15364,15365,15364,5,-5
2022-08-15 16:00:43.317,15363,15364,15364,1,1
2022-08-15 16:00:52.990,15363,15364,15363,3,-3
2022-08-15 16:00:59.019,15363,15364,15363,1,-1
2022-08-15 16:00:59.075,15363,15364,15363,1,-1
2022-08-15 16:00:59.125,15363,15364,15363,1,-1
2022-08-15 16:01:02.800,15363,15364,15363,5,-5
2022-08-15 16:01:04.704,15363,15364,15363,1,-1
2022-08-15 16:01:06.076,15363,15364,15364,2,2
2022-08-15 16:01:06.519,15363,15364,15363,3,-3
2022-08-15 16:01:07.341,15363,15364,15364,1,1
2022-08-15 16:01:09.281,15363,15364,15363,1,-1
2022-08-15 16:01:12.508,15363,15364,15363,1,-1
2022-08-15 16:01:15.736,15363,15364,15364,1,1
2022-08-15 16:01:18.119,15363,15364,15363,1,-1
2022-08-15 16:01:18.119,15363,15364,15363,1,-1
2022-08-15 16:01:41.939,15363,15364,15363,1,-1
2022-08-15 16:01:47.968,15363,15364,15363,1,-1
2022-08-15 16:01:52.933,15362,15363,15362,1,-1
2022-08-15 16:02:05.175,15362,15363,15362,3,-3
2022-08-15 16:02:05.176,15362,15363,15362,7,-7
2022-08-15 16:02:10.993,15362,15363,15362,5,-5
2022-08-15 16:02:10.994,15362,15363,15362,2,-2
2022-08-15 16:02:22.287,15362,15363,15362,2,-2
2022-08-15 16:02:22.287,15362,15363,15361,2,-2
2022-08-15 16:02:25.890,15361,15363,15363,1,1
2022-08-15 16:02:42.352,15361,15363,15361,1,-1
2022-08-15 16:02:53.705,15362,15363,15362,1,-1
2022-08-15 16:03:04.462,15362,15363,15363,1,1
2022-08-15 16:03:07.148,15363,15364,15363,1,-1
2022-08-15 16:03:07.148,15363,15364,15363,1,-1
2022-08-15 16:03:07.148,15363,15364,15363,3,-3
2022-08-15 16:03:11.523,15362,15363,15363,2,2
2022-08-15 16:03:20.156,15362,15363,15362,1,-1
2022-08-15 16:03:20.156,15362,15363,15362,1,-1
2022-08-15 16:03:33.607,15362,15363,15362,1,-1
2022-08-15 16:03:33.607,15362,15363,15362,1,-1
2022-08-15 16:03:33.608,15362,15363,15362,1,-1
2022-08-15 16:03:33.608,15362,15363,15362,1,-1
2022-08-15 16:03:38.578,15361,15363,15361,2,-2
2022-08-15 16:03:45.384,15361,15362,15362,1,1
2022-08-15 16:03:49.436,15361,15363,15361,2,-2
2022-08-15 16:04:10.995,15362,15363,15363,1,1
2022-08-15 16:04:11.794,15362,15363,15363,1,1
2022-08-15 16:04:12.646,15362,15363,15363,1,1
2022-08-15 16:04:12.646,15362,15363,15364,1,1
2022-08-15 16:04:21.019,15362,15363,15362,1,-1
2022-08-15 16:04:28.226,15361,15363,15361,1,-1
2022-08-15 16:04:29.448,15361,15363,15363,5,5
2022-08-15 16:04:29.477,15361,15363,15363,3,3
2022-08-15 16:04:29.848,15361,15363,15361,1,-1
2022-08-15 16:04:45.394,15362,15364,15364,2,2
2022-08-15 16:05:03.303,15363,15364,15364,3,3
2022-08-15 16:05:03.988,15363,15364,15363,1,-1
2022-08-15 16:05:04.125,15363,15364,15363,1,-1
2022-08-15 16:05:06.637,15363,15364,15364,1,1
2022-08-15 16:05:06.637,15363,15364,15364,2,2
2022-08-15 16:05:06.637,15363,15364,15364,1,1
2022-08-15 16:05:06.637,15363,15364,15364,8,8
2022-08-15 16:05:06.638,15363,15364,15364,8,8
2022-08-15 16:05:06.638,15363,15364,15364,1,1
2022-08-15 16:05:06.638,15363,15364,15364,2,2
2022-08-15 16:05:06.638,15363,15364,15364,4,4
2022-08-15 16:05:06.638,15363,15364,15364,8,8
2022-08-15 16:05:06.638,15363,15364,15364,1,1
2022-08-15 16:05:06.638,15363,15364,15364,1,1
2022-08-15 16:05:06.651,15363,15364,15365,3,3
2022-08-15 16:05:06.651,15363,15364,15365,1,1
2022-08-15 16:05:06.652,15363,15364,15365,1,1
2022-08-15 16:05:15.836,15365,15367,15365,1,-1
2022-08-15 16:05:17.460,15365,15367,15367,1,1
2022-08-15 16:05:20.282,15365,15367,15367,11,11
2022-08-15 16:05:20.282,15365,15367,15368,9,9
2022-08-15 16:05:20.350,15367,15368,15368,1,1
2022-08-15 16:05:27.883,15367,15368,15368,1,1
2022-08-15 16:05:30.196,15367,15368,15368,1,1
2022-08-15 16:05:30.464,15367,15368,15368,4,4
2022-08-15 16:05:37.408,15367,15368,15368,3,3
2022-08-15 16:05:38.244,15368,15369,15368,1,-1
2022-08-15 16:05:39.723,15368,15369,15368,1,-1
2022-08-15 16:05:41.058,15367,15368,15368,1,1
2022-08-15 16:05:44.144,15368,15369,15369,1,1
2022-08-15 16:05:44.145,15368,15369,15369,1,1
2022-08-15 16:05:44.145,15368,15369,15369,1,1
2022-08-15 16:05:44.145,15368,15369,15369,1,1
2022-08-15 16:05:44.145,15368,15369,15369,1,1
2022-08-15 16:05:45.936,15368,15370,15368,1,-1
2022-08-15 16:05:46.612,15368,15370,15370,2,2
2022-08-15 16:05:51.963,15369,15370,15370,1,1
2022-08-15 16:05:52.521,15369,15370,15370,1,1
2022-08-15 16:05:53.289,15369,15370,15370,1,1
2022-08-15 16:05:55.333,15369,15370,15370,4,4
2022-08-15 16:05:57.702,15369,15370,15370,1,1
2022-08-15 16:05:58.997,15369,15370,15369,2,-2
2022-08-15 16:05:59.501,15368,15370,15370,2,2
2022-08-15 16:06:01.217,15368,15370,15370,1,1
2022-08-15 16:06:02.045,15368,15370,15370,1,1
2022-08-15 16:06:05.312,15369,15370,15370,1,1
2022-08-15 16:06:07.600,15369,15370,15370,1,1
2022-08-15 16:06:09.323,15370,15371,15371,1,1
2022-08-15 16:06:09.803,15370,15371,15370,1,-1
2022-08-15 16:06:13.185,15370,15371,15371,1,1
2022-08-15 16:06:19.053,15370,15371,15371,1,1
2022-08-15 16:06:19.124,15370,15371,15371,1,1
2022-08-15 16:06:20.150,15370,15371,15370,1,-1
2022-08-15 16:06:20.657,15370,15371,15371,1,1
2022-08-15 16:06:22.103,15370,15371,15370,1,-1
2022-08-15 16:06:22.230,15370,15371,15371,1,1
2022-08-15 16:06:23.015,15370,15371,15371,1,1
2022-08-15 16:06:24.396,15370,15371,15371,1,1
2022-08-15 16:06:27.274,15370,15372,15370,1,-1
2022-08-15 16:06:30.066,15370,15371,15371,1,1
2022-08-15 16:06:31.109,15370,15371,15371,1,1
2022-08-15 16:06:40.841,15370,15371,15371,1,1
2022-08-15 16:06:43.864,15370,15371,15371,1,1
2022-08-15 16:06:49.618,15370,15371,15370,1,-1
2022-08-15 16:07:04.426,15370,15371,15371,1,1
2022-08-15 16:07:04.617,15370,15371,15370,2,-2
2022-08-15 16:07:11.947,15370,15371,15371,9,9
2022-08-15 16:07:11.947,15370,15371,15372,19,19
2022-08-15 16:07:11.948,15372,15373,15372,1,-1
2022-08-15 16:07:11.948,15372,15373,15372,2,-2
2022-08-15 16:07:11.957,15372,15373,15372,1,-1
2022-08-15 16:07:12.000,15372,15373,15372,1,-1
2022-08-15 16:07:16.941,15371,15372,15372,1,1
2022-08-15 16:07:16.941,15371,15372,15372,1,1
2022-08-15 16:07:16.985,15371,15372,15372,1,1
2022-08-15 16:07:17.452,15371,15372,15372,1,1
2022-08-15 16:07:18.861,15372,15373,15372,1,-1
2022-08-15 16:07:25.939,15372,15373,15373,9,9
2022-08-15 16:07:25.991,15372,15373,15373,1,1
2022-08-15 16:07:26.040,15372,15373,15373,1,1
2022-08-15 16:07:29.047,15372,15373,15373,1,1
2022-08-15 16:07:31.212,15372,15373,15373,1,1
2022-08-15 16:07:32.269,15372,15373,15373,1,1
2022-08-15 16:07:32.636,15372,15373,15373,3,3
2022-08-15 16:07:33.117,15372,15373,15373,1,1
2022-08-15 16:07:37.022,15372,15373,15373,2,2
2022-08-15 16:07:38.004,15372,15373,15372,1,-1
2022-08-15 16:07:41.799,15372,15373,15373,13,13
2022-08-15 16:07:41.799,15372,15373,15374,16,16
2022-08-15 16:07:41.801,15372,15373,15374,1,1
2022-08-15 16:07:41.801,15372,15373,15374,7,7
2022-08-15 16:07:41.802,15372,15373,15374,13,13
2022-08-15 16:07:44.929,15372,15373,15373,1,1
2022-08-15 16:07:46.404,15373,15374,15373,1,-1
2022-08-15 16:07:54.424,15372,15373,15372,12,-12
2022-08-15 16:08:13.720,15371,15372,15372,1,1
2022-08-15 16:08:13.871,15372,15373,15372,3,-3
2022-08-15 16:08:28.524,15372,15373,15372,1,-1
2022-08-15 16:08:31.168,15372,15373,15373,1,1
2022-08-15 16:08:39.888,15372,15373,15372,1,-1
2022-08-15 16:08:39.888,15372,15373,15372,1,-1
2022-08-15 16:08:39.888,15372,15373,15372,1,-1
2022-08-15 16:08:48.217,15372,15373,15373,1,1
2022-08-15 16:08:50.744,15372,15373,15372,1,-1
2022-08-15 16:08:52.691,15371,15373,15373,1,1
2022-08-15 16:09:01.632,15372,15373,15372,1,-1
2022-08-15 16:09:02.893,15371,15372,15372,3,3
2022-08-15 16:09:15.358,15371,15372,15371,4,-4
2022-08-15 16:09:25.095,15371,15372,15371,4,-4
2022-08-15 16:09:25.659,15370,15372,15372,1,1
2022-08-15 16:09:36.183,15371,15372,15372,1,1
2022-08-15 16:09:52.508,15371,15372,15371,1,-1
2022-08-15 16:09:55.600,15370,15371,15371,4,4
2022-08-15 16:09:55.600,15370,15371,15372,6,6
2022-08-15 16:09:56.852,15370,15372,15370,1,-1
2022-08-15 16:09:57.630,15370,15371,15370,1,-1
2022-08-15 16:09:59.533,15370,15371,15370,3,-3
2022-08-15 16:09:59.533,15370,15371,15370,1,-1
2022-08-15 16:09:59.533,15370,15371,15370,2,-2
2022-08-15 16:09:59.533,15370,15371,15370,3,-3
2022-08-15 16:09:59.534,15370,15371,15369,1,-1
2022-08-15 16:09:59.787,15369,15371,15371,7,7
2022-08-15 16:10:01.038,15369,15371,15369,1,-1
2022-08-15 16:10:03.538,15370,15372,15370,1,-1
2022-08-15 16:10:17.324,15369,15370,15370,1,1
2022-08-15 16:10:18.171,15369,15370,15369,1,-1
2022-08-15 16:10:19.093,15369,15370,15369,1,-1
2022-08-15 16:10:26.989,15369,15370,15370,1,1
2022-08-15 16:10:32.455,15369,15371,15371,1,1
2022-08-15 16:10:39.558,15369,15370,15369,1,-1
2022-08-15 16:10:40.721,15369,15370,15370,1,1
2022-08-15 16:10:41.525,15369,15370,15369,1,-1
2022-08-15 16:11:01.167,15369,15370,15370,1,1
2022-08-15 16:11:03.112,15369,15370,15370,1,1
2022-08-15 16:11:07.795,15369,15370,15370,2,2
2022-08-15 16:11:07.795,15369,15370,15370,2,2
2022-08-15 16:11:07.795,15369,15370,15370,5,5
2022-08-15 16:11:07.901,15370,15371,15371,1,1
2022-08-15 16:11:32.250,15370,15371,15371,1,1
2022-08-15 16:12:09.089,15371,15372,15372,3,3
2022-08-15 16:12:18.564,15371,15372,15371,2,-2
2022-08-15 16:12:18.564,15371,15372,15371,1,-1
2022-08-15 16:12:20.576,15370,15371,15371,1,1
2022-08-15 16:12:31.255,15370,15371,15370,1,-1
2022-08-15 16:12:31.510,15370,15371,15370,2,-2
2022-08-15 16:12:31.577,15370,15371,15370,1,-1
2022-08-15 16:12:42.322,15370,15371,15370,1,-1
2022-08-15 16:12:44.229,15370,15371,15370,2,-2
2022-08-15 16:12:51.814,15369,15370,15370,1,1
2022-08-15 16:12:51.878,15369,15370,15369,1,-1
2022-08-15 16:12:51.969,15369,15370,15370,1,1
2022-08-15 16:12:53.582,15369,15370,15370,1,1
2022-08-15 16:13:03.435,15370,15371,15371,1,1
2022-08-15 16:13:03.666,15371,15372,15371,1,-1
2022-08-15 16:13:17.262,15370,15371,15370,1,-1
2022-08-15 16:13:17.262,15370,15371,15370,2,-2
2022-08-15 16:13:17.264,15370,15371,15370,1,-1
2022-08-15 16:13:17.281,15370,15371,15370,1,-1
2022-08-15 16:13:20.884,15370,15371,15370,1,-1
2022-08-15 16:13:22.760,15370,15371,15370,1,-1
2022-08-15 16:13:25.344,15370,15371,15370,4,-4
2022-08-15 16:13:26.149,15369,15370,15370,1,1
2022-08-15 16:13:30.867,15370,15371,15370,1,-1
2022-08-15 16:13:38.273,15370,15371,15370,3,-3
2022-08-15 16:13:57.024,15370,15371,15370,1,-1
2022-08-15 16:14:31.123,15369,15370,15370,1,1
2022-08-15 16:14:35.748,15369,15370,15370,2,2
2022-08-15 16:14:39.719,15369,15370,15369,1,-1
2022-08-15 16:14:53.528,15369,15370,15369,1,-1
2022-08-15 16:15:00.564,15369,15370,15370,1,1
2022-08-15 16:15:00.564,15369,15370,15370,1,1
2022-08-15 16:15:00.565,15369,15370,15370,2,2
2022-08-15 16:15:01.390,15370,15371,15370,1,-1
2022-08-15 16:15:03.256,15370,15371,15371,1,1
2022-08-15 16:15:05.243,15370,15371,15370,1,-1
2022-08-15 16:15:13.316,15369,15371,15370,1,-1
2022-08-15 16:15:37.651,15369,15370,15370,1,1
2022-08-15 16:15:41.148,15369,15371,15371,2,2
2022-08-15 16:15:58.377,15369,15371,15371,1,1
2022-08-15 16:16:03.016,15369,15371,15371,3,3
2022-08-15 16:16:13.312,15370,15371,15371,2,2
2022-08-15 16:16:19.566,15370,15371,15371,1,1
2022-08-15 16:16:52.414,15369,15370,15370,1,1
2022-08-15 16:17:19.187,15370,15371,15371,1,1
2022-08-15 16:17:24.528,15370,15371,15371,3,3
2022-08-15 16:17:24.528,15370,15371,15371,2,2
2022-08-15 16:17:35.016,15371,15372,15371,1,-1
2022-08-15 16:17:42.656,15371,15372,15371,1,-1
2022-08-15 16:17:59.316,15371,15372,15371,1,-1
2022-08-15 16:18:03.056,15371,15372,15372,4,4
2022-08-15 16:18:05.193,15371,15372,15371,1,-1
2022-08-15 16:18:08.408,15371,15372,15371,1,-1
2022-08-15 16:18:25.096,15371,15372,15371,1,-1
2022-08-15 16:18:25.959,15371,15372,15371,1,-1
2022-08-15 16:18:31.663,15371,15372,15372,6,6
2022-08-15 16:18:31.674,15371,15372,15373,5,5
2022-08-15 16:18:37.886,15372,15373,15372,1,-1
2022-08-15 16:18:53.117,15372,15373,15372,1,-1
2022-08-15 16:19:02.402,15372,15373,15372,2,-2
2022-08-15 16:19:05.583,15372,15373,15372,1,-1
2022-08-15 16:19:07.941,15370,15372,15372,3,3
2022-08-15 16:19:17.047,15371,15372,15372,1,1
2022-08-15 16:19:20.284,15371,15372,15372,1,1
2022-08-15 16:19:30.569,15372,15373,15372,6,-6
2022-08-15 16:19:32.763,15371,15373,15373,2,2
2022-08-15 16:19:35.333,15372,15374,15372,2,-2
2022-08-15 16:19:37.997,15372,15374,15374,2,2
2022-08-15 16:19:41.967,15373,15374,15373,1,-1
2022-08-15 16:19:49.499,15372,15373,15373,1,1
2022-08-15 16:19:50.778,15373,15374,15373,1,-1
2022-08-15 16:20:01.182,15373,15374,15373,1,-1
2022-08-15 16:20:02.896,15373,15374,15374,2,2
