2022-01-17 15:00:00,18519,18519,18519,214,0
2022-01-17 15:00:00,18518,18518,18518,2,-2
2022-01-17 15:00:00,18518,18518,18518,2,0
2022-01-17 15:00:00,18519,18519,18519,8,8
2022-01-17 15:00:00,18519,18519,18519,2,0
2022-01-17 15:00:00,18519,18519,18519,10,0
2022-01-17 15:00:00,18519,18519,18519,2,0
2022-01-17 15:00:00,18519,18519,18519,4,0
2022-01-17 15:00:00,18520,18520,18520,2,2
2022-01-17 15:00:00,18520,18520,18520,2,0
2022-01-17 15:00:00,18519,18519,18519,4,-4
2022-01-17 15:00:00,18520,18520,18520,4,4
2022-01-17 15:00:00,18520,18520,18520,2,0
2022-01-17 15:00:00,18517,18517,18517,4,-4
2022-01-17 15:00:00,18520,18520,18520,4,4
2022-01-17 15:00:00,18520,18520,18520,2,0
2022-01-17 15:00:00,18519,18519,18519,2,-2
2022-01-17 15:00:00,18520,18520,18520,2,2
2022-01-17 15:00:00,18517,18517,18517,2,-2
2022-01-17 15:00:00,18517,18517,18517,2,0
2022-01-17 15:00:00,18519,18519,18519,2,2
2022-01-17 15:00:00,18520,18520,18520,2,2
2022-01-17 15:00:00,18518,18518,18518,2,-2
2022-01-17 15:00:01,18519,18519,18519,2,2
2022-01-17 15:00:01,18519,18519,18519,2,0
2022-01-17 15:00:01,18518,18518,18518,2,-2
2022-01-17 15:00:01,18518,18518,18518,4,0
2022-01-17 15:00:01,18518,18518,18518,2,0
2022-01-17 15:00:01,18518,18518,18518,10,0
2022-01-17 15:00:01,18516,18516,18516,2,-2
2022-01-17 15:00:01,18519,18519,18519,2,2
2022-01-17 15:00:01,18516,18516,18516,2,-2
2022-01-17 15:00:01,18516,18516,18516,2,0
2022-01-17 15:00:01,18516,18516,18516,2,0
2022-01-17 15:00:01,18517,18517,18517,2,2
2022-01-17 15:00:01,18517,18517,18517,2,0
2022-01-17 15:00:01,18517,18517,18517,2,0
2022-01-17 15:00:01,18517,18517,18517,2,0
2022-01-17 15:00:01,18518,18518,18518,2,2
2022-01-17 15:00:02,18516,18516,18516,2,-2
2022-01-17 15:00:02,18515,18515,18515,2,-2
2022-01-17 15:00:02,18515,18515,18515,2,0
2022-01-17 15:00:02,18515,18515,18515,2,0
2022-01-17 15:00:02,18515,18515,18515,2,0
2022-01-17 15:00:02,18515,18515,18515,2,0
2022-01-17 15:00:02,18518,18518,18518,2,2
2022-01-17 15:00:02,18517,18517,18517,2,-2
2022-01-17 15:00:02,18518,18518,18518,2,2
2022-01-17 15:00:02,18518,18518,18518,2,0
2022-01-17 15:00:02,18518,18518,18518,2,0
2022-01-17 15:00:04,18518,18518,18518,4,0
2022-01-17 15:00:04,18517,18517,18517,2,-2
2022-01-17 15:00:04,18517,18517,18517,2,0
2022-01-17 15:00:04,18516,18516,18516,2,-2
2022-01-17 15:00:04,18516,18516,18516,2,0
2022-01-17 15:00:04,18516,18516,18516,16,0
2022-01-17 15:00:04,18517,18517,18517,4,4
2022-01-17 15:00:04,18518,18518,18518,4,4
2022-01-17 15:00:04,18519,18519,18519,8,8
2022-01-17 15:00:04,18520,18520,18520,24,24
2022-01-17 15:00:05,18518,18518,18518,2,-2
2022-01-17 15:00:05,18517,18517,18517,2,-2
2022-01-17 15:00:07,18518,18518,18518,2,2
2022-01-17 15:00:07,18518,18518,18518,2,0
2022-01-17 15:00:09,18518,18518,18518,2,0
2022-01-17 15:00:09,18517,18517,18517,2,-2
2022-01-17 15:00:09,18517,18517,18517,2,0
2022-01-17 15:00:09,18517,18517,18517,2,0
2022-01-17 15:00:09,18517,18517,18517,2,0
2022-01-17 15:00:09,18517,18517,18517,2,0
2022-01-17 15:00:09,18517,18517,18517,2,0
2022-01-17 15:00:09,18516,18516,18516,4,-4
2022-01-17 15:00:09,18516,18516,18516,2,0
2022-01-17 15:00:09,18516,18516,18516,2,0
2022-01-17 15:00:09,18516,18516,18516,4,0
2022-01-17 15:00:09,18516,18516,18516,2,0
2022-01-17 15:00:10,18517,18517,18517,2,2
2022-01-17 15:00:11,18515,18515,18515,2,-2
2022-01-17 15:00:12,18516,18516,18516,2,2
2022-01-17 15:00:13,18515,18515,18515,2,-2
2022-01-17 15:00:13,18515,18515,18515,2,0
2022-01-17 15:00:13,18515,18515,18515,2,0
2022-01-17 15:00:13,18515,18515,18515,6,0
2022-01-17 15:00:13,18515,18515,18515,16,0
2022-01-17 15:00:15,18514,18514,18514,2,-2
2022-01-17 15:00:15,18514,18514,18514,2,0
2022-01-17 15:00:15,18514,18514,18514,2,0
2022-01-17 15:00:15,18514,18514,18514,2,0
2022-01-17 15:00:16,18515,18515,18515,4,4
2022-01-17 15:00:16,18514,18514,18514,2,-2
2022-01-17 15:00:16,18513,18513,18513,2,-2
2022-01-17 15:00:16,18515,18515,18515,2,2
2022-01-17 15:00:16,18514,18514,18514,4,-4
2022-01-17 15:00:16,18514,18514,18514,2,0
2022-01-17 15:00:16,18513,18513,18513,2,-2
2022-01-17 15:00:16,18513,18513,18513,18,0
2022-01-17 15:00:16,18514,18514,18514,2,2
2022-01-17 15:00:16,18514,18514,18514,4,0
2022-01-17 15:00:18,18512,18512,18512,2,-2
2022-01-17 15:00:18,18512,18512,18512,2,0
2022-01-17 15:00:18,18511,18511,18511,2,-2
2022-01-17 15:00:18,18511,18511,18511,2,0
2022-01-17 15:00:18,18511,18511,18511,2,0
2022-01-17 15:00:18,18511,18511,18511,2,0
2022-01-17 15:00:18,18511,18511,18511,2,0
2022-01-17 15:00:18,18511,18511,18511,2,0
2022-01-17 15:00:18,18513,18513,18513,2,2
2022-01-17 15:00:18,18514,18514,18514,4,4
2022-01-17 15:00:20,18512,18512,18512,2,-2
2022-01-17 15:00:20,18511,18511,18511,2,-2
2022-01-17 15:00:22,18512,18512,18512,2,2
2022-01-17 15:00:23,18512,18512,18512,2,0
2022-01-17 15:00:24,18511,18511,18511,2,-2
2022-01-17 15:00:24,18513,18513,18513,2,2
2022-01-17 15:00:25,18513,18513,18513,2,0
2022-01-17 15:00:25,18512,18512,18512,2,-2
2022-01-17 15:00:25,18512,18512,18512,2,0
2022-01-17 15:00:25,18512,18512,18512,2,0
2022-01-17 15:00:25,18512,18512,18512,2,0
2022-01-17 15:00:26,18512,18512,18512,2,0
2022-01-17 15:00:28,18514,18514,18514,10,10
2022-01-17 15:00:28,18515,18515,18515,6,6
2022-01-17 15:00:28,18516,18516,18516,4,4
2022-01-17 15:00:31,18515,18515,18515,2,-2
2022-01-17 15:00:33,18515,18515,18515,2,0
2022-01-17 15:00:34,18515,18515,18515,2,0
2022-01-17 15:00:34,18515,18515,18515,4,0
2022-01-17 15:00:34,18514,18514,18514,2,-2
2022-01-17 15:00:37,18514,18514,18514,2,0
2022-01-17 15:00:37,18514,18514,18514,2,0
2022-01-17 15:00:37,18514,18514,18514,2,0
2022-01-17 15:00:38,18513,18513,18513,4,-4
2022-01-17 15:00:38,18512,18512,18512,2,-2
2022-01-17 15:00:38,18512,18512,18512,2,0
2022-01-17 15:00:38,18512,18512,18512,2,0
2022-01-17 15:00:39,18511,18511,18511,2,-2
2022-01-17 15:00:40,18511,18511,18511,2,0
2022-01-17 15:00:40,18511,18511,18511,2,0
2022-01-17 15:00:41,18511,18511,18511,2,0
2022-01-17 15:00:42,18511,18511,18511,2,0
2022-01-17 15:00:43,18511,18511,18511,2,0
2022-01-17 15:00:43,18510,18510,18510,2,-2
2022-01-17 15:00:43,18510,18510,18510,2,0
2022-01-17 15:00:43,18510,18510,18510,2,0
2022-01-17 15:00:43,18510,18510,18510,2,0
2022-01-17 15:00:43,18510,18510,18510,2,0
2022-01-17 15:00:43,18510,18510,18510,2,0
2022-01-17 15:00:43,18510,18510,18510,2,0
2022-01-17 15:00:43,18509,18509,18509,4,-4
2022-01-17 15:00:43,18509,18509,18509,2,0
2022-01-17 15:00:43,18509,18509,18509,2,0
2022-01-17 15:00:43,18509,18509,18509,2,0
2022-01-17 15:00:43,18509,18509,18509,2,0
2022-01-17 15:00:43,18509,18509,18509,2,0
2022-01-17 15:00:44,18511,18511,18511,2,2
2022-01-17 15:00:45,18511,18511,18511,2,0
2022-01-17 15:00:48,18509,18509,18509,2,-2
2022-01-17 15:00:49,18509,18509,18509,2,0
2022-01-17 15:00:49,18511,18511,18511,4,4
2022-01-17 15:00:50,18511,18511,18511,2,0
2022-01-17 15:00:51,18511,18511,18511,2,0
2022-01-17 15:00:51,18510,18510,18510,2,-2
2022-01-17 15:00:51,18510,18510,18510,2,0
2022-01-17 15:00:51,18510,18510,18510,2,0
2022-01-17 15:00:51,18509,18509,18509,2,-2
2022-01-17 15:00:51,18509,18509,18509,2,0
2022-01-17 15:00:51,18509,18509,18509,2,0
2022-01-17 15:00:51,18509,18509,18509,2,0
2022-01-17 15:00:51,18509,18509,18509,2,0
2022-01-17 15:00:51,18510,18510,18510,2,2
2022-01-17 15:00:54,18511,18511,18511,4,4
2022-01-17 15:00:54,18512,18512,18512,2,2
2022-01-17 15:00:55,18510,18510,18510,2,-2
2022-01-17 15:00:56,18512,18512,18512,2,2
2022-01-17 15:00:57,18511,18511,18511,2,-2
2022-01-17 15:00:59,18512,18512,18512,6,6
2022-01-17 15:00:59,18512,18512,18512,2,0
2022-01-17 15:00:59,18511,18511,18511,2,-2
2022-01-17 15:00:59,18511,18511,18511,2,0
2022-01-17 15:00:59,18511,18511,18511,2,0
2022-01-17 15:00:59,18511,18511,18511,2,0
2022-01-17 15:01:00,18512,18512,18512,2,2
2022-01-17 15:01:00,18513,18513,18513,2,2
2022-01-17 15:01:00,18513,18513,18513,2,0
2022-01-17 15:01:00,18512,18512,18512,2,-2
2022-01-17 15:01:00,18513,18513,18513,2,2
2022-01-17 15:01:00,18513,18513,18513,4,0
2022-01-17 15:01:00,18511,18511,18511,2,-2
2022-01-17 15:01:00,18512,18512,18512,2,2
2022-01-17 15:01:00,18512,18512,18512,2,0
2022-01-17 15:01:00,18513,18513,18513,2,2
2022-01-17 15:01:00,18514,18514,18514,4,4
2022-01-17 15:01:00,18514,18514,18514,4,0
2022-01-17 15:01:00,18514,18514,18514,4,0
2022-01-17 15:01:00,18512,18512,18512,2,-2
2022-01-17 15:01:01,18512,18512,18512,2,0
2022-01-17 15:01:01,18512,18512,18512,2,0
2022-01-17 15:01:01,18512,18512,18512,2,0
2022-01-17 15:01:01,18512,18512,18512,2,0
2022-01-17 15:01:02,18512,18512,18512,2,0
2022-01-17 15:01:02,18512,18512,18512,2,0
2022-01-17 15:01:05,18512,18512,18512,16,0
2022-01-17 15:01:07,18513,18513,18513,2,2
2022-01-17 15:01:09,18514,18514,18514,2,2
2022-01-17 15:01:09,18513,18513,18513,2,-2
2022-01-17 15:01:09,18513,18513,18513,2,0
2022-01-17 15:01:09,18513,18513,18513,2,0
2022-01-17 15:01:09,18512,18512,18512,2,-2
2022-01-17 15:01:09,18512,18512,18512,2,0
2022-01-17 15:01:09,18512,18512,18512,2,0
2022-01-17 15:01:09,18512,18512,18512,2,0
2022-01-17 15:01:09,18512,18512,18512,2,0
2022-01-17 15:01:09,18512,18512,18512,2,0
2022-01-17 15:01:09,18512,18512,18512,2,0
2022-01-17 15:01:11,18512,18512,18512,2,0
2022-01-17 15:01:13,18511,18511,18511,2,-2
2022-01-17 15:01:13,18511,18511,18511,2,0
2022-01-17 15:01:13,18511,18511,18511,2,0
2022-01-17 15:01:13,18511,18511,18511,2,0
2022-01-17 15:01:13,18511,18511,18511,2,0
2022-01-17 15:01:13,18511,18511,18511,2,0
2022-01-17 15:01:14,18512,18512,18512,2,2
2022-01-17 15:01:15,18511,18511,18511,2,-2
2022-01-17 15:01:16,18513,18513,18513,2,2
2022-01-17 15:01:19,18512,18512,18512,2,-2
2022-01-17 15:01:19,18513,18513,18513,2,2
2022-01-17 15:01:19,18511,18511,18511,2,-2
2022-01-17 15:01:19,18511,18511,18511,2,0
2022-01-17 15:01:19,18510,18510,18510,2,-2
2022-01-17 15:01:19,18510,18510,18510,2,0
2022-01-17 15:01:19,18510,18510,18510,2,0
2022-01-17 15:01:21,18510,18510,18510,2,0
2022-01-17 15:01:21,18510,18510,18510,2,0
2022-01-17 15:01:22,18511,18511,18511,6,6
2022-01-17 15:01:22,18510,18510,18510,2,-2
2022-01-17 15:01:26,18511,18511,18511,10,10
2022-01-17 15:01:28,18510,18510,18510,2,-2
2022-01-17 15:01:28,18510,18510,18510,2,0
2022-01-17 15:01:28,18510,18510,18510,2,0
2022-01-17 15:01:28,18510,18510,18510,2,0
2022-01-17 15:01:28,18510,18510,18510,2,0
2022-01-17 15:01:28,18509,18509,18509,2,-2
2022-01-17 15:01:32,18510,18510,18510,2,2
2022-01-17 15:01:33,18510,18510,18510,4,0
2022-01-17 15:01:40,18510,18510,18510,6,0
2022-01-17 15:01:42,18510,18510,18510,4,0
2022-01-17 15:01:42,18510,18510,18510,2,0
2022-01-17 15:01:42,18510,18510,18510,2,0
2022-01-17 15:01:42,18510,18510,18510,2,0
2022-01-17 15:01:43,18510,18510,18510,2,0
2022-01-17 15:01:44,18509,18509,18509,2,-2
2022-01-17 15:01:44,18509,18509,18509,2,0
2022-01-17 15:01:45,18510,18510,18510,2,2
2022-01-17 15:01:46,18510,18510,18510,2,0
2022-01-17 15:01:48,18509,18509,18509,2,-2
2022-01-17 15:01:48,18509,18509,18509,20,0
2022-01-17 15:01:48,18509,18509,18509,2,0
2022-01-17 15:01:48,18509,18509,18509,2,0
2022-01-17 15:01:48,18509,18509,18509,12,0
2022-01-17 15:01:48,18509,18509,18509,2,0
2022-01-17 15:01:48,18509,18509,18509,2,0
2022-01-17 15:02:00,18509,18509,18509,2,0
2022-01-17 15:02:00,18510,18510,18510,2,2
2022-01-17 15:02:04,18510,18510,18510,10,0
2022-01-17 15:02:04,18510,18510,18510,2,0
2022-01-17 15:02:06,18511,18511,18511,6,6
2022-01-17 15:02:10,18512,18512,18512,8,8
2022-01-17 15:02:11,18511,18511,18511,2,-2
2022-01-17 15:02:11,18511,18511,18511,2,0
2022-01-17 15:02:11,18511,18511,18511,2,0
2022-01-17 15:02:11,18511,18511,18511,8,0
2022-01-17 15:02:13,18513,18513,18513,2,2
2022-01-17 15:02:14,18513,18513,18513,14,0
2022-01-17 15:02:14,18513,18513,18513,2,0
2022-01-17 15:02:15,18512,18512,18512,2,-2
2022-01-17 15:02:17,18512,18512,18512,2,0
2022-01-17 15:02:17,18512,18512,18512,2,0
2022-01-17 15:02:17,18512,18512,18512,2,0
2022-01-17 15:02:17,18512,18512,18512,2,0
2022-01-17 15:02:17,18512,18512,18512,2,0
2022-01-17 15:02:17,18511,18511,18511,2,-2
2022-01-17 15:02:17,18511,18511,18511,2,0
2022-01-17 15:02:18,18513,18513,18513,2,2
2022-01-17 15:02:19,18513,18513,18513,2,0
2022-01-17 15:02:19,18513,18513,18513,18,0
2022-01-17 15:02:20,18513,18513,18513,2,0
2022-01-17 15:02:21,18513,18513,18513,2,0
2022-01-17 15:02:23,18513,18513,18513,14,0
2022-01-17 15:02:23,18514,18514,18514,2,2
2022-01-17 15:02:25,18514,18514,18514,2,0
2022-01-17 15:02:25,18514,18514,18514,2,0
2022-01-17 15:02:25,18514,18514,18514,2,0
2022-01-17 15:02:27,18514,18514,18514,4,0
2022-01-17 15:02:31,18514,18514,18514,4,0
2022-01-17 15:02:31,18514,18514,18514,2,0
2022-01-17 15:02:33,18515,18515,18515,2,2
2022-01-17 15:02:33,18514,18514,18514,2,-2
2022-01-17 15:02:34,18515,18515,18515,4,4
2022-01-17 15:02:35,18514,18514,18514,2,-2
2022-01-17 15:02:35,18514,18514,18514,2,0
2022-01-17 15:02:35,18513,18513,18513,4,-4
2022-01-17 15:02:35,18513,18513,18513,4,0
2022-01-17 15:02:35,18513,18513,18513,2,0
2022-01-17 15:02:35,18513,18513,18513,2,0
2022-01-17 15:02:35,18513,18513,18513,2,0
2022-01-17 15:02:36,18514,18514,18514,2,2
2022-01-17 15:02:45,18513,18513,18513,22,-22
2022-01-17 15:02:48,18513,18513,18513,2,0
2022-01-17 15:02:49,18514,18514,18514,2,2
2022-01-17 15:02:50,18514,18514,18514,2,0
2022-01-17 15:02:52,18513,18513,18513,2,-2
2022-01-17 15:02:56,18514,18514,18514,12,12
2022-01-17 15:02:58,18514,18514,18514,4,0
2022-01-17 15:02:58,18513,18513,18513,10,-10
2022-01-17 15:02:58,18513,18513,18513,2,0
2022-01-17 15:02:58,18513,18513,18513,2,0
2022-01-17 15:03:00,18514,18514,18514,2,2
2022-01-17 15:03:00,18515,18515,18515,2,2
2022-01-17 15:03:00,18514,18514,18514,2,-2
2022-01-17 15:03:01,18514,18514,18514,2,0
2022-01-17 15:03:01,18514,18514,18514,2,0
2022-01-17 15:03:01,18513,18513,18513,2,-2
2022-01-17 15:03:01,18513,18513,18513,2,0
2022-01-17 15:03:01,18513,18513,18513,2,0
2022-01-17 15:03:01,18512,18512,18512,2,-2
2022-01-17 15:03:01,18512,18512,18512,4,0
2022-01-17 15:03:01,18512,18512,18512,8,0
2022-01-17 15:03:01,18512,18512,18512,2,0
2022-01-17 15:03:01,18512,18512,18512,6,0
2022-01-17 15:03:01,18513,18513,18513,2,2
2022-01-17 15:03:02,18512,18512,18512,4,-4
2022-01-17 15:03:02,18512,18512,18512,2,0
2022-01-17 15:03:02,18512,18512,18512,2,0
2022-01-17 15:03:02,18512,18512,18512,2,0
2022-01-17 15:03:02,18512,18512,18512,8,0
2022-01-17 15:03:10,18513,18513,18513,2,2
2022-01-17 15:03:10,18512,18512,18512,2,-2
2022-01-17 15:03:10,18512,18512,18512,2,0
2022-01-17 15:03:14,18511,18511,18511,2,-2
2022-01-17 15:03:15,18511,18511,18511,4,0
2022-01-17 15:03:16,18510,18510,18510,2,-2
2022-01-17 15:03:16,18510,18510,18510,2,0
2022-01-17 15:03:16,18510,18510,18510,2,0
2022-01-17 15:03:16,18510,18510,18510,2,0
2022-01-17 15:03:16,18510,18510,18510,2,0
2022-01-17 15:03:16,18509,18509,18509,4,-4
2022-01-17 15:03:16,18509,18509,18509,16,0
2022-01-17 15:03:16,18509,18509,18509,10,0
2022-01-17 15:03:16,18509,18509,18509,2,0
2022-01-17 15:03:16,18509,18509,18509,2,0
2022-01-17 15:03:17,18510,18510,18510,2,2
2022-01-17 15:03:19,18509,18509,18509,2,-2
2022-01-17 15:03:19,18508,18508,18508,2,-2
2022-01-17 15:03:19,18508,18508,18508,2,0
2022-01-17 15:03:19,18508,18508,18508,2,0
2022-01-17 15:03:19,18508,18508,18508,2,0
2022-01-17 15:03:19,18508,18508,18508,14,0
2022-01-17 15:03:19,18508,18508,18508,2,0
2022-01-17 15:03:19,18508,18508,18508,2,0
2022-01-17 15:03:19,18508,18508,18508,2,0
2022-01-17 15:03:19,18508,18508,18508,2,0
2022-01-17 15:03:19,18508,18508,18508,2,0
2022-01-17 15:03:19,18508,18508,18508,2,0
2022-01-17 15:03:19,18508,18508,18508,4,0
2022-01-17 15:03:19,18508,18508,18508,4,0
2022-01-17 15:03:19,18508,18508,18508,2,0
2022-01-17 15:03:19,18508,18508,18508,2,0
2022-01-17 15:03:20,18508,18508,18508,2,0
2022-01-17 15:03:20,18508,18508,18508,2,0
2022-01-17 15:03:26,18508,18508,18508,2,0
2022-01-17 15:03:26,18508,18508,18508,2,0
2022-01-17 15:03:26,18509,18509,18509,6,6
2022-01-17 15:03:29,18509,18509,18509,2,0
2022-01-17 15:03:31,18509,18509,18509,2,0
2022-01-17 15:03:31,18509,18509,18509,2,0
2022-01-17 15:03:35,18508,18508,18508,2,-2
2022-01-17 15:03:35,18508,18508,18508,2,0
2022-01-17 15:03:37,18509,18509,18509,2,2
2022-01-17 15:03:37,18508,18508,18508,2,-2
2022-01-17 15:03:44,18507,18507,18507,2,-2
2022-01-17 15:03:44,18509,18509,18509,2,2
2022-01-17 15:03:51,18507,18507,18507,2,-2
2022-01-17 15:03:53,18507,18507,18507,2,0
2022-01-17 15:03:53,18507,18507,18507,2,0
2022-01-17 15:03:54,18508,18508,18508,2,2
2022-01-17 15:03:55,18507,18507,18507,10,-10
2022-01-17 15:03:55,18507,18507,18507,2,0
2022-01-17 15:03:55,18506,18506,18506,2,-2
2022-01-17 15:03:55,18506,18506,18506,2,0
2022-01-17 15:04:03,18506,18506,18506,4,0
2022-01-17 15:04:04,18506,18506,18506,2,0
2022-01-17 15:04:06,18506,18506,18506,2,0
2022-01-17 15:04:06,18506,18506,18506,2,0
2022-01-17 15:04:09,18507,18507,18507,2,2
2022-01-17 15:04:09,18507,18507,18507,4,0
2022-01-17 15:04:09,18507,18507,18507,2,0
2022-01-17 15:04:25,18507,18507,18507,2,0
2022-01-17 15:04:30,18509,18509,18509,2,2
2022-01-17 15:04:34,18509,18509,18509,2,0
2022-01-17 15:04:34,18509,18509,18509,2,0
2022-01-17 15:04:34,18508,18508,18508,2,-2
2022-01-17 15:04:34,18508,18508,18508,2,0
2022-01-17 15:04:34,18508,18508,18508,2,0
2022-01-17 15:04:34,18508,18508,18508,2,0
2022-01-17 15:04:34,18508,18508,18508,4,0
2022-01-17 15:04:34,18508,18508,18508,2,0
2022-01-17 15:04:34,18508,18508,18508,4,0
2022-01-17 15:04:34,18508,18508,18508,4,0
2022-01-17 15:04:35,18510,18510,18510,2,2
2022-01-17 15:04:47,18509,18509,18509,2,-2
2022-01-17 15:04:52,18510,18510,18510,2,2
2022-01-17 15:05:01,18510,18510,18510,2,0
2022-01-17 15:05:03,18510,18510,18510,2,0
2022-01-17 15:05:06,18510,18510,18510,6,0
2022-01-17 15:05:09,18511,18511,18511,2,2
2022-01-17 15:05:12,18510,18510,18510,2,-2
2022-01-17 15:05:13,18510,18510,18510,2,0
2022-01-17 15:05:13,18510,18510,18510,4,0
2022-01-17 15:05:13,18510,18510,18510,4,0
2022-01-17 15:05:13,18510,18510,18510,8,0
2022-01-17 15:05:14,18511,18511,18511,2,2
2022-01-17 15:05:17,18511,18511,18511,2,0
2022-01-17 15:05:20,18510,18510,18510,2,-2
2022-01-17 15:05:20,18510,18510,18510,2,0
2022-01-17 15:05:20,18510,18510,18510,2,0
2022-01-17 15:05:20,18510,18510,18510,8,0
2022-01-17 15:05:20,18510,18510,18510,2,0
2022-01-17 15:05:31,18511,18511,18511,2,2
2022-01-17 15:05:36,18511,18511,18511,2,0
2022-01-17 15:05:40,18510,18510,18510,2,-2
2022-01-17 15:05:43,18511,18511,18511,2,2
2022-01-17 15:05:46,18512,18512,18512,10,10
2022-01-17 15:05:46,18512,18512,18512,6,0
2022-01-17 15:05:46,18513,18513,18513,4,4
2022-01-17 15:05:47,18513,18513,18513,2,0
2022-01-17 15:06:00,18513,18513,18513,8,0
2022-01-17 15:06:04,18513,18513,18513,2,0
2022-01-17 15:06:04,18512,18512,18512,2,-2
2022-01-17 15:06:04,18512,18512,18512,2,0
2022-01-17 15:06:04,18512,18512,18512,4,0
2022-01-17 15:06:04,18512,18512,18512,2,0
2022-01-17 15:06:04,18512,18512,18512,2,0
2022-01-17 15:06:04,18512,18512,18512,4,0
2022-01-17 15:06:04,18512,18512,18512,2,0
2022-01-17 15:06:04,18512,18512,18512,12,0
2022-01-17 15:06:13,18513,18513,18513,2,2
2022-01-17 15:06:13,18514,18514,18514,14,14
2022-01-17 15:06:14,18513,18513,18513,2,-2
2022-01-17 15:06:14,18513,18513,18513,2,0
2022-01-17 15:06:14,18512,18512,18512,4,-4
2022-01-17 15:06:14,18512,18512,18512,2,0
2022-01-17 15:06:14,18512,18512,18512,2,0
2022-01-17 15:06:14,18512,18512,18512,2,0
2022-01-17 15:06:14,18512,18512,18512,4,0
2022-01-17 15:06:14,18512,18512,18512,2,0
2022-01-17 15:06:14,18512,18512,18512,2,0
2022-01-17 15:06:14,18512,18512,18512,2,0
2022-01-17 15:06:14,18512,18512,18512,10,0
2022-01-17 15:06:14,18514,18514,18514,4,4
2022-01-17 15:06:17,18514,18514,18514,4,0
2022-01-17 15:06:19,18514,18514,18514,2,0
2022-01-17 15:06:19,18514,18514,18514,4,0
2022-01-17 15:06:19,18513,18513,18513,10,-10
2022-01-17 15:06:19,18513,18513,18513,10,0
2022-01-17 15:06:19,18513,18513,18513,8,0
2022-01-17 15:06:21,18514,18514,18514,2,2
2022-01-17 15:06:24,18514,18514,18514,2,0
2022-01-17 15:06:28,18514,18514,18514,4,0
2022-01-17 15:06:34,18514,18514,18514,2,0
2022-01-17 15:06:34,18514,18514,18514,2,0
2022-01-17 15:06:44,18514,18514,18514,2,0
2022-01-17 15:06:54,18514,18514,18514,2,0
2022-01-17 15:07:09,18514,18514,18514,2,0
2022-01-17 15:07:11,18514,18514,18514,2,0
2022-01-17 15:07:15,18514,18514,18514,2,0
2022-01-17 15:07:17,18515,18515,18515,2,2
2022-01-17 15:07:33,18514,18514,18514,2,-2
2022-01-17 15:07:33,18514,18514,18514,4,0
2022-01-17 15:07:39,18514,18514,18514,2,0
2022-01-17 15:07:46,18514,18514,18514,2,0
2022-01-17 15:07:55,18514,18514,18514,2,0
2022-01-17 15:07:55,18515,18515,18515,32,32
2022-01-17 15:07:56,18514,18514,18514,2,-2
2022-01-17 15:07:56,18514,18514,18514,2,0
2022-01-17 15:07:57,18514,18514,18514,4,0
2022-01-17 15:07:59,18515,18515,18515,22,22
2022-01-17 15:08:04,18516,18516,18516,42,42
2022-01-17 15:08:04,18517,18517,18517,2,2
2022-01-17 15:08:09,18517,18517,18517,16,0
2022-01-17 15:08:09,18517,18517,18517,2,0
2022-01-17 15:08:09,18517,18517,18517,2,0
2022-01-17 15:08:10,18518,18518,18518,16,16
2022-01-17 15:08:10,18518,18518,18518,2,0
2022-01-17 15:08:10,18518,18518,18518,2,0
2022-01-17 15:08:10,18518,18518,18518,32,0
2022-01-17 15:08:10,18518,18518,18518,2,0
2022-01-17 15:08:10,18519,18519,18519,20,20
2022-01-17 15:08:11,18519,18519,18519,20,0
2022-01-17 15:08:13,18520,18520,18520,2,2
2022-01-17 15:08:13,18520,18520,18520,2,0
2022-01-17 15:08:13,18520,18520,18520,6,0
2022-01-17 15:08:13,18520,18520,18520,2,0
2022-01-17 15:08:14,18520,18520,18520,8,0
2022-01-17 15:08:17,18520,18520,18520,2,0
2022-01-17 15:08:20,18520,18520,18520,2,0
2022-01-17 15:08:21,18520,18520,18520,2,0
2022-01-17 15:08:22,18521,18521,18521,4,4
2022-01-17 15:08:22,18521,18521,18521,8,0
2022-01-17 15:08:22,18521,18521,18521,4,0
2022-01-17 15:08:23,18520,18520,18520,4,-4
2022-01-17 15:08:23,18520,18520,18520,2,0
2022-01-17 15:08:23,18520,18520,18520,2,0
2022-01-17 15:08:23,18520,18520,18520,2,0
2022-01-17 15:08:23,18520,18520,18520,2,0
2022-01-17 15:08:23,18520,18520,18520,2,0
2022-01-17 15:08:23,18520,18520,18520,2,0
2022-01-17 15:08:23,18520,18520,18520,2,0
2022-01-17 15:08:23,18520,18520,18520,2,0
2022-01-17 15:08:23,18520,18520,18520,2,0
2022-01-17 15:08:24,18519,18519,18519,2,-2
2022-01-17 15:08:24,18519,18519,18519,4,0
2022-01-17 15:08:24,18519,18519,18519,2,0
2022-01-17 15:08:24,18519,18519,18519,2,0
2022-01-17 15:08:24,18519,18519,18519,4,0
2022-01-17 15:08:24,18519,18519,18519,4,0
2022-01-17 15:08:24,18518,18518,18518,2,-2
2022-01-17 15:08:28,18520,18520,18520,2,2
2022-01-17 15:08:28,18520,18520,18520,2,0
2022-01-17 15:08:33,18520,18520,18520,4,0
2022-01-17 15:08:33,18519,18519,18519,2,-2
2022-01-17 15:08:34,18521,18521,18521,2,2
2022-01-17 15:08:36,18520,18520,18520,2,-2
2022-01-17 15:08:36,18521,18521,18521,20,20
2022-01-17 15:08:37,18521,18521,18521,4,0
2022-01-17 15:08:39,18521,18521,18521,2,0
2022-01-17 15:08:39,18521,18521,18521,2,0
2022-01-17 15:08:41,18520,18520,18520,2,-2
2022-01-17 15:08:43,18521,18521,18521,2,2
2022-01-17 15:08:43,18520,18520,18520,2,-2
2022-01-17 15:08:44,18520,18520,18520,2,0
2022-01-17 15:08:44,18519,18519,18519,2,-2
2022-01-17 15:08:47,18521,18521,18521,6,6
2022-01-17 15:08:47,18521,18521,18521,2,0
2022-01-17 15:08:47,18521,18521,18521,2,0
2022-01-17 15:08:49,18520,18520,18520,2,-2
2022-01-17 15:08:50,18520,18520,18520,2,0
2022-01-17 15:08:51,18521,18521,18521,2,2
2022-01-17 15:08:55,18521,18521,18521,2,0
2022-01-17 15:08:55,18521,18521,18521,2,0
2022-01-17 15:08:59,18521,18521,18521,2,0
2022-01-17 15:09:00,18521,18521,18521,2,0
2022-01-17 15:09:00,18521,18521,18521,2,0
2022-01-17 15:09:03,18521,18521,18521,2,0
2022-01-17 15:09:03,18522,18522,18522,2,2
2022-01-17 15:09:07,18521,18521,18521,2,-2
2022-01-17 15:09:07,18522,18522,18522,2,2
2022-01-17 15:09:08,18522,18522,18522,4,0
2022-01-17 15:09:09,18521,18521,18521,2,-2
2022-01-17 15:09:09,18521,18521,18521,2,0
2022-01-17 15:09:10,18522,18522,18522,20,20
2022-01-17 15:09:16,18521,18521,18521,2,-2
2022-01-17 15:09:16,18522,18522,18522,2,2
2022-01-17 15:09:17,18522,18522,18522,4,0
2022-01-17 15:09:18,18522,18522,18522,2,0
2022-01-17 15:09:19,18522,18522,18522,4,0
2022-01-17 15:09:19,18522,18522,18522,30,0
2022-01-17 15:09:20,18523,18523,18523,16,16
2022-01-17 15:09:21,18522,18522,18522,2,-2
2022-01-17 15:09:23,18522,18522,18522,2,0
2022-01-17 15:09:23,18522,18522,18522,2,0
2022-01-17 15:09:23,18522,18522,18522,2,0
2022-01-17 15:09:23,18522,18522,18522,2,0
2022-01-17 15:09:23,18522,18522,18522,2,0
2022-01-17 15:09:23,18523,18523,18523,2,2
2022-01-17 15:09:24,18522,18522,18522,2,-2
2022-01-17 15:09:25,18523,18523,18523,2,2
2022-01-17 15:09:25,18523,18523,18523,10,0
2022-01-17 15:09:28,18523,18523,18523,4,0
2022-01-17 15:09:28,18523,18523,18523,10,0
2022-01-17 15:09:28,18523,18523,18523,2,0
2022-01-17 15:09:28,18523,18523,18523,2,0
2022-01-17 15:09:28,18523,18523,18523,2,0
2022-01-17 15:09:28,18523,18523,18523,2,0
2022-01-17 15:09:29,18523,18523,18523,2,0
2022-01-17 15:09:30,18523,18523,18523,2,0
2022-01-17 15:09:30,18522,18522,18522,8,-8
2022-01-17 15:09:33,18523,18523,18523,2,2
2022-01-17 15:09:33,18524,18524,18524,2,2
2022-01-17 15:09:36,18523,18523,18523,2,-2
2022-01-17 15:09:38,18523,18523,18523,2,0
2022-01-17 15:09:43,18523,18523,18523,2,0
2022-01-17 15:09:44,18523,18523,18523,2,0
2022-01-17 15:09:44,18523,18523,18523,8,0
2022-01-17 15:09:47,18523,18523,18523,2,0
2022-01-17 15:09:49,18524,18524,18524,2,2
2022-01-17 15:09:51,18524,18524,18524,2,0
2022-01-17 15:09:52,18524,18524,18524,10,0
2022-01-17 15:09:54,18524,18524,18524,2,0
2022-01-17 15:09:56,18523,18523,18523,2,-2
2022-01-17 15:10:06,18524,18524,18524,2,2
2022-01-17 15:10:06,18524,18524,18524,2,0
2022-01-17 15:10:06,18524,18524,18524,2,0
2022-01-17 15:10:06,18524,18524,18524,4,0
2022-01-17 15:10:06,18524,18524,18524,2,0
2022-01-17 15:10:06,18524,18524,18524,2,0
2022-01-17 15:10:06,18524,18524,18524,8,0
2022-01-17 15:10:06,18525,18525,18525,2,2
2022-01-17 15:10:06,18525,18525,18525,8,0
2022-01-17 15:10:06,18525,18525,18525,4,0
2022-01-17 15:10:06,18525,18525,18525,2,0
2022-01-17 15:10:06,18525,18525,18525,6,0
2022-01-17 15:10:06,18525,18525,18525,2,0
2022-01-17 15:10:06,18525,18525,18525,32,0
2022-01-17 15:10:06,18526,18526,18526,2,2
2022-01-17 15:10:06,18526,18526,18526,2,0
2022-01-17 15:10:06,18526,18526,18526,2,0
2022-01-17 15:10:06,18526,18526,18526,8,0
2022-01-17 15:10:07,18526,18526,18526,4,0
2022-01-17 15:10:07,18526,18526,18526,2,0
2022-01-17 15:10:09,18526,18526,18526,2,0
2022-01-17 15:10:11,18526,18526,18526,6,0
2022-01-17 15:10:11,18525,18525,18525,2,-2
2022-01-17 15:10:11,18526,18526,18526,6,6
2022-01-17 15:10:13,18526,18526,18526,16,0
2022-01-17 15:10:13,18527,18527,18527,2,2
2022-01-17 15:10:15,18526,18526,18526,2,-2
2022-01-17 15:10:17,18527,18527,18527,2,2
2022-01-17 15:10:18,18527,18527,18527,2,0
2022-01-17 15:10:19,18527,18527,18527,2,0
2022-01-17 15:10:19,18527,18527,18527,2,0
2022-01-17 15:10:20,18527,18527,18527,2,0
2022-01-17 15:10:21,18527,18527,18527,2,0
2022-01-17 15:10:21,18527,18527,18527,2,0
2022-01-17 15:10:22,18526,18526,18526,2,-2
2022-01-17 15:10:23,18527,18527,18527,4,4
2022-01-17 15:10:23,18527,18527,18527,2,0
2022-01-17 15:10:23,18527,18527,18527,6,0
2022-01-17 15:10:23,18527,18527,18527,10,0
2022-01-17 15:10:23,18527,18527,18527,10,0
2022-01-17 15:10:23,18527,18527,18527,16,0
2022-01-17 15:10:25,18526,18526,18526,2,-2
2022-01-17 15:10:25,18526,18526,18526,2,0
2022-01-17 15:10:25,18526,18526,18526,2,0
2022-01-17 15:10:25,18526,18526,18526,2,0
2022-01-17 15:10:25,18526,18526,18526,2,0
2022-01-17 15:10:25,18526,18526,18526,4,0
2022-01-17 15:10:30,18527,18527,18527,2,2
2022-01-17 15:10:34,18528,18528,18528,2,2
2022-01-17 15:10:34,18527,18527,18527,2,-2
2022-01-17 15:10:34,18527,18527,18527,2,0
2022-01-17 15:10:34,18528,18528,18528,2,2
2022-01-17 15:10:35,18527,18527,18527,2,-2
2022-01-17 15:10:35,18527,18527,18527,2,0
2022-01-17 15:10:37,18527,18527,18527,2,0
2022-01-17 15:10:37,18527,18527,18527,2,0
2022-01-17 15:10:38,18527,18527,18527,2,0
2022-01-17 15:10:38,18527,18527,18527,2,0
2022-01-17 15:10:38,18527,18527,18527,2,0
2022-01-17 15:10:39,18526,18526,18526,2,-2
2022-01-17 15:10:39,18526,18526,18526,4,0
2022-01-17 15:10:39,18526,18526,18526,2,0
2022-01-17 15:10:39,18526,18526,18526,2,0
2022-01-17 15:10:39,18526,18526,18526,2,0
2022-01-17 15:10:39,18526,18526,18526,2,0
2022-01-17 15:10:40,18526,18526,18526,2,0
2022-01-17 15:10:40,18526,18526,18526,2,0
2022-01-17 15:10:40,18526,18526,18526,2,0
2022-01-17 15:10:40,18526,18526,18526,8,0
2022-01-17 15:10:40,18527,18527,18527,2,2
2022-01-17 15:10:41,18525,18525,18525,4,-4
2022-01-17 15:10:41,18525,18525,18525,2,0
2022-01-17 15:10:41,18525,18525,18525,2,0
2022-01-17 15:10:41,18525,18525,18525,2,0
2022-01-17 15:10:45,18525,18525,18525,2,0
2022-01-17 15:10:47,18525,18525,18525,2,0
2022-01-17 15:10:48,18525,18525,18525,2,0
2022-01-17 15:10:49,18525,18525,18525,2,0
2022-01-17 15:10:54,18526,18526,18526,2,2
2022-01-17 15:10:55,18525,18525,18525,2,-2
2022-01-17 15:10:58,18525,18525,18525,2,0
2022-01-17 15:11:00,18526,18526,18526,6,6
2022-01-17 15:11:00,18526,18526,18526,2,0
2022-01-17 15:11:00,18526,18526,18526,2,0
2022-01-17 15:11:03,18526,18526,18526,2,0
2022-01-17 15:11:07,18526,18526,18526,2,0
2022-01-17 15:11:09,18526,18526,18526,4,0
2022-01-17 15:11:11,18526,18526,18526,2,0
2022-01-17 15:11:12,18526,18526,18526,2,0
2022-01-17 15:11:17,18527,18527,18527,14,14
2022-01-17 15:11:20,18528,18528,18528,10,10
2022-01-17 15:11:20,18528,18528,18528,2,0
2022-01-17 15:11:23,18527,18527,18527,2,-2
2022-01-17 15:11:23,18527,18527,18527,4,0
2022-01-17 15:11:23,18527,18527,18527,2,0
2022-01-17 15:11:23,18526,18526,18526,6,-6
2022-01-17 15:11:24,18528,18528,18528,6,6
2022-01-17 15:11:30,18528,18528,18528,2,0
2022-01-17 15:11:31,18528,18528,18528,10,0
2022-01-17 15:11:32,18528,18528,18528,8,0
2022-01-17 15:11:35,18527,18527,18527,2,-2
2022-01-17 15:11:37,18528,18528,18528,2,2
2022-01-17 15:11:40,18528,18528,18528,4,0
2022-01-17 15:11:41,18528,18528,18528,10,0
2022-01-17 15:11:46,18528,18528,18528,2,0
2022-01-17 15:11:48,18528,18528,18528,2,0
2022-01-17 15:11:51,18527,18527,18527,2,-2
2022-01-17 15:11:53,18527,18527,18527,2,0
2022-01-17 15:11:55,18526,18526,18526,4,-4
2022-01-17 15:11:55,18526,18526,18526,2,0
2022-01-17 15:11:55,18526,18526,18526,2,0
2022-01-17 15:11:55,18526,18526,18526,2,0
2022-01-17 15:11:58,18526,18526,18526,10,0
2022-01-17 15:11:58,18526,18526,18526,2,0
2022-01-17 15:11:58,18526,18526,18526,2,0
2022-01-17 15:11:58,18526,18526,18526,2,0
2022-01-17 15:11:58,18526,18526,18526,2,0
2022-01-17 15:11:58,18526,18526,18526,2,0
2022-01-17 15:11:58,18525,18525,18525,4,-4
2022-01-17 15:11:58,18525,18525,18525,2,0
2022-01-17 15:11:58,18525,18525,18525,2,0
2022-01-17 15:11:58,18525,18525,18525,10,0
2022-01-17 15:11:58,18525,18525,18525,2,0
2022-01-17 15:11:58,18525,18525,18525,2,0
2022-01-17 15:11:58,18525,18525,18525,2,0
2022-01-17 15:11:58,18525,18525,18525,2,0
2022-01-17 15:11:58,18525,18525,18525,2,0
2022-01-17 15:11:58,18525,18525,18525,2,0
2022-01-17 15:11:58,18525,18525,18525,2,0
2022-01-17 15:11:59,18525,18525,18525,2,0
2022-01-17 15:12:04,18524,18524,18524,2,-2
2022-01-17 15:12:04,18525,18525,18525,2,2
2022-01-17 15:12:04,18525,18525,18525,2,0
2022-01-17 15:12:04,18525,18525,18525,2,0
2022-01-17 15:12:06,18524,18524,18524,2,-2
2022-01-17 15:12:07,18524,18524,18524,6,0
2022-01-17 15:12:07,18524,18524,18524,2,0
2022-01-17 15:12:08,18524,18524,18524,2,0
2022-01-17 15:12:10,18523,18523,18523,2,-2
2022-01-17 15:12:10,18522,18522,18522,2,-2
2022-01-17 15:12:11,18522,18522,18522,2,0
2022-01-17 15:12:11,18523,18523,18523,2,2
2022-01-17 15:12:11,18523,18523,18523,2,0
2022-01-17 15:12:11,18523,18523,18523,2,0
2022-01-17 15:12:11,18522,18522,18522,2,-2
2022-01-17 15:12:13,18522,18522,18522,2,0
2022-01-17 15:12:13,18522,18522,18522,2,0
2022-01-17 15:12:13,18522,18522,18522,2,0
2022-01-17 15:12:13,18522,18522,18522,2,0
2022-01-17 15:12:13,18522,18522,18522,2,0
2022-01-17 15:12:13,18521,18521,18521,2,-2
2022-01-17 15:12:13,18521,18521,18521,2,0
2022-01-17 15:12:13,18522,18522,18522,2,2
2022-01-17 15:12:14,18522,18522,18522,2,0
2022-01-17 15:12:16,18522,18522,18522,2,0
2022-01-17 15:12:16,18522,18522,18522,2,0
2022-01-17 15:12:19,18523,18523,18523,2,2
2022-01-17 15:12:25,18522,18522,18522,2,-2
2022-01-17 15:12:25,18522,18522,18522,4,0
2022-01-17 15:12:25,18522,18522,18522,2,0
2022-01-17 15:12:25,18522,18522,18522,2,0
2022-01-17 15:12:26,18521,18521,18521,2,-2
2022-01-17 15:12:28,18521,18521,18521,2,0
2022-01-17 15:12:30,18522,18522,18522,2,2
2022-01-17 15:12:35,18522,18522,18522,2,0
2022-01-17 15:12:48,18522,18522,18522,2,0
2022-01-17 15:12:54,18522,18522,18522,2,0
2022-01-17 15:12:54,18521,18521,18521,2,-2
2022-01-17 15:12:56,18521,18521,18521,4,0
2022-01-17 15:12:56,18521,18521,18521,2,0
2022-01-17 15:12:56,18521,18521,18521,4,0
2022-01-17 15:12:56,18521,18521,18521,6,0
2022-01-17 15:12:56,18521,18521,18521,2,0
2022-01-17 15:12:56,18521,18521,18521,2,0
2022-01-17 15:12:58,18521,18521,18521,4,0
2022-01-17 15:12:58,18521,18521,18521,2,0
2022-01-17 15:13:01,18521,18521,18521,2,0
2022-01-17 15:13:02,18521,18521,18521,2,0
2022-01-17 15:13:02,18521,18521,18521,2,0
2022-01-17 15:13:02,18521,18521,18521,6,0
2022-01-17 15:13:02,18521,18521,18521,2,0
2022-01-17 15:13:02,18521,18521,18521,2,0
2022-01-17 15:13:08,18521,18521,18521,2,0
2022-01-17 15:13:08,18521,18521,18521,2,0
2022-01-17 15:13:09,18522,18522,18522,2,2
2022-01-17 15:13:17,18522,18522,18522,2,0
2022-01-17 15:13:32,18522,18522,18522,4,0
2022-01-17 15:13:35,18522,18522,18522,2,0
2022-01-17 15:13:35,18522,18522,18522,2,0
2022-01-17 15:13:39,18523,18523,18523,2,2
2022-01-17 15:13:42,18522,18522,18522,2,-2
2022-01-17 15:14:01,18522,18522,18522,2,0
2022-01-17 15:14:19,18522,18522,18522,2,0
2022-01-17 15:14:21,18522,18522,18522,2,0
2022-01-17 15:14:24,18523,18523,18523,2,2
2022-01-17 15:14:36,18523,18523,18523,2,0
2022-01-17 15:14:36,18523,18523,18523,2,0
2022-01-17 15:15:00,18523,18523,18523,2,0
2022-01-17 15:15:00,18523,18523,18523,2,0
2022-01-17 15:15:00,18523,18523,18523,2,0
2022-01-17 15:15:00,18523,18523,18523,2,0
2022-01-17 15:15:00,18523,18523,18523,2,0
2022-01-17 15:15:00,18523,18523,18523,2,0
2022-01-17 15:15:00,18523,18523,18523,2,0
2022-01-17 15:15:02,18523,18523,18523,2,0
2022-01-17 15:15:02,18524,18524,18524,4,4
2022-01-17 15:15:02,18524,18524,18524,2,0
2022-01-17 15:15:03,18524,18524,18524,2,0
2022-01-17 15:15:08,18523,18523,18523,2,-2
2022-01-17 15:15:08,18523,18523,18523,4,0
2022-01-17 15:15:09,18523,18523,18523,2,0
2022-01-17 15:15:10,18524,18524,18524,2,2
2022-01-17 15:15:12,18522,18522,18522,2,-2
2022-01-17 15:15:12,18522,18522,18522,2,0
2022-01-17 15:15:12,18522,18522,18522,2,0
2022-01-17 15:15:12,18522,18522,18522,2,0
2022-01-17 15:15:12,18522,18522,18522,2,0
2022-01-17 15:15:12,18522,18522,18522,2,0
2022-01-17 15:15:12,18522,18522,18522,4,0
2022-01-17 15:15:12,18522,18522,18522,2,0
2022-01-17 15:15:12,18522,18522,18522,10,0
2022-01-17 15:15:25,18523,18523,18523,2,2
2022-01-17 15:15:35,18524,18524,18524,2,2
2022-01-17 15:15:35,18524,18524,18524,2,0
2022-01-17 15:15:35,18524,18524,18524,2,0
2022-01-17 15:15:35,18524,18524,18524,2,0
2022-01-17 15:15:35,18524,18524,18524,2,0
2022-01-17 15:15:38,18524,18524,18524,2,0
2022-01-17 15:15:40,18523,18523,18523,2,-2
2022-01-17 15:15:40,18523,18523,18523,2,0
2022-01-17 15:15:41,18523,18523,18523,2,0
2022-01-17 15:15:41,18523,18523,18523,2,0
2022-01-17 15:15:41,18523,18523,18523,6,0
2022-01-17 15:15:53,18523,18523,18523,2,0
2022-01-17 15:15:59,18522,18522,18522,2,-2
2022-01-17 15:15:59,18522,18522,18522,2,0
2022-01-17 15:16:03,18522,18522,18522,2,0
2022-01-17 15:16:11,18522,18522,18522,2,0
2022-01-17 15:16:17,18523,18523,18523,2,2
2022-01-17 15:16:17,18523,18523,18523,4,0
2022-01-17 15:16:17,18523,18523,18523,2,0
2022-01-17 15:16:17,18524,18524,18524,2,2
2022-01-17 15:16:17,18524,18524,18524,2,0
2022-01-17 15:16:18,18523,18523,18523,2,-2
2022-01-17 15:16:18,18523,18523,18523,2,0
2022-01-17 15:16:18,18524,18524,18524,2,2
2022-01-17 15:16:20,18523,18523,18523,2,-2
2022-01-17 15:16:20,18523,18523,18523,2,0
2022-01-17 15:16:23,18523,18523,18523,2,0
2022-01-17 15:16:23,18523,18523,18523,2,0
2022-01-17 15:16:24,18524,18524,18524,2,2
2022-01-17 15:16:24,18524,18524,18524,2,0
2022-01-17 15:16:24,18524,18524,18524,2,0
2022-01-17 15:16:24,18524,18524,18524,2,0
2022-01-17 15:16:24,18524,18524,18524,2,0
2022-01-17 15:16:24,18523,18523,18523,2,-2
2022-01-17 15:16:25,18524,18524,18524,4,4
2022-01-17 15:16:26,18524,18524,18524,4,0
2022-01-17 15:16:27,18524,18524,18524,2,0
2022-01-17 15:16:27,18524,18524,18524,2,0
2022-01-17 15:16:27,18525,18525,18525,2,2
2022-01-17 15:16:27,18525,18525,18525,2,0
2022-01-17 15:16:28,18525,18525,18525,20,0
2022-01-17 15:16:32,18525,18525,18525,2,0
2022-01-17 15:16:36,18525,18525,18525,2,0
2022-01-17 15:16:37,18524,18524,18524,2,-2
2022-01-17 15:16:45,18525,18525,18525,2,2
2022-01-17 15:16:46,18524,18524,18524,2,-2
2022-01-17 15:16:46,18523,18523,18523,2,-2
2022-01-17 15:16:49,18524,18524,18524,2,2
2022-01-17 15:16:50,18523,18523,18523,2,-2
2022-01-17 15:16:50,18523,18523,18523,2,0
2022-01-17 15:16:54,18523,18523,18523,2,0
2022-01-17 15:16:54,18523,18523,18523,2,0
2022-01-17 15:16:57,18522,18522,18522,2,-2
2022-01-17 15:16:57,18522,18522,18522,2,0
2022-01-17 15:16:57,18522,18522,18522,2,0
2022-01-17 15:17:00,18521,18521,18521,2,-2
2022-01-17 15:17:00,18521,18521,18521,2,0
2022-01-17 15:17:01,18522,18522,18522,2,2
2022-01-17 15:17:04,18521,18521,18521,2,-2
2022-01-17 15:17:04,18521,18521,18521,4,0
2022-01-17 15:17:04,18521,18521,18521,4,0
2022-01-17 15:17:04,18521,18521,18521,2,0
2022-01-17 15:17:04,18521,18521,18521,2,0
2022-01-17 15:17:26,18522,18522,18522,2,2
2022-01-17 15:17:26,18522,18522,18522,2,0
2022-01-17 15:17:26,18522,18522,18522,4,0
2022-01-17 15:17:28,18522,18522,18522,2,0
2022-01-17 15:17:28,18522,18522,18522,2,0
2022-01-17 15:17:30,18522,18522,18522,2,0
2022-01-17 15:17:43,18521,18521,18521,2,-2
2022-01-17 15:17:43,18521,18521,18521,2,0
2022-01-17 15:17:43,18521,18521,18521,2,0
2022-01-17 15:17:51,18520,18520,18520,6,-6
2022-01-17 15:17:51,18520,18520,18520,2,0
2022-01-17 15:17:51,18520,18520,18520,2,0
2022-01-17 15:17:57,18520,18520,18520,12,0
2022-01-17 15:17:58,18520,18520,18520,2,0
2022-01-17 15:17:58,18520,18520,18520,6,0
2022-01-17 15:17:58,18520,18520,18520,2,0
2022-01-17 15:17:58,18520,18520,18520,2,0
2022-01-17 15:17:58,18520,18520,18520,2,0
2022-01-17 15:18:01,18521,18521,18521,2,2
2022-01-17 15:18:01,18521,18521,18521,2,0
2022-01-17 15:18:01,18521,18521,18521,2,0
2022-01-17 15:18:01,18522,18522,18522,2,2
2022-01-17 15:18:01,18520,18520,18520,2,-2
2022-01-17 15:18:03,18521,18521,18521,2,2
2022-01-17 15:18:03,18520,18520,18520,2,-2
2022-01-17 15:18:06,18520,18520,18520,2,0
2022-01-17 15:18:06,18520,18520,18520,2,0
2022-01-17 15:18:06,18520,18520,18520,2,0
2022-01-17 15:18:06,18520,18520,18520,2,0
2022-01-17 15:18:06,18520,18520,18520,4,0
2022-01-17 15:18:06,18520,18520,18520,6,0
2022-01-17 15:18:06,18520,18520,18520,2,0
2022-01-17 15:18:06,18520,18520,18520,2,0
2022-01-17 15:18:06,18520,18520,18520,2,0
2022-01-17 15:18:06,18520,18520,18520,4,0
2022-01-17 15:18:06,18520,18520,18520,4,0
2022-01-17 15:18:06,18520,18520,18520,4,0
2022-01-17 15:18:06,18520,18520,18520,2,0
2022-01-17 15:18:06,18520,18520,18520,2,0
2022-01-17 15:18:06,18520,18520,18520,2,0
2022-01-17 15:18:06,18519,18519,18519,2,-2
2022-01-17 15:18:06,18519,18519,18519,2,0
2022-01-17 15:18:06,18519,18519,18519,2,0
2022-01-17 15:18:06,18519,18519,18519,2,0
2022-01-17 15:18:06,18519,18519,18519,2,0
2022-01-17 15:18:06,18519,18519,18519,2,0
2022-01-17 15:18:06,18519,18519,18519,4,0
2022-01-17 15:18:06,18518,18518,18518,2,-2
2022-01-17 15:18:06,18518,18518,18518,2,0
2022-01-17 15:18:08,18519,18519,18519,4,4
2022-01-17 15:18:10,18518,18518,18518,2,-2
2022-01-17 15:18:10,18518,18518,18518,2,0
2022-01-17 15:18:10,18518,18518,18518,2,0
2022-01-17 15:18:10,18518,18518,18518,2,0
2022-01-17 15:18:10,18518,18518,18518,2,0
2022-01-17 15:18:10,18518,18518,18518,2,0
2022-01-17 15:18:10,18517,18517,18517,2,-2
2022-01-17 15:18:10,18517,18517,18517,2,0
2022-01-17 15:18:10,18517,18517,18517,2,0
2022-01-17 15:18:10,18517,18517,18517,10,0
2022-01-17 15:18:10,18517,18517,18517,2,0
2022-01-17 15:18:10,18517,18517,18517,2,0
2022-01-17 15:18:10,18517,18517,18517,2,0
2022-01-17 15:18:10,18517,18517,18517,2,0
2022-01-17 15:18:10,18517,18517,18517,2,0
2022-01-17 15:18:12,18516,18516,18516,2,-2
2022-01-17 15:18:12,18516,18516,18516,2,0
2022-01-17 15:18:12,18516,18516,18516,2,0
2022-01-17 15:18:14,18516,18516,18516,2,0
2022-01-17 15:18:14,18516,18516,18516,2,0
2022-01-17 15:18:15,18516,18516,18516,2,0
2022-01-17 15:18:15,18516,18516,18516,2,0
2022-01-17 15:18:15,18516,18516,18516,6,0
2022-01-17 15:18:17,18515,18515,18515,2,-2
2022-01-17 15:18:17,18515,18515,18515,10,0
2022-01-17 15:18:17,18515,18515,18515,2,0
2022-01-17 15:18:17,18515,18515,18515,2,0
2022-01-17 15:18:17,18515,18515,18515,4,0
2022-01-17 15:18:17,18515,18515,18515,2,0
2022-01-17 15:18:17,18515,18515,18515,2,0
2022-01-17 15:18:17,18515,18515,18515,14,0
2022-01-17 15:18:17,18515,18515,18515,2,0
2022-01-17 15:18:17,18515,18515,18515,2,0
2022-01-17 15:18:17,18516,18516,18516,2,2
2022-01-17 15:18:17,18515,18515,18515,2,-2
2022-01-17 15:18:18,18515,18515,18515,2,0
2022-01-17 15:18:18,18515,18515,18515,2,0
2022-01-17 15:18:19,18514,18514,18514,2,-2
2022-01-17 15:18:21,18515,18515,18515,2,2
2022-01-17 15:18:21,18516,18516,18516,2,2
2022-01-17 15:18:22,18517,18517,18517,4,4
2022-01-17 15:18:22,18519,18519,18519,4,4
2022-01-17 15:18:23,18520,18520,18520,2,2
2022-01-17 15:18:23,18520,18520,18520,2,0
2022-01-17 15:18:23,18519,18519,18519,2,-2
2022-01-17 15:18:25,18521,18521,18521,2,2
2022-01-17 15:18:39,18520,18520,18520,2,-2
2022-01-17 15:18:39,18520,18520,18520,2,0
2022-01-17 15:18:39,18520,18520,18520,2,0
2022-01-17 15:18:39,18520,18520,18520,2,0
2022-01-17 15:18:49,18519,18519,18519,4,-4
2022-01-17 15:18:49,18519,18519,18519,2,0
2022-01-17 15:18:49,18519,18519,18519,14,0
2022-01-17 15:18:49,18518,18518,18518,10,-10
2022-01-17 15:18:49,18518,18518,18518,4,0
2022-01-17 15:18:49,18518,18518,18518,2,0
2022-01-17 15:18:49,18518,18518,18518,2,0
2022-01-17 15:19:06,18516,18516,18516,2,-2
2022-01-17 15:19:06,18516,18516,18516,2,0
2022-01-17 15:19:07,18517,18517,18517,2,2
2022-01-17 15:19:16,18516,18516,18516,2,-2
2022-01-17 15:19:22,18516,18516,18516,2,0
2022-01-17 15:19:26,18516,18516,18516,2,0
2022-01-17 15:19:26,18515,18515,18515,2,-2
2022-01-17 15:19:34,18515,18515,18515,2,0
2022-01-17 15:19:35,18515,18515,18515,2,0
2022-01-17 15:19:35,18515,18515,18515,2,0
2022-01-17 15:19:35,18516,18516,18516,2,2
2022-01-17 15:19:36,18515,18515,18515,2,-2
2022-01-17 15:19:36,18515,18515,18515,2,0
2022-01-17 15:19:36,18515,18515,18515,2,0
2022-01-17 15:19:38,18515,18515,18515,2,0
2022-01-17 15:19:38,18515,18515,18515,2,0
2022-01-17 15:19:38,18515,18515,18515,2,0
2022-01-17 15:19:38,18515,18515,18515,2,0
2022-01-17 15:19:39,18516,18516,18516,2,2
2022-01-17 15:19:39,18515,18515,18515,4,-4
2022-01-17 15:19:41,18515,18515,18515,2,0
2022-01-17 15:19:41,18515,18515,18515,2,0
2022-01-17 15:19:41,18515,18515,18515,2,0
2022-01-17 15:19:41,18515,18515,18515,2,0
2022-01-17 15:19:46,18515,18515,18515,2,0
2022-01-17 15:19:46,18515,18515,18515,2,0
2022-01-17 15:19:48,18515,18515,18515,2,0
2022-01-17 15:19:49,18515,18515,18515,2,0
2022-01-17 15:19:52,18515,18515,18515,2,0
2022-01-17 15:19:52,18515,18515,18515,2,0
2022-01-17 15:19:57,18515,18515,18515,2,0
2022-01-17 15:19:59,18514,18514,18514,2,-2
2022-01-17 15:19:59,18514,18514,18514,2,0
2022-01-17 15:19:59,18514,18514,18514,2,0
2022-01-17 15:19:59,18514,18514,18514,6,0
2022-01-17 15:19:59,18514,18514,18514,2,0
2022-01-17 15:19:59,18514,18514,18514,2,0
2022-01-17 15:19:59,18514,18514,18514,4,0
2022-01-17 15:19:59,18514,18514,18514,2,0
2022-01-17 15:20:00,18515,18515,18515,2,2
2022-01-17 15:20:01,18515,18515,18515,2,0
2022-01-17 15:20:01,18515,18515,18515,2,0
2022-01-17 15:20:02,18516,18516,18516,4,4
2022-01-17 15:20:03,18516,18516,18516,2,0
2022-01-17 15:20:03,18516,18516,18516,2,0
2022-01-17 15:20:04,18517,18517,18517,2,2
2022-01-17 15:20:04,18517,18517,18517,8,0
2022-01-17 15:20:05,18517,18517,18517,2,0
2022-01-17 15:20:08,18517,18517,18517,2,0
2022-01-17 15:20:08,18517,18517,18517,2,0
2022-01-17 15:20:13,18517,18517,18517,2,0
2022-01-17 15:20:15,18517,18517,18517,2,0
2022-01-17 15:20:15,18518,18518,18518,2,2
2022-01-17 15:20:17,18518,18518,18518,2,0
2022-01-17 15:20:20,18518,18518,18518,2,0
2022-01-17 15:20:21,18518,18518,18518,4,0
2022-01-17 15:20:22,18518,18518,18518,2,0
2022-01-17 15:20:22,18518,18518,18518,4,0
2022-01-17 15:20:23,18518,18518,18518,2,0
2022-01-17 15:20:23,18518,18518,18518,2,0
2022-01-17 15:20:23,18518,18518,18518,2,0
2022-01-17 15:20:27,18518,18518,18518,2,0
2022-01-17 15:20:37,18518,18518,18518,2,0
2022-01-17 15:20:37,18518,18518,18518,2,0
2022-01-17 15:20:38,18519,18519,18519,12,12
2022-01-17 15:20:40,18519,18519,18519,2,0
2022-01-17 15:20:50,18519,18519,18519,2,0
2022-01-17 15:20:50,18519,18519,18519,2,0
2022-01-17 15:21:01,18518,18518,18518,4,-4
2022-01-17 15:21:02,18519,18519,18519,2,2
2022-01-17 15:21:04,18518,18518,18518,2,-2
2022-01-17 15:21:17,18517,18517,18517,2,-2
2022-01-17 15:21:18,18517,18517,18517,2,0
2022-01-17 15:21:18,18517,18517,18517,2,0
2022-01-17 15:21:18,18517,18517,18517,2,0
2022-01-17 15:21:18,18517,18517,18517,2,0
2022-01-17 15:21:25,18517,18517,18517,2,0
2022-01-17 15:21:25,18517,18517,18517,2,0
2022-01-17 15:21:25,18517,18517,18517,2,0
2022-01-17 15:21:36,18517,18517,18517,2,0
2022-01-17 15:21:42,18518,18518,18518,8,8
2022-01-17 15:21:43,18519,18519,18519,6,6
2022-01-17 15:21:43,18520,18520,18520,2,2
2022-01-17 15:21:52,18520,18520,18520,2,0
2022-01-17 15:21:53,18520,18520,18520,8,0
2022-01-17 15:21:53,18521,18521,18521,2,2
2022-01-17 15:21:53,18521,18521,18521,2,0
2022-01-17 15:21:57,18520,18520,18520,2,-2
2022-01-17 15:21:59,18518,18518,18518,4,-4
2022-01-17 15:22:01,18518,18518,18518,2,0
2022-01-17 15:22:03,18518,18518,18518,2,0
2022-01-17 15:22:06,18518,18518,18518,2,0
2022-01-17 15:22:06,18518,18518,18518,2,0
2022-01-17 15:22:07,18518,18518,18518,2,0
2022-01-17 15:22:08,18518,18518,18518,2,0
2022-01-17 15:22:18,18518,18518,18518,2,0
2022-01-17 15:22:29,18518,18518,18518,2,0
2022-01-17 15:22:37,18519,18519,18519,2,2
2022-01-17 15:22:45,18519,18519,18519,2,0
2022-01-17 15:22:46,18519,18519,18519,2,0
2022-01-17 15:22:46,18519,18519,18519,2,0
2022-01-17 15:22:46,18518,18518,18518,2,-2
2022-01-17 15:22:46,18520,18520,18520,2,2
2022-01-17 15:22:48,18519,18519,18519,4,-4
2022-01-17 15:22:51,18520,18520,18520,4,4
2022-01-17 15:22:52,18520,18520,18520,4,0
2022-01-17 15:22:58,18520,18520,18520,2,0
2022-01-17 15:23:00,18520,18520,18520,2,0
2022-01-17 15:23:09,18519,18519,18519,2,-2
2022-01-17 15:23:09,18519,18519,18519,2,0
2022-01-17 15:23:10,18520,18520,18520,2,2
2022-01-17 15:23:16,18520,18520,18520,2,0
2022-01-17 15:23:18,18520,18520,18520,8,0
2022-01-17 15:23:18,18520,18520,18520,2,0
2022-01-17 15:23:18,18521,18521,18521,2,2
2022-01-17 15:23:29,18521,18521,18521,6,0
2022-01-17 15:23:29,18521,18521,18521,2,0
2022-01-17 15:23:29,18521,18521,18521,2,0
2022-01-17 15:23:29,18521,18521,18521,6,0
2022-01-17 15:23:31,18521,18521,18521,4,0
2022-01-17 15:23:31,18520,18520,18520,2,-2
2022-01-17 15:23:32,18522,18522,18522,2,2
2022-01-17 15:23:37,18520,18520,18520,2,-2
2022-01-17 15:23:41,18521,18521,18521,2,2
2022-01-17 15:23:47,18521,18521,18521,2,0
2022-01-17 15:23:49,18521,18521,18521,2,0
2022-01-17 15:23:50,18521,18521,18521,2,0
2022-01-17 15:23:57,18521,18521,18521,2,0
2022-01-17 15:24:07,18522,18522,18522,6,6
2022-01-17 15:24:07,18521,18521,18521,2,-2
2022-01-17 15:24:07,18521,18521,18521,2,0
2022-01-17 15:24:12,18522,18522,18522,2,2
2022-01-17 15:24:14,18523,18523,18523,2,2
2022-01-17 15:24:17,18523,18523,18523,2,0
2022-01-17 15:24:20,18523,18523,18523,4,0
2022-01-17 15:24:20,18522,18522,18522,2,-2
2022-01-17 15:24:20,18522,18522,18522,2,0
2022-01-17 15:24:25,18524,18524,18524,8,8
2022-01-17 15:24:25,18524,18524,18524,10,0
2022-01-17 15:24:25,18524,18524,18524,2,0
2022-01-17 15:24:26,18523,18523,18523,2,-2
2022-01-17 15:24:30,18523,18523,18523,2,0
2022-01-17 15:24:31,18523,18523,18523,2,0
2022-01-17 15:24:31,18524,18524,18524,2,2
2022-01-17 15:24:32,18523,18523,18523,2,-2
2022-01-17 15:24:32,18524,18524,18524,2,2
2022-01-17 15:24:42,18524,18524,18524,2,0
2022-01-17 15:24:46,18524,18524,18524,6,0
2022-01-17 15:24:46,18523,18523,18523,2,-2
2022-01-17 15:24:46,18523,18523,18523,2,0
2022-01-17 15:24:57,18523,18523,18523,2,0
2022-01-17 15:25:05,18523,18523,18523,4,0
2022-01-17 15:25:05,18523,18523,18523,4,0
2022-01-17 15:25:05,18523,18523,18523,2,0
2022-01-17 15:25:27,18523,18523,18523,2,0
2022-01-17 15:25:27,18524,18524,18524,2,2
2022-01-17 15:25:35,18524,18524,18524,2,0
2022-01-17 15:25:36,18524,18524,18524,2,0
2022-01-17 15:25:38,18524,18524,18524,2,0
2022-01-17 15:25:39,18524,18524,18524,6,0
2022-01-17 15:25:44,18524,18524,18524,4,0
2022-01-17 15:25:47,18523,18523,18523,2,-2
2022-01-17 15:25:47,18523,18523,18523,2,0
2022-01-17 15:25:47,18523,18523,18523,2,0
2022-01-17 15:25:48,18523,18523,18523,2,0
2022-01-17 15:25:48,18523,18523,18523,2,0
2022-01-17 15:25:48,18523,18523,18523,2,0
2022-01-17 15:26:02,18523,18523,18523,2,0
2022-01-17 15:26:02,18523,18523,18523,2,0
2022-01-17 15:26:19,18522,18522,18522,2,-2
2022-01-17 15:26:19,18522,18522,18522,2,0
2022-01-17 15:26:19,18522,18522,18522,2,0
2022-01-17 15:26:28,18523,18523,18523,2,2
2022-01-17 15:26:30,18522,18522,18522,2,-2
2022-01-17 15:26:30,18523,18523,18523,2,2
2022-01-17 15:26:32,18523,18523,18523,2,0
2022-01-17 15:26:43,18523,18523,18523,4,0
2022-01-17 15:26:44,18522,18522,18522,2,-2
2022-01-17 15:27:01,18522,18522,18522,2,0
2022-01-17 15:27:21,18522,18522,18522,2,0
2022-01-17 15:27:33,18522,18522,18522,2,0
2022-01-17 15:27:41,18522,18522,18522,4,0
2022-01-17 15:27:51,18521,18521,18521,2,-2
2022-01-17 15:27:55,18521,18521,18521,18,0
2022-01-17 15:27:55,18521,18521,18521,4,0
2022-01-17 15:27:55,18521,18521,18521,2,0
2022-01-17 15:27:55,18521,18521,18521,2,0
2022-01-17 15:27:59,18519,18519,18519,2,-2
2022-01-17 15:27:59,18519,18519,18519,2,0
2022-01-17 15:28:15,18520,18520,18520,2,2
2022-01-17 15:28:15,18520,18520,18520,2,0
2022-01-17 15:28:16,18521,18521,18521,2,2
2022-01-17 15:28:16,18522,18522,18522,2,2
2022-01-17 15:28:16,18522,18522,18522,2,0
2022-01-17 15:28:32,18521,18521,18521,2,-2
2022-01-17 15:28:51,18521,18521,18521,4,0
2022-01-17 15:28:53,18521,18521,18521,2,0
2022-01-17 15:28:59,18521,18521,18521,2,0
2022-01-17 15:29:17,18521,18521,18521,2,0
2022-01-17 15:29:21,18521,18521,18521,2,0
2022-01-17 15:29:21,18521,18521,18521,2,0
2022-01-17 15:29:21,18520,18520,18520,2,-2
2022-01-17 15:29:21,18520,18520,18520,2,0
2022-01-17 15:29:21,18520,18520,18520,4,0
2022-01-17 15:29:21,18520,18520,18520,2,0
2022-01-17 15:29:24,18519,18519,18519,2,-2
2022-01-17 15:29:28,18520,18520,18520,4,4
2022-01-17 15:29:28,18520,18520,18520,2,0
2022-01-17 15:29:35,18520,18520,18520,2,0
2022-01-17 15:29:43,18520,18520,18520,2,0
2022-01-17 15:29:56,18521,18521,18521,8,8
2022-01-17 15:30:05,18520,18520,18520,2,-2
2022-01-17 15:30:05,18521,18521,18521,2,2
2022-01-17 15:30:05,18522,18522,18522,2,2
2022-01-17 15:30:05,18522,18522,18522,2,0
2022-01-17 15:30:05,18522,18522,18522,2,0
2022-01-17 15:30:05,18522,18522,18522,2,0
2022-01-17 15:30:05,18522,18522,18522,2,0
2022-01-17 15:30:05,18522,18522,18522,2,0
2022-01-17 15:30:05,18522,18522,18522,2,0
2022-01-17 15:30:05,18522,18522,18522,2,0
2022-01-17 15:30:05,18522,18522,18522,2,0
2022-01-17 15:30:05,18523,18523,18523,2,2
2022-01-17 15:30:05,18523,18523,18523,2,0
2022-01-17 15:30:05,18523,18523,18523,2,0
2022-01-17 15:30:05,18523,18523,18523,2,0
2022-01-17 15:30:08,18522,18522,18522,2,-2
2022-01-17 15:30:11,18521,18521,18521,2,-2
2022-01-17 15:30:12,18521,18521,18521,2,0
2022-01-17 15:30:14,18521,18521,18521,2,0
2022-01-17 15:30:14,18522,18522,18522,2,2
2022-01-17 15:30:20,18523,18523,18523,2,2
2022-01-17 15:30:30,18522,18522,18522,2,-2
2022-01-17 15:30:37,18521,18521,18521,2,-2
2022-01-17 15:30:37,18521,18521,18521,2,0
2022-01-17 15:30:37,18521,18521,18521,2,0
2022-01-17 15:30:44,18522,18522,18522,2,2
2022-01-17 15:31:02,18522,18522,18522,2,0
2022-01-17 15:31:32,18523,18523,18523,10,10
2022-01-17 15:31:32,18522,18522,18522,2,-2
2022-01-17 15:31:45,18522,18522,18522,2,0
2022-01-17 15:31:45,18522,18522,18522,2,0
2022-01-17 15:31:45,18522,18522,18522,2,0
2022-01-17 15:31:45,18522,18522,18522,2,0
2022-01-17 15:31:55,18522,18522,18522,2,0
2022-01-17 15:31:55,18522,18522,18522,2,0
2022-01-17 15:31:58,18522,18522,18522,10,0
2022-01-17 15:32:08,18521,18521,18521,2,-2
2022-01-17 15:32:15,18522,18522,18522,2,2
2022-01-17 15:32:26,18522,18522,18522,40,0
2022-01-17 15:32:26,18522,18522,18522,12,0
2022-01-17 15:32:26,18522,18522,18522,12,0
2022-01-17 15:32:26,18522,18522,18522,2,0
2022-01-17 15:32:26,18522,18522,18522,10,0
2022-01-17 15:32:26,18523,18523,18523,2,2
2022-01-17 15:32:27,18523,18523,18523,6,0
2022-01-17 15:32:38,18522,18522,18522,2,-2
2022-01-17 15:32:38,18522,18522,18522,2,0
2022-01-17 15:32:38,18522,18522,18522,2,0
2022-01-17 15:32:38,18522,18522,18522,2,0
2022-01-17 15:32:38,18522,18522,18522,2,0
2022-01-17 15:32:38,18522,18522,18522,2,0
2022-01-17 15:32:38,18521,18521,18521,2,-2
2022-01-17 15:32:38,18521,18521,18521,2,0
2022-01-17 15:32:38,18521,18521,18521,2,0
2022-01-17 15:32:38,18521,18521,18521,2,0
2022-01-17 15:32:39,18521,18521,18521,2,0
2022-01-17 15:32:40,18521,18521,18521,2,0
2022-01-17 15:32:43,18522,18522,18522,4,4
2022-01-17 15:32:44,18521,18521,18521,2,-2
2022-01-17 15:32:44,18521,18521,18521,4,0
2022-01-17 15:32:48,18521,18521,18521,2,0
2022-01-17 15:32:48,18521,18521,18521,2,0
2022-01-17 15:32:50,18521,18521,18521,2,0
2022-01-17 15:32:57,18522,18522,18522,2,2
2022-01-17 15:33:10,18521,18521,18521,2,-2
2022-01-17 15:33:10,18521,18521,18521,12,0
2022-01-17 15:33:10,18521,18521,18521,2,0
2022-01-17 15:33:16,18521,18521,18521,2,0
2022-01-17 15:33:29,18520,18520,18520,2,-2
2022-01-17 15:33:29,18520,18520,18520,2,0
2022-01-17 15:33:35,18521,18521,18521,2,2
2022-01-17 15:33:39,18520,18520,18520,2,-2
2022-01-17 15:33:46,18521,18521,18521,2,2
2022-01-17 15:33:46,18521,18521,18521,2,0
2022-01-17 15:34:07,18520,18520,18520,2,-2
2022-01-17 15:34:10,18521,18521,18521,8,8
2022-01-17 15:34:10,18521,18521,18521,8,0
2022-01-17 15:34:12,18520,18520,18520,2,-2
2022-01-17 15:34:31,18520,18520,18520,2,0
2022-01-17 15:34:34,18521,18521,18521,2,2
2022-01-17 15:34:34,18521,18521,18521,2,0
2022-01-17 15:34:41,18520,18520,18520,2,-2
2022-01-17 15:34:52,18521,18521,18521,2,2
2022-01-17 15:34:55,18520,18520,18520,2,-2
2022-01-17 15:35:08,18521,18521,18521,12,12
2022-01-17 15:35:08,18521,18521,18521,8,0
2022-01-17 15:35:12,18522,18522,18522,4,4
2022-01-17 15:35:28,18522,18522,18522,4,0
2022-01-17 15:35:39,18522,18522,18522,2,0
2022-01-17 15:35:46,18522,18522,18522,2,0
2022-01-17 15:35:46,18522,18522,18522,4,0
2022-01-17 15:35:47,18523,18523,18523,8,8
2022-01-17 15:36:15,18523,18523,18523,8,0
2022-01-17 15:36:15,18523,18523,18523,2,0
2022-01-17 15:36:15,18524,18524,18524,6,6
2022-01-17 15:36:16,18522,18522,18522,4,-4
2022-01-17 15:36:17,18523,18523,18523,10,10
2022-01-17 15:36:23,18523,18523,18523,2,0
2022-01-17 15:37:02,18521,18521,18521,2,-2
2022-01-17 15:37:04,18522,18522,18522,2,2
2022-01-17 15:37:05,18522,18522,18522,2,0
2022-01-17 15:37:05,18522,18522,18522,4,0
2022-01-17 15:37:05,18523,18523,18523,4,4
2022-01-17 15:37:33,18521,18521,18521,2,-2
2022-01-17 15:37:33,18521,18521,18521,2,0
2022-01-17 15:37:33,18521,18521,18521,2,0
2022-01-17 15:38:15,18521,18521,18521,2,0
2022-01-17 15:38:21,18522,18522,18522,2,2
2022-01-17 15:38:55,18522,18522,18522,8,0
2022-01-17 15:38:56,18522,18522,18522,2,0
2022-01-17 15:38:57,18522,18522,18522,2,0
2022-01-17 15:38:57,18522,18522,18522,2,0
2022-01-17 15:38:57,18522,18522,18522,6,0
2022-01-17 15:39:06,18522,18522,18522,2,0
2022-01-17 15:39:18,18523,18523,18523,2,2
2022-01-17 15:39:25,18523,18523,18523,8,0
2022-01-17 15:39:29,18523,18523,18523,2,0
2022-01-17 15:39:42,18524,18524,18524,6,6
2022-01-17 15:39:42,18524,18524,18524,2,0
2022-01-17 15:39:42,18524,18524,18524,2,0
2022-01-17 15:39:45,18525,18525,18525,2,2
2022-01-17 15:39:46,18525,18525,18525,42,0
2022-01-17 15:39:46,18526,18526,18526,6,6
2022-01-17 15:39:47,18526,18526,18526,4,0
2022-01-17 15:39:49,18526,18526,18526,2,0
2022-01-17 15:39:51,18527,18527,18527,70,70
2022-01-17 15:39:51,18528,18528,18528,36,36
2022-01-17 15:39:51,18528,18528,18528,2,0
2022-01-17 15:39:51,18528,18528,18528,2,0
2022-01-17 15:39:51,18528,18528,18528,2,0
2022-01-17 15:39:51,18528,18528,18528,2,0
2022-01-17 15:39:51,18529,18529,18529,2,2
2022-01-17 15:39:51,18529,18529,18529,2,0
2022-01-17 15:39:51,18529,18529,18529,2,0
2022-01-17 15:39:51,18529,18529,18529,2,0
2022-01-17 15:39:51,18529,18529,18529,2,0
2022-01-17 15:39:51,18529,18529,18529,2,0
2022-01-17 15:39:51,18529,18529,18529,2,0
2022-01-17 15:39:51,18528,18528,18528,2,-2
2022-01-17 15:39:52,18529,18529,18529,14,14
2022-01-17 15:39:52,18528,18528,18528,2,-2
2022-01-17 15:39:52,18528,18528,18528,4,0
2022-01-17 15:39:54,18527,18527,18527,2,-2
2022-01-17 15:39:54,18527,18527,18527,2,0
2022-01-17 15:39:58,18527,18527,18527,2,0
2022-01-17 15:40:01,18527,18527,18527,6,0
2022-01-17 15:40:01,18528,18528,18528,2,2
2022-01-17 15:40:01,18528,18528,18528,4,0
2022-01-17 15:40:01,18527,18527,18527,2,-2
2022-01-17 15:40:01,18527,18527,18527,2,0
2022-01-17 15:40:05,18527,18527,18527,2,0
2022-01-17 15:40:05,18528,18528,18528,2,2
2022-01-17 15:40:05,18528,18528,18528,2,0
2022-01-17 15:40:18,18528,18528,18528,4,0
2022-01-17 15:40:18,18528,18528,18528,2,0
2022-01-17 15:40:18,18528,18528,18528,2,0
2022-01-17 15:40:18,18528,18528,18528,2,0
2022-01-17 15:40:18,18529,18529,18529,2,2
2022-01-17 15:40:18,18529,18529,18529,2,0
2022-01-17 15:40:18,18529,18529,18529,2,0
2022-01-17 15:40:18,18529,18529,18529,2,0
2022-01-17 15:40:18,18529,18529,18529,2,0
2022-01-17 15:40:18,18529,18529,18529,2,0
2022-01-17 15:40:18,18529,18529,18529,4,0
2022-01-17 15:40:18,18529,18529,18529,2,0
2022-01-17 15:40:19,18527,18527,18527,2,-2
2022-01-17 15:40:19,18527,18527,18527,2,0
2022-01-17 15:40:20,18529,18529,18529,2,2
2022-01-17 15:40:20,18529,18529,18529,2,0
2022-01-17 15:40:24,18529,18529,18529,2,0
2022-01-17 15:40:24,18529,18529,18529,2,0
2022-01-17 15:40:24,18529,18529,18529,2,0
2022-01-17 15:40:30,18530,18530,18530,2,2
2022-01-17 15:40:30,18530,18530,18530,4,0
2022-01-17 15:40:31,18530,18530,18530,2,0
2022-01-17 15:40:31,18530,18530,18530,2,0
2022-01-17 15:40:31,18530,18530,18530,2,0
2022-01-17 15:40:32,18530,18530,18530,2,0
2022-01-17 15:40:32,18530,18530,18530,8,0
2022-01-17 15:40:34,18529,18529,18529,2,-2
2022-01-17 15:40:35,18530,18530,18530,8,8
2022-01-17 15:40:36,18529,18529,18529,2,-2
2022-01-17 15:40:37,18530,18530,18530,6,6
2022-01-17 15:40:39,18530,18530,18530,4,0
2022-01-17 15:40:39,18530,18530,18530,4,0
2022-01-17 15:40:39,18530,18530,18530,2,0
2022-01-17 15:40:40,18530,18530,18530,2,0
2022-01-17 15:40:45,18529,18529,18529,2,-2
2022-01-17 15:40:45,18529,18529,18529,4,0
2022-01-17 15:40:45,18529,18529,18529,2,0
2022-01-17 15:40:45,18529,18529,18529,2,0
2022-01-17 15:40:53,18528,18528,18528,4,-4
2022-01-17 15:40:53,18528,18528,18528,2,0
2022-01-17 15:40:53,18528,18528,18528,8,0
2022-01-17 15:40:57,18529,18529,18529,10,10
2022-01-17 15:41:07,18528,18528,18528,2,-2
2022-01-17 15:41:12,18528,18528,18528,2,0
2022-01-17 15:41:12,18527,18527,18527,4,-4
2022-01-17 15:41:13,18528,18528,18528,2,2
2022-01-17 15:41:16,18528,18528,18528,2,0
2022-01-17 15:41:17,18528,18528,18528,2,0
2022-01-17 15:41:22,18528,18528,18528,2,0
2022-01-17 15:41:23,18528,18528,18528,2,0
2022-01-17 15:41:24,18529,18529,18529,2,2
2022-01-17 15:41:27,18529,18529,18529,2,0
2022-01-17 15:41:39,18527,18527,18527,2,-2
2022-01-17 15:41:39,18527,18527,18527,2,0
2022-01-17 15:41:39,18527,18527,18527,4,0
2022-01-17 15:41:39,18528,18528,18528,2,2
2022-01-17 15:41:39,18528,18528,18528,2,0
2022-01-17 15:41:45,18527,18527,18527,2,-2
2022-01-17 15:41:47,18527,18527,18527,4,0
2022-01-17 15:41:47,18527,18527,18527,2,0
2022-01-17 15:41:47,18527,18527,18527,2,0
2022-01-17 15:41:55,18528,18528,18528,2,2
2022-01-17 15:42:00,18528,18528,18528,6,0
2022-01-17 15:42:01,18529,18529,18529,8,8
2022-01-17 15:42:01,18529,18529,18529,2,0
2022-01-17 15:42:01,18528,18528,18528,4,-4
2022-01-17 15:42:01,18528,18528,18528,4,0
2022-01-17 15:42:01,18528,18528,18528,2,0
2022-01-17 15:42:05,18528,18528,18528,2,0
2022-01-17 15:42:05,18528,18528,18528,2,0
2022-01-17 15:42:05,18528,18528,18528,2,0
2022-01-17 15:42:29,18528,18528,18528,4,0
2022-01-17 15:42:36,18529,18529,18529,2,2
2022-01-17 15:42:36,18529,18529,18529,2,0
2022-01-17 15:42:36,18529,18529,18529,16,0
2022-01-17 15:42:36,18529,18529,18529,6,0
2022-01-17 15:42:36,18529,18529,18529,18,0
2022-01-17 15:42:44,18530,18530,18530,4,4
2022-01-17 15:42:44,18528,18528,18528,2,-2
2022-01-17 15:42:44,18528,18528,18528,4,0
2022-01-17 15:42:44,18528,18528,18528,2,0
2022-01-17 15:42:44,18528,18528,18528,20,0
2022-01-17 15:42:44,18528,18528,18528,2,0
2022-01-17 15:42:44,18528,18528,18528,2,0
2022-01-17 15:42:44,18528,18528,18528,2,0
2022-01-17 15:42:44,18528,18528,18528,10,0
2022-01-17 15:42:44,18528,18528,18528,4,0
2022-01-17 15:42:46,18529,18529,18529,2,2
2022-01-17 15:42:49,18529,18529,18529,2,0
2022-01-17 15:42:50,18529,18529,18529,2,0
2022-01-17 15:42:53,18529,18529,18529,2,0
2022-01-17 15:42:54,18529,18529,18529,2,0
2022-01-17 15:42:54,18530,18530,18530,2,2
2022-01-17 15:42:58,18529,18529,18529,12,-12
2022-01-17 15:43:00,18529,18529,18529,2,0
2022-01-17 15:43:05,18530,18530,18530,2,2
2022-01-17 15:43:11,18530,18530,18530,12,0
2022-01-17 15:43:15,18528,18528,18528,4,-4
2022-01-17 15:43:18,18529,18529,18529,2,2
2022-01-17 15:43:19,18529,18529,18529,4,0
2022-01-17 15:43:19,18529,18529,18529,2,0
2022-01-17 15:43:31,18530,18530,18530,20,20
2022-01-17 15:43:39,18529,18529,18529,2,-2
2022-01-17 15:43:39,18529,18529,18529,2,0
2022-01-17 15:43:44,18529,18529,18529,2,0
2022-01-17 15:43:50,18529,18529,18529,2,0
2022-01-17 15:43:59,18529,18529,18529,2,0
2022-01-17 15:44:01,18529,18529,18529,2,0
2022-01-17 15:44:05,18529,18529,18529,2,0
2022-01-17 15:44:05,18529,18529,18529,4,0
2022-01-17 15:44:06,18529,18529,18529,4,0
2022-01-17 15:44:09,18529,18529,18529,2,0
2022-01-17 15:44:16,18529,18529,18529,4,0
2022-01-17 15:44:16,18529,18529,18529,4,0
2022-01-17 15:44:16,18529,18529,18529,2,0
2022-01-17 15:44:16,18529,18529,18529,8,0
2022-01-17 15:44:16,18529,18529,18529,2,0
2022-01-17 15:44:19,18529,18529,18529,2,0
2022-01-17 15:44:28,18528,18528,18528,2,-2
2022-01-17 15:44:35,18528,18528,18528,2,0
2022-01-17 15:44:37,18528,18528,18528,2,0
2022-01-17 15:44:41,18529,18529,18529,2,2
2022-01-17 15:44:44,18529,18529,18529,2,0
2022-01-17 15:44:47,18529,18529,18529,2,0
2022-01-17 15:44:48,18529,18529,18529,2,0
2022-01-17 15:44:51,18528,18528,18528,2,-2
2022-01-17 15:44:51,18528,18528,18528,16,0
2022-01-17 15:44:51,18528,18528,18528,6,0
2022-01-17 15:44:51,18528,18528,18528,2,0
2022-01-17 15:44:57,18528,18528,18528,2,0
2022-01-17 15:45:04,18527,18527,18527,2,-2
2022-01-17 15:45:04,18527,18527,18527,2,0
2022-01-17 15:45:04,18527,18527,18527,4,0
2022-01-17 15:45:04,18527,18527,18527,12,0
2022-01-17 15:45:04,18527,18527,18527,2,0
2022-01-17 15:45:04,18527,18527,18527,2,0
2022-01-17 15:45:04,18527,18527,18527,2,0
2022-01-17 15:45:04,18526,18526,18526,2,-2
2022-01-17 15:45:10,18526,18526,18526,2,0
2022-01-17 15:45:10,18526,18526,18526,2,0
2022-01-17 15:45:10,18526,18526,18526,2,0
2022-01-17 15:45:24,18526,18526,18526,2,0
2022-01-17 15:45:24,18526,18526,18526,2,0
2022-01-17 15:45:24,18525,18525,18525,2,-2
2022-01-17 15:45:24,18525,18525,18525,2,0
2022-01-17 15:45:24,18527,18527,18527,2,2
2022-01-17 15:45:34,18526,18526,18526,2,-2
2022-01-17 15:45:34,18526,18526,18526,2,0
2022-01-17 15:45:46,18525,18525,18525,2,-2
2022-01-17 15:45:46,18525,18525,18525,2,0
2022-01-17 15:45:46,18525,18525,18525,2,0
2022-01-17 15:45:46,18525,18525,18525,2,0
2022-01-17 15:45:46,18525,18525,18525,2,0
2022-01-17 15:45:48,18526,18526,18526,2,2
2022-01-17 15:45:48,18526,18526,18526,2,0
2022-01-17 15:45:49,18525,18525,18525,2,-2
2022-01-17 15:45:49,18525,18525,18525,2,0
2022-01-17 15:45:49,18526,18526,18526,2,2
2022-01-17 15:45:52,18526,18526,18526,2,0
2022-01-17 15:45:52,18527,18527,18527,4,4
2022-01-17 15:45:53,18525,18525,18525,2,-2
2022-01-17 15:45:54,18525,18525,18525,2,0
2022-01-17 15:45:57,18526,18526,18526,2,2
2022-01-17 15:46:09,18525,18525,18525,2,-2
2022-01-17 15:46:12,18526,18526,18526,2,2
2022-01-17 15:46:12,18525,18525,18525,8,-8
2022-01-17 15:46:20,18526,18526,18526,2,2
2022-01-17 15:46:21,18525,18525,18525,4,-4
2022-01-17 15:46:23,18526,18526,18526,2,2
2022-01-17 15:46:34,18525,18525,18525,2,-2
2022-01-17 15:46:38,18525,18525,18525,2,0
2022-01-17 15:46:42,18526,18526,18526,6,6
2022-01-17 15:46:45,18525,18525,18525,2,-2
2022-01-17 15:46:46,18526,18526,18526,2,2
2022-01-17 15:46:46,18525,18525,18525,2,-2
2022-01-17 15:46:46,18525,18525,18525,2,0
2022-01-17 15:46:46,18525,18525,18525,4,0
2022-01-17 15:46:46,18525,18525,18525,2,0
2022-01-17 15:46:46,18525,18525,18525,2,0
2022-01-17 15:46:46,18525,18525,18525,2,0
2022-01-17 15:46:46,18525,18525,18525,2,0
2022-01-17 15:46:46,18525,18525,18525,2,0
2022-01-17 15:46:49,18525,18525,18525,2,0
2022-01-17 15:47:20,18524,18524,18524,2,-2
2022-01-17 15:47:20,18525,18525,18525,2,2
2022-01-17 15:47:20,18525,18525,18525,4,0
2022-01-17 15:47:36,18525,18525,18525,4,0
2022-01-17 15:47:44,18524,18524,18524,2,-2
2022-01-17 15:47:44,18524,18524,18524,6,0
2022-01-17 15:47:44,18524,18524,18524,2,0
2022-01-17 15:47:44,18524,18524,18524,2,0
2022-01-17 15:47:44,18524,18524,18524,2,0
2022-01-17 15:47:44,18524,18524,18524,6,0
2022-01-17 15:47:55,18523,18523,18523,2,-2
2022-01-17 15:47:55,18523,18523,18523,2,0
2022-01-17 15:47:55,18523,18523,18523,2,0
2022-01-17 15:47:55,18522,18522,18522,2,-2
2022-01-17 15:47:55,18522,18522,18522,2,0
2022-01-17 15:47:55,18522,18522,18522,2,0
2022-01-17 15:47:55,18522,18522,18522,2,0
2022-01-17 15:47:55,18522,18522,18522,2,0
2022-01-17 15:47:55,18522,18522,18522,2,0
2022-01-17 15:47:55,18522,18522,18522,2,0
2022-01-17 15:47:56,18523,18523,18523,2,2
2022-01-17 15:47:56,18523,18523,18523,2,0
2022-01-17 15:47:58,18523,18523,18523,2,0
2022-01-17 15:48:00,18523,18523,18523,2,0
2022-01-17 15:48:00,18522,18522,18522,4,-4
2022-01-17 15:48:00,18522,18522,18522,2,0
2022-01-17 15:48:00,18522,18522,18522,2,0
2022-01-17 15:48:13,18522,18522,18522,2,0
2022-01-17 15:48:25,18523,18523,18523,2,2
2022-01-17 15:48:25,18523,18523,18523,6,0
2022-01-17 15:48:25,18523,18523,18523,8,0
2022-01-17 15:48:27,18522,18522,18522,2,-2
2022-01-17 15:48:27,18522,18522,18522,2,0
2022-01-17 15:48:38,18523,18523,18523,2,2
2022-01-17 15:49:04,18523,18523,18523,2,0
2022-01-17 15:49:34,18523,18523,18523,4,0
2022-01-17 15:49:36,18523,18523,18523,2,0
2022-01-17 15:49:44,18523,18523,18523,2,0
2022-01-17 15:49:48,18523,18523,18523,2,0
2022-01-17 15:49:57,18524,18524,18524,2,2
2022-01-17 15:50:10,18524,18524,18524,2,0
2022-01-17 15:50:12,18524,18524,18524,2,0
2022-01-17 15:52:48,18523,18523,18523,4,-4
2022-01-17 15:52:48,18523,18523,18523,2,0
2022-01-17 15:52:48,18523,18523,18523,2,0
2022-01-17 15:52:48,18523,18523,18523,4,0
2022-01-17 15:52:48,18523,18523,18523,2,0
2022-01-17 15:52:48,18523,18523,18523,2,0
2022-01-17 15:52:48,18523,18523,18523,2,0
2022-01-17 15:52:50,18523,18523,18523,2,0
2022-01-17 15:53:01,18522,18522,18522,2,-2
2022-01-17 15:53:01,18522,18522,18522,2,0
2022-01-17 15:53:01,18522,18522,18522,2,0
2022-01-17 15:53:04,18521,18521,18521,2,-2
2022-01-17 15:53:17,18521,18521,18521,2,0
2022-01-17 15:53:18,18521,18521,18521,2,0
2022-01-17 15:53:18,18521,18521,18521,2,0
2022-01-17 15:53:21,18521,18521,18521,2,0
2022-01-17 15:53:21,18521,18521,18521,2,0
2022-01-17 15:53:21,18521,18521,18521,2,0
2022-01-17 15:53:21,18521,18521,18521,2,0
2022-01-17 15:53:22,18521,18521,18521,2,0
2022-01-17 15:53:28,18522,18522,18522,2,2
2022-01-17 15:53:31,18521,18521,18521,8,-8
2022-01-17 15:53:32,18521,18521,18521,2,0
2022-01-17 15:53:32,18521,18521,18521,2,0
2022-01-17 15:53:32,18521,18521,18521,2,0
2022-01-17 15:53:46,18520,18520,18520,2,-2
2022-01-17 15:53:46,18520,18520,18520,2,0
2022-01-17 15:53:46,18520,18520,18520,2,0
2022-01-17 15:53:46,18520,18520,18520,2,0
2022-01-17 15:53:46,18520,18520,18520,2,0
2022-01-17 15:53:47,18520,18520,18520,6,0
2022-01-17 15:53:47,18520,18520,18520,2,0
2022-01-17 15:53:47,18520,18520,18520,2,0
2022-01-17 15:53:47,18520,18520,18520,4,0
2022-01-17 15:53:47,18520,18520,18520,4,0
2022-01-17 15:53:47,18520,18520,18520,2,0
2022-01-17 15:53:47,18520,18520,18520,2,0
2022-01-17 15:53:49,18519,18519,18519,2,-2
2022-01-17 15:53:49,18519,18519,18519,2,0
2022-01-17 15:53:49,18519,18519,18519,2,0
2022-01-17 15:53:49,18519,18519,18519,2,0
2022-01-17 15:53:49,18519,18519,18519,2,0
2022-01-17 15:53:49,18519,18519,18519,2,0
2022-01-17 15:53:49,18519,18519,18519,2,0
2022-01-17 15:53:49,18519,18519,18519,2,0
2022-01-17 15:53:49,18519,18519,18519,2,0
2022-01-17 15:53:51,18519,18519,18519,2,0
2022-01-17 15:53:51,18519,18519,18519,2,0
2022-01-17 15:53:51,18519,18519,18519,2,0
2022-01-17 15:53:51,18519,18519,18519,6,0
2022-01-17 15:53:51,18519,18519,18519,2,0
2022-01-17 15:53:55,18519,18519,18519,2,0
2022-01-17 15:53:55,18519,18519,18519,2,0
2022-01-17 15:53:55,18519,18519,18519,4,0
2022-01-17 15:53:55,18519,18519,18519,2,0
2022-01-17 15:53:55,18519,18519,18519,2,0
2022-01-17 15:53:56,18519,18519,18519,2,0
2022-01-17 15:53:57,18519,18519,18519,2,0
2022-01-17 15:54:06,18519,18519,18519,2,0
2022-01-17 15:54:07,18520,18520,18520,2,2
2022-01-17 15:54:07,18520,18520,18520,2,0
2022-01-17 15:54:07,18520,18520,18520,2,0
2022-01-17 15:54:07,18520,18520,18520,8,0
2022-01-17 15:54:07,18520,18520,18520,2,0
2022-01-17 15:54:07,18520,18520,18520,2,0
2022-01-17 15:54:07,18520,18520,18520,4,0
2022-01-17 15:54:08,18520,18520,18520,2,0
2022-01-17 15:54:15,18521,18521,18521,2,2
2022-01-17 15:54:21,18522,18522,18522,2,2
2022-01-17 15:54:21,18522,18522,18522,2,0
2022-01-17 15:54:21,18523,18523,18523,2,2
2022-01-17 15:54:21,18523,18523,18523,2,0
2022-01-17 15:54:24,18522,18522,18522,2,-2
2022-01-17 15:54:27,18521,18521,18521,2,-2
2022-01-17 15:54:42,18521,18521,18521,2,0
2022-01-17 15:54:42,18521,18521,18521,2,0
2022-01-17 15:54:42,18521,18521,18521,2,0
2022-01-17 15:54:42,18521,18521,18521,2,0
2022-01-17 15:54:42,18521,18521,18521,2,0
2022-01-17 15:55:11,18521,18521,18521,2,0
2022-01-17 15:55:11,18521,18521,18521,2,0
2022-01-17 15:55:33,18520,18520,18520,2,-2
2022-01-17 15:55:33,18520,18520,18520,2,0
2022-01-17 15:55:33,18520,18520,18520,2,0
2022-01-17 15:55:42,18520,18520,18520,6,0
2022-01-17 15:55:43,18520,18520,18520,2,0
2022-01-17 15:55:46,18520,18520,18520,2,0
2022-01-17 15:55:46,18520,18520,18520,2,0
2022-01-17 15:55:46,18520,18520,18520,2,0
2022-01-17 15:55:46,18520,18520,18520,4,0
2022-01-17 15:55:46,18520,18520,18520,2,0
2022-01-17 15:55:46,18520,18520,18520,2,0
2022-01-17 15:55:46,18520,18520,18520,2,0
2022-01-17 15:55:46,18519,18519,18519,2,-2
2022-01-17 15:55:49,18520,18520,18520,2,2
2022-01-17 15:55:53,18520,18520,18520,4,0
2022-01-17 15:55:53,18520,18520,18520,2,0
2022-01-17 15:55:53,18520,18520,18520,2,0
2022-01-17 15:56:02,18521,18521,18521,26,26
2022-01-17 15:56:03,18522,18522,18522,4,4
2022-01-17 15:56:05,18523,18523,18523,8,8
2022-01-17 15:56:37,18523,18523,18523,2,0
2022-01-17 15:57:01,18523,18523,18523,2,0
2022-01-17 15:57:01,18523,18523,18523,2,0
2022-01-17 15:57:01,18523,18523,18523,8,0
2022-01-17 15:57:01,18523,18523,18523,10,0
2022-01-17 15:57:05,18523,18523,18523,2,0
2022-01-17 15:57:10,18524,18524,18524,40,40
2022-01-17 15:57:10,18525,18525,18525,4,4
2022-01-17 15:57:43,18524,18524,18524,2,-2
2022-01-17 15:57:43,18524,18524,18524,2,0
2022-01-17 15:57:43,18524,18524,18524,4,0
2022-01-17 15:57:48,18524,18524,18524,8,0
2022-01-17 15:57:58,18525,18525,18525,4,4
2022-01-17 15:58:14,18525,18525,18525,10,0
2022-01-17 15:58:17,18525,18525,18525,10,0
2022-01-17 15:58:23,18524,18524,18524,2,-2
2022-01-17 15:58:23,18524,18524,18524,2,0
2022-01-17 15:58:30,18523,18523,18523,2,-2
2022-01-17 15:58:30,18523,18523,18523,12,0
2022-01-17 15:58:45,18522,18522,18522,4,-4
2022-01-17 15:58:48,18523,18523,18523,2,2
2022-01-17 15:58:48,18523,18523,18523,22,0
2022-01-17 15:58:57,18523,18523,18523,2,0
2022-01-17 15:58:59,18524,18524,18524,2,2
2022-01-17 15:58:59,18524,18524,18524,2,0
2022-01-17 15:59:30,18524,18524,18524,2,0
2022-01-17 15:59:46,18524,18524,18524,2,0
2022-01-17 16:00:01,18523,18523,18523,2,-2
2022-01-17 16:00:01,18523,18523,18523,2,0
2022-01-17 16:00:01,18523,18523,18523,2,0
2022-01-17 16:00:01,18523,18523,18523,2,0
2022-01-17 16:00:01,18523,18523,18523,2,0
2022-01-17 16:00:01,18523,18523,18523,2,0
2022-01-17 16:00:01,18523,18523,18523,2,0
2022-01-17 16:00:01,18524,18524,18524,2,2
2022-01-17 16:00:02,18524,18524,18524,4,0
2022-01-17 16:00:02,18524,18524,18524,2,0
2022-01-17 16:00:02,18524,18524,18524,2,0
2022-01-17 16:00:02,18524,18524,18524,2,0
2022-01-17 16:00:03,18525,18525,18525,20,20
2022-01-17 16:00:03,18526,18526,18526,6,6
2022-01-17 16:00:03,18527,18527,18527,2,2
2022-01-17 16:00:04,18525,18525,18525,2,-2
2022-01-17 16:00:04,18527,18527,18527,6,6
2022-01-17 16:00:06,18526,18526,18526,8,-8
2022-01-17 16:00:24,18524,18524,18524,2,-2
2022-01-17 16:00:24,18523,18523,18523,2,-2
2022-01-17 16:00:30,18525,18525,18525,2,2
2022-01-17 16:00:30,18525,18525,18525,4,0
2022-01-17 16:00:30,18525,18525,18525,4,0
2022-01-17 16:00:43,18527,18527,18527,2,2
2022-01-17 16:00:44,18527,18527,18527,16,0
2022-01-17 16:00:44,18528,18528,18528,10,10
2022-01-17 16:00:44,18529,18529,18529,2,2
2022-01-17 16:00:44,18528,18528,18528,2,-2
2022-01-17 16:00:45,18529,18529,18529,2,2
2022-01-17 16:00:45,18528,18528,18528,2,-2
2022-01-17 16:00:45,18528,18528,18528,2,0
2022-01-17 16:00:45,18528,18528,18528,2,0
2022-01-17 16:00:45,18528,18528,18528,2,0
2022-01-17 16:00:45,18528,18528,18528,2,0
2022-01-17 16:00:45,18529,18529,18529,2,2
2022-01-17 16:00:52,18529,18529,18529,8,0
2022-01-17 16:00:52,18530,18530,18530,6,6
2022-01-17 16:00:52,18530,18530,18530,10,0
2022-01-17 16:00:54,18530,18530,18530,4,0
2022-01-17 16:01:00,18530,18530,18530,2,0
2022-01-17 16:01:00,18530,18530,18530,2,0
2022-01-17 16:01:03,18529,18529,18529,2,-2
2022-01-17 16:01:07,18528,18528,18528,2,-2
2022-01-17 16:01:10,18527,18527,18527,2,-2
2022-01-17 16:01:13,18526,18526,18526,2,-2
2022-01-17 16:01:15,18525,18525,18525,2,-2
2022-01-17 16:01:15,18525,18525,18525,2,0
2022-01-17 16:01:17,18525,18525,18525,2,0
2022-01-17 16:01:19,18523,18523,18523,2,-2
2022-01-17 16:01:19,18523,18523,18523,2,0
2022-01-17 16:01:28,18524,18524,18524,2,2
2022-01-17 16:01:32,18523,18523,18523,2,-2
2022-01-17 16:02:00,18522,18522,18522,2,-2
2022-01-17 16:02:00,18522,18522,18522,2,0
2022-01-17 16:02:00,18522,18522,18522,4,0
2022-01-17 16:02:00,18522,18522,18522,2,0
2022-01-17 16:02:00,18522,18522,18522,2,0
2022-01-17 16:02:00,18522,18522,18522,2,0
2022-01-17 16:02:00,18522,18522,18522,2,0
2022-01-17 16:02:00,18522,18522,18522,4,0
2022-01-17 16:02:05,18521,18521,18521,2,-2
2022-01-17 16:02:06,18520,18520,18520,2,-2
2022-01-17 16:02:08,18520,18520,18520,2,0
2022-01-17 16:02:08,18520,18520,18520,2,0
2022-01-17 16:02:09,18520,18520,18520,2,0
2022-01-17 16:02:09,18519,18519,18519,2,-2
2022-01-17 16:02:09,18519,18519,18519,2,0
2022-01-17 16:02:09,18519,18519,18519,2,0
2022-01-17 16:02:10,18519,18519,18519,2,0
2022-01-17 16:02:11,18519,18519,18519,2,0
2022-01-17 16:02:13,18520,18520,18520,2,2
2022-01-17 16:02:13,18520,18520,18520,2,0
2022-01-17 16:02:14,18520,18520,18520,2,0
2022-01-17 16:02:15,18519,18519,18519,2,-2
2022-01-17 16:02:19,18519,18519,18519,2,0
2022-01-17 16:02:20,18518,18518,18518,2,-2
2022-01-17 16:02:20,18518,18518,18518,2,0
2022-01-17 16:02:22,18519,18519,18519,2,2
2022-01-17 16:02:25,18519,18519,18519,2,0
2022-01-17 16:02:25,18519,18519,18519,2,0
2022-01-17 16:02:25,18518,18518,18518,10,-10
2022-01-17 16:02:25,18518,18518,18518,2,0
2022-01-17 16:02:26,18518,18518,18518,2,0
2022-01-17 16:02:26,18518,18518,18518,4,0
2022-01-17 16:02:26,18518,18518,18518,2,0
2022-01-17 16:02:26,18519,18519,18519,2,2
2022-01-17 16:02:26,18519,18519,18519,4,0
2022-01-17 16:02:26,18519,18519,18519,4,0
2022-01-17 16:02:26,18519,18519,18519,2,0
2022-01-17 16:02:30,18519,18519,18519,2,0
2022-01-17 16:02:32,18520,18520,18520,2,2
2022-01-17 16:02:32,18520,18520,18520,4,0
2022-01-17 16:02:32,18520,18520,18520,6,0
2022-01-17 16:02:35,18520,18520,18520,2,0
2022-01-17 16:02:39,18520,18520,18520,2,0
2022-01-17 16:02:40,18519,18519,18519,2,-2
2022-01-17 16:02:50,18519,18519,18519,2,0
2022-01-17 16:02:52,18519,18519,18519,2,0
2022-01-17 16:02:57,18519,18519,18519,2,0
2022-01-17 16:02:57,18519,18519,18519,2,0
2022-01-17 16:02:58,18520,18520,18520,2,2
2022-01-17 16:02:58,18520,18520,18520,2,0
2022-01-17 16:02:58,18520,18520,18520,2,0
2022-01-17 16:03:00,18520,18520,18520,2,0
2022-01-17 16:03:02,18519,18519,18519,2,-2
2022-01-17 16:03:02,18519,18519,18519,2,0
2022-01-17 16:03:03,18519,18519,18519,2,0
2022-01-17 16:03:03,18519,18519,18519,2,0
2022-01-17 16:03:04,18519,18519,18519,2,0
2022-01-17 16:03:04,18519,18519,18519,2,0
2022-01-17 16:03:06,18519,18519,18519,4,0
2022-01-17 16:03:06,18520,18520,18520,2,2
2022-01-17 16:03:06,18520,18520,18520,2,0
2022-01-17 16:03:07,18518,18518,18518,2,-2
2022-01-17 16:03:07,18518,18518,18518,2,0
2022-01-17 16:03:07,18518,18518,18518,10,0
2022-01-17 16:03:07,18518,18518,18518,2,0
2022-01-17 16:03:07,18518,18518,18518,2,0
2022-01-17 16:03:07,18518,18518,18518,2,0
2022-01-17 16:03:07,18518,18518,18518,2,0
2022-01-17 16:03:07,18518,18518,18518,2,0
2022-01-17 16:03:07,18517,18517,18517,2,-2
2022-01-17 16:03:07,18517,18517,18517,2,0
2022-01-17 16:03:07,18517,18517,18517,2,0
2022-01-17 16:03:07,18517,18517,18517,2,0
2022-01-17 16:03:07,18517,18517,18517,2,0
2022-01-17 16:03:07,18517,18517,18517,2,0
2022-01-17 16:03:07,18517,18517,18517,2,0
2022-01-17 16:03:07,18517,18517,18517,2,0
2022-01-17 16:03:07,18517,18517,18517,2,0
2022-01-17 16:03:07,18517,18517,18517,2,0
2022-01-17 16:03:07,18517,18517,18517,2,0
2022-01-17 16:03:07,18516,18516,18516,2,-2
2022-01-17 16:03:07,18516,18516,18516,2,0
2022-01-17 16:03:07,18516,18516,18516,2,0
2022-01-17 16:03:07,18516,18516,18516,2,0
2022-01-17 16:03:07,18516,18516,18516,2,0
2022-01-17 16:03:07,18515,18515,18515,2,-2
2022-01-17 16:03:08,18515,18515,18515,2,0
2022-01-17 16:03:08,18515,18515,18515,2,0
2022-01-17 16:03:08,18515,18515,18515,4,0
2022-01-17 16:03:08,18515,18515,18515,2,0
2022-01-17 16:03:09,18516,18516,18516,2,2
2022-01-17 16:03:11,18515,18515,18515,4,-4
2022-01-17 16:03:11,18515,18515,18515,2,0
2022-01-17 16:03:11,18515,18515,18515,4,0
2022-01-17 16:03:11,18515,18515,18515,2,0
2022-01-17 16:03:11,18515,18515,18515,2,0
2022-01-17 16:03:12,18516,18516,18516,2,2
2022-01-17 16:03:13,18514,18514,18514,2,-2
2022-01-17 16:03:13,18514,18514,18514,2,0
2022-01-17 16:03:13,18514,18514,18514,2,0
2022-01-17 16:03:15,18515,18515,18515,2,2
2022-01-17 16:03:19,18516,18516,18516,2,2
2022-01-17 16:03:19,18515,18515,18515,2,-2
2022-01-17 16:03:19,18515,18515,18515,2,0
2022-01-17 16:03:19,18515,18515,18515,2,0
2022-01-17 16:03:19,18514,18514,18514,4,-4
2022-01-17 16:03:19,18515,18515,18515,2,2
2022-01-17 16:03:19,18514,18514,18514,2,-2
2022-01-17 16:03:20,18515,18515,18515,2,2
2022-01-17 16:03:20,18514,18514,18514,2,-2
2022-01-17 16:03:22,18515,18515,18515,4,4
2022-01-17 16:03:22,18515,18515,18515,2,0
2022-01-17 16:03:22,18514,18514,18514,2,-2
2022-01-17 16:03:25,18514,18514,18514,4,0
2022-01-17 16:03:25,18514,18514,18514,2,0
2022-01-17 16:03:25,18514,18514,18514,2,0
2022-01-17 16:03:25,18514,18514,18514,2,0
2022-01-17 16:03:27,18515,18515,18515,2,2
2022-01-17 16:03:27,18514,18514,18514,2,-2
2022-01-17 16:03:28,18515,18515,18515,2,2
2022-01-17 16:03:28,18515,18515,18515,2,0
2022-01-17 16:03:30,18514,18514,18514,2,-2
2022-01-17 16:03:35,18514,18514,18514,2,0
2022-01-17 16:03:41,18514,18514,18514,2,0
2022-01-17 16:03:42,18514,18514,18514,2,0
2022-01-17 16:03:45,18514,18514,18514,8,0
2022-01-17 16:03:45,18514,18514,18514,2,0
2022-01-17 16:03:45,18514,18514,18514,4,0
2022-01-17 16:03:46,18514,18514,18514,2,0
2022-01-17 16:03:47,18514,18514,18514,2,0
2022-01-17 16:03:49,18513,18513,18513,2,-2
2022-01-17 16:03:49,18513,18513,18513,2,0
2022-01-17 16:03:49,18513,18513,18513,2,0
2022-01-17 16:03:49,18513,18513,18513,2,0
2022-01-17 16:03:49,18513,18513,18513,2,0
2022-01-17 16:03:49,18513,18513,18513,4,0
2022-01-17 16:03:49,18513,18513,18513,2,0
2022-01-17 16:03:49,18512,18512,18512,2,-2
2022-01-17 16:03:49,18512,18512,18512,4,0
2022-01-17 16:03:49,18512,18512,18512,2,0
2022-01-17 16:03:49,18512,18512,18512,2,0
2022-01-17 16:03:49,18512,18512,18512,2,0
2022-01-17 16:03:49,18512,18512,18512,2,0
2022-01-17 16:03:49,18512,18512,18512,2,0
2022-01-17 16:03:49,18512,18512,18512,2,0
2022-01-17 16:03:49,18512,18512,18512,2,0
2022-01-17 16:03:49,18512,18512,18512,2,0
2022-01-17 16:03:49,18512,18512,18512,4,0
2022-01-17 16:03:49,18512,18512,18512,2,0
2022-01-17 16:03:49,18513,18513,18513,2,2
2022-01-17 16:03:52,18513,18513,18513,2,0
2022-01-17 16:03:52,18513,18513,18513,2,0
2022-01-17 16:03:54,18514,18514,18514,2,2
2022-01-17 16:03:54,18513,18513,18513,2,-2
2022-01-17 16:03:54,18513,18513,18513,2,0
2022-01-17 16:03:54,18514,18514,18514,2,2
2022-01-17 16:03:55,18515,18515,18515,2,2
2022-01-17 16:03:59,18513,18513,18513,2,-2
2022-01-17 16:04:07,18514,18514,18514,2,2
2022-01-17 16:04:07,18513,18513,18513,2,-2
2022-01-17 16:04:08,18514,18514,18514,2,2
2022-01-17 16:04:09,18513,18513,18513,2,-2
2022-01-17 16:04:09,18513,18513,18513,2,0
2022-01-17 16:04:09,18513,18513,18513,2,0
2022-01-17 16:04:09,18513,18513,18513,2,0
2022-01-17 16:04:09,18513,18513,18513,2,0
2022-01-17 16:04:12,18513,18513,18513,2,0
2022-01-17 16:04:12,18513,18513,18513,2,0
2022-01-17 16:04:12,18513,18513,18513,4,0
2022-01-17 16:04:15,18513,18513,18513,2,0
2022-01-17 16:04:21,18513,18513,18513,2,0
2022-01-17 16:04:25,18513,18513,18513,2,0
2022-01-17 16:04:28,18512,18512,18512,4,-4
2022-01-17 16:04:28,18512,18512,18512,6,0
2022-01-17 16:04:29,18512,18512,18512,4,0
2022-01-17 16:04:29,18513,18513,18513,2,2
2022-01-17 16:04:30,18512,18512,18512,2,-2
2022-01-17 16:04:31,18513,18513,18513,22,22
2022-01-17 16:04:31,18514,18514,18514,6,6
2022-01-17 16:04:31,18513,18513,18513,2,-2
2022-01-17 16:04:40,18513,18513,18513,2,0
2022-01-17 16:04:49,18513,18513,18513,2,0
2022-01-17 16:04:52,18513,18513,18513,4,0
2022-01-17 16:04:55,18513,18513,18513,2,0
2022-01-17 16:04:55,18513,18513,18513,2,0
2022-01-17 16:04:55,18513,18513,18513,2,0
2022-01-17 16:04:58,18513,18513,18513,2,0
2022-01-17 16:05:00,18513,18513,18513,4,0
2022-01-17 16:05:02,18512,18512,18512,2,-2
2022-01-17 16:05:02,18512,18512,18512,2,0
2022-01-17 16:05:02,18512,18512,18512,4,0
2022-01-17 16:05:02,18512,18512,18512,2,0
2022-01-17 16:05:02,18512,18512,18512,2,0
2022-01-17 16:05:02,18512,18512,18512,2,0
2022-01-17 16:05:07,18512,18512,18512,2,0
2022-01-17 16:05:09,18511,18511,18511,2,-2
2022-01-17 16:05:09,18511,18511,18511,2,0
2022-01-17 16:05:11,18511,18511,18511,2,0
2022-01-17 16:05:11,18511,18511,18511,14,0
2022-01-17 16:05:13,18511,18511,18511,2,0
2022-01-17 16:05:15,18511,18511,18511,4,0
2022-01-17 16:05:15,18511,18511,18511,2,0
2022-01-17 16:05:15,18511,18511,18511,2,0
2022-01-17 16:05:19,18510,18510,18510,2,-2
2022-01-17 16:05:19,18510,18510,18510,2,0
2022-01-17 16:05:19,18510,18510,18510,2,0
2022-01-17 16:05:19,18510,18510,18510,2,0
2022-01-17 16:05:19,18510,18510,18510,8,0
2022-01-17 16:05:19,18510,18510,18510,10,0
2022-01-17 16:05:19,18510,18510,18510,2,0
2022-01-17 16:05:19,18510,18510,18510,10,0
2022-01-17 16:05:19,18510,18510,18510,10,0
2022-01-17 16:05:19,18510,18510,18510,2,0
2022-01-17 16:05:19,18510,18510,18510,2,0
2022-01-17 16:05:19,18510,18510,18510,2,0
2022-01-17 16:05:19,18510,18510,18510,4,0
2022-01-17 16:05:19,18510,18510,18510,2,0
2022-01-17 16:05:19,18510,18510,18510,4,0
2022-01-17 16:05:19,18510,18510,18510,10,0
2022-01-17 16:05:19,18510,18510,18510,2,0
2022-01-17 16:05:19,18510,18510,18510,2,0
2022-01-17 16:05:19,18510,18510,18510,2,0
2022-01-17 16:05:19,18510,18510,18510,2,0
2022-01-17 16:05:19,18510,18510,18510,10,0
2022-01-17 16:05:19,18509,18509,18509,2,-2
2022-01-17 16:05:19,18509,18509,18509,2,0
2022-01-17 16:05:19,18509,18509,18509,2,0
2022-01-17 16:05:19,18509,18509,18509,4,0
2022-01-17 16:05:19,18509,18509,18509,4,0
2022-01-17 16:05:19,18509,18509,18509,2,0
2022-01-17 16:05:19,18509,18509,18509,2,0
2022-01-17 16:05:19,18509,18509,18509,2,0
2022-01-17 16:05:19,18509,18509,18509,2,0
2022-01-17 16:05:19,18509,18509,18509,2,0
2022-01-17 16:05:19,18509,18509,18509,2,0
2022-01-17 16:05:19,18509,18509,18509,2,0
2022-01-17 16:05:19,18508,18508,18508,2,-2
2022-01-17 16:05:19,18508,18508,18508,2,0
2022-01-17 16:05:19,18508,18508,18508,4,0
2022-01-17 16:05:19,18508,18508,18508,2,0
2022-01-17 16:05:19,18509,18509,18509,4,4
2022-01-17 16:05:19,18508,18508,18508,4,-4
2022-01-17 16:05:19,18508,18508,18508,2,0
2022-01-17 16:05:19,18508,18508,18508,2,0
2022-01-17 16:05:19,18508,18508,18508,2,0
2022-01-17 16:05:19,18508,18508,18508,2,0
2022-01-17 16:05:19,18508,18508,18508,2,0
2022-01-17 16:05:19,18508,18508,18508,2,0
2022-01-17 16:05:19,18508,18508,18508,2,0
2022-01-17 16:05:19,18508,18508,18508,2,0
2022-01-17 16:05:19,18507,18507,18507,2,-2
2022-01-17 16:05:19,18507,18507,18507,2,0
2022-01-17 16:05:19,18507,18507,18507,2,0
2022-01-17 16:05:19,18507,18507,18507,2,0
2022-01-17 16:05:19,18507,18507,18507,2,0
2022-01-17 16:05:22,18507,18507,18507,2,0
2022-01-17 16:05:22,18507,18507,18507,8,0
2022-01-17 16:05:22,18507,18507,18507,10,0
2022-01-17 16:05:22,18508,18508,18508,2,2
2022-01-17 16:05:24,18507,18507,18507,2,-2
2022-01-17 16:05:26,18508,18508,18508,4,4
2022-01-17 16:05:26,18508,18508,18508,4,0
2022-01-17 16:05:28,18507,18507,18507,2,-2
2022-01-17 16:05:31,18508,18508,18508,8,8
2022-01-17 16:05:33,18510,18510,18510,8,8
2022-01-17 16:05:33,18511,18511,18511,2,2
2022-01-17 16:05:39,18510,18510,18510,2,-2
2022-01-17 16:05:43,18510,18510,18510,2,0
2022-01-17 16:05:43,18510,18510,18510,2,0
2022-01-17 16:05:43,18509,18509,18509,2,-2
2022-01-17 16:05:43,18509,18509,18509,2,0
2022-01-17 16:05:43,18509,18509,18509,2,0
2022-01-17 16:05:46,18510,18510,18510,2,2
2022-01-17 16:05:46,18511,18511,18511,2,2
2022-01-17 16:06:00,18510,18510,18510,2,-2
2022-01-17 16:06:00,18510,18510,18510,2,0
2022-01-17 16:06:00,18510,18510,18510,6,0
2022-01-17 16:06:00,18510,18510,18510,2,0
2022-01-17 16:06:00,18510,18510,18510,2,0
2022-01-17 16:06:01,18511,18511,18511,2,2
2022-01-17 16:06:02,18511,18511,18511,2,0
2022-01-17 16:06:05,18511,18511,18511,2,0
2022-01-17 16:06:05,18510,18510,18510,2,-2
2022-01-17 16:06:05,18510,18510,18510,2,0
2022-01-17 16:06:05,18510,18510,18510,2,0
2022-01-17 16:06:05,18510,18510,18510,2,0
2022-01-17 16:06:05,18510,18510,18510,4,0
2022-01-17 16:06:05,18510,18510,18510,2,0
2022-01-17 16:06:05,18510,18510,18510,2,0
2022-01-17 16:06:05,18511,18511,18511,2,2
2022-01-17 16:06:12,18511,18511,18511,2,0
2022-01-17 16:06:12,18510,18510,18510,2,-2
2022-01-17 16:06:12,18510,18510,18510,2,0
2022-01-17 16:06:19,18509,18509,18509,2,-2
2022-01-17 16:06:19,18509,18509,18509,2,0
2022-01-17 16:06:19,18509,18509,18509,2,0
2022-01-17 16:06:19,18509,18509,18509,4,0
2022-01-17 16:06:19,18509,18509,18509,6,0
2022-01-17 16:06:19,18509,18509,18509,2,0
2022-01-17 16:06:19,18509,18509,18509,2,0
2022-01-17 16:06:19,18509,18509,18509,4,0
2022-01-17 16:06:19,18509,18509,18509,4,0
2022-01-17 16:06:19,18509,18509,18509,4,0
2022-01-17 16:06:20,18508,18508,18508,4,-4
2022-01-17 16:06:20,18508,18508,18508,2,0
2022-01-17 16:06:23,18509,18509,18509,8,8
2022-01-17 16:06:26,18508,18508,18508,2,-2
2022-01-17 16:06:26,18508,18508,18508,2,0
2022-01-17 16:06:27,18508,18508,18508,2,0
2022-01-17 16:06:27,18509,18509,18509,2,2
2022-01-17 16:06:28,18507,18507,18507,2,-2
2022-01-17 16:06:31,18508,18508,18508,2,2
2022-01-17 16:06:31,18508,18508,18508,2,0
2022-01-17 16:06:34,18507,18507,18507,2,-2
2022-01-17 16:06:35,18507,18507,18507,2,0
2022-01-17 16:06:36,18508,18508,18508,2,2
2022-01-17 16:06:38,18507,18507,18507,2,-2
2022-01-17 16:06:38,18506,18506,18506,2,-2
2022-01-17 16:06:38,18506,18506,18506,2,0
2022-01-17 16:06:38,18507,18507,18507,2,2
2022-01-17 16:06:38,18506,18506,18506,2,-2
2022-01-17 16:06:38,18506,18506,18506,2,0
2022-01-17 16:06:38,18506,18506,18506,2,0
2022-01-17 16:06:38,18506,18506,18506,2,0
2022-01-17 16:06:38,18506,18506,18506,2,0
2022-01-17 16:06:38,18506,18506,18506,2,0
2022-01-17 16:06:40,18507,18507,18507,2,2
2022-01-17 16:06:40,18507,18507,18507,6,0
2022-01-17 16:06:40,18507,18507,18507,10,0
2022-01-17 16:06:41,18506,18506,18506,2,-2
2022-01-17 16:06:41,18506,18506,18506,2,0
2022-01-17 16:06:48,18507,18507,18507,2,2
2022-01-17 16:06:48,18507,18507,18507,2,0
2022-01-17 16:06:49,18507,18507,18507,2,0
2022-01-17 16:06:49,18507,18507,18507,2,0
2022-01-17 16:06:49,18507,18507,18507,2,0
2022-01-17 16:06:49,18507,18507,18507,2,0
2022-01-17 16:06:49,18507,18507,18507,2,0
2022-01-17 16:06:49,18506,18506,18506,4,-4
2022-01-17 16:06:49,18506,18506,18506,2,0
2022-01-17 16:06:49,18506,18506,18506,6,0
2022-01-17 16:06:49,18506,18506,18506,2,0
2022-01-17 16:06:49,18506,18506,18506,2,0
2022-01-17 16:06:49,18506,18506,18506,2,0
2022-01-17 16:06:49,18506,18506,18506,2,0
2022-01-17 16:06:49,18506,18506,18506,2,0
2022-01-17 16:06:49,18506,18506,18506,2,0
2022-01-17 16:06:49,18506,18506,18506,2,0
2022-01-17 16:06:49,18506,18506,18506,2,0
2022-01-17 16:06:49,18506,18506,18506,2,0
2022-01-17 16:06:49,18506,18506,18506,6,0
2022-01-17 16:06:52,18505,18505,18505,2,-2
2022-01-17 16:06:52,18505,18505,18505,2,0
2022-01-17 16:06:52,18505,18505,18505,2,0
2022-01-17 16:06:52,18505,18505,18505,4,0
2022-01-17 16:06:52,18505,18505,18505,2,0
2022-01-17 16:06:53,18506,18506,18506,2,2
2022-01-17 16:06:53,18506,18506,18506,2,0
2022-01-17 16:06:53,18506,18506,18506,4,0
2022-01-17 16:06:55,18506,18506,18506,2,0
2022-01-17 16:06:56,18507,18507,18507,2,2
2022-01-17 16:06:58,18507,18507,18507,2,0
2022-01-17 16:06:59,18507,18507,18507,2,0
2022-01-17 16:07:01,18508,18508,18508,2,2
2022-01-17 16:07:01,18507,18507,18507,2,-2
2022-01-17 16:07:02,18508,18508,18508,6,6
2022-01-17 16:07:02,18509,18509,18509,4,4
2022-01-17 16:07:04,18509,18509,18509,2,0
2022-01-17 16:07:06,18509,18509,18509,2,0
2022-01-17 16:07:08,18509,18509,18509,12,0
2022-01-17 16:07:16,18510,18510,18510,2,2
2022-01-17 16:07:16,18508,18508,18508,10,-10
2022-01-17 16:07:18,18508,18508,18508,2,0
2022-01-17 16:07:18,18507,18507,18507,2,-2
2022-01-17 16:07:18,18507,18507,18507,2,0
2022-01-17 16:07:18,18507,18507,18507,2,0
2022-01-17 16:07:18,18507,18507,18507,2,0
2022-01-17 16:07:18,18507,18507,18507,2,0
2022-01-17 16:07:20,18509,18509,18509,4,4
2022-01-17 16:07:23,18509,18509,18509,4,0
2022-01-17 16:07:24,18509,18509,18509,10,0
2022-01-17 16:07:24,18509,18509,18509,2,0
2022-01-17 16:07:24,18509,18509,18509,2,0
2022-01-17 16:07:24,18509,18509,18509,2,0
2022-01-17 16:07:24,18508,18508,18508,2,-2
2022-01-17 16:07:24,18508,18508,18508,2,0
2022-01-17 16:07:24,18508,18508,18508,2,0
2022-01-17 16:07:24,18508,18508,18508,2,0
2022-01-17 16:07:24,18508,18508,18508,2,0
2022-01-17 16:07:24,18508,18508,18508,6,0
2022-01-17 16:07:25,18509,18509,18509,2,2
2022-01-17 16:07:25,18508,18508,18508,2,-2
2022-01-17 16:07:25,18508,18508,18508,2,0
2022-01-17 16:07:27,18507,18507,18507,2,-2
2022-01-17 16:07:28,18508,18508,18508,2,2
2022-01-17 16:07:30,18507,18507,18507,2,-2
2022-01-17 16:07:33,18508,18508,18508,2,2
2022-01-17 16:07:35,18509,18509,18509,2,2
2022-01-17 16:07:39,18508,18508,18508,2,-2
2022-01-17 16:07:39,18508,18508,18508,2,0
2022-01-17 16:07:40,18509,18509,18509,10,10
2022-01-17 16:07:51,18510,18510,18510,4,4
2022-01-17 16:07:55,18511,18511,18511,2,2
2022-01-17 16:07:55,18511,18511,18511,2,0
2022-01-17 16:07:57,18512,18512,18512,4,4
2022-01-17 16:07:57,18512,18512,18512,2,0
2022-01-17 16:07:57,18512,18512,18512,2,0
2022-01-17 16:07:57,18512,18512,18512,2,0
2022-01-17 16:07:57,18511,18511,18511,2,-2
2022-01-17 16:07:57,18511,18511,18511,2,0
2022-01-17 16:07:57,18511,18511,18511,2,0
2022-01-17 16:07:57,18511,18511,18511,2,0
2022-01-17 16:07:57,18511,18511,18511,2,0
2022-01-17 16:08:01,18511,18511,18511,2,0
2022-01-17 16:08:05,18512,18512,18512,2,2
2022-01-17 16:08:05,18512,18512,18512,2,0
2022-01-17 16:08:06,18511,18511,18511,6,-6
2022-01-17 16:08:06,18511,18511,18511,2,0
2022-01-17 16:08:07,18511,18511,18511,2,0
2022-01-17 16:08:07,18512,18512,18512,2,2
2022-01-17 16:08:14,18510,18510,18510,2,-2
2022-01-17 16:08:14,18510,18510,18510,2,0
2022-01-17 16:08:14,18510,18510,18510,2,0
2022-01-17 16:08:15,18511,18511,18511,2,2
2022-01-17 16:08:17,18510,18510,18510,2,-2
2022-01-17 16:08:20,18511,18511,18511,2,2
2022-01-17 16:08:20,18511,18511,18511,2,0
2022-01-17 16:08:20,18511,18511,18511,2,0
2022-01-17 16:08:20,18511,18511,18511,2,0
2022-01-17 16:08:20,18511,18511,18511,2,0
2022-01-17 16:08:22,18511,18511,18511,2,0
2022-01-17 16:08:32,18512,18512,18512,2,2
2022-01-17 16:08:37,18511,18511,18511,2,-2
2022-01-17 16:08:50,18512,18512,18512,2,2
2022-01-17 16:08:55,18511,18511,18511,2,-2
2022-01-17 16:08:57,18512,18512,18512,8,8
2022-01-17 16:08:57,18512,18512,18512,6,0
2022-01-17 16:08:57,18512,18512,18512,2,0
2022-01-17 16:09:01,18512,18512,18512,2,0
2022-01-17 16:09:01,18512,18512,18512,2,0
2022-01-17 16:09:01,18512,18512,18512,2,0
2022-01-17 16:09:05,18513,18513,18513,2,2
2022-01-17 16:09:07,18513,18513,18513,2,0
2022-01-17 16:09:10,18513,18513,18513,4,0
2022-01-17 16:09:11,18513,18513,18513,2,0
2022-01-17 16:09:11,18514,18514,18514,2,2
2022-01-17 16:09:12,18514,18514,18514,4,0
2022-01-17 16:09:13,18514,18514,18514,4,0
2022-01-17 16:09:22,18513,18513,18513,2,-2
2022-01-17 16:09:23,18511,18511,18511,2,-2
2022-01-17 16:09:23,18513,18513,18513,2,2
2022-01-17 16:09:23,18512,18512,18512,2,-2
2022-01-17 16:09:28,18511,18511,18511,2,-2
2022-01-17 16:10:00,18512,18512,18512,2,2
2022-01-17 16:10:00,18511,18511,18511,2,-2
2022-01-17 16:10:00,18511,18511,18511,2,0
2022-01-17 16:10:00,18511,18511,18511,2,0
2022-01-17 16:10:00,18511,18511,18511,2,0
2022-01-17 16:10:00,18511,18511,18511,2,0
2022-01-17 16:10:15,18511,18511,18511,2,0
2022-01-17 16:10:28,18512,18512,18512,2,2
2022-01-17 16:10:40,18511,18511,18511,2,-2
2022-01-17 16:10:40,18511,18511,18511,2,0
2022-01-17 16:10:40,18511,18511,18511,8,0
2022-01-17 16:10:40,18511,18511,18511,2,0
2022-01-17 16:10:40,18511,18511,18511,2,0
2022-01-17 16:10:42,18510,18510,18510,2,-2
2022-01-17 16:10:42,18510,18510,18510,2,0
2022-01-17 16:10:42,18510,18510,18510,2,0
2022-01-17 16:10:42,18510,18510,18510,4,0
2022-01-17 16:10:42,18510,18510,18510,2,0
2022-01-17 16:10:43,18510,18510,18510,2,0
2022-01-17 16:10:47,18510,18510,18510,2,0
2022-01-17 16:10:51,18510,18510,18510,2,0
2022-01-17 16:10:51,18510,18510,18510,2,0
2022-01-17 16:10:51,18510,18510,18510,2,0
2022-01-17 16:10:54,18509,18509,18509,2,-2
2022-01-17 16:10:54,18509,18509,18509,2,0
2022-01-17 16:10:54,18509,18509,18509,2,0
2022-01-17 16:10:54,18510,18510,18510,6,6
2022-01-17 16:10:59,18510,18510,18510,2,0
2022-01-17 16:11:00,18510,18510,18510,2,0
2022-01-17 16:11:01,18510,18510,18510,2,0
2022-01-17 16:11:04,18510,18510,18510,2,0
2022-01-17 16:11:06,18510,18510,18510,2,0
2022-01-17 16:11:13,18510,18510,18510,2,0
2022-01-17 16:11:14,18510,18510,18510,2,0
2022-01-17 16:11:20,18510,18510,18510,2,0
2022-01-17 16:11:21,18510,18510,18510,2,0
2022-01-17 16:11:25,18510,18510,18510,2,0
2022-01-17 16:11:33,18510,18510,18510,2,0
2022-01-17 16:11:34,18510,18510,18510,2,0
2022-01-17 16:11:35,18510,18510,18510,2,0
2022-01-17 16:11:36,18510,18510,18510,2,0
2022-01-17 16:11:36,18509,18509,18509,2,-2
2022-01-17 16:11:41,18509,18509,18509,2,0
2022-01-17 16:11:41,18509,18509,18509,2,0
2022-01-17 16:11:47,18509,18509,18509,2,0
2022-01-17 16:11:48,18508,18508,18508,2,-2
2022-01-17 16:11:48,18509,18509,18509,2,2
2022-01-17 16:11:50,18508,18508,18508,2,-2
2022-01-17 16:11:53,18508,18508,18508,2,0
2022-01-17 16:11:57,18509,18509,18509,2,2
2022-01-17 16:11:59,18510,18510,18510,12,12
2022-01-17 16:12:03,18511,18511,18511,4,4
2022-01-17 16:12:04,18510,18510,18510,2,-2
2022-01-17 16:12:04,18510,18510,18510,2,0
2022-01-17 16:12:04,18510,18510,18510,2,0
2022-01-17 16:12:08,18509,18509,18509,4,-4
2022-01-17 16:12:08,18509,18509,18509,2,0
2022-01-17 16:12:18,18510,18510,18510,4,4
2022-01-17 16:12:22,18510,18510,18510,2,0
2022-01-17 16:12:32,18510,18510,18510,2,0
2022-01-17 16:12:33,18511,18511,18511,2,2
2022-01-17 16:12:58,18511,18511,18511,2,0
2022-01-17 16:12:59,18511,18511,18511,2,0
2022-01-17 16:13:01,18511,18511,18511,2,0
2022-01-17 16:13:05,18511,18511,18511,4,0
2022-01-17 16:13:12,18511,18511,18511,2,0
2022-01-17 16:13:15,18511,18511,18511,2,0
2022-01-17 16:13:18,18511,18511,18511,2,0
2022-01-17 16:13:23,18510,18510,18510,2,-2
2022-01-17 16:13:23,18510,18510,18510,2,0
2022-01-17 16:13:27,18510,18510,18510,2,0
2022-01-17 16:13:46,18509,18509,18509,2,-2
2022-01-17 16:13:46,18509,18509,18509,4,0
2022-01-17 16:13:46,18509,18509,18509,2,0
2022-01-17 16:13:46,18509,18509,18509,2,0
2022-01-17 16:13:55,18509,18509,18509,4,0
2022-01-17 16:14:00,18508,18508,18508,2,-2
2022-01-17 16:14:00,18508,18508,18508,2,0
2022-01-17 16:14:00,18508,18508,18508,2,0
2022-01-17 16:14:00,18508,18508,18508,2,0
2022-01-17 16:14:00,18508,18508,18508,2,0
2022-01-17 16:14:05,18508,18508,18508,2,0
2022-01-17 16:14:06,18507,18507,18507,2,-2
2022-01-17 16:14:06,18508,18508,18508,2,2
2022-01-17 16:14:14,18508,18508,18508,2,0
2022-01-17 16:14:14,18509,18509,18509,2,2
2022-01-17 16:14:19,18508,18508,18508,2,-2
2022-01-17 16:14:21,18508,18508,18508,2,0
2022-01-17 16:14:37,18508,18508,18508,2,0
2022-01-17 16:14:39,18509,18509,18509,2,2
2022-01-17 16:14:52,18509,18509,18509,4,0
2022-01-17 16:14:55,18510,18510,18510,2,2
2022-01-17 16:15:00,18509,18509,18509,2,-2
2022-01-17 16:15:07,18509,18509,18509,2,0
2022-01-17 16:15:07,18509,18509,18509,2,0
2022-01-17 16:15:09,18508,18508,18508,2,-2
2022-01-17 16:15:10,18508,18508,18508,2,0
2022-01-17 16:15:10,18508,18508,18508,2,0
2022-01-17 16:15:18,18509,18509,18509,2,2
2022-01-17 16:15:18,18508,18508,18508,2,-2
2022-01-17 16:15:18,18508,18508,18508,2,0
2022-01-17 16:15:18,18508,18508,18508,4,0
2022-01-17 16:15:18,18508,18508,18508,2,0
2022-01-17 16:15:18,18508,18508,18508,2,0
2022-01-17 16:15:18,18507,18507,18507,2,-2
2022-01-17 16:15:18,18507,18507,18507,2,0
2022-01-17 16:15:18,18507,18507,18507,2,0
2022-01-17 16:15:18,18507,18507,18507,2,0
2022-01-17 16:15:29,18509,18509,18509,2,2
2022-01-17 16:15:29,18510,18510,18510,2,2
2022-01-17 16:15:31,18508,18508,18508,2,-2
2022-01-17 16:15:44,18509,18509,18509,2,2
2022-01-17 16:15:55,18510,18510,18510,4,4
2022-01-17 16:15:55,18510,18510,18510,2,0
2022-01-17 16:15:55,18510,18510,18510,12,0
2022-01-17 16:16:02,18511,18511,18511,2,2
2022-01-17 16:16:08,18512,18512,18512,8,8
2022-01-17 16:16:17,18512,18512,18512,4,0
2022-01-17 16:16:18,18512,18512,18512,2,0
2022-01-17 16:16:19,18512,18512,18512,4,0
2022-01-17 16:16:23,18512,18512,18512,2,0
2022-01-17 16:16:28,18511,18511,18511,2,-2
2022-01-17 16:16:28,18511,18511,18511,2,0
2022-01-17 16:16:28,18511,18511,18511,2,0
2022-01-17 16:16:28,18511,18511,18511,2,0
2022-01-17 16:16:35,18511,18511,18511,2,0
2022-01-17 16:16:46,18510,18510,18510,2,-2
2022-01-17 16:16:46,18510,18510,18510,2,0
2022-01-17 16:16:50,18510,18510,18510,2,0
2022-01-17 16:17:09,18510,18510,18510,2,0
2022-01-17 16:17:09,18510,18510,18510,2,0
2022-01-17 16:17:09,18510,18510,18510,2,0
2022-01-17 16:17:09,18510,18510,18510,2,0
2022-01-17 16:17:17,18510,18510,18510,2,0
2022-01-17 16:17:30,18508,18508,18508,2,-2
2022-01-17 16:17:30,18508,18508,18508,2,0
2022-01-17 16:17:30,18508,18508,18508,2,0
2022-01-17 16:17:30,18508,18508,18508,2,0
2022-01-17 16:17:30,18508,18508,18508,2,0
2022-01-17 16:17:30,18508,18508,18508,2,0
2022-01-17 16:17:30,18508,18508,18508,2,0
2022-01-17 16:17:32,18508,18508,18508,2,0
2022-01-17 16:17:34,18507,18507,18507,2,-2
2022-01-17 16:17:34,18507,18507,18507,2,0
2022-01-17 16:17:34,18507,18507,18507,2,0
2022-01-17 16:17:34,18507,18507,18507,2,0
2022-01-17 16:17:42,18508,18508,18508,4,4
2022-01-17 16:17:48,18508,18508,18508,2,0
2022-01-17 16:17:48,18508,18508,18508,2,0
2022-01-17 16:17:48,18508,18508,18508,2,0
2022-01-17 16:17:48,18508,18508,18508,2,0
2022-01-17 16:17:48,18508,18508,18508,2,0
2022-01-17 16:17:51,18508,18508,18508,4,0
2022-01-17 16:17:52,18508,18508,18508,2,0
2022-01-17 16:17:56,18508,18508,18508,2,0
