2022-09-15 15:00:00.087,14648,14650,14650,62,62
2022-09-15 15:00:00.350,14649,14651,14649,2,-2
2022-09-15 15:00:00.350,14649,14651,14649,1,-1
2022-09-15 15:00:00.654,14650,14651,14650,2,-2
2022-09-15 15:00:00.745,14649,14651,14649,1,-1
2022-09-15 15:00:00.760,14649,14651,14649,1,-1
2022-09-15 15:00:00.763,14649,14651,14648,1,-1
2022-09-15 15:00:00.765,14649,14651,14648,1,-1
2022-09-15 15:00:00.988,14648,14650,14650,1,1
2022-09-15 15:00:00.988,14648,14650,14651,3,3
2022-09-15 15:00:01.860,14648,14650,14648,1,-1
2022-09-15 15:00:01.860,14648,14650,14648,1,-1
2022-09-15 15:00:02.471,14648,14649,14648,5,-5
2022-09-15 15:00:03.549,14647,14649,14647,1,-1
2022-09-15 15:00:03.885,14647,14649,14649,1,1
2022-09-15 15:00:04.205,14647,14649,14647,3,-3
2022-09-15 15:00:06.363,14647,14648,14647,2,-2
2022-09-15 15:00:06.363,14647,14648,14647,1,-1
2022-09-15 15:00:06.363,14647,14648,14647,3,-3
2022-09-15 15:00:06.634,14647,14648,14647,2,-2
2022-09-15 15:00:06.992,14647,14648,14648,1,1
2022-09-15 15:00:07.124,14647,14648,14647,1,-1
2022-09-15 15:00:07.124,14647,14648,14648,1,1
2022-09-15 15:00:07.949,14647,14649,14648,1,1
2022-09-15 15:00:07.949,14647,14649,14649,1,1
2022-09-15 15:00:07.949,14647,14649,14649,1,1
2022-09-15 15:00:07.949,14647,14649,14649,2,2
2022-09-15 15:00:07.950,14647,14649,14649,4,4
2022-09-15 15:00:07.950,14647,14649,14649,2,2
2022-09-15 15:00:07.950,14647,14649,14649,2,2
2022-09-15 15:00:08.234,14648,14649,14649,4,4
2022-09-15 15:00:08.319,14648,14649,14648,3,-3
2022-09-15 15:00:09.190,14648,14650,14650,4,4
2022-09-15 15:00:09.213,14649,14651,14651,1,1
2022-09-15 15:00:11.243,14650,14651,14651,1,1
2022-09-15 15:00:11.258,14650,14651,14651,13,13
2022-09-15 15:00:11.470,14651,14652,14652,4,4
2022-09-15 15:00:11.471,14651,14652,14652,1,1
2022-09-15 15:00:11.471,14651,14652,14652,2,2
2022-09-15 15:00:11.471,14651,14652,14652,8,8
2022-09-15 15:00:11.472,14651,14652,14652,2,2
2022-09-15 15:00:11.787,14652,14653,14653,2,2
2022-09-15 15:00:12.894,14651,14652,14651,1,-1
2022-09-15 15:00:13.741,14651,14652,14652,1,1
2022-09-15 15:00:14.628,14652,14653,14652,2,-2
2022-09-15 15:00:14.675,14652,14653,14653,1,1
2022-09-15 15:00:14.935,14652,14653,14652,1,-1
2022-09-15 15:00:15.056,14652,14653,14652,3,-3
2022-09-15 15:00:15.099,14651,14652,14652,1,1
2022-09-15 15:00:15.669,14651,14653,14652,3,3
2022-09-15 15:00:15.873,14651,14652,14651,1,-1
2022-09-15 15:00:15.874,14651,14652,14651,5,-5
2022-09-15 15:00:16.099,14650,14652,14652,7,7
2022-09-15 15:00:16.156,14650,14652,14650,2,-2
2022-09-15 15:00:16.172,14650,14652,14650,1,-1
2022-09-15 15:00:16.224,14650,14652,14652,1,1
2022-09-15 15:00:16.669,14650,14652,14652,1,1
2022-09-15 15:00:17.098,14650,14652,14652,4,4
2022-09-15 15:00:17.297,14650,14652,14651,1,1
2022-09-15 15:00:18.071,14650,14652,14650,1,-1
2022-09-15 15:00:18.072,14650,14652,14650,5,-5
2022-09-15 15:00:18.098,14649,14651,14651,5,5
2022-09-15 15:00:18.098,14649,14651,14652,2,2
2022-09-15 15:00:19.941,14649,14650,14649,1,-1
2022-09-15 15:00:21.046,14649,14650,14650,2,2
2022-09-15 15:00:21.694,14649,14650,14649,1,-1
2022-09-15 15:00:21.742,14649,14650,14649,1,-1
2022-09-15 15:00:22.609,14649,14650,14649,1,-1
2022-09-15 15:00:24.681,14649,14650,14649,1,-1
2022-09-15 15:00:24.706,14649,14650,14649,1,-1
2022-09-15 15:00:24.916,14649,14650,14650,2,2
2022-09-15 15:00:25.688,14649,14650,14650,1,1
2022-09-15 15:00:27.327,14649,14650,14650,1,1
2022-09-15 15:00:27.654,14649,14650,14649,1,-1
2022-09-15 15:00:27.913,14649,14650,14649,1,-1
2022-09-15 15:00:27.914,14649,14650,14649,1,-1
2022-09-15 15:00:30.087,14649,14650,14649,1,-1
2022-09-15 15:00:30.496,14649,14650,14650,1,1
2022-09-15 15:00:30.955,14649,14650,14650,1,1
2022-09-15 15:00:31.089,14649,14650,14650,1,1
2022-09-15 15:00:31.210,14649,14650,14650,8,8
2022-09-15 15:00:31.359,14649,14651,14651,3,3
2022-09-15 15:00:32.639,14650,14651,14651,2,2
2022-09-15 15:00:32.639,14650,14651,14652,1,1
2022-09-15 15:00:32.879,14650,14652,14650,1,-1
2022-09-15 15:00:32.905,14650,14652,14652,5,5
2022-09-15 15:00:32.905,14650,14652,14653,8,8
2022-09-15 15:00:33.785,14651,14653,14653,1,1
2022-09-15 15:00:34.309,14652,14654,14654,5,5
2022-09-15 15:00:35.367,14652,14654,14654,3,3
2022-09-15 15:00:35.538,14652,14654,14654,1,1
2022-09-15 15:00:35.697,14653,14655,14655,1,1
2022-09-15 15:00:36.108,14654,14655,14654,1,-1
2022-09-15 15:00:36.184,14654,14655,14654,1,-1
2022-09-15 15:00:36.264,14653,14655,14655,1,1
2022-09-15 15:00:36.293,14653,14655,14655,1,1
2022-09-15 15:00:36.413,14653,14655,14655,1,1
2022-09-15 15:00:36.561,14653,14655,14655,1,1
2022-09-15 15:00:36.563,14653,14655,14655,1,1
2022-09-15 15:00:36.563,14653,14655,14655,1,1
2022-09-15 15:00:36.802,14654,14656,14656,3,3
2022-09-15 15:00:36.832,14654,14656,14654,2,-2
2022-09-15 15:00:36.890,14654,14656,14656,1,1
2022-09-15 15:00:37.088,14654,14656,14656,7,7
2022-09-15 15:00:37.088,14654,14656,14657,6,6
2022-09-15 15:00:37.420,14655,14657,14656,1,1
2022-09-15 15:00:37.425,14655,14657,14655,1,-1
2022-09-15 15:00:37.522,14655,14657,14655,1,-1
2022-09-15 15:00:37.530,14655,14657,14655,1,-1
2022-09-15 15:00:37.531,14655,14657,14654,1,-1
2022-09-15 15:00:38.371,14654,14655,14655,1,1
2022-09-15 15:00:38.371,14654,14655,14656,2,2
2022-09-15 15:00:39.377,14654,14655,14654,5,-5
2022-09-15 15:00:39.421,14654,14655,14653,5,-5
2022-09-15 15:00:39.423,14654,14655,14654,2,-2
2022-09-15 15:00:39.431,14654,14655,14653,5,-5
2022-09-15 15:00:39.431,14654,14655,14652,5,-5
2022-09-15 15:00:39.438,14654,14655,14652,3,-3
2022-09-15 15:00:39.438,14654,14655,14651,1,-1
2022-09-15 15:00:39.624,14651,14652,14651,1,-1
2022-09-15 15:00:39.624,14651,14652,14651,3,-3
2022-09-15 15:00:39.624,14651,14652,14651,1,-1
2022-09-15 15:00:39.674,14651,14652,14652,3,3
2022-09-15 15:00:40.890,14651,14652,14652,5,5
2022-09-15 15:00:41.040,14651,14654,14654,3,3
2022-09-15 15:00:41.861,14652,14653,14652,1,-1
2022-09-15 15:00:41.861,14652,14653,14652,1,-1
2022-09-15 15:00:42.806,14651,14653,14654,3,3
2022-09-15 15:00:42.977,14652,14655,14655,5,5
2022-09-15 15:00:43.685,14653,14655,14653,1,-1
2022-09-15 15:00:45.564,14653,14655,14653,1,-1
2022-09-15 15:00:45.929,14652,14655,14655,1,1
2022-09-15 15:00:46.687,14652,14654,14654,1,1
2022-09-15 15:00:48.763,14653,14654,14654,1,1
2022-09-15 15:00:49.104,14653,14654,14653,3,-3
2022-09-15 15:00:49.739,14652,14653,14652,1,-1
2022-09-15 15:00:50.585,14652,14653,14653,2,2
2022-09-15 15:00:50.683,14652,14653,14653,5,5
2022-09-15 15:00:53.082,14653,14654,14653,1,-1
2022-09-15 15:00:53.144,14653,14654,14654,1,1
2022-09-15 15:00:53.275,14653,14655,14654,1,1
2022-09-15 15:00:53.760,14653,14655,14653,1,-1
2022-09-15 15:00:53.862,14653,14655,14654,1,-1
2022-09-15 15:00:53.876,14653,14655,14654,1,-1
2022-09-15 15:00:53.993,14653,14654,14654,1,1
2022-09-15 15:00:54.236,14653,14654,14654,1,1
2022-09-15 15:00:54.835,14653,14654,14654,2,2
2022-09-15 15:00:59.100,14653,14654,14654,1,1
2022-09-15 15:01:00.070,14653,14654,14654,1,1
2022-09-15 15:01:00.078,14653,14654,14653,1,-1
2022-09-15 15:01:00.078,14653,14654,14653,1,-1
2022-09-15 15:01:00.328,14653,14654,14654,9,9
2022-09-15 15:01:00.371,14653,14654,14655,6,6
2022-09-15 15:01:01.073,14654,14656,14654,1,-1
2022-09-15 15:01:01.971,14654,14656,14654,1,-1
2022-09-15 15:01:02.108,14654,14656,14654,1,-1
2022-09-15 15:01:02.423,14654,14656,14654,3,-3
2022-09-15 15:01:03.606,14653,14655,14655,1,1
2022-09-15 15:01:06.084,14654,14655,14654,1,-1
2022-09-15 15:01:08.580,14654,14655,14655,1,1
2022-09-15 15:01:08.705,14654,14655,14654,1,-1
2022-09-15 15:01:09.161,14654,14655,14655,6,6
2022-09-15 15:01:09.844,14655,14656,14655,1,-1
2022-09-15 15:01:10.956,14654,14655,14654,1,-1
2022-09-15 15:01:11.872,14654,14655,14655,1,1
2022-09-15 15:01:12.249,14654,14655,14655,1,1
2022-09-15 15:01:15.469,14654,14655,14654,5,-5
2022-09-15 15:01:15.474,14654,14655,14654,3,-3
2022-09-15 15:01:15.474,14654,14655,14653,1,-1
2022-09-15 15:01:19.042,14653,14655,14653,7,-7
2022-09-15 15:01:22.542,14653,14654,14653,1,-1
2022-09-15 15:01:22.726,14653,14654,14653,1,-1
2022-09-15 15:01:27.082,14653,14654,14654,1,1
2022-09-15 15:01:27.949,14653,14654,14653,1,-1
2022-09-15 15:01:28.339,14653,14654,14653,1,-1
2022-09-15 15:01:31.115,14653,14654,14654,3,3
2022-09-15 15:01:32.911,14653,14654,14653,4,-4
2022-09-15 15:01:33.998,14653,14654,14654,2,2
2022-09-15 15:01:34.873,14653,14654,14654,1,1
2022-09-15 15:01:34.874,14653,14654,14654,2,2
2022-09-15 15:01:40.282,14653,14654,14654,1,1
2022-09-15 15:01:40.932,14653,14654,14653,2,-2
2022-09-15 15:01:41.707,14653,14654,14653,1,-1
2022-09-15 15:01:43.061,14652,14654,14654,1,1
2022-09-15 15:01:46.836,14652,14654,14653,1,1
2022-09-15 15:01:50.755,14653,14654,14654,1,1
2022-09-15 15:01:51.406,14653,14654,14654,2,2
2022-09-15 15:01:54.154,14654,14655,14655,4,4
2022-09-15 15:01:54.375,14654,14655,14655,2,2
2022-09-15 15:01:54.375,14654,14655,14656,3,3
2022-09-15 15:01:54.601,14654,14656,14656,13,13
2022-09-15 15:01:54.972,14656,14657,14657,3,3
2022-09-15 15:01:55.348,14656,14657,14656,2,-2
2022-09-15 15:01:55.348,14656,14657,14655,3,-3
2022-09-15 15:01:55.353,14656,14657,14656,1,-1
2022-09-15 15:01:55.358,14656,14657,14656,1,-1
2022-09-15 15:01:55.358,14656,14657,14655,4,-4
2022-09-15 15:01:55.367,14656,14657,14655,1,-1
2022-09-15 15:01:55.367,14656,14657,14654,2,-2
2022-09-15 15:01:55.594,14655,14656,14656,1,1
2022-09-15 15:01:56.342,14655,14657,14655,2,-2
2022-09-15 15:01:56.354,14655,14657,14655,1,-1
2022-09-15 15:01:56.354,14655,14657,14654,4,-4
2022-09-15 15:01:59.975,14655,14656,14655,2,-2
2022-09-15 15:01:59.975,14655,14656,14654,1,-1
2022-09-15 15:02:00.212,14655,14656,14656,4,4
2022-09-15 15:02:00.232,14655,14656,14656,3,3
2022-09-15 15:02:00.249,14655,14656,14656,1,1
2022-09-15 15:02:00.268,14655,14656,14656,1,1
2022-09-15 15:02:00.404,14656,14657,14656,1,-1
2022-09-15 15:02:00.432,14656,14657,14656,1,-1
2022-09-15 15:02:00.975,14655,14656,14656,1,1
2022-09-15 15:02:01.106,14655,14656,14655,1,-1
2022-09-15 15:02:02.673,14655,14656,14656,1,1
2022-09-15 15:02:07.036,14655,14656,14655,1,-1
2022-09-15 15:02:07.350,14655,14656,14656,1,1
2022-09-15 15:02:07.519,14655,14656,14656,2,2
2022-09-15 15:02:08.444,14655,14656,14655,2,-2
2022-09-15 15:02:08.445,14655,14656,14655,6,-6
2022-09-15 15:02:08.452,14654,14656,14654,2,-2
2022-09-15 15:02:08.935,14654,14655,14655,1,1
2022-09-15 15:02:10.295,14654,14655,14654,1,-1
2022-09-15 15:02:10.295,14654,14655,14654,3,-3
2022-09-15 15:02:13.137,14653,14655,14654,1,-1
2022-09-15 15:02:14.912,14653,14654,14653,1,-1
2022-09-15 15:02:16.232,14652,14654,14652,1,-1
2022-09-15 15:02:17.248,14652,14654,14652,2,-2
2022-09-15 15:02:20.120,14652,14654,14652,1,-1
2022-09-15 15:02:24.949,14652,14653,14652,1,-1
2022-09-15 15:02:26.635,14652,14653,14653,1,1
2022-09-15 15:02:26.910,14652,14654,14653,1,1
2022-09-15 15:02:28.006,14652,14654,14652,2,-2
2022-09-15 15:02:30.780,14652,14654,14654,2,2
2022-09-15 15:02:31.802,14652,14654,14652,1,-1
2022-09-15 15:02:33.262,14652,14654,14652,1,-1
2022-09-15 15:02:36.484,14652,14653,14652,1,-1
2022-09-15 15:02:38.249,14652,14653,14652,1,-1
2022-09-15 15:02:43.085,14652,14653,14653,4,4
2022-09-15 15:02:43.085,14652,14653,14653,1,1
2022-09-15 15:02:43.086,14652,14653,14653,1,1
2022-09-15 15:02:43.126,14652,14653,14653,2,2
2022-09-15 15:02:43.861,14652,14654,14652,16,-16
2022-09-15 15:02:43.928,14652,14654,14651,4,-4
2022-09-15 15:02:43.929,14652,14654,14651,2,-2
2022-09-15 15:02:44.003,14650,14651,14650,1,-1
2022-09-15 15:02:44.005,14650,14651,14650,1,-1
2022-09-15 15:02:44.007,14650,14651,14650,1,-1
2022-09-15 15:02:44.011,14650,14651,14650,1,-1
2022-09-15 15:02:44.011,14650,14651,14650,3,-3
2022-09-15 15:02:44.079,14649,14650,14649,2,-2
2022-09-15 15:02:44.224,14648,14650,14648,1,-1
2022-09-15 15:02:45.399,14650,14652,14651,2,-2
2022-09-15 15:02:45.399,14650,14652,14652,1,1
2022-09-15 15:02:46.134,14650,14652,14652,1,1
2022-09-15 15:02:49.399,14651,14652,14651,1,-1
2022-09-15 15:02:51.178,14651,14652,14652,3,3
2022-09-15 15:02:52.167,14651,14653,14651,1,-1
2022-09-15 15:02:55.386,14650,14652,14652,1,1
2022-09-15 15:03:00.235,14650,14651,14651,2,2
2022-09-15 15:03:00.936,14650,14651,14650,1,-1
2022-09-15 15:03:00.936,14650,14651,14650,1,-1
2022-09-15 15:03:00.951,14650,14651,14650,1,-1
2022-09-15 15:03:00.965,14650,14651,14650,1,-1
2022-09-15 15:03:01.021,14650,14651,14650,1,-1
2022-09-15 15:03:01.052,14650,14651,14650,1,-1
2022-09-15 15:03:01.053,14650,14651,14650,1,-1
2022-09-15 15:03:01.406,14650,14651,14650,1,-1
2022-09-15 15:03:01.813,14650,14651,14650,1,-1
2022-09-15 15:03:01.813,14650,14651,14650,1,-1
2022-09-15 15:03:01.814,14650,14651,14650,5,-5
2022-09-15 15:03:01.814,14650,14651,14650,5,-5
2022-09-15 15:03:01.814,14650,14651,14650,1,-1
2022-09-15 15:03:01.814,14650,14651,14650,3,-3
2022-09-15 15:03:01.814,14650,14651,14650,3,-3
2022-09-15 15:03:01.814,14650,14651,14650,6,-6
2022-09-15 15:03:01.821,14650,14651,14649,2,-2
2022-09-15 15:03:02.159,14648,14649,14648,2,-2
2022-09-15 15:03:02.367,14648,14649,14648,2,-2
2022-09-15 15:03:02.368,14648,14649,14648,2,-2
2022-09-15 15:03:02.481,14647,14648,14647,2,-2
2022-09-15 15:03:08.731,14649,14650,14649,1,-1
2022-09-15 15:03:12.899,14649,14651,14649,1,-1
2022-09-15 15:03:28.641,14649,14651,14649,1,-1
2022-09-15 15:03:36.582,14650,14651,14651,2,2
2022-09-15 15:03:38.350,14651,14652,14652,6,6
2022-09-15 15:03:38.351,14651,14652,14653,7,7
2022-09-15 15:03:38.363,14651,14652,14654,2,2
2022-09-15 15:03:40.209,14653,14654,14654,2,2
2022-09-15 15:03:42.153,14654,14655,14654,1,-1
2022-09-15 15:03:42.929,14654,14655,14655,1,1
2022-09-15 15:03:42.929,14654,14655,14655,3,3
2022-09-15 15:03:42.929,14654,14655,14655,1,1
2022-09-15 15:03:42.929,14654,14655,14655,2,2
2022-09-15 15:03:50.643,14654,14655,14654,1,-1
2022-09-15 15:03:51.961,14654,14655,14654,1,-1
2022-09-15 15:03:51.961,14654,14655,14655,3,3
2022-09-15 15:03:53.736,14655,14656,14656,2,2
2022-09-15 15:03:53.736,14655,14656,14657,1,1
2022-09-15 15:03:53.785,14655,14656,14655,1,-1
2022-09-15 15:03:53.962,14656,14657,14657,2,2
2022-09-15 15:03:55.015,14656,14657,14656,1,-1
2022-09-15 15:03:55.520,14656,14657,14656,1,-1
2022-09-15 15:03:56.185,14656,14657,14657,7,7
2022-09-15 15:03:56.805,14656,14658,14656,1,-1
2022-09-15 15:03:56.820,14656,14658,14658,12,12
2022-09-15 15:03:56.952,14658,14659,14658,1,-1
2022-09-15 15:03:57.481,14658,14659,14658,2,-2
2022-09-15 15:03:57.717,14658,14659,14658,3,-3
2022-09-15 15:03:58.993,14658,14659,14658,1,-1
2022-09-15 15:03:59.117,14658,14659,14659,2,2
2022-09-15 15:04:00.206,14658,14659,14659,1,1
2022-09-15 15:04:00.246,14658,14659,14659,2,2
2022-09-15 15:04:00.598,14658,14659,14658,2,-2
2022-09-15 15:04:02.840,14657,14658,14658,1,1
2022-09-15 15:04:12.135,14657,14658,14658,1,1
2022-09-15 15:04:13.803,14657,14658,14658,5,5
2022-09-15 15:04:14.302,14657,14658,14657,1,-1
2022-09-15 15:04:17.826,14656,14657,14657,1,1
2022-09-15 15:04:17.826,14656,14657,14658,2,2
2022-09-15 15:04:17.955,14656,14658,14656,1,-1
2022-09-15 15:04:19.089,14656,14658,14656,1,-1
2022-09-15 15:04:22.735,14657,14658,14658,1,1
2022-09-15 15:04:23.371,14657,14658,14658,1,1
2022-09-15 15:04:25.261,14657,14658,14658,4,4
2022-09-15 15:04:27.551,14658,14659,14659,1,1
2022-09-15 15:04:27.661,14658,14659,14658,1,-1
2022-09-15 15:04:27.719,14658,14659,14659,1,1
2022-09-15 15:04:28.188,14658,14659,14658,1,-1
2022-09-15 15:04:28.188,14658,14659,14659,7,7
2022-09-15 15:04:28.336,14658,14659,14658,1,-1
2022-09-15 15:04:31.138,14658,14659,14659,1,1
2022-09-15 15:04:31.728,14658,14659,14659,1,1
2022-09-15 15:04:35.179,14658,14659,14658,1,-1
2022-09-15 15:04:36.726,14658,14659,14658,1,-1
2022-09-15 15:04:37.461,14657,14658,14658,1,1
2022-09-15 15:04:39.349,14657,14658,14658,1,1
2022-09-15 15:04:40.207,14657,14658,14658,1,1
2022-09-15 15:04:40.930,14657,14658,14657,9,-9
2022-09-15 15:04:40.930,14657,14658,14657,2,-2
2022-09-15 15:04:41.942,14656,14657,14657,1,1
2022-09-15 15:04:44.307,14656,14657,14657,2,2
2022-09-15 15:04:44.307,14656,14657,14658,1,1
2022-09-15 15:04:46.613,14656,14657,14656,1,-1
2022-09-15 15:04:51.836,14656,14657,14657,2,2
2022-09-15 15:04:53.723,14656,14658,14658,1,1
2022-09-15 15:04:56.456,14657,14658,14657,1,-1
2022-09-15 15:04:57.288,14657,14658,14657,2,-2
2022-09-15 15:05:01.600,14656,14657,14656,2,-2
2022-09-15 15:05:01.677,14656,14657,14657,1,1
2022-09-15 15:05:01.678,14656,14657,14657,3,3
2022-09-15 15:05:01.703,14657,14658,14658,1,1
2022-09-15 15:05:01.703,14657,14658,14658,1,1
2022-09-15 15:05:01.945,14657,14658,14657,1,-1
2022-09-15 15:05:01.964,14657,14658,14657,1,-1
2022-09-15 15:05:02.732,14657,14658,14657,1,-1
2022-09-15 15:05:02.818,14657,14658,14657,1,-1
2022-09-15 15:05:02.831,14657,14658,14658,1,1
2022-09-15 15:05:02.838,14657,14658,14657,1,-1
2022-09-15 15:05:03.899,14657,14658,14657,1,-1
2022-09-15 15:05:03.928,14657,14658,14657,1,-1
2022-09-15 15:05:03.951,14657,14658,14657,1,-1
2022-09-15 15:05:03.952,14657,14658,14657,1,-1
2022-09-15 15:05:04.696,14657,14658,14657,2,-2
2022-09-15 15:05:04.696,14657,14658,14656,3,-3
2022-09-15 15:05:05.252,14656,14658,14656,1,-1
2022-09-15 15:05:05.323,14656,14658,14656,1,-1
2022-09-15 15:05:05.352,14656,14658,14656,1,-1
2022-09-15 15:05:05.716,14656,14657,14656,1,-1
2022-09-15 15:05:06.647,14656,14657,14656,1,-1
2022-09-15 15:05:07.031,14656,14657,14656,1,-1
2022-09-15 15:05:07.141,14656,14657,14657,1,1
2022-09-15 15:05:07.757,14656,14657,14656,1,-1
2022-09-15 15:05:08.012,14656,14657,14657,2,2
2022-09-15 15:05:10.809,14657,14658,14658,1,1
2022-09-15 15:05:10.809,14657,14658,14658,2,2
2022-09-15 15:05:10.809,14657,14658,14658,2,2
2022-09-15 15:05:11.903,14658,14659,14659,3,3
2022-09-15 15:05:11.904,14658,14659,14659,6,6
2022-09-15 15:05:12.668,14659,14660,14660,1,1
2022-09-15 15:05:12.791,14659,14660,14659,5,-5
2022-09-15 15:05:12.791,14659,14660,14659,2,-2
2022-09-15 15:05:14.302,14659,14660,14659,1,-1
2022-09-15 15:05:15.337,14659,14660,14660,3,3
2022-09-15 15:05:15.337,14659,14660,14660,4,4
2022-09-15 15:05:15.338,14659,14660,14660,1,1
2022-09-15 15:05:15.338,14659,14660,14660,22,22
2022-09-15 15:05:15.340,14659,14660,14661,3,3
2022-09-15 15:05:15.340,14659,14660,14661,1,1
2022-09-15 15:05:15.340,14659,14660,14661,1,1
2022-09-15 15:05:16.102,14661,14662,14661,1,-1
2022-09-15 15:05:17.812,14661,14662,14661,1,-1
2022-09-15 15:05:17.827,14661,14662,14662,1,1
2022-09-15 15:05:17.983,14661,14662,14662,1,1
2022-09-15 15:05:18.120,14661,14662,14662,8,8
2022-09-15 15:05:18.201,14661,14662,14662,1,1
2022-09-15 15:05:20.182,14661,14662,14662,3,3
2022-09-15 15:05:20.203,14661,14662,14662,1,1
2022-09-15 15:05:21.470,14661,14662,14661,2,-2
2022-09-15 15:05:21.617,14660,14661,14661,2,2
2022-09-15 15:05:21.809,14660,14661,14661,1,1
2022-09-15 15:05:22.362,14660,14661,14660,1,-1
2022-09-15 15:05:22.531,14659,14660,14660,3,3
2022-09-15 15:05:27.130,14659,14661,14661,1,1
2022-09-15 15:05:27.635,14660,14661,14660,1,-1
2022-09-15 15:05:29.637,14660,14661,14661,1,1
2022-09-15 15:05:32.106,14660,14661,14661,1,1
2022-09-15 15:05:34.283,14660,14661,14660,1,-1
2022-09-15 15:05:35.048,14660,14661,14660,1,-1
2022-09-15 15:05:35.248,14660,14661,14660,1,-1
2022-09-15 15:05:38.251,14660,14661,14660,2,-2
2022-09-15 15:05:38.273,14660,14661,14661,1,1
2022-09-15 15:05:38.326,14659,14661,14661,1,1
2022-09-15 15:05:42.137,14660,14661,14660,15,-15
2022-09-15 15:05:43.455,14659,14660,14659,2,-2
2022-09-15 15:05:43.455,14659,14660,14659,1,-1
2022-09-15 15:05:43.604,14658,14660,14658,1,-1
2022-09-15 15:05:43.929,14658,14660,14660,1,1
2022-09-15 15:05:51.585,14659,14661,14661,5,5
2022-09-15 15:05:53.617,14660,14661,14660,1,-1
2022-09-15 15:05:53.701,14660,14661,14661,1,1
2022-09-15 15:05:53.922,14660,14661,14661,2,2
2022-09-15 15:05:54.073,14661,14662,14661,2,-2
2022-09-15 15:05:55.121,14661,14662,14661,1,-1
2022-09-15 15:05:55.232,14661,14662,14661,1,-1
2022-09-15 15:05:55.361,14661,14662,14661,3,-3
2022-09-15 15:05:58.130,14661,14662,14661,3,-3
2022-09-15 15:05:58.130,14661,14662,14661,1,-1
2022-09-15 15:05:58.130,14661,14662,14661,2,-2
2022-09-15 15:05:58.130,14661,14662,14661,3,-3
2022-09-15 15:05:58.988,14660,14661,14661,2,2
2022-09-15 15:06:00.209,14660,14661,14661,1,1
2022-09-15 15:06:00.236,14660,14661,14661,1,1
2022-09-15 15:06:04.274,14660,14661,14661,2,2
2022-09-15 15:06:04.674,14660,14661,14661,1,1
2022-09-15 15:06:06.163,14661,14662,14661,1,-1
2022-09-15 15:06:07.732,14660,14661,14660,2,-2
2022-09-15 15:06:08.249,14659,14661,14661,1,1
2022-09-15 15:06:08.967,14660,14661,14661,1,1
2022-09-15 15:06:09.422,14660,14661,14660,5,-5
2022-09-15 15:06:09.633,14659,14660,14659,1,-1
2022-09-15 15:06:09.735,14658,14659,14658,1,-1
2022-09-15 15:06:09.740,14658,14659,14658,1,-1
2022-09-15 15:06:11.329,14657,14658,14657,1,-1
2022-09-15 15:06:11.329,14657,14658,14657,1,-1
2022-09-15 15:06:11.329,14657,14658,14657,1,-1
2022-09-15 15:06:12.505,14657,14658,14657,1,-1
2022-09-15 15:06:12.838,14655,14657,14657,1,1
2022-09-15 15:06:20.212,14657,14658,14658,3,3
2022-09-15 15:06:23.313,14657,14658,14658,3,3
2022-09-15 15:06:27.382,14657,14658,14657,1,-1
2022-09-15 15:06:31.308,14656,14657,14656,1,-1
2022-09-15 15:06:32.465,14656,14657,14656,2,-2
2022-09-15 15:06:32.951,14656,14657,14656,1,-1
2022-09-15 15:06:36.761,14656,14657,14657,3,3
2022-09-15 15:06:37.508,14656,14657,14656,3,-3
2022-09-15 15:06:39.431,14656,14657,14657,2,2
2022-09-15 15:06:43.498,14656,14658,14658,3,3
2022-09-15 15:06:50.356,14657,14658,14658,6,6
2022-09-15 15:06:50.357,14657,14658,14658,1,1
2022-09-15 15:07:00.234,14658,14659,14659,1,1
2022-09-15 15:07:01.777,14659,14660,14659,1,-1
2022-09-15 15:07:06.890,14659,14660,14659,1,-1
2022-09-15 15:07:14.485,14658,14659,14658,2,-2
2022-09-15 15:07:31.389,14657,14658,14658,6,6
2022-09-15 15:07:33.397,14658,14659,14658,1,-1
2022-09-15 15:07:35.035,14658,14659,14659,1,1
2022-09-15 15:07:43.626,14658,14659,14658,1,-1
2022-09-15 15:07:46.518,14657,14658,14658,1,1
2022-09-15 15:07:46.541,14657,14658,14659,7,7
2022-09-15 15:07:47.738,14659,14660,14659,2,-2
2022-09-15 15:07:51.512,14659,14660,14659,2,-2
2022-09-15 15:08:00.197,14659,14660,14660,11,11
2022-09-15 15:08:01.207,14660,14661,14661,7,7
2022-09-15 15:08:06.422,14661,14662,14661,1,-1
2022-09-15 15:08:15.272,14661,14662,14662,4,4
2022-09-15 15:08:15.291,14661,14662,14661,3,-3
2022-09-15 15:08:15.439,14661,14662,14661,1,-1
2022-09-15 15:08:17.621,14661,14662,14662,1,1
2022-09-15 15:08:21.783,14661,14662,14661,2,-2
2022-09-15 15:08:22.385,14661,14662,14662,1,1
2022-09-15 15:08:23.658,14661,14662,14662,1,1
2022-09-15 15:08:23.658,14661,14662,14662,1,1
2022-09-15 15:08:23.658,14661,14662,14662,7,7
2022-09-15 15:08:23.658,14661,14662,14662,7,7
2022-09-15 15:08:23.658,14661,14662,14662,5,5
2022-09-15 15:08:23.658,14661,14662,14662,1,1
2022-09-15 15:08:24.087,14662,14663,14662,1,-1
2022-09-15 15:08:25.222,14662,14663,14662,2,-2
2022-09-15 15:08:25.701,14662,14663,14663,2,2
2022-09-15 15:08:25.859,14662,14663,14663,2,2
2022-09-15 15:08:25.878,14662,14663,14663,1,1
2022-09-15 15:08:25.889,14662,14663,14663,1,1
2022-09-15 15:08:25.943,14662,14663,14663,2,2
2022-09-15 15:08:26.005,14662,14663,14663,3,3
2022-09-15 15:08:27.738,14662,14663,14662,1,-1
2022-09-15 15:08:27.966,14661,14662,14661,2,-2
2022-09-15 15:08:27.966,14661,14662,14661,1,-1
2022-09-15 15:08:28.210,14660,14662,14662,2,2
2022-09-15 15:08:28.324,14660,14662,14662,1,1
2022-09-15 15:08:38.728,14660,14661,14661,2,2
2022-09-15 15:08:39.636,14660,14661,14661,1,1
2022-09-15 15:08:42.039,14660,14661,14660,1,-1
2022-09-15 15:08:47.611,14660,14661,14661,3,3
2022-09-15 15:08:47.611,14660,14661,14661,1,1
2022-09-15 15:08:52.896,14661,14662,14661,3,-3
2022-09-15 15:08:56.216,14660,14661,14660,5,-5
2022-09-15 15:08:58.051,14660,14661,14660,1,-1
2022-09-15 15:09:00.243,14660,14661,14661,4,4
2022-09-15 15:09:04.429,14660,14661,14661,2,2
2022-09-15 15:09:08.433,14660,14661,14660,3,-3
2022-09-15 15:09:08.565,14660,14661,14660,2,-2
2022-09-15 15:09:11.245,14660,14661,14660,1,-1
2022-09-15 15:09:11.467,14660,14661,14660,1,-1
2022-09-15 15:09:16.883,14660,14661,14660,1,-1
2022-09-15 15:09:16.930,14660,14661,14659,11,-11
2022-09-15 15:09:24.019,14658,14659,14659,2,2
2022-09-15 15:09:24.525,14659,14660,14659,1,-1
2022-09-15 15:09:32.958,14659,14660,14660,1,1
2022-09-15 15:09:35.258,14659,14660,14660,1,1
2022-09-15 15:09:35.259,14659,14660,14660,1,1
2022-09-15 15:09:35.259,14659,14660,14660,1,1
2022-09-15 15:09:35.265,14659,14660,14661,1,1
2022-09-15 15:09:35.272,14659,14660,14661,1,1
2022-09-15 15:09:35.289,14659,14660,14662,2,2
2022-09-15 15:09:39.348,14661,14662,14662,2,2
2022-09-15 15:09:40.533,14661,14662,14661,1,-1
2022-09-15 15:09:50.510,14661,14662,14661,2,-2
2022-09-15 15:09:51.939,14661,14662,14661,1,-1
2022-09-15 15:09:51.939,14661,14662,14660,4,-4
2022-09-15 15:09:53.457,14660,14662,14662,5,5
2022-09-15 15:10:00.235,14661,14662,14662,3,3
2022-09-15 15:10:00.521,14661,14663,14663,1,1
2022-09-15 15:10:00.840,14661,14663,14663,1,1
2022-09-15 15:10:02.768,14660,14661,14661,1,1
2022-09-15 15:10:02.835,14660,14662,14662,1,1
2022-09-15 15:10:02.865,14660,14662,14662,1,1
2022-09-15 15:10:02.895,14660,14662,14662,1,1
2022-09-15 15:10:03.123,14660,14662,14662,7,7
2022-09-15 15:10:03.123,14660,14662,14663,1,1
2022-09-15 15:10:04.186,14661,14663,14663,1,1
2022-09-15 15:10:04.208,14661,14663,14663,1,1
2022-09-15 15:10:04.287,14661,14663,14663,1,1
2022-09-15 15:10:04.347,14661,14663,14663,1,1
2022-09-15 15:10:05.632,14662,14663,14663,1,1
2022-09-15 15:10:05.666,14662,14663,14663,1,1
2022-09-15 15:10:05.730,14662,14663,14662,3,-3
2022-09-15 15:10:05.734,14662,14663,14663,1,1
2022-09-15 15:10:05.799,14662,14663,14663,1,1
2022-09-15 15:10:06.897,14661,14663,14663,1,1
2022-09-15 15:10:06.917,14661,14663,14663,1,1
2022-09-15 15:10:07.052,14661,14663,14663,1,1
2022-09-15 15:10:12.490,14661,14662,14662,3,3
2022-09-15 15:10:13.665,14662,14663,14662,2,-2
2022-09-15 15:10:20.921,14662,14663,14662,3,-3
2022-09-15 15:10:20.922,14662,14663,14662,1,-1
2022-09-15 15:10:20.931,14662,14663,14661,5,-5
2022-09-15 15:10:21.015,14660,14662,14660,2,-2
2022-09-15 15:10:22.290,14660,14661,14660,1,-1
2022-09-15 15:10:22.862,14660,14661,14661,1,1
2022-09-15 15:10:23.601,14660,14661,14660,1,-1
2022-09-15 15:10:23.602,14660,14661,14660,1,-1
2022-09-15 15:10:23.603,14660,14661,14660,4,-4
2022-09-15 15:10:25.851,14659,14660,14659,1,-1
2022-09-15 15:10:26.454,14659,14660,14660,1,1
2022-09-15 15:10:32.850,14659,14660,14660,1,1
2022-09-15 15:10:36.052,14659,14660,14659,1,-1
2022-09-15 15:10:36.632,14659,14660,14660,1,1
2022-09-15 15:10:36.778,14659,14660,14659,1,-1
2022-09-15 15:10:41.528,14659,14660,14660,1,1
2022-09-15 15:10:44.814,14659,14660,14659,3,-3
2022-09-15 15:10:44.865,14658,14660,14659,2,-2
2022-09-15 15:10:47.723,14658,14659,14659,2,2
2022-09-15 15:10:48.692,14658,14659,14659,1,1
2022-09-15 15:10:59.123,14658,14659,14659,2,2
2022-09-15 15:11:12.445,14659,14660,14660,2,2
2022-09-15 15:11:12.456,14659,14660,14660,1,1
2022-09-15 15:11:12.457,14659,14660,14660,3,3
2022-09-15 15:11:12.457,14659,14660,14660,1,1
2022-09-15 15:11:18.693,14659,14661,14661,1,1
2022-09-15 15:11:22.279,14660,14661,14661,1,1
2022-09-15 15:11:23.383,14660,14661,14660,2,-2
2022-09-15 15:11:23.383,14660,14661,14660,3,-3
2022-09-15 15:11:24.055,14659,14660,14659,1,-1
2022-09-15 15:11:30.930,14658,14660,14658,35,-35
2022-09-15 15:11:31.274,14657,14658,14658,2,2
2022-09-15 15:11:31.820,14658,14660,14658,2,-2
2022-09-15 15:11:35.567,14658,14660,14660,2,2
2022-09-15 15:11:43.124,14659,14660,14660,1,1
2022-09-15 15:11:52.199,14659,14660,14660,1,1
2022-09-15 15:11:58.062,14659,14660,14660,6,6
2022-09-15 15:12:00.230,14659,14660,14660,2,2
2022-09-15 15:12:10.363,14659,14660,14660,1,1
2022-09-15 15:12:18.917,14659,14661,14659,1,-1
2022-09-15 15:12:19.488,14659,14661,14661,1,1
2022-09-15 15:12:28.138,14660,14661,14660,1,-1
2022-09-15 15:12:29.568,14660,14661,14661,9,9
2022-09-15 15:12:29.569,14660,14661,14661,1,1
2022-09-15 15:12:29.569,14660,14661,14661,1,1
2022-09-15 15:12:30.566,14661,14662,14661,3,-3
2022-09-15 15:12:38.673,14660,14661,14661,1,1
2022-09-15 15:12:42.467,14659,14660,14660,1,1
2022-09-15 15:12:44.910,14659,14660,14659,1,-1
2022-09-15 15:12:45.030,14659,14660,14659,1,-1
2022-09-15 15:12:48.659,14659,14660,14659,4,-4
2022-09-15 15:13:01.523,14658,14660,14658,5,-5
2022-09-15 15:13:01.578,14658,14660,14660,1,1
2022-09-15 15:13:08.290,14658,14659,14658,24,-24
2022-09-15 15:13:09.431,14657,14658,14658,1,1
2022-09-15 15:13:09.432,14657,14658,14657,2,-2
2022-09-15 15:13:11.986,14656,14658,14656,3,-3
2022-09-15 15:13:11.987,14656,14658,14656,1,-1
2022-09-15 15:13:20.049,14655,14657,14657,1,1
2022-09-15 15:13:20.805,14655,14657,14655,1,-1
2022-09-15 15:13:25.771,14655,14656,14655,1,-1
2022-09-15 15:13:25.831,14655,14656,14656,1,1
2022-09-15 15:13:27.111,14656,14657,14656,1,-1
2022-09-15 15:13:28.528,14655,14656,14655,2,-2
2022-09-15 15:13:28.706,14655,14656,14655,1,-1
2022-09-15 15:13:30.057,14655,14656,14656,3,3
2022-09-15 15:13:30.148,14655,14657,14657,2,2
2022-09-15 15:13:34.501,14656,14657,14656,1,-1
2022-09-15 15:13:35.475,14656,14657,14657,1,1
2022-09-15 15:13:46.073,14657,14658,14657,1,-1
2022-09-15 15:13:47.370,14657,14658,14657,1,-1
2022-09-15 15:13:49.476,14657,14658,14657,1,-1
2022-09-15 15:13:49.844,14657,14658,14658,3,3
2022-09-15 15:13:52.155,14657,14658,14657,2,-2
2022-09-15 15:13:56.748,14656,14658,14656,1,-1
2022-09-15 15:14:00.926,14656,14658,14656,1,-1
2022-09-15 15:14:11.754,14656,14657,14656,2,-2
2022-09-15 15:14:11.754,14656,14657,14656,3,-3
2022-09-15 15:14:11.754,14656,14657,14656,11,-11
2022-09-15 15:14:11.836,14655,14656,14655,3,-3
2022-09-15 15:14:17.253,14654,14655,14654,1,-1
2022-09-15 15:14:17.461,14654,14655,14654,3,-3
2022-09-15 15:14:28.434,14654,14655,14654,1,-1
2022-09-15 15:14:29.791,14654,14655,14655,2,2
2022-09-15 15:14:32.388,14654,14655,14655,4,4
2022-09-15 15:14:36.114,14655,14656,14655,1,-1
2022-09-15 15:14:47.436,14654,14655,14654,1,-1
2022-09-15 15:14:52.710,14654,14655,14654,1,-1
2022-09-15 15:14:53.914,14654,14655,14655,1,1
2022-09-15 15:14:58.883,14654,14655,14655,1,1
2022-09-15 15:14:59.441,14654,14655,14655,2,2
2022-09-15 15:15:00.232,14654,14655,14655,1,1
2022-09-15 15:15:05.500,14655,14656,14656,1,1
2022-09-15 15:15:09.417,14655,14656,14656,1,1
2022-09-15 15:15:09.738,14655,14657,14657,1,1
2022-09-15 15:15:28.840,14655,14656,14656,1,1
2022-09-15 15:15:29.152,14655,14656,14656,1,1
2022-09-15 15:15:33.424,14656,14657,14656,3,-3
2022-09-15 15:15:41.602,14655,14656,14656,2,2
2022-09-15 15:15:48.009,14656,14657,14657,2,2
2022-09-15 15:15:48.012,14656,14657,14657,9,9
2022-09-15 15:15:51.471,14657,14658,14658,2,2
2022-09-15 15:15:52.831,14657,14658,14657,2,-2
2022-09-15 15:15:59.206,14657,14658,14657,1,-1
2022-09-15 15:16:00.215,14656,14657,14657,2,2
2022-09-15 15:16:00.329,14656,14658,14658,1,1
2022-09-15 15:16:00.329,14656,14658,14658,1,1
2022-09-15 15:16:01.698,14657,14658,14657,1,-1
2022-09-15 15:16:06.961,14657,14658,14657,1,-1
2022-09-15 15:16:09.571,14656,14658,14656,4,-4
2022-09-15 15:16:31.003,14656,14657,14657,1,1
2022-09-15 15:16:36.126,14656,14657,14657,1,1
2022-09-15 15:16:36.201,14656,14658,14658,1,1
2022-09-15 15:16:36.201,14656,14658,14658,1,1
2022-09-15 15:16:36.201,14656,14658,14658,1,1
2022-09-15 15:16:50.189,14657,14659,14657,2,-2
2022-09-15 15:16:50.201,14657,14659,14659,1,1
2022-09-15 15:16:50.201,14657,14659,14659,1,1
2022-09-15 15:16:51.395,14657,14659,14657,2,-2
2022-09-15 15:16:52.637,14657,14659,14659,1,1
2022-09-15 15:16:53.880,14657,14659,14657,1,-1
2022-09-15 15:16:57.375,14658,14659,14659,5,5
2022-09-15 15:17:01.001,14659,14660,14660,3,3
2022-09-15 15:17:01.385,14659,14661,14659,3,-3
2022-09-15 15:17:01.875,14659,14661,14660,2,-2
2022-09-15 15:17:03.291,14660,14661,14660,1,-1
2022-09-15 15:17:03.560,14659,14660,14660,1,1
2022-09-15 15:17:06.464,14659,14661,14661,1,1
2022-09-15 15:17:07.803,14659,14661,14661,1,1
2022-09-15 15:17:08.170,14660,14661,14661,3,3
2022-09-15 15:17:08.264,14660,14662,14660,1,-1
2022-09-15 15:17:08.374,14660,14662,14660,1,-1
2022-09-15 15:17:08.421,14660,14662,14660,1,-1
2022-09-15 15:17:09.280,14660,14661,14661,2,2
2022-09-15 15:17:17.873,14660,14661,14661,1,1
2022-09-15 15:17:18.470,14660,14661,14661,1,1
2022-09-15 15:17:20.138,14661,14662,14661,1,-1
2022-09-15 15:17:23.445,14661,14662,14661,3,-3
2022-09-15 15:17:23.486,14660,14661,14661,2,2
2022-09-15 15:17:26.554,14660,14661,14661,1,1
2022-09-15 15:17:32.297,14660,14661,14661,1,1
2022-09-15 15:17:32.297,14660,14661,14661,2,2
2022-09-15 15:17:32.300,14660,14661,14662,14,14
2022-09-15 15:17:32.312,14660,14661,14663,1,1
2022-09-15 15:17:32.360,14662,14664,14664,1,1
2022-09-15 15:17:32.361,14662,14664,14664,1,1
2022-09-15 15:17:32.514,14662,14664,14664,1,1
2022-09-15 15:17:32.560,14662,14664,14664,2,2
2022-09-15 15:17:32.677,14662,14664,14664,1,1
2022-09-15 15:17:32.742,14662,14664,14664,1,1
2022-09-15 15:17:33.488,14662,14664,14662,1,-1
2022-09-15 15:17:33.893,14662,14664,14664,1,1
2022-09-15 15:17:35.273,14662,14663,14663,1,1
2022-09-15 15:17:35.728,14662,14663,14663,1,1
2022-09-15 15:17:36.450,14663,14664,14663,3,-3
2022-09-15 15:17:37.000,14662,14663,14663,1,1
2022-09-15 15:17:37.777,14662,14663,14662,1,-1
2022-09-15 15:17:38.055,14661,14662,14661,1,-1
2022-09-15 15:17:38.055,14661,14662,14661,1,-1
2022-09-15 15:17:38.055,14661,14662,14661,1,-1
2022-09-15 15:17:38.529,14660,14661,14661,1,1
2022-09-15 15:17:44.710,14660,14662,14662,1,1
2022-09-15 15:17:48.708,14660,14661,14661,1,1
2022-09-15 15:17:51.792,14660,14661,14660,5,-5
2022-09-15 15:17:53.990,14659,14660,14659,4,-4
2022-09-15 15:17:55.822,14658,14659,14658,2,-2
2022-09-15 15:17:56.560,14658,14659,14658,2,-2
2022-09-15 15:17:57.256,14658,14659,14658,15,-15
2022-09-15 15:17:58.481,14657,14659,14659,1,1
2022-09-15 15:18:02.778,14658,14659,14658,5,-5
2022-09-15 15:18:03.139,14658,14659,14659,1,1
2022-09-15 15:18:03.887,14658,14659,14659,1,1
2022-09-15 15:18:09.643,14659,14660,14659,4,-4
2022-09-15 15:18:16.654,14659,14660,14659,2,-2
2022-09-15 15:18:22.319,14658,14659,14658,1,-1
2022-09-15 15:18:23.192,14657,14658,14657,1,-1
2022-09-15 15:18:26.748,14657,14658,14657,5,-5
2022-09-15 15:18:27.056,14657,14658,14657,5,-5
2022-09-15 15:18:29.205,14657,14658,14657,1,-1
2022-09-15 15:18:30.924,14656,14657,14657,3,3
2022-09-15 15:18:31.373,14656,14657,14657,1,1
2022-09-15 15:18:32.824,14657,14658,14657,1,-1
2022-09-15 15:18:32.824,14657,14658,14656,4,-4
2022-09-15 15:18:35.724,14657,14658,14657,3,-3
2022-09-15 15:18:36.122,14656,14657,14657,2,2
2022-09-15 15:18:36.196,14656,14657,14657,1,1
2022-09-15 15:18:36.196,14656,14657,14656,4,-4
2022-09-15 15:18:36.254,14656,14658,14656,1,-1
2022-09-15 15:18:40.009,14656,14658,14656,1,-1
2022-09-15 15:18:46.167,14657,14658,14658,2,2
2022-09-15 15:18:56.224,14657,14659,14658,1,1
2022-09-15 15:18:56.455,14657,14659,14657,1,-1
2022-09-15 15:18:58.714,14658,14659,14659,3,3
2022-09-15 15:19:00.585,14658,14660,14660,2,2
2022-09-15 15:19:02.090,14658,14660,14658,1,-1
2022-09-15 15:19:05.786,14658,14660,14658,1,-1
2022-09-15 15:19:12.074,14657,14658,14658,1,1
2022-09-15 15:19:15.104,14657,14658,14658,1,1
2022-09-15 15:19:43.399,14658,14659,14659,1,1
2022-09-15 15:19:47.670,14659,14660,14660,2,2
2022-09-15 15:19:48.113,14659,14661,14660,1,1
2022-09-15 15:19:48.382,14659,14660,14660,1,1
2022-09-15 15:19:48.382,14659,14660,14660,1,1
2022-09-15 15:19:48.382,14659,14660,14660,2,2
2022-09-15 15:19:56.554,14660,14661,14661,10,10
2022-09-15 15:19:59.328,14661,14662,14662,4,4
2022-09-15 15:19:59.328,14661,14662,14662,1,1
2022-09-15 15:19:59.745,14662,14663,14662,1,-1
2022-09-15 15:20:00.245,14662,14663,14663,15,15
2022-09-15 15:20:00.385,14662,14663,14663,4,4
2022-09-15 15:20:00.477,14662,14663,14662,1,-1
2022-09-15 15:20:00.654,14662,14663,14663,13,13
2022-09-15 15:20:00.680,14662,14663,14663,1,1
2022-09-15 15:20:01.164,14662,14664,14662,3,-3
2022-09-15 15:20:02.419,14662,14663,14662,1,-1
2022-09-15 15:20:02.419,14662,14663,14661,2,-2
2022-09-15 15:20:06.668,14662,14663,14662,1,-1
2022-09-15 15:20:06.954,14662,14663,14662,1,-1
2022-09-15 15:20:11.001,14661,14662,14662,1,1
2022-09-15 15:20:13.733,14661,14662,14661,1,-1
2022-09-15 15:20:21.573,14661,14662,14662,1,1
2022-09-15 15:20:22.263,14661,14662,14662,2,2
2022-09-15 15:20:23.970,14661,14662,14662,2,2
2022-09-15 15:20:28.636,14661,14662,14662,1,1
2022-09-15 15:20:42.681,14661,14662,14662,2,2
2022-09-15 15:20:53.091,14661,14662,14662,1,1
2022-09-15 15:20:56.843,14661,14662,14661,7,-7
2022-09-15 15:20:58.938,14660,14661,14660,2,-2
2022-09-15 15:21:07.472,14660,14661,14661,1,1
2022-09-15 15:21:09.746,14660,14662,14660,1,-1
2022-09-15 15:21:23.689,14661,14662,14661,1,-1
2022-09-15 15:21:28.807,14660,14661,14661,1,1
2022-09-15 15:21:30.095,14661,14662,14661,3,-3
2022-09-15 15:21:38.928,14661,14662,14662,9,9
2022-09-15 15:21:39.853,14662,14663,14663,5,5
2022-09-15 15:21:43.979,14661,14663,14663,1,1
2022-09-15 15:21:47.557,14661,14662,14662,1,1
2022-09-15 15:21:50.225,14661,14662,14662,1,1
2022-09-15 15:21:51.241,14661,14662,14662,7,7
2022-09-15 15:21:51.242,14661,14662,14662,2,2
2022-09-15 15:21:58.199,14662,14663,14663,1,1
2022-09-15 15:22:00.216,14662,14663,14663,3,3
2022-09-15 15:22:04.267,14662,14663,14663,1,1
2022-09-15 15:22:05.690,14663,14664,14663,3,-3
2022-09-15 15:22:06.650,14663,14664,14663,3,-3
2022-09-15 15:22:07.346,14663,14664,14663,3,-3
2022-09-15 15:22:07.717,14663,14664,14664,2,2
2022-09-15 15:22:07.847,14663,14664,14664,1,1
2022-09-15 15:22:07.959,14663,14664,14664,2,2
2022-09-15 15:22:08.779,14663,14664,14664,1,1
2022-09-15 15:22:08.977,14663,14664,14664,1,1
2022-09-15 15:22:11.680,14663,14664,14664,4,4
2022-09-15 15:22:14.483,14664,14665,14664,3,-3
2022-09-15 15:22:15.534,14664,14665,14664,1,-1
2022-09-15 15:22:16.085,14664,14665,14664,2,-2
2022-09-15 15:22:17.866,14664,14665,14664,1,-1
2022-09-15 15:22:19.613,14663,14664,14664,1,1
2022-09-15 15:22:22.299,14664,14665,14665,1,1
2022-09-15 15:22:22.330,14664,14665,14664,1,-1
2022-09-15 15:22:22.397,14664,14665,14665,1,1
2022-09-15 15:22:22.467,14664,14665,14665,1,1
2022-09-15 15:22:24.426,14664,14665,14665,1,1
2022-09-15 15:22:26.705,14664,14665,14665,2,2
2022-09-15 15:22:26.740,14664,14665,14665,2,2
2022-09-15 15:22:26.753,14664,14665,14665,2,2
2022-09-15 15:22:28.608,14664,14665,14664,3,-3
2022-09-15 15:22:29.324,14664,14665,14664,3,-3
2022-09-15 15:22:30.270,14663,14664,14664,1,1
2022-09-15 15:22:32.010,14664,14665,14664,2,-2
2022-09-15 15:22:32.011,14664,14665,14664,1,-1
2022-09-15 15:22:32.011,14664,14665,14664,2,-2
2022-09-15 15:22:32.011,14664,14665,14664,6,-6
2022-09-15 15:22:32.227,14663,14664,14663,1,-1
2022-09-15 15:22:32.270,14663,14664,14663,2,-2
2022-09-15 15:22:39.265,14662,14663,14663,1,1
2022-09-15 15:22:48.154,14662,14663,14663,1,1
2022-09-15 15:22:48.281,14662,14663,14663,1,1
2022-09-15 15:22:48.414,14662,14663,14663,1,1
2022-09-15 15:22:48.525,14662,14663,14663,1,1
2022-09-15 15:22:53.247,14662,14663,14663,1,1
2022-09-15 15:23:08.518,14663,14664,14663,2,-2
2022-09-15 15:23:12.887,14663,14664,14663,1,-1
2022-09-15 15:23:14.225,14663,14664,14663,2,-2
2022-09-15 15:23:20.210,14663,14664,14664,4,4
2022-09-15 15:23:20.380,14663,14664,14663,1,-1
2022-09-15 15:23:20.882,14663,14664,14663,2,-2
2022-09-15 15:23:20.977,14662,14664,14664,1,1
2022-09-15 15:23:25.175,14663,14664,14664,1,1
2022-09-15 15:23:30.051,14663,14664,14664,3,3
2022-09-15 15:23:30.320,14663,14664,14664,6,6
2022-09-15 15:23:32.785,14663,14665,14665,2,2
2022-09-15 15:23:35.711,14664,14665,14665,1,1
2022-09-15 15:23:35.900,14664,14665,14664,1,-1
2022-09-15 15:23:43.378,14664,14665,14665,5,5
2022-09-15 15:23:43.378,14664,14665,14665,1,1
2022-09-15 15:23:43.379,14664,14665,14665,2,2
2022-09-15 15:23:43.379,14664,14665,14665,1,1
2022-09-15 15:23:43.379,14664,14665,14665,3,3
2022-09-15 15:23:43.379,14664,14665,14665,7,7
2022-09-15 15:23:43.380,14664,14665,14665,5,5
2022-09-15 15:23:43.380,14664,14665,14665,1,1
2022-09-15 15:23:43.380,14664,14665,14665,1,1
2022-09-15 15:23:43.380,14664,14665,14665,1,1
2022-09-15 15:23:43.380,14664,14665,14665,1,1
2022-09-15 15:23:43.382,14664,14665,14665,8,8
2022-09-15 15:23:45.724,14665,14666,14665,3,-3
2022-09-15 15:23:47.697,14665,14666,14665,1,-1
2022-09-15 15:23:49.019,14665,14666,14665,3,-3
2022-09-15 15:23:49.608,14665,14666,14665,1,-1
2022-09-15 15:23:51.631,14664,14665,14665,3,3
2022-09-15 15:23:54.306,14664,14665,14665,1,1
2022-09-15 15:23:54.985,14664,14665,14665,4,4
2022-09-15 15:23:56.286,14664,14665,14665,1,1
2022-09-15 15:23:57.481,14664,14665,14665,1,1
2022-09-15 15:23:58.352,14664,14665,14665,1,1
2022-09-15 15:23:58.352,14664,14665,14665,1,1
2022-09-15 15:24:00.231,14665,14666,14666,4,4
2022-09-15 15:24:00.621,14665,14666,14666,1,1
2022-09-15 15:24:00.804,14665,14666,14666,39,39
2022-09-15 15:24:00.806,14665,14666,14667,2,2
2022-09-15 15:24:00.902,14666,14667,14667,5,5
2022-09-15 15:24:00.925,14666,14667,14667,1,1
2022-09-15 15:24:00.932,14666,14667,14667,2,2
2022-09-15 15:24:00.933,14666,14667,14667,4,4
2022-09-15 15:24:00.933,14666,14667,14667,1,1
2022-09-15 15:24:02.725,14667,14668,14667,1,-1
2022-09-15 15:24:03.561,14667,14668,14667,3,-3
2022-09-15 15:24:05.264,14667,14668,14668,1,1
2022-09-15 15:24:05.491,14667,14668,14667,1,-1
2022-09-15 15:24:06.920,14667,14668,14667,1,-1
2022-09-15 15:24:08.214,14666,14667,14667,1,1
2022-09-15 15:24:08.522,14666,14667,14667,1,1
2022-09-15 15:24:08.938,14666,14667,14667,2,2
2022-09-15 15:24:10.693,14667,14668,14668,4,4
2022-09-15 15:24:11.656,14667,14668,14667,1,-1
2022-09-15 15:24:11.761,14666,14668,14666,1,-1
2022-09-15 15:24:12.865,14666,14668,14667,3,-3
2022-09-15 15:24:14.424,14667,14668,14667,1,-1
2022-09-15 15:24:16.910,14666,14667,14667,6,6
2022-09-15 15:24:18.375,14667,14668,14667,1,-1
2022-09-15 15:24:20.213,14667,14668,14668,3,3
2022-09-15 15:24:21.160,14667,14668,14668,2,2
2022-09-15 15:24:21.639,14667,14668,14668,1,1
2022-09-15 15:24:21.894,14667,14668,14668,3,3
2022-09-15 15:24:22.905,14667,14668,14668,1,1
2022-09-15 15:24:25.107,14667,14668,14668,1,1
2022-09-15 15:24:26.002,14667,14668,14667,3,-3
2022-09-15 15:24:29.367,14667,14668,14667,3,-3
2022-09-15 15:24:29.368,14667,14668,14667,1,-1
2022-09-15 15:24:31.122,14666,14667,14667,1,1
2022-09-15 15:24:34.305,14666,14667,14667,2,2
2022-09-15 15:24:34.920,14666,14667,14667,1,1
2022-09-15 15:24:37.099,14666,14667,14667,1,1
2022-09-15 15:24:38.862,14666,14667,14666,1,-1
2022-09-15 15:24:38.862,14666,14667,14666,2,-2
2022-09-15 15:24:38.862,14666,14667,14666,2,-2
2022-09-15 15:24:38.862,14666,14667,14666,1,-1
2022-09-15 15:24:39.284,14665,14666,14665,4,-4
2022-09-15 15:24:42.144,14664,14665,14665,2,2
2022-09-15 15:24:44.017,14664,14665,14665,1,1
2022-09-15 15:24:46.049,14664,14665,14665,1,1
2022-09-15 15:24:47.157,14664,14665,14665,1,1
2022-09-15 15:24:51.437,14664,14665,14665,3,3
2022-09-15 15:24:52.047,14665,14666,14666,2,2
2022-09-15 15:24:52.047,14665,14666,14666,1,1
2022-09-15 15:24:52.047,14665,14666,14666,3,3
2022-09-15 15:24:56.276,14666,14667,14667,3,3
2022-09-15 15:24:58.236,14667,14668,14667,2,-2
2022-09-15 15:25:07.281,14666,14667,14667,10,10
2022-09-15 15:25:07.282,14666,14667,14667,1,1
2022-09-15 15:25:07.282,14666,14667,14667,1,1
2022-09-15 15:25:07.484,14667,14668,14668,1,1
2022-09-15 15:25:07.562,14667,14668,14668,1,1
2022-09-15 15:25:07.587,14667,14668,14668,1,1
2022-09-15 15:25:07.613,14667,14668,14668,1,1
2022-09-15 15:25:07.621,14667,14668,14668,1,1
2022-09-15 15:25:07.657,14667,14668,14668,1,1
2022-09-15 15:25:07.672,14667,14668,14668,1,1
2022-09-15 15:25:07.704,14667,14669,14669,1,1
2022-09-15 15:25:07.711,14667,14669,14669,1,1
2022-09-15 15:25:07.719,14667,14669,14669,1,1
2022-09-15 15:25:07.736,14667,14669,14669,1,1
2022-09-15 15:25:07.746,14667,14669,14669,1,1
2022-09-15 15:25:07.754,14667,14669,14669,1,1
2022-09-15 15:25:07.800,14667,14669,14669,1,1
2022-09-15 15:25:07.800,14667,14669,14669,1,1
2022-09-15 15:25:07.972,14667,14669,14669,1,1
2022-09-15 15:25:08.012,14667,14669,14669,3,3
2022-09-15 15:25:08.039,14667,14669,14669,1,1
2022-09-15 15:25:09.982,14667,14668,14668,1,1
2022-09-15 15:25:11.991,14667,14668,14667,13,-13
2022-09-15 15:25:12.196,14666,14667,14668,1,1
2022-09-15 15:25:15.862,14667,14668,14668,4,4
2022-09-15 15:25:15.862,14667,14668,14669,6,6
2022-09-15 15:25:19.396,14667,14668,14668,1,1
2022-09-15 15:25:19.396,14667,14668,14668,1,1
2022-09-15 15:25:21.849,14668,14669,14668,1,-1
2022-09-15 15:25:23.103,14667,14668,14668,1,1
2022-09-15 15:25:26.627,14668,14669,14668,2,-2
2022-09-15 15:25:27.285,14667,14668,14667,5,-5
2022-09-15 15:25:27.903,14667,14668,14667,1,-1
2022-09-15 15:25:32.810,14667,14668,14667,3,-3
2022-09-15 15:25:32.810,14667,14668,14666,23,-23
2022-09-15 15:25:33.400,14665,14666,14666,5,5
2022-09-15 15:25:36.435,14665,14666,14666,1,1
2022-09-15 15:25:36.435,14665,14666,14666,5,5
2022-09-15 15:25:38.616,14666,14668,14666,1,-1
2022-09-15 15:25:39.493,14666,14668,14668,2,2
2022-09-15 15:25:42.231,14667,14668,14668,1,1
2022-09-15 15:25:42.233,14667,14668,14668,1,1
2022-09-15 15:25:42.233,14667,14668,14668,8,8
2022-09-15 15:25:44.689,14668,14669,14668,5,-5
2022-09-15 15:25:45.398,14667,14668,14668,1,1
2022-09-15 15:25:46.503,14667,14668,14668,1,1
2022-09-15 15:25:47.804,14667,14668,14667,12,-12
2022-09-15 15:25:52.635,14666,14667,14667,1,1
2022-09-15 15:25:52.654,14666,14667,14667,1,1
2022-09-15 15:25:56.292,14666,14667,14667,1,1
2022-09-15 15:25:57.340,14666,14667,14667,1,1
2022-09-15 15:25:57.491,14666,14667,14667,1,1
2022-09-15 15:25:57.559,14666,14667,14667,1,1
2022-09-15 15:26:00.204,14666,14667,14667,6,6
2022-09-15 15:26:06.257,14666,14667,14666,1,-1
2022-09-15 15:26:06.326,14666,14667,14667,1,1
2022-09-15 15:26:07.879,14666,14667,14666,1,-1
2022-09-15 15:26:27.731,14666,14667,14667,1,1
2022-09-15 15:26:28.688,14666,14667,14666,1,-1
2022-09-15 15:26:28.701,14666,14667,14667,1,1
2022-09-15 15:26:28.701,14666,14667,14667,1,1
2022-09-15 15:26:30.555,14666,14667,14667,1,1
2022-09-15 15:26:30.771,14666,14667,14667,1,1
2022-09-15 15:26:30.825,14666,14667,14667,1,1
2022-09-15 15:26:31.134,14666,14667,14667,4,4
2022-09-15 15:26:34.110,14666,14667,14667,2,2
2022-09-15 15:26:34.697,14666,14667,14667,1,1
2022-09-15 15:26:37.303,14666,14667,14667,4,4
2022-09-15 15:26:37.303,14666,14667,14668,1,1
2022-09-15 15:26:40.212,14666,14668,14668,1,1
2022-09-15 15:26:43.809,14667,14668,14668,1,1
2022-09-15 15:26:49.945,14667,14668,14668,1,1
2022-09-15 15:26:49.973,14667,14668,14668,10,10
2022-09-15 15:26:49.974,14667,14668,14668,2,2
2022-09-15 15:26:49.974,14667,14668,14668,8,8
2022-09-15 15:26:49.974,14667,14668,14668,1,1
2022-09-15 15:26:50.487,14668,14669,14669,8,8
2022-09-15 15:26:51.053,14668,14669,14669,1,1
2022-09-15 15:26:51.057,14668,14669,14669,3,3
2022-09-15 15:26:53.947,14668,14669,14669,1,1
2022-09-15 15:26:54.444,14668,14670,14670,1,1
2022-09-15 15:26:54.461,14668,14670,14670,1,1
2022-09-15 15:26:54.533,14668,14670,14670,1,1
2022-09-15 15:26:54.603,14668,14670,14670,1,1
2022-09-15 15:26:57.544,14668,14669,14669,1,1
2022-09-15 15:27:00.227,14668,14669,14669,1,1
2022-09-15 15:27:04.418,14668,14669,14668,2,-2
2022-09-15 15:27:04.418,14668,14669,14668,1,-1
2022-09-15 15:27:04.419,14668,14669,14668,7,-7
2022-09-15 15:27:04.419,14668,14669,14668,1,-1
2022-09-15 15:27:04.419,14668,14669,14668,1,-1
2022-09-15 15:27:04.420,14668,14669,14668,1,-1
2022-09-15 15:27:04.420,14668,14669,14668,2,-2
2022-09-15 15:27:05.060,14667,14668,14668,1,1
2022-09-15 15:27:09.483,14667,14669,14669,2,2
2022-09-15 15:27:14.481,14667,14668,14668,3,3
2022-09-15 15:27:14.482,14667,14668,14668,4,4
2022-09-15 15:27:16.275,14667,14669,14669,1,1
2022-09-15 15:27:16.795,14667,14669,14669,1,1
2022-09-15 15:27:16.929,14667,14669,14667,1,-1
2022-09-15 15:27:27.124,14667,14668,14668,1,1
2022-09-15 15:27:27.516,14667,14668,14668,1,1
2022-09-15 15:27:33.581,14667,14668,14668,1,1
2022-09-15 15:27:33.582,14667,14668,14668,1,1
2022-09-15 15:27:35.978,14667,14668,14667,16,-16
2022-09-15 15:27:39.735,14666,14667,14667,1,1
2022-09-15 15:27:40.119,14666,14667,14667,3,3
2022-09-15 15:27:43.608,14666,14667,14667,2,2
2022-09-15 15:27:47.956,14667,14668,14667,1,-1
2022-09-15 15:27:48.637,14667,14668,14668,2,2
2022-09-15 15:27:48.787,14667,14669,14667,1,-1
2022-09-15 15:27:50.314,14667,14668,14667,1,-1
2022-09-15 15:27:51.995,14667,14668,14667,1,-1
2022-09-15 15:27:53.166,14667,14669,14668,1,-1
2022-09-15 15:27:54.142,14667,14669,14667,1,-1
2022-09-15 15:27:56.090,14667,14669,14667,1,-1
2022-09-15 15:28:00.864,14667,14669,14669,2,2
2022-09-15 15:28:01.294,14668,14669,14669,8,8
2022-09-15 15:28:09.769,14669,14670,14670,4,4
2022-09-15 15:28:10.845,14669,14670,14670,2,2
2022-09-15 15:28:11.600,14669,14670,14670,2,2
2022-09-15 15:28:13.369,14669,14670,14670,1,1
2022-09-15 15:28:16.355,14669,14670,14669,1,-1
2022-09-15 15:28:17.833,14669,14670,14670,5,5
2022-09-15 15:28:20.165,14669,14670,14670,3,3
2022-09-15 15:28:20.338,14669,14670,14669,1,-1
2022-09-15 15:28:23.968,14669,14670,14669,1,-1
2022-09-15 15:28:28.171,14669,14670,14669,1,-1
2022-09-15 15:28:34.791,14669,14670,14669,1,-1
2022-09-15 15:28:36.083,14669,14670,14669,1,-1
2022-09-15 15:28:40.216,14668,14669,14669,1,1
2022-09-15 15:28:40.409,14668,14669,14669,1,1
2022-09-15 15:28:42.826,14667,14669,14669,1,1
2022-09-15 15:28:44.035,14667,14669,14667,1,-1
2022-09-15 15:28:44.599,14667,14668,14668,1,1
2022-09-15 15:28:53.712,14667,14668,14667,9,-9
2022-09-15 15:28:57.068,14666,14667,14667,1,1
2022-09-15 15:29:00.233,14666,14667,14667,5,5
2022-09-15 15:29:00.244,14666,14667,14667,1,1
2022-09-15 15:29:00.392,14666,14668,14667,1,1
2022-09-15 15:29:01.689,14666,14667,14667,1,1
2022-09-15 15:29:05.161,14667,14668,14667,1,-1
2022-09-15 15:29:21.625,14666,14667,14666,1,-1
2022-09-15 15:29:21.975,14666,14667,14667,1,1
2022-09-15 15:29:27.000,14666,14667,14666,2,-2
2022-09-15 15:29:27.000,14666,14667,14666,5,-5
2022-09-15 15:29:28.400,14665,14666,14666,4,4
2022-09-15 15:29:28.400,14665,14666,14666,1,1
2022-09-15 15:29:32.424,14665,14666,14666,5,5
2022-09-15 15:29:38.869,14665,14666,14666,1,1
2022-09-15 15:29:46.397,14665,14666,14665,2,-2
2022-09-15 15:29:46.397,14665,14666,14665,8,-8
2022-09-15 15:29:46.526,14664,14665,14664,2,-2
2022-09-15 15:29:46.597,14664,14665,14665,1,1
2022-09-15 15:29:47.984,14664,14666,14665,1,1
2022-09-15 15:29:55.001,14665,14666,14665,1,-1
2022-09-15 15:29:57.666,14665,14666,14665,1,-1
2022-09-15 15:29:57.666,14665,14666,14664,1,-1
2022-09-15 15:29:58.031,14664,14666,14665,1,-1
2022-09-15 15:29:58.616,14664,14666,14664,2,-2
2022-09-15 15:30:00.053,14664,14666,14664,2,-2
2022-09-15 15:30:00.352,14664,14666,14666,1,1
2022-09-15 15:30:00.373,14664,14666,14666,5,5
2022-09-15 15:30:00.391,14664,14666,14666,1,1
2022-09-15 15:30:00.544,14665,14666,14665,1,-1
2022-09-15 15:30:01.387,14665,14666,14666,1,1
2022-09-15 15:30:01.387,14665,14666,14666,1,1
2022-09-15 15:30:02.206,14665,14666,14665,1,-1
2022-09-15 15:30:02.482,14665,14666,14666,4,4
2022-09-15 15:30:02.501,14665,14666,14667,6,6
2022-09-15 15:30:03.223,14666,14667,14666,1,-1
2022-09-15 15:30:05.592,14666,14667,14666,5,-5
2022-09-15 15:30:06.326,14666,14667,14667,1,1
2022-09-15 15:30:07.386,14666,14668,14666,1,-1
2022-09-15 15:30:09.457,14666,14668,14666,5,-5
2022-09-15 15:30:12.565,14666,14667,14666,1,-1
2022-09-15 15:30:12.565,14666,14667,14666,3,-3
2022-09-15 15:30:16.160,14664,14666,14666,1,1
2022-09-15 15:30:19.726,14664,14665,14664,1,-1
2022-09-15 15:30:23.325,14664,14665,14664,4,-4
2022-09-15 15:30:27.634,14664,14665,14665,1,1
2022-09-15 15:30:32.267,14665,14666,14665,1,-1
2022-09-15 15:30:35.558,14665,14666,14665,1,-1
2022-09-15 15:30:41.097,14665,14666,14665,1,-1
2022-09-15 15:30:41.305,14665,14666,14666,1,1
2022-09-15 15:30:42.195,14665,14666,14666,1,1
2022-09-15 15:30:42.195,14665,14666,14666,4,4
2022-09-15 15:30:44.008,14666,14667,14667,3,3
2022-09-15 15:30:54.003,14666,14667,14667,1,1
2022-09-15 15:30:57.703,14666,14667,14667,1,1
2022-09-15 15:30:58.591,14666,14667,14666,1,-1
2022-09-15 15:31:00.270,14665,14667,14666,1,-1
2022-09-15 15:31:00.270,14665,14667,14667,1,1
2022-09-15 15:31:10.096,14666,14667,14666,1,-1
2022-09-15 15:31:10.096,14666,14667,14666,1,-1
2022-09-15 15:31:10.096,14666,14667,14666,1,-1
2022-09-15 15:31:12.516,14665,14666,14666,1,1
2022-09-15 15:31:16.113,14665,14666,14666,1,1
2022-09-15 15:31:16.204,14665,14666,14666,2,2
2022-09-15 15:31:20.113,14665,14666,14666,4,4
2022-09-15 15:31:20.776,14666,14667,14666,1,-1
2022-09-15 15:31:32.104,14666,14667,14666,1,-1
2022-09-15 15:31:33.380,14666,14667,14666,1,-1
2022-09-15 15:31:33.381,14666,14667,14666,2,-2
2022-09-15 15:31:33.381,14666,14667,14666,5,-5
2022-09-15 15:31:33.381,14666,14667,14666,4,-4
2022-09-15 15:31:33.381,14666,14667,14666,4,-4
2022-09-15 15:31:33.381,14666,14667,14666,1,-1
2022-09-15 15:31:33.381,14666,14667,14666,3,-3
2022-09-15 15:31:37.456,14665,14666,14665,1,-1
2022-09-15 15:31:38.478,14665,14666,14665,1,-1
2022-09-15 15:31:38.478,14665,14666,14665,6,-6
2022-09-15 15:31:38.478,14665,14666,14665,2,-2
2022-09-15 15:31:38.478,14665,14666,14665,1,-1
2022-09-15 15:31:38.479,14665,14666,14665,1,-1
2022-09-15 15:31:38.479,14665,14666,14665,4,-4
2022-09-15 15:31:38.479,14665,14666,14665,1,-1
2022-09-15 15:31:38.479,14665,14666,14665,5,-5
2022-09-15 15:32:01.686,14664,14665,14665,4,4
2022-09-15 15:32:11.256,14665,14666,14666,2,2
2022-09-15 15:32:12.757,14665,14666,14665,2,-2
2022-09-15 15:32:18.586,14665,14666,14665,3,-3
2022-09-15 15:32:18.586,14665,14666,14665,2,-2
2022-09-15 15:32:18.586,14665,14666,14665,2,-2
2022-09-15 15:32:18.586,14665,14666,14665,14,-14
2022-09-15 15:32:18.927,14664,14665,14665,1,1
2022-09-15 15:32:25.818,14664,14665,14664,1,-1
2022-09-15 15:32:25.983,14664,14665,14665,4,4
2022-09-15 15:32:28.183,14664,14665,14664,1,-1
2022-09-15 15:32:34.367,14664,14665,14664,2,-2
2022-09-15 15:32:35.117,14664,14665,14664,2,-2
2022-09-15 15:32:38.545,14664,14665,14664,1,-1
2022-09-15 15:32:41.622,14663,14664,14664,1,1
2022-09-15 15:32:43.209,14664,14665,14665,2,2
2022-09-15 15:32:43.209,14664,14665,14665,2,2
2022-09-15 15:32:50.517,14664,14665,14665,1,1
2022-09-15 15:32:50.517,14664,14665,14665,3,3
2022-09-15 15:32:50.518,14664,14665,14665,1,1
2022-09-15 15:32:53.201,14665,14666,14666,1,1
2022-09-15 15:32:53.202,14665,14666,14666,1,1
2022-09-15 15:32:53.202,14665,14666,14666,5,5
2022-09-15 15:32:56.853,14666,14667,14666,2,-2
2022-09-15 15:32:59.611,14666,14667,14667,1,1
2022-09-15 15:32:59.945,14666,14667,14666,1,-1
2022-09-15 15:33:02.426,14666,14667,14666,2,-2
2022-09-15 15:33:03.541,14666,14667,14667,1,1
2022-09-15 15:33:04.788,14666,14667,14666,3,-3
2022-09-15 15:33:06.991,14666,14667,14666,4,-4
2022-09-15 15:33:08.106,14666,14667,14667,17,17
2022-09-15 15:33:08.107,14666,14667,14667,1,1
2022-09-15 15:33:08.107,14666,14667,14667,2,2
2022-09-15 15:33:08.107,14666,14667,14667,3,3
2022-09-15 15:33:08.107,14666,14667,14667,5,5
2022-09-15 15:33:23.858,14667,14668,14668,1,1
2022-09-15 15:33:23.858,14667,14668,14668,1,1
2022-09-15 15:33:23.858,14667,14668,14668,5,5
2022-09-15 15:33:23.858,14667,14668,14668,1,1
2022-09-15 15:33:23.858,14667,14668,14668,4,4
2022-09-15 15:33:23.940,14667,14668,14668,1,1
2022-09-15 15:33:29.320,14668,14669,14668,1,-1
2022-09-15 15:33:29.568,14667,14669,14667,1,-1
2022-09-15 15:33:32.621,14667,14668,14668,1,1
2022-09-15 15:33:33.457,14667,14668,14668,1,1
2022-09-15 15:33:38.698,14667,14668,14667,2,-2
2022-09-15 15:33:38.698,14667,14668,14667,9,-9
2022-09-15 15:33:38.698,14667,14668,14667,9,-9
2022-09-15 15:33:38.698,14667,14668,14667,2,-2
2022-09-15 15:33:38.698,14667,14668,14667,2,-2
2022-09-15 15:33:38.698,14667,14668,14667,1,-1
2022-09-15 15:33:45.561,14667,14668,14668,1,1
2022-09-15 15:34:00.252,14667,14668,14668,1,1
2022-09-15 15:34:01.558,14667,14668,14668,1,1
2022-09-15 15:34:06.192,14668,14669,14668,5,-5
2022-09-15 15:34:09.164,14667,14669,14667,1,-1
2022-09-15 15:34:11.100,14668,14669,14669,1,1
2022-09-15 15:34:11.101,14668,14669,14669,2,2
2022-09-15 15:34:11.101,14668,14669,14669,1,1
2022-09-15 15:34:11.101,14668,14669,14669,5,5
2022-09-15 15:34:13.443,14669,14670,14669,1,-1
2022-09-15 15:34:17.268,14668,14670,14670,1,1
2022-09-15 15:34:17.335,14668,14670,14670,1,1
2022-09-15 15:34:25.646,14669,14670,14669,1,-1
2022-09-15 15:34:28.997,14669,14670,14670,2,2
2022-09-15 15:34:29.103,14669,14670,14669,1,-1
2022-09-15 15:34:30.711,14669,14670,14670,1,1
2022-09-15 15:34:30.817,14669,14670,14670,1,1
2022-09-15 15:34:30.872,14669,14670,14670,1,1
2022-09-15 15:34:33.780,14669,14670,14670,1,1
2022-09-15 15:34:36.869,14669,14670,14670,3,3
2022-09-15 15:34:38.360,14669,14670,14669,1,-1
2022-09-15 15:34:44.928,14669,14670,14669,1,-1
2022-09-15 15:34:48.900,14669,14670,14669,1,-1
2022-09-15 15:34:49.858,14669,14670,14670,1,1
2022-09-15 15:34:51.131,14669,14670,14670,1,1
2022-09-15 15:34:51.313,14669,14670,14670,1,1
2022-09-15 15:34:52.045,14669,14670,14670,1,1
2022-09-15 15:34:55.964,14669,14670,14670,1,1
2022-09-15 15:35:00.252,14669,14670,14669,1,-1
2022-09-15 15:35:12.593,14668,14669,14668,9,-9
2022-09-15 15:35:15.435,14666,14668,14668,1,1
2022-09-15 15:35:17.510,14667,14668,14667,1,-1
2022-09-15 15:35:23.686,14666,14667,14666,1,-1
2022-09-15 15:35:23.687,14666,14667,14666,11,-11
2022-09-15 15:35:27.842,14665,14666,14666,4,4
2022-09-15 15:35:32.132,14666,14667,14667,2,2
2022-09-15 15:35:34.531,14666,14668,14666,2,-2
2022-09-15 15:35:51.815,14666,14667,14667,4,4
2022-09-15 15:35:53.122,14666,14668,14666,1,-1
2022-09-15 15:35:53.201,14666,14668,14668,1,1
2022-09-15 15:35:53.202,14666,14668,14668,1,1
2022-09-15 15:36:06.755,14667,14668,14667,1,-1
2022-09-15 15:36:08.107,14666,14667,14667,1,1
2022-09-15 15:36:10.892,14667,14668,14667,2,-2
2022-09-15 15:36:11.026,14667,14668,14667,1,-1
2022-09-15 15:36:12.284,14666,14668,14668,1,1
2022-09-15 15:36:13.270,14667,14668,14667,2,-2
2022-09-15 15:36:18.649,14666,14668,14666,2,-2
2022-09-15 15:36:18.952,14666,14667,14666,1,-1
2022-09-15 15:36:18.953,14666,14667,14666,1,-1
2022-09-15 15:36:18.953,14666,14667,14666,8,-8
2022-09-15 15:36:18.953,14666,14667,14666,1,-1
2022-09-15 15:36:19.399,14665,14666,14665,2,-2
2022-09-15 15:36:19.971,14665,14666,14666,2,2
2022-09-15 15:36:21.591,14665,14666,14665,3,-3
2022-09-15 15:36:25.029,14664,14665,14664,1,-1
2022-09-15 15:36:28.198,14664,14665,14665,4,4
2022-09-15 15:36:29.066,14665,14666,14665,1,-1
2022-09-15 15:36:35.889,14665,14666,14665,1,-1
2022-09-15 15:36:36.129,14665,14666,14665,1,-1
2022-09-15 15:36:39.015,14665,14666,14665,1,-1
2022-09-15 15:36:39.934,14665,14666,14665,1,-1
2022-09-15 15:36:43.592,14665,14666,14665,2,-2
2022-09-15 15:36:49.698,14665,14666,14665,1,-1
2022-09-15 15:36:50.731,14665,14666,14665,1,-1
2022-09-15 15:36:55.449,14665,14666,14665,1,-1
2022-09-15 15:36:57.710,14665,14666,14665,1,-1
2022-09-15 15:36:59.627,14665,14666,14665,1,-1
2022-09-15 15:37:02.676,14665,14666,14665,1,-1
2022-09-15 15:37:03.438,14665,14666,14666,2,2
2022-09-15 15:37:03.517,14665,14666,14665,12,-12
2022-09-15 15:37:03.539,14665,14666,14665,2,-2
2022-09-15 15:37:09.755,14664,14665,14665,1,1
2022-09-15 15:37:11.276,14664,14666,14664,3,-3
2022-09-15 15:37:14.544,14665,14666,14666,2,2
2022-09-15 15:37:16.190,14665,14666,14666,1,1
2022-09-15 15:37:34.420,14666,14667,14666,1,-1
2022-09-15 15:37:44.824,14666,14667,14666,1,-1
2022-09-15 15:37:48.742,14665,14666,14665,3,-3
2022-09-15 15:37:48.742,14665,14666,14665,2,-2
2022-09-15 15:37:48.742,14665,14666,14665,1,-1
2022-09-15 15:37:48.742,14665,14666,14665,1,-1
2022-09-15 15:37:48.742,14665,14666,14665,1,-1
2022-09-15 15:37:50.675,14664,14665,14665,3,3
2022-09-15 15:38:04.232,14664,14665,14664,1,-1
2022-09-15 15:38:04.232,14664,14665,14664,1,-1
2022-09-15 15:38:08.763,14663,14665,14663,4,-4
2022-09-15 15:38:11.190,14663,14664,14664,2,2
2022-09-15 15:38:16.249,14664,14665,14664,2,-2
2022-09-15 15:38:16.249,14664,14665,14664,2,-2
2022-09-15 15:38:16.252,14664,14665,14663,1,-1
2022-09-15 15:38:16.262,14664,14665,14663,2,-2
2022-09-15 15:38:16.262,14664,14665,14663,4,-4
2022-09-15 15:38:16.262,14664,14665,14663,1,-1
2022-09-15 15:38:16.263,14664,14665,14662,3,-3
2022-09-15 15:38:16.263,14664,14665,14662,2,-2
2022-09-15 15:38:17.193,14662,14664,14662,1,-1
2022-09-15 15:38:20.522,14662,14664,14662,1,-1
2022-09-15 15:38:21.347,14662,14664,14662,1,-1
2022-09-15 15:38:22.621,14662,14664,14662,1,-1
2022-09-15 15:38:31.274,14662,14663,14662,1,-1
2022-09-15 15:38:32.498,14662,14663,14662,1,-1
2022-09-15 15:38:33.981,14662,14663,14662,2,-2
2022-09-15 15:38:39.487,14662,14663,14662,1,-1
2022-09-15 15:38:39.892,14662,14663,14663,1,1
2022-09-15 15:38:39.893,14662,14663,14663,5,5
2022-09-15 15:38:47.450,14662,14663,14663,1,1
2022-09-15 15:38:59.735,14663,14664,14663,1,-1
2022-09-15 15:39:02.825,14662,14664,14662,1,-1
2022-09-15 15:39:06.219,14662,14663,14663,1,1
2022-09-15 15:39:06.732,14663,14664,14663,1,-1
2022-09-15 15:39:15.717,14662,14663,14662,1,-1
2022-09-15 15:39:28.078,14662,14663,14663,5,5
2022-09-15 15:39:29.082,14663,14664,14663,1,-1
2022-09-15 15:39:55.143,14663,14664,14663,1,-1
2022-09-15 15:39:59.152,14663,14664,14664,1,1
2022-09-15 15:39:59.152,14663,14664,14664,1,1
2022-09-15 15:39:59.152,14663,14664,14664,10,10
2022-09-15 15:40:02.257,14664,14665,14665,1,1
2022-09-15 15:40:02.267,14664,14665,14665,2,2
2022-09-15 15:40:02.267,14664,14665,14665,2,2
2022-09-15 15:40:20.496,14665,14666,14665,1,-1
2022-09-15 15:40:23.800,14664,14665,14664,3,-3
2022-09-15 15:40:34.574,14663,14664,14664,1,1
2022-09-15 15:40:34.574,14663,14664,14664,1,1
2022-09-15 15:40:34.574,14663,14664,14664,2,2
2022-09-15 15:40:36.776,14664,14665,14664,6,-6
2022-09-15 15:40:40.721,14664,14665,14665,3,3
2022-09-15 15:41:00.219,14664,14665,14665,1,1
2022-09-15 15:41:01.926,14664,14665,14664,1,-1
2022-09-15 15:41:07.598,14663,14664,14663,3,-3
2022-09-15 15:41:17.698,14662,14663,14663,1,1
2022-09-15 15:41:17.699,14662,14663,14663,1,1
2022-09-15 15:41:17.699,14662,14663,14663,1,1
2022-09-15 15:41:22.042,14663,14664,14663,1,-1
2022-09-15 15:41:25.662,14663,14664,14664,2,2
2022-09-15 15:41:25.708,14663,14664,14663,1,-1
2022-09-15 15:41:31.140,14663,14664,14663,1,-1
2022-09-15 15:41:48.484,14663,14664,14663,2,-2
2022-09-15 15:41:49.800,14662,14664,14664,1,1
2022-09-15 15:42:02.748,14662,14663,14663,1,1
2022-09-15 15:42:04.533,14662,14663,14662,2,-2
2022-09-15 15:42:04.533,14662,14663,14662,6,-6
2022-09-15 15:42:04.533,14662,14663,14662,1,-1
2022-09-15 15:42:04.533,14662,14663,14662,2,-2
2022-09-15 15:42:06.976,14661,14662,14662,1,1
2022-09-15 15:42:07.352,14661,14662,14662,3,3
2022-09-15 15:42:09.436,14661,14662,14661,1,-1
2022-09-15 15:42:09.587,14661,14662,14661,2,-2
2022-09-15 15:42:10.208,14661,14662,14662,1,1
2022-09-15 15:42:17.879,14661,14662,14662,1,1
2022-09-15 15:42:23.676,14661,14662,14661,1,-1
2022-09-15 15:42:26.202,14661,14662,14662,1,1
2022-09-15 15:42:26.202,14661,14662,14662,3,3
2022-09-15 15:42:28.967,14662,14664,14662,1,-1
2022-09-15 15:42:34.322,14662,14664,14662,1,-1
2022-09-15 15:42:49.859,14662,14663,14662,1,-1
2022-09-15 15:42:59.782,14662,14663,14663,1,1
2022-09-15 15:43:01.860,14662,14663,14663,1,1
2022-09-15 15:43:08.166,14662,14663,14663,1,1
2022-09-15 15:43:10.076,14662,14663,14663,1,1
2022-09-15 15:43:13.581,14662,14663,14662,1,-1
2022-09-15 15:43:19.581,14662,14663,14662,1,-1
2022-09-15 15:43:20.161,14661,14662,14661,2,-2
2022-09-15 15:43:32.347,14661,14662,14661,1,-1
2022-09-15 15:43:36.272,14661,14662,14661,1,-1
2022-09-15 15:43:49.116,14661,14662,14661,10,-10
2022-09-15 15:43:52.032,14660,14661,14661,1,1
2022-09-15 15:43:52.284,14660,14661,14660,1,-1
2022-09-15 15:43:53.489,14660,14661,14660,1,-1
2022-09-15 15:43:59.147,14660,14661,14660,4,-4
2022-09-15 15:43:59.755,14660,14661,14661,4,4
2022-09-15 15:44:00.756,14660,14661,14660,2,-2
2022-09-15 15:44:09.018,14660,14661,14660,1,-1
2022-09-15 15:44:10.527,14660,14661,14660,1,-1
2022-09-15 15:44:26.287,14660,14661,14660,3,-3
2022-09-15 15:44:42.612,14660,14661,14661,1,1
2022-09-15 15:44:45.586,14660,14661,14660,1,-1
2022-09-15 15:44:46.783,14660,14661,14660,12,-12
2022-09-15 15:44:46.783,14660,14661,14660,3,-3
2022-09-15 15:44:47.157,14659,14660,14659,1,-1
2022-09-15 15:44:47.157,14659,14660,14659,3,-3
2022-09-15 15:44:47.292,14658,14659,14658,1,-1
2022-09-15 15:44:47.341,14658,14659,14658,1,-1
2022-09-15 15:44:47.352,14658,14659,14659,1,1
2022-09-15 15:44:47.354,14658,14659,14658,1,-1
2022-09-15 15:44:47.654,14658,14660,14658,1,-1
2022-09-15 15:44:54.025,14658,14659,14658,2,-2
2022-09-15 15:44:54.025,14658,14659,14658,4,-4
2022-09-15 15:44:56.751,14658,14659,14658,1,-1
2022-09-15 15:44:59.713,14658,14659,14658,1,-1
2022-09-15 15:45:01.187,14658,14659,14658,1,-1
2022-09-15 15:45:01.262,14658,14659,14658,1,-1
2022-09-15 15:45:01.492,14658,14659,14658,8,-8
2022-09-15 15:45:04.220,14658,14659,14659,1,1
2022-09-15 15:45:05.163,14658,14659,14659,2,2
2022-09-15 15:45:05.289,14659,14660,14659,1,-1
2022-09-15 15:45:11.440,14659,14660,14659,1,-1
2022-09-15 15:45:18.502,14659,14660,14659,4,-4
2022-09-15 15:45:24.456,14659,14660,14659,1,-1
2022-09-15 15:45:24.766,14658,14660,14660,1,1
2022-09-15 15:45:24.790,14658,14660,14659,1,1
2022-09-15 15:45:25.294,14659,14660,14659,1,-1
2022-09-15 15:45:30.743,14658,14659,14659,1,1
2022-09-15 15:45:42.199,14659,14660,14659,3,-3
2022-09-15 15:45:50.759,14659,14660,14659,2,-2
2022-09-15 15:45:50.759,14659,14660,14658,1,-1
2022-09-15 15:45:55.331,14659,14660,14659,2,-2
2022-09-15 15:46:00.236,14659,14660,14660,2,2
2022-09-15 15:46:08.356,14660,14661,14661,1,1
2022-09-15 15:46:08.357,14660,14661,14661,2,2
2022-09-15 15:46:08.357,14660,14661,14661,1,1
2022-09-15 15:46:12.505,14660,14661,14661,1,1
2022-09-15 15:46:14.760,14660,14661,14661,1,1
2022-09-15 15:46:25.342,14661,14662,14662,12,12
2022-09-15 15:46:31.721,14661,14662,14662,1,1
2022-09-15 15:46:39.122,14661,14662,14662,1,1
2022-09-15 15:46:41.340,14661,14662,14661,2,-2
2022-09-15 15:46:56.323,14661,14662,14661,1,-1
2022-09-15 15:47:00.210,14661,14662,14662,1,1
2022-09-15 15:47:05.755,14661,14662,14662,1,1
2022-09-15 15:47:05.769,14661,14662,14663,1,1
2022-09-15 15:47:06.121,14662,14663,14663,1,1
2022-09-15 15:47:06.391,14663,14664,14664,1,1
2022-09-15 15:47:06.502,14663,14665,14663,1,-1
2022-09-15 15:47:07.061,14663,14665,14663,2,-2
2022-09-15 15:47:09.398,14662,14664,14664,1,1
2022-09-15 15:47:10.645,14662,14664,14664,1,1
2022-09-15 15:47:12.270,14663,14665,14663,1,-1
2022-09-15 15:47:13.935,14664,14665,14665,6,6
2022-09-15 15:47:15.034,14664,14665,14664,2,-2
2022-09-15 15:47:15.507,14664,14665,14664,1,-1
2022-09-15 15:47:18.472,14664,14665,14665,4,4
2022-09-15 15:47:18.472,14664,14665,14665,1,1
2022-09-15 15:47:18.473,14664,14665,14665,3,3
2022-09-15 15:47:18.487,14664,14665,14666,2,2
2022-09-15 15:47:18.698,14665,14666,14666,1,1
2022-09-15 15:47:19.532,14665,14666,14666,4,4
2022-09-15 15:47:20.807,14666,14667,14666,1,-1
2022-09-15 15:47:21.788,14666,14667,14667,1,1
2022-09-15 15:47:21.789,14666,14667,14667,1,1
2022-09-15 15:47:21.867,14666,14667,14667,1,1
2022-09-15 15:47:21.902,14666,14667,14668,1,1
2022-09-15 15:47:29.764,14667,14668,14667,1,-1
2022-09-15 15:47:45.361,14667,14668,14667,1,-1
2022-09-15 15:47:49.825,14666,14667,14667,7,7
2022-09-15 15:47:50.117,14666,14667,14667,2,2
2022-09-15 15:47:54.543,14667,14668,14668,1,1
2022-09-15 15:47:54.630,14667,14668,14668,1,1
2022-09-15 15:47:54.664,14667,14668,14668,1,1
2022-09-15 15:47:54.765,14667,14668,14668,11,11
2022-09-15 15:47:55.101,14668,14669,14669,7,7
2022-09-15 15:47:55.216,14668,14670,14668,1,-1
2022-09-15 15:47:58.140,14668,14669,14669,1,1
2022-09-15 15:47:58.140,14668,14669,14669,2,2
2022-09-15 15:47:58.414,14668,14669,14669,1,1
2022-09-15 15:48:00.334,14668,14670,14670,1,1
2022-09-15 15:48:00.481,14668,14670,14670,1,1
2022-09-15 15:48:00.900,14668,14670,14670,1,1
2022-09-15 15:48:01.043,14668,14669,14668,2,-2
2022-09-15 15:48:01.603,14667,14669,14669,1,1
2022-09-15 15:48:02.105,14667,14669,14667,2,-2
2022-09-15 15:48:02.329,14667,14669,14669,1,1
2022-09-15 15:48:04.073,14667,14668,14667,1,-1
2022-09-15 15:48:04.085,14667,14668,14667,1,-1
2022-09-15 15:48:04.811,14666,14667,14667,1,1
2022-09-15 15:48:12.953,14667,14668,14667,1,-1
2022-09-15 15:48:17.255,14666,14667,14667,2,2
2022-09-15 15:48:17.256,14666,14667,14667,2,2
2022-09-15 15:48:18.137,14667,14669,14667,1,-1
2022-09-15 15:48:25.757,14667,14668,14668,1,1
2022-09-15 15:48:26.929,14667,14668,14668,1,1
2022-09-15 15:48:29.161,14667,14668,14668,1,1
2022-09-15 15:48:29.884,14667,14668,14668,1,1
2022-09-15 15:48:29.884,14667,14668,14668,1,1
2022-09-15 15:48:32.969,14667,14668,14668,6,6
2022-09-15 15:48:41.200,14667,14669,14669,1,1
2022-09-15 15:49:24.468,14668,14669,14669,2,2
2022-09-15 15:49:24.691,14668,14669,14669,2,2
2022-09-15 15:49:27.952,14668,14669,14669,1,1
2022-09-15 15:49:28.309,14668,14669,14669,4,4
2022-09-15 15:49:28.676,14669,14670,14669,2,-2
2022-09-15 15:49:28.676,14669,14670,14668,1,-1
2022-09-15 15:49:32.106,14668,14669,14669,1,1
2022-09-15 15:49:33.555,14668,14670,14668,1,-1
2022-09-15 15:49:34.273,14667,14668,14667,9,-9
2022-09-15 15:49:58.241,14666,14667,14667,3,3
2022-09-15 15:50:10.321,14667,14668,14667,1,-1
2022-09-15 15:50:10.640,14666,14667,14667,8,8
2022-09-15 15:50:13.692,14666,14667,14666,1,-1
2022-09-15 15:50:27.063,14666,14667,14666,1,-1
2022-09-15 15:50:27.063,14666,14667,14666,1,-1
2022-09-15 15:50:27.063,14666,14667,14666,2,-2
2022-09-15 15:50:27.063,14666,14667,14666,1,-1
2022-09-15 15:50:27.063,14666,14667,14666,1,-1
2022-09-15 15:50:27.063,14666,14667,14666,1,-1
2022-09-15 15:50:27.063,14666,14667,14666,1,-1
2022-09-15 15:50:27.063,14666,14667,14666,2,-2
2022-09-15 15:50:27.063,14666,14667,14666,1,-1
2022-09-15 15:50:27.063,14666,14667,14666,3,-3
2022-09-15 15:50:27.068,14666,14667,14665,1,-1
2022-09-15 15:50:27.068,14666,14667,14665,1,-1
2022-09-15 15:50:27.068,14666,14667,14665,1,-1
2022-09-15 15:50:27.256,14664,14666,14666,1,1
2022-09-15 15:50:30.599,14664,14665,14665,1,1
2022-09-15 15:50:30.599,14664,14665,14665,1,1
2022-09-15 15:50:30.599,14664,14665,14665,1,1
2022-09-15 15:50:30.599,14664,14665,14665,1,1
2022-09-15 15:50:30.599,14664,14665,14665,1,1
2022-09-15 15:50:34.021,14664,14666,14664,1,-1
2022-09-15 15:50:35.181,14664,14666,14666,1,1
2022-09-15 15:50:42.741,14664,14666,14664,1,-1
2022-09-15 15:50:49.213,14665,14666,14666,2,2
2022-09-15 15:50:49.214,14665,14666,14666,1,1
2022-09-15 15:50:49.753,14666,14667,14666,1,-1
2022-09-15 15:50:55.354,14666,14667,14667,1,1
2022-09-15 15:50:55.354,14666,14667,14667,1,1
2022-09-15 15:51:00.232,14667,14668,14668,7,7
2022-09-15 15:51:00.809,14667,14669,14667,2,-2
2022-09-15 15:51:06.178,14668,14669,14669,1,1
2022-09-15 15:51:07.468,14668,14669,14668,2,-2
2022-09-15 15:51:07.715,14668,14669,14668,1,-1
2022-09-15 15:51:29.495,14668,14669,14668,2,-2
2022-09-15 15:51:29.989,14668,14669,14668,1,-1
2022-09-15 15:51:32.247,14668,14669,14669,1,1
2022-09-15 15:51:47.733,14667,14668,14667,1,-1
2022-09-15 15:51:47.734,14667,14668,14667,1,-1
2022-09-15 15:51:47.757,14667,14668,14667,2,-2
2022-09-15 15:52:06.288,14668,14669,14668,1,-1
2022-09-15 15:52:06.519,14668,14669,14669,1,1
2022-09-15 15:52:06.519,14668,14669,14669,10,10
2022-09-15 15:52:06.520,14668,14669,14669,1,1
2022-09-15 15:52:06.520,14668,14669,14669,1,1
2022-09-15 15:52:06.563,14668,14669,14669,2,2
2022-09-15 15:52:06.609,14668,14670,14670,1,1
2022-09-15 15:52:07.579,14668,14669,14669,1,1
2022-09-15 15:52:07.606,14668,14669,14668,1,-1
2022-09-15 15:52:08.125,14668,14670,14668,1,-1
2022-09-15 15:52:08.411,14668,14670,14668,3,-3
2022-09-15 15:52:19.634,14669,14670,14670,2,2
2022-09-15 15:52:20.200,14669,14670,14670,1,1
2022-09-15 15:52:22.676,14669,14670,14670,1,1
2022-09-15 15:52:23.024,14669,14670,14670,2,2
2022-09-15 15:52:26.417,14669,14670,14670,7,7
2022-09-15 15:52:26.417,14669,14670,14670,1,1
2022-09-15 15:52:26.417,14669,14670,14670,3,3
2022-09-15 15:52:26.417,14669,14670,14670,1,1
2022-09-15 15:52:26.417,14669,14670,14670,1,1
2022-09-15 15:52:26.417,14669,14670,14670,1,1
2022-09-15 15:52:26.417,14669,14670,14670,2,2
2022-09-15 15:52:29.091,14670,14671,14670,1,-1
2022-09-15 15:52:30.704,14670,14671,14670,1,-1
2022-09-15 15:52:31.716,14670,14671,14670,1,-1
2022-09-15 15:52:31.984,14669,14670,14670,1,1
2022-09-15 15:52:31.989,14669,14670,14670,3,3
2022-09-15 15:52:33.324,14669,14670,14670,1,1
2022-09-15 15:52:37.239,14669,14671,14671,1,1
2022-09-15 15:52:37.341,14670,14671,14671,1,1
2022-09-15 15:52:37.358,14670,14671,14671,1,1
2022-09-15 15:52:37.429,14670,14671,14671,1,1
2022-09-15 15:52:37.502,14670,14671,14671,3,3
2022-09-15 15:52:38.262,14670,14671,14671,1,1
2022-09-15 15:52:38.681,14670,14671,14671,2,2
2022-09-15 15:52:38.711,14670,14671,14671,1,1
2022-09-15 15:52:39.784,14670,14672,14670,1,-1
2022-09-15 15:52:43.539,14670,14671,14670,1,-1
2022-09-15 15:52:43.612,14669,14670,14669,1,-1
2022-09-15 15:52:55.414,14669,14670,14670,3,3
2022-09-15 15:53:01.347,14669,14670,14670,4,4
2022-09-15 15:53:08.170,14669,14670,14669,5,-5
2022-09-15 15:53:09.337,14669,14670,14669,1,-1
2022-09-15 15:53:17.611,14669,14670,14669,1,-1
2022-09-15 15:53:23.133,14668,14669,14669,1,1
2022-09-15 15:53:26.635,14668,14669,14669,1,1
2022-09-15 15:53:28.692,14668,14669,14668,2,-2
2022-09-15 15:53:29.669,14668,14669,14669,3,3
2022-09-15 15:53:33.523,14669,14671,14671,2,2
2022-09-15 15:53:50.361,14669,14670,14669,1,-1
2022-09-15 15:53:50.361,14669,14670,14668,1,-1
2022-09-15 15:53:50.770,14668,14670,14668,1,-1
2022-09-15 15:53:51.126,14668,14670,14668,3,-3
2022-09-15 15:53:52.020,14668,14670,14670,1,1
2022-09-15 15:53:59.316,14668,14669,14669,1,1
2022-09-15 15:54:03.599,14668,14669,14668,2,-2
2022-09-15 15:54:04.039,14667,14669,14667,2,-2
2022-09-15 15:54:04.462,14667,14669,14667,1,-1
2022-09-15 15:54:17.525,14667,14668,14667,1,-1
2022-09-15 15:54:17.525,14667,14668,14667,1,-1
2022-09-15 15:54:17.525,14667,14668,14667,1,-1
2022-09-15 15:54:17.525,14667,14668,14667,1,-1
2022-09-15 15:54:17.525,14667,14668,14667,10,-10
2022-09-15 15:54:22.156,14666,14668,14666,1,-1
2022-09-15 15:54:31.805,14666,14667,14667,1,1
2022-09-15 15:54:31.806,14666,14667,14667,2,2
2022-09-15 15:54:34.758,14666,14667,14666,10,-10
2022-09-15 15:54:36.303,14666,14667,14667,7,7
2022-09-15 15:54:36.303,14666,14667,14667,1,1
2022-09-15 15:54:37.411,14667,14668,14668,1,1
2022-09-15 15:54:40.393,14667,14668,14668,2,2
2022-09-15 15:54:41.819,14666,14667,14667,1,1
2022-09-15 15:54:56.704,14667,14668,14667,1,-1
2022-09-15 15:55:14.129,14667,14668,14668,1,1
2022-09-15 15:55:14.482,14667,14669,14669,8,8
2022-09-15 15:55:16.428,14668,14669,14668,1,-1
2022-09-15 15:55:20.086,14667,14668,14667,1,-1
2022-09-15 15:55:25.674,14666,14667,14666,9,-9
2022-09-15 15:55:34.378,14666,14667,14666,1,-1
2022-09-15 15:55:34.530,14665,14666,14666,3,3
2022-09-15 15:55:45.523,14665,14666,14666,1,1
2022-09-15 15:55:52.457,14665,14666,14665,2,-2
2022-09-15 15:55:58.023,14665,14666,14665,1,-1
2022-09-15 15:55:58.024,14665,14666,14665,1,-1
2022-09-15 15:55:58.819,14664,14665,14665,1,1
2022-09-15 15:55:58.860,14665,14666,14665,5,-5
2022-09-15 15:56:21.957,14664,14665,14664,5,-5
2022-09-15 15:56:32.871,14663,14665,14663,16,-16
2022-09-15 15:56:32.871,14663,14665,14663,1,-1
2022-09-15 15:56:36.258,14662,14663,14662,4,-4
2022-09-15 15:56:37.843,14661,14662,14661,5,-5
2022-09-15 15:56:40.008,14661,14662,14661,1,-1
2022-09-15 15:56:40.068,14661,14662,14661,1,-1
2022-09-15 15:56:42.975,14661,14662,14662,1,1
2022-09-15 15:56:48.419,14661,14662,14661,1,-1
2022-09-15 15:56:51.239,14660,14661,14661,1,1
2022-09-15 15:56:52.104,14661,14662,14661,1,-1
2022-09-15 15:56:56.112,14661,14662,14662,3,3
2022-09-15 15:56:58.479,14661,14662,14661,1,-1
2022-09-15 15:57:00.201,14661,14662,14662,2,2
2022-09-15 15:57:06.272,14661,14662,14661,4,-4
2022-09-15 15:57:10.526,14661,14662,14661,1,-1
2022-09-15 15:57:20.408,14661,14662,14661,1,-1
2022-09-15 15:57:21.263,14661,14662,14661,1,-1
2022-09-15 15:57:23.257,14661,14662,14662,1,1
2022-09-15 15:57:32.139,14661,14662,14662,1,1
2022-09-15 15:57:33.416,14661,14662,14662,1,1
2022-09-15 15:57:37.090,14661,14662,14662,1,1
2022-09-15 15:57:37.090,14661,14662,14662,2,2
2022-09-15 15:57:37.090,14661,14662,14662,1,1
2022-09-15 15:57:47.354,14662,14663,14663,1,1
2022-09-15 15:57:50.509,14662,14663,14662,3,-3
2022-09-15 15:58:07.802,14661,14662,14661,1,-1
2022-09-15 15:58:25.596,14661,14662,14661,1,-1
2022-09-15 15:58:27.433,14661,14662,14662,1,1
2022-09-15 15:58:27.434,14661,14662,14662,4,4
2022-09-15 15:58:27.434,14661,14662,14662,1,1
2022-09-15 15:58:33.632,14661,14662,14662,1,1
2022-09-15 15:58:33.681,14661,14662,14663,1,1
2022-09-15 15:58:37.476,14661,14662,14662,1,1
2022-09-15 15:58:39.527,14661,14663,14663,1,1
2022-09-15 15:58:48.509,14662,14663,14662,1,-1
2022-09-15 15:58:48.967,14661,14663,14663,1,1
2022-09-15 15:58:56.470,14662,14663,14663,1,1
2022-09-15 15:59:01.089,14662,14663,14662,2,-2
2022-09-15 15:59:01.977,14662,14663,14662,3,-3
2022-09-15 15:59:21.004,14661,14662,14662,1,1
2022-09-15 15:59:26.587,14662,14663,14663,1,1
2022-09-15 15:59:26.587,14662,14663,14663,5,5
2022-09-15 15:59:26.587,14662,14663,14663,1,1
2022-09-15 15:59:26.588,14662,14663,14663,1,1
2022-09-15 15:59:27.381,14663,14664,14664,1,1
2022-09-15 15:59:46.643,14663,14664,14663,1,-1
2022-09-15 15:59:47.733,14662,14663,14663,1,1
2022-09-15 15:59:50.193,14662,14664,14663,1,1
2022-09-15 15:59:50.922,14662,14663,14662,1,-1
2022-09-15 15:59:52.591,14661,14662,14662,1,1
2022-09-15 16:00:01.237,14662,14663,14663,1,1
2022-09-15 16:00:01.237,14662,14663,14663,1,1
2022-09-15 16:00:01.784,14663,14664,14664,1,1
2022-09-15 16:00:01.789,14663,14664,14664,1,1
2022-09-15 16:00:01.811,14663,14664,14665,1,1
2022-09-15 16:00:01.833,14664,14665,14665,1,1
2022-09-15 16:00:01.833,14664,14665,14665,1,1
2022-09-15 16:00:01.882,14664,14665,14665,1,1
2022-09-15 16:00:01.957,14664,14665,14665,1,1
2022-09-15 16:00:02.025,14664,14665,14665,1,1
2022-09-15 16:00:02.049,14664,14665,14665,1,1
2022-09-15 16:00:02.159,14664,14665,14665,1,1
2022-09-15 16:00:02.159,14664,14665,14666,7,7
2022-09-15 16:00:02.163,14664,14665,14665,1,1
2022-09-15 16:00:02.165,14664,14665,14665,1,1
2022-09-15 16:00:02.281,14664,14666,14666,1,1
2022-09-15 16:00:02.388,14665,14666,14666,1,1
2022-09-15 16:00:02.579,14665,14666,14666,1,1
2022-09-15 16:00:02.592,14665,14666,14666,1,1
2022-09-15 16:00:02.650,14665,14666,14666,1,1
2022-09-15 16:00:02.768,14665,14666,14665,3,-3
2022-09-15 16:00:02.769,14665,14666,14665,2,-2
2022-09-15 16:00:02.792,14665,14666,14665,1,-1
2022-09-15 16:00:02.883,14664,14666,14666,1,1
2022-09-15 16:00:02.963,14664,14666,14665,1,1
2022-09-15 16:00:03.606,14664,14666,14666,1,1
2022-09-15 16:00:03.643,14664,14666,14666,1,1
2022-09-15 16:00:06.709,14663,14665,14665,1,1
2022-09-15 16:00:08.630,14663,14664,14663,2,-2
2022-09-15 16:00:09.171,14662,14664,14664,1,1
2022-09-15 16:00:23.347,14663,14664,14664,1,1
2022-09-15 16:00:24.850,14663,14664,14663,2,-2
2022-09-15 16:00:34.205,14661,14662,14662,1,1
2022-09-15 16:00:38.475,14662,14663,14662,1,-1
2022-09-15 16:00:41.037,14662,14663,14663,1,1
2022-09-15 16:00:41.037,14662,14663,14663,5,5
2022-09-15 16:00:42.492,14663,14664,14663,1,-1
2022-09-15 16:00:46.969,14663,14664,14663,1,-1
2022-09-15 16:00:47.124,14663,14664,14663,1,-1
2022-09-15 16:01:19.250,14664,14665,14665,6,6
2022-09-15 16:01:23.130,14665,14666,14665,1,-1
2022-09-15 16:01:24.415,14665,14666,14666,1,1
2022-09-15 16:01:42.759,14666,14667,14666,1,-1
2022-09-15 16:01:42.759,14666,14667,14666,4,-4
2022-09-15 16:01:49.761,14665,14666,14666,1,1
2022-09-15 16:01:54.989,14666,14667,14666,1,-1
2022-09-15 16:02:02.174,14666,14667,14667,6,6
2022-09-15 16:02:03.302,14667,14668,14667,1,-1
2022-09-15 16:02:10.982,14667,14668,14668,4,4
2022-09-15 16:02:10.982,14667,14668,14669,1,1
2022-09-15 16:02:15.241,14667,14668,14668,1,1
2022-09-15 16:02:15.501,14668,14669,14669,1,1
2022-09-15 16:02:15.501,14668,14669,14669,1,1
2022-09-15 16:02:18.762,14669,14670,14669,1,-1
2022-09-15 16:02:20.810,14669,14670,14670,5,5
2022-09-15 16:02:21.084,14669,14670,14670,4,4
2022-09-15 16:02:21.780,14669,14671,14669,1,-1
2022-09-15 16:02:23.220,14669,14670,14670,1,1
2022-09-15 16:02:23.220,14669,14670,14670,1,1
2022-09-15 16:02:23.341,14669,14670,14670,1,1
2022-09-15 16:02:23.341,14669,14670,14670,1,1
2022-09-15 16:02:23.662,14668,14670,14670,1,1
2022-09-15 16:02:23.662,14668,14670,14670,2,2
2022-09-15 16:02:24.394,14668,14670,14668,5,-5
2022-09-15 16:02:24.820,14668,14670,14668,3,-3
2022-09-15 16:02:29.364,14669,14670,14670,1,1
2022-09-15 16:02:30.707,14669,14671,14670,1,1
2022-09-15 16:02:34.551,14669,14670,14670,1,1
2022-09-15 16:02:35.257,14670,14671,14670,1,-1
2022-09-15 16:02:36.097,14670,14671,14670,1,-1
2022-09-15 16:02:36.447,14670,14671,14670,1,-1
2022-09-15 16:02:37.776,14669,14671,14671,1,1
2022-09-15 16:02:44.956,14670,14671,14670,1,-1
2022-09-15 16:02:48.833,14669,14670,14669,1,-1
2022-09-15 16:02:48.833,14669,14670,14669,1,-1
2022-09-15 16:02:48.833,14669,14670,14669,4,-4
2022-09-15 16:02:49.246,14668,14669,14668,1,-1
2022-09-15 16:02:49.462,14667,14669,14669,1,1
2022-09-15 16:02:49.736,14667,14669,14667,1,-1
2022-09-15 16:02:50.056,14667,14668,14667,2,-2
2022-09-15 16:02:52.349,14666,14667,14667,1,1
2022-09-15 16:02:53.925,14666,14667,14667,2,2
2022-09-15 16:02:55.385,14666,14667,14667,1,1
2022-09-15 16:02:55.386,14666,14667,14667,1,1
2022-09-15 16:03:00.190,14666,14667,14667,1,1
2022-09-15 16:03:00.228,14666,14667,14667,1,1
2022-09-15 16:03:02.160,14667,14668,14667,1,-1
2022-09-15 16:03:02.534,14665,14667,14667,2,2
2022-09-15 16:03:15.253,14666,14667,14666,1,-1
2022-09-15 16:03:27.392,14665,14666,14665,1,-1
2022-09-15 16:03:27.392,14665,14666,14665,1,-1
2022-09-15 16:03:42.736,14664,14665,14665,2,2
2022-09-15 16:03:42.736,14664,14665,14665,1,1
2022-09-15 16:03:42.736,14664,14665,14665,2,2
2022-09-15 16:03:51.412,14664,14666,14666,1,1
2022-09-15 16:03:53.295,14664,14665,14664,3,-3
2022-09-15 16:03:53.443,14663,14664,14664,1,1
2022-09-15 16:03:54.879,14663,14664,14663,2,-2
2022-09-15 16:03:56.438,14662,14663,14662,1,-1
2022-09-15 16:03:59.187,14662,14663,14662,1,-1
2022-09-15 16:03:59.187,14662,14663,14662,1,-1
2022-09-15 16:03:59.187,14662,14663,14662,1,-1
2022-09-15 16:03:59.187,14662,14663,14662,2,-2
2022-09-15 16:03:59.187,14662,14663,14662,1,-1
2022-09-15 16:03:59.187,14662,14663,14662,2,-2
2022-09-15 16:04:00.033,14661,14662,14661,1,-1
2022-09-15 16:04:00.049,14661,14662,14661,1,-1
2022-09-15 16:04:00.053,14661,14662,14661,1,-1
2022-09-15 16:04:00.061,14661,14662,14661,1,-1
2022-09-15 16:04:00.310,14661,14662,14661,16,-16
2022-09-15 16:04:00.358,14660,14661,14660,1,-1
2022-09-15 16:04:00.364,14660,14661,14660,18,-18
2022-09-15 16:04:00.365,14660,14661,14660,3,-3
2022-09-15 16:04:00.629,14659,14660,14659,1,-1
2022-09-15 16:04:01.780,14659,14660,14660,1,1
2022-09-15 16:04:04.277,14659,14660,14660,1,1
2022-09-15 16:04:05.125,14659,14660,14660,3,3
2022-09-15 16:04:05.197,14659,14660,14659,1,-1
2022-09-15 16:04:06.228,14658,14659,14659,1,1
2022-09-15 16:04:07.051,14658,14659,14659,1,1
2022-09-15 16:04:07.237,14659,14660,14659,1,-1
2022-09-15 16:04:09.129,14658,14659,14658,2,-2
2022-09-15 16:04:09.769,14658,14659,14659,1,1
2022-09-15 16:04:09.770,14658,14659,14659,2,2
2022-09-15 16:04:10.329,14659,14660,14659,1,-1
2022-09-15 16:04:20.621,14659,14660,14660,1,1
2022-09-15 16:04:28.326,14659,14660,14659,1,-1
2022-09-15 16:04:30.299,14659,14660,14659,3,-3
2022-09-15 16:04:31.940,14659,14660,14659,3,-3
2022-09-15 16:04:31.940,14659,14660,14658,1,-1
2022-09-15 16:04:36.298,14659,14660,14659,1,-1
2022-09-15 16:04:37.022,14659,14660,14659,1,-1
2022-09-15 16:04:38.256,14658,14660,14658,1,-1
2022-09-15 16:04:45.658,14658,14660,14658,9,-9
2022-09-15 16:04:45.658,14658,14660,14658,1,-1
2022-09-15 16:04:45.659,14658,14660,14658,1,-1
2022-09-15 16:04:46.338,14657,14658,14658,1,1
2022-09-15 16:04:46.817,14657,14658,14658,1,1
2022-09-15 16:04:52.461,14657,14658,14658,1,1
2022-09-15 16:04:59.764,14657,14658,14658,2,2
2022-09-15 16:04:59.764,14657,14658,14658,3,3
2022-09-15 16:04:59.764,14657,14658,14658,2,2
2022-09-15 16:05:04.850,14659,14660,14659,2,-2
2022-09-15 16:05:05.255,14659,14660,14659,8,-8
2022-09-15 16:05:05.255,14659,14660,14659,3,-3
2022-09-15 16:05:05.279,14659,14660,14659,5,-5
2022-09-15 16:05:05.279,14659,14660,14659,2,-2
2022-09-15 16:05:05.279,14659,14660,14659,10,-10
2022-09-15 16:05:05.522,14658,14660,14658,5,-5
2022-09-15 16:05:05.531,14658,14660,14658,1,-1
2022-09-15 16:05:05.531,14658,14660,14657,4,-4
2022-09-15 16:05:11.857,14657,14658,14658,1,1
2022-09-15 16:05:22.794,14657,14658,14658,1,1
2022-09-15 16:05:23.525,14657,14658,14658,1,1
2022-09-15 16:05:23.526,14657,14658,14658,1,1
2022-09-15 16:05:23.526,14657,14658,14658,1,1
2022-09-15 16:05:23.526,14657,14658,14658,3,3
2022-09-15 16:05:35.615,14659,14660,14659,1,-1
2022-09-15 16:05:36.191,14659,14660,14659,1,-1
2022-09-15 16:05:42.560,14659,14660,14660,1,1
2022-09-15 16:05:46.641,14659,14660,14660,1,1
2022-09-15 16:05:46.641,14659,14660,14660,6,6
2022-09-15 16:05:46.642,14659,14660,14660,1,1
2022-09-15 16:05:54.224,14660,14661,14661,1,1
2022-09-15 16:05:57.373,14661,14662,14662,1,1
2022-09-15 16:05:59.144,14661,14663,14661,7,-7
2022-09-15 16:05:59.144,14661,14663,14660,16,-16
2022-09-15 16:05:59.146,14661,14663,14660,2,-2
2022-09-15 16:05:59.146,14661,14663,14660,4,-4
2022-09-15 16:05:59.147,14661,14663,14660,2,-2
2022-09-15 16:05:59.147,14661,14663,14660,5,-5
2022-09-15 16:05:59.147,14661,14663,14660,1,-1
2022-09-15 16:05:59.439,14659,14660,14660,13,13
2022-09-15 16:05:59.549,14661,14662,14661,1,-1
2022-09-15 16:06:03.375,14660,14661,14660,1,-1
2022-09-15 16:06:03.375,14660,14661,14659,1,-1
2022-09-15 16:06:03.702,14659,14661,14659,1,-1
2022-09-15 16:06:08.327,14659,14660,14659,10,-10
2022-09-15 16:06:22.230,14659,14660,14659,1,-1
2022-09-15 16:06:22.435,14659,14660,14659,2,-2
2022-09-15 16:06:25.804,14659,14660,14660,1,1
2022-09-15 16:06:29.190,14659,14660,14660,1,1
2022-09-15 16:06:29.190,14659,14660,14660,4,4
2022-09-15 16:06:30.134,14660,14662,14662,1,1
2022-09-15 16:06:32.595,14660,14662,14662,1,1
2022-09-15 16:06:47.432,14660,14661,14660,2,-2
2022-09-15 16:06:47.804,14659,14661,14659,1,-1
2022-09-15 16:07:00.195,14659,14660,14660,3,3
2022-09-15 16:07:00.514,14659,14660,14660,2,2
2022-09-15 16:07:00.535,14659,14660,14661,1,1
2022-09-15 16:07:08.784,14660,14662,14660,1,-1
2022-09-15 16:07:19.847,14660,14661,14660,3,-3
2022-09-15 16:07:20.410,14659,14660,14660,1,1
2022-09-15 16:07:20.870,14659,14660,14660,1,1
2022-09-15 16:07:21.489,14659,14660,14659,1,-1
2022-09-15 16:07:21.762,14659,14660,14659,1,-1
2022-09-15 16:07:21.762,14659,14660,14659,1,-1
2022-09-15 16:07:21.762,14659,14660,14659,13,-13
2022-09-15 16:07:21.762,14659,14660,14659,5,-5
2022-09-15 16:07:21.900,14658,14660,14658,1,-1
2022-09-15 16:07:23.350,14658,14660,14658,2,-2
2022-09-15 16:07:26.449,14658,14659,14658,2,-2
2022-09-15 16:07:26.582,14658,14659,14658,1,-1
2022-09-15 16:07:30.229,14658,14659,14659,1,1
2022-09-15 16:07:31.440,14658,14660,14660,1,1
2022-09-15 16:07:32.301,14658,14660,14660,1,1
2022-09-15 16:07:43.233,14659,14660,14660,1,1
2022-09-15 16:07:47.805,14659,14660,14659,2,-2
2022-09-15 16:07:47.805,14659,14660,14659,2,-2
2022-09-15 16:07:47.806,14659,14660,14659,3,-3
2022-09-15 16:07:50.412,14658,14660,14658,2,-2
2022-09-15 16:08:04.720,14658,14659,14659,1,1
2022-09-15 16:08:06.197,14658,14659,14658,1,-1
2022-09-15 16:08:10.750,14658,14659,14658,1,-1
2022-09-15 16:08:10.750,14658,14659,14658,2,-2
2022-09-15 16:08:10.750,14658,14659,14658,1,-1
2022-09-15 16:08:10.750,14658,14659,14658,5,-5
2022-09-15 16:08:10.750,14658,14659,14658,1,-1
2022-09-15 16:08:10.929,14657,14658,14657,1,-1
2022-09-15 16:08:10.930,14657,14658,14657,1,-1
2022-09-15 16:08:10.930,14657,14658,14657,16,-16
2022-09-15 16:08:11.070,14656,14657,14656,4,-4
2022-09-15 16:08:15.933,14656,14657,14656,1,-1
2022-09-15 16:08:15.933,14656,14657,14656,5,-5
2022-09-15 16:08:18.121,14655,14656,14656,1,1
2022-09-15 16:08:18.121,14655,14656,14656,1,1
2022-09-15 16:08:18.121,14655,14656,14656,2,2
2022-09-15 16:08:25.184,14656,14657,14656,3,-3
2022-09-15 16:08:29.035,14656,14657,14656,1,-1
2022-09-15 16:08:29.444,14656,14657,14656,1,-1
2022-09-15 16:08:30.011,14656,14657,14656,1,-1
2022-09-15 16:08:31.087,14656,14657,14656,1,-1
2022-09-15 16:08:33.552,14655,14656,14656,1,1
2022-09-15 16:08:33.892,14655,14656,14655,1,-1
2022-09-15 16:08:34.044,14655,14656,14655,1,-1
2022-09-15 16:08:37.024,14655,14656,14655,1,-1
2022-09-15 16:08:38.011,14655,14656,14655,1,-1
2022-09-15 16:08:38.614,14655,14656,14655,1,-1
2022-09-15 16:08:39.617,14655,14656,14656,1,1
2022-09-15 16:08:39.617,14655,14656,14656,2,2
2022-09-15 16:08:39.649,14655,14656,14656,2,2
2022-09-15 16:08:46.425,14655,14656,14655,2,-2
2022-09-15 16:08:46.425,14655,14656,14655,5,-5
2022-09-15 16:08:46.789,14654,14655,14654,1,-1
2022-09-15 16:08:46.910,14654,14655,14654,1,-1
2022-09-15 16:08:47.245,14654,14655,14654,1,-1
2022-09-15 16:08:48.302,14654,14655,14654,1,-1
2022-09-15 16:08:50.036,14654,14655,14654,3,-3
2022-09-15 16:08:50.036,14654,14655,14654,3,-3
2022-09-15 16:08:54.447,14654,14655,14654,1,-1
2022-09-15 16:08:54.898,14653,14655,14653,1,-1
2022-09-15 16:08:56.428,14653,14655,14653,1,-1
2022-09-15 16:08:57.971,14653,14655,14653,2,-2
2022-09-15 16:08:59.033,14653,14654,14653,1,-1
2022-09-15 16:08:59.884,14653,14654,14653,3,-3
2022-09-15 16:09:00.261,14653,14654,14653,1,-1
2022-09-15 16:09:00.261,14653,14654,14653,16,-16
2022-09-15 16:09:02.321,14653,14654,14654,5,5
2022-09-15 16:09:02.751,14654,14656,14654,3,-3
2022-09-15 16:09:03.229,14654,14656,14654,1,-1
2022-09-15 16:09:13.621,14654,14655,14655,1,1
2022-09-15 16:09:14.025,14654,14655,14654,1,-1
2022-09-15 16:09:15.092,14654,14655,14655,1,1
2022-09-15 16:09:16.799,14654,14655,14655,2,2
2022-09-15 16:09:21.782,14655,14657,14655,2,-2
2022-09-15 16:09:34.130,14655,14656,14655,1,-1
2022-09-15 16:09:35.191,14655,14656,14656,1,1
2022-09-15 16:09:35.726,14655,14656,14655,1,-1
2022-09-15 16:09:36.423,14655,14656,14655,1,-1
2022-09-15 16:09:38.872,14655,14656,14655,1,-1
2022-09-15 16:09:46.036,14655,14656,14656,1,1
2022-09-15 16:09:51.654,14655,14656,14656,5,5
2022-09-15 16:10:00.659,14656,14657,14656,1,-1
2022-09-15 16:10:00.659,14656,14657,14656,1,-1
2022-09-15 16:10:01.584,14655,14656,14655,2,-2
2022-09-15 16:10:01.584,14655,14656,14655,2,-2
2022-09-15 16:10:01.584,14655,14656,14655,1,-1
2022-09-15 16:10:01.585,14655,14656,14655,2,-2
2022-09-15 16:10:02.011,14654,14655,14654,1,-1
2022-09-15 16:10:19.030,14654,14655,14654,1,-1
2022-09-15 16:10:22.356,14654,14655,14654,1,-1
2022-09-15 16:10:25.857,14653,14654,14653,2,-2
2022-09-15 16:10:26.545,14653,14654,14654,1,1
2022-09-15 16:10:26.883,14653,14654,14654,1,1
2022-09-15 16:10:28.358,14654,14655,14655,1,1
2022-09-15 16:10:28.428,14654,14655,14655,1,1
2022-09-15 16:10:36.424,14654,14656,14654,1,-1
2022-09-15 16:10:46.436,14653,14654,14654,1,1
2022-09-15 16:10:49.361,14653,14654,14654,1,1
2022-09-15 16:10:54.275,14653,14654,14654,1,1
2022-09-15 16:10:54.976,14653,14654,14654,1,1
2022-09-15 16:10:55.189,14653,14654,14653,2,-2
2022-09-15 16:10:55.517,14653,14654,14653,3,-3
2022-09-15 16:10:58.933,14653,14654,14653,2,-2
2022-09-15 16:11:00.246,14653,14654,14653,3,-3
2022-09-15 16:11:01.067,14653,14654,14654,2,2
2022-09-15 16:11:01.405,14653,14654,14653,1,-1
2022-09-15 16:11:09.728,14653,14654,14654,1,1
2022-09-15 16:11:14.135,14654,14655,14655,1,1
2022-09-15 16:11:14.598,14654,14656,14654,3,-3
2022-09-15 16:11:22.557,14655,14656,14655,1,-1
2022-09-15 16:11:28.486,14653,14654,14654,1,1
2022-09-15 16:11:28.486,14653,14654,14654,1,1
2022-09-15 16:11:30.335,14653,14655,14655,1,1
2022-09-15 16:11:32.948,14653,14654,14653,3,-3
2022-09-15 16:11:32.948,14653,14654,14653,1,-1
2022-09-15 16:11:32.948,14653,14654,14653,5,-5
2022-09-15 16:11:33.321,14652,14653,14652,1,-1
2022-09-15 16:11:33.321,14652,14653,14652,14,-14
2022-09-15 16:11:33.350,14651,14652,14651,2,-2
2022-09-15 16:11:33.350,14651,14652,14651,2,-2
2022-09-15 16:11:33.817,14651,14653,14651,1,-1
2022-09-15 16:11:34.688,14651,14653,14651,14,-14
2022-09-15 16:11:34.688,14651,14653,14650,28,-28
2022-09-15 16:11:34.690,14651,14653,14650,15,-15
2022-09-15 16:11:34.709,14649,14650,14649,1,-1
2022-09-15 16:11:34.716,14649,14650,14650,1,1
2022-09-15 16:11:34.733,14649,14650,14649,1,-1
2022-09-15 16:11:34.733,14649,14650,14649,1,-1
2022-09-15 16:11:34.735,14649,14650,14649,9,-9
2022-09-15 16:11:34.735,14649,14650,14649,1,-1
2022-09-15 16:11:34.735,14649,14650,14649,1,-1
2022-09-15 16:11:34.735,14649,14650,14649,1,-1
2022-09-15 16:11:34.735,14649,14650,14649,4,-4
2022-09-15 16:11:34.745,14649,14650,14648,2,-2
2022-09-15 16:11:34.836,14648,14649,14648,1,-1
2022-09-15 16:11:34.836,14648,14649,14648,5,-5
2022-09-15 16:11:34.931,14648,14649,14648,3,-3
2022-09-15 16:11:34.987,14648,14649,14648,2,-2
2022-09-15 16:11:35.037,14648,14649,14649,7,7
2022-09-15 16:11:38.752,14649,14650,14650,1,1
2022-09-15 16:11:41.315,14648,14650,14650,1,1
2022-09-15 16:11:47.654,14649,14650,14649,2,-2
2022-09-15 16:11:48.812,14649,14650,14650,2,2
2022-09-15 16:11:54.241,14649,14650,14649,1,-1
2022-09-15 16:11:54.389,14649,14650,14650,1,1
2022-09-15 16:11:56.404,14649,14650,14650,1,1
2022-09-15 16:11:56.404,14649,14650,14650,1,1
2022-09-15 16:11:56.404,14649,14650,14650,4,4
2022-09-15 16:11:59.505,14650,14652,14652,2,2
2022-09-15 16:12:00.718,14651,14652,14651,2,-2
2022-09-15 16:12:00.828,14650,14652,14650,1,-1
2022-09-15 16:12:02.274,14651,14652,14651,1,-1
2022-09-15 16:12:02.326,14651,14652,14651,1,-1
2022-09-15 16:12:02.327,14651,14652,14651,1,-1
2022-09-15 16:12:07.610,14651,14653,14651,1,-1
2022-09-15 16:12:09.181,14651,14653,14651,1,-1
2022-09-15 16:12:17.770,14650,14651,14650,2,-2
2022-09-15 16:12:18.901,14649,14651,14649,1,-1
2022-09-15 16:12:20.247,14649,14650,14649,1,-1
2022-09-15 16:12:21.282,14649,14650,14649,1,-1
2022-09-15 16:12:22.451,14649,14650,14649,3,-3
2022-09-15 16:12:32.518,14648,14649,14648,7,-7
2022-09-15 16:12:36.915,14647,14649,14647,1,-1
2022-09-15 16:12:36.951,14647,14649,14647,1,-1
2022-09-15 16:12:36.951,14647,14649,14647,1,-1
2022-09-15 16:12:36.951,14647,14649,14647,1,-1
2022-09-15 16:12:36.955,14647,14649,14647,1,-1
2022-09-15 16:12:36.976,14647,14649,14647,1,-1
2022-09-15 16:12:36.998,14647,14649,14647,1,-1
2022-09-15 16:12:37.050,14647,14649,14647,2,-2
2022-09-15 16:12:37.050,14647,14649,14646,19,-19
2022-09-15 16:12:37.050,14647,14649,14645,31,-31
2022-09-15 16:12:37.050,14647,14649,14644,4,-4
2022-09-15 16:12:37.054,14647,14649,14645,4,-4
2022-09-15 16:12:37.055,14647,14649,14645,1,-1
2022-09-15 16:12:37.057,14647,14649,14645,1,-1
2022-09-15 16:12:37.062,14647,14649,14645,6,-6
2022-09-15 16:12:37.062,14647,14649,14644,2,-2
2022-09-15 16:12:37.076,14644,14645,14644,1,-1
2022-09-15 16:12:37.076,14644,14645,14644,1,-1
2022-09-15 16:12:37.076,14644,14645,14644,1,-1
2022-09-15 16:12:37.077,14644,14645,14644,1,-1
2022-09-15 16:12:37.089,14644,14645,14644,1,-1
2022-09-15 16:12:37.093,14644,14645,14645,1,1
2022-09-15 16:12:37.093,14644,14645,14645,1,1
2022-09-15 16:12:37.117,14644,14645,14645,1,1
2022-09-15 16:12:37.118,14644,14645,14645,1,1
2022-09-15 16:12:37.232,14645,14646,14645,2,-2
2022-09-15 16:12:37.232,14645,14646,14644,1,-1
2022-09-15 16:12:37.232,14645,14646,14644,1,-1
2022-09-15 16:12:37.277,14645,14646,14645,4,-4
2022-09-15 16:12:37.290,14645,14646,14645,1,-1
2022-09-15 16:12:37.322,14645,14646,14645,1,-1
2022-09-15 16:12:37.368,14645,14646,14646,10,10
2022-09-15 16:12:37.441,14645,14646,14646,2,2
2022-09-15 16:12:37.441,14645,14646,14645,1,-1
2022-09-15 16:12:37.618,14646,14648,14646,1,-1
2022-09-15 16:12:38.161,14646,14648,14646,1,-1
2022-09-15 16:12:40.394,14647,14648,14647,1,-1
2022-09-15 16:12:40.394,14647,14648,14646,1,-1
2022-09-15 16:12:40.580,14646,14647,14646,1,-1
2022-09-15 16:12:41.864,14646,14647,14646,1,-1
2022-09-15 16:12:45.902,14646,14647,14646,4,-4
2022-09-15 16:12:46.340,14646,14647,14646,1,-1
2022-09-15 16:12:46.394,14646,14647,14646,1,-1
2022-09-15 16:12:50.670,14645,14646,14646,1,1
2022-09-15 16:12:51.638,14645,14647,14646,1,1
2022-09-15 16:12:51.638,14645,14647,14646,2,2
2022-09-15 16:12:51.799,14646,14647,14646,1,-1
2022-09-15 16:12:56.887,14645,14647,14645,1,-1
2022-09-15 16:12:58.198,14645,14647,14646,1,-1
2022-09-15 16:12:58.696,14645,14647,14647,1,1
2022-09-15 16:12:59.051,14645,14647,14645,1,-1
2022-09-15 16:13:02.447,14646,14647,14646,1,-1
2022-09-15 16:13:04.353,14645,14647,14646,1,-1
2022-09-15 16:13:04.451,14645,14647,14645,1,-1
2022-09-15 16:13:04.866,14645,14647,14646,1,-1
2022-09-15 16:13:10.239,14646,14647,14646,1,-1
2022-09-15 16:13:10.495,14646,14647,14646,2,-2
2022-09-15 16:13:10.786,14645,14647,14647,4,4
2022-09-15 16:13:10.827,14647,14648,14647,1,-1
2022-09-15 16:13:10.827,14647,14648,14647,1,-1
2022-09-15 16:13:11.174,14647,14648,14647,2,-2
2022-09-15 16:13:11.205,14646,14648,14646,1,-1
2022-09-15 16:13:19.925,14647,14648,14647,1,-1
2022-09-15 16:13:20.264,14647,14648,14647,2,-2
2022-09-15 16:13:22.178,14647,14648,14647,19,-19
2022-09-15 16:13:22.178,14647,14648,14646,13,-13
2022-09-15 16:13:22.180,14647,14648,14645,1,-1
2022-09-15 16:13:22.225,14645,14646,14645,2,-2
2022-09-15 16:13:22.226,14645,14646,14645,1,-1
2022-09-15 16:13:23.560,14645,14646,14645,3,-3
2022-09-15 16:13:23.561,14645,14646,14645,2,-2
2022-09-15 16:13:24.846,14645,14646,14646,1,1
2022-09-15 16:13:26.593,14646,14648,14646,1,-1
2022-09-15 16:13:29.142,14646,14647,14646,9,-9
2022-09-15 16:13:30.577,14645,14646,14646,3,3
2022-09-15 16:13:31.642,14646,14647,14646,4,-4
2022-09-15 16:13:32.940,14645,14646,14646,1,1
2022-09-15 16:13:33.154,14645,14646,14646,1,1
2022-09-15 16:13:33.234,14645,14646,14646,3,3
2022-09-15 16:13:35.760,14645,14646,14646,2,2
2022-09-15 16:13:42.124,14645,14646,14646,2,2
2022-09-15 16:13:42.180,14645,14646,14645,2,-2
2022-09-15 16:13:42.201,14645,14646,14645,1,-1
2022-09-15 16:13:45.680,14645,14646,14645,1,-1
2022-09-15 16:13:45.680,14645,14646,14645,1,-1
2022-09-15 16:13:45.680,14645,14646,14645,1,-1
2022-09-15 16:13:48.130,14645,14646,14645,1,-1
2022-09-15 16:13:48.201,14644,14645,14644,1,-1
2022-09-15 16:13:48.580,14644,14645,14645,1,1
2022-09-15 16:13:55.934,14644,14645,14644,1,-1
2022-09-15 16:13:55.935,14644,14645,14644,1,-1
2022-09-15 16:14:00.210,14644,14645,14645,1,1
2022-09-15 16:14:00.248,14644,14645,14644,1,-1
2022-09-15 16:14:00.461,14644,14645,14644,1,-1
2022-09-15 16:14:00.700,14644,14645,14644,1,-1
2022-09-15 16:14:12.798,14644,14645,14644,1,-1
2022-09-15 16:14:13.050,14644,14645,14645,2,2
2022-09-15 16:14:13.050,14644,14645,14645,1,1
2022-09-15 16:14:13.050,14644,14645,14645,1,1
2022-09-15 16:14:13.050,14644,14645,14645,1,1
2022-09-15 16:14:13.050,14644,14645,14645,1,1
2022-09-15 16:14:13.050,14644,14645,14645,1,1
2022-09-15 16:14:13.050,14644,14645,14645,4,4
2022-09-15 16:14:13.051,14644,14645,14645,3,3
2022-09-15 16:14:14.514,14645,14646,14645,1,-1
2022-09-15 16:14:16.789,14645,14646,14645,1,-1
2022-09-15 16:14:24.395,14645,14646,14645,5,-5
2022-09-15 16:14:31.692,14645,14646,14645,1,-1
2022-09-15 16:14:32.108,14645,14646,14645,1,-1
2022-09-15 16:14:33.726,14645,14646,14645,2,-2
2022-09-15 16:14:36.043,14645,14646,14646,1,1
2022-09-15 16:14:41.448,14646,14647,14646,1,-1
2022-09-15 16:14:42.287,14645,14646,14646,3,3
2022-09-15 16:14:55.637,14645,14646,14646,1,1
2022-09-15 16:14:55.694,14645,14646,14645,1,-1
2022-09-15 16:14:55.694,14645,14646,14645,1,-1
2022-09-15 16:14:55.694,14645,14646,14645,1,-1
2022-09-15 16:14:55.694,14645,14646,14645,4,-4
2022-09-15 16:14:56.251,14644,14645,14645,1,1
2022-09-15 16:14:56.251,14644,14645,14645,1,1
2022-09-15 16:14:56.581,14645,14646,14646,1,1
2022-09-15 16:15:04.433,14645,14646,14645,1,-1
2022-09-15 16:15:04.433,14645,14646,14645,2,-2
2022-09-15 16:15:04.464,14644,14645,14645,1,1
2022-09-15 16:15:04.464,14644,14645,14645,1,1
2022-09-15 16:15:04.464,14644,14645,14646,1,1
2022-09-15 16:15:04.596,14644,14646,14644,1,-1
2022-09-15 16:15:04.647,14644,14646,14644,1,-1
2022-09-15 16:15:04.718,14644,14645,14644,5,-5
2022-09-15 16:15:04.731,14644,14645,14644,1,-1
2022-09-15 16:15:05.539,14644,14646,14646,1,1
2022-09-15 16:15:05.576,14644,14645,14645,1,1
2022-09-15 16:15:05.576,14644,14645,14646,1,1
2022-09-15 16:15:05.837,14644,14646,14644,1,-1
2022-09-15 16:15:05.851,14644,14646,14644,1,-1
2022-09-15 16:15:05.922,14644,14646,14644,1,-1
2022-09-15 16:15:06.437,14644,14645,14644,3,-3
2022-09-15 16:15:06.499,14643,14644,14644,1,1
2022-09-15 16:15:06.500,14643,14644,14644,6,6
2022-09-15 16:15:07.119,14644,14646,14644,1,-1
