2019-10-29 15:00:00.070,11321,11323,11324,23
2019-10-29 15:00:00.149,11323,11324,11323,4
2019-10-29 15:00:00.201,11323,11324,11322,2
2019-10-29 15:00:00.407,11322,11324,11322,4
2019-10-29 15:00:00.652,11322,11324,11322,4
2019-10-29 15:00:00.662,11322,11324,11322,1
2019-10-29 15:00:00.662,11322,11324,11321,3
2019-10-29 15:00:00.840,11322,11323,11321,1
2019-10-29 15:00:00.888,11322,11323,11321,1
2019-10-29 15:00:00.892,11322,11323,11321,1
2019-10-29 15:00:01.043,11321,11323,11323,1
2019-10-29 15:00:01.094,11321,11323,11321,2
2019-10-29 15:00:01.241,11321,11323,11323,1
2019-10-29 15:00:01.585,11321,11323,11321,2
2019-10-29 15:00:01.783,11321,11323,11321,1
2019-10-29 15:00:02.159,11321,11323,11322,1
2019-10-29 15:00:02.159,11321,11323,11321,1
2019-10-29 15:00:02.182,11321,11323,11321,1
2019-10-29 15:00:02.384,11321,11323,11321,1
2019-10-29 15:00:02.583,11321,11323,11321,10
2019-10-29 15:00:02.963,11321,11322,11321,1
2019-10-29 15:00:02.986,11321,11322,11320,1
2019-10-29 15:00:03.184,11320,11322,11321,1
2019-10-29 15:00:03.285,11321,11322,11321,1
2019-10-29 15:00:03.388,11321,11322,11321,1
2019-10-29 15:00:03.488,11320,11322,11320,1
2019-10-29 15:00:03.501,11320,11322,11320,2
2019-10-29 15:00:03.520,11320,11322,11320,1
2019-10-29 15:00:03.531,11320,11322,11320,1
2019-10-29 15:00:03.549,11320,11322,11320,2
2019-10-29 15:00:03.576,11320,11322,11320,1
2019-10-29 15:00:14.652,11321,11322,11321,2
2019-10-29 15:00:14.714,11320,11321,11321,1
2019-10-29 15:00:14.845,11320,11321,11321,1
2019-10-29 15:00:15.916,11320,11321,11321,6
2019-10-29 15:00:17.757,11321,11322,11322,1
2019-10-29 15:00:20.251,11321,11323,11321,10
2019-10-29 15:00:23.306,11321,11322,11322,1
2019-10-29 15:00:24.730,11321,11322,11321,10
2019-10-29 15:00:24.893,11321,11322,11321,8
2019-10-29 15:00:25.199,11320,11321,11320,2
2019-10-29 15:00:25.332,11320,11321,11320,1
2019-10-29 15:00:27.512,11320,11321,11321,1
2019-10-29 15:00:29.578,11320,11321,11320,10
2019-10-29 15:00:30.343,11320,11321,11321,1
2019-10-29 15:00:31.517,11320,11321,11321,1
2019-10-29 15:00:34.087,11320,11321,11320,10
2019-10-29 15:00:35.045,11320,11321,11321,2
2019-10-29 15:00:35.205,11320,11321,11320,1
2019-10-29 15:00:38.442,11320,11321,11320,1
2019-10-29 15:00:38.609,11320,11321,11320,1
2019-10-29 15:00:38.781,11320,11321,11320,1
2019-10-29 15:00:39.136,11320,11321,11320,10
2019-10-29 15:00:42.581,11320,11321,11320,1
2019-10-29 15:00:44.704,11320,11321,11320,6
2019-10-29 15:00:44.850,11320,11321,11321,5
2019-10-29 15:00:46.001,11320,11321,11321,1
2019-10-29 15:00:48.501,11320,11321,11321,1
2019-10-29 15:00:49.162,11320,11321,11321,1
2019-10-29 15:00:59.105,11320,11321,11321,2
2019-10-29 15:00:59.237,11320,11321,11321,1
2019-10-29 15:01:00.024,11320,11321,11320,1
2019-10-29 15:01:00.046,11320,11321,11321,1
2019-10-29 15:01:00.550,11320,11322,11320,1
2019-10-29 15:01:02.099,11321,11322,11322,1
2019-10-29 15:01:03.024,11321,11322,11321,1
2019-10-29 15:01:06.718,11321,11322,11321,1
2019-10-29 15:01:11.793,11321,11322,11321,1
2019-10-29 15:01:14.890,11321,11322,11322,1
2019-10-29 15:01:15.349,11321,11322,11322,1
2019-10-29 15:01:25.863,11321,11322,11322,2
2019-10-29 15:01:26.052,11321,11322,11321,2
2019-10-29 15:01:26.169,11321,11322,11321,1
2019-10-29 15:01:26.320,11321,11322,11321,1
2019-10-29 15:01:26.511,11321,11322,11321,1
2019-10-29 15:01:26.550,11321,11322,11322,1
2019-10-29 15:01:30.115,11321,11322,11321,1
2019-10-29 15:01:30.180,11321,11322,11321,1
2019-10-29 15:01:30.469,11321,11322,11321,1
2019-10-29 15:01:30.482,11321,11322,11321,1
2019-10-29 15:01:30.678,11321,11322,11321,1
2019-10-29 15:01:31.199,11321,11322,11321,1
2019-10-29 15:01:31.849,11321,11322,11322,1
2019-10-29 15:01:33.770,11321,11322,11322,1
2019-10-29 15:01:35.393,11321,11322,11321,2
2019-10-29 15:01:49.037,11321,11322,11322,5
2019-10-29 15:01:49.088,11321,11322,11322,1
2019-10-29 15:01:49.088,11321,11322,11322,3
2019-10-29 15:01:53.794,11322,11323,11322,2
2019-10-29 15:01:58.488,11322,11323,11323,1
2019-10-29 15:01:58.603,11322,11323,11323,4
2019-10-29 15:02:03.516,11322,11323,11322,1
2019-10-29 15:02:16.547,11322,11323,11322,1
2019-10-29 15:02:21.251,11322,11323,11322,9
2019-10-29 15:02:21.956,11321,11322,11322,2
2019-10-29 15:02:22.672,11321,11322,11322,1
2019-10-29 15:02:26.706,11321,11322,11322,8
2019-10-29 15:02:26.707,11321,11322,11322,2
2019-10-29 15:02:43.657,11322,11323,11322,1
2019-10-29 15:02:49.148,11322,11323,11322,1
2019-10-29 15:02:52.436,11322,11323,11322,1
2019-10-29 15:03:00.049,11322,11323,11323,1
2019-10-29 15:03:01.881,11322,11323,11323,1
2019-10-29 15:03:20.599,11322,11323,11323,4
2019-10-29 15:03:25.338,11322,11323,11323,2
2019-10-29 15:03:28.361,11323,11324,11324,2
2019-10-29 15:03:28.361,11323,11324,11324,2
2019-10-29 15:03:28.363,11323,11324,11324,5
2019-10-29 15:03:28.413,11323,11324,11324,8
2019-10-29 15:03:28.500,11323,11325,11325,1
2019-10-29 15:03:28.838,11324,11325,11325,8
2019-10-29 15:03:28.838,11324,11325,11325,2
2019-10-29 15:03:28.917,11324,11325,11325,5
2019-10-29 15:03:28.952,11324,11325,11325,1
2019-10-29 15:03:28.963,11324,11325,11325,1
2019-10-29 15:03:33.878,11325,11326,11325,5
2019-10-29 15:03:34.716,11325,11326,11326,2
2019-10-29 15:03:34.844,11325,11326,11326,1
2019-10-29 15:03:34.844,11325,11326,11326,1
2019-10-29 15:03:40.001,11325,11326,11326,1
2019-10-29 15:03:40.478,11325,11326,11326,1
2019-10-29 15:03:41.401,11325,11326,11325,1
2019-10-29 15:03:43.455,11325,11326,11326,2
2019-10-29 15:03:43.588,11325,11326,11326,1
2019-10-29 15:03:43.713,11325,11326,11326,1
2019-10-29 15:03:43.838,11325,11326,11326,1
2019-10-29 15:03:43.963,11325,11326,11326,1
2019-10-29 15:03:43.992,11325,11326,11326,1
2019-10-29 15:03:44.885,11325,11326,11326,2
2019-10-29 15:03:44.963,11325,11326,11326,1
2019-10-29 15:03:44.970,11325,11326,11326,1
2019-10-29 15:03:44.971,11325,11326,11326,1
2019-10-29 15:03:45.088,11325,11326,11326,2
2019-10-29 15:03:45.090,11325,11326,11326,1
2019-10-29 15:03:45.096,11325,11326,11326,2
2019-10-29 15:03:47.344,11326,11327,11326,1
2019-10-29 15:03:47.901,11326,11327,11326,8
2019-10-29 15:03:48.760,11325,11326,11326,1
2019-10-29 15:03:49.505,11325,11326,11326,1
2019-10-29 15:03:50.364,11325,11326,11326,5
2019-10-29 15:03:50.898,11325,11326,11326,2
2019-10-29 15:03:51.400,11326,11327,11326,1
2019-10-29 15:03:51.448,11326,11327,11326,1
2019-10-29 15:03:56.450,11326,11327,11327,3
2019-10-29 15:04:02.582,11326,11327,11327,1
2019-10-29 15:04:03.450,11326,11327,11326,2
2019-10-29 15:04:03.464,11326,11327,11326,2
2019-10-29 15:04:03.490,11326,11327,11326,2
2019-10-29 15:04:03.507,11326,11327,11326,1
2019-10-29 15:04:04.087,11325,11326,11326,1
2019-10-29 15:04:05.713,11325,11326,11326,2
2019-10-29 15:04:07.321,11326,11327,11326,3
2019-10-29 15:04:16.345,11325,11326,11326,1
2019-10-29 15:04:16.966,11325,11326,11326,1
2019-10-29 15:04:18.119,11325,11326,11326,1
2019-10-29 15:04:19.075,11325,11326,11326,3
2019-10-29 15:04:19.075,11325,11326,11327,2
2019-10-29 15:04:22.292,11326,11327,11326,1
2019-10-29 15:04:22.292,11326,11327,11325,2
2019-10-29 15:04:31.510,11325,11326,11326,3
2019-10-29 15:04:31.550,11325,11326,11326,1
2019-10-29 15:04:33.199,11326,11327,11326,7
2019-10-29 15:04:39.371,11325,11326,11325,1
2019-10-29 15:04:49.515,11325,11326,11326,1
2019-10-29 15:04:51.706,11325,11326,11326,2
2019-10-29 15:04:59.739,11325,11326,11326,1
2019-10-29 15:05:01.088,11325,11326,11326,1
2019-10-29 15:05:01.088,11325,11326,11326,1
2019-10-29 15:05:04.259,11326,11327,11326,3
2019-10-29 15:05:04.564,11326,11327,11326,2
2019-10-29 15:05:10.600,11326,11327,11326,1
2019-10-29 15:05:14.725,11326,11327,11326,5
2019-10-29 15:05:24.092,11325,11326,11325,1
2019-10-29 15:05:38.525,11325,11326,11326,2
2019-10-29 15:05:43.620,11325,11326,11326,1
2019-10-29 15:05:46.952,11325,11326,11326,1
2019-10-29 15:05:47.981,11325,11326,11326,1
2019-10-29 15:05:50.804,11325,11326,11326,5
2019-10-29 15:05:52.624,11325,11326,11326,1
2019-10-29 15:05:53.830,11325,11326,11326,1
2019-10-29 15:05:55.277,11325,11326,11326,1
2019-10-29 15:05:55.445,11325,11326,11326,1
2019-10-29 15:06:00.041,11325,11326,11326,1
2019-10-29 15:06:00.075,11325,11326,11326,1
2019-10-29 15:06:00.078,11325,11326,11326,1
2019-10-29 15:06:00.086,11325,11326,11326,1
2019-10-29 15:06:20.699,11325,11326,11326,7
2019-10-29 15:06:37.794,11326,11327,11326,1
2019-10-29 15:06:43.839,11326,11327,11327,1
2019-10-29 15:06:53.061,11326,11327,11326,1
2019-10-29 15:06:53.270,11326,11327,11326,1
2019-10-29 15:06:53.460,11326,11327,11326,1
2019-10-29 15:06:55.343,11326,11327,11326,2
2019-10-29 15:06:56.152,11326,11327,11326,1
2019-10-29 15:06:56.409,11326,11327,11326,1
2019-10-29 15:06:56.514,11326,11327,11326,1
2019-10-29 15:06:56.599,11326,11327,11326,1
2019-10-29 15:06:56.839,11326,11327,11326,2
2019-10-29 15:06:56.963,11326,11327,11326,2
2019-10-29 15:07:00.775,11325,11326,11326,1
2019-10-29 15:07:01.156,11325,11326,11326,4
2019-10-29 15:07:09.364,11326,11327,11326,1
2019-10-29 15:07:13.228,11326,11327,11326,1
2019-10-29 15:07:13.296,11326,11327,11326,1
2019-10-29 15:07:38.602,11325,11326,11325,1
2019-10-29 15:07:48.605,11325,11326,11326,5
2019-10-29 15:07:53.818,11325,11326,11326,1
2019-10-29 15:07:57.766,11325,11326,11326,1
2019-10-29 15:08:01.718,11325,11326,11326,1
2019-10-29 15:08:42.156,11325,11326,11326,1
2019-10-29 15:08:42.462,11325,11326,11325,1
2019-10-29 15:08:44.912,11325,11326,11325,1
2019-10-29 15:08:47.371,11325,11326,11325,1
2019-10-29 15:08:53.344,11325,11326,11325,1
2019-10-29 15:08:59.259,11325,11326,11325,1
2019-10-29 15:09:04.614,11325,11326,11326,1
2019-10-29 15:09:53.366,11325,11326,11326,1
2019-10-29 15:10:12.036,11325,11326,11325,2
2019-10-29 15:10:17.309,11325,11326,11325,5
2019-10-29 15:10:24.240,11325,11326,11326,4
2019-10-29 15:10:24.348,11325,11326,11326,1
2019-10-29 15:10:25.611,11325,11326,11325,1
2019-10-29 15:10:39.457,11325,11326,11325,1
2019-10-29 15:10:41.973,11325,11326,11325,1
2019-10-29 15:10:44.160,11325,11326,11325,1
2019-10-29 15:11:00.159,11325,11326,11326,6
2019-10-29 15:11:00.159,11325,11326,11326,6
2019-10-29 15:11:00.159,11325,11326,11326,4
2019-10-29 15:11:00.159,11325,11326,11326,1
2019-10-29 15:11:09.409,11326,11327,11326,1
2019-10-29 15:11:12.312,11326,11327,11327,1
2019-10-29 15:11:13.912,11326,11327,11326,1
2019-10-29 15:11:15.652,11326,11327,11326,2
2019-10-29 15:11:16.080,11325,11326,11326,1
2019-10-29 15:11:31.460,11325,11326,11326,1
2019-10-29 15:11:45.127,11325,11326,11326,1
2019-10-29 15:12:06.760,11326,11327,11326,2
2019-10-29 15:12:08.635,11325,11326,11326,4
2019-10-29 15:12:17.393,11325,11326,11325,1
2019-10-29 15:12:32.265,11325,11326,11326,20
2019-10-29 15:12:32.265,11325,11326,11326,1
2019-10-29 15:12:40.686,11326,11327,11326,2
2019-10-29 15:12:46.699,11326,11327,11326,1
2019-10-29 15:12:57.940,11326,11327,11326,5
2019-10-29 15:13:01.576,11326,11327,11326,1
2019-10-29 15:13:04.235,11326,11327,11326,4
2019-10-29 15:13:21.420,11326,11327,11326,4
2019-10-29 15:13:45.222,11326,11327,11327,2
2019-10-29 15:13:52.158,11326,11327,11326,1
2019-10-29 15:13:54.375,11326,11327,11326,2
2019-10-29 15:14:11.614,11326,11327,11327,1
2019-10-29 15:14:13.723,11326,11327,11327,1
2019-10-29 15:14:22.462,11326,11327,11327,10
2019-10-29 15:14:22.702,11326,11327,11327,10
2019-10-29 15:14:22.921,11326,11327,11327,10
2019-10-29 15:14:28.420,11326,11327,11327,1
2019-10-29 15:14:34.575,11326,11327,11327,1
2019-10-29 15:14:36.190,11326,11327,11327,1
2019-10-29 15:14:37.972,11326,11327,11327,2
2019-10-29 15:14:44.338,11326,11327,11327,2
2019-10-29 15:14:48.621,11326,11327,11327,1
2019-10-29 15:14:53.172,11326,11327,11327,2
2019-10-29 15:14:53.266,11327,11328,11327,1
2019-10-29 15:14:54.494,11327,11328,11327,1
2019-10-29 15:15:03.542,11327,11328,11327,1
2019-10-29 15:15:04.100,11327,11328,11327,2
2019-10-29 15:15:08.471,11327,11328,11328,1
2019-10-29 15:15:20.346,11327,11328,11327,1
2019-10-29 15:15:26.348,11327,11328,11327,1
2019-10-29 15:15:54.043,11327,11328,11327,5
2019-10-29 15:15:55.551,11327,11328,11327,1
2019-10-29 15:15:56.562,11327,11328,11327,1
2019-10-29 15:16:22.679,11327,11328,11327,1
2019-10-29 15:16:31.146,11327,11328,11327,1
2019-10-29 15:16:35.211,11327,11328,11327,1
2019-10-29 15:16:45.387,11326,11327,11327,1
2019-10-29 15:16:52.803,11327,11328,11328,1
2019-10-29 15:17:10.850,11327,11328,11328,1
2019-10-29 15:17:11.190,11327,11328,11327,2
2019-10-29 15:17:13.640,11327,11328,11327,1
2019-10-29 15:17:22.933,11327,11328,11327,1
2019-10-29 15:17:25.267,11327,11328,11328,2
2019-10-29 15:17:39.829,11327,11328,11328,1
2019-10-29 15:17:58.672,11327,11328,11328,1
2019-10-29 15:18:02.230,11327,11328,11328,1
2019-10-29 15:18:04.701,11327,11328,11328,1
2019-10-29 15:18:05.428,11327,11328,11327,1
2019-10-29 15:18:12.016,11327,11328,11327,5
2019-10-29 15:18:13.491,11327,11328,11328,1
2019-10-29 15:18:17.975,11327,11328,11328,1
2019-10-29 15:18:19.907,11327,11328,11328,1
2019-10-29 15:19:06.023,11327,11328,11328,1
2019-10-29 15:19:16.242,11327,11328,11328,1
2019-10-29 15:19:27.402,11327,11328,11327,5
2019-10-29 15:19:27.505,11327,11328,11328,1
2019-10-29 15:19:29.526,11327,11328,11327,1
2019-10-29 15:19:41.390,11327,11328,11327,5
2019-10-29 15:19:47.165,11327,11328,11327,1
2019-10-29 15:20:02.090,11327,11328,11327,1
2019-10-29 15:20:02.280,11327,11328,11327,1
2019-10-29 15:20:02.280,11327,11328,11327,4
2019-10-29 15:20:02.280,11327,11328,11327,2
2019-10-29 15:20:02.280,11327,11328,11327,2
2019-10-29 15:20:02.681,11326,11327,11327,2
2019-10-29 15:20:23.346,11326,11327,11327,2
2019-10-29 15:20:52.109,11326,11327,11326,1
2019-10-29 15:21:21.458,11326,11327,11326,5
2019-10-29 15:21:22.950,11326,11327,11326,3
2019-10-29 15:21:29.405,11326,11327,11326,1
2019-10-29 15:21:32.343,11326,11327,11326,1
2019-10-29 15:21:32.858,11326,11327,11326,1
2019-10-29 15:21:36.905,11326,11327,11326,1
2019-10-29 15:21:43.006,11326,11327,11326,1
2019-10-29 15:21:43.088,11326,11327,11326,2
2019-10-29 15:21:52.024,11326,11327,11326,2
2019-10-29 15:21:52.050,11326,11327,11326,1
2019-10-29 15:21:52.075,11326,11327,11326,1
2019-10-29 15:21:52.263,11325,11326,11326,1
2019-10-29 15:22:02.998,11326,11327,11326,2
2019-10-29 15:22:02.998,11326,11327,11325,3
2019-10-29 15:22:31.637,11325,11326,11326,5
2019-10-29 15:22:32.383,11325,11326,11326,5
2019-10-29 15:22:33.180,11325,11326,11326,2
2019-10-29 15:22:33.450,11326,11327,11326,1
2019-10-29 15:22:47.080,11326,11327,11326,1
2019-10-29 15:23:07.183,11326,11327,11326,1
2019-10-29 15:23:16.390,11326,11327,11326,5
2019-10-29 15:23:16.463,11325,11326,11326,10
2019-10-29 15:23:49.573,11326,11327,11326,12
2019-10-29 15:23:54.628,11325,11326,11326,2
2019-10-29 15:23:54.944,11326,11327,11326,1
2019-10-29 15:23:58.825,11326,11327,11326,1
2019-10-29 15:24:04.814,11325,11326,11326,2
2019-10-29 15:24:06.142,11326,11327,11326,1
2019-10-29 15:24:08.712,11326,11327,11326,1
2019-10-29 15:24:08.713,11326,11327,11326,1
2019-10-29 15:24:08.720,11326,11327,11327,1
2019-10-29 15:24:31.289,11326,11327,11326,6
2019-10-29 15:24:39.023,11325,11326,11326,1
2019-10-29 15:24:41.411,11325,11326,11326,1
2019-10-29 15:25:17.686,11325,11326,11326,4
2019-10-29 15:25:17.686,11325,11326,11326,3
2019-10-29 15:25:20.650,11326,11327,11326,15
2019-10-29 15:26:50.001,11325,11326,11326,1
2019-10-29 15:27:54.943,11325,11326,11326,1
2019-10-29 15:28:19.753,11325,11326,11326,2
2019-10-29 15:28:20.144,11325,11326,11326,1
2019-10-29 15:28:22.637,11325,11326,11326,2
2019-10-29 15:28:22.653,11325,11326,11326,2
2019-10-29 15:28:31.766,11325,11326,11326,1
2019-10-29 15:28:40.013,11325,11326,11326,1
2019-10-29 15:28:40.088,11325,11326,11326,2
2019-10-29 15:28:40.213,11325,11326,11326,1
2019-10-29 15:28:40.338,11325,11326,11326,1
2019-10-29 15:28:40.463,11325,11326,11326,1
2019-10-29 15:28:40.463,11325,11326,11326,1
2019-10-29 15:28:40.588,11325,11326,11326,2
2019-10-29 15:28:42.976,11325,11326,11326,9
2019-10-29 15:29:00.838,11325,11326,11326,3
2019-10-29 15:29:11.342,11326,11327,11326,1
2019-10-29 15:29:13.147,11326,11327,11327,2
2019-10-29 15:29:32.440,11326,11327,11326,1
2019-10-29 15:29:51.075,11326,11327,11326,1
2019-10-29 15:30:01.224,11326,11327,11326,1
2019-10-29 15:30:01.321,11326,11327,11326,1
2019-10-29 15:30:01.919,11326,11327,11327,2
2019-10-29 15:30:02.285,11326,11327,11327,2
2019-10-29 15:30:16.458,11326,11327,11327,1
2019-10-29 15:31:02.985,11326,11327,11327,1
2019-10-29 15:31:06.580,11326,11327,11327,2
2019-10-29 15:31:13.010,11326,11327,11326,1
2019-10-29 15:31:24.785,11326,11327,11326,1
2019-10-29 15:31:38.018,11326,11327,11327,2
2019-10-29 15:34:18.916,11326,11327,11327,1
2019-10-29 15:34:21.608,11326,11327,11327,1
2019-10-29 15:34:47.445,11326,11327,11327,1
2019-10-29 15:35:02.297,11326,11327,11327,1
2019-10-29 15:35:04.540,11326,11327,11326,15
2019-10-29 15:35:08.725,11326,11327,11327,3
2019-10-29 15:35:12.838,11326,11327,11326,6
2019-10-29 15:35:30.948,11325,11326,11326,9
2019-10-29 15:35:30.948,11325,11326,11326,3
2019-10-29 15:35:50.562,11325,11326,11325,1
2019-10-29 15:35:52.001,11325,11326,11325,1
2019-10-29 15:35:52.020,11325,11326,11325,1
2019-10-29 15:35:52.045,11325,11326,11325,1
2019-10-29 15:35:52.137,11325,11326,11325,1
2019-10-29 15:36:18.290,11325,11326,11325,1
2019-10-29 15:36:20.842,11325,11326,11326,1
2019-10-29 15:36:22.964,11325,11327,11325,1
2019-10-29 15:36:23.096,11325,11327,11327,1
2019-10-29 15:36:41.045,11325,11326,11325,1
2019-10-29 15:36:56.037,11326,11327,11326,1
2019-10-29 15:37:14.454,11326,11327,11326,1
2019-10-29 15:37:27.742,11325,11326,11326,2
2019-10-29 15:37:29.707,11325,11326,11326,1
2019-10-29 15:37:43.581,11326,11327,11326,1
2019-10-29 15:38:29.252,11325,11326,11326,1
2019-10-29 15:38:31.095,11325,11326,11326,1
2019-10-29 15:38:32.315,11325,11326,11326,1
2019-10-29 15:39:26.436,11326,11327,11326,1
2019-10-29 15:40:25.488,11326,11327,11326,1
2019-10-29 15:40:27.470,11326,11327,11326,1
2019-10-29 15:40:32.632,11326,11327,11326,1
2019-10-29 15:40:59.242,11326,11327,11327,1
2019-10-29 15:41:17.247,11326,11327,11327,1
2019-10-29 15:41:22.227,11326,11327,11327,2
2019-10-29 15:41:31.010,11326,11327,11327,1
2019-10-29 15:42:02.457,11326,11327,11327,2
2019-10-29 15:42:14.406,11326,11327,11327,1
2019-10-29 15:42:38.233,11326,11327,11327,1
2019-10-29 15:42:48.570,11326,11327,11327,2
2019-10-29 15:43:18.495,11326,11327,11327,1
2019-10-29 15:43:18.623,11326,11327,11326,2
2019-10-29 15:43:30.353,11326,11327,11327,2
2019-10-29 15:43:53.457,11326,11327,11327,1
2019-10-29 15:44:22.715,11326,11327,11327,1
2019-10-29 15:44:32.003,11326,11327,11327,1
2019-10-29 15:44:47.339,11326,11327,11326,1
2019-10-29 15:45:41.597,11326,11327,11326,5
2019-10-29 15:45:55.845,11326,11327,11326,5
2019-10-29 15:45:57.854,11326,11327,11326,2
2019-10-29 15:45:58.070,11326,11327,11326,4
2019-10-29 15:45:58.757,11326,11327,11326,2
2019-10-29 15:45:59.069,11326,11327,11326,1
2019-10-29 15:46:01.921,11326,11327,11326,2
2019-10-29 15:46:02.974,11326,11327,11326,1
2019-10-29 15:46:14.456,11326,11327,11326,1
2019-10-29 15:46:20.538,11325,11326,11326,1
2019-10-29 15:46:48.342,11325,11326,11326,1
2019-10-29 15:46:48.376,11325,11326,11326,3
2019-10-29 15:47:15.028,11325,11326,11326,1
2019-10-29 15:47:27.089,11325,11326,11326,2
2019-10-29 15:47:33.250,11325,11326,11326,1
2019-10-29 15:48:13.588,11326,11327,11326,3
2019-10-29 15:48:22.694,11326,11327,11326,1
2019-10-29 15:48:22.694,11326,11327,11326,1
2019-10-29 15:48:24.719,11325,11326,11326,1
2019-10-29 15:48:24.948,11325,11326,11325,1
2019-10-29 15:49:04.536,11325,11326,11325,5
2019-10-29 15:49:06.414,11325,11326,11325,4
2019-10-29 15:49:19.859,11325,11326,11325,30
2019-10-29 15:49:19.963,11325,11326,11325,2
2019-10-29 15:49:19.963,11325,11326,11325,2
2019-10-29 15:49:34.323,11324,11325,11324,2
2019-10-29 15:49:34.835,11324,11325,11324,1
2019-10-29 15:49:34.914,11324,11325,11324,3
2019-10-29 15:49:34.915,11324,11325,11324,2
2019-10-29 15:49:34.915,11324,11325,11324,4
2019-10-29 15:49:34.915,11324,11325,11324,4
2019-10-29 15:49:34.940,11324,11325,11324,2
2019-10-29 15:49:35.071,11324,11325,11324,1
2019-10-29 15:49:35.088,11324,11325,11324,11
2019-10-29 15:49:35.213,11324,11325,11324,2
2019-10-29 15:49:41.725,11324,11325,11324,2
2019-10-29 15:49:42.023,11324,11325,11324,1
2019-10-29 15:50:00.270,11324,11325,11324,1
2019-10-29 15:50:01.029,11324,11325,11324,3
2019-10-29 15:50:02.621,11324,11325,11324,1
2019-10-29 15:50:03.224,11324,11325,11324,1
2019-10-29 15:50:03.463,11324,11325,11324,1
2019-10-29 15:50:03.588,11324,11325,11324,5
2019-10-29 15:50:04.816,11324,11325,11324,1
2019-10-29 15:50:19.752,11323,11324,11324,1
2019-10-29 15:50:27.543,11323,11324,11323,1
2019-10-29 15:50:27.785,11323,11324,11323,1
2019-10-29 15:50:35.099,11323,11324,11323,1
2019-10-29 15:50:50.696,11323,11324,11324,5
2019-10-29 15:50:54.831,11323,11324,11324,1
2019-10-29 15:51:02.297,11323,11324,11324,1
2019-10-29 15:51:25.722,11324,11325,11324,1
2019-10-29 15:51:44.830,11323,11324,11324,1
2019-10-29 15:52:00.270,11323,11324,11324,1
2019-10-29 15:52:11.977,11323,11324,11324,1
2019-10-29 15:52:27.036,11323,11324,11324,1
2019-10-29 15:52:30.241,11323,11324,11323,1
2019-10-29 15:52:53.512,11323,11324,11323,7
2019-10-29 15:54:07.918,11323,11324,11323,7
2019-10-29 15:54:09.267,11323,11324,11323,2
2019-10-29 15:54:19.803,11323,11324,11323,1
2019-10-29 15:55:00.911,11323,11324,11323,2
2019-10-29 15:55:04.500,11323,11324,11323,1
2019-10-29 15:55:10.042,11323,11324,11323,1
2019-10-29 15:55:11.166,11323,11324,11323,1
2019-10-29 15:55:13.969,11323,11324,11323,1
2019-10-29 15:55:14.223,11323,11324,11323,1
2019-10-29 15:55:15.170,11323,11324,11323,1
2019-10-29 15:55:21.547,11323,11324,11323,1
2019-10-29 15:55:23.316,11323,11324,11323,5
2019-10-29 15:55:25.945,11323,11324,11323,4
2019-10-29 15:55:27.039,11323,11324,11323,1
2019-10-29 15:55:28.190,11323,11324,11323,1
2019-10-29 15:55:33.246,11323,11324,11323,1
2019-10-29 15:55:36.950,11323,11324,11323,1
2019-10-29 15:56:27.579,11323,11324,11323,4
2019-10-29 15:56:35.252,11323,11324,11323,12
2019-10-29 15:56:40.978,11323,11324,11323,2
2019-10-29 15:56:44.761,11323,11324,11323,1
2019-10-29 15:57:03.094,11323,11324,11323,1
2019-10-29 15:57:12.341,11323,11324,11323,1
2019-10-29 15:57:40.421,11323,11324,11324,5
2019-10-29 15:57:51.062,11323,11324,11324,1
2019-10-29 15:57:58.088,11323,11324,11324,1
2019-10-29 15:58:03.131,11323,11324,11324,4
2019-10-29 15:58:44.680,11323,11324,11324,1
2019-10-29 15:59:39.337,11323,11324,11324,2
2019-10-29 15:59:39.337,11323,11324,11324,2
2019-10-29 15:59:39.338,11323,11324,11324,2
2019-10-29 15:59:50.724,11324,11325,11324,1
2019-10-29 16:01:02.244,11324,11325,11324,8
2019-10-29 16:01:38.139,11324,11325,11325,1
2019-10-29 16:02:01.213,11324,11325,11325,13
2019-10-29 16:02:01.338,11324,11325,11325,6
2019-10-29 16:02:02.452,11325,11326,11326,7
2019-10-29 16:03:02.349,11325,11326,11325,3
2019-10-29 16:03:12.940,11325,11326,11325,2
2019-10-29 16:03:23.488,11325,11326,11326,2
2019-10-29 16:03:30.752,11325,11326,11325,1
2019-10-29 16:03:30.898,11325,11326,11326,2
2019-10-29 16:03:36.398,11325,11326,11326,1
2019-10-29 16:03:38.803,11325,11326,11326,1
2019-10-29 16:04:17.547,11325,11326,11326,1
2019-10-29 16:04:45.246,11325,11326,11326,1
2019-10-29 16:05:02.360,11325,11326,11325,3
2019-10-29 16:05:20.680,11325,11326,11325,5
2019-10-29 16:05:22.588,11325,11326,11325,11
2019-10-29 16:05:35.173,11324,11325,11324,8
2019-10-29 16:05:35.213,11324,11325,11324,12
2019-10-29 16:05:35.213,11324,11325,11324,2
2019-10-29 16:05:35.338,11324,11325,11324,1
2019-10-29 16:05:35.338,11324,11325,11324,8
2019-10-29 16:05:37.448,11323,11324,11323,3
2019-10-29 16:05:37.463,11323,11324,11323,11
2019-10-29 16:05:38.173,11322,11323,11322,1
2019-10-29 16:05:38.387,11322,11323,11323,1
2019-10-29 16:05:38.397,11322,11323,11322,2
2019-10-29 16:05:38.433,11322,11323,11323,1
2019-10-29 16:05:38.466,11322,11323,11322,3
2019-10-29 16:05:38.587,11322,11323,11322,1
2019-10-29 16:05:38.623,11322,11323,11322,3
2019-10-29 16:05:38.724,11322,11323,11322,3
2019-10-29 16:05:38.766,11322,11323,11322,3
2019-10-29 16:05:40.019,11322,11323,11322,1
2019-10-29 16:06:02.252,11322,11323,11322,1
2019-10-29 16:06:03.607,11322,11323,11322,1
2019-10-29 16:06:16.510,11322,11323,11323,4
2019-10-29 16:06:55.557,11323,11324,11323,2
2019-10-29 16:07:09.743,11323,11324,11323,1
2019-10-29 16:07:14.746,11323,11324,11323,1
2019-10-29 16:07:29.691,11323,11324,11323,2
2019-10-29 16:07:36.864,11323,11324,11323,7
2019-10-29 16:07:36.864,11323,11324,11322,6
2019-10-29 16:07:43.799,11323,11324,11323,1
2019-10-29 16:07:48.399,11323,11324,11323,2
2019-10-29 16:08:04.827,11322,11323,11323,1
2019-10-29 16:08:05.846,11322,11323,11323,1
2019-10-29 16:08:10.002,11323,11324,11323,1
2019-10-29 16:08:10.002,11323,11324,11322,1
2019-10-29 16:08:16.761,11322,11323,11323,1
2019-10-29 16:08:18.084,11322,11323,11323,7
2019-10-29 16:08:23.898,11322,11323,11323,1
2019-10-29 16:08:28.890,11322,11324,11322,2
2019-10-29 16:08:53.596,11322,11323,11323,1
2019-10-29 16:09:04.235,11322,11323,11323,7
2019-10-29 16:09:45.243,11323,11324,11323,1
2019-10-29 16:10:20.317,11322,11323,11322,1
2019-10-29 16:10:20.427,11322,11323,11323,1
2019-10-29 16:10:32.900,11322,11323,11323,1
2019-10-29 16:10:41.442,11322,11323,11322,1
2019-10-29 16:10:58.614,11322,11323,11322,2
2019-10-29 16:11:29.184,11322,11323,11322,1
2019-10-29 16:11:34.551,11322,11323,11322,1
2019-10-29 16:11:51.639,11322,11323,11322,1
2019-10-29 16:11:59.525,11322,11323,11322,1
2019-10-29 16:12:02.133,11322,11323,11322,1
2019-10-29 16:12:04.745,11322,11323,11322,2
2019-10-29 16:12:18.720,11322,11323,11322,8
2019-10-29 16:12:18.722,11322,11323,11322,2
2019-10-29 16:12:18.722,11322,11323,11322,3
2019-10-29 16:12:23.989,11321,11322,11321,2
2019-10-29 16:12:24.088,11321,11322,11321,8
2019-10-29 16:12:24.213,11321,11322,11321,4
2019-10-29 16:12:24.338,11321,11322,11321,7
2019-10-29 16:12:24.338,11321,11322,11321,16
2019-10-29 16:12:33.930,11320,11321,11320,10
2019-10-29 16:12:33.963,11320,11321,11320,6
2019-10-29 16:12:33.963,11320,11321,11320,1
2019-10-29 16:12:33.980,11320,11321,11320,5
2019-10-29 16:12:33.984,11320,11321,11320,2
2019-10-29 16:12:33.984,11320,11321,11320,4
2019-10-29 16:12:33.993,11320,11321,11319,1
2019-10-29 16:12:34.278,11319,11320,11319,10
2019-10-29 16:12:34.399,11319,11320,11319,2
2019-10-29 16:12:34.506,11319,11320,11319,1
2019-10-29 16:12:35.850,11319,11320,11319,6
2019-10-29 16:12:35.860,11319,11320,11319,1
2019-10-29 16:12:35.959,11319,11320,11319,1
2019-10-29 16:12:36.005,11319,11320,11319,1
2019-10-29 16:12:36.088,11319,11320,11319,9
2019-10-29 16:12:36.555,11318,11319,11319,2
2019-10-29 16:12:39.194,11318,11319,11319,1
2019-10-29 16:12:59.237,11318,11319,11318,1
2019-10-29 16:12:59.362,11318,11319,11318,2
2019-10-29 16:12:59.489,11318,11319,11318,1
2019-10-29 16:12:59.867,11318,11319,11318,1
2019-10-29 16:12:59.949,11318,11319,11318,1
2019-10-29 16:13:00.987,11318,11319,11318,2
2019-10-29 16:13:03.114,11318,11319,11318,6
2019-10-29 16:13:03.380,11318,11319,11318,1
2019-10-29 16:13:03.517,11318,11319,11318,3
2019-10-29 16:13:03.584,11318,11319,11318,1
2019-10-29 16:13:03.588,11318,11319,11318,9
2019-10-29 16:13:05.836,11317,11318,11317,1
2019-10-29 16:13:05.928,11317,11318,11317,1
2019-10-29 16:13:08.700,11317,11318,11317,3
2019-10-29 16:13:09.274,11317,11318,11317,1
2019-10-29 16:13:09.311,11317,11318,11317,2
2019-10-29 16:13:09.730,11317,11318,11317,2
2019-10-29 16:13:09.809,11317,11318,11317,1
2019-10-29 16:13:10.400,11317,11318,11317,1
2019-10-29 16:13:10.865,11317,11318,11317,1
2019-10-29 16:13:11.144,11317,11318,11318,1
2019-10-29 16:13:13.675,11317,11318,11317,4
2019-10-29 16:13:15.582,11316,11317,11316,2
2019-10-29 16:13:15.610,11316,11317,11316,1
2019-10-29 16:13:15.625,11316,11317,11316,1
2019-10-29 16:13:15.805,11316,11317,11316,1
2019-10-29 16:13:21.911,11316,11317,11316,1
2019-10-29 16:13:25.095,11316,11317,11316,3
2019-10-29 16:13:26.750,11316,11317,11316,2
2019-10-29 16:13:27.537,11316,11317,11316,3
2019-10-29 16:13:28.320,11316,11317,11316,1
2019-10-29 16:13:28.556,11316,11317,11316,1
2019-10-29 16:13:29.184,11316,11317,11316,2
2019-10-29 16:13:31.519,11316,11317,11316,1
2019-10-29 16:13:34.056,11316,11317,11316,1
2019-10-29 16:13:40.943,11316,11317,11316,2
2019-10-29 16:13:41.530,11316,11317,11316,1
2019-10-29 16:13:42.482,11316,11317,11316,3
2019-10-29 16:13:44.913,11316,11317,11317,1
2019-10-29 16:13:47.101,11316,11317,11316,3
2019-10-29 16:13:48.250,11316,11317,11316,1
2019-10-29 16:13:49.292,11316,11317,11316,2
2019-10-29 16:13:49.628,11316,11317,11317,1
2019-10-29 16:13:50.004,11316,11317,11316,2
2019-10-29 16:13:58.808,11316,11317,11317,5
2019-10-29 16:14:02.082,11316,11317,11316,10
2019-10-29 16:14:02.088,11316,11317,11316,1
2019-10-29 16:14:02.088,11316,11317,11316,1
2019-10-29 16:14:04.697,11315,11316,11316,1
2019-10-29 16:14:05.733,11315,11316,11316,1
2019-10-29 16:14:09.230,11315,11316,11315,2
2019-10-29 16:14:09.462,11315,11316,11315,2
2019-10-29 16:14:09.631,11315,11316,11316,1
2019-10-29 16:14:14.637,11315,11316,11316,1
2019-10-29 16:14:18.250,11315,11316,11316,1
2019-10-29 16:14:20.033,11315,11316,11315,1
2019-10-29 16:14:21.240,11315,11316,11315,3
2019-10-29 16:14:25.155,11315,11316,11315,6
2019-10-29 16:14:26.951,11315,11316,11316,1
2019-10-29 16:14:28.285,11315,11316,11315,2
2019-10-29 16:14:28.431,11315,11316,11315,4
2019-10-29 16:14:30.737,11315,11316,11315,2
2019-10-29 16:14:31.338,11315,11316,11315,2
2019-10-29 16:14:31.641,11315,11316,11315,4
2019-10-29 16:14:31.838,11315,11316,11315,1
2019-10-29 16:14:32.252,11315,11316,11315,1
2019-10-29 16:14:32.310,11315,11316,11315,2
2019-10-29 16:14:35.138,11314,11315,11315,3
2019-10-29 16:14:37.060,11315,11316,11315,2
2019-10-29 16:14:38.338,11315,11316,11315,1
2019-10-29 16:14:39.047,11315,11316,11315,2
2019-10-29 16:14:42.934,11315,11316,11315,2
2019-10-29 16:14:45.385,11315,11316,11315,1
2019-10-29 16:14:47.825,11315,11316,11315,1
2019-10-29 16:14:47.961,11315,11316,11315,1
2019-10-29 16:14:48.121,11315,11316,11315,1
2019-10-29 16:14:48.298,11315,11316,11315,1
2019-10-29 16:14:48.557,11315,11316,11315,1
2019-10-29 16:14:48.734,11315,11316,11315,1
2019-10-29 16:14:48.926,11315,11316,11315,1
2019-10-29 16:14:49.163,11315,11316,11315,1
2019-10-29 16:14:49.382,11314,11316,11316,7
2019-10-29 16:14:51.426,11315,11316,11315,1
2019-10-29 16:14:53.923,11315,11316,11316,3
2019-10-29 16:14:55.121,11315,11316,11315,1
2019-10-29 16:14:55.217,11315,11316,11315,1
2019-10-29 16:14:57.280,11315,11316,11316,1
2019-10-29 16:14:58.368,11315,11316,11316,1
2019-10-29 16:14:58.749,11315,11316,11316,1
2019-10-29 16:14:59.336,11315,11316,11315,2
2019-10-29 16:15:01.874,11315,11316,11316,1
2019-10-29 16:15:02.551,11315,11316,11315,1
2019-10-29 16:15:03.643,11315,11316,11316,1
2019-10-29 16:15:05.552,11315,11316,11316,1
2019-10-29 16:15:09.025,11315,11316,11316,10
2019-10-29 16:15:09.213,11316,11317,11316,1
2019-10-29 16:15:09.463,11316,11317,11316,2
2019-10-29 16:15:14.588,11316,11317,11316,2
2019-10-29 16:15:15.909,11316,11317,11316,5
2019-10-29 16:15:18.963,11316,11317,11316,2
2019-10-29 16:15:18.988,11316,11317,11316,2
2019-10-29 16:15:23.387,11316,11317,11316,1
2019-10-29 16:15:26.282,11315,11316,11315,1
2019-10-29 16:15:26.803,11315,11316,11316,1
2019-10-29 16:15:27.255,11315,11316,11316,1
2019-10-29 16:15:27.694,11315,11316,11316,3
2019-10-29 16:15:27.871,11316,11317,11316,1
2019-10-29 16:15:33.533,11316,11317,11317,1
2019-10-29 16:15:41.540,11316,11317,11317,1
2019-10-29 16:15:43.494,11316,11317,11316,1
2019-10-29 16:15:51.903,11316,11317,11316,2
2019-10-29 16:15:57.045,11316,11317,11316,1
2019-10-29 16:15:57.906,11316,11317,11316,1
2019-10-29 16:15:58.536,11316,11317,11316,1
2019-10-29 16:16:01.966,11316,11317,11316,2
2019-10-29 16:16:02.088,11316,11317,11316,4
2019-10-29 16:16:12.026,11315,11316,11316,2
2019-10-29 16:16:13.044,11315,11316,11316,1
2019-10-29 16:16:16.312,11315,11316,11316,1
2019-10-29 16:16:19.491,11315,11317,11317,1
2019-10-29 16:16:23.306,11315,11316,11316,1
2019-10-29 16:16:24.656,11315,11316,11316,1
2019-10-29 16:16:26.612,11315,11316,11316,1
2019-10-29 16:16:27.686,11315,11316,11316,1
2019-10-29 16:16:32.608,11315,11316,11316,1
2019-10-29 16:16:35.456,11315,11316,11316,1
2019-10-29 16:16:44.141,11315,11316,11316,1
2019-10-29 16:16:45.639,11315,11316,11316,3
2019-10-29 16:16:47.787,11315,11316,11316,1
2019-10-29 16:16:57.150,11315,11316,11315,1
2019-10-29 16:17:00.559,11315,11316,11316,1
2019-10-29 16:17:01.701,11315,11316,11316,5
2019-10-29 16:17:01.999,11316,11317,11316,1
2019-10-29 16:17:02.963,11316,11317,11316,20
2019-10-29 16:17:04.268,11315,11316,11316,1
2019-10-29 16:17:04.467,11315,11316,11315,1
2019-10-29 16:17:07.463,11315,11316,11315,1
2019-10-29 16:17:07.470,11315,11316,11315,1
2019-10-29 16:17:10.337,11315,11316,11315,9
2019-10-29 16:17:13.640,11315,11316,11315,5
2019-10-29 16:17:16.589,11315,11316,11315,1
2019-10-29 16:17:19.335,11315,11316,11315,1
2019-10-29 16:17:20.103,11315,11316,11315,1
2019-10-29 16:17:20.804,11315,11316,11315,2
2019-10-29 16:17:23.253,11315,11316,11315,1
2019-10-29 16:17:37.082,11315,11316,11316,1
2019-10-29 16:17:41.233,11315,11316,11316,1
2019-10-29 16:17:47.333,11315,11316,11316,1
2019-10-29 16:17:52.208,11315,11316,11316,2
2019-10-29 16:17:53.487,11315,11316,11316,1
2019-10-29 16:17:54.047,11315,11316,11315,1
2019-10-29 16:17:56.088,11315,11316,11316,10
2019-10-29 16:17:56.463,11315,11316,11316,1
2019-10-29 16:18:01.207,11316,11317,11316,1
2019-10-29 16:18:04.693,11316,11317,11316,1
2019-10-29 16:18:04.693,11316,11317,11315,1
2019-10-29 16:18:04.804,11315,11316,11316,1
2019-10-29 16:18:05.104,11316,11317,11316,1
2019-10-29 16:18:23.196,11315,11316,11315,1
2019-10-29 16:18:36.881,11315,11316,11315,3
2019-10-29 16:18:44.286,11315,11316,11315,1
2019-10-29 16:18:50.522,11314,11315,11315,1
2019-10-29 16:18:50.760,11314,11315,11314,6
2019-10-29 16:19:03.789,11314,11315,11314,25
2019-10-29 16:19:05.891,11314,11315,11314,1
2019-10-29 16:19:08.524,11314,11315,11314,3
2019-10-29 16:19:09.473,11313,11314,11313,1
2019-10-29 16:19:09.678,11313,11314,11313,1
2019-10-29 16:19:09.686,11313,11314,11313,1
2019-10-29 16:19:10.034,11313,11314,11313,1
2019-10-29 16:19:13.632,11313,11314,11313,4
2019-10-29 16:19:13.956,11313,11314,11313,15
2019-10-29 16:19:14.618,11312,11313,11312,1
2019-10-29 16:19:15.294,11312,11313,11313,3
2019-10-29 16:19:15.351,11312,11313,11312,1
2019-10-29 16:19:15.794,11312,11313,11313,1
2019-10-29 16:19:18.232,11312,11313,11312,1
2019-10-29 16:19:20.753,11312,11313,11312,1
2019-10-29 16:19:20.974,11312,11313,11312,5
2019-10-29 16:19:22.516,11312,11313,11312,1
2019-10-29 16:19:23.896,11312,11313,11312,2
2019-10-29 16:19:25.818,11312,11313,11312,3
2019-10-29 16:19:27.545,11312,11313,11312,4
2019-10-29 16:19:28.616,11312,11313,11312,1
2019-10-29 16:19:31.863,11312,11313,11312,2
2019-10-29 16:19:32.349,11312,11313,11312,6
2019-10-29 16:19:34.727,11312,11313,11312,3
2019-10-29 16:19:35.327,11312,11313,11312,3
2019-10-29 16:19:35.340,11311,11312,11312,2
2019-10-29 16:19:37.101,11312,11313,11312,2
2019-10-29 16:19:37.213,11311,11312,11312,4
2019-10-29 16:19:38.213,11311,11312,11312,5
2019-10-29 16:19:39.654,11311,11312,11312,5
2019-10-29 16:19:39.666,11311,11312,11312,3
2019-10-29 16:19:51.280,11312,11313,11312,1
2019-10-29 16:19:56.413,11312,11313,11313,1
2019-10-29 16:19:57.426,11312,11313,11313,1
2019-10-29 16:20:04.507,11312,11313,11313,4
2019-10-29 16:20:04.933,11312,11313,11312,1
2019-10-29 16:20:08.260,11312,11313,11312,3
2019-10-29 16:20:11.746,11312,11313,11312,6
2019-10-29 16:20:18.453,11312,11313,11312,1
2019-10-29 16:20:20.539,11312,11313,11313,43
2019-10-29 16:20:20.540,11312,11313,11313,1
2019-10-29 16:20:20.775,11313,11314,11313,1
2019-10-29 16:20:22.011,11313,11314,11314,2
2019-10-29 16:20:22.095,11313,11314,11313,1
2019-10-29 16:20:22.292,11313,11314,11314,1
2019-10-29 16:20:23.362,11313,11314,11313,1
2019-10-29 16:20:28.049,11313,11314,11314,1
2019-10-29 16:20:39.470,11313,11314,11313,1
2019-10-29 16:20:39.470,11313,11314,11313,1
2019-10-29 16:20:44.292,11312,11313,11313,1
2019-10-29 16:20:52.173,11312,11313,11313,1
2019-10-29 16:20:52.846,11312,11313,11313,1
2019-10-29 16:20:53.106,11312,11313,11313,1
2019-10-29 16:20:55.789,11312,11313,11313,1
2019-10-29 16:20:59.089,11312,11313,11313,1
2019-10-29 16:20:59.619,11312,11313,11313,1
2019-10-29 16:20:59.713,11312,11313,11313,1
2019-10-29 16:21:00.612,11313,11314,11313,1
2019-10-29 16:21:01.949,11313,11314,11313,1
2019-10-29 16:21:07.107,11312,11313,11313,2
2019-10-29 16:21:08.099,11312,11313,11313,1
2019-10-29 16:21:15.560,11312,11313,11312,3
2019-10-29 16:21:15.713,11312,11313,11312,2
2019-10-29 16:21:15.738,11312,11313,11312,2
2019-10-29 16:21:15.764,11312,11313,11312,2
2019-10-29 16:21:19.868,11312,11313,11312,5
2019-10-29 16:21:28.453,11312,11313,11312,1
2019-10-29 16:21:35.229,11312,11313,11312,1
2019-10-29 16:21:37.554,11312,11313,11312,3
2019-10-29 16:21:40.576,11312,11313,11312,18
2019-10-29 16:21:40.596,11312,11313,11312,5
2019-10-29 16:21:40.919,11311,11312,11312,5
2019-10-29 16:21:42.871,11312,11313,11312,5
2019-10-29 16:21:42.923,11312,11313,11312,2
2019-10-29 16:21:43.088,11311,11312,11312,3
2019-10-29 16:21:48.279,11312,11313,11312,1
2019-10-29 16:21:49.461,11312,11313,11312,1
2019-10-29 16:21:55.197,11312,11313,11312,3
2019-10-29 16:21:59.304,11312,11313,11312,2
2019-10-29 16:21:59.755,11311,11312,11312,1
2019-10-29 16:22:07.755,11311,11312,11312,1
2019-10-29 16:22:09.475,11312,11313,11312,4
2019-10-29 16:22:09.588,11311,11312,11312,1
2019-10-29 16:22:17.430,11312,11313,11312,2
2019-10-29 16:22:17.755,11311,11312,11312,3
2019-10-29 16:22:20.999,11312,11313,11312,1
2019-10-29 16:22:21.304,11311,11313,11311,1
2019-10-29 16:22:21.471,11311,11313,11311,1
2019-10-29 16:22:21.637,11311,11313,11312,1
2019-10-29 16:22:22.047,11311,11313,11311,1
2019-10-29 16:22:25.271,11311,11312,11312,2
2019-10-29 16:22:28.591,11311,11312,11312,1
2019-10-29 16:22:37.338,11311,11312,11312,9
2019-10-29 16:22:38.755,11311,11312,11312,2
2019-10-29 16:22:44.049,11311,11312,11312,1
2019-10-29 16:22:52.044,11312,11313,11312,1
2019-10-29 16:22:53.527,11312,11313,11312,2
2019-10-29 16:23:03.721,11312,11313,11312,11
2019-10-29 16:23:04.133,11311,11313,11313,1
2019-10-29 16:23:04.134,11311,11313,11313,2
2019-10-29 16:23:04.180,11311,11313,11313,3
2019-10-29 16:23:04.186,11311,11313,11313,3
2019-10-29 16:23:04.199,11311,11313,11313,1
2019-10-29 16:23:04.286,11311,11313,11313,2
2019-10-29 16:23:04.311,11311,11313,11312,1
2019-10-29 16:23:04.338,11311,11312,11312,1
2019-10-29 16:23:04.352,11311,11312,11312,3
2019-10-29 16:23:04.352,11311,11312,11312,1
2019-10-29 16:23:04.352,11311,11312,11313,2
2019-10-29 16:23:04.373,11311,11312,11312,2
2019-10-29 16:23:04.374,11311,11312,11313,3
2019-10-29 16:23:04.463,11311,11312,11312,1
2019-10-29 16:23:04.463,11311,11312,11312,1
2019-10-29 16:23:04.463,11311,11312,11313,1
2019-10-29 16:23:04.532,11311,11312,11312,1
2019-10-29 16:23:04.568,11311,11312,11312,1
2019-10-29 16:23:04.568,11311,11312,11313,2
2019-10-29 16:23:04.588,11311,11313,11312,1
2019-10-29 16:23:04.588,11311,11313,11312,1
2019-10-29 16:23:04.591,11311,11313,11313,3
2019-10-29 16:23:04.592,11311,11313,11313,3
2019-10-29 16:23:04.596,11311,11313,11313,3
2019-10-29 16:23:04.617,11311,11313,11312,2
2019-10-29 16:23:04.617,11311,11313,11313,1
2019-10-29 16:23:04.634,11311,11313,11313,3
2019-10-29 16:23:04.640,11311,11313,11313,3
2019-10-29 16:23:04.643,11311,11313,11312,2
2019-10-29 16:23:04.655,11311,11313,11314,2
2019-10-29 16:23:04.657,11311,11313,11314,2
2019-10-29 16:23:04.672,11311,11313,11314,2
2019-10-29 16:23:04.673,11311,11313,11314,3
2019-10-29 16:23:04.680,11311,11313,11314,1
2019-10-29 16:23:04.681,11311,11313,11313,2
2019-10-29 16:23:04.697,11311,11313,11314,2
2019-10-29 16:23:04.706,11311,11313,11313,2
2019-10-29 16:23:04.713,11313,11314,11313,1
2019-10-29 16:23:04.714,11313,11314,11313,2
2019-10-29 16:23:05.703,11312,11313,11313,2
2019-10-29 16:23:05.703,11312,11313,11314,2
2019-10-29 16:23:05.706,11312,11313,11314,3
2019-10-29 16:23:05.706,11312,11313,11314,3
2019-10-29 16:23:05.706,11312,11313,11314,1
2019-10-29 16:23:05.706,11312,11313,11314,2
2019-10-29 16:23:05.706,11312,11313,11314,3
2019-10-29 16:23:05.706,11312,11313,11314,3
2019-10-29 16:23:05.706,11312,11313,11314,1
2019-10-29 16:23:08.413,11312,11314,11313,1
2019-10-29 16:23:16.329,11312,11313,11313,5
2019-10-29 16:23:23.774,11312,11313,11312,1
2019-10-29 16:23:25.918,11312,11313,11312,4
2019-10-29 16:23:47.572,11312,11313,11313,2
2019-10-29 16:23:47.776,11312,11313,11312,1
2019-10-29 16:23:47.935,11312,11313,11312,2
2019-10-29 16:23:54.658,11312,11313,11312,3
2019-10-29 16:23:57.615,11312,11313,11312,1
2019-10-29 16:24:01.268,11312,11313,11312,1
2019-10-29 16:24:01.450,11312,11313,11313,1
2019-10-29 16:24:01.464,11312,11313,11312,1
2019-10-29 16:24:01.589,11312,11313,11312,25
2019-10-29 16:24:03.079,11312,11313,11312,1
2019-10-29 16:24:04.373,11312,11313,11312,1
2019-10-29 16:24:05.216,11312,11313,11312,1
2019-10-29 16:24:05.225,11312,11313,11312,8
2019-10-29 16:24:05.898,11311,11312,11312,1
2019-10-29 16:24:07.647,11311,11312,11312,3
2019-10-29 16:24:07.712,11311,11312,11312,1
2019-10-29 16:24:10.461,11311,11312,11312,1
2019-10-29 16:24:12.800,11311,11312,11312,1
2019-10-29 16:24:16.225,11311,11312,11311,2
2019-10-29 16:24:16.478,11311,11312,11311,1
2019-10-29 16:24:18.815,11311,11312,11311,1
2019-10-29 16:24:24.683,11311,11312,11311,33
2019-10-29 16:24:26.651,11310,11311,11311,1
2019-10-29 16:24:27.714,11310,11311,11311,7
2019-10-29 16:24:34.332,11311,11312,11311,8
2019-10-29 16:24:36.170,11310,11311,11311,1
2019-10-29 16:24:36.924,11310,11311,11311,3
2019-10-29 16:24:38.616,11310,11311,11311,15
2019-10-29 16:24:38.857,11310,11311,11311,12
2019-10-29 16:24:39.893,11311,11312,11311,1
2019-10-29 16:24:40.325,11311,11312,11311,1
2019-10-29 16:24:40.768,11311,11312,11311,1
2019-10-29 16:24:42.570,11310,11311,11311,2
2019-10-29 16:24:43.885,11310,11311,11311,1
2019-10-29 16:24:44.808,11310,11311,11311,1
2019-10-29 16:24:49.160,11310,11311,11311,1
2019-10-29 16:24:50.506,11310,11311,11310,1
2019-10-29 16:24:50.608,11310,11311,11310,1
2019-10-29 16:24:50.654,11310,11311,11310,4
2019-10-29 16:24:50.770,11310,11311,11311,1
2019-10-29 16:24:51.005,11310,11311,11310,1
2019-10-29 16:24:55.620,11310,11311,11310,1
2019-10-29 16:24:56.940,11310,11311,11311,2
2019-10-29 16:24:58.765,11310,11311,11311,1
2019-10-29 16:25:01.013,11310,11311,11310,2
2019-10-29 16:25:01.666,11310,11311,11310,2
2019-10-29 16:25:02.215,11310,11311,11310,4
2019-10-29 16:25:04.157,11310,11311,11310,10
2019-10-29 16:25:05.656,11310,11311,11310,2
2019-10-29 16:25:08.753,11310,11311,11310,10
2019-10-29 16:25:12.258,11310,11311,11310,5
2019-10-29 16:25:13.364,11310,11311,11310,1
2019-10-29 16:25:14.131,11310,11311,11310,1
2019-10-29 16:25:14.458,11310,11311,11310,1
2019-10-29 16:25:15.650,11310,11311,11310,2
2019-10-29 16:25:16.820,11310,11311,11310,2
2019-10-29 16:25:18.326,11310,11311,11310,2
2019-10-29 16:25:20.384,11309,11310,11310,1
2019-10-29 16:25:25.745,11309,11310,11310,12
2019-10-29 16:25:30.086,11310,11311,11310,3
2019-10-29 16:25:31.289,11310,11311,11310,2
2019-10-29 16:25:37.056,11310,11311,11311,10
2019-10-29 16:25:37.213,11311,11312,11311,3
2019-10-29 16:25:37.899,11311,11312,11311,3
2019-10-29 16:25:42.338,11311,11312,11311,11
2019-10-29 16:25:42.409,11311,11312,11311,1
2019-10-29 16:25:42.780,11311,11312,11311,1
2019-10-29 16:25:47.071,11311,11312,11311,19
2019-10-29 16:25:47.089,11310,11311,11311,11
2019-10-29 16:25:48.555,11310,11311,11311,1
2019-10-29 16:25:49.912,11311,11312,11311,2
2019-10-29 16:25:51.970,11310,11311,11310,31
2019-10-29 16:25:52.091,11309,11310,11310,19
2019-10-29 16:26:04.332,11310,11311,11311,3
2019-10-29 16:26:07.101,11310,11311,11311,1
2019-10-29 16:26:10.482,11310,11311,11310,1
2019-10-29 16:26:11.796,11310,11311,11310,1
2019-10-29 16:26:14.530,11310,11311,11310,1
2019-10-29 16:26:18.525,11310,11311,11310,1
2019-10-29 16:26:22.445,11310,11311,11311,2
2019-10-29 16:26:33.710,11310,11311,11311,1
2019-10-29 16:26:33.715,11310,11311,11311,1
2019-10-29 16:26:34.921,11310,11311,11311,1
2019-10-29 16:26:36.568,11310,11311,11310,25
2019-10-29 16:26:37.201,11309,11311,11311,30
2019-10-29 16:26:37.711,11310,11311,11311,2
2019-10-29 16:26:51.789,11311,11312,11312,1
2019-10-29 16:26:53.938,11311,11312,11312,1
2019-10-29 16:27:04.520,11311,11312,11312,1
2019-10-29 16:27:06.759,11311,11312,11312,1
2019-10-29 16:27:07.685,11311,11312,11312,1
2019-10-29 16:27:08.946,11311,11312,11312,1
2019-10-29 16:27:10.257,11311,11312,11312,1
2019-10-29 16:27:13.390,11311,11312,11312,1
2019-10-29 16:27:14.896,11311,11312,11312,1
2019-10-29 16:27:19.065,11311,11312,11312,2
2019-10-29 16:27:19.226,11311,11312,11311,1
2019-10-29 16:27:22.577,11311,11312,11312,1
2019-10-29 16:27:48.040,11311,11312,11312,1
2019-10-29 16:27:49.067,11311,11312,11312,1
2019-10-29 16:27:49.232,11311,11312,11312,3
2019-10-29 16:27:54.298,11311,11312,11312,4
2019-10-29 16:27:54.855,11311,11312,11312,1
2019-10-29 16:28:04.878,11311,11312,11312,1
2019-10-29 16:28:05.245,11311,11312,11311,25
2019-10-29 16:28:07.191,11310,11312,11312,1
2019-10-29 16:28:10.302,11310,11311,11311,1
2019-10-29 16:28:11.341,11311,11312,11311,1
2019-10-29 16:28:13.574,11311,11312,11312,1
2019-10-29 16:28:16.077,11311,11312,11311,2
2019-10-29 16:28:19.817,11311,11312,11312,5
2019-10-29 16:28:23.281,11311,11312,11311,1
2019-10-29 16:28:27.695,11311,11312,11312,1
2019-10-29 16:28:46.079,11311,11312,11311,1
2019-10-29 16:28:47.265,11311,11312,11311,1
2019-10-29 16:28:47.795,11311,11312,11311,1
2019-10-29 16:28:52.499,11311,11312,11311,1
2019-10-29 16:28:55.838,11311,11312,11311,1
2019-10-29 16:28:55.838,11311,11312,11311,2
2019-10-29 16:28:55.838,11311,11312,11311,9
2019-10-29 16:29:05.187,11310,11311,11310,5
2019-10-29 16:29:06.107,11310,11311,11310,5
2019-10-29 16:29:06.149,11310,11311,11310,1
2019-10-29 16:29:11.435,11310,11311,11310,4
2019-10-29 16:29:17.259,11309,11310,11310,1
2019-10-29 16:29:22.100,11309,11310,11310,1
2019-10-29 16:29:25.639,11309,11310,11310,1
2019-10-29 16:29:29.476,11309,11310,11310,1
2019-10-29 16:29:31.114,11309,11310,11310,1
2019-10-29 16:29:43.860,11309,11310,11309,1
2019-10-29 16:29:44.238,11309,11310,11309,1
2019-10-29 16:29:48.887,11309,11310,11310,1
2019-10-29 16:29:51.262,11309,11310,11310,1
2019-10-29 16:29:51.557,11309,11310,11309,1
2019-10-29 16:30:07.822,11309,11310,11309,1
2019-10-29 16:30:07.992,11309,11310,11309,1
2019-10-29 16:30:08.007,11309,11310,11309,1
2019-10-29 16:30:08.115,11309,11310,11309,6
2019-10-29 16:30:08.153,11309,11310,11309,12
2019-10-29 16:30:08.153,11309,11310,11308,12
2019-10-29 16:30:08.262,11308,11310,11308,2
2019-10-29 16:30:08.341,11308,11309,11309,1
2019-10-29 16:30:08.446,11308,11309,11309,1
2019-10-29 16:30:08.922,11308,11310,11308,3
2019-10-29 16:30:09.071,11308,11310,11308,1
2019-10-29 16:30:10.837,11308,11309,11309,1
2019-10-29 16:30:14.214,11309,11310,11309,2
2019-10-29 16:30:15.684,11309,11310,11309,2
2019-10-29 16:30:16.286,11309,11310,11309,1
2019-10-29 16:30:16.329,11309,11310,11309,1
2019-10-29 16:30:16.808,11309,11310,11309,1
2019-10-29 16:30:19.745,11309,11310,11309,3
2019-10-29 16:30:23.102,11308,11309,11309,1
2019-10-29 16:30:25.966,11308,11309,11309,2
2019-10-29 16:30:38.229,11309,11310,11309,1
2019-10-29 16:30:44.109,11309,11310,11310,3
2019-10-29 16:30:45.286,11309,11310,11310,20
2019-10-29 16:30:46.938,11309,11310,11310,1
2019-10-29 16:30:50.404,11309,11310,11310,1
2019-10-29 16:30:51.960,11309,11310,11310,1
2019-10-29 16:30:54.673,11309,11310,11310,1
2019-10-29 16:30:57.995,11309,11311,11309,1
2019-10-29 16:31:22.276,11309,11310,11310,1
2019-10-29 16:31:23.643,11309,11310,11310,1
2019-10-29 16:31:26.247,11309,11310,11309,11
2019-10-29 16:31:27.487,11309,11310,11310,1
2019-10-29 16:31:27.755,11309,11310,11309,1
2019-10-29 16:31:49.108,11309,11310,11310,4
2019-10-29 16:32:02.379,11309,11310,11309,3
2019-10-29 16:32:02.678,11309,11310,11310,1
2019-10-29 16:32:03.371,11309,11310,11309,1
2019-10-29 16:32:04.167,11309,11310,11309,1
2019-10-29 16:32:08.006,11309,11310,11310,5
2019-10-29 16:32:12.687,11309,11310,11310,1
2019-10-29 16:32:12.825,11309,11310,11310,1
2019-10-29 16:32:16.616,11309,11310,11310,1
2019-10-29 16:32:17.754,11309,11310,11310,1
2019-10-29 16:32:24.310,11309,11310,11310,1
2019-10-29 16:32:29.835,11309,11310,11310,1
2019-10-29 16:32:31.499,11309,11310,11310,1
2019-10-29 16:32:34.554,11309,11310,11310,5
2019-10-29 16:32:40.744,11309,11310,11310,1
2019-10-29 16:32:49.461,11309,11310,11310,1
2019-10-29 16:32:51.045,11309,11310,11310,18
2019-10-29 16:32:51.705,11310,11311,11310,2
2019-10-29 16:32:58.784,11310,11311,11310,1
2019-10-29 16:33:19.868,11310,11311,11310,1
2019-10-29 16:33:29.665,11310,11311,11310,1
2019-10-29 16:34:00.548,11310,11311,11311,1
2019-10-29 16:34:04.768,11310,11311,11310,2
2019-10-29 16:34:04.981,11310,11311,11310,5
2019-10-29 16:34:05.578,11310,11311,11310,5
2019-10-29 16:34:06.092,11310,11311,11310,5
2019-10-29 16:34:06.848,11310,11311,11310,5
2019-10-29 16:34:06.963,11310,11311,11310,18
2019-10-29 16:34:10.044,11309,11310,11310,3
2019-10-29 16:34:14.739,11309,11310,11310,15
2019-10-29 16:34:26.142,11310,11311,11310,1
2019-10-29 16:34:26.420,11310,11311,11310,4
2019-10-29 16:34:29.721,11309,11310,11310,1
2019-10-29 16:34:31.821,11309,11310,11309,2
2019-10-29 16:34:43.524,11309,11310,11310,1
2019-10-29 16:34:44.754,11309,11310,11310,9
2019-10-29 16:34:52.062,11310,11311,11310,1
2019-10-29 16:35:12.660,11310,11311,11310,4
2019-10-29 16:35:13.412,11310,11311,11311,1
2019-10-29 16:35:14.912,11310,11311,11310,10
2019-10-29 16:35:17.312,11310,11311,11311,1
2019-10-29 16:35:17.753,11310,11311,11311,1
2019-10-29 16:35:17.796,11310,11311,11311,1
2019-10-29 16:35:17.856,11310,11311,11311,1
2019-10-29 16:35:18.981,11310,11311,11311,1
2019-10-29 16:35:20.907,11310,11311,11311,2
2019-10-29 16:35:20.963,11310,11311,11311,12
2019-10-29 16:35:20.989,11310,11311,11310,2
2019-10-29 16:35:21.014,11310,11311,11310,2
2019-10-29 16:35:21.039,11310,11311,11310,2
2019-10-29 16:35:21.065,11310,11311,11310,2
2019-10-29 16:35:21.088,11310,11311,11310,2
2019-10-29 16:35:21.098,11310,11311,11310,2
2019-10-29 16:35:22.210,11310,11311,11311,1
2019-10-29 16:35:22.966,11311,11312,11311,1
2019-10-29 16:35:23.064,11311,11312,11310,1
2019-10-29 16:35:23.176,11310,11312,11310,1
2019-10-29 16:35:23.232,11310,11312,11310,1
2019-10-29 16:35:23.251,11310,11312,11310,1
2019-10-29 16:35:23.274,11310,11312,11310,1
2019-10-29 16:35:24.499,11311,11312,11311,1
2019-10-29 16:35:31.093,11311,11312,11311,1
2019-10-29 16:35:43.153,11310,11311,11311,5
2019-10-29 16:35:43.215,11310,11311,11311,1
2019-10-29 16:35:47.770,11310,11311,11310,1
2019-10-29 16:35:49.160,11310,11311,11310,1
2019-10-29 16:36:05.809,11310,11311,11311,11
2019-10-29 16:36:05.975,11311,11312,11311,4
2019-10-29 16:36:36.846,11311,11312,11311,13
2019-10-29 16:36:52.637,11310,11311,11311,1
2019-10-29 16:36:55.942,11310,11311,11311,1
2019-10-29 16:36:56.267,11310,11311,11311,1
2019-10-29 16:36:57.945,11310,11311,11311,1
2019-10-29 16:37:00.156,11310,11311,11311,3
2019-10-29 16:37:02.369,11310,11311,11311,1
2019-10-29 16:37:10.578,11310,11311,11311,1
2019-10-29 16:37:16.070,11310,11311,11311,1
2019-10-29 16:37:19.932,11311,11312,11311,1
2019-10-29 16:37:25.567,11311,11312,11311,1
2019-10-29 16:37:31.037,11311,11312,11311,1
2019-10-29 16:37:51.921,11311,11312,11311,1
2019-10-29 16:37:51.922,11311,11312,11311,4
2019-10-29 16:38:06.096,11310,11311,11311,4
2019-10-29 16:38:09.072,11310,11311,11311,2
2019-10-29 16:38:24.437,11310,11311,11311,5
2019-10-29 16:38:24.642,11310,11311,11311,1
2019-10-29 16:38:31.068,11310,11311,11311,1
2019-10-29 16:38:37.752,11310,11311,11311,1
2019-10-29 16:38:41.544,11310,11311,11311,2
2019-10-29 16:38:42.478,11310,11311,11311,1
2019-10-29 16:38:45.214,11310,11311,11310,1
2019-10-29 16:38:51.367,11310,11311,11311,4
2019-10-29 16:38:51.859,11310,11311,11310,3
2019-10-29 16:38:56.822,11310,11311,11311,1
2019-10-29 16:38:58.819,11310,11311,11311,1
2019-10-29 16:39:01.171,11310,11311,11310,10
2019-10-29 16:39:01.539,11310,11311,11310,1
2019-10-29 16:39:05.851,11310,11311,11310,4
2019-10-29 16:39:07.303,11309,11310,11310,15
2019-10-29 16:39:33.369,11310,11311,11310,1
2019-10-29 16:39:39.831,11309,11310,11310,1
2019-10-29 16:39:42.485,11309,11310,11310,1
2019-10-29 16:39:44.175,11309,11310,11310,1
2019-10-29 16:39:53.321,11309,11310,11310,1
2019-10-29 16:39:55.825,11309,11310,11310,1
2019-10-29 16:40:05.809,11309,11310,11310,1
2019-10-29 16:40:06.499,11309,11310,11309,1
2019-10-29 16:40:23.364,11309,11310,11309,1
2019-10-29 16:40:27.477,11309,11310,11309,1
2019-10-29 16:40:29.416,11309,11310,11310,1
2019-10-29 16:40:34.595,11309,11310,11310,1
2019-10-29 16:40:49.397,11309,11310,11310,1
2019-10-29 16:40:50.515,11309,11310,11310,2
2019-10-29 16:40:56.927,11309,11310,11309,1
2019-10-29 16:40:57.074,11309,11310,11309,1
2019-10-29 16:40:58.350,11309,11310,11309,1
2019-10-29 16:40:58.477,11309,11310,11309,1
2019-10-29 16:41:00.126,11309,11310,11309,1
2019-10-29 16:41:00.264,11309,11310,11309,1
2019-10-29 16:41:02.225,11309,11310,11310,7
2019-10-29 16:41:02.905,11309,11310,11309,1
2019-10-29 16:41:07.898,11309,11310,11309,1
2019-10-29 16:41:09.414,11309,11310,11309,1
2019-10-29 16:41:09.657,11309,11310,11310,1
2019-10-29 16:41:10.602,11309,11310,11309,1
2019-10-29 16:41:12.061,11309,11310,11309,1
2019-10-29 16:41:18.278,11309,11310,11309,4
2019-10-29 16:41:19.677,11309,11310,11309,1
2019-10-29 16:41:21.249,11309,11310,11309,1
2019-10-29 16:41:23.389,11309,11310,11309,1
2019-10-29 16:41:32.742,11309,11310,11309,3
2019-10-29 16:41:39.504,11309,11310,11309,1
2019-10-29 16:41:45.428,11309,11310,11309,1
2019-10-29 16:41:45.578,11309,11310,11309,1
2019-10-29 16:41:55.351,11309,11310,11309,1
2019-10-29 16:42:04.321,11309,11310,11309,1
2019-10-29 16:42:07.654,11309,11310,11310,1
2019-10-29 16:42:17.643,11309,11310,11309,1
2019-10-29 16:42:18.988,11309,11310,11310,1
2019-10-29 16:42:21.274,11309,11310,11309,1
2019-10-29 16:42:32.281,11309,11310,11310,1
2019-10-29 16:42:32.830,11309,11310,11309,1
2019-10-29 16:42:34.793,11309,11310,11309,1
2019-10-29 16:42:36.427,11309,11310,11309,1
2019-10-29 16:42:38.335,11309,11310,11309,1
2019-10-29 16:42:39.076,11309,11310,11309,1
2019-10-29 16:42:40.495,11309,11310,11309,1
2019-10-29 16:42:42.452,11309,11310,11309,1
2019-10-29 16:42:44.537,11309,11310,11309,1
2019-10-29 16:42:44.596,11309,11310,11309,1
2019-10-29 16:42:49.720,11309,11310,11309,1
2019-10-29 16:43:02.163,11309,11310,11310,3
2019-10-29 16:43:02.259,11309,11310,11310,6
2019-10-29 16:43:03.952,11309,11310,11310,32
2019-10-29 16:43:13.599,11310,11311,11310,1
2019-10-29 16:43:22.227,11310,11311,11310,1
2019-10-29 16:43:24.314,11310,11311,11310,1
2019-10-29 16:43:24.933,11310,11311,11310,1
2019-10-29 16:43:25.694,11310,11311,11311,1
2019-10-29 16:43:25.714,11310,11311,11311,16
2019-10-29 16:43:25.838,11310,11311,11311,1
2019-10-29 16:43:25.869,11310,11311,11311,1
2019-10-29 16:43:25.963,11310,11311,11311,1
2019-10-29 16:43:26.088,11310,11311,11311,1
2019-10-29 16:43:26.147,11310,11311,11311,1
2019-10-29 16:43:41.888,11311,11312,11312,4
2019-10-29 16:43:42.552,11311,11312,11312,1
2019-10-29 16:43:44.930,11311,11312,11312,1
2019-10-29 16:43:45.318,11311,11312,11312,1
2019-10-29 16:43:58.056,11312,11313,11313,2
2019-10-29 16:43:58.275,11312,11313,11313,3
2019-10-29 16:44:06.111,11312,11313,11313,1
2019-10-29 16:44:09.970,11312,11313,11313,1
2019-10-29 16:44:10.225,11312,11313,11313,3
2019-10-29 16:44:10.414,11312,11313,11312,5
2019-10-29 16:44:11.397,11312,11313,11313,1
2019-10-29 16:44:11.676,11312,11313,11313,1
2019-10-29 16:44:12.202,11312,11313,11312,5
2019-10-29 16:44:14.214,11311,11312,11311,1
2019-10-29 16:44:17.936,11311,11312,11311,6
2019-10-29 16:44:23.428,11311,11312,11311,8
2019-10-29 16:44:23.463,11310,11311,11311,7
2019-10-29 16:44:45.088,11311,11312,11312,1
2019-10-29 16:44:47.424,11312,11313,11312,1
2019-10-29 16:44:49.086,11311,11312,11311,1
2019-10-29 16:44:51.173,11311,11312,11312,1
2019-10-29 16:44:51.747,11311,11312,11312,1
2019-10-29 16:44:54.389,11311,11312,11312,1
2019-10-29 16:45:00.927,11311,11312,11312,1
2019-10-29 16:45:04.730,11311,11312,11312,1
2019-10-29 16:45:08.563,11311,11312,11311,15
2019-10-29 16:45:18.905,11311,11312,11312,3
2019-10-29 16:45:21.954,11312,11313,11312,4
2019-10-29 16:45:29.504,11311,11312,11312,1
2019-10-29 16:45:30.798,11312,11313,11312,1
2019-10-29 16:45:47.079,11312,11313,11312,1
2019-10-29 16:45:54.894,11312,11313,11312,3
2019-10-29 16:46:00.366,11312,11313,11312,1
2019-10-29 16:46:09.324,11312,11313,11313,2
2019-10-29 16:46:42.766,11312,11313,11313,1
2019-10-29 16:46:43.166,11312,11313,11313,1
2019-10-29 16:46:47.884,11312,11313,11313,10
2019-10-29 16:46:47.884,11312,11313,11314,4
2019-10-29 16:46:48.243,11312,11314,11314,1
2019-10-29 16:46:53.135,11313,11314,11313,3
2019-10-29 16:46:53.725,11313,11314,11313,1
2019-10-29 16:47:00.727,11313,11314,11313,1
2019-10-29 16:47:04.729,11313,11314,11313,2
2019-10-29 16:47:05.021,11313,11314,11314,2
2019-10-29 16:47:05.630,11313,11314,11313,1
2019-10-29 16:47:11.455,11313,11314,11313,3
2019-10-29 16:47:17.632,11313,11314,11313,1
2019-10-29 16:47:19.916,11312,11313,11313,1
2019-10-29 16:47:25.002,11312,11313,11313,1
2019-10-29 16:47:27.429,11312,11313,11313,1
2019-10-29 16:47:28.282,11312,11313,11313,1
2019-10-29 16:47:33.232,11312,11313,11313,2
2019-10-29 16:47:33.926,11312,11313,11313,1
2019-10-29 16:47:34.968,11312,11313,11313,1
2019-10-29 16:47:51.604,11312,11313,11313,1
2019-10-29 16:48:22.001,11312,11313,11312,3
2019-10-29 16:48:22.335,11312,11313,11313,1
2019-10-29 16:48:23.863,11312,11313,11313,1
2019-10-29 16:48:33.168,11312,11313,11313,4
2019-10-29 16:48:35.823,11312,11313,11313,2
2019-10-29 16:48:40.897,11312,11313,11313,1
2019-10-29 16:48:41.428,11313,11314,11313,1
2019-10-29 16:48:42.190,11312,11313,11313,1
2019-10-29 16:48:47.472,11312,11313,11313,1
2019-10-29 16:48:47.588,11313,11314,11313,1
2019-10-29 16:48:56.561,11312,11313,11313,1
2019-10-29 16:49:08.215,11312,11313,11312,1
2019-10-29 16:49:14.755,11312,11313,11312,2
2019-10-29 16:49:24.942,11312,11313,11313,2
2019-10-29 16:49:36.683,11312,11313,11313,1
2019-10-29 16:50:16.791,11312,11313,11313,1
2019-10-29 16:50:25.507,11312,11313,11313,1
2019-10-29 16:50:37.328,11312,11313,11313,1
2019-10-29 16:50:40.941,11312,11313,11313,1
2019-10-29 16:51:04.004,11312,11313,11313,1
2019-10-29 16:51:04.013,11312,11313,11313,8
2019-10-29 16:51:04.013,11312,11313,11313,3
2019-10-29 16:51:07.212,11313,11314,11313,5
2019-10-29 16:51:08.008,11313,11314,11314,1
2019-10-29 16:51:08.182,11313,11314,11313,2
2019-10-29 16:51:08.449,11312,11313,11313,1
2019-10-29 16:51:17.831,11312,11313,11313,3
2019-10-29 16:51:19.912,11313,11314,11314,1
2019-10-29 16:51:20.838,11313,11314,11313,2
2019-10-29 16:52:21.254,11312,11313,11313,1
2019-10-29 16:52:23.786,11312,11313,11313,7
2019-10-29 16:52:23.812,11312,11313,11313,1
2019-10-29 16:52:23.837,11312,11313,11313,1
2019-10-29 16:52:23.838,11313,11314,11313,1
2019-10-29 16:52:38.975,11312,11313,11313,1
2019-10-29 16:52:40.036,11312,11313,11313,1
2019-10-29 16:52:47.154,11312,11313,11313,1
2019-10-29 16:52:56.020,11312,11313,11313,1
2019-10-29 16:53:07.982,11313,11314,11313,1
2019-10-29 16:53:35.821,11312,11313,11313,1
2019-10-29 16:53:38.206,11312,11313,11313,1
2019-10-29 16:53:55.637,11313,11314,11313,2
2019-10-29 16:54:03.446,11312,11313,11313,1
2019-10-29 16:54:03.705,11312,11314,11314,1
2019-10-29 16:54:10.967,11312,11314,11314,1
2019-10-29 16:54:29.122,11313,11314,11313,1
2019-10-29 16:54:52.889,11313,11314,11314,1
2019-10-29 16:55:02.864,11313,11314,11314,1
2019-10-29 16:55:19.013,11313,11314,11313,4
2019-10-29 16:55:36.930,11313,11314,11313,1
2019-10-29 16:56:15.803,11313,11314,11313,1
2019-10-29 16:56:36.500,11313,11314,11314,1
2019-10-29 16:56:41.611,11313,11314,11314,1
2019-10-29 16:56:44.846,11313,11314,11314,1
2019-10-29 16:56:58.065,11313,11314,11314,1
2019-10-29 16:57:02.803,11313,11314,11314,1
2019-10-29 16:57:16.027,11313,11314,11314,1
2019-10-29 16:57:31.055,11313,11314,11314,1
2019-10-29 16:57:35.678,11313,11314,11314,1
2019-10-29 16:57:51.732,11313,11314,11314,22
2019-10-29 16:57:51.732,11313,11314,11315,78
2019-10-29 16:57:51.838,11314,11315,11315,5
2019-10-29 16:57:51.839,11314,11315,11315,5
2019-10-29 16:57:51.839,11314,11315,11315,2
2019-10-29 16:57:51.848,11314,11315,11316,31
2019-10-29 16:57:51.848,11314,11315,11316,9
2019-10-29 16:57:51.849,11314,11315,11316,4
2019-10-29 16:57:51.864,11314,11315,11317,1
2019-10-29 16:57:51.900,11314,11315,11317,1
2019-10-29 16:57:51.952,11314,11315,11317,1
2019-10-29 16:57:52.493,11315,11317,11317,1
2019-10-29 16:57:52.783,11315,11317,11317,2
2019-10-29 16:57:52.827,11315,11317,11317,1
2019-10-29 16:58:05.426,11315,11316,11316,1
2019-10-29 16:58:09.783,11316,11317,11316,1
2019-10-29 16:58:12.375,11315,11316,11316,1
2019-10-29 16:58:16.331,11315,11316,11316,1
2019-10-29 16:58:17.037,11316,11317,11317,1
2019-10-29 16:58:22.693,11316,11317,11317,1
2019-10-29 16:58:25.666,11316,11317,11317,3
2019-10-29 16:58:31.044,11316,11317,11317,1
2019-10-29 16:58:34.442,11316,11317,11316,1
2019-10-29 16:58:34.964,11316,11317,11316,28
2019-10-29 16:58:35.339,11315,11316,11315,2
2019-10-29 16:58:35.340,11315,11316,11315,1
2019-10-29 16:58:35.777,11315,11316,11315,1
2019-10-29 16:58:44.965,11315,11316,11316,1
2019-10-29 16:58:51.003,11315,11316,11316,15
2019-10-29 16:58:56.356,11315,11316,11316,2
2019-10-29 16:58:56.356,11315,11316,11317,2
2019-10-29 16:59:05.047,11315,11316,11316,1
2019-10-29 16:59:10.631,11315,11316,11316,1
2019-10-29 16:59:13.067,11315,11316,11315,1
2019-10-29 16:59:31.739,11315,11316,11316,5
2019-10-29 17:00:00.655,11315,11316,11315,1
2019-10-29 17:00:20.441,11315,11316,11316,20
2019-10-29 17:00:21.044,11315,11316,11315,2
2019-10-29 17:00:22.009,11315,11316,11316,2
2019-10-29 17:00:25.741,11315,11316,11315,1
2019-10-29 17:00:26.268,11315,11316,11316,2
2019-10-29 17:00:26.373,11315,11316,11316,1
2019-10-29 17:00:27.261,11315,11316,11316,5
2019-10-29 17:00:36.378,11315,11316,11315,1
2019-10-29 17:00:48.161,11315,11316,11315,1
2019-10-29 17:01:09.341,11315,11316,11316,1
2019-10-29 17:01:25.348,11315,11316,11316,1
2019-10-29 17:01:32.659,11315,11316,11316,1
2019-10-29 17:01:32.885,11315,11316,11316,1
2019-10-29 17:01:43.958,11315,11316,11316,1
2019-10-29 17:01:57.465,11315,11316,11316,1
2019-10-29 17:02:02.361,11315,11316,11316,3
2019-10-29 17:02:03.553,11315,11316,11315,2
2019-10-29 17:02:13.085,11315,11316,11316,1
2019-10-29 17:02:33.470,11315,11316,11316,2
2019-10-29 17:02:33.588,11316,11317,11316,10
2019-10-29 17:02:49.340,11316,11317,11317,1
2019-10-29 17:02:49.925,11316,11317,11316,3
2019-10-29 17:03:10.192,11315,11316,11316,1
2019-10-29 17:03:14.485,11315,11316,11316,1
2019-10-29 17:03:17.602,11315,11316,11316,1
2019-10-29 17:03:18.059,11315,11316,11316,1
2019-10-29 17:03:21.404,11315,11316,11316,2
2019-10-29 17:03:53.055,11316,11317,11316,1
2019-10-29 17:03:59.834,11316,11317,11317,1
2019-10-29 17:04:10.905,11316,11317,11317,3
2019-10-29 17:04:11.718,11316,11317,11317,7
2019-10-29 17:04:11.718,11316,11317,11317,7
2019-10-29 17:04:12.904,11316,11317,11317,1
2019-10-29 17:04:14.181,11316,11317,11317,2
2019-10-29 17:04:16.611,11316,11317,11317,1
2019-10-29 17:04:26.892,11316,11317,11317,1
2019-10-29 17:04:31.388,11316,11317,11316,1
2019-10-29 17:04:32.838,11316,11317,11317,1
2019-10-29 17:04:36.901,11316,11317,11316,6
2019-10-29 17:04:41.660,11316,11317,11316,4
2019-10-29 17:04:42.472,11315,11316,11316,2
2019-10-29 17:04:55.752,11316,11317,11316,3
2019-10-29 17:05:10.836,11316,11317,11316,1
2019-10-29 17:05:11.538,11316,11317,11316,1
2019-10-29 17:05:12.186,11316,11317,11316,1
2019-10-29 17:05:16.154,11316,11317,11316,1
2019-10-29 17:05:24.370,11316,11317,11316,6
2019-10-29 17:05:29.234,11316,11317,11316,6
2019-10-29 17:05:33.221,11316,11317,11316,1
2019-10-29 17:05:35.153,11316,11317,11316,6
2019-10-29 17:05:40.390,11315,11317,11315,4
2019-10-29 17:05:40.900,11316,11317,11316,1
2019-10-29 17:05:43.509,11316,11317,11316,1
2019-10-29 17:05:43.715,11315,11317,11317,1
2019-10-29 17:05:45.074,11316,11317,11316,1
2019-10-29 17:05:51.023,11315,11316,11316,1
2019-10-29 17:06:01.840,11315,11316,11316,1
2019-10-29 17:06:35.375,11315,11316,11316,1
2019-10-29 17:06:35.861,11315,11316,11316,5
2019-10-29 17:06:44.521,11315,11316,11316,1
2019-10-29 17:07:10.643,11315,11316,11316,1
2019-10-29 17:07:18.689,11315,11316,11316,3
2019-10-29 17:07:19.078,11315,11316,11316,1
2019-10-29 17:07:55.716,11315,11316,11316,1
2019-10-29 17:09:21.275,11315,11316,11315,1
2019-10-29 17:09:33.216,11315,11316,11316,1
2019-10-29 17:09:50.297,11315,11316,11315,2
2019-10-29 17:09:50.324,11315,11316,11315,1
2019-10-29 17:10:12.385,11315,11316,11315,1
2019-10-29 17:10:16.023,11315,11316,11315,1
2019-10-29 17:10:22.803,11315,11316,11315,2
2019-10-29 17:10:22.803,11315,11316,11315,2
2019-10-29 17:10:22.809,11315,11316,11315,1
2019-10-29 17:10:22.812,11315,11316,11315,1
2019-10-29 17:10:22.838,11315,11316,11315,9
2019-10-29 17:10:22.838,11315,11316,11315,1
2019-10-29 17:10:22.838,11315,11316,11315,2
2019-10-29 17:10:22.838,11315,11316,11315,5
2019-10-29 17:10:32.676,11314,11315,11314,1
2019-10-29 17:10:41.710,11314,11315,11314,1
2019-10-29 17:10:45.888,11314,11315,11314,1
2019-10-29 17:10:46.345,11314,11315,11314,1
2019-10-29 17:10:48.089,11314,11315,11314,1
2019-10-29 17:10:48.457,11314,11315,11314,1
2019-10-29 17:10:52.558,11314,11315,11314,1
2019-10-29 17:10:54.450,11314,11315,11314,1
2019-10-29 17:10:54.924,11314,11315,11314,1
2019-10-29 17:10:58.938,11313,11314,11314,1
2019-10-29 17:11:00.335,11314,11315,11314,1
2019-10-29 17:11:02.965,11314,11315,11314,1
2019-10-29 17:11:06.200,11314,11315,11314,1
2019-10-29 17:11:44.266,11314,11315,11314,1
2019-10-29 17:11:47.588,11314,11315,11314,1
2019-10-29 17:12:35.019,11314,11315,11314,1
2019-10-29 17:12:35.304,11314,11315,11314,1
2019-10-29 17:12:43.199,11314,11315,11314,1
2019-10-29 17:12:48.504,11314,11315,11315,1
2019-10-29 17:12:49.440,11314,11315,11315,1
2019-10-29 17:12:50.900,11314,11315,11315,1
2019-10-29 17:12:58.216,11314,11315,11315,1
2019-10-29 17:13:01.273,11314,11315,11315,1
2019-10-29 17:13:03.065,11314,11315,11314,1
2019-10-29 17:13:06.581,11314,11315,11314,2
2019-10-29 17:13:32.084,11314,11315,11314,1
2019-10-29 17:13:32.215,11314,11315,11315,1
2019-10-29 17:13:36.224,11314,11315,11315,20
2019-10-29 17:14:22.469,11314,11315,11314,1
2019-10-29 17:14:35.054,11314,11315,11314,3
2019-10-29 17:14:36.154,11314,11315,11314,1
2019-10-29 17:14:36.213,11314,11315,11314,1
2019-10-29 17:15:00.589,11313,11314,11313,1
2019-10-29 17:15:00.590,11313,11314,11313,3
2019-10-29 17:15:00.591,11313,11314,11313,3
2019-10-29 17:15:00.591,11313,11314,11313,3
2019-10-29 17:15:01.033,11313,11314,11313,1
2019-10-29 17:15:05.870,11313,11314,11313,14
2019-10-29 17:15:06.405,11313,11314,11313,5
2019-10-29 17:15:19.210,11313,11314,11313,5
2019-10-29 17:15:20.143,11313,11314,11313,4
2019-10-29 17:15:24.171,11312,11313,11313,1
2019-10-29 17:16:14.393,11312,11313,11312,1
2019-10-29 17:16:23.215,11312,11313,11313,1
2019-10-29 17:16:29.068,11312,11313,11312,1
2019-10-29 17:16:38.390,11312,11313,11312,1
2019-10-29 17:16:38.931,11312,11313,11313,1
2019-10-29 17:16:48.974,11312,11313,11312,1
2019-10-29 17:16:55.039,11312,11313,11312,1
2019-10-29 17:16:59.679,11312,11313,11312,6
2019-10-29 17:17:19.517,11312,11313,11312,1
2019-10-29 17:17:21.193,11312,11313,11312,1
2019-10-29 17:17:34.929,11312,11313,11312,1
2019-10-29 17:17:35.892,11312,11313,11312,1
2019-10-29 17:17:37.980,11312,11313,11312,1
2019-10-29 17:18:05.453,11312,11313,11312,2
2019-10-29 17:18:08.020,11312,11313,11312,1
2019-10-29 17:18:08.496,11312,11313,11312,3
2019-10-29 17:18:15.636,11312,11313,11312,1
2019-10-29 17:18:16.654,11312,11313,11312,2
2019-10-29 17:18:30.845,11312,11313,11312,1
2019-10-29 17:18:42.518,11312,11313,11312,1
2019-10-29 17:18:47.444,11312,11313,11312,1
2019-10-29 17:19:12.488,11312,11313,11312,1
2019-10-29 17:19:24.993,11312,11313,11313,1
2019-10-29 17:19:46.705,11312,11313,11313,1
2019-10-29 17:19:46.840,11312,11313,11313,1
2019-10-29 17:19:49.744,11312,11313,11313,2
2019-10-29 17:20:24.093,11312,11313,11312,1
2019-10-29 17:20:26.532,11312,11313,11312,1
2019-10-29 17:20:32.117,11312,11313,11312,3
2019-10-29 17:20:52.590,11312,11313,11313,1
2019-10-29 17:20:54.312,11312,11313,11312,2
2019-10-29 17:20:54.364,11312,11313,11312,2
2019-10-29 17:21:24.591,11312,11313,11313,1
2019-10-29 17:21:32.435,11312,11313,11313,2
2019-10-29 17:21:43.003,11312,11313,11313,10
2019-10-29 17:21:48.709,11312,11313,11313,1
2019-10-29 17:21:49.968,11312,11313,11313,1
2019-10-29 17:21:52.119,11312,11313,11313,1
2019-10-29 17:21:52.289,11313,11314,11313,2
2019-10-29 17:21:52.352,11312,11313,11312,1
2019-10-29 17:21:52.357,11312,11313,11312,3
2019-10-29 17:22:06.488,11313,11314,11313,1
2019-10-29 17:23:01.011,11312,11313,11313,11
2019-10-29 17:23:07.275,11312,11313,11313,1
2019-10-29 17:23:07.464,11312,11313,11313,1
2019-10-29 17:23:23.191,11312,11313,11312,20
2019-10-29 17:23:43.371,11312,11313,11312,2
2019-10-29 17:23:45.499,11312,11313,11312,16
2019-10-29 17:23:46.463,11311,11312,11312,4
2019-10-29 17:23:52.085,11312,11313,11312,1
2019-10-29 17:23:53.763,11312,11313,11313,1
2019-10-29 17:23:57.872,11312,11313,11313,1
2019-10-29 17:24:03.745,11312,11313,11313,1
2019-10-29 17:24:16.486,11312,11313,11313,2
2019-10-29 17:24:19.275,11313,11314,11313,1
2019-10-29 17:24:44.671,11313,11314,11314,1
2019-10-29 17:24:48.466,11313,11314,11314,1
2019-10-29 17:25:07.428,11313,11314,11314,2
2019-10-29 17:25:15.005,11313,11314,11314,1
2019-10-29 17:25:22.108,11313,11314,11314,1
2019-10-29 17:25:24.733,11313,11314,11314,7
2019-10-29 17:25:39.472,11313,11314,11313,1
2019-10-29 17:25:41.374,11313,11314,11313,1
2019-10-29 17:25:41.380,11313,11314,11313,1
2019-10-29 17:25:59.859,11313,11314,11314,1
2019-10-29 17:26:21.798,11313,11314,11314,1
2019-10-29 17:26:25.408,11313,11314,11314,2
2019-10-29 17:26:35.965,11313,11314,11314,1
2019-10-29 17:26:36.088,11313,11314,11314,2
2019-10-29 17:26:36.640,11313,11315,11313,2
2019-10-29 17:26:47.403,11313,11314,11313,1
2019-10-29 17:27:11.548,11313,11314,11313,1
2019-10-29 17:27:15.567,11313,11314,11313,1
2019-10-29 17:27:21.060,11313,11314,11313,1
2019-10-29 17:27:28.056,11313,11314,11313,2
2019-10-29 17:27:30.254,11313,11314,11313,14
2019-10-29 17:27:30.463,11313,11314,11313,1
2019-10-29 17:28:10.235,11312,11313,11313,2
2019-10-29 17:28:50.805,11312,11313,11313,1
2019-10-29 17:29:17.883,11312,11313,11313,10
2019-10-29 17:29:24.330,11312,11313,11313,2
2019-10-29 17:29:24.548,11313,11314,11313,1
2019-10-29 17:29:30.407,11313,11314,11313,5
2019-10-29 17:29:30.463,11313,11314,11313,3
2019-10-29 17:29:41.528,11312,11313,11312,5
2019-10-29 17:29:53.713,11312,11313,11312,1
2019-10-29 17:29:59.965,11312,11313,11313,1
2019-10-29 17:30:04.812,11312,11313,11312,1
2019-10-29 17:30:04.966,11312,11313,11313,1
2019-10-29 17:30:04.971,11312,11313,11313,1
2019-10-29 17:30:05.503,11312,11313,11312,1
2019-10-29 17:30:09.920,11312,11313,11313,2
2019-10-29 17:30:38.931,11312,11313,11313,1
2019-10-29 17:31:21.701,11312,11313,11313,1
2019-10-29 17:31:27.293,11312,11313,11312,3
2019-10-29 17:31:39.791,11312,11313,11312,1
2019-10-29 17:31:39.840,11312,11313,11313,1
2019-10-29 17:32:14.216,11312,11313,11313,1
2019-10-29 17:32:17.245,11312,11313,11312,5
2019-10-29 17:32:19.695,11312,11313,11312,2
2019-10-29 17:32:37.523,11311,11312,11311,1
2019-10-29 17:32:37.902,11311,11312,11311,1
2019-10-29 17:32:59.276,11311,11312,11311,11
2019-10-29 17:32:59.276,11311,11312,11311,4
2019-10-29 17:33:01.404,11311,11312,11311,1
2019-10-29 17:33:01.752,11311,11312,11311,1
2019-10-29 17:33:08.733,11310,11311,11311,1
2019-10-29 17:33:12.591,11311,11312,11312,1
2019-10-29 17:33:20.902,11311,11312,11312,6
2019-10-29 17:33:21.035,11311,11313,11312,2
2019-10-29 17:33:21.035,11311,11313,11312,1
2019-10-29 17:33:31.123,11312,11313,11312,3
2019-10-29 17:33:31.543,11312,11313,11312,1
2019-10-29 17:33:31.548,11312,11313,11312,1
2019-10-29 17:33:55.520,11312,11313,11313,11
2019-10-29 17:33:56.265,11313,11314,11313,1
2019-10-29 17:34:24.969,11313,11314,11314,1
2019-10-29 17:34:28.616,11314,11315,11315,1
2019-10-29 17:34:29.673,11314,11315,11315,2
2019-10-29 17:34:29.756,11314,11315,11315,1
2019-10-29 17:34:35.181,11314,11315,11315,7
2019-10-29 17:34:38.329,11314,11315,11315,1
2019-10-29 17:34:43.985,11314,11315,11315,1
2019-10-29 17:34:44.164,11314,11315,11315,1
2019-10-29 17:34:45.768,11314,11315,11315,3
2019-10-29 17:34:58.777,11314,11315,11315,1
2019-10-29 17:34:59.355,11314,11315,11314,1
2019-10-29 17:34:59.732,11314,11315,11315,1
2019-10-29 17:35:01.466,11314,11315,11315,1
2019-10-29 17:35:06.864,11314,11315,11315,1
2019-10-29 17:35:10.114,11314,11315,11315,1
2019-10-29 17:35:10.334,11315,11316,11315,1
2019-10-29 17:35:50.863,11315,11316,11315,1
2019-10-29 17:36:42.615,11315,11316,11315,20
2019-10-29 17:37:28.962,11314,11315,11315,1
2019-10-29 17:37:29.452,11314,11315,11315,2
2019-10-29 17:37:36.476,11314,11315,11314,1
2019-10-29 17:38:52.715,11314,11315,11315,1
2019-10-29 17:39:04.072,11314,11315,11315,1
2019-10-29 17:39:04.072,11314,11315,11315,2
2019-10-29 17:39:04.499,11315,11316,11315,1
2019-10-29 17:39:15.933,11315,11316,11315,1
2019-10-29 17:39:17.763,11315,11316,11315,1
2019-10-29 17:39:19.637,11315,11316,11316,2
2019-10-29 17:39:22.637,11315,11316,11316,1
2019-10-29 17:39:36.146,11315,11316,11316,6
2019-10-29 17:39:45.161,11315,11316,11316,1
2019-10-29 17:39:45.465,11315,11316,11316,1
2019-10-29 17:40:02.842,11315,11316,11316,1
2019-10-29 17:40:03.908,11315,11316,11316,4
2019-10-29 17:40:09.669,11315,11316,11316,8
2019-10-29 17:40:09.713,11316,11317,11316,1
2019-10-29 17:40:10.203,11316,11317,11316,2
2019-10-29 17:40:12.221,11315,11316,11316,10
2019-10-29 17:40:13.459,11315,11316,11316,6
2019-10-29 17:40:15.523,11315,11316,11316,1
2019-10-29 17:41:05.133,11316,11317,11316,2
2019-10-29 17:41:05.135,11316,11317,11316,2
2019-10-29 17:41:05.147,11316,11317,11316,1
2019-10-29 17:41:05.213,11316,11317,11316,5
2019-10-29 17:41:05.213,11316,11317,11316,1
2019-10-29 17:41:05.339,11316,11317,11316,1
2019-10-29 17:41:06.054,11315,11316,11315,16
2019-10-29 17:41:17.923,11314,11315,11315,3
2019-10-29 17:41:27.340,11314,11315,11315,1
2019-10-29 17:41:28.488,11314,11316,11316,1
2019-10-29 17:41:55.410,11314,11315,11314,1
2019-10-29 17:42:20.716,11314,11315,11315,1
2019-10-29 17:42:25.888,11314,11315,11315,1
2019-10-29 17:42:37.422,11314,11315,11315,2
2019-10-29 17:43:14.291,11314,11315,11315,1
2019-10-29 17:43:16.016,11314,11315,11314,1
2019-10-29 17:43:39.090,11314,11315,11315,1
2019-10-29 17:43:39.091,11314,11315,11315,1
2019-10-29 17:43:48.899,11314,11315,11314,1
2019-10-29 17:43:51.107,11314,11315,11315,1
2019-10-29 17:44:04.316,11314,11315,11315,1
2019-10-29 17:45:24.715,11314,11315,11315,1
2019-10-29 17:45:25.325,11314,11315,11314,5
2019-10-29 17:45:25.381,11314,11315,11314,2
2019-10-29 17:45:25.477,11314,11315,11314,2
2019-10-29 17:45:25.614,11314,11315,11314,1
2019-10-29 17:45:29.160,11314,11315,11314,1
2019-10-29 17:45:33.027,11314,11315,11315,1
2019-10-29 17:46:23.495,11314,11315,11314,1
2019-10-29 17:46:29.430,11314,11315,11314,1
2019-10-29 17:46:34.257,11314,11315,11314,1
2019-10-29 17:46:42.727,11314,11315,11314,1
2019-10-29 17:46:55.934,11313,11314,11314,2
2019-10-29 17:46:55.975,11313,11315,11314,1
2019-10-29 17:46:55.975,11313,11315,11314,1
2019-10-29 17:48:36.009,11313,11314,11314,1
2019-10-29 17:48:36.009,11313,11314,11314,1
2019-10-29 17:48:36.634,11314,11315,11315,2
2019-10-29 17:48:49.590,11314,11315,11315,1
2019-10-29 17:49:14.523,11314,11315,11314,1
2019-10-29 17:49:34.357,11313,11314,11314,1
2019-10-29 17:49:54.815,11313,11314,11314,1
2019-10-29 17:51:00.591,11313,11314,11314,1
2019-10-29 17:51:13.733,11313,11314,11314,1
2019-10-29 17:51:51.965,11313,11314,11314,1
2019-10-29 17:53:30.123,11313,11314,11313,2
2019-10-29 17:53:30.123,11313,11314,11313,1
2019-10-29 17:53:30.651,11313,11314,11313,1
2019-10-29 17:53:30.713,11313,11314,11313,3
2019-10-29 17:53:30.713,11313,11314,11313,1
2019-10-29 17:53:31.043,11312,11313,11312,3
2019-10-29 17:53:31.052,11312,11313,11312,3
2019-10-29 17:53:49.983,11312,11313,11312,6
2019-10-29 17:53:53.329,11312,11313,11312,4
2019-10-29 17:53:55.091,11312,11313,11313,1
2019-10-29 17:53:57.088,11312,11313,11312,1
2019-10-29 17:54:04.682,11312,11313,11312,5
2019-10-29 17:54:05.236,11311,11312,11312,1
2019-10-29 17:54:05.261,11311,11312,11312,1
2019-10-29 17:54:05.266,11311,11312,11311,3
2019-10-29 17:54:05.287,11311,11312,11312,1
2019-10-29 17:54:05.312,11311,11312,11312,1
2019-10-29 17:54:05.337,11311,11312,11312,1
2019-10-29 17:54:05.439,11311,11312,11312,1
2019-10-29 17:54:05.463,11311,11312,11312,1
2019-10-29 17:54:05.488,11311,11312,11312,1
2019-10-29 17:54:18.399,11311,11312,11312,1
2019-10-29 17:54:25.181,11312,11313,11312,1
2019-10-29 17:54:27.233,11312,11313,11312,1
2019-10-29 17:54:27.483,11312,11313,11312,1
2019-10-29 17:54:31.028,11312,11313,11312,1
2019-10-29 17:54:44.489,11311,11312,11311,1
2019-10-29 17:54:59.197,11311,11312,11311,1
2019-10-29 17:54:59.715,11311,11312,11311,2
2019-10-29 17:55:02.934,11311,11312,11312,5
2019-10-29 17:55:13.935,11312,11313,11312,1
2019-10-29 17:55:13.943,11312,11313,11312,1
2019-10-29 17:55:38.007,11311,11312,11311,1
2019-10-29 17:55:40.402,11311,11312,11311,1
2019-10-29 17:55:48.901,11311,11312,11311,17
2019-10-29 17:55:48.953,11311,11312,11312,2
2019-10-29 17:55:48.963,11311,11312,11311,1
2019-10-29 17:55:48.963,11311,11312,11311,2
2019-10-29 17:55:48.991,11311,11312,11311,1
2019-10-29 17:55:50.723,11310,11311,11311,2
2019-10-29 17:55:53.064,11310,11311,11311,2
2019-10-29 17:56:00.850,11310,11311,11311,1
2019-10-29 17:56:06.077,11310,11311,11311,1
2019-10-29 17:56:08.388,11310,11311,11311,1
2019-10-29 17:56:16.832,11310,11311,11311,1
2019-10-29 17:56:22.452,11310,11311,11311,1
2019-10-29 17:56:23.339,11310,11311,11311,2
2019-10-29 17:56:23.463,11311,11312,11311,3
2019-10-29 17:56:23.515,11311,11312,11311,1
2019-10-29 17:56:28.531,11311,11312,11311,10
2019-10-29 17:56:43.154,11310,11311,11310,2
2019-10-29 17:56:43.259,11310,11311,11310,1
2019-10-29 17:56:43.530,11310,11311,11310,2
2019-10-29 17:56:43.547,11310,11311,11310,1
2019-10-29 17:56:54.893,11310,11311,11310,1
2019-10-29 17:57:00.416,11310,11311,11310,1
2019-10-29 17:57:00.803,11310,11311,11310,3
2019-10-29 17:57:02.205,11310,11311,11310,5
2019-10-29 17:57:05.921,11310,11311,11310,10
2019-10-29 17:57:20.157,11310,11311,11310,1
2019-10-29 17:57:20.465,11310,11311,11311,1
2019-10-29 17:57:25.235,11310,11311,11311,1
2019-10-29 17:57:26.106,11310,11311,11310,1
2019-10-29 17:57:28.475,11310,11311,11311,1
2019-10-29 17:57:32.156,11310,11311,11311,1
2019-10-29 17:57:58.868,11310,11311,11311,3
2019-10-29 17:58:00.912,11310,11311,11310,2
2019-10-29 17:58:02.354,11310,11311,11310,4
2019-10-29 17:58:08.540,11310,11311,11310,1
2019-10-29 17:58:15.112,11310,11311,11310,10
2019-10-29 17:58:23.042,11310,11311,11310,11
2019-10-29 17:58:23.519,11309,11310,11309,1
2019-10-29 17:58:23.621,11309,11310,11309,1
2019-10-29 17:58:23.789,11309,11310,11309,1
2019-10-29 17:58:37.372,11309,11310,11309,5
2019-10-29 17:58:41.408,11309,11310,11309,1
2019-10-29 17:58:45.830,11309,11310,11310,2
2019-10-29 17:58:57.398,11309,11310,11309,2
2019-10-29 17:59:01.594,11309,11310,11309,1
2019-10-29 17:59:06.201,11309,11310,11309,1
2019-10-29 17:59:07.467,11309,11310,11309,1
2019-10-29 17:59:09.953,11309,11310,11309,1
2019-10-29 17:59:32.209,11309,11310,11309,1
2019-10-29 17:59:32.417,11309,11310,11309,4
2019-10-29 17:59:32.428,11309,11310,11309,1
2019-10-29 17:59:40.448,11309,11310,11310,2
2019-10-29 17:59:40.912,11309,11310,11309,1
2019-10-29 17:59:46.228,11309,11310,11309,5
2019-10-29 17:59:46.793,11309,11310,11309,2
2019-10-29 17:59:49.055,11309,11310,11309,1
2019-10-29 17:59:49.173,11309,11310,11309,7
2019-10-29 17:59:49.221,11309,11310,11309,1
2019-10-29 17:59:50.154,11309,11310,11309,5
2019-10-29 17:59:52.604,11308,11309,11309,1
2019-10-29 17:59:52.804,11308,11309,11309,1
2019-10-29 17:59:55.783,11308,11309,11309,2
2019-10-29 17:59:59.361,11308,11309,11309,1
2019-10-29 18:00:00.194,11309,11310,11309,1
2019-10-29 18:00:00.213,11309,11310,11310,1
2019-10-29 18:00:03.637,11309,11310,11309,1
2019-10-29 18:00:04.357,11309,11310,11309,1
2019-10-29 18:00:04.357,11309,11310,11308,1
2019-10-29 18:00:04.491,11308,11310,11308,1
2019-10-29 18:00:04.571,11308,11310,11308,1
2019-10-29 18:00:04.684,11308,11310,11308,2
2019-10-29 18:00:04.948,11308,11309,11308,4
2019-10-29 18:00:04.951,11308,11309,11308,1
2019-10-29 18:00:04.995,11308,11309,11308,2
2019-10-29 18:00:05.712,11308,11309,11308,1
2019-10-29 18:00:05.720,11308,11309,11308,1
2019-10-29 18:00:05.720,11308,11309,11308,1
2019-10-29 18:00:06.511,11308,11309,11308,1
2019-10-29 18:00:06.513,11308,11309,11308,1
2019-10-29 18:00:06.549,11308,11309,11308,1
2019-10-29 18:00:06.569,11308,11309,11308,1
2019-10-29 18:00:06.570,11308,11309,11308,1
2019-10-29 18:00:06.587,11308,11309,11308,1
2019-10-29 18:00:09.435,11308,11309,11308,7
2019-10-29 18:00:09.673,11308,11309,11308,1
2019-10-29 18:00:12.899,11308,11309,11308,4
2019-10-29 18:00:13.077,11308,11309,11308,1
2019-10-29 18:00:13.783,11308,11309,11308,4
2019-10-29 18:00:14.687,11308,11309,11308,1
2019-10-29 18:00:20.913,11308,11309,11308,2
2019-10-29 18:00:21.208,11308,11309,11308,1
2019-10-29 18:00:24.529,11308,11309,11308,2
2019-10-29 18:00:35.278,11308,11309,11308,1
2019-10-29 18:00:36.613,11308,11309,11308,3
2019-10-29 18:00:39.644,11308,11309,11309,3
2019-10-29 18:00:44.418,11309,11310,11310,5
2019-10-29 18:00:47.483,11309,11310,11310,1
2019-10-29 18:00:55.464,11309,11310,11310,18
2019-10-29 18:00:57.363,11310,11311,11310,2
2019-10-29 18:01:01.601,11310,11311,11310,1
2019-10-29 18:01:19.713,11310,11311,11311,3
2019-10-29 18:01:21.105,11311,11312,11311,1
2019-10-29 18:01:33.293,11311,11312,11311,1
2019-10-29 18:01:36.360,11311,11312,11312,1
2019-10-29 18:01:41.297,11311,11312,11311,1
2019-10-29 18:01:48.973,11311,11312,11311,1
2019-10-29 18:02:12.986,11311,11312,11312,1
2019-10-29 18:02:16.964,11311,11312,11312,2
2019-10-29 18:02:18.207,11311,11312,11312,1
2019-10-29 18:02:23.265,11311,11312,11311,1
2019-10-29 18:02:36.715,11311,11312,11312,1
2019-10-29 18:02:36.716,11311,11312,11312,1
2019-10-29 18:02:50.045,11311,11312,11312,1
2019-10-29 18:03:22.089,11311,11312,11312,1
2019-10-29 18:03:22.090,11311,11312,11312,2
2019-10-29 18:03:22.091,11311,11312,11312,1
2019-10-29 18:03:34.441,11311,11312,11312,1
2019-10-29 18:03:37.264,11311,11312,11312,4
2019-10-29 18:03:37.382,11311,11312,11312,4
2019-10-29 18:03:41.008,11311,11312,11312,1
2019-10-29 18:03:43.836,11311,11312,11312,1
2019-10-29 18:03:50.210,11311,11312,11311,2
2019-10-29 18:03:57.498,11311,11312,11311,5
2019-10-29 18:04:09.371,11311,11312,11311,1
2019-10-29 18:04:14.340,11311,11312,11312,1
2019-10-29 18:04:22.169,11311,11312,11312,1
2019-10-29 18:04:34.233,11311,11312,11311,9
2019-10-29 18:04:34.338,11311,11312,11311,2
2019-10-29 18:04:34.483,11310,11311,11311,1
2019-10-29 18:04:34.508,11310,11311,11311,1
2019-10-29 18:04:34.534,11310,11311,11311,1
2019-10-29 18:04:34.951,11311,11312,11311,1
2019-10-29 18:04:34.963,11310,11312,11311,1
2019-10-29 18:04:34.988,11310,11312,11311,1
2019-10-29 18:04:38.072,11310,11311,11311,1
2019-10-29 18:04:50.834,11310,11311,11310,10
2019-10-29 18:04:50.834,11310,11311,11309,10
2019-10-29 18:04:50.834,11310,11311,11310,1
2019-10-29 18:05:05.706,11310,11311,11310,1
2019-10-29 18:05:21.948,11310,11311,11310,1
2019-10-29 18:05:48.858,11310,11311,11311,2
2019-10-29 18:05:48.858,11310,11311,11311,9
2019-10-29 18:05:48.858,11310,11311,11311,4
2019-10-29 18:06:31.115,11311,11312,11311,1
2019-10-29 18:06:36.859,11311,11312,11311,1
2019-10-29 18:07:19.363,11311,11312,11311,19
2019-10-29 18:07:19.463,11310,11311,11311,1
2019-10-29 18:07:19.472,11310,11311,11311,1
2019-10-29 18:07:19.505,11310,11311,11311,1
2019-10-29 18:07:36.593,11310,11311,11311,2
2019-10-29 18:07:43.875,11311,11312,11311,8
2019-10-29 18:07:59.838,11310,11311,11311,4
2019-10-29 18:08:32.972,11311,11312,11311,1
2019-10-29 18:08:41.933,11311,11312,11311,1
2019-10-29 18:08:50.287,11310,11311,11311,1
2019-10-29 18:08:51.709,11310,11311,11311,1
2019-10-29 18:09:06.966,11310,11312,11312,1
2019-10-29 18:09:22.607,11311,11312,11312,5
2019-10-29 18:09:23.992,11311,11312,11311,1
2019-10-29 18:09:38.553,11311,11312,11312,1
2019-10-29 18:09:39.146,11311,11312,11311,1
2019-10-29 18:10:01.090,11311,11312,11312,1
2019-10-29 18:10:10.338,11311,11312,11311,3
2019-10-29 18:11:53.087,11311,11312,11312,5
2019-10-29 18:12:03.567,11311,11312,11311,10
2019-10-29 18:12:14.017,11311,11312,11311,1
2019-10-29 18:12:25.493,11311,11312,11311,3
2019-10-29 18:12:25.498,11311,11312,11311,2
2019-10-29 18:12:27.965,11310,11312,11312,1
2019-10-29 18:12:31.850,11311,11312,11311,1
2019-10-29 18:12:59.463,11311,11312,11312,4
2019-10-29 18:12:59.845,11312,11313,11312,2
2019-10-29 18:13:12.888,11312,11313,11312,1
2019-10-29 18:13:36.339,11311,11313,11311,5
2019-10-29 18:15:41.317,11312,11313,11312,2
2019-10-29 18:15:42.923,11312,11313,11312,1
2019-10-29 18:15:54.466,11312,11313,11313,1
2019-10-29 18:16:04.994,11312,11313,11313,1
2019-10-29 18:16:38.261,11312,11313,11313,1
2019-10-29 18:16:53.166,11312,11313,11313,1
2019-10-29 18:16:59.230,11312,11313,11313,1
2019-10-29 18:17:05.240,11312,11313,11313,8
2019-10-29 18:17:13.840,11312,11313,11313,1
2019-10-29 18:17:29.081,11312,11313,11313,1
2019-10-29 18:17:29.088,11312,11313,11313,1
2019-10-29 18:17:44.841,11313,11314,11314,1
2019-10-29 18:17:45.177,11313,11314,11314,1
2019-10-29 18:17:58.636,11313,11314,11313,1
2019-10-29 18:19:06.010,11313,11314,11313,1
2019-10-29 18:19:42.777,11313,11314,11314,1
2019-10-29 18:19:56.408,11313,11314,11314,1
2019-10-29 18:19:57.146,11313,11314,11314,1
2019-10-29 18:20:02.745,11313,11314,11314,1
2019-10-29 18:20:05.367,11313,11314,11314,1
2019-10-29 18:20:06.359,11313,11314,11314,1
2019-10-29 18:20:11.695,11313,11314,11314,1
2019-10-29 18:20:20.069,11313,11314,11314,1
2019-10-29 18:20:20.759,11313,11314,11314,1
2019-10-29 18:20:26.923,11313,11314,11314,1
2019-10-29 18:20:32.272,11313,11314,11314,7
2019-10-29 18:21:02.235,11314,11315,11314,1
2019-10-29 18:21:05.769,11314,11315,11314,3
2019-10-29 18:21:05.769,11314,11315,11314,6
2019-10-29 18:21:05.838,11314,11315,11314,2
2019-10-29 18:21:05.841,11314,11315,11314,1
2019-10-29 18:21:05.842,11314,11315,11314,1
2019-10-29 18:21:19.808,11313,11314,11314,3
2019-10-29 18:21:57.577,11313,11314,11314,1
2019-10-29 18:22:22.028,11313,11314,11314,3
2019-10-29 18:22:39.018,11313,11314,11314,2
2019-10-29 18:22:39.069,11313,11314,11314,5
2019-10-29 18:22:47.070,11313,11314,11314,1
2019-10-29 18:22:52.695,11313,11314,11314,1
2019-10-29 18:23:01.840,11313,11314,11314,1
2019-10-29 18:23:06.039,11313,11314,11314,1
2019-10-29 18:23:09.775,11313,11314,11314,7
2019-10-29 18:24:12.674,11314,11315,11314,1
2019-10-29 18:24:22.138,11314,11315,11314,1
2019-10-29 18:24:22.232,11314,11315,11315,2
2019-10-29 18:24:28.965,11314,11315,11315,1
2019-10-29 18:24:46.749,11314,11315,11315,2
2019-10-29 18:24:55.003,11314,11315,11314,1
2019-10-29 18:26:09.438,11314,11315,11315,1
2019-10-29 18:26:09.465,11314,11315,11315,1
2019-10-29 18:26:11.157,11314,11315,11315,1
2019-10-29 18:26:21.827,11314,11315,11315,1
2019-10-29 18:26:22.594,11314,11315,11315,1
2019-10-29 18:26:23.266,11314,11315,11315,1
2019-10-29 18:26:32.223,11314,11315,11314,1
2019-10-29 18:26:34.156,11314,11315,11314,1
2019-10-29 18:26:41.944,11314,11315,11314,2
2019-10-29 18:27:10.239,11314,11315,11314,3
2019-10-29 18:27:10.239,11314,11315,11314,1
2019-10-29 18:27:10.239,11314,11315,11314,1
2019-10-29 18:27:10.239,11314,11315,11314,2
2019-10-29 18:27:10.338,11314,11315,11314,2
2019-10-29 18:27:10.338,11314,11315,11314,3
2019-10-29 18:27:10.339,11314,11315,11314,8
2019-10-29 18:27:16.509,11313,11314,11313,1
2019-10-29 18:27:32.614,11313,11314,11313,1
2019-10-29 18:27:36.974,11313,11314,11313,1
2019-10-29 18:27:37.191,11313,11314,11313,1
2019-10-29 18:27:37.472,11312,11313,11313,1
2019-10-29 18:27:55.832,11312,11313,11313,1
2019-10-29 18:27:59.430,11312,11313,11313,1
2019-10-29 18:28:39.912,11313,11314,11313,3
2019-10-29 18:29:11.100,11312,11313,11313,2
2019-10-29 18:29:18.922,11312,11313,11313,2
2019-10-29 18:29:18.923,11312,11313,11313,1
2019-10-29 18:29:40.965,11313,11314,11314,1
2019-10-29 18:31:19.079,11313,11314,11314,2
2019-10-29 18:31:19.090,11313,11314,11314,1
2019-10-29 18:31:32.660,11313,11314,11314,1
2019-10-29 18:31:57.168,11313,11314,11314,1
2019-10-29 18:32:08.115,11313,11314,11314,7
2019-10-29 18:32:29.090,11313,11315,11315,1
2019-10-29 18:32:35.907,11314,11315,11314,2
2019-10-29 18:32:41.581,11314,11315,11314,1
2019-10-29 18:32:46.289,11313,11314,11314,4
2019-10-29 18:32:46.289,11313,11314,11315,1
2019-10-29 18:32:53.767,11314,11315,11314,1
2019-10-29 18:33:27.734,11313,11314,11314,2
2019-10-29 18:33:27.734,11313,11314,11315,8
2019-10-29 18:34:30.969,11313,11314,11314,6
2019-10-29 18:34:38.841,11314,11315,11315,1
2019-10-29 18:34:44.603,11314,11315,11314,1
2019-10-29 18:34:59.150,11314,11315,11315,3
2019-10-29 18:34:59.206,11314,11315,11315,5
2019-10-29 18:34:59.213,11314,11315,11315,3
2019-10-29 18:34:59.213,11314,11315,11315,8
2019-10-29 18:35:05.538,11314,11316,11316,1
2019-10-29 18:35:05.861,11314,11316,11316,1
2019-10-29 18:35:05.867,11314,11316,11316,1
2019-10-29 18:35:05.918,11314,11316,11314,1
2019-10-29 18:35:06.452,11314,11316,11316,1
2019-10-29 18:35:06.967,11315,11316,11315,1
2019-10-29 18:35:22.402,11315,11316,11315,1
2019-10-29 18:35:24.158,11314,11315,11315,1
2019-10-29 18:35:34.107,11315,11316,11315,1
2019-10-29 18:36:11.201,11314,11315,11315,2
2019-10-29 18:36:26.466,11315,11316,11316,1
2019-10-29 18:36:28.790,11315,11316,11316,1
2019-10-29 18:36:41.577,11315,11316,11315,2
2019-10-29 18:36:45.253,11315,11316,11315,2
2019-10-29 18:36:48.619,11315,11316,11316,1
2019-10-29 18:37:39.896,11315,11316,11316,30
2019-10-29 18:37:39.963,11315,11316,11316,1
2019-10-29 18:37:40.779,11315,11316,11316,1
2019-10-29 18:37:52.055,11315,11316,11316,1
2019-10-29 18:38:03.091,11315,11316,11316,6
2019-10-29 18:38:04.626,11315,11316,11316,1
2019-10-29 18:38:04.713,11315,11316,11316,2
2019-10-29 18:38:08.024,11315,11316,11316,2
2019-10-29 18:38:08.338,11316,11317,11316,1
2019-10-29 18:38:08.363,11316,11317,11316,1
2019-10-29 18:38:08.388,11316,11317,11316,1
2019-10-29 18:38:08.414,11316,11317,11316,1
2019-10-29 18:38:08.439,11316,11317,11316,1
2019-10-29 18:38:08.463,11316,11317,11316,1
2019-10-29 18:38:11.910,11316,11317,11317,3
2019-10-29 18:38:12.036,11316,11317,11317,1
2019-10-29 18:38:29.062,11316,11317,11316,2
2019-10-29 18:38:33.067,11316,11317,11316,2
2019-10-29 18:38:48.552,11316,11317,11316,3
2019-10-29 18:38:53.148,11316,11317,11316,1
2019-10-29 18:38:58.210,11316,11317,11317,3
2019-10-29 18:38:58.872,11316,11317,11316,5
2019-10-29 18:38:59.296,11315,11317,11316,1
2019-10-29 18:39:00.562,11315,11316,11316,2
2019-10-29 18:39:01.193,11315,11316,11316,1
2019-10-29 18:39:10.209,11315,11316,11316,1
2019-10-29 18:39:23.062,11315,11316,11316,1
2019-10-29 18:39:30.486,11316,11317,11316,1
2019-10-29 18:39:32.409,11315,11316,11316,1
2019-10-29 18:40:02.090,11315,11317,11317,1
2019-10-29 18:40:02.092,11315,11317,11317,1
2019-10-29 18:40:06.280,11316,11317,11316,1
2019-10-29 18:40:51.881,11315,11316,11316,2
2019-10-29 18:41:32.465,11315,11316,11316,1
2019-10-29 18:41:40.481,11315,11316,11316,1
2019-10-29 18:41:52.681,11315,11316,11316,1
2019-10-29 18:42:14.729,11315,11316,11316,1
2019-10-29 18:42:27.478,11315,11316,11316,2
2019-10-29 18:42:27.821,11315,11316,11316,1
2019-10-29 18:42:29.121,11315,11316,11316,1
2019-10-29 18:43:02.769,11315,11316,11316,1
2019-10-29 18:43:16.215,11315,11316,11316,1
2019-10-29 18:43:21.511,11315,11316,11316,1
2019-10-29 18:43:31.439,11315,11316,11316,2
2019-10-29 18:43:31.532,11315,11316,11316,1
2019-10-29 18:43:31.596,11315,11316,11316,2
2019-10-29 18:43:31.636,11315,11316,11316,1
2019-10-29 18:43:53.960,11316,11317,11316,1
2019-10-29 18:45:05.966,11316,11317,11317,1
2019-10-29 18:45:06.350,11316,11317,11317,4
2019-10-29 18:45:11.748,11316,11317,11317,1
2019-10-29 18:45:11.773,11316,11317,11317,1
2019-10-29 18:45:11.799,11316,11317,11317,1
2019-10-29 18:45:11.824,11316,11317,11317,1
2019-10-29 18:45:11.838,11316,11317,11317,1
2019-10-29 18:45:21.376,11316,11317,11317,1
2019-10-29 18:45:24.138,11316,11317,11317,1
2019-10-29 18:45:31.832,11316,11317,11317,1
2019-10-29 18:45:39.083,11316,11317,11317,30
2019-10-29 18:45:39.088,11316,11317,11317,1
2019-10-29 18:45:39.090,11316,11317,11317,1
2019-10-29 18:45:42.770,11316,11317,11317,1
2019-10-29 18:45:44.501,11316,11317,11317,1
2019-10-29 18:45:47.432,11316,11317,11317,1
2019-10-29 18:45:53.132,11316,11317,11317,1
2019-10-29 18:46:01.193,11316,11317,11317,1
2019-10-29 18:46:03.880,11316,11317,11317,2
2019-10-29 18:46:05.237,11316,11317,11317,3
2019-10-29 18:46:31.909,11316,11317,11316,1
2019-10-29 18:46:45.368,11316,11317,11316,1
2019-10-29 18:46:45.696,11316,11317,11316,1
2019-10-29 18:46:59.953,11316,11317,11316,2
2019-10-29 18:47:04.985,11316,11317,11316,1
2019-10-29 18:47:10.355,11316,11317,11317,1
2019-10-29 18:47:28.966,11316,11317,11317,1
2019-10-29 18:47:28.966,11316,11317,11317,1
2019-10-29 18:47:36.755,11316,11317,11316,1
2019-10-29 18:47:58.080,11316,11317,11316,2
2019-10-29 18:48:18.615,11316,11317,11317,1
2019-10-29 18:48:18.641,11316,11317,11317,1
2019-10-29 18:48:18.666,11316,11317,11317,1
2019-10-29 18:48:18.692,11316,11317,11317,1
2019-10-29 18:48:18.713,11316,11317,11317,1
2019-10-29 18:48:18.716,11316,11317,11317,1
2019-10-29 18:48:18.738,11316,11317,11317,1
2019-10-29 18:48:31.230,11316,11317,11317,1
2019-10-29 18:49:14.223,11316,11317,11317,1
2019-10-29 18:49:20.538,11316,11317,11317,1
2019-10-29 18:49:32.517,11316,11317,11317,1
2019-10-29 18:49:39.488,11316,11317,11317,1
2019-10-29 18:49:40.182,11316,11317,11317,1
2019-10-29 18:49:41.461,11316,11317,11317,6
2019-10-29 18:49:46.670,11317,11318,11317,1
2019-10-29 18:50:00.466,11317,11318,11318,1
2019-10-29 18:50:00.852,11317,11318,11318,1
2019-10-29 18:50:01.144,11317,11318,11318,1
2019-10-29 18:50:10.325,11317,11318,11317,1
2019-10-29 18:50:24.208,11317,11318,11318,1
2019-10-29 18:50:32.876,11317,11318,11318,1
2019-10-29 18:50:43.873,11317,11318,11318,1
2019-10-29 18:50:50.556,11317,11318,11318,1
2019-10-29 18:50:57.815,11317,11318,11317,1
2019-10-29 18:52:35.723,11317,11318,11317,2
2019-10-29 18:53:23.716,11317,11318,11318,1
2019-10-29 18:53:53.764,11317,11318,11318,1
2019-10-29 18:53:56.811,11317,11318,11318,1
2019-10-29 18:53:57.263,11317,11318,11318,1
2019-10-29 18:54:12.519,11317,11318,11318,5
2019-10-29 18:54:13.440,11317,11318,11318,1
2019-10-29 18:54:48.466,11317,11318,11318,1
2019-10-29 18:55:00.453,11317,11318,11318,1
2019-10-29 18:55:07.340,11317,11318,11318,1
2019-10-29 18:55:25.141,11317,11318,11318,1
2019-10-29 18:55:41.335,11317,11318,11318,1
2019-10-29 18:55:53.339,11317,11318,11318,1
2019-10-29 18:55:59.299,11317,11318,11318,2
2019-10-29 18:55:59.310,11317,11318,11318,2
2019-10-29 18:55:59.338,11317,11318,11318,6
2019-10-29 18:55:59.339,11317,11318,11318,12
2019-10-29 18:55:59.549,11317,11318,11318,3
2019-10-29 18:55:59.549,11317,11318,11318,3
2019-10-29 18:55:59.549,11317,11318,11318,3
2019-10-29 18:55:59.549,11317,11318,11318,2
2019-10-29 18:55:59.549,11317,11318,11318,5
2019-10-29 18:55:59.549,11317,11318,11318,1
2019-10-29 18:55:59.549,11317,11318,11318,3
2019-10-29 18:55:59.549,11317,11318,11318,3
2019-10-29 18:55:59.549,11317,11318,11318,3
2019-10-29 18:55:59.549,11317,11318,11318,3
2019-10-29 18:55:59.549,11317,11318,11318,1
2019-10-29 18:55:59.549,11317,11318,11318,7
2019-10-29 18:55:59.549,11317,11318,11318,3
2019-10-29 18:55:59.550,11317,11318,11318,3
2019-10-29 18:55:59.588,11317,11318,11318,16
2019-10-29 18:55:59.588,11317,11318,11318,9
2019-10-29 18:56:10.833,11318,11319,11319,1
2019-10-29 18:56:10.933,11318,11319,11319,1
2019-10-29 18:56:10.974,11318,11319,11319,1
2019-10-29 18:56:11.070,11318,11319,11319,1
2019-10-29 18:56:19.469,11318,11319,11319,1
2019-10-29 18:56:21.353,11318,11319,11319,3
2019-10-29 18:56:22.311,11318,11319,11319,1
2019-10-29 18:56:24.115,11318,11319,11319,3
2019-10-29 18:56:26.805,11318,11319,11319,1
2019-10-29 18:56:27.466,11318,11319,11319,5
2019-10-29 18:56:31.896,11318,11319,11319,6
2019-10-29 18:56:33.664,11318,11319,11319,1
2019-10-29 18:56:40.745,11318,11319,11319,1
2019-10-29 18:56:46.438,11318,11319,11319,1
2019-10-29 18:56:50.588,11318,11319,11319,1
2019-10-29 18:56:53.515,11318,11319,11318,11
2019-10-29 18:57:00.110,11317,11318,11318,3
2019-10-29 18:57:03.978,11317,11318,11318,3
2019-10-29 18:57:12.333,11317,11318,11318,1
2019-10-29 18:57:21.206,11317,11318,11318,2
2019-10-29 18:57:36.117,11317,11318,11318,1
2019-10-29 18:57:54.955,11317,11318,11318,1
2019-10-29 18:58:02.470,11317,11318,11318,2
2019-10-29 18:58:13.572,11317,11318,11318,2
2019-10-29 18:58:23.531,11317,11318,11318,1
2019-10-29 18:58:32.483,11317,11318,11318,1
2019-10-29 18:58:40.216,11317,11318,11318,1
2019-10-29 18:58:55.465,11317,11318,11318,1
2019-10-29 18:59:04.391,11317,11318,11318,1
2019-10-29 18:59:14.748,11317,11318,11318,1
2019-10-29 18:59:15.592,11317,11318,11318,1
2019-10-29 18:59:26.831,11317,11318,11318,1
2019-10-29 18:59:39.146,11317,11318,11318,1
2019-10-29 18:59:40.813,11317,11318,11318,1
2019-10-29 18:59:54.534,11317,11318,11318,1
2019-10-29 19:00:00.547,11317,11318,11318,6
2019-10-29 19:00:01.043,11318,11319,11319,2
2019-10-29 19:00:01.324,11318,11319,11319,5
2019-10-29 19:00:01.346,11318,11319,11318,1
2019-10-29 19:00:01.347,11318,11319,11318,1
2019-10-29 19:00:01.625,11318,11319,11318,4
2019-10-29 19:00:01.791,11318,11319,11319,1
2019-10-29 19:00:01.852,11318,11319,11319,2
2019-10-29 19:00:01.877,11318,11319,11319,2
2019-10-29 19:00:12.053,11318,11319,11319,1
2019-10-29 19:00:33.503,11318,11319,11318,7
2019-10-29 19:00:33.985,11317,11318,11318,1
2019-10-29 19:00:40.197,11317,11318,11317,1
2019-10-29 19:01:05.693,11317,11318,11317,1
2019-10-29 19:01:44.664,11317,11318,11317,1
2019-10-29 19:01:51.217,11317,11318,11317,1
2019-10-29 19:02:00.966,11317,11318,11318,1
2019-10-29 19:02:04.713,11317,11318,11317,3
2019-10-29 19:02:04.838,11317,11318,11317,4
2019-10-29 19:02:04.838,11317,11318,11317,1
2019-10-29 19:02:04.838,11317,11318,11317,1
2019-10-29 19:02:04.838,11317,11318,11317,3
2019-10-29 19:02:04.838,11317,11318,11317,9
2019-10-29 19:02:04.838,11317,11318,11317,1
2019-10-29 19:02:04.839,11317,11318,11317,2
2019-10-29 19:02:19.481,11316,11317,11316,1
2019-10-29 19:02:22.744,11316,11317,11316,12
2019-10-29 19:02:22.745,11316,11317,11316,1
2019-10-29 19:02:22.746,11316,11317,11316,1
2019-10-29 19:02:22.964,11315,11316,11316,1
2019-10-29 19:02:22.990,11315,11316,11316,1
2019-10-29 19:02:23.015,11315,11316,11316,1
2019-10-29 19:02:23.040,11315,11316,11316,1
2019-10-29 19:02:23.066,11315,11316,11316,1
2019-10-29 19:02:23.088,11315,11316,11316,1
2019-10-29 19:02:28.391,11315,11316,11315,1
2019-10-29 19:02:31.875,11315,11316,11315,1
2019-10-29 19:03:02.236,11315,11316,11316,1
2019-10-29 19:03:20.352,11315,11316,11315,2
2019-10-29 19:03:22.462,11315,11316,11316,1
2019-10-29 19:03:23.838,11315,11316,11316,2
2019-10-29 19:03:38.992,11316,11317,11317,1
2019-10-29 19:03:38.992,11316,11317,11318,4
2019-10-29 19:03:39.265,11316,11318,11318,1
2019-10-29 19:03:51.583,11316,11317,11317,1
2019-10-29 19:03:51.588,11317,11318,11317,1
2019-10-29 19:03:53.768,11317,11318,11317,3
2019-10-29 19:04:20.646,11316,11317,11317,1
2019-10-29 19:04:36.241,11316,11317,11316,1
2019-10-29 19:04:38.577,11316,11317,11317,1
2019-10-29 19:04:38.942,11316,11317,11317,2
2019-10-29 19:04:38.942,11316,11317,11318,2
2019-10-29 19:05:07.533,11316,11317,11317,1
2019-10-29 19:05:21.667,11316,11317,11317,1
2019-10-29 19:05:22.953,11316,11317,11317,1
2019-10-29 19:05:31.541,11316,11317,11317,1
2019-10-29 19:05:42.340,11316,11318,11318,1
2019-10-29 19:06:02.244,11317,11318,11317,1
2019-10-29 19:06:07.411,11316,11318,11318,1
2019-10-29 19:06:17.716,11317,11318,11318,1
2019-10-29 19:06:29.401,11317,11318,11317,1
2019-10-29 19:06:32.457,11317,11318,11317,1
2019-10-29 19:06:35.273,11316,11318,11318,1
2019-10-29 19:06:48.091,11316,11317,11317,1
