2024-09-23 15:00:00.046,22308,22309,22300,88,-88
2024-09-23 15:00:00.048,22300,22302,22302,1,1
2024-09-23 15:00:00.049,22300,22302,22302,13,13
2024-09-23 15:00:00.051,22300,22302,22304,1,1
2024-09-23 15:00:00.051,22301,22304,22304,1,1
2024-09-23 15:00:00.090,22301,22305,22301,3,-3
2024-09-23 15:00:00.090,22301,22305,22300,7,-7
2024-09-23 15:00:00.116,22302,22305,22302,2,-2
2024-09-23 15:00:00.116,22302,22305,22301,1,-1
2024-09-23 15:00:00.116,22302,22305,22300,1,-1
2024-09-23 15:00:00.160,22302,22305,22300,1,-1
2024-09-23 15:00:00.170,22302,22305,22305,1,1
2024-09-23 15:00:00.170,22302,22305,22305,1,1
2024-09-23 15:00:00.396,22303,22307,22303,1,-1
2024-09-23 15:00:00.499,22302,22306,22306,1,1
2024-09-23 15:00:00.500,22302,22306,22302,1,-1
2024-09-23 15:00:00.521,22302,22306,22306,1,1
2024-09-23 15:00:00.585,22302,22307,22302,1,-1
2024-09-23 15:00:00.585,22302,22307,22300,3,-3
2024-09-23 15:00:00.641,22302,22307,22300,1,-1
2024-09-23 15:00:00.707,22300,22306,22306,1,1
2024-09-23 15:00:00.721,22300,22306,22301,1,-1
2024-09-23 15:00:01.014,22302,22306,22305,1,1
2024-09-23 15:00:01.068,22302,22306,22306,1,1
2024-09-23 15:00:01.114,22302,22306,22302,1,-1
2024-09-23 15:00:01.166,22302,22306,22305,1,1
2024-09-23 15:00:01.166,22302,22306,22306,2,2
2024-09-23 15:00:01.166,22302,22306,22307,2,2
2024-09-23 15:00:01.184,22302,22306,22306,1,1
2024-09-23 15:00:01.498,22302,22305,22302,1,-1
2024-09-23 15:00:01.568,22301,22305,22301,1,-1
2024-09-23 15:00:01.568,22301,22305,22300,3,-3
2024-09-23 15:00:01.568,22301,22305,22305,1,1
2024-09-23 15:00:01.907,22301,22305,22306,3,3
2024-09-23 15:00:01.907,22301,22305,22305,3,3
2024-09-23 15:00:03.163,22302,22305,22305,2,2
2024-09-23 15:00:03.187,22302,22305,22302,1,-1
2024-09-23 15:00:03.705,22302,22305,22305,4,4
2024-09-23 15:00:03.945,22302,22306,22306,3,3
2024-09-23 15:00:03.945,22302,22306,22307,2,2
2024-09-23 15:00:04.832,22303,22306,22302,1,-1
2024-09-23 15:00:04.832,22303,22306,22301,1,-1
2024-09-23 15:00:06.030,22302,22306,22305,1,1
2024-09-23 15:00:06.031,22302,22306,22306,2,2
2024-09-23 15:00:06.055,22304,22307,22305,1,-1
2024-09-23 15:00:06.056,22304,22307,22307,2,2
2024-09-23 15:00:06.057,22304,22307,22307,2,2
2024-09-23 15:00:06.058,22304,22307,22307,1,1
2024-09-23 15:00:06.058,22304,22307,22308,9,9
2024-09-23 15:00:06.060,22304,22307,22308,1,1
2024-09-23 15:00:06.061,22304,22307,22309,4,4
2024-09-23 15:00:06.062,22304,22307,22309,2,2
2024-09-23 15:00:06.080,22304,22307,22307,2,2
2024-09-23 15:00:06.081,22304,22307,22307,1,1
2024-09-23 15:00:06.082,22304,22307,22307,1,1
2024-09-23 15:00:06.083,22304,22307,22307,1,1
2024-09-23 15:00:06.084,22304,22307,22307,1,1
2024-09-23 15:00:06.085,22304,22307,22307,1,1
2024-09-23 15:00:06.086,22304,22307,22307,1,1
2024-09-23 15:00:06.087,22304,22307,22307,1,1
2024-09-23 15:00:06.089,22304,22307,22307,1,1
2024-09-23 15:00:06.090,22304,22307,22307,1,1
2024-09-23 15:00:06.091,22304,22307,22307,1,1
2024-09-23 15:00:06.098,22304,22307,22307,1,1
2024-09-23 15:00:06.099,22304,22307,22307,1,1
2024-09-23 15:00:06.766,22304,22307,22307,1,1
2024-09-23 15:00:06.766,22304,22307,22309,1,1
2024-09-23 15:00:08.064,22307,22310,22310,13,13
2024-09-23 15:00:08.065,22307,22310,22311,3,3
2024-09-23 15:00:08.069,22307,22310,22312,1,1
2024-09-23 15:00:08.172,22307,22310,22312,1,1
2024-09-23 15:00:08.475,22308,22311,22308,1,-1
2024-09-23 15:00:08.785,22308,22311,22310,1,1
2024-09-23 15:00:08.841,22307,22311,22311,1,1
2024-09-23 15:00:09.077,22308,22311,22311,1,1
2024-09-23 15:00:09.675,22309,22311,22309,1,-1
2024-09-23 15:00:09.917,22307,22309,22307,1,-1
2024-09-23 15:00:10.068,22306,22309,22309,1,1
2024-09-23 15:00:10.209,22307,22309,22308,2,-2
2024-09-23 15:00:10.209,22307,22309,22307,2,-2
2024-09-23 15:00:10.506,22306,22309,22309,1,1
2024-09-23 15:00:11.126,22305,22307,22307,1,1
2024-09-23 15:00:11.240,22306,22309,22307,1,-1
2024-09-23 15:00:11.321,22307,22310,22307,1,-1
2024-09-23 15:00:12.403,22306,22309,22308,3,3
2024-09-23 15:00:12.403,22306,22309,22309,3,3
2024-09-23 15:00:12.403,22306,22309,22310,4,4
2024-09-23 15:00:12.404,22306,22309,22308,1,1
2024-09-23 15:00:13.957,22307,22310,22310,1,1
2024-09-23 15:00:14.821,22307,22309,22307,1,-1
2024-09-23 15:00:15.865,22305,22308,22305,1,-1
2024-09-23 15:00:16.167,22305,22308,22308,1,1
2024-09-23 15:00:16.408,22305,22308,22308,1,1
2024-09-23 15:00:16.550,22305,22308,22308,1,1
2024-09-23 15:00:18.095,22306,22308,22308,1,1
2024-09-23 15:00:20.503,22305,22308,22308,1,1
2024-09-23 15:00:20.666,22305,22308,22308,1,1
2024-09-23 15:00:21.116,22305,22308,22305,2,-2
2024-09-23 15:00:23.606,22304,22306,22306,1,1
2024-09-23 15:00:24.025,22305,22308,22306,2,-2
2024-09-23 15:00:24.959,22305,22308,22305,1,-1
2024-09-23 15:00:26.929,22305,22307,22307,1,1
2024-09-23 15:00:27.396,22305,22307,22305,1,-1
2024-09-23 15:00:27.563,22304,22307,22305,1,-1
2024-09-23 15:00:29.243,22302,22304,22302,1,-1
2024-09-23 15:00:29.243,22302,22304,22302,1,-1
2024-09-23 15:00:29.243,22302,22304,22302,2,-2
2024-09-23 15:00:29.369,22301,22303,22302,2,-2
2024-09-23 15:00:29.552,22301,22304,22303,2,2
2024-09-23 15:00:29.864,22302,22304,22302,1,-1
2024-09-23 15:00:30.160,22301,22304,22304,1,1
2024-09-23 15:00:30.505,22302,22305,22302,1,-1
2024-09-23 15:00:30.939,22302,22304,22302,1,-1
2024-09-23 15:00:30.939,22302,22304,22301,5,-5
2024-09-23 15:00:30.939,22302,22304,22300,9,-9
2024-09-23 15:00:31.315,22300,22303,22303,1,1
2024-09-23 15:00:31.663,22300,22303,22302,7,7
2024-09-23 15:00:31.663,22300,22303,22300,4,-4
2024-09-23 15:00:31.663,22300,22303,22299,9,-9
2024-09-23 15:00:32.043,22299,22301,22299,1,-1
2024-09-23 15:00:32.104,22298,22300,22298,4,-4
2024-09-23 15:00:32.105,22298,22300,22297,2,-2
2024-09-23 15:00:32.106,22298,22300,22296,3,-3
2024-09-23 15:00:32.479,22295,22297,22295,1,-1
2024-09-23 15:00:32.729,22295,22297,22295,6,-6
2024-09-23 15:00:32.729,22295,22297,22294,1,-1
2024-09-23 15:00:32.729,22295,22297,22293,2,-2
2024-09-23 15:00:32.731,22295,22297,22296,1,-1
2024-09-23 15:00:32.737,22295,22297,22297,1,1
2024-09-23 15:00:32.789,22295,22297,22297,1,1
2024-09-23 15:00:32.955,22294,22297,22294,2,-2
2024-09-23 15:00:32.955,22294,22297,22293,3,-3
2024-09-23 15:00:32.955,22294,22297,22292,3,-3
2024-09-23 15:00:33.011,22294,22297,22293,1,-1
2024-09-23 15:00:33.051,22293,22294,22294,1,1
2024-09-23 15:00:33.051,22293,22294,22293,1,-1
2024-09-23 15:00:33.068,22293,22294,22292,1,-1
2024-09-23 15:00:33.098,22293,22294,22296,1,1
2024-09-23 15:00:33.293,22293,22296,22293,1,-1
2024-09-23 15:00:33.411,22293,22296,22293,1,-1
2024-09-23 15:00:33.453,22293,22296,22294,1,-1
2024-09-23 15:00:33.533,22293,22296,22293,1,-1
2024-09-23 15:00:33.879,22293,22296,22293,1,-1
2024-09-23 15:00:35.213,22294,22295,22295,1,1
2024-09-23 15:00:35.746,22295,22297,22295,1,-1
2024-09-23 15:00:36.423,22294,22298,22294,1,-1
2024-09-23 15:00:36.655,22295,22298,22298,1,1
2024-09-23 15:00:37.357,22295,22298,22295,1,-1
2024-09-23 15:00:37.575,22295,22298,22295,1,-1
2024-09-23 15:00:39.424,22296,22299,22296,2,-2
2024-09-23 15:00:39.991,22295,22298,22295,1,-1
2024-09-23 15:00:40.379,22295,22298,22298,1,1
2024-09-23 15:00:40.476,22296,22298,22296,1,-1
2024-09-23 15:00:40.476,22296,22298,22295,1,-1
2024-09-23 15:00:40.521,22296,22298,22298,1,1
2024-09-23 15:00:42.974,22296,22298,22299,1,1
2024-09-23 15:00:43.141,22296,22299,22299,1,1
2024-09-23 15:00:43.806,22297,22299,22299,1,1
2024-09-23 15:00:45.049,22297,22300,22300,4,4
2024-09-23 15:00:45.049,22297,22300,22301,1,1
2024-09-23 15:00:45.696,22298,22300,22298,1,-1
2024-09-23 15:00:45.696,22298,22300,22297,1,-1
2024-09-23 15:00:48.140,22297,22300,22297,1,-1
2024-09-23 15:00:49.187,22296,22298,22298,1,1
2024-09-23 15:00:50.279,22296,22298,22298,1,1
2024-09-23 15:00:51.261,22296,22298,22296,1,-1
2024-09-23 15:00:51.755,22296,22299,22296,1,-1
2024-09-23 15:00:52.910,22297,22300,22297,1,-1
2024-09-23 15:00:53.227,22297,22300,22300,1,1
2024-09-23 15:00:54.427,22297,22300,22300,1,1
2024-09-23 15:00:55.192,22297,22300,22300,1,1
2024-09-23 15:00:55.948,22297,22299,22297,1,-1
2024-09-23 15:00:55.987,22297,22299,22299,1,1
2024-09-23 15:00:56.542,22297,22299,22299,3,3
2024-09-23 15:00:59.151,22298,22300,22300,6,6
2024-09-23 15:00:59.151,22298,22300,22300,1,1
2024-09-23 15:00:59.623,22299,22301,22299,1,-1
2024-09-23 15:01:00.044,22298,22301,22301,2,2
2024-09-23 15:01:00.075,22299,22301,22301,1,1
2024-09-23 15:01:00.075,22299,22301,22301,1,1
2024-09-23 15:01:00.075,22299,22301,22301,1,1
2024-09-23 15:01:00.113,22299,22301,22302,2,2
2024-09-23 15:01:00.115,22299,22301,22300,1,1
2024-09-23 15:01:00.147,22299,22301,22302,4,4
2024-09-23 15:01:00.159,22299,22301,22300,1,1
2024-09-23 15:01:00.209,22299,22302,22299,1,-1
2024-09-23 15:01:00.325,22298,22301,22298,1,-1
2024-09-23 15:01:00.333,22298,22301,22298,3,-3
2024-09-23 15:01:00.444,22298,22300,22298,1,-1
2024-09-23 15:01:00.541,22298,22300,22298,1,-1
2024-09-23 15:01:00.646,22297,22300,22298,3,-3
2024-09-23 15:01:00.961,22297,22299,22297,2,-2
2024-09-23 15:01:00.978,22297,22299,22299,1,1
2024-09-23 15:01:01.130,22297,22299,22297,2,-2
2024-09-23 15:01:01.229,22296,22299,22299,1,1
2024-09-23 15:01:02.463,22296,22299,22299,2,2
2024-09-23 15:01:03.252,22296,22299,22296,1,-1
2024-09-23 15:01:04.085,22296,22299,22296,2,-2
2024-09-23 15:01:04.756,22296,22299,22299,1,1
2024-09-23 15:01:05.680,22296,22299,22299,3,3
2024-09-23 15:01:09.370,22297,22299,22299,1,1
2024-09-23 15:01:10.114,22297,22299,22299,2,2
2024-09-23 15:01:10.114,22297,22299,22299,1,1
2024-09-23 15:01:10.427,22298,22301,22301,1,1
2024-09-23 15:01:11.775,22298,22301,22299,2,-2
2024-09-23 15:01:11.775,22298,22301,22298,1,-1
2024-09-23 15:01:13.001,22298,22300,22298,1,-1
2024-09-23 15:01:16.326,22297,22298,22297,3,-3
2024-09-23 15:01:16.327,22297,22298,22296,1,-1
2024-09-23 15:01:17.929,22295,22297,22297,1,1
2024-09-23 15:01:18.664,22295,22297,22297,1,1
2024-09-23 15:01:19.301,22295,22298,22298,1,1
2024-09-23 15:01:20.231,22296,22298,22296,1,-1
2024-09-23 15:01:21.995,22296,22298,22296,3,-3
2024-09-23 15:01:22.685,22295,22297,22295,1,-1
2024-09-23 15:01:22.787,22295,22297,22297,3,3
2024-09-23 15:01:23.405,22296,22298,22296,1,-1
2024-09-23 15:01:23.422,22296,22298,22295,1,-1
2024-09-23 15:01:23.422,22296,22298,22295,9,-9
2024-09-23 15:01:23.423,22296,22298,22294,1,-1
2024-09-23 15:01:23.424,22296,22298,22294,2,-2
2024-09-23 15:01:24.513,22293,22294,22293,2,-2
2024-09-23 15:01:24.513,22293,22294,22292,6,-6
2024-09-23 15:01:24.513,22293,22294,22291,21,-21
2024-09-23 15:01:24.513,22293,22294,22290,9,-9
2024-09-23 15:01:24.621,22290,22292,22290,2,-2
2024-09-23 15:01:25.064,22291,22293,22293,1,1
2024-09-23 15:01:26.427,22291,22294,22291,1,-1
2024-09-23 15:01:26.919,22291,22293,22291,1,-1
2024-09-23 15:01:26.920,22291,22293,22290,9,-9
2024-09-23 15:01:27.764,22288,22291,22291,1,1
2024-09-23 15:01:29.137,22290,22291,22291,1,1
2024-09-23 15:01:29.724,22290,22291,22290,2,-2
2024-09-23 15:01:29.790,22290,22291,22291,1,1
2024-09-23 15:01:30.396,22290,22291,22291,1,1
2024-09-23 15:01:33.891,22290,22293,22290,1,-1
2024-09-23 15:01:34.522,22291,22294,22292,1,-1
2024-09-23 15:01:35.020,22292,22295,22295,1,1
2024-09-23 15:01:37.332,22293,22296,22293,3,-3
2024-09-23 15:01:38.982,22293,22295,22293,2,-2
2024-09-23 15:01:39.474,22293,22294,22293,1,-1
2024-09-23 15:01:40.831,22292,22294,22292,1,-1
2024-09-23 15:01:42.441,22293,22294,22294,1,1
2024-09-23 15:01:42.890,22293,22295,22293,1,-1
2024-09-23 15:01:46.099,22293,22294,22293,1,-1
2024-09-23 15:01:46.189,22293,22294,22293,1,-1
2024-09-23 15:01:48.022,22292,22294,22292,2,-2
2024-09-23 15:01:48.022,22292,22294,22291,2,-2
2024-09-23 15:01:48.603,22293,22294,22293,1,-1
2024-09-23 15:01:48.603,22293,22294,22292,1,-1
2024-09-23 15:01:49.363,22291,22293,22291,1,-1
2024-09-23 15:01:51.061,22291,22293,22291,2,-2
2024-09-23 15:01:52.003,22291,22293,22291,1,-1
2024-09-23 15:01:54.321,22291,22293,22291,1,-1
2024-09-23 15:01:54.953,22291,22293,22291,2,-2
2024-09-23 15:01:56.409,22290,22293,22291,1,-1
2024-09-23 15:01:56.536,22290,22293,22293,1,1
2024-09-23 15:01:57.047,22290,22293,22290,1,-1
2024-09-23 15:01:59.993,22291,22293,22291,3,-3
2024-09-23 15:02:00.910,22291,22293,22293,1,1
2024-09-23 15:02:01.359,22292,22293,22292,1,-1
2024-09-23 15:02:01.369,22292,22293,22292,2,-2
2024-09-23 15:02:01.369,22292,22293,22291,2,-2
2024-09-23 15:02:01.884,22291,22293,22291,1,-1
2024-09-23 15:02:01.942,22291,22293,22291,1,-1
2024-09-23 15:02:03.471,22291,22292,22292,1,1
2024-09-23 15:02:04.920,22291,22293,22293,1,1
2024-09-23 15:02:06.353,22292,22293,22293,1,1
2024-09-23 15:02:06.570,22292,22293,22292,4,-4
2024-09-23 15:02:06.573,22292,22293,22291,1,-1
2024-09-23 15:02:06.573,22292,22293,22291,1,-1
2024-09-23 15:02:06.582,22292,22293,22290,2,-2
2024-09-23 15:02:06.583,22292,22293,22290,2,-2
2024-09-23 15:02:06.583,22292,22293,22290,12,-12
2024-09-23 15:02:06.590,22292,22293,22290,1,-1
2024-09-23 15:02:06.592,22292,22293,22289,1,-1
2024-09-23 15:02:06.593,22292,22293,22289,1,-1
2024-09-23 15:02:06.593,22292,22293,22288,4,-4
2024-09-23 15:02:06.593,22292,22293,22288,1,-1
2024-09-23 15:02:06.594,22292,22293,22288,11,-11
2024-09-23 15:02:06.595,22292,22293,22287,1,-1
2024-09-23 15:02:06.595,22292,22293,22287,4,-4
2024-09-23 15:02:06.596,22292,22293,22287,1,-1
2024-09-23 15:02:06.596,22292,22293,22288,1,-1
2024-09-23 15:02:06.600,22292,22293,22287,1,-1
2024-09-23 15:02:06.719,22286,22289,22286,2,-2
2024-09-23 15:02:07.026,22287,22289,22287,2,-2
2024-09-23 15:02:07.026,22287,22289,22286,5,-5
2024-09-23 15:02:07.098,22285,22288,22288,1,1
2024-09-23 15:02:07.345,22285,22287,22287,1,1
2024-09-23 15:02:07.483,22285,22287,22285,1,-1
2024-09-23 15:02:07.494,22285,22287,22287,1,1
2024-09-23 15:02:07.647,22285,22287,22287,1,1
2024-09-23 15:02:07.815,22285,22287,22285,1,-1
2024-09-23 15:02:07.837,22285,22287,22285,1,-1
2024-09-23 15:02:08.033,22284,22286,22284,1,-1
2024-09-23 15:02:08.269,22284,22286,22284,1,-1
2024-09-23 15:02:08.270,22284,22286,22283,3,-3
2024-09-23 15:02:08.271,22284,22286,22283,2,-2
2024-09-23 15:02:08.271,22284,22286,22283,1,-1
2024-09-23 15:02:08.271,22284,22286,22283,1,-1
2024-09-23 15:02:08.273,22284,22286,22282,2,-2
2024-09-23 15:02:08.273,22284,22286,22282,1,-1
2024-09-23 15:02:08.273,22284,22286,22282,1,-1
2024-09-23 15:02:08.273,22284,22286,22282,1,-1
2024-09-23 15:02:08.744,22281,22283,22283,1,1
2024-09-23 15:02:08.809,22282,22284,22282,1,-1
2024-09-23 15:02:08.921,22282,22284,22281,1,-1
2024-09-23 15:02:09.031,22281,22284,22281,1,-1
2024-09-23 15:02:09.611,22281,22283,22281,2,-2
2024-09-23 15:02:09.757,22281,22283,22283,1,1
2024-09-23 15:02:10.757,22282,22284,22284,1,1
2024-09-23 15:02:11.653,22282,22285,22282,1,-1
2024-09-23 15:02:11.670,22282,22285,22283,1,-1
2024-09-23 15:02:12.145,22283,22285,22283,1,-1
2024-09-23 15:02:12.692,22283,22286,22283,4,-4
2024-09-23 15:02:12.693,22283,22286,22283,2,-2
2024-09-23 15:02:12.693,22283,22286,22283,1,-1
2024-09-23 15:02:12.739,22283,22286,22285,1,1
2024-09-23 15:02:13.425,22283,22285,22285,2,2
2024-09-23 15:02:15.003,22283,22285,22285,1,1
2024-09-23 15:02:16.156,22284,22286,22285,2,2
2024-09-23 15:02:16.785,22284,22286,22284,1,-1
2024-09-23 15:02:17.235,22284,22287,22287,2,2
2024-09-23 15:02:17.966,22284,22287,22284,1,-1
2024-09-23 15:02:18.186,22284,22287,22287,1,1
2024-09-23 15:02:18.292,22284,22287,22284,1,-1
2024-09-23 15:02:19.418,22285,22287,22285,1,-1
2024-09-23 15:02:19.418,22285,22287,22284,2,-2
2024-09-23 15:02:19.524,22284,22287,22285,6,-6
2024-09-23 15:02:20.644,22284,22287,22284,1,-1
2024-09-23 15:02:21.012,22284,22287,22284,3,-3
2024-09-23 15:02:21.012,22284,22287,22283,2,-2
2024-09-23 15:02:21.769,22283,22284,22283,2,-2
2024-09-23 15:02:21.879,22282,22284,22284,1,1
2024-09-23 15:02:22.131,22283,22285,22283,1,-1
2024-09-23 15:02:26.171,22284,22287,22287,2,2
2024-09-23 15:02:26.537,22285,22288,22285,1,-1
2024-09-23 15:02:27.281,22285,22288,22285,3,-3
2024-09-23 15:02:27.281,22285,22288,22284,2,-2
2024-09-23 15:02:27.976,22284,22286,22284,1,-1
2024-09-23 15:02:28.206,22284,22286,22284,2,-2
2024-09-23 15:02:28.520,22282,22284,22282,1,-1
2024-09-23 15:02:28.537,22282,22284,22282,2,-2
2024-09-23 15:02:28.560,22281,22284,22281,7,-7
2024-09-23 15:02:28.560,22281,22284,22280,33,-33
2024-09-23 15:02:28.561,22281,22284,22279,1,-1
2024-09-23 15:02:28.563,22281,22284,22279,1,-1
2024-09-23 15:02:28.566,22281,22284,22279,1,-1
2024-09-23 15:02:29.224,22280,22282,22282,1,1
2024-09-23 15:02:29.654,22280,22282,22280,1,-1
2024-09-23 15:02:29.756,22280,22282,22280,1,-1
2024-09-23 15:02:30.677,22281,22283,22281,4,-4
2024-09-23 15:02:31.816,22281,22284,22281,1,-1
2024-09-23 15:02:32.633,22283,22284,22283,1,-1
2024-09-23 15:02:33.551,22282,22283,22282,1,-1
2024-09-23 15:02:34.130,22278,22281,22278,1,-1
2024-09-23 15:02:35.389,22279,22281,22281,1,1
2024-09-23 15:02:36.222,22280,22282,22280,1,-1
2024-09-23 15:02:36.222,22280,22282,22279,1,-1
2024-09-23 15:02:37.806,22280,22283,22283,1,1
2024-09-23 15:02:38.382,22281,22283,22281,1,-1
2024-09-23 15:02:39.889,22283,22285,22283,1,-1
2024-09-23 15:02:39.970,22283,22285,22284,1,-1
2024-09-23 15:02:39.994,22283,22285,22283,1,-1
2024-09-23 15:02:40.239,22282,22285,22285,1,1
2024-09-23 15:02:40.299,22282,22285,22282,1,-1
2024-09-23 15:02:40.754,22282,22284,22283,1,-1
2024-09-23 15:02:41.412,22283,22286,22283,1,-1
2024-09-23 15:02:41.806,22283,22285,22284,1,-1
2024-09-23 15:02:41.969,22284,22286,22286,1,1
2024-09-23 15:02:43.351,22284,22286,22284,1,-1
2024-09-23 15:02:43.955,22284,22286,22284,2,-2
2024-09-23 15:02:44.081,22284,22286,22285,1,-1
2024-09-23 15:02:44.930,22285,22286,22286,1,1
2024-09-23 15:02:44.931,22285,22286,22286,2,2
2024-09-23 15:02:47.228,22284,22287,22287,1,1
2024-09-23 15:02:51.526,22284,22286,22286,2,2
2024-09-23 15:02:53.152,22286,22287,22286,1,-1
2024-09-23 15:02:53.629,22285,22286,22286,2,2
2024-09-23 15:02:55.430,22285,22287,22285,2,-2
2024-09-23 15:02:55.466,22285,22287,22284,1,-1
2024-09-23 15:02:55.519,22285,22287,22283,3,-3
2024-09-23 15:02:55.519,22285,22287,22282,1,-1
2024-09-23 15:02:55.808,22282,22284,22283,1,-1
2024-09-23 15:02:56.274,22282,22284,22284,1,1
2024-09-23 15:02:56.477,22282,22284,22282,1,-1
2024-09-23 15:02:56.764,22282,22284,22285,3,3
2024-09-23 15:02:58.373,22285,22287,22287,1,1
2024-09-23 15:03:00.054,22285,22286,22285,1,-1
2024-09-23 15:03:00.213,22285,22286,22285,2,-2
2024-09-23 15:03:00.213,22285,22286,22284,5,-5
2024-09-23 15:03:00.213,22285,22286,22283,3,-3
2024-09-23 15:03:00.288,22285,22286,22283,1,-1
2024-09-23 15:03:00.341,22283,22285,22283,1,-1
2024-09-23 15:03:00.713,22283,22285,22283,1,-1
2024-09-23 15:03:00.713,22283,22285,22283,1,-1
2024-09-23 15:03:01.228,22282,22284,22282,4,-4
2024-09-23 15:03:01.304,22282,22284,22282,1,-1
2024-09-23 15:03:01.304,22282,22284,22282,1,-1
2024-09-23 15:03:01.437,22281,22283,22283,1,1
2024-09-23 15:03:03.353,22282,22284,22284,1,1
2024-09-23 15:03:04.290,22284,22286,22286,1,1
2024-09-23 15:03:04.290,22284,22286,22286,1,1
2024-09-23 15:03:06.031,22285,22287,22287,4,4
2024-09-23 15:03:06.032,22285,22287,22288,1,1
2024-09-23 15:03:06.033,22285,22287,22288,2,2
2024-09-23 15:03:06.083,22287,22290,22289,1,1
2024-09-23 15:03:08.118,22286,22287,22287,1,1
2024-09-23 15:03:08.180,22286,22287,22286,1,-1
2024-09-23 15:03:09.086,22285,22287,22287,1,1
2024-09-23 15:03:11.710,22286,22287,22287,1,1
2024-09-23 15:03:11.710,22286,22287,22286,1,-1
2024-09-23 15:03:12.130,22286,22287,22286,1,-1
2024-09-23 15:03:13.265,22285,22286,22285,3,-3
2024-09-23 15:03:14.158,22284,22286,22284,1,-1
2024-09-23 15:03:14.531,22284,22286,22286,1,1
2024-09-23 15:03:16.475,22284,22286,22286,1,1
2024-09-23 15:03:17.661,22284,22286,22284,3,-3
2024-09-23 15:03:19.077,22284,22285,22285,1,1
2024-09-23 15:03:19.179,22284,22285,22283,1,-1
2024-09-23 15:03:19.179,22284,22285,22283,1,-1
2024-09-23 15:03:19.179,22284,22285,22283,1,-1
2024-09-23 15:03:19.179,22284,22285,22284,1,-1
2024-09-23 15:03:20.426,22283,22286,22283,1,-1
2024-09-23 15:03:20.868,22284,22286,22284,1,-1
2024-09-23 15:03:22.358,22284,22286,22286,1,1
2024-09-23 15:03:24.054,22284,22286,22284,1,-1
2024-09-23 15:03:25.287,22284,22285,22284,1,-1
2024-09-23 15:03:25.957,22283,22285,22285,1,1
2024-09-23 15:03:25.958,22283,22285,22283,3,-3
2024-09-23 15:03:26.477,22283,22285,22283,1,-1
2024-09-23 15:03:28.108,22282,22285,22285,1,1
2024-09-23 15:03:28.181,22282,22285,22282,1,-1
2024-09-23 15:03:31.567,22282,22285,22285,5,5
2024-09-23 15:03:32.428,22282,22284,22282,3,-3
2024-09-23 15:03:33.167,22282,22284,22282,2,-2
2024-09-23 15:03:35.266,22281,22283,22281,1,-1
2024-09-23 15:03:35.492,22281,22283,22281,1,-1
2024-09-23 15:03:36.080,22282,22283,22283,1,1
2024-09-23 15:03:38.376,22283,22284,22283,1,-1
2024-09-23 15:03:38.894,22283,22284,22284,2,2
2024-09-23 15:03:39.932,22285,22286,22286,1,1
2024-09-23 15:03:39.933,22285,22286,22286,1,1
2024-09-23 15:03:40.226,22285,22287,22285,1,-1
2024-09-23 15:03:44.570,22286,22287,22286,1,-1
2024-09-23 15:03:45.513,22286,22287,22286,1,-1
2024-09-23 15:03:45.547,22286,22287,22287,1,1
2024-09-23 15:03:45.728,22285,22287,22285,1,-1
2024-09-23 15:03:45.729,22285,22287,22285,1,-1
2024-09-23 15:03:48.360,22284,22286,22286,2,2
2024-09-23 15:03:49.401,22284,22286,22286,1,1
2024-09-23 15:03:50.067,22285,22286,22285,1,-1
2024-09-23 15:03:50.109,22285,22286,22284,2,-2
2024-09-23 15:03:50.110,22285,22286,22283,4,-4
2024-09-23 15:03:50.110,22285,22286,22282,5,-5
2024-09-23 15:03:50.257,22281,22283,22283,1,1
2024-09-23 15:03:50.295,22281,22283,22282,1,1
2024-09-23 15:03:55.239,22283,22285,22283,1,-1
2024-09-23 15:04:00.874,22282,22285,22285,2,2
2024-09-23 15:04:06.307,22283,22284,22283,1,-1
2024-09-23 15:04:06.309,22283,22284,22282,2,-2
2024-09-23 15:04:06.373,22283,22284,22281,4,-4
2024-09-23 15:04:06.373,22283,22284,22281,3,-3
2024-09-23 15:04:06.374,22283,22284,22280,11,-11
2024-09-23 15:04:06.376,22283,22284,22279,3,-3
2024-09-23 15:04:06.376,22283,22284,22279,2,-2
2024-09-23 15:04:06.377,22283,22284,22280,1,-1
2024-09-23 15:04:06.465,22279,22281,22281,1,1
2024-09-23 15:04:06.551,22279,22281,22279,4,-4
2024-09-23 15:04:06.551,22279,22281,22278,3,-3
2024-09-23 15:04:08.054,22278,22280,22278,3,-3
2024-09-23 15:04:08.373,22278,22280,22278,1,-1
2024-09-23 15:04:08.922,22277,22279,22277,1,-1
2024-09-23 15:04:09.182,22277,22280,22277,1,-1
2024-09-23 15:04:09.185,22277,22280,22277,1,-1
2024-09-23 15:04:09.558,22277,22280,22279,1,1
2024-09-23 15:04:10.259,22277,22279,22280,1,1
2024-09-23 15:04:12.355,22282,22284,22282,2,-2
2024-09-23 15:04:12.355,22282,22284,22281,4,-4
2024-09-23 15:04:12.356,22282,22284,22281,1,-1
2024-09-23 15:04:13.644,22281,22282,22282,1,1
2024-09-23 15:04:13.751,22282,22284,22282,1,-1
2024-09-23 15:04:15.414,22281,22284,22284,1,1
2024-09-23 15:04:17.122,22281,22283,22281,1,-1
2024-09-23 15:04:17.607,22280,22282,22282,1,1
2024-09-23 15:04:21.115,22282,22284,22284,1,1
2024-09-23 15:04:25.231,22282,22284,22283,1,1
2024-09-23 15:04:25.466,22282,22284,22284,1,1
2024-09-23 15:04:25.509,22282,22284,22282,1,-1
2024-09-23 15:04:29.948,22282,22284,22284,1,1
2024-09-23 15:04:30.247,22283,22285,22283,1,-1
2024-09-23 15:04:38.145,22283,22285,22283,1,-1
2024-09-23 15:04:40.372,22283,22285,22283,1,-1
2024-09-23 15:04:42.257,22283,22285,22283,1,-1
2024-09-23 15:04:42.258,22283,22285,22282,1,-1
2024-09-23 15:04:42.328,22280,22283,22280,4,-4
2024-09-23 15:04:42.599,22280,22283,22280,6,-6
2024-09-23 15:04:42.599,22280,22283,22279,1,-1
2024-09-23 15:04:43.711,22281,22284,22281,1,-1
2024-09-23 15:04:44.371,22281,22283,22283,1,1
2024-09-23 15:04:46.324,22282,22285,22282,6,-6
2024-09-23 15:04:46.324,22282,22285,22281,2,-2
2024-09-23 15:04:48.594,22281,22284,22281,1,-1
2024-09-23 15:04:48.993,22281,22283,22283,1,1
2024-09-23 15:04:51.321,22282,22285,22282,2,-2
2024-09-23 15:04:52.305,22282,22285,22285,6,6
2024-09-23 15:04:52.306,22282,22285,22285,1,1
2024-09-23 15:04:52.306,22282,22285,22285,1,1
2024-09-23 15:04:52.306,22282,22285,22285,3,3
2024-09-23 15:04:52.306,22282,22285,22285,1,1
2024-09-23 15:04:54.015,22283,22284,22283,1,-1
2024-09-23 15:04:55.719,22283,22284,22284,4,4
2024-09-23 15:04:58.318,22284,22285,22285,2,2
2024-09-23 15:04:58.318,22284,22285,22285,1,1
2024-09-23 15:04:59.372,22284,22286,22285,1,1
2024-09-23 15:04:59.918,22285,22286,22285,1,-1
2024-09-23 15:05:00.505,22283,22285,22283,1,-1
2024-09-23 15:05:00.704,22282,22285,22282,2,-2
2024-09-23 15:05:00.768,22282,22285,22282,4,-4
2024-09-23 15:05:00.768,22282,22285,22281,8,-8
2024-09-23 15:05:00.807,22281,22283,22281,3,-3
2024-09-23 15:05:00.807,22281,22283,22280,2,-2
2024-09-23 15:05:01.032,22280,22282,22280,1,-1
2024-09-23 15:05:01.198,22280,22282,22280,1,-1
2024-09-23 15:05:01.218,22280,22282,22281,1,-1
2024-09-23 15:05:01.354,22280,22282,22280,1,-1
2024-09-23 15:05:01.359,22280,22282,22280,1,-1
2024-09-23 15:05:01.368,22280,22282,22279,1,-1
2024-09-23 15:05:01.570,22279,22281,22279,1,-1
2024-09-23 15:05:02.088,22280,22282,22282,1,1
2024-09-23 15:05:07.516,22282,22284,22281,6,-6
2024-09-23 15:05:07.713,22281,22284,22281,6,-6
2024-09-23 15:05:08.190,22280,22282,22282,1,1
2024-09-23 15:05:09.036,22279,22282,22282,3,3
2024-09-23 15:05:11.527,22283,22285,22283,1,-1
2024-09-23 15:05:11.801,22282,22285,22282,7,-7
2024-09-23 15:05:11.801,22282,22285,22282,1,-1
2024-09-23 15:05:11.801,22282,22285,22282,2,-2
2024-09-23 15:05:12.076,22282,22284,22282,3,-3
2024-09-23 15:05:12.077,22282,22284,22282,4,-4
2024-09-23 15:05:12.461,22280,22283,22280,5,-5
2024-09-23 15:05:13.098,22279,22282,22279,5,-5
2024-09-23 15:05:14.873,22280,22281,22281,1,1
2024-09-23 15:05:15.272,22280,22282,22280,1,-1
2024-09-23 15:05:15.303,22279,22282,22279,1,-1
2024-09-23 15:05:16.739,22278,22280,22278,1,-1
2024-09-23 15:05:16.739,22278,22280,22278,3,-3
2024-09-23 15:05:16.740,22278,22280,22278,1,-1
2024-09-23 15:05:16.740,22278,22280,22278,2,-2
2024-09-23 15:05:16.741,22278,22280,22277,7,-7
2024-09-23 15:05:17.297,22277,22279,22278,3,-3
2024-09-23 15:05:17.377,22277,22279,22277,1,-1
2024-09-23 15:05:19.290,22277,22280,22277,1,-1
2024-09-23 15:05:19.290,22277,22280,22277,1,-1
2024-09-23 15:05:19.863,22277,22279,22277,2,-2
2024-09-23 15:05:19.863,22277,22279,22276,1,-1
2024-09-23 15:05:19.867,22277,22279,22277,1,-1
2024-09-23 15:05:20.190,22276,22278,22278,1,1
2024-09-23 15:05:20.346,22277,22279,22276,1,-1
2024-09-23 15:05:20.357,22277,22279,22276,1,-1
2024-09-23 15:05:20.533,22276,22278,22276,1,-1
2024-09-23 15:05:20.712,22276,22278,22276,3,-3
2024-09-23 15:05:21.328,22276,22278,22277,3,-3
2024-09-23 15:05:21.742,22276,22278,22276,8,-8
2024-09-23 15:05:21.743,22276,22278,22275,7,-7
2024-09-23 15:05:21.747,22276,22278,22275,1,-1
2024-09-23 15:05:21.904,22274,22276,22274,1,-1
2024-09-23 15:05:21.911,22274,22276,22274,1,-1
2024-09-23 15:05:21.935,22274,22276,22274,1,-1
2024-09-23 15:05:22.050,22274,22276,22274,2,-2
2024-09-23 15:05:22.209,22274,22277,22277,1,1
2024-09-23 15:05:22.250,22274,22277,22276,1,1
2024-09-23 15:05:22.316,22276,22277,22276,1,-1
2024-09-23 15:05:22.316,22276,22277,22276,2,-2
2024-09-23 15:05:22.454,22274,22277,22274,7,-7
2024-09-23 15:05:23.610,22274,22277,22277,1,1
2024-09-23 15:05:25.356,22276,22277,22276,1,-1
2024-09-23 15:05:26.295,22274,22276,22276,1,1
2024-09-23 15:05:26.637,22274,22276,22274,3,-3
2024-09-23 15:05:26.637,22274,22276,22273,1,-1
2024-09-23 15:05:27.603,22276,22277,22276,1,-1
2024-09-23 15:05:27.604,22276,22277,22276,1,-1
2024-09-23 15:05:27.679,22274,22276,22274,1,-1
2024-09-23 15:05:29.450,22275,22276,22275,1,-1
2024-09-23 15:05:29.450,22275,22276,22275,2,-2
2024-09-23 15:05:30.112,22274,22275,22274,2,-2
2024-09-23 15:05:30.797,22273,22275,22275,1,1
2024-09-23 15:05:32.578,22273,22276,22274,1,-1
2024-09-23 15:05:32.753,22273,22276,22276,2,2
2024-09-23 15:05:34.433,22275,22276,22275,1,-1
2024-09-23 15:05:34.658,22274,22276,22275,1,-1
2024-09-23 15:05:34.658,22274,22276,22275,2,-2
2024-09-23 15:05:35.591,22275,22277,22275,1,-1
2024-09-23 15:05:35.977,22275,22277,22277,2,2
2024-09-23 15:05:35.977,22275,22277,22277,2,2
2024-09-23 15:05:35.977,22275,22277,22277,1,1
2024-09-23 15:05:35.977,22275,22277,22277,2,2
2024-09-23 15:05:35.977,22275,22277,22277,1,1
2024-09-23 15:05:36.006,22275,22277,22276,2,2
2024-09-23 15:05:36.048,22275,22277,22276,1,1
2024-09-23 15:05:37.644,22276,22278,22278,8,8
2024-09-23 15:05:37.933,22277,22279,22277,1,-1
2024-09-23 15:05:38.265,22277,22279,22276,3,-3
2024-09-23 15:05:40.449,22276,22278,22276,1,-1
2024-09-23 15:05:40.840,22276,22278,22276,1,-1
2024-09-23 15:05:41.022,22276,22278,22276,1,-1
2024-09-23 15:05:41.487,22275,22277,22277,1,1
2024-09-23 15:05:42.534,22276,22279,22276,5,-5
2024-09-23 15:05:42.536,22276,22279,22276,5,-5
2024-09-23 15:05:46.512,22275,22278,22275,1,-1
2024-09-23 15:05:49.976,22275,22278,22275,2,-2
2024-09-23 15:05:50.040,22275,22278,22274,2,-2
2024-09-23 15:06:00.099,22276,22278,22278,1,1
2024-09-23 15:06:00.101,22276,22278,22278,1,1
2024-09-23 15:06:00.101,22276,22278,22278,2,2
2024-09-23 15:06:00.101,22276,22278,22278,1,1
2024-09-23 15:06:00.101,22276,22278,22278,4,4
2024-09-23 15:06:00.101,22276,22278,22278,1,1
2024-09-23 15:06:00.241,22277,22279,22277,1,-1
2024-09-23 15:06:00.241,22277,22279,22276,4,-4
2024-09-23 15:06:00.294,22277,22279,22276,2,-2
2024-09-23 15:06:00.342,22276,22278,22275,1,-1
2024-09-23 15:06:00.342,22276,22278,22276,1,-1
2024-09-23 15:06:00.353,22276,22278,22275,1,-1
2024-09-23 15:06:00.368,22276,22278,22275,1,-1
2024-09-23 15:06:00.370,22276,22278,22275,1,-1
2024-09-23 15:06:00.471,22275,22277,22275,1,-1
2024-09-23 15:06:02.396,22277,22278,22277,1,-1
2024-09-23 15:06:02.430,22276,22278,22276,1,-1
2024-09-23 15:06:02.430,22276,22278,22276,1,-1
2024-09-23 15:06:02.796,22276,22277,22276,1,-1
2024-09-23 15:06:04.114,22276,22277,22276,1,-1
2024-09-23 15:06:04.145,22276,22277,22276,1,-1
2024-09-23 15:06:04.769,22275,22276,22276,1,1
2024-09-23 15:06:06.031,22275,22278,22276,1,-1
2024-09-23 15:06:10.560,22275,22277,22277,1,1
2024-09-23 15:06:10.982,22275,22277,22275,1,-1
2024-09-23 15:06:10.983,22275,22277,22275,1,-1
2024-09-23 15:06:11.120,22274,22275,22275,1,1
2024-09-23 15:06:13.499,22274,22276,22276,1,1
2024-09-23 15:06:13.778,22275,22277,22275,1,-1
2024-09-23 15:06:14.995,22274,22276,22276,2,2
2024-09-23 15:06:17.610,22274,22275,22275,2,2
2024-09-23 15:06:18.350,22274,22276,22276,1,1
2024-09-23 15:06:19.138,22274,22275,22274,4,-4
2024-09-23 15:06:19.138,22274,22275,22274,1,-1
2024-09-23 15:06:19.139,22274,22275,22273,15,-15
2024-09-23 15:06:19.140,22274,22275,22272,4,-4
2024-09-23 15:06:19.140,22274,22275,22272,1,-1
2024-09-23 15:06:19.140,22274,22275,22272,2,-2
2024-09-23 15:06:19.140,22274,22275,22272,1,-1
2024-09-23 15:06:19.141,22274,22275,22272,2,-2
2024-09-23 15:06:19.906,22271,22273,22273,1,1
2024-09-23 15:06:20.152,22272,22274,22274,1,1
2024-09-23 15:06:21.140,22274,22275,22274,1,-1
2024-09-23 15:06:26.427,22273,22274,22274,2,2
2024-09-23 15:06:26.856,22273,22275,22274,1,1
2024-09-23 15:06:26.872,22273,22275,22273,1,-1
2024-09-23 15:06:28.964,22273,22274,22274,1,1
2024-09-23 15:06:29.509,22273,22274,22273,1,-1
2024-09-23 15:06:29.509,22273,22274,22273,1,-1
2024-09-23 15:06:29.509,22273,22274,22273,1,-1
2024-09-23 15:06:29.510,22273,22274,22272,3,-3
2024-09-23 15:06:29.511,22273,22274,22271,11,-11
2024-09-23 15:06:29.512,22273,22274,22270,4,-4
2024-09-23 15:06:29.512,22273,22274,22270,2,-2
2024-09-23 15:06:29.513,22273,22274,22270,2,-2
2024-09-23 15:06:29.513,22273,22274,22270,3,-3
2024-09-23 15:06:29.513,22273,22274,22270,1,-1
2024-09-23 15:06:29.513,22273,22274,22270,15,-15
2024-09-23 15:06:29.513,22273,22274,22270,1,-1
2024-09-23 15:06:29.513,22273,22274,22270,4,-4
2024-09-23 15:06:29.549,22273,22274,22271,1,-1
2024-09-23 15:06:29.599,22269,22271,22269,1,-1
2024-09-23 15:06:29.616,22269,22271,22269,5,-5
2024-09-23 15:06:29.617,22269,22271,22269,1,-1
2024-09-23 15:06:29.618,22269,22271,22269,1,-1
2024-09-23 15:06:29.624,22269,22271,22268,5,-5
2024-09-23 15:06:29.625,22269,22271,22268,1,-1
2024-09-23 15:06:29.625,22269,22271,22267,5,-5
2024-09-23 15:06:29.626,22269,22271,22267,1,-1
2024-09-23 15:06:29.626,22269,22271,22266,5,-5
2024-09-23 15:06:29.627,22269,22271,22265,1,-1
2024-09-23 15:06:29.627,22269,22271,22267,1,-1
2024-09-23 15:06:29.627,22269,22271,22265,5,-5
2024-09-23 15:06:29.628,22269,22271,22265,2,-2
2024-09-23 15:06:29.628,22269,22271,22265,1,-1
2024-09-23 15:06:29.628,22269,22271,22264,1,-1
2024-09-23 15:06:29.628,22269,22271,22266,1,-1
2024-09-23 15:06:29.663,22269,22271,22264,4,-4
2024-09-23 15:06:29.663,22269,22271,22263,1,-1
2024-09-23 15:06:29.664,22269,22271,22264,2,-2
2024-09-23 15:06:29.664,22269,22271,22263,3,-3
2024-09-23 15:06:29.665,22269,22271,22263,1,-1
2024-09-23 15:06:29.672,22269,22271,22262,5,-5
2024-09-23 15:06:29.679,22262,22263,22261,1,-1
2024-09-23 15:06:29.679,22262,22263,22262,4,-4
2024-09-23 15:06:29.696,22262,22263,22261,2,-2
2024-09-23 15:06:29.709,22262,22263,22263,2,2
2024-09-23 15:06:29.709,22262,22263,22264,1,1
2024-09-23 15:06:29.711,22262,22263,22264,1,1
2024-09-23 15:06:29.726,22262,22263,22265,1,1
2024-09-23 15:06:29.755,22262,22263,22264,1,1
2024-09-23 15:06:29.775,22262,22263,22265,1,1
2024-09-23 15:06:29.775,22262,22263,22264,2,2
2024-09-23 15:06:29.775,22262,22263,22263,2,2
2024-09-23 15:06:29.775,22262,22263,22263,1,1
2024-09-23 15:06:29.830,22263,22265,22264,1,1
2024-09-23 15:06:29.832,22263,22265,22265,1,1
2024-09-23 15:06:29.863,22263,22265,22265,1,1
2024-09-23 15:06:29.863,22263,22265,22264,2,2
2024-09-23 15:06:29.885,22263,22265,22265,1,1
2024-09-23 15:06:29.981,22265,22267,22266,1,1
2024-09-23 15:06:30.003,22265,22267,22265,1,-1
2024-09-23 15:06:30.011,22265,22267,22264,2,-2
2024-09-23 15:06:30.024,22265,22267,22263,1,-1
2024-09-23 15:06:30.064,22263,22267,22261,2,-2
2024-09-23 15:06:30.064,22263,22267,22262,4,-4
2024-09-23 15:06:30.064,22263,22267,22263,3,-3
2024-09-23 15:06:30.222,22263,22266,22266,1,1
2024-09-23 15:06:30.222,22263,22266,22266,1,1
2024-09-23 15:06:30.227,22263,22266,22258,5,-5
2024-09-23 15:06:30.227,22263,22266,22260,17,-17
2024-09-23 15:06:30.227,22263,22266,22261,8,-8
2024-09-23 15:06:30.227,22263,22266,22259,4,-4
2024-09-23 15:06:30.227,22263,22266,22263,3,-3
2024-09-23 15:06:30.227,22263,22266,22264,1,-1
2024-09-23 15:06:30.227,22263,22266,22262,2,-2
2024-09-23 15:06:30.229,22263,22266,22262,1,-1
2024-09-23 15:06:30.229,22263,22266,22261,1,-1
2024-09-23 15:06:30.229,22263,22266,22260,2,-2
2024-09-23 15:06:30.229,22263,22266,22259,1,-1
2024-09-23 15:06:30.304,22260,22264,22260,1,-1
2024-09-23 15:06:30.305,22260,22264,22259,1,-1
2024-09-23 15:06:30.306,22260,22264,22263,1,1
2024-09-23 15:06:30.367,22260,22264,22262,1,1
2024-09-23 15:06:30.376,22260,22264,22262,1,1
2024-09-23 15:06:30.391,22260,22264,22261,2,-2
2024-09-23 15:06:30.393,22260,22264,22261,1,-1
2024-09-23 15:06:30.393,22260,22264,22261,1,-1
2024-09-23 15:06:30.405,22260,22264,22261,1,-1
2024-09-23 15:06:30.407,22260,22264,22260,1,-1
2024-09-23 15:06:30.422,22260,22264,22260,1,-1
2024-09-23 15:06:30.483,22260,22265,22264,1,1
2024-09-23 15:06:30.511,22260,22265,22261,2,-2
2024-09-23 15:06:30.512,22260,22265,22264,1,1
2024-09-23 15:06:30.518,22260,22265,22261,1,-1
2024-09-23 15:06:30.518,22260,22265,22261,1,-1
2024-09-23 15:06:30.521,22260,22265,22265,2,2
2024-09-23 15:06:30.591,22262,22266,22263,2,-2
2024-09-23 15:06:30.649,22262,22266,22266,3,3
2024-09-23 15:06:30.649,22262,22266,22263,1,-1
2024-09-23 15:06:30.667,22262,22266,22263,1,-1
2024-09-23 15:06:30.802,22263,22266,22263,1,-1
2024-09-23 15:06:30.903,22263,22266,22263,1,-1
2024-09-23 15:06:30.903,22263,22266,22262,1,-1
2024-09-23 15:06:30.905,22263,22266,22264,1,-1
2024-09-23 15:06:30.986,22262,22265,22262,1,-1
2024-09-23 15:06:30.986,22262,22265,22264,1,1
2024-09-23 15:06:31.139,22262,22265,22265,1,1
2024-09-23 15:06:31.183,22262,22265,22264,1,1
2024-09-23 15:06:31.979,22262,22265,22265,1,1
2024-09-23 15:06:32.244,22261,22264,22261,1,-1
2024-09-23 15:06:32.544,22262,22265,22261,1,-1
2024-09-23 15:06:33.573,22262,22264,22264,1,1
2024-09-23 15:06:33.862,22262,22265,22265,1,1
2024-09-23 15:06:34.041,22263,22265,22262,1,-1
2024-09-23 15:06:34.044,22263,22265,22262,1,-1
2024-09-23 15:06:34.907,22262,22265,22262,1,-1
2024-09-23 15:06:35.990,22262,22264,22262,1,-1
2024-09-23 15:06:36.151,22261,22264,22265,1,1
2024-09-23 15:06:36.181,22262,22265,22262,1,-1
2024-09-23 15:06:36.181,22262,22265,22262,1,-1
2024-09-23 15:06:36.181,22262,22265,22262,1,-1
2024-09-23 15:06:36.181,22262,22265,22261,1,-1
2024-09-23 15:06:36.181,22262,22265,22261,1,-1
2024-09-23 15:06:36.182,22262,22265,22261,1,-1
2024-09-23 15:06:36.737,22261,22264,22263,1,1
2024-09-23 15:06:38.733,22262,22264,22264,1,1
2024-09-23 15:06:38.984,22262,22265,22262,2,-2
2024-09-23 15:06:39.518,22262,22264,22262,2,-2
2024-09-23 15:06:39.904,22261,22264,22264,1,1
2024-09-23 15:06:40.089,22262,22265,22264,1,1
2024-09-23 15:06:40.090,22262,22265,22264,1,1
2024-09-23 15:06:40.090,22262,22265,22264,1,1
2024-09-23 15:06:40.198,22262,22265,22262,3,-3
2024-09-23 15:06:40.637,22261,22263,22263,1,1
2024-09-23 15:06:41.762,22261,22263,22263,2,2
2024-09-23 15:06:41.866,22262,22264,22264,1,1
2024-09-23 15:06:42.268,22262,22265,22262,4,-4
2024-09-23 15:06:42.268,22262,22265,22261,1,-1
2024-09-23 15:06:42.945,22261,22264,22261,1,-1
2024-09-23 15:06:43.035,22261,22264,22264,1,1
2024-09-23 15:06:43.088,22262,22264,22262,1,-1
2024-09-23 15:06:43.088,22262,22264,22261,3,-3
2024-09-23 15:06:43.430,22260,22263,22263,2,2
2024-09-23 15:06:43.510,22260,22263,22261,1,-1
2024-09-23 15:06:43.532,22260,22263,22261,1,-1
2024-09-23 15:06:44.525,22262,22264,22263,1,-1
2024-09-23 15:06:45.036,22262,22264,22262,1,-1
2024-09-23 15:06:45.055,22262,22264,22262,1,-1
2024-09-23 15:06:45.704,22262,22264,22262,2,-2
2024-09-23 15:06:46.156,22261,22264,22261,1,-1
2024-09-23 15:06:46.290,22261,22264,22261,1,-1
2024-09-23 15:06:46.688,22261,22263,22263,1,1
2024-09-23 15:06:50.225,22262,22264,22262,1,-1
2024-09-23 15:06:50.226,22262,22264,22262,4,-4
2024-09-23 15:06:51.226,22261,22264,22261,1,-1
2024-09-23 15:06:52.230,22261,22263,22263,1,1
2024-09-23 15:06:52.256,22261,22263,22261,1,-1
2024-09-23 15:06:53.127,22261,22264,22261,1,-1
2024-09-23 15:06:54.841,22263,22265,22265,1,1
2024-09-23 15:06:55.127,22263,22265,22263,2,-2
2024-09-23 15:06:55.280,22261,22263,22263,1,1
2024-09-23 15:06:56.589,22261,22264,22261,1,-1
2024-09-23 15:06:57.523,22261,22264,22264,1,1
2024-09-23 15:06:59.122,22263,22265,22263,1,-1
2024-09-23 15:07:00.212,22262,22263,22262,1,-1
2024-09-23 15:07:00.842,22261,22263,22261,1,-1
2024-09-23 15:07:00.842,22261,22263,22260,1,-1
2024-09-23 15:07:00.998,22260,22262,22260,7,-7
2024-09-23 15:07:01.211,22259,22261,22261,1,1
2024-09-23 15:07:01.300,22259,22261,22261,1,1
2024-09-23 15:07:03.134,22261,22263,22263,13,13
2024-09-23 15:07:03.135,22261,22263,22264,2,2
2024-09-23 15:07:03.234,22263,22265,22263,1,-1
2024-09-23 15:07:03.235,22263,22265,22263,2,-2
2024-09-23 15:07:03.295,22263,22265,22262,1,-1
2024-09-23 15:07:03.337,22262,22264,22262,1,-1
2024-09-23 15:07:03.566,22261,22264,22261,1,-1
2024-09-23 15:07:03.572,22261,22264,22261,1,-1
2024-09-23 15:07:07.830,22262,22264,22263,1,-1
2024-09-23 15:07:09.120,22262,22263,22263,2,2
2024-09-23 15:07:09.179,22262,22264,22262,1,-1
2024-09-23 15:07:09.180,22262,22264,22261,1,-1
2024-09-23 15:07:09.186,22262,22264,22261,1,-1
2024-09-23 15:07:12.321,22262,22264,22262,2,-2
2024-09-23 15:07:12.982,22262,22264,22264,1,1
2024-09-23 15:07:13.155,22263,22265,22265,2,2
2024-09-23 15:07:13.282,22263,22265,22263,3,-3
2024-09-23 15:07:13.845,22263,22264,22264,1,1
2024-09-23 15:07:15.460,22263,22265,22263,1,-1
2024-09-23 15:07:15.523,22263,22265,22263,2,-2
2024-09-23 15:07:15.523,22263,22265,22263,4,-4
2024-09-23 15:07:16.236,22262,22263,22262,1,-1
2024-09-23 15:07:16.870,22261,22262,22262,1,1
2024-09-23 15:07:17.350,22261,22263,22261,5,-5
2024-09-23 15:07:17.857,22260,22261,22261,2,2
2024-09-23 15:07:17.857,22260,22261,22262,5,5
2024-09-23 15:07:17.857,22260,22261,22262,8,8
2024-09-23 15:07:18.567,22260,22263,22261,1,-1
2024-09-23 15:07:18.680,22260,22263,22260,1,-1
2024-09-23 15:07:19.598,22259,22261,22261,1,1
2024-09-23 15:07:20.982,22259,22261,22259,1,-1
2024-09-23 15:07:21.108,22259,22261,22259,1,-1
2024-09-23 15:07:23.182,22260,22261,22260,1,-1
2024-09-23 15:07:23.183,22260,22261,22259,2,-2
2024-09-23 15:07:23.183,22260,22261,22259,2,-2
2024-09-23 15:07:24.140,22260,22261,22260,1,-1
2024-09-23 15:07:24.783,22259,22261,22259,2,-2
2024-09-23 15:07:25.882,22259,22261,22259,4,-4
2024-09-23 15:07:25.882,22259,22261,22259,1,-1
2024-09-23 15:07:26.700,22259,22261,22259,3,-3
2024-09-23 15:07:26.971,22258,22259,22259,2,2
2024-09-23 15:07:27.627,22258,22260,22258,1,-1
2024-09-23 15:07:27.681,22258,22260,22258,1,-1
2024-09-23 15:07:27.681,22258,22260,22258,1,-1
2024-09-23 15:07:27.681,22258,22260,22258,1,-1
2024-09-23 15:07:27.684,22258,22260,22258,1,-1
2024-09-23 15:07:27.694,22258,22260,22258,1,-1
2024-09-23 15:07:27.976,22258,22259,22258,1,-1
2024-09-23 15:07:27.976,22258,22259,22257,2,-2
2024-09-23 15:07:28.067,22257,22258,22257,2,-2
2024-09-23 15:07:28.092,22257,22258,22257,2,-2
2024-09-23 15:07:28.093,22257,22258,22257,1,-1
2024-09-23 15:07:28.108,22257,22258,22256,13,-13
2024-09-23 15:07:28.108,22257,22258,22256,4,-4
2024-09-23 15:07:28.108,22257,22258,22256,1,-1
2024-09-23 15:07:28.108,22257,22258,22256,1,-1
2024-09-23 15:07:28.108,22257,22258,22256,10,-10
2024-09-23 15:07:28.109,22257,22258,22256,4,-4
2024-09-23 15:07:28.110,22257,22258,22255,3,-3
2024-09-23 15:07:28.110,22257,22258,22255,4,-4
2024-09-23 15:07:28.111,22257,22258,22255,2,-2
2024-09-23 15:07:28.111,22257,22258,22255,3,-3
2024-09-23 15:07:28.111,22257,22258,22254,1,-1
2024-09-23 15:07:28.123,22257,22258,22254,1,-1
2024-09-23 15:07:28.139,22257,22258,22254,8,-8
2024-09-23 15:07:28.142,22257,22258,22254,1,-1
2024-09-23 15:07:28.187,22254,22255,22255,3,3
2024-09-23 15:07:28.189,22254,22255,22254,3,-3
2024-09-23 15:07:28.199,22254,22255,22253,3,-3
2024-09-23 15:07:28.227,22254,22255,22253,3,-3
2024-09-23 15:07:28.239,22254,22255,22253,1,-1
2024-09-23 15:07:28.262,22254,22255,22253,1,-1
2024-09-23 15:07:28.263,22254,22255,22253,1,-1
2024-09-23 15:07:28.267,22254,22255,22253,1,-1
2024-09-23 15:07:28.267,22254,22255,22252,1,-1
2024-09-23 15:07:28.280,22254,22255,22253,1,-1
2024-09-23 15:07:28.337,22253,22255,22253,1,-1
2024-09-23 15:07:28.440,22253,22255,22253,1,-1
2024-09-23 15:07:28.580,22254,22256,22254,2,-2
2024-09-23 15:07:28.637,22254,22256,22253,2,-2
2024-09-23 15:07:28.665,22254,22256,22253,1,-1
2024-09-23 15:07:28.670,22254,22256,22253,1,-1
2024-09-23 15:07:28.672,22254,22256,22253,1,-1
2024-09-23 15:07:28.697,22253,22256,22253,1,-1
2024-09-23 15:07:28.744,22253,22256,22253,2,-2
2024-09-23 15:07:28.744,22253,22256,22252,3,-3
2024-09-23 15:07:28.749,22253,22256,22252,1,-1
2024-09-23 15:07:29.080,22253,22255,22255,2,2
2024-09-23 15:07:29.109,22253,22255,22254,1,1
2024-09-23 15:07:29.264,22253,22256,22253,2,-2
2024-09-23 15:07:29.327,22254,22256,22254,1,-1
2024-09-23 15:07:29.349,22254,22256,22253,1,-1
2024-09-23 15:07:29.373,22254,22256,22253,1,-1
2024-09-23 15:07:29.542,22253,22256,22253,1,-1
2024-09-23 15:07:29.806,22253,22256,22255,1,1
2024-09-23 15:07:30.341,22253,22256,22254,1,-1
2024-09-23 15:07:30.979,22255,22256,22255,1,-1
2024-09-23 15:07:33.019,22254,22257,22257,1,1
2024-09-23 15:07:34.420,22255,22258,22255,2,-2
2024-09-23 15:07:34.449,22255,22257,22255,1,-1
2024-09-23 15:07:35.354,22257,22259,22256,3,-3
2024-09-23 15:07:36.116,22255,22258,22256,2,-2
2024-09-23 15:07:36.827,22255,22258,22255,2,-2
2024-09-23 15:07:36.967,22253,22255,22255,1,1
2024-09-23 15:07:37.725,22255,22256,22253,1,-1
2024-09-23 15:07:37.725,22255,22256,22255,1,-1
2024-09-23 15:07:40.627,22253,22255,22255,1,1
2024-09-23 15:07:41.548,22255,22256,22255,1,-1
2024-09-23 15:07:48.326,22254,22255,22255,1,1
2024-09-23 15:07:50.083,22255,22256,22256,2,2
2024-09-23 15:07:50.497,22255,22256,22256,2,2
2024-09-23 15:07:50.521,22255,22256,22257,2,2
2024-09-23 15:07:51.663,22257,22259,22259,4,4
2024-09-23 15:07:51.663,22257,22259,22260,6,6
2024-09-23 15:07:51.665,22257,22259,22260,1,1
2024-09-23 15:07:51.665,22257,22259,22260,1,1
2024-09-23 15:07:52.086,22258,22260,22260,2,2
2024-09-23 15:07:54.848,22260,22262,22260,7,-7
2024-09-23 15:07:54.848,22260,22262,22260,1,-1
2024-09-23 15:07:54.848,22260,22262,22259,1,-1
2024-09-23 15:07:55.639,22260,22262,22260,1,-1
2024-09-23 15:07:55.639,22260,22262,22259,1,-1
2024-09-23 15:07:56.444,22258,22260,22260,3,3
2024-09-23 15:07:57.406,22260,22262,22262,1,1
2024-09-23 15:07:57.446,22260,22262,22260,1,-1
2024-09-23 15:07:57.446,22260,22262,22260,3,-3
2024-09-23 15:07:57.446,22260,22262,22260,1,-1
2024-09-23 15:07:57.447,22260,22262,22260,2,-2
2024-09-23 15:07:57.482,22260,22262,22260,2,-2
2024-09-23 15:07:59.136,22259,22261,22261,1,1
2024-09-23 15:07:59.345,22259,22262,22259,1,-1
2024-09-23 15:08:00.373,22259,22260,22260,4,4
2024-09-23 15:08:00.432,22260,22262,22260,1,-1
2024-09-23 15:08:00.432,22260,22262,22260,1,-1
2024-09-23 15:08:00.433,22260,22262,22259,1,-1
2024-09-23 15:08:00.433,22260,22262,22259,1,-1
2024-09-23 15:08:00.433,22260,22262,22258,1,-1
2024-09-23 15:08:00.433,22260,22262,22258,1,-1
2024-09-23 15:08:01.088,22257,22260,22260,1,1
2024-09-23 15:08:01.180,22258,22260,22257,1,-1
2024-09-23 15:08:01.180,22258,22260,22257,1,-1
2024-09-23 15:08:01.181,22258,22260,22256,1,-1
2024-09-23 15:08:01.181,22258,22260,22256,1,-1
2024-09-23 15:08:01.182,22258,22260,22255,1,-1
2024-09-23 15:08:01.182,22258,22260,22255,1,-1
2024-09-23 15:08:01.182,22258,22260,22255,1,-1
2024-09-23 15:08:01.182,22258,22260,22255,1,-1
2024-09-23 15:08:01.183,22258,22260,22255,1,-1
2024-09-23 15:08:01.184,22258,22260,22255,1,-1
2024-09-23 15:08:01.184,22258,22260,22255,1,-1
2024-09-23 15:08:01.184,22258,22260,22254,1,-1
2024-09-23 15:08:01.267,22258,22260,22257,4,-4
2024-09-23 15:08:02.279,22257,22258,22258,1,1
2024-09-23 15:08:02.958,22258,22259,22259,1,1
2024-09-23 15:08:02.958,22258,22259,22260,2,2
2024-09-23 15:08:02.958,22258,22259,22261,2,2
2024-09-23 15:08:02.960,22258,22259,22259,1,1
2024-09-23 15:08:02.960,22258,22259,22259,1,1
2024-09-23 15:08:02.960,22258,22259,22259,1,1
2024-09-23 15:08:03.000,22258,22259,22260,1,1
2024-09-23 15:08:03.000,22258,22259,22260,2,2
2024-09-23 15:08:03.152,22259,22261,22261,2,2
2024-09-23 15:08:03.200,22259,22262,22262,1,1
2024-09-23 15:08:03.859,22260,22262,22260,1,-1
2024-09-23 15:08:04.595,22259,22261,22259,1,-1
2024-09-23 15:08:07.904,22260,22261,22261,1,1
2024-09-23 15:08:07.904,22260,22261,22261,4,4
2024-09-23 15:08:08.411,22261,22262,22262,1,1
2024-09-23 15:08:08.430,22261,22263,22261,1,-1
2024-09-23 15:08:08.501,22261,22263,22261,3,-3
2024-09-23 15:08:08.844,22261,22263,22262,2,-2
2024-09-23 15:08:09.206,22261,22263,22261,2,-2
2024-09-23 15:08:09.240,22261,22263,22261,1,-1
2024-09-23 15:08:17.090,22261,22263,22263,3,3
2024-09-23 15:08:17.090,22261,22263,22263,3,3
2024-09-23 15:08:17.090,22261,22263,22263,1,1
2024-09-23 15:08:17.937,22262,22264,22264,1,1
2024-09-23 15:08:19.133,22264,22265,22265,1,1
2024-09-23 15:08:19.133,22264,22265,22265,3,3
2024-09-23 15:08:19.180,22265,22268,22265,1,-1
2024-09-23 15:08:19.180,22265,22268,22265,1,-1
2024-09-23 15:08:19.180,22265,22268,22265,1,-1
2024-09-23 15:08:19.188,22265,22268,22264,1,-1
2024-09-23 15:08:19.653,22264,22267,22267,1,1
2024-09-23 15:08:20.326,22266,22268,22266,1,-1
2024-09-23 15:08:22.130,22266,22267,22267,4,4
2024-09-23 15:08:22.377,22267,22268,22267,1,-1
2024-09-23 15:08:22.585,22267,22268,22268,2,2
2024-09-23 15:08:22.638,22267,22268,22267,2,-2
2024-09-23 15:08:22.638,22267,22268,22266,3,-3
2024-09-23 15:08:25.115,22268,22270,22270,1,1
2024-09-23 15:08:26.454,22268,22270,22270,1,1
2024-09-23 15:08:26.454,22268,22270,22270,1,1
2024-09-23 15:08:26.454,22268,22270,22270,1,1
2024-09-23 15:08:28.928,22269,22270,22270,7,7
2024-09-23 15:08:28.928,22269,22270,22271,3,3
2024-09-23 15:08:28.929,22269,22270,22271,5,5
2024-09-23 15:08:29.055,22270,22272,22270,1,-1
2024-09-23 15:08:29.056,22270,22272,22269,1,-1
2024-09-23 15:08:29.056,22270,22272,22269,1,-1
2024-09-23 15:08:29.056,22270,22272,22269,1,-1
2024-09-23 15:08:29.670,22269,22270,22270,1,1
2024-09-23 15:08:29.670,22269,22270,22271,1,1
2024-09-23 15:08:30.301,22269,22270,22269,1,-1
2024-09-23 15:08:31.378,22268,22270,22268,1,-1
2024-09-23 15:08:31.453,22268,22270,22270,2,2
2024-09-23 15:08:32.017,22268,22270,22270,1,1
2024-09-23 15:08:37.180,22270,22271,22271,1,1
2024-09-23 15:08:39.192,22271,22272,22272,1,1
2024-09-23 15:08:39.192,22271,22272,22272,3,3
2024-09-23 15:08:39.305,22271,22273,22271,1,-1
2024-09-23 15:08:39.306,22271,22273,22271,1,-1
2024-09-23 15:08:39.342,22271,22273,22270,4,-4
2024-09-23 15:08:40.088,22271,22273,22271,1,-1
2024-09-23 15:08:40.088,22271,22273,22271,1,-1
2024-09-23 15:08:40.464,22270,22271,22270,2,-2
2024-09-23 15:08:40.687,22269,22271,22269,1,-1
2024-09-23 15:08:46.275,22270,22272,22272,1,1
2024-09-23 15:08:46.276,22270,22272,22272,2,2
2024-09-23 15:08:48.763,22271,22273,22273,1,1
2024-09-23 15:08:49.478,22272,22273,22273,1,1
2024-09-23 15:08:51.087,22272,22273,22272,1,-1
2024-09-23 15:08:52.758,22270,22273,22273,2,2
2024-09-23 15:08:53.920,22270,22273,22273,2,2
2024-09-23 15:08:53.954,22270,22273,22273,1,1
2024-09-23 15:08:54.838,22271,22273,22273,2,2
2024-09-23 15:08:57.755,22271,22273,22271,1,-1
2024-09-23 15:08:57.777,22271,22273,22270,1,-1
2024-09-23 15:08:57.816,22269,22271,22269,2,-2
2024-09-23 15:08:57.951,22268,22270,22270,1,1
2024-09-23 15:09:00.208,22268,22270,22269,1,1
2024-09-23 15:09:00.321,22268,22269,22269,1,1
2024-09-23 15:09:00.321,22268,22269,22269,1,1
2024-09-23 15:09:02.679,22268,22269,22268,1,-1
2024-09-23 15:09:02.679,22268,22269,22268,2,-2
2024-09-23 15:09:02.823,22267,22269,22269,1,1
2024-09-23 15:09:03.974,22267,22269,22269,1,1
2024-09-23 15:09:08.745,22267,22268,22268,1,1
2024-09-23 15:09:10.780,22267,22268,22267,1,-1
2024-09-23 15:09:12.826,22267,22268,22267,3,-3
2024-09-23 15:09:13.947,22267,22268,22267,3,-3
2024-09-23 15:09:13.948,22267,22268,22267,3,-3
2024-09-23 15:09:14.008,22267,22268,22266,2,-2
2024-09-23 15:09:14.010,22267,22268,22266,4,-4
2024-09-23 15:09:14.194,22264,22266,22266,1,1
2024-09-23 15:09:15.120,22265,22267,22267,1,1
2024-09-23 15:09:16.325,22265,22267,22265,1,-1
2024-09-23 15:09:16.529,22265,22267,22267,1,1
2024-09-23 15:09:17.463,22265,22267,22267,3,3
2024-09-23 15:09:17.975,22265,22267,22266,1,1
2024-09-23 15:09:18.266,22265,22267,22265,1,-1
2024-09-23 15:09:19.324,22265,22268,22266,1,-1
2024-09-23 15:09:20.211,22264,22266,22264,5,-5
2024-09-23 15:09:20.211,22264,22266,22264,2,-2
2024-09-23 15:09:22.544,22263,22264,22264,1,1
2024-09-23 15:09:23.180,22264,22265,22264,6,-6
2024-09-23 15:09:23.181,22264,22265,22264,4,-4
2024-09-23 15:09:23.544,22263,22265,22263,1,-1
2024-09-23 15:09:27.185,22263,22265,22263,6,-6
2024-09-23 15:09:27.186,22263,22265,22263,4,-4
2024-09-23 15:09:27.446,22262,22264,22262,1,-1
2024-09-23 15:09:29.909,22263,22264,22263,3,-3
2024-09-23 15:09:29.909,22263,22264,22263,1,-1
2024-09-23 15:09:30.623,22262,22263,22262,1,-1
2024-09-23 15:09:30.624,22262,22263,22262,1,-1
2024-09-23 15:09:30.624,22262,22263,22262,2,-2
2024-09-23 15:09:30.624,22262,22263,22262,1,-1
2024-09-23 15:09:33.548,22261,22262,22261,1,-1
2024-09-23 15:09:34.145,22261,22262,22261,1,-1
2024-09-23 15:09:34.145,22261,22262,22261,1,-1
2024-09-23 15:09:35.271,22260,22262,22260,3,-3
2024-09-23 15:09:36.624,22260,22263,22263,1,1
2024-09-23 15:09:39.557,22261,22262,22262,1,1
2024-09-23 15:09:40.425,22261,22263,22261,1,-1
2024-09-23 15:09:43.138,22261,22262,22262,1,1
2024-09-23 15:09:46.725,22261,22262,22262,1,1
2024-09-23 15:09:48.004,22261,22262,22260,1,-1
2024-09-23 15:09:48.004,22261,22262,22261,3,-3
2024-09-23 15:09:49.314,22261,22262,22262,1,1
2024-09-23 15:09:49.459,22261,22263,22263,1,1
2024-09-23 15:09:50.119,22261,22263,22261,2,-2
2024-09-23 15:09:50.120,22261,22263,22261,1,-1
2024-09-23 15:09:50.314,22261,22263,22261,1,-1
2024-09-23 15:09:53.303,22261,22263,22263,1,1
2024-09-23 15:09:53.713,22262,22264,22262,1,-1
2024-09-23 15:09:54.473,22262,22263,22263,3,3
2024-09-23 15:10:00.197,22262,22263,22262,2,-2
2024-09-23 15:10:00.311,22261,22263,22261,1,-1
2024-09-23 15:10:00.311,22261,22263,22261,1,-1
2024-09-23 15:10:00.311,22261,22263,22260,1,-1
2024-09-23 15:10:00.311,22261,22263,22260,1,-1
2024-09-23 15:10:00.313,22261,22263,22260,1,-1
2024-09-23 15:10:00.725,22260,22262,22262,4,4
2024-09-23 15:10:00.725,22260,22262,22263,3,3
2024-09-23 15:10:00.793,22260,22262,22263,5,5
2024-09-23 15:10:00.793,22260,22262,22264,4,4
2024-09-23 15:10:00.881,22262,22265,22262,1,-1
2024-09-23 15:10:00.881,22262,22265,22262,1,-1
2024-09-23 15:10:01.437,22264,22266,22263,3,-3
2024-09-23 15:10:01.437,22264,22266,22264,3,-3
2024-09-23 15:10:01.555,22263,22265,22263,1,-1
2024-09-23 15:10:01.555,22263,22265,22263,1,-1
2024-09-23 15:10:01.556,22263,22265,22262,1,-1
2024-09-23 15:10:11.540,22261,22262,22261,2,-2
2024-09-23 15:10:12.391,22260,22261,22260,1,-1
2024-09-23 15:10:12.392,22260,22261,22260,4,-4
2024-09-23 15:10:12.392,22260,22261,22260,1,-1
2024-09-23 15:10:12.430,22258,22259,22258,1,-1
2024-09-23 15:10:12.431,22258,22259,22256,1,-1
2024-09-23 15:10:12.431,22258,22259,22257,1,-1
2024-09-23 15:10:12.431,22258,22259,22257,1,-1
2024-09-23 15:10:12.431,22258,22259,22257,1,-1
2024-09-23 15:10:12.431,22258,22259,22257,1,-1
2024-09-23 15:10:12.431,22258,22259,22257,1,-1
2024-09-23 15:10:12.431,22258,22259,22257,1,-1
2024-09-23 15:10:12.431,22258,22259,22257,1,-1
2024-09-23 15:10:12.431,22258,22259,22257,1,-1
2024-09-23 15:10:12.431,22258,22259,22257,1,-1
2024-09-23 15:10:12.431,22258,22259,22258,1,-1
2024-09-23 15:10:12.431,22258,22259,22258,1,-1
2024-09-23 15:10:12.432,22258,22259,22256,1,-1
2024-09-23 15:10:12.432,22258,22259,22256,1,-1
2024-09-23 15:10:12.432,22258,22259,22256,1,-1
2024-09-23 15:10:12.436,22258,22259,22256,1,-1
2024-09-23 15:10:12.477,22258,22259,22255,1,-1
2024-09-23 15:10:12.478,22258,22259,22255,1,-1
2024-09-23 15:10:12.574,22255,22256,22255,1,-1
2024-09-23 15:10:13.150,22255,22256,22255,2,-2
2024-09-23 15:10:13.150,22255,22256,22255,3,-3
2024-09-23 15:10:13.151,22255,22256,22256,1,1
2024-09-23 15:10:13.152,22255,22256,22255,1,-1
2024-09-23 15:10:13.153,22255,22256,22255,1,-1
2024-09-23 15:10:14.064,22255,22256,22256,1,1
2024-09-23 15:10:14.524,22255,22257,22255,1,-1
2024-09-23 15:10:15.269,22255,22256,22256,1,1
2024-09-23 15:10:15.402,22255,22256,22255,1,-1
2024-09-23 15:10:19.758,22255,22256,22255,1,-1
2024-09-23 15:10:19.758,22255,22256,22254,2,-2
2024-09-23 15:10:20.844,22255,22256,22255,2,-2
2024-09-23 15:10:20.930,22254,22256,22254,1,-1
2024-09-23 15:10:20.931,22254,22256,22254,1,-1
2024-09-23 15:10:20.931,22254,22256,22254,1,-1
2024-09-23 15:10:20.931,22254,22256,22253,1,-1
2024-09-23 15:10:20.931,22254,22256,22253,1,-1
2024-09-23 15:10:20.931,22254,22256,22253,1,-1
2024-09-23 15:10:20.931,22254,22256,22253,1,-1
2024-09-23 15:10:24.313,22253,22255,22253,2,-2
2024-09-23 15:10:25.404,22254,22255,22254,1,-1
2024-09-23 15:10:26.047,22253,22255,22253,1,-1
2024-09-23 15:10:26.811,22253,22254,22253,1,-1
2024-09-23 15:10:26.811,22253,22254,22252,4,-4
2024-09-23 15:10:26.996,22252,22254,22252,1,-1
2024-09-23 15:10:27.005,22252,22254,22252,1,-1
2024-09-23 15:10:27.011,22252,22254,22252,1,-1
2024-09-23 15:10:27.030,22252,22254,22252,1,-1
2024-09-23 15:10:27.054,22252,22254,22252,1,-1
2024-09-23 15:10:27.074,22252,22254,22252,1,-1
2024-09-23 15:10:27.516,22252,22253,22252,1,-1
2024-09-23 15:10:27.516,22252,22253,22251,3,-3
2024-09-23 15:10:27.517,22252,22253,22251,2,-2
2024-09-23 15:10:27.517,22252,22253,22251,2,-2
2024-09-23 15:10:27.522,22252,22253,22250,2,-2
2024-09-23 15:10:27.522,22252,22253,22250,2,-2
2024-09-23 15:10:27.522,22252,22253,22250,4,-4
2024-09-23 15:10:27.522,22252,22253,22250,3,-3
2024-09-23 15:10:27.522,22252,22253,22250,6,-6
2024-09-23 15:10:27.522,22252,22253,22250,2,-2
2024-09-23 15:10:27.522,22252,22253,22250,2,-2
2024-09-23 15:10:27.522,22252,22253,22250,2,-2
2024-09-23 15:10:27.522,22252,22253,22250,1,-1
2024-09-23 15:10:27.523,22252,22253,22249,1,-1
2024-09-23 15:10:27.523,22252,22253,22250,21,-21
2024-09-23 15:10:27.523,22252,22253,22249,2,-2
2024-09-23 15:10:27.523,22252,22253,22250,1,-1
2024-09-23 15:10:27.523,22252,22253,22250,1,-1
2024-09-23 15:10:27.523,22252,22253,22250,1,-1
2024-09-23 15:10:27.536,22252,22253,22248,1,-1
2024-09-23 15:10:27.536,22252,22253,22248,1,-1
2024-09-23 15:10:27.537,22252,22253,22247,4,-4
2024-09-23 15:10:27.537,22252,22253,22248,1,-1
2024-09-23 15:10:27.537,22252,22253,22248,1,-1
2024-09-23 15:10:27.537,22252,22253,22248,4,-4
2024-09-23 15:10:27.538,22252,22253,22247,1,-1
2024-09-23 15:10:27.559,22246,22247,22247,1,1
2024-09-23 15:10:27.570,22246,22247,22248,3,3
2024-09-23 15:10:27.633,22246,22247,22247,1,1
2024-09-23 15:10:27.633,22246,22247,22246,1,-1
2024-09-23 15:10:27.657,22246,22247,22246,1,-1
2024-09-23 15:10:27.666,22246,22247,22248,2,2
2024-09-23 15:10:27.689,22247,22249,22246,5,-5
2024-09-23 15:10:27.689,22247,22249,22247,1,-1
2024-09-23 15:10:27.689,22247,22249,22247,1,-1
2024-09-23 15:10:27.689,22247,22249,22247,1,-1
2024-09-23 15:10:27.691,22247,22249,22247,2,-2
2024-09-23 15:10:27.830,22245,22247,22245,1,-1
2024-09-23 15:10:27.876,22245,22247,22245,1,-1
2024-09-23 15:10:27.964,22245,22247,22245,3,-3
2024-09-23 15:10:28.001,22245,22247,22247,2,2
2024-09-23 15:10:28.001,22245,22247,22247,2,2
2024-09-23 15:10:28.001,22245,22247,22247,15,15
2024-09-23 15:10:28.245,22247,22249,22247,1,-1
2024-09-23 15:10:28.415,22247,22249,22247,1,-1
2024-09-23 15:10:28.441,22247,22249,22247,1,-1
2024-09-23 15:10:28.556,22247,22249,22247,1,-1
2024-09-23 15:10:28.725,22247,22249,22249,1,1
2024-09-23 15:10:29.168,22248,22250,22251,2,2
2024-09-23 15:10:29.174,22248,22250,22252,1,1
2024-09-23 15:10:29.288,22251,22253,22253,1,1
2024-09-23 15:10:29.402,22252,22254,22254,1,1
2024-09-23 15:10:29.402,22252,22254,22255,1,1
2024-09-23 15:10:30.807,22253,22254,22254,1,1
2024-09-23 15:10:30.901,22253,22254,22254,1,1
2024-09-23 15:10:31.506,22253,22255,22253,3,-3
2024-09-23 15:10:32.686,22254,22255,22255,4,4
2024-09-23 15:10:32.687,22254,22255,22256,2,2
2024-09-23 15:10:33.400,22256,22258,22256,1,-1
2024-09-23 15:10:33.822,22256,22259,22256,2,-2
2024-09-23 15:10:34.122,22256,22258,22256,1,-1
2024-09-23 15:10:34.814,22256,22258,22258,3,3
2024-09-23 15:10:34.814,22256,22258,22259,2,2
2024-09-23 15:10:36.229,22258,22259,22259,1,1
2024-09-23 15:10:36.685,22259,22261,22259,3,-3
2024-09-23 15:10:36.932,22258,22261,22258,3,-3
2024-09-23 15:10:39.676,22257,22260,22260,1,1
2024-09-23 15:10:39.805,22258,22261,22258,1,-1
2024-09-23 15:10:39.805,22258,22261,22258,1,-1
2024-09-23 15:10:40.288,22259,22261,22259,1,-1
2024-09-23 15:10:40.734,22260,22261,22261,1,1
2024-09-23 15:10:40.734,22260,22261,22261,2,2
2024-09-23 15:10:41.332,22260,22262,22260,1,-1
2024-09-23 15:10:44.976,22261,22262,22261,2,-2
2024-09-23 15:10:46.602,22260,22262,22262,1,1
2024-09-23 15:10:46.680,22260,22262,22260,1,-1
2024-09-23 15:10:46.681,22260,22262,22259,1,-1
2024-09-23 15:10:46.863,22259,22261,22261,1,1
2024-09-23 15:10:49.994,22259,22260,22260,1,1
2024-09-23 15:10:49.994,22259,22260,22261,1,1
2024-09-23 15:10:50.217,22259,22262,22259,1,-1
2024-09-23 15:10:52.398,22259,22261,22259,1,-1
2024-09-23 15:10:53.085,22258,22259,22259,1,1
2024-09-23 15:10:53.366,22258,22260,22259,1,1
2024-09-23 15:10:54.371,22258,22261,22258,2,-2
2024-09-23 15:10:56.873,22259,22260,22259,1,-1
2024-09-23 15:10:56.873,22259,22260,22258,1,-1
2024-09-23 15:11:00.026,22259,22260,22259,1,-1
2024-09-23 15:11:00.027,22259,22260,22259,1,-1
2024-09-23 15:11:00.202,22258,22259,22258,2,-2
2024-09-23 15:11:01.180,22256,22258,22256,3,-3
2024-09-23 15:11:01.427,22254,22257,22257,1,1
2024-09-23 15:11:02.558,22255,22256,22255,1,-1
2024-09-23 15:11:02.587,22255,22256,22255,1,-1
2024-09-23 15:11:02.974,22254,22256,22254,1,-1
2024-09-23 15:11:03.067,22254,22256,22254,1,-1
2024-09-23 15:11:04.260,22253,22255,22253,1,-1
2024-09-23 15:11:05.686,22253,22255,22255,2,2
2024-09-23 15:11:06.467,22254,22257,22255,1,-1
2024-09-23 15:11:07.178,22256,22257,22256,1,-1
2024-09-23 15:11:09.168,22256,22257,22256,1,-1
2024-09-23 15:11:09.168,22256,22257,22256,1,-1
2024-09-23 15:11:11.116,22256,22257,22257,1,1
2024-09-23 15:11:12.003,22256,22257,22256,1,-1
2024-09-23 15:11:12.316,22256,22257,22256,2,-2
2024-09-23 15:11:14.576,22255,22256,22255,1,-1
2024-09-23 15:11:14.646,22255,22256,22254,1,-1
2024-09-23 15:11:15.356,22253,22255,22253,2,-2
2024-09-23 15:11:15.885,22252,22254,22254,2,2
2024-09-23 15:11:16.004,22253,22255,22253,1,-1
2024-09-23 15:11:17.271,22252,22254,22254,1,1
2024-09-23 15:11:18.124,22253,22256,22254,1,-1
2024-09-23 15:11:20.409,22253,22255,22253,1,-1
2024-09-23 15:11:20.696,22252,22254,22252,1,-1
2024-09-23 15:11:20.833,22252,22254,22252,1,-1
2024-09-23 15:11:21.969,22253,22254,22254,1,1
2024-09-23 15:11:22.492,22253,22254,22253,1,-1
2024-09-23 15:11:22.623,22252,22254,22252,1,-1
2024-09-23 15:11:22.922,22250,22253,22252,4,4
2024-09-23 15:11:22.922,22250,22253,22253,5,5
2024-09-23 15:11:22.922,22250,22253,22254,6,6
2024-09-23 15:11:22.922,22250,22253,22255,7,7
2024-09-23 15:11:24.146,22254,22255,22255,1,1
2024-09-23 15:11:30.416,22255,22256,22256,1,1
2024-09-23 15:11:31.692,22256,22257,22256,1,-1
2024-09-23 15:11:41.209,22255,22256,22256,1,1
2024-09-23 15:11:43.150,22255,22256,22256,1,1
2024-09-23 15:11:43.452,22255,22256,22255,1,-1
2024-09-23 15:11:43.452,22255,22256,22254,3,-3
2024-09-23 15:11:47.987,22254,22256,22254,1,-1
2024-09-23 15:11:50.560,22254,22256,22254,1,-1
2024-09-23 15:11:52.201,22255,22256,22255,2,-2
2024-09-23 15:11:54.821,22255,22256,22255,1,-1
2024-09-23 15:11:55.069,22255,22256,22256,1,1
2024-09-23 15:11:55.272,22255,22256,22255,1,-1
2024-09-23 15:11:55.510,22255,22256,22255,1,-1
2024-09-23 15:12:00.201,22255,22256,22255,2,-2
2024-09-23 15:12:00.490,22254,22255,22254,2,-2
2024-09-23 15:12:00.979,22253,22255,22253,1,-1
2024-09-23 15:12:01.475,22252,22255,22255,1,1
2024-09-23 15:12:01.897,22252,22255,22252,7,-7
2024-09-23 15:12:02.035,22251,22254,22251,2,-2
2024-09-23 15:12:02.035,22251,22254,22250,5,-5
2024-09-23 15:12:02.319,22250,22252,22250,5,-5
2024-09-23 15:12:02.320,22250,22252,22250,2,-2
2024-09-23 15:12:02.345,22250,22252,22250,3,-3
2024-09-23 15:12:02.580,22249,22250,22249,3,-3
2024-09-23 15:12:02.911,22248,22250,22248,2,-2
2024-09-23 15:12:03.047,22248,22250,22248,2,-2
2024-09-23 15:12:03.331,22248,22250,22248,2,-2
2024-09-23 15:12:03.342,22248,22250,22247,2,-2
2024-09-23 15:12:07.549,22248,22250,22250,1,1
2024-09-23 15:12:07.818,22248,22250,22250,1,1
2024-09-23 15:12:07.819,22248,22250,22250,1,1
2024-09-23 15:12:07.819,22248,22250,22250,1,1
2024-09-23 15:12:08.266,22249,22252,22249,3,-3
2024-09-23 15:12:08.282,22249,22252,22248,1,-1
2024-09-23 15:12:08.590,22248,22250,22250,1,1
2024-09-23 15:12:08.592,22248,22250,22250,4,4
2024-09-23 15:12:09.098,22248,22251,22248,3,-3
2024-09-23 15:12:10.447,22249,22251,22249,2,-2
2024-09-23 15:12:11.907,22247,22250,22248,1,-1
2024-09-23 15:12:11.935,22247,22250,22247,5,-5
2024-09-23 15:12:12.734,22248,22250,22248,2,-2
2024-09-23 15:12:12.734,22248,22250,22247,4,-4
2024-09-23 15:12:13.008,22247,22250,22248,1,-1
2024-09-23 15:12:13.978,22248,22250,22250,1,1
2024-09-23 15:12:15.279,22248,22250,22248,1,-1
2024-09-23 15:12:15.305,22248,22250,22248,1,-1
2024-09-23 15:12:18.129,22247,22249,22249,1,1
2024-09-23 15:12:19.627,22249,22250,22250,2,2
2024-09-23 15:12:19.628,22249,22250,22250,1,1
2024-09-23 15:12:19.678,22249,22250,22249,4,-4
2024-09-23 15:12:19.844,22248,22249,22248,2,-2
2024-09-23 15:12:20.206,22247,22248,22247,2,-2
2024-09-23 15:12:21.480,22246,22248,22248,1,1
2024-09-23 15:12:21.653,22247,22249,22249,2,2
2024-09-23 15:12:21.653,22247,22249,22249,2,2
2024-09-23 15:12:21.653,22247,22249,22249,1,1
2024-09-23 15:12:21.654,22247,22249,22249,1,1
2024-09-23 15:12:22.152,22248,22250,22250,1,1
2024-09-23 15:12:23.433,22249,22250,22250,1,1
2024-09-23 15:12:26.044,22249,22250,22250,1,1
2024-09-23 15:12:27.827,22251,22252,22251,2,-2
2024-09-23 15:12:27.827,22251,22252,22250,1,-1
2024-09-23 15:12:28.489,22250,22252,22252,1,1
2024-09-23 15:12:28.960,22250,22252,22250,1,-1
2024-09-23 15:12:34.537,22248,22251,22251,1,1
2024-09-23 15:12:35.172,22249,22251,22250,1,1
2024-09-23 15:12:36.945,22250,22251,22251,1,1
2024-09-23 15:12:38.120,22250,22251,22250,2,-2
2024-09-23 15:12:38.120,22250,22251,22249,2,-2
2024-09-23 15:12:41.204,22249,22250,22249,5,-5
2024-09-23 15:12:41.204,22249,22250,22248,3,-3
2024-09-23 15:12:43.713,22248,22250,22248,3,-3
2024-09-23 15:12:43.828,22248,22250,22248,2,-2
2024-09-23 15:12:44.928,22247,22249,22246,1,-1
2024-09-23 15:12:44.928,22247,22249,22247,2,-2
2024-09-23 15:12:46.408,22248,22250,22250,1,1
2024-09-23 15:12:53.532,22248,22250,22250,1,1
2024-09-23 15:12:53.533,22248,22250,22250,1,1
2024-09-23 15:12:53.533,22248,22250,22250,1,1
2024-09-23 15:12:53.533,22248,22250,22250,1,1
2024-09-23 15:12:59.530,22251,22252,22249,1,-1
2024-09-23 15:12:59.530,22251,22252,22249,8,-8
2024-09-23 15:12:59.530,22251,22252,22250,2,-2
2024-09-23 15:12:59.530,22251,22252,22251,4,-4
2024-09-23 15:13:00.210,22250,22251,22250,1,-1
2024-09-23 15:13:00.875,22249,22252,22250,1,-1
2024-09-23 15:13:01.204,22250,22252,22250,1,-1
2024-09-23 15:13:01.305,22250,22252,22250,1,-1
2024-09-23 15:13:01.439,22250,22252,22251,1,-1
2024-09-23 15:13:01.532,22250,22252,22250,1,-1
2024-09-23 15:13:01.700,22250,22252,22251,1,-1
2024-09-23 15:13:01.765,22250,22252,22251,1,-1
2024-09-23 15:13:02.772,22250,22252,22252,1,1
2024-09-23 15:13:02.970,22250,22252,22250,4,-4
2024-09-23 15:13:02.970,22250,22252,22249,2,-2
2024-09-23 15:13:02.970,22250,22252,22248,5,-5
2024-09-23 15:13:02.970,22250,22252,22247,4,-4
2024-09-23 15:13:03.012,22250,22252,22251,1,-1
2024-09-23 15:13:04.112,22249,22251,22251,1,1
2024-09-23 15:13:08.297,22250,22252,22250,1,-1
2024-09-23 15:13:09.480,22250,22252,22252,1,1
2024-09-23 15:13:09.480,22250,22252,22252,1,1
2024-09-23 15:13:09.555,22251,22252,22251,1,-1
2024-09-23 15:13:13.428,22251,22252,22252,2,2
2024-09-23 15:13:18.451,22252,22253,22253,1,1
2024-09-23 15:13:18.577,22252,22254,22254,1,1
2024-09-23 15:13:20.206,22252,22253,22252,3,-3
2024-09-23 15:13:20.305,22251,22253,22251,1,-1
2024-09-23 15:13:20.305,22251,22253,22251,1,-1
2024-09-23 15:13:20.591,22251,22252,22252,1,1
2024-09-23 15:13:22.466,22251,22252,22251,1,-1
2024-09-23 15:13:22.466,22251,22252,22251,1,-1
2024-09-23 15:13:25.117,22250,22253,22253,1,1
2024-09-23 15:13:31.051,22252,22254,22254,1,1
2024-09-23 15:13:31.356,22253,22255,22255,1,1
2024-09-23 15:13:31.357,22253,22255,22255,1,1
2024-09-23 15:13:32.985,22254,22256,22254,1,-1
2024-09-23 15:13:33.055,22254,22256,22254,1,-1
2024-09-23 15:13:33.571,22255,22256,22256,1,1
2024-09-23 15:13:33.571,22255,22256,22256,1,1
2024-09-23 15:13:33.571,22255,22256,22256,1,1
2024-09-23 15:13:33.713,22256,22258,22258,1,1
2024-09-23 15:13:39.110,22255,22257,22257,1,1
2024-09-23 15:13:40.333,22257,22259,22257,1,-1
2024-09-23 15:13:40.429,22257,22259,22257,1,-1
2024-09-23 15:13:41.001,22256,22258,22256,1,-1
2024-09-23 15:13:45.273,22257,22259,22259,5,5
2024-09-23 15:13:45.690,22258,22260,22258,1,-1
2024-09-23 15:13:48.213,22258,22259,22259,1,1
2024-09-23 15:13:50.632,22259,22260,22259,1,-1
2024-09-23 15:13:53.559,22259,22260,22260,1,1
2024-09-23 15:13:55.197,22260,22261,22260,1,-1
2024-09-23 15:13:55.209,22260,22261,22260,1,-1
2024-09-23 15:13:56.256,22259,22260,22260,2,2
2024-09-23 15:13:57.593,22259,22260,22260,1,1
2024-09-23 15:14:00.197,22259,22260,22259,3,-3
2024-09-23 15:14:00.198,22259,22260,22259,1,-1
2024-09-23 15:14:00.198,22259,22260,22259,1,-1
2024-09-23 15:14:00.448,22258,22259,22258,1,-1
2024-09-23 15:14:00.448,22258,22259,22258,2,-2
2024-09-23 15:14:00.567,22257,22258,22258,1,1
2024-09-23 15:14:02.615,22258,22259,22258,1,-1
2024-09-23 15:14:02.616,22258,22259,22258,1,-1
2024-09-23 15:14:03.845,22257,22259,22257,1,-1
2024-09-23 15:14:04.832,22258,22260,22258,2,-2
2024-09-23 15:14:04.833,22258,22260,22258,1,-1
2024-09-23 15:14:05.172,22258,22259,22259,1,1
2024-09-23 15:14:05.187,22258,22260,22260,1,1
2024-09-23 15:14:05.231,22258,22260,22261,1,1
2024-09-23 15:14:05.231,22258,22260,22261,1,1
2024-09-23 15:14:05.324,22260,22261,22260,1,-1
2024-09-23 15:14:05.341,22260,22261,22260,3,-3
2024-09-23 15:14:10.511,22258,22259,22259,3,3
2024-09-23 15:14:10.511,22258,22259,22259,2,2
2024-09-23 15:14:10.749,22259,22261,22259,2,-2
2024-09-23 15:14:11.594,22259,22261,22259,2,-2
2024-09-23 15:14:14.052,22260,22261,22260,2,-2
2024-09-23 15:14:14.062,22260,22261,22258,1,-1
2024-09-23 15:14:18.450,22258,22260,22260,1,1
2024-09-23 15:14:18.616,22258,22261,22258,2,-2
2024-09-23 15:14:19.456,22258,22260,22258,1,-1
2024-09-23 15:14:23.013,22258,22260,22260,3,3
2024-09-23 15:14:23.014,22258,22260,22261,1,1
2024-09-23 15:14:23.014,22258,22260,22261,1,1
2024-09-23 15:14:32.439,22260,22261,22261,1,1
2024-09-23 15:14:34.648,22260,22262,22262,1,1
2024-09-23 15:14:34.649,22260,22262,22262,1,1
2024-09-23 15:14:34.649,22260,22262,22262,1,1
2024-09-23 15:14:34.649,22260,22262,22262,2,2
2024-09-23 15:14:34.649,22260,22262,22262,1,1
2024-09-23 15:14:34.825,22261,22263,22263,2,2
2024-09-23 15:14:34.825,22261,22263,22263,1,1
2024-09-23 15:14:36.058,22261,22264,22262,1,-1
2024-09-23 15:14:37.940,22260,22262,22260,2,-2
2024-09-23 15:14:39.221,22260,22262,22260,1,-1
2024-09-23 15:14:39.221,22260,22262,22260,1,-1
2024-09-23 15:14:39.802,22260,22261,22260,1,-1
2024-09-23 15:14:39.802,22260,22261,22260,3,-3
2024-09-23 15:14:39.802,22260,22261,22260,1,-1
2024-09-23 15:14:39.803,22260,22261,22260,1,-1
2024-09-23 15:14:40.194,22260,22261,22260,4,-4
2024-09-23 15:14:40.380,22260,22261,22260,1,-1
2024-09-23 15:14:40.983,22259,22260,22261,3,3
2024-09-23 15:14:40.983,22259,22260,22260,2,2
2024-09-23 15:14:45.927,22261,22262,22262,1,1
2024-09-23 15:14:45.927,22261,22262,22262,1,1
2024-09-23 15:14:45.927,22261,22262,22262,2,2
2024-09-23 15:14:45.928,22261,22262,22262,1,1
2024-09-23 15:14:45.969,22261,22262,22262,1,1
2024-09-23 15:14:45.969,22261,22262,22262,1,1
2024-09-23 15:14:45.969,22261,22262,22262,3,3
2024-09-23 15:14:46.074,22261,22263,22261,1,-1
2024-09-23 15:14:50.457,22261,22263,22261,1,-1
2024-09-23 15:14:53.591,22261,22263,22261,7,-7
2024-09-23 15:14:53.631,22261,22263,22260,2,-2
2024-09-23 15:14:53.632,22261,22263,22260,1,-1
2024-09-23 15:14:58.409,22260,22261,22261,1,1
2024-09-23 15:15:00.067,22260,22262,22260,3,-3
2024-09-23 15:15:00.067,22260,22262,22259,1,-1
2024-09-23 15:15:00.074,22260,22262,22259,2,-2
2024-09-23 15:15:00.074,22260,22262,22259,1,-1
2024-09-23 15:15:00.074,22260,22262,22258,2,-2
2024-09-23 15:15:00.074,22260,22262,22259,1,-1
2024-09-23 15:15:00.074,22260,22262,22259,1,-1
2024-09-23 15:15:00.075,22260,22262,22258,2,-2
2024-09-23 15:15:00.076,22260,22262,22257,1,-1
2024-09-23 15:15:00.076,22260,22262,22257,1,-1
2024-09-23 15:15:00.076,22260,22262,22257,1,-1
2024-09-23 15:15:00.077,22260,22262,22255,2,-2
2024-09-23 15:15:00.077,22260,22262,22256,2,-2
2024-09-23 15:15:00.077,22260,22262,22256,2,-2
2024-09-23 15:15:00.077,22260,22262,22257,1,-1
2024-09-23 15:15:00.077,22260,22262,22257,1,-1
2024-09-23 15:15:00.077,22260,22262,22257,2,-2
2024-09-23 15:15:00.077,22260,22262,22256,1,-1
2024-09-23 15:15:00.078,22260,22262,22251,5,-5
2024-09-23 15:15:00.078,22260,22262,22252,1,-1
2024-09-23 15:15:00.078,22260,22262,22254,1,-1
2024-09-23 15:15:00.078,22260,22262,22252,1,-1
2024-09-23 15:15:00.078,22260,22262,22252,2,-2
2024-09-23 15:15:00.078,22260,22262,22253,1,-1
2024-09-23 15:15:00.078,22260,22262,22252,1,-1
2024-09-23 15:15:00.078,22260,22262,22253,4,-4
2024-09-23 15:15:00.078,22260,22262,22252,1,-1
2024-09-23 15:15:00.079,22260,22262,22251,1,-1
2024-09-23 15:15:00.079,22260,22262,22253,1,-1
2024-09-23 15:15:00.079,22260,22262,22252,1,-1
2024-09-23 15:15:00.079,22260,22262,22254,1,-1
2024-09-23 15:15:00.101,22260,22262,22250,4,-4
2024-09-23 15:15:00.102,22260,22262,22250,1,-1
2024-09-23 15:15:00.102,22260,22262,22250,2,-2
2024-09-23 15:15:00.107,22260,22262,22250,1,-1
2024-09-23 15:15:00.107,22260,22262,22250,1,-1
2024-09-23 15:15:00.116,22260,22262,22249,1,-1
2024-09-23 15:15:00.116,22260,22262,22249,1,-1
2024-09-23 15:15:00.125,22260,22262,22248,9,-9
2024-09-23 15:15:00.126,22260,22262,22247,1,-1
2024-09-23 15:15:00.126,22260,22262,22247,1,-1
2024-09-23 15:15:00.129,22260,22262,22247,2,-2
2024-09-23 15:15:00.141,22260,22262,22246,1,-1
2024-09-23 15:15:00.142,22260,22262,22246,1,-1
2024-09-23 15:15:00.142,22260,22262,22246,1,-1
2024-09-23 15:15:00.143,22260,22262,22246,1,-1
2024-09-23 15:15:00.152,22260,22262,22246,1,-1
2024-09-23 15:15:00.152,22260,22262,22246,1,-1
2024-09-23 15:15:00.166,22260,22262,22245,4,-4
2024-09-23 15:15:00.166,22260,22262,22245,1,-1
2024-09-23 15:15:00.166,22260,22262,22245,1,-1
2024-09-23 15:15:00.194,22245,22246,22245,1,-1
2024-09-23 15:15:00.266,22245,22246,22245,1,-1
2024-09-23 15:15:00.266,22245,22246,22246,1,1
2024-09-23 15:15:00.305,22244,22246,22244,1,-1
2024-09-23 15:15:00.307,22244,22246,22245,3,-3
2024-09-23 15:15:00.392,22244,22246,22245,2,-2
2024-09-23 15:15:00.392,22244,22246,22246,2,2
2024-09-23 15:15:00.407,22244,22246,22247,3,3
2024-09-23 15:15:00.451,22246,22248,22246,1,-1
2024-09-23 15:15:00.476,22246,22248,22245,1,-1
2024-09-23 15:15:00.476,22246,22248,22246,1,-1
2024-09-23 15:15:00.495,22246,22248,22245,1,-1
2024-09-23 15:15:00.497,22246,22248,22245,1,-1
2024-09-23 15:15:00.529,22246,22248,22247,1,-1
2024-09-23 15:15:00.529,22246,22248,22245,1,-1
2024-09-23 15:15:00.551,22244,22247,22244,2,-2
2024-09-23 15:15:00.572,22244,22247,22244,1,-1
2024-09-23 15:15:00.572,22244,22247,22243,2,-2
2024-09-23 15:15:00.590,22244,22247,22244,1,-1
2024-09-23 15:15:00.590,22244,22247,22243,1,-1
2024-09-23 15:15:00.593,22244,22247,22245,1,-1
2024-09-23 15:15:00.694,22243,22245,22243,1,-1
2024-09-23 15:15:00.712,22243,22245,22242,1,-1
2024-09-23 15:15:00.712,22243,22245,22242,1,-1
2024-09-23 15:15:00.718,22243,22245,22242,3,-3
2024-09-23 15:15:00.718,22243,22245,22241,7,-7
2024-09-23 15:15:00.719,22243,22245,22241,2,-2
2024-09-23 15:15:00.808,22241,22242,22241,1,-1
2024-09-23 15:15:00.812,22241,22242,22241,1,-1
2024-09-23 15:15:00.814,22241,22242,22241,1,-1
2024-09-23 15:15:00.825,22241,22242,22241,1,-1
2024-09-23 15:15:00.836,22241,22242,22241,1,-1
2024-09-23 15:15:00.837,22241,22242,22241,1,-1
2024-09-23 15:15:00.844,22241,22242,22241,1,-1
2024-09-23 15:15:00.844,22241,22242,22240,1,-1
2024-09-23 15:15:00.845,22241,22242,22242,1,1
2024-09-23 15:15:00.870,22241,22242,22240,1,-1
2024-09-23 15:15:00.871,22241,22242,22240,2,-2
2024-09-23 15:15:00.878,22241,22242,22240,1,-1
2024-09-23 15:15:00.909,22241,22242,22240,1,-1
2024-09-23 15:15:00.956,22240,22241,22240,1,-1
2024-09-23 15:15:00.958,22240,22241,22240,1,-1
2024-09-23 15:15:00.961,22240,22241,22240,2,-2
2024-09-23 15:15:00.961,22240,22241,22240,5,-5
2024-09-23 15:15:00.962,22240,22241,22240,1,-1
2024-09-23 15:15:00.962,22240,22241,22240,1,-1
2024-09-23 15:15:00.962,22240,22241,22240,1,-1
2024-09-23 15:15:00.962,22240,22241,22240,1,-1
2024-09-23 15:15:00.962,22240,22241,22240,1,-1
2024-09-23 15:15:00.962,22240,22241,22240,1,-1
2024-09-23 15:15:00.991,22240,22241,22240,1,-1
2024-09-23 15:15:00.997,22240,22241,22239,2,-2
2024-09-23 15:15:01.012,22240,22241,22239,1,-1
2024-09-23 15:15:01.013,22240,22241,22240,1,-1
2024-09-23 15:15:01.013,22240,22241,22240,2,-2
2024-09-23 15:15:01.022,22240,22241,22239,1,-1
2024-09-23 15:15:01.022,22240,22241,22240,1,-1
2024-09-23 15:15:01.027,22240,22241,22240,1,-1
2024-09-23 15:15:01.029,22240,22241,22239,1,-1
2024-09-23 15:15:01.050,22240,22241,22238,1,-1
2024-09-23 15:15:01.052,22238,22240,22238,1,-1
2024-09-23 15:15:01.057,22238,22240,22238,1,-1
2024-09-23 15:15:01.057,22238,22240,22239,1,-1
2024-09-23 15:15:01.057,22238,22240,22238,1,-1
2024-09-23 15:15:01.057,22238,22240,22238,1,-1
2024-09-23 15:15:01.062,22238,22240,22240,1,1
2024-09-23 15:15:01.068,22238,22240,22238,1,-1
2024-09-23 15:15:01.078,22238,22240,22241,1,1
2024-09-23 15:15:01.079,22238,22240,22240,1,1
2024-09-23 15:15:01.118,22238,22240,22239,1,1
2024-09-23 15:15:01.124,22238,22240,22239,1,1
2024-09-23 15:15:01.182,22239,22241,22239,1,-1
2024-09-23 15:15:01.192,22239,22241,22240,1,-1
2024-09-23 15:15:01.193,22239,22241,22240,1,-1
2024-09-23 15:15:01.193,22239,22241,22240,1,-1
2024-09-23 15:15:01.228,22239,22241,22242,1,1
2024-09-23 15:15:01.298,22239,22241,22242,1,1
2024-09-23 15:15:01.301,22239,22241,22240,4,4
2024-09-23 15:15:01.301,22239,22240,22240,2,2
2024-09-23 15:15:01.301,22239,22241,22242,2,2
2024-09-23 15:15:01.301,22239,22241,22241,2,2
2024-09-23 15:15:01.319,22239,22240,22243,1,1
2024-09-23 15:15:01.321,22239,22240,22244,2,2
2024-09-23 15:15:01.343,22239,22240,22243,1,1
2024-09-23 15:15:01.361,22239,22240,22243,1,1
2024-09-23 15:15:01.433,22242,22245,22245,1,1
2024-09-23 15:15:01.443,22242,22245,22242,2,-2
2024-09-23 15:15:01.443,22242,22245,22243,1,-1
2024-09-23 15:15:01.449,22242,22245,22242,1,-1
2024-09-23 15:15:01.566,22242,22245,22242,1,-1
2024-09-23 15:15:01.700,22241,22245,22241,1,-1
2024-09-23 15:15:01.722,22241,22245,22243,1,-1
2024-09-23 15:15:01.735,22241,22245,22242,1,-1
2024-09-23 15:15:01.762,22241,22245,22241,1,-1
2024-09-23 15:15:01.764,22241,22245,22240,1,-1
2024-09-23 15:15:01.768,22241,22245,22240,1,-1
2024-09-23 15:15:01.768,22241,22245,22240,2,-2
2024-09-23 15:15:01.770,22241,22245,22240,1,-1
2024-09-23 15:15:01.782,22241,22245,22239,1,-1
2024-09-23 15:15:01.784,22241,22245,22239,2,-2
2024-09-23 15:15:01.798,22241,22245,22239,2,-2
2024-09-23 15:15:01.798,22241,22245,22238,3,-3
2024-09-23 15:15:01.798,22241,22245,22237,4,-4
2024-09-23 15:15:01.809,22237,22240,22240,3,3
2024-09-23 15:15:01.969,22239,22242,22242,1,1
2024-09-23 15:15:02.042,22239,22242,22243,1,1
2024-09-23 15:15:02.043,22239,22242,22243,1,1
2024-09-23 15:15:02.074,22241,22244,22241,2,-2
2024-09-23 15:15:02.075,22241,22244,22241,1,-1
2024-09-23 15:15:02.084,22241,22244,22242,1,-1
2024-09-23 15:15:02.141,22241,22244,22241,1,-1
2024-09-23 15:15:02.143,22241,22244,22242,1,-1
2024-09-23 15:15:02.144,22241,22244,22242,1,-1
2024-09-23 15:15:02.145,22241,22244,22242,1,-1
2024-09-23 15:15:02.148,22241,22244,22241,3,-3
2024-09-23 15:15:02.267,22239,22242,22240,1,-1
2024-09-23 15:15:02.281,22239,22242,22242,1,1
2024-09-23 15:15:02.481,22240,22243,22243,2,2
2024-09-23 15:15:02.662,22243,22245,22245,1,1
2024-09-23 15:15:02.663,22243,22245,22245,1,1
2024-09-23 15:15:02.663,22243,22245,22244,1,1
2024-09-23 15:15:02.871,22243,22246,22243,1,-1
2024-09-23 15:15:02.997,22242,22245,22241,1,-1
2024-09-23 15:15:03.026,22242,22245,22243,1,-1
2024-09-23 15:15:03.089,22241,22243,22242,2,-2
2024-09-23 15:15:03.141,22241,22243,22242,2,-2
2024-09-23 15:15:03.141,22241,22243,22241,1,-1
2024-09-23 15:15:03.142,22241,22243,22242,1,-1
2024-09-23 15:15:03.319,22241,22243,22241,1,-1
2024-09-23 15:15:03.359,22241,22243,22240,1,-1
2024-09-23 15:15:03.359,22241,22243,22240,1,-1
2024-09-23 15:15:03.696,22238,22241,22241,2,2
2024-09-23 15:15:04.090,22238,22240,22238,1,-1
2024-09-23 15:15:04.170,22238,22240,22238,1,-1
2024-09-23 15:15:04.171,22238,22240,22238,1,-1
2024-09-23 15:15:05.109,22237,22239,22237,1,-1
2024-09-23 15:15:05.110,22237,22239,22238,1,-1
2024-09-23 15:15:05.110,22237,22239,22237,1,-1
2024-09-23 15:15:05.110,22237,22239,22237,1,-1
2024-09-23 15:15:05.126,22237,22239,22236,3,-3
2024-09-23 15:15:05.149,22237,22239,22235,1,-1
2024-09-23 15:15:05.149,22237,22239,22235,1,-1
2024-09-23 15:15:05.149,22237,22239,22235,1,-1
2024-09-23 15:15:05.149,22237,22239,22235,1,-1
2024-09-23 15:15:05.150,22237,22239,22235,1,-1
2024-09-23 15:15:05.227,22234,22236,22236,2,2
2024-09-23 15:15:05.313,22237,22239,22237,1,-1
2024-09-23 15:15:05.472,22237,22239,22237,1,-1
2024-09-23 15:15:05.476,22237,22239,22236,1,-1
2024-09-23 15:15:05.875,22237,22240,22237,1,-1
2024-09-23 15:15:05.927,22236,22238,22236,1,-1
2024-09-23 15:15:06.004,22236,22238,22237,1,-1
2024-09-23 15:15:06.276,22235,22237,22235,1,-1
2024-09-23 15:15:06.464,22234,22236,22234,1,-1
2024-09-23 15:15:06.465,22234,22236,22234,1,-1
2024-09-23 15:15:06.470,22234,22236,22233,1,-1
2024-09-23 15:15:06.470,22234,22236,22233,1,-1
2024-09-23 15:15:06.471,22234,22236,22233,1,-1
2024-09-23 15:15:06.575,22232,22235,22232,1,-1
2024-09-23 15:15:06.580,22232,22235,22232,1,-1
2024-09-23 15:15:06.581,22232,22235,22232,1,-1
2024-09-23 15:15:06.584,22232,22235,22232,1,-1
2024-09-23 15:15:06.736,22232,22233,22233,1,1
2024-09-23 15:15:06.761,22232,22233,22235,1,1
2024-09-23 15:15:07.195,22233,22237,22233,1,-1
2024-09-23 15:15:07.299,22233,22237,22234,1,-1
2024-09-23 15:15:07.325,22233,22237,22237,1,1
2024-09-23 15:15:10.237,22238,22241,22238,1,-1
2024-09-23 15:15:10.250,22238,22241,22239,1,-1
2024-09-23 15:15:10.329,22238,22241,22238,1,-1
2024-09-23 15:15:10.510,22238,22241,22239,2,-2
2024-09-23 15:15:10.527,22238,22241,22238,2,-2
2024-09-23 15:15:10.527,22238,22241,22237,2,-2
2024-09-23 15:15:10.527,22238,22241,22236,3,-3
2024-09-23 15:15:10.955,22238,22241,22238,1,-1
2024-09-23 15:15:11.274,22238,22241,22238,1,-1
2024-09-23 15:15:13.324,22240,22241,22241,2,2
2024-09-23 15:15:13.325,22240,22241,22241,2,2
2024-09-23 15:15:13.325,22240,22241,22241,1,1
2024-09-23 15:15:14.128,22240,22242,22240,1,-1
2024-09-23 15:15:14.197,22239,22240,22240,2,2
2024-09-23 15:15:14.325,22240,22241,22240,1,-1
2024-09-23 15:15:14.413,22240,22241,22240,1,-1
2024-09-23 15:15:14.576,22240,22243,22240,1,-1
2024-09-23 15:15:14.878,22240,22241,22241,1,1
2024-09-23 15:15:15.302,22242,22243,22242,2,-2
2024-09-23 15:15:16.101,22241,22242,22241,1,-1
2024-09-23 15:15:16.196,22241,22242,22242,1,1
2024-09-23 15:15:16.450,22241,22242,22242,1,1
2024-09-23 15:15:16.604,22242,22243,22242,1,-1
2024-09-23 15:15:16.604,22242,22243,22241,1,-1
2024-09-23 15:15:17.694,22241,22242,22242,1,1
2024-09-23 15:15:17.768,22241,22242,22242,1,1
2024-09-23 15:15:18.370,22241,22242,22241,1,-1
2024-09-23 15:15:18.383,22241,22242,22242,1,1
2024-09-23 15:15:19.046,22240,22242,22240,1,-1
2024-09-23 15:15:19.047,22240,22242,22240,1,-1
2024-09-23 15:15:19.368,22239,22241,22239,2,-2
2024-09-23 15:15:20.155,22238,22240,22238,2,-2
2024-09-23 15:15:20.211,22238,22240,22238,6,-6
2024-09-23 15:15:20.805,22237,22239,22237,1,-1
2024-09-23 15:15:20.807,22237,22239,22236,3,-3
2024-09-23 15:15:21.017,22235,22236,22236,1,1
2024-09-23 15:15:21.865,22236,22238,22238,2,2
2024-09-23 15:15:22.284,22236,22238,22238,1,1
2024-09-23 15:15:22.284,22236,22238,22238,1,1
2024-09-23 15:15:22.285,22236,22238,22237,1,1
2024-09-23 15:15:23.295,22235,22237,22235,1,-1
2024-09-23 15:15:23.327,22235,22237,22236,1,-1
2024-09-23 15:15:24.748,22235,22236,22236,1,1
2024-09-23 15:15:24.748,22235,22236,22236,3,3
2024-09-23 15:15:24.748,22235,22236,22236,1,1
2024-09-23 15:15:25.125,22235,22237,22237,1,1
2024-09-23 15:15:26.343,22236,22237,22237,1,1
2024-09-23 15:15:27.096,22237,22238,22237,1,-1
2024-09-23 15:15:27.099,22237,22238,22237,2,-2
2024-09-23 15:15:27.137,22237,22238,22238,1,1
2024-09-23 15:15:28.130,22236,22237,22236,2,-2
2024-09-23 15:15:28.130,22236,22237,22236,1,-1
2024-09-23 15:15:28.251,22235,22236,22235,6,-6
2024-09-23 15:15:28.251,22235,22236,22236,2,2
2024-09-23 15:15:28.963,22234,22236,22234,2,-2
2024-09-23 15:15:28.980,22234,22236,22236,1,1
2024-09-23 15:15:29.689,22234,22236,22234,2,-2
2024-09-23 15:15:30.039,22234,22236,22234,1,-1
2024-09-23 15:15:30.341,22234,22236,22234,1,-1
2024-09-23 15:15:30.437,22234,22235,22234,2,-2
2024-09-23 15:15:30.894,22233,22235,22233,1,-1
2024-09-23 15:15:31.389,22234,22235,22235,1,1
2024-09-23 15:15:31.539,22234,22235,22234,2,-2
2024-09-23 15:15:32.166,22234,22235,22235,1,1
2024-09-23 15:15:32.556,22235,22237,22236,1,1
2024-09-23 15:15:34.995,22236,22238,22236,1,-1
2024-09-23 15:15:35.273,22236,22238,22236,2,-2
2024-09-23 15:15:35.459,22237,22238,22237,1,-1
2024-09-23 15:15:35.832,22236,22237,22236,1,-1
2024-09-23 15:15:36.265,22235,22237,22235,1,-1
2024-09-23 15:15:36.266,22235,22237,22235,1,-1
2024-09-23 15:15:36.305,22234,22236,22234,1,-1
2024-09-23 15:15:36.386,22234,22236,22233,1,-1
2024-09-23 15:15:37.183,22232,22235,22232,1,-1
2024-09-23 15:15:37.490,22232,22235,22235,2,2
2024-09-23 15:15:38.148,22232,22234,22234,1,1
2024-09-23 15:15:38.987,22235,22236,22235,2,-2
2024-09-23 15:15:39.356,22234,22236,22234,2,-2
2024-09-23 15:15:40.104,22234,22235,22235,1,1
2024-09-23 15:15:40.199,22234,22237,22234,1,-1
2024-09-23 15:15:40.244,22234,22237,22234,1,-1
2024-09-23 15:15:40.383,22234,22237,22234,2,-2
2024-09-23 15:15:42.136,22233,22235,22233,2,-2
2024-09-23 15:15:42.504,22232,22234,22232,1,-1
2024-09-23 15:15:42.835,22231,22232,22232,1,1
2024-09-23 15:15:43.095,22231,22232,22231,5,-5
2024-09-23 15:15:43.096,22231,22232,22231,2,-2
2024-09-23 15:15:43.097,22231,22232,22230,3,-3
2024-09-23 15:15:43.097,22231,22232,22230,2,-2
2024-09-23 15:15:43.097,22231,22232,22230,1,-1
2024-09-23 15:15:43.097,22231,22232,22230,1,-1
2024-09-23 15:15:43.097,22231,22232,22230,2,-2
2024-09-23 15:15:43.097,22231,22232,22230,1,-1
2024-09-23 15:15:43.097,22231,22232,22230,3,-3
2024-09-23 15:15:43.097,22231,22232,22230,6,-6
2024-09-23 15:15:43.235,22229,22230,22229,1,-1
2024-09-23 15:15:43.261,22229,22230,22229,1,-1
2024-09-23 15:15:43.267,22229,22230,22229,1,-1
2024-09-23 15:15:43.319,22229,22232,22230,1,-1
2024-09-23 15:15:43.319,22229,22232,22229,2,-2
2024-09-23 15:15:43.350,22229,22232,22232,1,1
2024-09-23 15:15:43.795,22229,22232,22232,1,1
2024-09-23 15:15:43.795,22229,22232,22233,4,4
2024-09-23 15:15:43.795,22229,22232,22234,2,2
2024-09-23 15:15:44.451,22231,22232,22232,1,1
2024-09-23 15:15:44.861,22232,22233,22233,1,1
2024-09-23 15:15:46.720,22235,22237,22237,1,1
2024-09-23 15:15:47.131,22234,22236,22234,1,-1
2024-09-23 15:15:49.845,22236,22237,22236,1,-1
2024-09-23 15:15:50.357,22236,22237,22236,1,-1
2024-09-23 15:15:50.357,22236,22237,22235,3,-3
2024-09-23 15:15:50.357,22236,22237,22234,1,-1
2024-09-23 15:15:50.562,22234,22237,22234,1,-1
2024-09-23 15:15:52.232,22236,22237,22237,1,1
2024-09-23 15:15:52.232,22236,22237,22237,1,1
2024-09-23 15:15:53.059,22236,22238,22236,1,-1
2024-09-23 15:15:54.299,22235,22236,22236,1,1
2024-09-23 15:15:54.300,22235,22236,22236,1,1
2024-09-23 15:15:54.300,22235,22236,22236,1,1
2024-09-23 15:15:54.300,22235,22236,22236,1,1
2024-09-23 15:15:54.300,22235,22236,22236,1,1
2024-09-23 15:15:54.732,22235,22236,22236,1,1
2024-09-23 15:15:56.192,22235,22236,22236,1,1
2024-09-23 15:15:56.220,22235,22236,22237,1,1
2024-09-23 15:15:56.923,22236,22237,22236,1,-1
2024-09-23 15:15:56.923,22236,22237,22235,1,-1
2024-09-23 15:15:56.938,22234,22236,22234,1,-1
2024-09-23 15:15:57.388,22234,22235,22236,4,4
2024-09-23 15:15:57.388,22234,22235,22235,1,1
2024-09-23 15:15:59.711,22235,22237,22237,1,1
2024-09-23 15:16:00.125,22235,22237,22235,1,-1
2024-09-23 15:16:00.125,22235,22237,22235,2,-2
2024-09-23 15:16:00.168,22235,22237,22234,1,-1
2024-09-23 15:16:00.168,22235,22237,22234,1,-1
2024-09-23 15:16:00.182,22233,22235,22233,1,-1
2024-09-23 15:16:00.187,22233,22235,22231,1,-1
2024-09-23 15:16:00.187,22233,22235,22232,1,-1
2024-09-23 15:16:00.187,22233,22235,22232,1,-1
2024-09-23 15:16:00.187,22233,22235,22232,1,-1
2024-09-23 15:16:00.187,22233,22235,22233,1,-1
2024-09-23 15:16:00.190,22233,22235,22230,1,-1
2024-09-23 15:16:00.190,22233,22235,22230,1,-1
2024-09-23 15:16:00.192,22233,22235,22230,1,-1
2024-09-23 15:16:00.428,22231,22233,22231,1,-1
2024-09-23 15:16:00.445,22231,22233,22230,1,-1
2024-09-23 15:16:00.511,22231,22233,22229,1,-1
2024-09-23 15:16:00.526,22231,22233,22228,2,-2
2024-09-23 15:16:00.526,22231,22233,22229,1,-1
2024-09-23 15:16:00.585,22228,22231,22231,2,2
2024-09-23 15:16:00.730,22229,22232,22229,1,-1
2024-09-23 15:16:00.981,22229,22231,22229,1,-1
2024-09-23 15:16:01.042,22229,22231,22229,1,-1
2024-09-23 15:16:01.056,22228,22231,22228,1,-1
2024-09-23 15:16:01.057,22228,22231,22228,1,-1
2024-09-23 15:16:01.057,22228,22231,22229,1,-1
2024-09-23 15:16:01.057,22228,22231,22228,1,-1
2024-09-23 15:16:01.057,22228,22231,22228,1,-1
2024-09-23 15:16:01.058,22228,22231,22228,1,-1
2024-09-23 15:16:01.058,22228,22231,22228,1,-1
2024-09-23 15:16:01.058,22228,22231,22229,1,-1
2024-09-23 15:16:01.062,22228,22231,22228,1,-1
2024-09-23 15:16:01.109,22228,22231,22230,4,4
2024-09-23 15:16:01.109,22228,22231,22231,1,1
2024-09-23 15:16:01.535,22230,22232,22230,2,-2
2024-09-23 15:16:01.552,22229,22232,22229,2,-2
2024-09-23 15:16:01.856,22229,22232,22229,2,-2
2024-09-23 15:16:02.669,22229,22231,22229,2,-2
2024-09-23 15:16:02.802,22230,22231,22230,2,-2
2024-09-23 15:16:03.051,22229,22231,22230,1,-1
2024-09-23 15:16:03.853,22229,22230,22229,1,-1
2024-09-23 15:16:03.853,22229,22230,22228,3,-3
2024-09-23 15:16:04.199,22228,22230,22228,1,-1
2024-09-23 15:16:04.642,22228,22229,22228,1,-1
2024-09-23 15:16:04.642,22228,22229,22228,1,-1
2024-09-23 15:16:04.642,22228,22229,22228,1,-1
2024-09-23 15:16:04.642,22228,22229,22228,3,-3
2024-09-23 15:16:04.643,22228,22229,22228,9,-9
2024-09-23 15:16:04.659,22228,22229,22227,4,-4
2024-09-23 15:16:04.736,22226,22228,22226,2,-2
2024-09-23 15:16:04.847,22225,22227,22225,1,-1
2024-09-23 15:16:04.961,22225,22227,22227,1,1
2024-09-23 15:16:05.062,22225,22228,22225,4,-4
2024-09-23 15:16:05.218,22225,22227,22225,1,-1
2024-09-23 15:16:05.235,22225,22227,22224,1,-1
2024-09-23 15:16:05.365,22223,22224,22223,2,-2
2024-09-23 15:16:05.454,22223,22224,22223,2,-2
2024-09-23 15:16:05.468,22223,22224,22222,12,-12
2024-09-23 15:16:05.521,22223,22224,22220,2,-2
2024-09-23 15:16:05.521,22223,22224,22219,4,-4
2024-09-23 15:16:05.527,22223,22224,22219,1,-1
2024-09-23 15:16:05.527,22223,22224,22219,1,-1
2024-09-23 15:16:05.571,22218,22220,22218,3,-3
2024-09-23 15:16:05.588,22218,22220,22220,1,1
2024-09-23 15:16:05.589,22218,22220,22219,1,1
2024-09-23 15:16:05.592,22218,22220,22221,1,1
2024-09-23 15:16:05.592,22218,22220,22220,1,1
2024-09-23 15:16:05.592,22218,22220,22220,2,2
2024-09-23 15:16:05.592,22218,22220,22219,2,2
2024-09-23 15:16:05.602,22218,22220,22222,1,1
2024-09-23 15:16:05.615,22218,22220,22220,2,2
2024-09-23 15:16:05.630,22218,22220,22222,2,2
2024-09-23 15:16:05.823,22220,22222,22220,1,-1
2024-09-23 15:16:05.827,22220,22222,22220,1,-1
2024-09-23 15:16:05.838,22220,22222,22220,1,-1
2024-09-23 15:16:05.973,22221,22223,22222,2,-2
2024-09-23 15:16:05.973,22221,22223,22221,1,-1
2024-09-23 15:16:06.042,22221,22223,22222,2,-2
2024-09-23 15:16:06.285,22221,22224,22221,1,-1
2024-09-23 15:16:06.379,22221,22223,22223,1,1
2024-09-23 15:16:06.478,22222,22225,22222,1,-1
2024-09-23 15:16:07.295,22224,22226,22224,1,-1
2024-09-23 15:16:07.305,22224,22226,22224,1,-1
2024-09-23 15:16:07.305,22224,22226,22223,1,-1
2024-09-23 15:16:07.305,22224,22226,22223,1,-1
2024-09-23 15:16:07.305,22224,22226,22222,1,-1
2024-09-23 15:16:07.306,22224,22226,22222,1,-1
2024-09-23 15:16:07.306,22224,22226,22222,1,-1
2024-09-23 15:16:07.306,22224,22226,22223,1,-1
2024-09-23 15:16:07.761,22221,22224,22221,2,-2
2024-09-23 15:16:08.092,22221,22223,22223,1,1
2024-09-23 15:16:09.202,22222,22225,22222,1,-1
2024-09-23 15:16:09.425,22222,22225,22225,1,1
2024-09-23 15:16:09.426,22225,22226,22225,1,-1
2024-09-23 15:16:09.634,22222,22225,22222,2,-2
2024-09-23 15:16:10.327,22222,22223,22223,1,1
2024-09-23 15:16:10.426,22222,22223,22223,1,1
2024-09-23 15:16:10.702,22223,22224,22224,1,1
2024-09-23 15:16:11.356,22225,22227,22226,1,1
2024-09-23 15:16:11.927,22224,22226,22224,3,-3
2024-09-23 15:16:12.027,22224,22226,22223,1,-1
2024-09-23 15:16:12.127,22223,22225,22223,1,-1
2024-09-23 15:16:13.775,22222,22225,22222,1,-1
2024-09-23 15:16:14.746,22222,22225,22225,1,1
2024-09-23 15:16:15.002,22224,22226,22226,2,2
2024-09-23 15:16:15.002,22224,22226,22226,1,1
2024-09-23 15:16:15.274,22225,22227,22225,3,-3
2024-09-23 15:16:15.436,22225,22227,22225,2,-2
2024-09-23 15:16:16.518,22224,22225,22224,1,-1
2024-09-23 15:16:16.950,22224,22225,22225,5,5
2024-09-23 15:16:17.328,22225,22227,22225,1,-1
2024-09-23 15:16:19.803,22224,22226,22226,1,1
2024-09-23 15:16:19.876,22224,22226,22227,3,3
2024-09-23 15:16:19.930,22226,22228,22226,1,-1
2024-09-23 15:16:19.931,22226,22228,22225,1,-1
2024-09-23 15:16:19.931,22226,22228,22225,1,-1
2024-09-23 15:16:19.931,22226,22228,22226,1,-1
2024-09-23 15:16:19.931,22226,22228,22226,1,-1
2024-09-23 15:16:19.932,22226,22228,22225,1,-1
2024-09-23 15:16:19.932,22226,22228,22224,1,-1
2024-09-23 15:16:20.975,22226,22227,22226,1,-1
2024-09-23 15:16:21.261,22225,22227,22225,2,-2
2024-09-23 15:16:21.497,22224,22227,22224,1,-1
2024-09-23 15:16:21.570,22224,22227,22224,2,-2
2024-09-23 15:16:21.835,22224,22227,22224,1,-1
2024-09-23 15:16:22.910,22224,22227,22224,1,-1
2024-09-23 15:16:24.598,22224,22227,22225,1,-1
2024-09-23 15:16:26.053,22224,22227,22227,1,1
2024-09-23 15:16:28.258,22224,22226,22226,1,1
2024-09-23 15:16:28.303,22225,22226,22225,2,-2
2024-09-23 15:16:28.303,22225,22226,22224,4,-4
2024-09-23 15:16:28.304,22225,22226,22224,4,-4
2024-09-23 15:16:28.305,22225,22226,22224,1,-1
2024-09-23 15:16:28.306,22225,22226,22223,1,-1
2024-09-23 15:16:28.306,22225,22226,22223,1,-1
2024-09-23 15:16:28.306,22225,22226,22223,1,-1
2024-09-23 15:16:28.306,22225,22226,22224,1,-1
2024-09-23 15:16:28.306,22225,22226,22224,1,-1
2024-09-23 15:16:28.306,22225,22226,22224,1,-1
2024-09-23 15:16:28.306,22225,22226,22224,1,-1
2024-09-23 15:16:28.363,22225,22226,22223,3,-3
2024-09-23 15:16:28.363,22225,22226,22222,2,-2
2024-09-23 15:16:28.675,22223,22225,22225,2,2
2024-09-23 15:16:28.794,22223,22226,22223,1,-1
2024-09-23 15:16:30.301,22224,22226,22226,1,1
2024-09-23 15:16:30.375,22224,22226,22224,1,-1
2024-09-23 15:16:30.797,22224,22226,22226,1,1
2024-09-23 15:16:31.251,22224,22226,22226,1,1
2024-09-23 15:16:31.375,22224,22227,22224,1,-1
2024-09-23 15:16:31.703,22224,22226,22224,1,-1
2024-09-23 15:16:32.446,22224,22226,22223,2,-2
2024-09-23 15:16:32.446,22224,22226,22224,3,-3
2024-09-23 15:16:32.737,22223,22225,22223,2,-2
2024-09-23 15:16:32.955,22223,22224,22224,1,1
2024-09-23 15:16:32.956,22223,22224,22224,1,1
2024-09-23 15:16:35.176,22224,22226,22224,1,-1
2024-09-23 15:16:35.275,22224,22226,22224,1,-1
2024-09-23 15:16:35.376,22224,22226,22224,1,-1
2024-09-23 15:16:35.467,22224,22226,22225,1,-1
2024-09-23 15:16:35.467,22224,22226,22226,4,4
2024-09-23 15:16:36.869,22222,22224,22224,2,2
2024-09-23 15:16:36.930,22223,22226,22223,1,-1
2024-09-23 15:16:36.930,22223,22226,22223,1,-1
2024-09-23 15:16:36.931,22223,22226,22223,1,-1
2024-09-23 15:16:36.931,22223,22226,22222,1,-1
2024-09-23 15:16:36.934,22223,22226,22222,1,-1
2024-09-23 15:16:37.003,22223,22226,22222,4,-4
2024-09-23 15:16:37.360,22222,22224,22224,1,1
2024-09-23 15:16:37.370,22222,22224,22225,1,1
2024-09-23 15:16:37.489,22224,22226,22226,1,1
2024-09-23 15:16:37.489,22224,22226,22226,1,1
2024-09-23 15:16:37.783,22225,22227,22227,4,4
2024-09-23 15:16:38.135,22226,22228,22226,2,-2
2024-09-23 15:16:38.644,22226,22228,22226,2,-2
2024-09-23 15:16:38.644,22226,22228,22225,3,-3
2024-09-23 15:16:41.275,22223,22225,22225,1,1
2024-09-23 15:16:41.276,22223,22225,22225,1,1
2024-09-23 15:16:41.280,22223,22225,22225,1,1
2024-09-23 15:16:41.375,22224,22226,22225,1,1
2024-09-23 15:16:41.491,22225,22226,22225,1,-1
2024-09-23 15:16:42.398,22224,22226,22226,2,2
2024-09-23 15:16:42.501,22225,22227,22226,1,1
2024-09-23 15:16:45.046,22225,22227,22225,4,-4
2024-09-23 15:16:45.059,22224,22226,22224,1,-1
2024-09-23 15:16:45.068,22224,22226,22223,1,-1
2024-09-23 15:16:47.722,22223,22226,22221,9,-9
2024-09-23 15:16:47.722,22223,22226,22222,10,-10
2024-09-23 15:16:47.722,22223,22226,22223,2,-2
2024-09-23 15:16:47.723,22223,22226,22221,4,-4
2024-09-23 15:16:47.804,22221,22224,22221,1,-1
2024-09-23 15:16:47.805,22221,22224,22221,1,-1
2024-09-23 15:16:47.805,22221,22224,22221,1,-1
2024-09-23 15:16:47.805,22221,22224,22221,1,-1
2024-09-23 15:16:47.898,22221,22224,22223,1,1
2024-09-23 15:16:47.913,22221,22224,22220,6,-6
2024-09-23 15:16:47.914,22221,22224,22220,2,-2
2024-09-23 15:16:47.914,22221,22224,22220,1,-1
2024-09-23 15:16:47.914,22221,22224,22221,8,-8
2024-09-23 15:16:49.125,22218,22220,22220,1,1
2024-09-23 15:16:49.162,22218,22220,22218,5,-5
2024-09-23 15:16:49.273,22218,22220,22218,1,-1
2024-09-23 15:16:49.592,22217,22220,22220,4,4
2024-09-23 15:16:49.592,22217,22220,22221,6,6
2024-09-23 15:16:49.637,22217,22220,22220,1,1
2024-09-23 15:16:49.816,22218,22221,22221,1,1
2024-09-23 15:16:51.219,22219,22221,22221,1,1
2024-09-23 15:16:51.219,22219,22221,22221,2,2
2024-09-23 15:16:51.219,22219,22221,22221,1,1
2024-09-23 15:16:51.219,22219,22221,22221,1,1
2024-09-23 15:16:51.219,22219,22221,22221,2,2
2024-09-23 15:16:51.219,22219,22221,22221,2,2
2024-09-23 15:16:51.220,22219,22221,22221,1,1
2024-09-23 15:16:51.287,22219,22221,22220,1,1
2024-09-23 15:16:51.375,22220,22222,22220,2,-2
2024-09-23 15:16:51.376,22220,22222,22221,1,-1
2024-09-23 15:16:51.377,22220,22222,22221,1,-1
2024-09-23 15:16:51.526,22220,22222,22222,1,1
2024-09-23 15:16:51.526,22220,22222,22223,2,2
2024-09-23 15:16:52.022,22221,22224,22221,1,-1
2024-09-23 15:16:52.023,22221,22224,22221,3,-3
2024-09-23 15:16:52.023,22221,22224,22222,1,-1
2024-09-23 15:16:52.030,22221,22224,22221,1,-1
2024-09-23 15:16:52.030,22221,22224,22221,1,-1
2024-09-23 15:16:52.999,22220,22223,22223,1,1
2024-09-23 15:16:54.398,22223,22225,22225,2,2
2024-09-23 15:16:55.475,22224,22226,22226,1,1
2024-09-23 15:16:57.619,22225,22227,22226,1,1
2024-09-23 15:16:57.632,22225,22227,22225,1,-1
2024-09-23 15:16:57.632,22225,22227,22225,1,-1
2024-09-23 15:16:57.633,22225,22227,22225,1,-1
2024-09-23 15:16:57.904,22223,22226,22223,2,-2
2024-09-23 15:16:57.950,22222,22224,22223,1,-1
2024-09-23 15:16:58.022,22222,22224,22222,1,-1
2024-09-23 15:16:58.023,22222,22224,22222,2,-2
2024-09-23 15:16:58.151,22221,22222,22221,1,-1
2024-09-23 15:16:58.215,22219,22221,22219,1,-1
2024-09-23 15:16:58.251,22219,22221,22219,1,-1
2024-09-23 15:16:58.265,22219,22221,22219,1,-1
2024-09-23 15:17:00.209,22219,22222,22220,1,-1
2024-09-23 15:17:00.401,22220,22222,22220,1,-1
2024-09-23 15:17:00.401,22220,22222,22220,1,-1
2024-09-23 15:17:00.650,22219,22222,22219,1,-1
2024-09-23 15:17:00.714,22219,22221,22219,1,-1
2024-09-23 15:17:01.111,22219,22221,22220,1,-1
2024-09-23 15:17:01.179,22218,22220,22218,1,-1
2024-09-23 15:17:01.180,22218,22220,22218,1,-1
2024-09-23 15:17:01.636,22219,22220,22219,3,-3
2024-09-23 15:17:01.636,22219,22220,22218,2,-2
2024-09-23 15:17:01.809,22218,22220,22220,1,1
2024-09-23 15:17:02.469,22218,22220,22220,1,1
2024-09-23 15:17:03.335,22218,22220,22221,2,2
2024-09-23 15:17:04.637,22218,22220,22218,5,-5
2024-09-23 15:17:04.647,22218,22220,22218,3,-3
2024-09-23 15:17:04.674,22218,22220,22219,2,-2
2024-09-23 15:17:04.784,22218,22220,22220,2,2
2024-09-23 15:17:05.744,22221,22224,22224,1,1
2024-09-23 15:17:05.968,22224,22226,22223,1,-1
2024-09-23 15:17:05.968,22224,22226,22224,1,-1
2024-09-23 15:17:06.055,22223,22225,22223,1,-1
2024-09-23 15:17:07.634,22223,22224,22224,3,3
2024-09-23 15:17:07.679,22224,22226,22224,1,-1
2024-09-23 15:17:07.680,22224,22226,22223,1,-1
2024-09-23 15:17:07.680,22224,22226,22223,1,-1
2024-09-23 15:17:07.680,22224,22226,22223,1,-1
2024-09-23 15:17:07.768,22224,22226,22223,1,-1
2024-09-23 15:17:07.768,22224,22226,22222,3,-3
2024-09-23 15:17:07.768,22224,22226,22221,3,-3
2024-09-23 15:17:07.768,22224,22226,22220,3,-3
2024-09-23 15:17:07.785,22224,22226,22224,1,-1
2024-09-23 15:17:07.823,22222,22225,22222,2,-2
2024-09-23 15:17:11.192,22221,22222,22222,1,1
2024-09-23 15:17:11.415,22221,22222,22222,2,2
2024-09-23 15:17:12.140,22221,22222,22221,1,-1
2024-09-23 15:17:12.141,22221,22222,22221,1,-1
2024-09-23 15:17:13.176,22220,22222,22222,2,2
2024-09-23 15:17:13.952,22220,22222,22222,2,2
2024-09-23 15:17:15.745,22220,22223,22220,2,-2
2024-09-23 15:17:16.366,22220,22222,22222,1,1
2024-09-23 15:17:17.283,22222,22223,22222,1,-1
2024-09-23 15:17:17.294,22222,22223,22223,1,1
2024-09-23 15:17:17.696,22221,22223,22221,1,-1
2024-09-23 15:17:17.878,22221,22223,22221,1,-1
2024-09-23 15:17:18.050,22221,22223,22221,1,-1
2024-09-23 15:17:18.055,22221,22223,22220,1,-1
2024-09-23 15:17:18.055,22221,22223,22221,1,-1
2024-09-23 15:17:18.056,22221,22223,22220,1,-1
2024-09-23 15:17:18.060,22221,22223,22219,1,-1
2024-09-23 15:17:18.215,22219,22222,22219,1,-1
2024-09-23 15:17:18.386,22219,22221,22219,1,-1
2024-09-23 15:17:18.566,22219,22222,22219,1,-1
2024-09-23 15:17:18.914,22219,22222,22219,1,-1
2024-09-23 15:17:19.044,22218,22222,22219,1,-1
2024-09-23 15:17:19.103,22219,22221,22219,1,-1
