2019-06-24 15:00:00.017,10621,10623,10622,36
2019-06-24 15:00:00.038,10621,10622,10621,2
2019-06-24 15:00:00.167,10620,10622,10622,1
2019-06-24 15:00:00.199,10620,10621,10620,1
2019-06-24 15:00:00.205,10620,10621,10620,1
2019-06-24 15:00:00.304,10620,10621,10620,1
2019-06-24 15:00:00.321,10620,10621,10621,2
2019-06-24 15:00:00.332,10620,10621,10620,1
2019-06-24 15:00:00.359,10620,10621,10620,1
2019-06-24 15:00:00.400,10620,10621,10620,1
2019-06-24 15:00:00.446,10620,10621,10621,2
2019-06-24 15:00:00.492,10620,10621,10620,5
2019-06-24 15:00:00.667,10619,10620,10620,2
2019-06-24 15:00:00.845,10619,10620,10620,1
2019-06-24 15:00:00.964,10619,10620,10619,10
2019-06-24 15:00:01.158,10618,10620,10621,1
2019-06-24 15:00:01.228,10619,10621,10620,4
2019-06-24 15:00:01.580,10620,10621,10620,1
2019-06-24 15:00:02.392,10620,10621,10620,1
2019-06-24 15:00:03.209,10620,10621,10620,3
2019-06-24 15:00:03.742,10619,10620,10619,2
2019-06-24 15:00:04.556,10619,10620,10619,1
2019-06-24 15:00:05.046,10619,10620,10620,1
2019-06-24 15:00:07.299,10618,10620,10620,2
2019-06-24 15:00:08.568,10619,10620,10619,1
2019-06-24 15:00:21.998,10619,10620,10619,1
2019-06-24 15:00:25.510,10619,10620,10620,2
2019-06-24 15:00:26.971,10619,10620,10620,1
2019-06-24 15:00:28.072,10619,10620,10620,4
2019-06-24 15:00:29.479,10619,10620,10619,1
2019-06-24 15:00:30.695,10619,10620,10619,2
2019-06-24 15:00:32.351,10619,10620,10620,3
2019-06-24 15:00:35.400,10619,10620,10620,2
2019-06-24 15:00:40.382,10619,10620,10620,4
2019-06-24 15:00:40.406,10619,10620,10620,2
2019-06-24 15:00:41.950,10619,10620,10620,1
2019-06-24 15:00:42.760,10619,10620,10620,2
2019-06-24 15:00:50.138,10619,10620,10619,1
2019-06-24 15:00:50.422,10619,10620,10619,1
2019-06-24 15:00:51.401,10619,10620,10620,1
2019-06-24 15:00:52.068,10619,10620,10619,14
2019-06-24 15:00:59.129,10618,10619,10619,2
2019-06-24 15:01:00.034,10618,10619,10619,3
2019-06-24 15:01:00.154,10618,10620,10620,1
2019-06-24 15:01:02.330,10619,10620,10619,1
2019-06-24 15:01:04.269,10619,10620,10619,1
2019-06-24 15:01:13.662,10619,10620,10620,1
2019-06-24 15:01:15.820,10619,10620,10619,1
2019-06-24 15:01:16.208,10619,10620,10619,1
2019-06-24 15:01:17.520,10619,10620,10620,4
2019-06-24 15:01:18.215,10619,10620,10620,4
2019-06-24 15:01:19.146,10619,10620,10620,1
2019-06-24 15:01:22.196,10619,10620,10620,4
2019-06-24 15:01:23.671,10619,10620,10620,2
2019-06-24 15:01:23.721,10619,10620,10620,7
2019-06-24 15:01:24.411,10619,10620,10620,1
2019-06-24 15:01:25.339,10619,10620,10620,1
2019-06-24 15:01:26.918,10619,10620,10620,4
2019-06-24 15:01:27.065,10619,10620,10620,3
2019-06-24 15:01:29.617,10619,10620,10620,1
2019-06-24 15:01:29.772,10619,10620,10620,1
2019-06-24 15:01:30.275,10620,10621,10620,4
2019-06-24 15:01:30.276,10620,10621,10620,1
2019-06-24 15:01:39.714,10619,10620,10620,1
2019-06-24 15:01:41.797,10619,10620,10620,4
2019-06-24 15:01:44.452,10619,10620,10620,1
2019-06-24 15:01:46.421,10619,10620,10620,2
2019-06-24 15:01:47.802,10620,10621,10620,1
2019-06-24 15:01:54.917,10620,10621,10620,2
2019-06-24 15:01:56.106,10620,10621,10620,1
2019-06-24 15:01:59.411,10620,10621,10621,3
2019-06-24 15:02:06.490,10620,10621,10621,5
2019-06-24 15:02:06.568,10620,10621,10621,2
2019-06-24 15:02:06.596,10620,10621,10621,13
2019-06-24 15:02:13.213,10621,10622,10622,1
2019-06-24 15:02:13.215,10621,10622,10622,3
2019-06-24 15:02:13.223,10621,10622,10622,2
2019-06-24 15:02:13.229,10621,10622,10622,2
2019-06-24 15:02:13.637,10622,10623,10622,10
2019-06-24 15:02:15.568,10622,10623,10623,5
2019-06-24 15:02:15.960,10622,10623,10623,1
2019-06-24 15:02:23.709,10622,10623,10623,3
2019-06-24 15:02:24.882,10622,10623,10623,1
2019-06-24 15:02:29.156,10622,10623,10623,1
2019-06-24 15:02:34.772,10622,10623,10623,2
2019-06-24 15:02:41.482,10622,10623,10623,3
2019-06-24 15:02:41.569,10622,10623,10623,2
2019-06-24 15:02:41.598,10622,10623,10623,16
2019-06-24 15:02:42.690,10623,10624,10623,1
2019-06-24 15:02:47.042,10623,10624,10624,1
2019-06-24 15:02:48.458,10623,10624,10624,1
2019-06-24 15:02:48.695,10623,10624,10624,1
2019-06-24 15:02:49.227,10623,10624,10624,1
2019-06-24 15:02:49.242,10623,10624,10624,1
2019-06-24 15:02:49.252,10623,10624,10625,3
2019-06-24 15:02:49.259,10623,10624,10625,1
2019-06-24 15:02:49.345,10624,10625,10625,1
2019-06-24 15:02:49.672,10623,10625,10625,1
2019-06-24 15:02:53.548,10624,10625,10624,2
2019-06-24 15:02:53.978,10624,10625,10624,7
2019-06-24 15:02:55.374,10624,10625,10624,1
2019-06-24 15:02:55.419,10624,10625,10625,8
2019-06-24 15:02:55.545,10624,10625,10625,1
2019-06-24 15:02:56.707,10624,10625,10625,1
2019-06-24 15:02:57.002,10624,10625,10625,5
2019-06-24 15:02:58.953,10625,10626,10625,1
2019-06-24 15:03:01.317,10625,10626,10625,5
2019-06-24 15:03:01.768,10625,10626,10626,5
2019-06-24 15:03:02.328,10625,10626,10626,4
2019-06-24 15:03:02.429,10625,10626,10626,10
2019-06-24 15:03:02.473,10625,10626,10627,1
2019-06-24 15:03:02.473,10625,10626,10627,1
2019-06-24 15:03:02.563,10625,10626,10627,1
2019-06-24 15:03:02.563,10625,10626,10627,1
2019-06-24 15:03:02.613,10625,10627,10627,2
2019-06-24 15:03:02.623,10625,10627,10627,1
2019-06-24 15:03:02.623,10625,10627,10627,3
2019-06-24 15:03:02.653,10625,10627,10627,1
2019-06-24 15:03:02.714,10626,10627,10627,1
2019-06-24 15:03:02.722,10626,10627,10627,1
2019-06-24 15:03:03.609,10626,10627,10627,1
2019-06-24 15:03:03.609,10626,10627,10628,1
2019-06-24 15:03:04.601,10626,10627,10627,1
2019-06-24 15:03:05.810,10626,10627,10626,1
2019-06-24 15:03:09.045,10626,10627,10627,1
2019-06-24 15:03:10.037,10626,10627,10627,2
2019-06-24 15:03:10.685,10626,10627,10626,1
2019-06-24 15:03:13.495,10626,10627,10626,1
2019-06-24 15:03:14.237,10626,10627,10626,7
2019-06-24 15:03:14.468,10626,10627,10627,1
2019-06-24 15:03:17.065,10626,10627,10627,2
2019-06-24 15:03:18.556,10626,10627,10626,1
2019-06-24 15:03:18.702,10626,10627,10626,2
2019-06-24 15:03:18.724,10626,10627,10627,2
2019-06-24 15:03:22.125,10626,10627,10627,2
2019-06-24 15:03:22.390,10626,10627,10626,1
2019-06-24 15:03:22.924,10626,10627,10627,1
2019-06-24 15:03:23.319,10626,10627,10627,1
2019-06-24 15:03:23.320,10626,10627,10627,3
2019-06-24 15:03:23.321,10626,10627,10627,1
2019-06-24 15:03:23.321,10626,10627,10627,2
2019-06-24 15:03:23.322,10626,10627,10627,1
2019-06-24 15:03:23.322,10626,10627,10627,1
2019-06-24 15:03:23.323,10626,10627,10627,2
2019-06-24 15:03:23.931,10626,10627,10626,2
2019-06-24 15:03:24.247,10626,10627,10627,1
2019-06-24 15:03:24.891,10626,10627,10627,1
2019-06-24 15:03:30.008,10626,10627,10627,1
2019-06-24 15:03:30.040,10626,10627,10626,1
2019-06-24 15:03:30.600,10626,10627,10626,1
2019-06-24 15:03:30.821,10626,10627,10627,1
2019-06-24 15:03:32.372,10626,10627,10627,3
2019-06-24 15:03:35.640,10626,10627,10627,1
2019-06-24 15:03:40.357,10626,10627,10627,1
2019-06-24 15:03:41.539,10626,10627,10627,1
2019-06-24 15:03:42.773,10626,10627,10626,2
2019-06-24 15:03:46.180,10626,10627,10627,1
2019-06-24 15:03:48.922,10626,10627,10626,1
2019-06-24 15:03:49.363,10626,10627,10626,1
2019-06-24 15:03:50.595,10626,10627,10626,1
2019-06-24 15:03:51.193,10626,10627,10626,2
2019-06-24 15:03:51.222,10626,10627,10626,5
2019-06-24 15:03:54.353,10625,10626,10626,1
2019-06-24 15:03:55.649,10625,10626,10625,4
2019-06-24 15:03:57.875,10625,10626,10625,1
2019-06-24 15:04:10.393,10625,10626,10625,1
2019-06-24 15:04:12.520,10625,10626,10626,1
2019-06-24 15:04:12.767,10625,10626,10626,1
2019-06-24 15:04:22.746,10625,10626,10625,2
2019-06-24 15:04:28.302,10625,10626,10625,1
2019-06-24 15:04:36.735,10625,10626,10626,1
2019-06-24 15:04:53.879,10625,10626,10626,1
2019-06-24 15:04:55.579,10625,10626,10626,1
2019-06-24 15:05:00.003,10625,10626,10626,1
2019-06-24 15:05:00.327,10625,10626,10626,1
2019-06-24 15:05:00.701,10625,10626,10626,1
2019-06-24 15:05:01.604,10625,10626,10626,13
2019-06-24 15:05:02.459,10626,10627,10627,1
2019-06-24 15:05:02.830,10626,10627,10626,1
2019-06-24 15:05:08.387,10626,10627,10626,2
2019-06-24 15:05:12.112,10626,10627,10627,15
2019-06-24 15:05:12.193,10626,10627,10627,6
2019-06-24 15:05:15.505,10627,10628,10627,1
2019-06-24 15:05:19.238,10627,10628,10627,1
2019-06-24 15:05:31.940,10627,10628,10627,10
2019-06-24 15:05:32.033,10627,10628,10628,4
2019-06-24 15:05:32.442,10627,10628,10627,1
2019-06-24 15:05:33.984,10627,10628,10627,3
2019-06-24 15:05:35.256,10626,10627,10626,1
2019-06-24 15:05:36.663,10626,10627,10627,1
2019-06-24 15:05:36.855,10626,10627,10627,1
2019-06-24 15:05:41.451,10626,10627,10627,1
2019-06-24 15:05:47.249,10626,10627,10626,1
2019-06-24 15:05:49.809,10626,10627,10627,1
2019-06-24 15:05:49.867,10626,10627,10627,1
2019-06-24 15:05:54.836,10626,10627,10627,1
2019-06-24 15:05:57.722,10626,10627,10627,1
2019-06-24 15:05:58.035,10626,10627,10626,1
2019-06-24 15:06:01.313,10626,10627,10627,2
2019-06-24 15:06:07.629,10626,10627,10626,2
2019-06-24 15:06:08.082,10626,10627,10627,1
2019-06-24 15:06:08.087,10626,10627,10627,1
2019-06-24 15:06:08.133,10626,10627,10627,2
2019-06-24 15:06:08.135,10626,10627,10627,1
2019-06-24 15:06:09.765,10626,10627,10627,1
2019-06-24 15:06:11.740,10626,10627,10626,2
2019-06-24 15:06:13.570,10626,10627,10627,1
2019-06-24 15:06:15.719,10626,10627,10627,1
2019-06-24 15:06:17.151,10626,10627,10627,1
2019-06-24 15:06:17.642,10626,10627,10627,8
2019-06-24 15:06:23.494,10627,10628,10627,5
2019-06-24 15:06:24.020,10627,10628,10627,5
2019-06-24 15:06:24.366,10627,10628,10627,1
2019-06-24 15:06:25.060,10627,10628,10627,1
2019-06-24 15:06:25.775,10627,10628,10628,1
2019-06-24 15:06:27.546,10627,10628,10627,1
2019-06-24 15:06:29.867,10627,10628,10628,1
2019-06-24 15:06:31.526,10627,10628,10627,1
2019-06-24 15:06:31.549,10627,10628,10627,1
2019-06-24 15:06:31.931,10626,10628,10627,1
2019-06-24 15:06:33.752,10627,10628,10627,2
2019-06-24 15:06:37.403,10627,10628,10627,1
2019-06-24 15:06:39.519,10627,10628,10628,1
2019-06-24 15:06:39.599,10627,10628,10628,22
2019-06-24 15:06:42.692,10628,10629,10628,2
2019-06-24 15:06:46.887,10627,10628,10627,6
2019-06-24 15:06:47.676,10627,10628,10628,1
2019-06-24 15:06:48.184,10627,10628,10628,1
2019-06-24 15:06:48.511,10627,10628,10627,4
2019-06-24 15:06:51.327,10627,10628,10627,7
2019-06-24 15:06:51.443,10627,10628,10627,5
2019-06-24 15:06:53.987,10627,10628,10627,3
2019-06-24 15:06:54.603,10626,10627,10627,1
2019-06-24 15:07:11.742,10626,10627,10626,1
2019-06-24 15:07:12.841,10626,10627,10627,1
2019-06-24 15:07:19.547,10626,10627,10627,1
2019-06-24 15:07:39.639,10626,10627,10627,1
2019-06-24 15:07:44.804,10626,10627,10627,1
2019-06-24 15:07:53.433,10626,10627,10626,1
2019-06-24 15:07:53.567,10626,10627,10626,1
2019-06-24 15:08:08.968,10626,10627,10626,1
2019-06-24 15:08:11.091,10626,10627,10626,1
2019-06-24 15:08:11.415,10626,10627,10626,4
2019-06-24 15:08:11.443,10626,10627,10626,3
2019-06-24 15:08:11.568,10626,10627,10626,5
2019-06-24 15:08:11.568,10626,10627,10626,2
2019-06-24 15:08:11.568,10626,10627,10626,1
2019-06-24 15:08:11.568,10626,10627,10626,1
2019-06-24 15:08:11.568,10626,10627,10626,2
2019-06-24 15:08:28.323,10625,10626,10625,1
2019-06-24 15:08:33.798,10625,10626,10625,1
2019-06-24 15:08:34.818,10625,10626,10626,1
2019-06-24 15:08:34.943,10625,10626,10626,1
2019-06-24 15:08:35.188,10625,10626,10626,1
2019-06-24 15:08:53.094,10625,10626,10626,2
2019-06-24 15:08:53.193,10625,10626,10626,3
2019-06-24 15:08:53.193,10625,10626,10626,3
2019-06-24 15:08:53.193,10625,10626,10626,1
2019-06-24 15:09:08.460,10626,10627,10626,1
2019-06-24 15:09:10.940,10626,10627,10627,1
2019-06-24 15:09:28.688,10626,10627,10626,4
2019-06-24 15:09:31.218,10626,10627,10626,1
2019-06-24 15:09:46.123,10626,10627,10626,1
2019-06-24 15:09:47.040,10626,10627,10626,1
2019-06-24 15:09:47.833,10626,10627,10626,1
2019-06-24 15:09:48.487,10626,10627,10626,2
2019-06-24 15:09:51.816,10625,10626,10626,3
2019-06-24 15:10:04.318,10625,10626,10626,3
2019-06-24 15:10:12.560,10626,10627,10626,3
2019-06-24 15:10:19.072,10626,10627,10626,1
2019-06-24 15:10:24.702,10626,10627,10626,1
2019-06-24 15:10:26.430,10626,10627,10626,3
2019-06-24 15:10:27.350,10626,10627,10626,1
2019-06-24 15:10:27.802,10625,10627,10627,4
2019-06-24 15:10:29.323,10626,10627,10626,1
2019-06-24 15:10:51.123,10626,10627,10626,1
2019-06-24 15:10:52.891,10625,10626,10626,1
2019-06-24 15:11:12.821,10625,10626,10625,5
2019-06-24 15:11:14.810,10625,10626,10626,1
2019-06-24 15:11:18.929,10625,10626,10625,1
2019-06-24 15:11:21.160,10625,10626,10625,5
2019-06-24 15:11:24.146,10625,10626,10625,2
2019-06-24 15:11:24.586,10625,10626,10625,5
2019-06-24 15:11:25.387,10625,10626,10625,1
2019-06-24 15:11:27.518,10625,10626,10625,3
2019-06-24 15:11:32.328,10625,10626,10625,1
2019-06-24 15:11:35.106,10625,10626,10625,2
2019-06-24 15:11:50.326,10624,10625,10624,4
2019-06-24 15:11:50.463,10624,10625,10624,1
2019-06-24 15:11:59.033,10624,10625,10624,5
2019-06-24 15:12:02.998,10623,10624,10624,1
2019-06-24 15:12:06.553,10623,10624,10623,1
2019-06-24 15:12:17.072,10623,10624,10624,3
2019-06-24 15:12:18.181,10623,10624,10624,1
2019-06-24 15:12:18.193,10623,10624,10624,2
2019-06-24 15:12:19.917,10623,10624,10624,3
2019-06-24 15:12:25.717,10623,10624,10624,1
2019-06-24 15:12:25.717,10623,10624,10625,2
2019-06-24 15:12:27.787,10623,10624,10624,1
2019-06-24 15:12:41.929,10624,10625,10624,2
2019-06-24 15:12:51.167,10624,10625,10624,1
2019-06-24 15:13:35.539,10623,10624,10623,1
2019-06-24 15:13:45.021,10623,10624,10624,3
2019-06-24 15:13:56.735,10623,10624,10623,10
2019-06-24 15:13:58.298,10623,10624,10624,1
2019-06-24 15:14:02.342,10623,10624,10624,1
2019-06-24 15:14:05.732,10623,10624,10624,2
2019-06-24 15:14:09.582,10623,10624,10624,5
2019-06-24 15:14:19.450,10623,10624,10624,2
2019-06-24 15:14:20.554,10623,10624,10624,2
2019-06-24 15:14:22.281,10623,10624,10624,1
2019-06-24 15:14:40.125,10623,10624,10624,1
2019-06-24 15:15:15.790,10623,10624,10623,5
2019-06-24 15:15:42.055,10623,10624,10623,7
2019-06-24 15:15:44.030,10623,10624,10623,5
2019-06-24 15:15:44.486,10623,10624,10623,2
2019-06-24 15:15:45.891,10623,10624,10623,1
2019-06-24 15:15:47.531,10623,10624,10623,1
2019-06-24 15:15:47.568,10623,10624,10623,1
2019-06-24 15:15:51.049,10623,10624,10623,1
2019-06-24 15:15:59.485,10623,10624,10624,1
2019-06-24 15:16:03.602,10623,10624,10624,17
2019-06-24 15:16:27.393,10624,10625,10624,1
2019-06-24 15:16:29.067,10624,10625,10624,5
2019-06-24 15:17:00.846,10623,10624,10624,1
2019-06-24 15:17:02.646,10623,10624,10624,5
2019-06-24 15:17:15.480,10623,10624,10624,1
2019-06-24 15:17:20.019,10623,10624,10624,5
2019-06-24 15:17:34.003,10624,10625,10625,5
2019-06-24 15:17:34.010,10624,10625,10625,10
2019-06-24 15:17:40.848,10625,10626,10626,1
2019-06-24 15:17:54.527,10625,10626,10626,15
2019-06-24 15:18:03.884,10625,10626,10626,1
2019-06-24 15:18:11.098,10625,10626,10626,1
2019-06-24 15:18:12.377,10625,10626,10626,1
2019-06-24 15:18:15.095,10625,10626,10626,1
2019-06-24 15:18:23.362,10625,10626,10626,1
2019-06-24 15:18:32.269,10625,10626,10626,2
2019-06-24 15:18:38.328,10625,10626,10626,1
2019-06-24 15:18:41.862,10625,10626,10626,5
2019-06-24 15:18:46.436,10625,10626,10626,1
2019-06-24 15:19:02.626,10625,10626,10626,1
2019-06-24 15:19:07.808,10625,10626,10626,1
2019-06-24 15:19:27.109,10625,10626,10625,3
2019-06-24 15:19:28.599,10625,10626,10625,1
2019-06-24 15:19:34.553,10625,10626,10625,1
2019-06-24 15:19:37.932,10625,10626,10625,1
2019-06-24 15:19:37.943,10625,10626,10625,1
2019-06-24 15:19:42.759,10624,10625,10625,1
2019-06-24 15:19:43.191,10624,10625,10625,1
2019-06-24 15:19:58.811,10624,10625,10624,1
2019-06-24 15:20:50.814,10624,10625,10624,1
2019-06-24 15:20:51.683,10624,10625,10625,1
2019-06-24 15:21:11.988,10624,10625,10624,1
2019-06-24 15:21:13.058,10624,10625,10624,12
2019-06-24 15:21:16.193,10623,10624,10623,3
2019-06-24 15:21:16.318,10623,10624,10623,12
2019-06-24 15:21:19.715,10622,10623,10622,1
2019-06-24 15:21:19.918,10622,10623,10622,1
2019-06-24 15:21:34.480,10622,10623,10622,1
2019-06-24 15:21:37.364,10622,10623,10622,1
2019-06-24 15:21:51.033,10622,10623,10623,4
2019-06-24 15:21:53.527,10622,10623,10622,1
2019-06-24 15:21:57.644,10622,10623,10622,4
2019-06-24 15:21:59.649,10622,10623,10622,9
2019-06-24 15:22:04.091,10622,10623,10622,1
2019-06-24 15:22:06.561,10622,10623,10622,1
2019-06-24 15:22:09.694,10622,10623,10622,1
2019-06-24 15:22:10.297,10622,10623,10622,1
2019-06-24 15:22:11.289,10622,10623,10623,1
2019-06-24 15:22:11.927,10622,10623,10622,5
2019-06-24 15:22:29.644,10622,10623,10622,5
2019-06-24 15:22:35.747,10622,10623,10622,1
2019-06-24 15:22:42.336,10622,10623,10622,5
2019-06-24 15:22:44.381,10622,10623,10622,1
2019-06-24 15:22:48.650,10622,10623,10622,1
2019-06-24 15:22:48.787,10622,10623,10622,1
2019-06-24 15:22:49.500,10622,10623,10622,4
2019-06-24 15:22:52.916,10621,10622,10622,1
2019-06-24 15:23:01.270,10621,10622,10622,1
2019-06-24 15:23:02.704,10621,10622,10621,4
2019-06-24 15:23:03.055,10621,10622,10621,1
2019-06-24 15:23:07.786,10621,10622,10621,15
2019-06-24 15:23:18.485,10621,10622,10621,19
2019-06-24 15:23:19.069,10620,10621,10621,1
2019-06-24 15:23:34.725,10621,10622,10621,7
2019-06-24 15:23:35.524,10621,10622,10621,1
2019-06-24 15:23:41.447,10621,10622,10621,2
2019-06-24 15:23:41.657,10620,10622,10620,1
2019-06-24 15:23:43.761,10621,10622,10621,1
2019-06-24 15:23:47.121,10621,10622,10621,1
2019-06-24 15:23:49.043,10621,10622,10621,2
2019-06-24 15:23:51.626,10621,10622,10621,1
2019-06-24 15:23:55.612,10621,10622,10621,1
2019-06-24 15:24:02.347,10621,10622,10622,1
2019-06-24 15:24:54.266,10621,10622,10622,1
2019-06-24 15:24:58.702,10621,10622,10622,1
2019-06-24 15:25:01.767,10621,10622,10621,8
2019-06-24 15:25:10.032,10621,10622,10621,1
2019-06-24 15:25:10.291,10621,10622,10621,1
2019-06-24 15:25:10.292,10621,10622,10621,1
2019-06-24 15:25:14.526,10621,10622,10622,1
2019-06-24 15:25:32.756,10621,10622,10621,7
2019-06-24 15:25:46.034,10621,10622,10621,1
2019-06-24 15:25:59.045,10621,10622,10622,1
2019-06-24 15:26:05.042,10621,10622,10621,3
2019-06-24 15:26:10.189,10621,10622,10621,1
2019-06-24 15:26:19.691,10621,10622,10621,2
2019-06-24 15:26:23.344,10621,10622,10622,1
2019-06-24 15:26:23.543,10621,10622,10622,1
2019-06-24 15:26:23.758,10621,10622,10622,1
2019-06-24 15:26:25.922,10621,10622,10622,1
2019-06-24 15:26:26.399,10621,10622,10622,1
2019-06-24 15:26:27.406,10621,10622,10622,1
2019-06-24 15:26:28.185,10621,10622,10622,1
2019-06-24 15:26:28.558,10621,10622,10622,1
2019-06-24 15:26:29.538,10621,10622,10622,1
2019-06-24 15:26:29.883,10621,10622,10622,1
2019-06-24 15:26:30.683,10621,10622,10622,1
2019-06-24 15:26:31.135,10621,10622,10622,1
2019-06-24 15:26:31.753,10621,10622,10622,1
2019-06-24 15:26:32.340,10621,10622,10622,1
2019-06-24 15:26:32.799,10621,10622,10622,1
2019-06-24 15:26:32.972,10621,10623,10623,1
2019-06-24 15:26:33.698,10622,10623,10623,1
2019-06-24 15:26:34.119,10622,10623,10623,1
2019-06-24 15:26:34.986,10622,10623,10623,1
2019-06-24 15:26:40.610,10622,10623,10622,1
2019-06-24 15:26:51.376,10621,10622,10622,1
2019-06-24 15:26:55.734,10621,10622,10622,1
2019-06-24 15:27:08.514,10621,10622,10621,1
2019-06-24 15:27:13.693,10621,10622,10621,1
2019-06-24 15:27:16.978,10621,10622,10622,1
2019-06-24 15:27:26.376,10621,10622,10622,1
2019-06-24 15:27:26.939,10621,10622,10622,1
2019-06-24 15:27:34.314,10621,10622,10622,1
2019-06-24 15:28:05.169,10621,10622,10622,1
2019-06-24 15:28:07.584,10621,10622,10622,5
2019-06-24 15:28:19.306,10621,10622,10622,2
2019-06-24 15:28:34.687,10621,10622,10622,2
2019-06-24 15:29:24.723,10622,10623,10622,1
2019-06-24 15:29:28.480,10622,10623,10622,1
2019-06-24 15:29:41.926,10622,10623,10623,1
2019-06-24 15:30:00.257,10622,10623,10623,1
2019-06-24 15:30:01.071,10622,10623,10623,2
2019-06-24 15:30:01.195,10622,10623,10622,1
2019-06-24 15:30:02.859,10622,10623,10622,1
2019-06-24 15:30:03.379,10622,10623,10623,1
2019-06-24 15:30:29.132,10622,10623,10623,1
2019-06-24 15:30:51.282,10622,10623,10623,1
2019-06-24 15:30:53.962,10622,10623,10623,1
2019-06-24 15:30:57.910,10622,10623,10623,1
2019-06-24 15:31:04.492,10622,10623,10622,9
2019-06-24 15:31:04.568,10622,10623,10622,8
2019-06-24 15:31:04.568,10622,10623,10622,3
2019-06-24 15:31:04.997,10621,10622,10622,1
2019-06-24 15:31:08.443,10621,10622,10621,2
2019-06-24 15:31:08.568,10621,10622,10621,1
2019-06-24 15:31:08.568,10621,10622,10621,1
2019-06-24 15:31:08.568,10621,10622,10621,3
2019-06-24 15:31:08.568,10621,10622,10621,1
2019-06-24 15:31:08.568,10621,10622,10621,1
2019-06-24 15:31:08.568,10621,10622,10621,1
2019-06-24 15:31:08.568,10621,10622,10621,2
2019-06-24 15:31:20.916,10620,10621,10621,1
2019-06-24 15:31:24.067,10620,10621,10621,3
2019-06-24 15:31:24.068,10620,10621,10621,1
2019-06-24 15:31:34.226,10620,10621,10621,1
2019-06-24 15:31:37.269,10620,10621,10621,1
2019-06-24 15:31:49.205,10621,10622,10621,1
2019-06-24 15:31:52.787,10621,10622,10621,1
2019-06-24 15:32:08.986,10621,10622,10621,1
2019-06-24 15:32:20.318,10621,10622,10621,1
2019-06-24 15:32:35.855,10621,10622,10621,1
2019-06-24 15:32:56.793,10621,10622,10622,10
2019-06-24 15:33:14.971,10621,10622,10621,1
2019-06-24 15:33:15.068,10621,10622,10621,3
2019-06-24 15:33:15.068,10621,10622,10621,1
2019-06-24 15:33:15.193,10621,10622,10621,1
2019-06-24 15:33:15.193,10621,10622,10621,1
2019-06-24 15:33:15.194,10621,10622,10621,1
2019-06-24 15:33:24.294,10620,10621,10621,1
2019-06-24 15:33:24.572,10620,10621,10621,1
2019-06-24 15:33:24.591,10620,10621,10621,1
2019-06-24 15:33:28.533,10620,10621,10620,44
2019-06-24 15:33:28.673,10619,10620,10620,1
2019-06-24 15:33:28.818,10619,10620,10619,1
2019-06-24 15:33:28.986,10619,10620,10619,1
2019-06-24 15:33:30.763,10619,10620,10620,1
2019-06-24 15:33:30.806,10619,10620,10619,2
2019-06-24 15:33:45.086,10619,10620,10619,1
2019-06-24 15:33:46.520,10619,10620,10619,1
2019-06-24 15:33:46.885,10619,10620,10620,11
2019-06-24 15:33:51.990,10619,10620,10620,11
2019-06-24 15:34:05.215,10619,10620,10619,1
2019-06-24 15:34:19.260,10619,10620,10619,1
2019-06-24 15:34:29.100,10619,10620,10620,10
2019-06-24 15:34:29.430,10619,10620,10619,1
2019-06-24 15:34:30.943,10619,10620,10620,3
2019-06-24 15:34:34.060,10619,10620,10620,1
2019-06-24 15:34:37.028,10619,10620,10619,1
2019-06-24 15:34:50.575,10619,10620,10619,1
2019-06-24 15:35:03.572,10619,10620,10619,16
2019-06-24 15:35:06.583,10619,10620,10619,1
2019-06-24 15:35:07.412,10619,10620,10619,1
2019-06-24 15:35:18.784,10618,10619,10619,1
2019-06-24 15:35:23.060,10618,10619,10618,1
2019-06-24 15:35:23.234,10618,10619,10618,1
2019-06-24 15:35:29.227,10618,10619,10618,1
2019-06-24 15:35:38.816,10618,10619,10618,1
2019-06-24 15:35:40.892,10618,10619,10618,45
2019-06-24 15:35:40.943,10618,10619,10618,3
2019-06-24 15:35:40.943,10618,10619,10618,1
2019-06-24 15:35:40.943,10618,10619,10618,2
2019-06-24 15:35:40.943,10618,10619,10618,1
2019-06-24 15:35:47.724,10617,10618,10618,1
2019-06-24 15:35:50.236,10617,10618,10618,1
2019-06-24 15:35:58.107,10617,10618,10617,8
2019-06-24 15:35:58.261,10617,10618,10617,2
2019-06-24 15:35:58.301,10617,10618,10617,1
2019-06-24 15:35:58.331,10617,10618,10617,1
2019-06-24 15:35:58.331,10617,10618,10616,3
2019-06-24 15:35:58.347,10617,10618,10616,4
2019-06-24 15:35:58.374,10617,10618,10616,4
2019-06-24 15:35:58.395,10617,10618,10616,4
2019-06-24 15:35:58.422,10617,10618,10616,4
2019-06-24 15:35:58.473,10616,10617,10616,4
2019-06-24 15:35:58.530,10616,10617,10616,4
2019-06-24 15:35:58.530,10616,10617,10616,1
2019-06-24 15:35:58.530,10616,10617,10616,1
2019-06-24 15:35:58.539,10616,10617,10615,5
2019-06-24 15:35:58.543,10616,10617,10615,2
2019-06-24 15:35:58.568,10615,10617,10616,2
2019-06-24 15:35:58.639,10615,10617,10615,5
2019-06-24 15:35:58.669,10615,10617,10615,1
2019-06-24 15:35:58.670,10615,10617,10615,1
2019-06-24 15:35:58.701,10615,10617,10615,1
2019-06-24 15:35:58.719,10615,10617,10615,1
2019-06-24 15:35:58.741,10615,10617,10615,2
2019-06-24 15:35:58.798,10615,10617,10615,1
2019-06-24 15:35:58.890,10615,10616,10615,1
2019-06-24 15:35:58.982,10615,10616,10615,1
2019-06-24 15:35:59.461,10615,10616,10615,1
2019-06-24 15:35:59.597,10615,10616,10615,1
2019-06-24 15:35:59.597,10615,10616,10615,1
2019-06-24 15:35:59.598,10615,10616,10615,1
2019-06-24 15:35:59.598,10615,10616,10615,1
2019-06-24 15:36:00.955,10615,10617,10615,1
2019-06-24 15:36:00.973,10615,10617,10615,1
2019-06-24 15:36:00.990,10615,10617,10615,1
2019-06-24 15:36:01.010,10615,10617,10615,1
2019-06-24 15:36:01.055,10615,10617,10615,1
2019-06-24 15:36:04.447,10615,10617,10615,2
2019-06-24 15:36:05.166,10615,10617,10615,1
2019-06-24 15:36:09.056,10615,10616,10616,1
2019-06-24 15:36:09.670,10615,10616,10615,1
2019-06-24 15:36:10.580,10615,10616,10615,1
2019-06-24 15:36:12.426,10615,10616,10615,1
2019-06-24 15:36:15.833,10615,10616,10615,1
2019-06-24 15:36:22.056,10615,10616,10615,7
2019-06-24 15:36:25.501,10615,10616,10615,1
2019-06-24 15:36:26.541,10615,10616,10615,1
2019-06-24 15:36:28.700,10615,10616,10615,3
2019-06-24 15:36:28.784,10615,10616,10615,1
2019-06-24 15:36:31.983,10615,10616,10615,2
2019-06-24 15:36:36.047,10615,10616,10615,1
2019-06-24 15:36:38.464,10615,10616,10615,1
2019-06-24 15:36:39.239,10615,10616,10615,1
2019-06-24 15:36:42.309,10615,10616,10615,1
2019-06-24 15:36:42.661,10615,10616,10615,2
2019-06-24 15:36:47.545,10615,10616,10615,1
2019-06-24 15:36:47.612,10615,10616,10615,4
2019-06-24 15:36:47.693,10615,10616,10615,1
2019-06-24 15:36:47.693,10615,10616,10615,10
2019-06-24 15:36:51.068,10614,10615,10615,2
2019-06-24 15:36:51.554,10615,10616,10615,1
2019-06-24 15:36:54.666,10615,10616,10615,1
2019-06-24 15:36:59.826,10615,10616,10615,1
2019-06-24 15:37:01.480,10615,10616,10615,2
2019-06-24 15:37:02.464,10615,10616,10615,1
2019-06-24 15:37:02.471,10615,10616,10615,1
2019-06-24 15:37:04.417,10614,10615,10615,1
2019-06-24 15:37:17.123,10614,10615,10614,1
2019-06-24 15:37:17.296,10614,10615,10614,1
2019-06-24 15:37:17.995,10614,10615,10614,1
2019-06-24 15:37:18.067,10614,10615,10614,2
2019-06-24 15:37:18.635,10614,10615,10614,1
2019-06-24 15:37:18.682,10614,10615,10613,1
2019-06-24 15:37:18.749,10613,10615,10613,1
2019-06-24 15:37:18.751,10613,10615,10613,1
2019-06-24 15:37:18.811,10613,10615,10613,1
2019-06-24 15:37:18.847,10613,10614,10613,2
2019-06-24 15:37:19.239,10613,10614,10613,1
2019-06-24 15:37:19.251,10613,10614,10613,1
2019-06-24 15:37:22.122,10613,10614,10613,1
2019-06-24 15:37:24.905,10613,10614,10613,6
2019-06-24 15:37:25.245,10613,10614,10613,1
2019-06-24 15:37:33.044,10612,10613,10612,1
2019-06-24 15:37:33.092,10612,10613,10612,40
2019-06-24 15:37:33.092,10612,10613,10611,5
2019-06-24 15:37:33.099,10612,10613,10611,45
2019-06-24 15:37:33.182,10612,10613,10611,1
2019-06-24 15:37:33.215,10611,10612,10611,1
2019-06-24 15:37:33.413,10611,10612,10611,1
2019-06-24 15:37:33.445,10611,10612,10611,4
2019-06-24 15:37:33.729,10611,10612,10611,1
2019-06-24 15:37:35.400,10611,10612,10612,1
2019-06-24 15:37:35.445,10611,10612,10611,3
2019-06-24 15:37:35.551,10611,10612,10612,1
2019-06-24 15:37:36.129,10611,10612,10611,1
2019-06-24 15:37:36.603,10611,10612,10611,1
2019-06-24 15:37:36.749,10611,10612,10612,20
2019-06-24 15:37:39.556,10611,10612,10611,1
2019-06-24 15:37:40.164,10611,10612,10612,2
2019-06-24 15:37:41.595,10611,10612,10612,1
2019-06-24 15:37:42.067,10611,10612,10612,1
2019-06-24 15:37:43.944,10612,10613,10612,2
2019-06-24 15:37:44.623,10612,10613,10612,1
2019-06-24 15:37:49.409,10612,10613,10612,1
2019-06-24 15:37:51.976,10612,10613,10612,1
2019-06-24 15:37:53.440,10612,10613,10612,1
2019-06-24 15:37:53.964,10612,10613,10612,1
2019-06-24 15:37:54.462,10612,10613,10612,1
2019-06-24 15:37:54.864,10612,10613,10613,1
2019-06-24 15:38:02.234,10612,10613,10612,1
2019-06-24 15:38:04.258,10612,10613,10612,3
2019-06-24 15:38:04.875,10612,10613,10612,6
2019-06-24 15:38:07.119,10612,10613,10612,1
2019-06-24 15:38:07.646,10612,10613,10612,1
2019-06-24 15:38:08.212,10612,10613,10612,1
2019-06-24 15:38:08.454,10612,10613,10612,1
2019-06-24 15:38:09.496,10612,10613,10612,2
2019-06-24 15:38:12.026,10612,10613,10612,2
2019-06-24 15:38:13.621,10612,10613,10612,1
2019-06-24 15:38:15.423,10612,10613,10613,1
2019-06-24 15:38:15.936,10612,10613,10612,2
2019-06-24 15:38:33.778,10612,10613,10612,1
2019-06-24 15:38:33.818,10612,10613,10613,17
2019-06-24 15:38:34.154,10613,10614,10613,6
2019-06-24 15:38:41.320,10613,10614,10613,1
2019-06-24 15:38:46.481,10613,10614,10614,1
2019-06-24 15:38:52.092,10613,10614,10614,2
2019-06-24 15:38:52.097,10613,10614,10614,1
2019-06-24 15:38:52.193,10613,10614,10614,8
2019-06-24 15:38:52.929,10614,10615,10614,1
2019-06-24 15:38:53.112,10613,10615,10613,8
2019-06-24 15:39:04.293,10613,10615,10613,8
2019-06-24 15:39:12.986,10613,10614,10614,1
2019-06-24 15:39:16.161,10613,10614,10614,1
2019-06-24 15:39:29.215,10614,10615,10615,1
2019-06-24 15:39:34.793,10614,10615,10615,1
2019-06-24 15:39:35.390,10614,10615,10615,5
2019-06-24 15:39:35.988,10614,10615,10615,1
2019-06-24 15:39:38.817,10614,10615,10614,1
2019-06-24 15:39:46.087,10614,10615,10614,1
2019-06-24 15:39:46.440,10614,10615,10615,2
2019-06-24 15:39:47.970,10614,10615,10615,1
2019-06-24 15:39:49.401,10614,10615,10615,1
2019-06-24 15:39:53.944,10614,10615,10614,1
2019-06-24 15:39:55.220,10614,10615,10615,1
2019-06-24 15:39:56.713,10614,10615,10615,2
2019-06-24 15:39:57.606,10614,10615,10615,1
2019-06-24 15:40:04.916,10614,10615,10615,12
2019-06-24 15:40:04.925,10614,10615,10614,5
2019-06-24 15:40:09.362,10614,10615,10614,1
2019-06-24 15:40:14.539,10614,10615,10614,1
2019-06-24 15:40:15.691,10614,10615,10614,20
2019-06-24 15:40:22.832,10613,10614,10613,1
2019-06-24 15:40:23.603,10613,10614,10614,1
2019-06-24 15:40:24.257,10613,10614,10613,5
2019-06-24 15:40:24.660,10613,10614,10614,1
2019-06-24 15:40:32.897,10613,10614,10614,3
2019-06-24 15:40:33.906,10613,10614,10613,1
2019-06-24 15:40:35.068,10613,10614,10613,1
2019-06-24 15:40:37.786,10613,10614,10613,1
2019-06-24 15:40:37.911,10613,10614,10613,1
2019-06-24 15:40:38.085,10613,10614,10613,1
2019-06-24 15:40:39.385,10613,10614,10613,1
2019-06-24 15:40:39.811,10613,10614,10613,1
2019-06-24 15:40:41.173,10613,10614,10613,1
2019-06-24 15:40:42.207,10613,10614,10613,5
2019-06-24 15:40:42.318,10613,10614,10613,2
2019-06-24 15:40:44.602,10612,10613,10613,3
2019-06-24 15:40:50.128,10613,10614,10613,1
2019-06-24 15:40:54.589,10612,10613,10613,1
2019-06-24 15:40:58.416,10612,10613,10613,1
2019-06-24 15:41:02.814,10612,10613,10613,4
2019-06-24 15:41:03.410,10612,10613,10613,1
2019-06-24 15:41:05.839,10612,10613,10613,1
2019-06-24 15:41:06.666,10612,10613,10613,1
2019-06-24 15:41:07.256,10612,10613,10613,4
2019-06-24 15:41:08.453,10612,10613,10613,1
2019-06-24 15:41:08.568,10612,10613,10613,1
2019-06-24 15:41:17.734,10613,10614,10613,1
2019-06-24 15:41:34.577,10613,10614,10613,1
2019-06-24 15:41:34.962,10613,10614,10614,1
2019-06-24 15:41:35.983,10613,10614,10613,1
2019-06-24 15:41:41.022,10613,10614,10613,1
2019-06-24 15:41:52.200,10613,10614,10613,1
2019-06-24 15:41:54.793,10613,10614,10613,2
2019-06-24 15:41:54.794,10613,10614,10613,1
2019-06-24 15:42:00.811,10612,10613,10613,1
2019-06-24 15:42:06.878,10612,10613,10613,1
2019-06-24 15:42:07.603,10612,10613,10612,1
2019-06-24 15:42:13.385,10612,10613,10613,1
2019-06-24 15:42:14.891,10612,10613,10612,1
2019-06-24 15:42:18.893,10612,10613,10613,1
2019-06-24 15:42:20.083,10612,10613,10612,2
2019-06-24 15:42:20.184,10612,10613,10612,1
2019-06-24 15:42:21.525,10612,10613,10613,1
2019-06-24 15:42:30.968,10612,10613,10613,1
2019-06-24 15:42:31.722,10612,10613,10613,1
2019-06-24 15:42:32.814,10612,10613,10612,17
2019-06-24 15:42:34.021,10611,10612,10612,1
2019-06-24 15:42:35.118,10611,10612,10612,1
2019-06-24 15:42:37.752,10611,10612,10611,2
2019-06-24 15:42:38.323,10611,10612,10612,1
2019-06-24 15:42:41.519,10611,10612,10611,1
2019-06-24 15:42:42.495,10611,10612,10612,1
2019-06-24 15:42:51.934,10611,10612,10612,1
2019-06-24 15:42:54.087,10611,10612,10612,2
2019-06-24 15:43:00.454,10611,10612,10612,1
2019-06-24 15:43:02.766,10611,10612,10612,1
2019-06-24 15:43:05.031,10611,10612,10611,1
2019-06-24 15:43:05.820,10611,10612,10611,3
2019-06-24 15:43:05.977,10611,10612,10612,1
2019-06-24 15:43:15.893,10611,10612,10611,3
2019-06-24 15:43:20.534,10611,10612,10611,1
2019-06-24 15:43:24.917,10611,10612,10611,2
2019-06-24 15:43:34.276,10611,10612,10611,1
2019-06-24 15:43:34.661,10611,10612,10611,5
2019-06-24 15:43:35.879,10611,10612,10611,2
2019-06-24 15:43:36.996,10611,10612,10611,1
2019-06-24 15:43:41.370,10611,10612,10611,1
2019-06-24 15:43:47.215,10611,10612,10611,3
2019-06-24 15:43:47.215,10611,10612,10611,1
2019-06-24 15:43:47.218,10611,10612,10611,3
2019-06-24 15:43:47.218,10611,10612,10611,2
2019-06-24 15:43:47.374,10611,10612,10611,1
2019-06-24 15:43:52.850,10611,10612,10611,1
2019-06-24 15:43:53.666,10611,10612,10611,5
2019-06-24 15:43:56.983,10611,10612,10611,4
2019-06-24 15:44:01.588,10611,10612,10611,1
2019-06-24 15:44:02.046,10611,10612,10611,2
2019-06-24 15:44:02.395,10611,10612,10611,1
2019-06-24 15:44:03.108,10610,10612,10610,1
2019-06-24 15:44:03.217,10610,10612,10610,1
2019-06-24 15:44:03.226,10610,10612,10610,1
2019-06-24 15:44:03.257,10610,10612,10610,1
2019-06-24 15:44:03.897,10610,10611,10610,2
2019-06-24 15:44:05.583,10610,10611,10611,1
2019-06-24 15:44:12.163,10610,10611,10611,3
2019-06-24 15:44:16.020,10610,10611,10611,1
2019-06-24 15:44:16.367,10610,10611,10611,1
2019-06-24 15:44:16.693,10610,10611,10611,5
2019-06-24 15:44:17.588,10611,10612,10611,1
2019-06-24 15:44:24.236,10611,10612,10611,6
2019-06-24 15:44:26.435,10611,10612,10611,2
2019-06-24 15:44:29.306,10611,10612,10611,1
2019-06-24 15:44:33.818,10611,10612,10612,2
2019-06-24 15:44:37.721,10611,10612,10611,1
2019-06-24 15:44:38.314,10611,10612,10612,2
2019-06-24 15:44:42.693,10611,10612,10612,7
2019-06-24 15:44:42.818,10611,10612,10612,2
2019-06-24 15:44:50.592,10612,10613,10613,1
2019-06-24 15:44:54.074,10612,10613,10612,1
2019-06-24 15:44:56.329,10612,10613,10612,1
2019-06-24 15:44:58.214,10612,10613,10612,1
2019-06-24 15:44:59.401,10611,10612,10612,2
2019-06-24 15:45:01.295,10611,10612,10612,1
2019-06-24 15:45:01.478,10611,10612,10612,1
2019-06-24 15:45:01.911,10611,10613,10611,3
2019-06-24 15:45:14.943,10612,10613,10612,3
2019-06-24 15:45:20.339,10611,10612,10612,1
2019-06-24 15:45:22.803,10611,10612,10612,1
2019-06-24 15:45:24.841,10611,10612,10612,1
2019-06-24 15:45:26.504,10611,10612,10612,1
2019-06-24 15:45:37.205,10611,10612,10612,3
2019-06-24 15:45:46.473,10611,10612,10611,10
2019-06-24 15:45:46.473,10611,10612,10611,6
2019-06-24 15:45:46.568,10611,10612,10611,1
2019-06-24 15:45:46.568,10611,10612,10611,17
2019-06-24 15:45:48.186,10610,10611,10611,2
2019-06-24 15:45:48.326,10610,10611,10611,1
2019-06-24 15:45:53.550,10610,10611,10611,1
2019-06-24 15:45:54.754,10610,10611,10611,4
2019-06-24 15:45:57.125,10610,10611,10610,3
2019-06-24 15:45:57.138,10610,10611,10610,1
2019-06-24 15:45:57.142,10610,10611,10610,1
2019-06-24 15:45:57.142,10610,10611,10610,2
2019-06-24 15:45:57.155,10610,10611,10610,3
2019-06-24 15:45:58.717,10610,10611,10610,8
2019-06-24 15:45:58.790,10610,10611,10610,1
2019-06-24 15:46:05.517,10610,10611,10610,1
2019-06-24 15:46:06.525,10610,10611,10610,1
2019-06-24 15:46:10.037,10610,10611,10611,1
2019-06-24 15:46:10.097,10610,10611,10610,1
2019-06-24 15:46:10.098,10610,10611,10610,1
2019-06-24 15:46:10.098,10610,10611,10610,1
2019-06-24 15:46:10.099,10610,10611,10610,1
2019-06-24 15:46:14.769,10610,10611,10610,2
2019-06-24 15:46:14.929,10610,10611,10610,2
2019-06-24 15:46:20.753,10610,10611,10610,1
2019-06-24 15:46:24.369,10610,10611,10610,1
2019-06-24 15:46:24.551,10610,10611,10611,1
2019-06-24 15:46:30.618,10610,10611,10611,2
2019-06-24 15:46:34.554,10610,10611,10610,2
2019-06-24 15:46:35.864,10610,10611,10610,10
2019-06-24 15:46:37.199,10610,10611,10610,1
2019-06-24 15:46:48.465,10610,10611,10610,2
2019-06-24 15:47:04.918,10610,10611,10610,2
2019-06-24 15:47:07.704,10610,10611,10610,1
2019-06-24 15:47:12.504,10610,10611,10611,1
2019-06-24 15:47:12.545,10610,10611,10610,1
2019-06-24 15:47:13.179,10610,10611,10610,1
2019-06-24 15:47:23.440,10610,10611,10610,1
2019-06-24 15:47:39.391,10610,10611,10610,3
2019-06-24 15:47:41.413,10610,10611,10611,5
2019-06-24 15:47:45.830,10610,10611,10611,1
2019-06-24 15:47:51.026,10610,10611,10611,1
2019-06-24 15:47:51.266,10610,10611,10611,2
2019-06-24 15:47:51.348,10610,10611,10611,2
2019-06-24 15:47:51.349,10610,10611,10611,17
2019-06-24 15:47:51.674,10611,10612,10611,1
2019-06-24 15:47:51.791,10611,10612,10612,1
2019-06-24 15:47:53.519,10611,10612,10612,9
2019-06-24 15:48:00.632,10612,10613,10613,1
2019-06-24 15:48:08.252,10612,10613,10613,1
2019-06-24 15:48:11.276,10612,10613,10612,3
2019-06-24 15:48:18.725,10612,10613,10612,1
2019-06-24 15:48:25.555,10612,10613,10612,5
2019-06-24 15:48:31.126,10612,10613,10612,1
2019-06-24 15:48:34.454,10612,10613,10612,1
2019-06-24 15:48:35.446,10612,10613,10612,1
2019-06-24 15:48:43.043,10612,10613,10612,2
2019-06-24 15:48:50.568,10612,10613,10612,1
2019-06-24 15:48:50.982,10612,10613,10612,1
2019-06-24 15:48:52.329,10612,10613,10613,1
2019-06-24 15:49:14.899,10612,10613,10613,1
2019-06-24 15:49:18.725,10612,10613,10613,1
2019-06-24 15:49:21.029,10612,10613,10613,1
2019-06-24 15:49:26.949,10612,10613,10613,1
2019-06-24 15:49:37.773,10612,10613,10613,5
2019-06-24 15:49:49.264,10612,10613,10613,3
2019-06-24 15:49:52.003,10612,10613,10613,1
2019-06-24 15:49:52.068,10612,10613,10613,13
2019-06-24 15:49:52.193,10612,10613,10613,2
2019-06-24 15:49:52.327,10613,10614,10613,3
2019-06-24 15:49:52.327,10613,10614,10612,2
2019-06-24 15:49:57.386,10613,10614,10613,1
2019-06-24 15:49:59.613,10613,10614,10613,2
2019-06-24 15:49:59.943,10612,10613,10613,1
2019-06-24 15:50:07.521,10612,10613,10613,2
2019-06-24 15:50:10.318,10613,10614,10613,1
2019-06-24 15:50:17.447,10613,10614,10614,1
2019-06-24 15:50:17.577,10613,10614,10613,1
2019-06-24 15:50:17.700,10612,10614,10614,1
2019-06-24 15:50:19.653,10612,10613,10613,1
2019-06-24 15:50:21.630,10612,10613,10613,1
2019-06-24 15:50:24.020,10612,10613,10613,1
2019-06-24 15:50:41.853,10613,10614,10613,1
2019-06-24 15:50:42.367,10613,10614,10614,1
2019-06-24 15:50:47.713,10613,10614,10614,1
2019-06-24 15:50:53.832,10613,10614,10614,1
2019-06-24 15:50:56.679,10613,10614,10614,1
2019-06-24 15:50:57.290,10613,10614,10614,6
2019-06-24 15:50:57.318,10613,10614,10614,4
2019-06-24 15:50:57.318,10613,10614,10614,1
2019-06-24 15:50:57.318,10613,10614,10614,2
2019-06-24 15:50:57.318,10613,10614,10614,7
2019-06-24 15:51:25.873,10614,10615,10614,2
2019-06-24 15:51:31.568,10614,10615,10614,5
2019-06-24 15:51:34.031,10614,10615,10614,1
2019-06-24 15:51:41.454,10613,10614,10614,2
2019-06-24 15:51:45.306,10613,10614,10614,1
2019-06-24 15:51:55.171,10613,10614,10614,1
2019-06-24 15:51:55.172,10613,10614,10614,8
2019-06-24 15:51:55.172,10613,10614,10614,1
2019-06-24 15:52:01.175,10614,10615,10615,1
2019-06-24 15:52:32.562,10614,10615,10615,1
2019-06-24 15:52:41.624,10614,10615,10615,2
2019-06-24 15:52:42.792,10614,10615,10615,5
2019-06-24 15:52:42.991,10614,10615,10615,5
2019-06-24 15:52:43.175,10614,10615,10615,1
2019-06-24 15:52:44.238,10614,10615,10614,3
2019-06-24 15:52:51.205,10614,10615,10615,1
2019-06-24 15:52:52.096,10614,10615,10615,1
2019-06-24 15:52:53.969,10614,10615,10615,3
2019-06-24 15:53:12.574,10615,10616,10616,3
2019-06-24 15:53:12.601,10615,10616,10615,1
2019-06-24 15:53:12.683,10615,10616,10615,2
2019-06-24 15:53:18.152,10615,10616,10616,5
2019-06-24 15:53:45.986,10615,10616,10616,1
2019-06-24 15:53:54.545,10615,10616,10615,5
2019-06-24 15:54:02.608,10615,10616,10615,3
2019-06-24 15:54:07.646,10615,10616,10615,11
2019-06-24 15:54:08.855,10614,10615,10614,1
2019-06-24 15:54:10.089,10614,10615,10615,2
2019-06-24 15:54:21.216,10614,10615,10614,3
2019-06-24 15:54:30.707,10614,10615,10614,1
2019-06-24 15:54:33.993,10614,10615,10614,2
2019-06-24 15:54:35.681,10614,10615,10614,1
2019-06-24 15:54:45.796,10614,10615,10614,1
2019-06-24 15:54:45.818,10614,10615,10614,11
2019-06-24 15:55:00.108,10613,10614,10614,5
2019-06-24 15:55:02.297,10613,10614,10613,1
2019-06-24 15:55:03.001,10613,10614,10613,5
2019-06-24 15:55:07.372,10613,10614,10613,1
2019-06-24 15:55:09.914,10613,10614,10613,1
2019-06-24 15:55:09.943,10613,10614,10613,6
2019-06-24 15:55:15.834,10612,10613,10613,3
2019-06-24 15:55:16.441,10612,10613,10613,1
2019-06-24 15:55:25.406,10612,10613,10613,1
2019-06-24 15:55:27.125,10612,10613,10612,1
2019-06-24 15:55:33.278,10612,10613,10612,3
2019-06-24 15:55:36.329,10612,10613,10612,15
2019-06-24 15:55:43.797,10612,10613,10612,1
2019-06-24 15:55:45.572,10612,10613,10612,4
2019-06-24 15:55:45.761,10612,10613,10612,3
2019-06-24 15:55:48.645,10612,10613,10612,1
2019-06-24 15:55:49.284,10612,10613,10612,1
2019-06-24 15:55:53.397,10612,10613,10613,1
2019-06-24 15:55:53.750,10612,10613,10613,1
2019-06-24 15:55:54.909,10612,10613,10613,1
2019-06-24 15:55:58.943,10612,10613,10613,6
2019-06-24 15:56:20.280,10613,10614,10613,5
2019-06-24 15:56:26.120,10613,10614,10613,1
2019-06-24 15:56:26.425,10613,10614,10614,6
2019-06-24 15:56:37.419,10613,10614,10613,2
2019-06-24 15:56:54.528,10613,10614,10613,5
2019-06-24 15:56:56.404,10613,10614,10614,1
2019-06-24 15:56:56.611,10613,10614,10613,14
2019-06-24 15:56:56.619,10613,10614,10613,1
2019-06-24 15:56:58.490,10612,10613,10613,1
2019-06-24 15:57:16.011,10612,10613,10613,1
2019-06-24 15:57:23.197,10613,10614,10613,1
2019-06-24 15:57:23.455,10612,10613,10613,1
2019-06-24 15:57:28.545,10612,10613,10612,1
2019-06-24 15:57:40.240,10612,10613,10613,2
2019-06-24 15:57:46.610,10612,10613,10612,1
2019-06-24 15:57:51.508,10612,10613,10613,1
2019-06-24 15:57:52.070,10612,10613,10613,1
2019-06-24 15:58:05.116,10612,10613,10612,2
2019-06-24 15:58:05.974,10612,10613,10613,1
2019-06-24 15:58:24.287,10612,10613,10612,1
2019-06-24 15:58:26.942,10612,10613,10613,1
2019-06-24 15:58:27.604,10612,10613,10612,1
2019-06-24 15:58:34.317,10612,10613,10612,3
2019-06-24 15:58:41.184,10612,10613,10613,1
2019-06-24 15:58:46.131,10612,10613,10612,3
2019-06-24 15:58:53.847,10612,10613,10613,1
2019-06-24 15:58:54.332,10612,10613,10612,1
2019-06-24 15:59:07.737,10612,10613,10612,1
2019-06-24 15:59:08.831,10612,10613,10613,1
2019-06-24 15:59:12.427,10612,10613,10613,2
2019-06-24 15:59:18.757,10612,10613,10613,2
2019-06-24 15:59:28.418,10612,10613,10612,5
2019-06-24 15:59:28.432,10612,10613,10613,1
2019-06-24 15:59:28.443,10612,10613,10612,7
2019-06-24 15:59:30.279,10611,10612,10611,1
2019-06-24 15:59:35.501,10611,10612,10611,2
2019-06-24 15:59:35.501,10611,10612,10612,1
2019-06-24 15:59:36.145,10611,10612,10611,1
2019-06-24 15:59:37.493,10611,10612,10612,1
2019-06-24 15:59:41.989,10611,10612,10612,1
2019-06-24 15:59:49.127,10611,10612,10612,1
2019-06-24 16:00:00.823,10611,10612,10612,1
2019-06-24 16:00:22.415,10611,10612,10612,1
2019-06-24 16:00:23.024,10611,10612,10611,2
2019-06-24 16:00:25.228,10611,10612,10611,2
2019-06-24 16:00:34.981,10611,10612,10611,1
2019-06-24 16:00:35.335,10611,10612,10611,8
2019-06-24 16:00:35.457,10611,10612,10612,4
2019-06-24 16:00:35.457,10611,10612,10612,2
2019-06-24 16:00:35.457,10611,10612,10612,2
2019-06-24 16:00:35.611,10611,10612,10612,1
2019-06-24 16:00:35.611,10611,10612,10612,1
2019-06-24 16:00:35.611,10611,10612,10612,1
2019-06-24 16:00:35.611,10611,10612,10612,2
2019-06-24 16:00:37.146,10612,10613,10612,9
2019-06-24 16:00:43.031,10612,10613,10613,1
2019-06-24 16:00:43.975,10612,10613,10613,1
2019-06-24 16:00:52.186,10612,10613,10613,1
2019-06-24 16:01:07.577,10612,10613,10613,1
2019-06-24 16:01:18.704,10612,10613,10612,8
2019-06-24 16:01:24.448,10611,10612,10612,1
2019-06-24 16:01:24.678,10611,10612,10612,12
2019-06-24 16:01:24.679,10611,10612,10612,5
2019-06-24 16:01:24.679,10611,10612,10612,3
2019-06-24 16:02:03.520,10612,10613,10613,1
2019-06-24 16:02:04.999,10612,10613,10613,1
2019-06-24 16:02:12.015,10612,10613,10612,5
2019-06-24 16:02:26.618,10612,10613,10612,2
2019-06-24 16:02:28.139,10612,10613,10612,4
2019-06-24 16:02:35.833,10611,10612,10612,1
2019-06-24 16:02:40.175,10611,10612,10612,1
2019-06-24 16:02:40.581,10611,10612,10612,1
2019-06-24 16:02:42.199,10611,10612,10611,5
2019-06-24 16:02:47.600,10611,10612,10612,1
2019-06-24 16:02:48.068,10611,10612,10611,8
2019-06-24 16:02:48.193,10611,10612,10611,12
2019-06-24 16:02:51.103,10610,10611,10611,1
2019-06-24 16:02:57.424,10610,10611,10610,5
2019-06-24 16:02:57.535,10610,10611,10610,1
2019-06-24 16:02:57.907,10610,10611,10610,1
2019-06-24 16:02:57.951,10610,10611,10610,1
2019-06-24 16:02:58.462,10610,10611,10610,3
2019-06-24 16:02:58.570,10610,10611,10610,14
2019-06-24 16:03:02.106,10609,10610,10610,1
2019-06-24 16:03:09.345,10609,10610,10610,1
2019-06-24 16:03:10.545,10609,10610,10610,1
2019-06-24 16:03:15.814,10609,10610,10610,3
2019-06-24 16:03:17.369,10609,10610,10610,1
2019-06-24 16:03:19.257,10609,10610,10609,1
2019-06-24 16:03:19.364,10609,10610,10609,1
2019-06-24 16:03:19.426,10609,10610,10609,1
2019-06-24 16:03:19.446,10609,10610,10609,1
2019-06-24 16:03:19.447,10609,10610,10609,28
2019-06-24 16:03:19.570,10608,10609,10608,14
2019-06-24 16:03:19.577,10608,10609,10608,1
2019-06-24 16:03:19.695,10608,10609,10608,1
2019-06-24 16:03:19.844,10608,10609,10608,1
2019-06-24 16:03:20.995,10608,10609,10608,4
2019-06-24 16:03:21.005,10608,10609,10608,3
2019-06-24 16:03:21.009,10608,10609,10608,4
2019-06-24 16:03:21.014,10608,10609,10608,1
2019-06-24 16:03:21.077,10608,10609,10608,6
2019-06-24 16:03:21.192,10608,10609,10608,1
2019-06-24 16:03:21.195,10608,10609,10608,2
2019-06-24 16:03:21.203,10608,10609,10608,1
2019-06-24 16:03:21.206,10608,10609,10608,1
2019-06-24 16:03:21.215,10608,10609,10608,2
2019-06-24 16:03:21.251,10608,10609,10608,2
2019-06-24 16:03:21.279,10608,10609,10608,1
2019-06-24 16:03:21.280,10608,10609,10608,3
2019-06-24 16:03:21.370,10608,10609,10608,5
2019-06-24 16:03:21.373,10608,10609,10608,1
2019-06-24 16:03:21.374,10608,10609,10608,1
2019-06-24 16:03:21.374,10608,10609,10607,1
2019-06-24 16:03:21.376,10608,10609,10607,2
2019-06-24 16:03:21.382,10608,10609,10607,1
2019-06-24 16:03:21.402,10608,10609,10608,2
2019-06-24 16:03:21.426,10608,10609,10607,1
2019-06-24 16:03:21.550,10608,10609,10607,1
2019-06-24 16:03:21.588,10607,10608,10607,1
2019-06-24 16:03:21.794,10607,10608,10607,5
2019-06-24 16:03:22.966,10607,10608,10607,1
2019-06-24 16:03:23.864,10607,10608,10608,3
2019-06-24 16:03:24.086,10607,10608,10607,1
2019-06-24 16:03:24.122,10607,10608,10608,1
2019-06-24 16:03:24.193,10607,10608,10608,1
2019-06-24 16:03:24.609,10607,10609,10607,1
2019-06-24 16:03:26.548,10607,10608,10608,2
2019-06-24 16:03:28.079,10607,10609,10607,1
2019-06-24 16:03:28.299,10607,10609,10607,5
2019-06-24 16:03:28.712,10607,10608,10608,1
2019-06-24 16:03:30.872,10607,10608,10608,1
2019-06-24 16:03:32.487,10607,10608,10608,1
2019-06-24 16:03:32.780,10608,10609,10608,1
2019-06-24 16:03:35.817,10608,10609,10609,1
2019-06-24 16:03:37.968,10609,10610,10610,1
2019-06-24 16:03:41.212,10609,10610,10610,1
2019-06-24 16:03:42.361,10609,10610,10609,1
2019-06-24 16:04:02.777,10609,10610,10609,5
2019-06-24 16:04:03.632,10609,10610,10609,3
2019-06-24 16:04:10.568,10609,10610,10610,9
2019-06-24 16:04:11.512,10610,10611,10610,1
2019-06-24 16:04:12.078,10610,10611,10610,4
2019-06-24 16:04:25.138,10609,10610,10610,1
2019-06-24 16:04:26.134,10609,10610,10610,1
2019-06-24 16:04:30.356,10610,10611,10610,1
2019-06-24 16:04:34.051,10610,10611,10611,1
2019-06-24 16:04:44.330,10610,10611,10610,2
2019-06-24 16:04:45.748,10610,10611,10610,6
2019-06-24 16:04:45.818,10610,10611,10610,4
2019-06-24 16:04:46.774,10609,10610,10610,1
2019-06-24 16:04:52.204,10609,10610,10610,1
2019-06-24 16:04:56.165,10609,10610,10610,1
2019-06-24 16:04:59.624,10609,10610,10609,1
2019-06-24 16:05:01.749,10609,10610,10609,1
2019-06-24 16:05:08.137,10609,10610,10609,3
2019-06-24 16:05:08.353,10608,10609,10609,1
2019-06-24 16:05:12.162,10608,10609,10608,1
2019-06-24 16:05:12.222,10608,10609,10609,1
2019-06-24 16:05:33.013,10608,10609,10609,2
2019-06-24 16:05:38.239,10608,10609,10608,1
2019-06-24 16:05:38.590,10608,10609,10608,1
2019-06-24 16:05:40.230,10608,10609,10608,1
2019-06-24 16:05:41.091,10608,10609,10608,1
2019-06-24 16:05:41.658,10608,10609,10608,1
2019-06-24 16:05:41.890,10608,10609,10608,1
2019-06-24 16:05:42.118,10608,10609,10608,1
2019-06-24 16:05:42.325,10608,10609,10608,1
2019-06-24 16:05:43.110,10608,10609,10608,1
2019-06-24 16:05:45.673,10608,10609,10608,1
2019-06-24 16:05:46.240,10608,10609,10608,6
2019-06-24 16:05:47.775,10607,10608,10608,2
2019-06-24 16:05:54.267,10607,10608,10607,1
2019-06-24 16:05:59.390,10607,10608,10608,2
2019-06-24 16:06:13.847,10607,10608,10608,1
2019-06-24 16:06:14.058,10607,10608,10608,1
2019-06-24 16:06:15.630,10607,10608,10608,1
2019-06-24 16:06:20.522,10607,10608,10608,1
2019-06-24 16:06:21.443,10607,10608,10608,1
2019-06-24 16:06:24.367,10607,10608,10608,4
2019-06-24 16:06:27.718,10607,10608,10608,3
2019-06-24 16:06:30.404,10607,10608,10608,1
2019-06-24 16:06:32.532,10607,10608,10608,1
2019-06-24 16:06:33.563,10607,10608,10608,1
2019-06-24 16:06:33.934,10607,10608,10607,2
2019-06-24 16:06:35.894,10607,10608,10608,1
2019-06-24 16:06:39.577,10607,10608,10608,1
2019-06-24 16:06:43.196,10608,10609,10608,1
2019-06-24 16:06:50.492,10608,10609,10608,1
2019-06-24 16:06:53.931,10608,10609,10608,1
2019-06-24 16:06:55.034,10608,10609,10609,1
2019-06-24 16:06:55.319,10608,10609,10609,2
2019-06-24 16:06:56.204,10608,10610,10608,2
2019-06-24 16:07:01.686,10608,10609,10608,4
2019-06-24 16:07:02.247,10608,10609,10608,1
2019-06-24 16:07:10.071,10608,10609,10609,1
2019-06-24 16:07:16.340,10609,10610,10609,2
2019-06-24 16:07:16.568,10608,10609,10609,1
2019-06-24 16:07:16.865,10608,10610,10608,4
2019-06-24 16:07:33.141,10609,10610,10610,1
2019-06-24 16:07:33.632,10610,10611,10610,1
2019-06-24 16:07:36.769,10610,10611,10611,1
2019-06-24 16:07:37.588,10610,10611,10611,1
2019-06-24 16:07:37.603,10610,10611,10611,2
2019-06-24 16:07:37.693,10610,10611,10611,7
2019-06-24 16:07:37.930,10611,10612,10611,1
2019-06-24 16:07:38.638,10611,10612,10612,1
2019-06-24 16:07:38.726,10611,10612,10612,1
2019-06-24 16:07:38.970,10611,10612,10611,1
2019-06-24 16:07:39.140,10611,10612,10611,4
2019-06-24 16:07:39.195,10611,10612,10611,1
2019-06-24 16:07:40.143,10611,10612,10611,1
2019-06-24 16:07:48.964,10611,10612,10611,2
2019-06-24 16:07:49.151,10610,10612,10611,1
2019-06-24 16:07:58.772,10611,10612,10611,5
2019-06-24 16:08:13.328,10611,10612,10611,1
2019-06-24 16:08:39.175,10611,10612,10612,2
2019-06-24 16:08:39.219,10611,10612,10611,1
2019-06-24 16:08:42.701,10611,10612,10612,15
2019-06-24 16:09:01.351,10612,10613,10612,3
2019-06-24 16:09:01.867,10612,10613,10613,1
2019-06-24 16:09:12.078,10612,10613,10613,10
2019-06-24 16:09:12.672,10612,10613,10613,2
2019-06-24 16:09:13.251,10612,10613,10613,1
2019-06-24 16:09:14.946,10612,10613,10612,1
2019-06-24 16:09:25.309,10612,10613,10613,1
2019-06-24 16:09:41.191,10612,10613,10613,1
2019-06-24 16:09:47.501,10612,10613,10612,1
2019-06-24 16:10:09.378,10612,10613,10612,2
2019-06-24 16:10:13.651,10612,10613,10612,14
2019-06-24 16:10:14.859,10611,10612,10612,5
2019-06-24 16:10:20.141,10611,10612,10611,1
2019-06-24 16:10:20.145,10611,10612,10611,2
2019-06-24 16:10:20.146,10611,10612,10611,2
2019-06-24 16:10:23.101,10610,10611,10610,4
2019-06-24 16:10:35.327,10610,10611,10610,1
2019-06-24 16:10:38.668,10610,10611,10610,1
2019-06-24 16:10:46.677,10610,10611,10610,1
2019-06-24 16:11:12.356,10610,10611,10610,1
2019-06-24 16:11:15.149,10610,10611,10611,2
2019-06-24 16:11:15.149,10610,10611,10611,5
2019-06-24 16:11:24.415,10611,10612,10611,2
2019-06-24 16:11:50.943,10611,10612,10612,7
2019-06-24 16:11:51.728,10611,10613,10612,1
2019-06-24 16:12:01.527,10612,10613,10613,1
2019-06-24 16:12:05.018,10612,10613,10612,3
2019-06-24 16:12:05.542,10612,10613,10613,2
2019-06-24 16:12:17.826,10612,10613,10613,1
2019-06-24 16:12:19.784,10612,10613,10612,1
2019-06-24 16:12:19.926,10612,10613,10613,1
2019-06-24 16:12:52.187,10612,10613,10613,1
2019-06-24 16:13:01.032,10612,10613,10613,2
2019-06-24 16:13:01.050,10612,10613,10613,2
2019-06-24 16:13:01.051,10612,10613,10613,6
2019-06-24 16:13:01.051,10612,10613,10613,1
2019-06-24 16:13:09.720,10612,10613,10613,2
2019-06-24 16:13:10.264,10613,10614,10613,1
2019-06-24 16:13:10.405,10613,10614,10613,1
2019-06-24 16:13:11.661,10613,10614,10613,1
2019-06-24 16:13:12.346,10612,10613,10613,1
2019-06-24 16:13:26.182,10612,10613,10613,1
2019-06-24 16:13:38.037,10613,10614,10613,1
2019-06-24 16:13:45.293,10613,10614,10613,4
2019-06-24 16:14:46.592,10612,10613,10612,1
2019-06-24 16:14:46.916,10612,10613,10612,1
2019-06-24 16:14:50.447,10612,10613,10613,1
2019-06-24 16:15:16.591,10612,10613,10613,1
2019-06-24 16:15:18.418,10612,10613,10613,1
2019-06-24 16:15:34.583,10612,10613,10612,5
2019-06-24 16:15:35.224,10612,10613,10612,11
2019-06-24 16:15:49.954,10611,10612,10612,1
2019-06-24 16:16:07.318,10611,10612,10611,1
2019-06-24 16:16:07.443,10611,10612,10611,1
2019-06-24 16:16:09.774,10610,10611,10611,1
2019-06-24 16:16:16.269,10611,10612,10611,1
2019-06-24 16:16:31.297,10611,10612,10612,1
2019-06-24 16:16:33.827,10611,10612,10611,1
2019-06-24 16:16:53.015,10611,10612,10611,1
2019-06-24 16:16:56.457,10611,10612,10612,1
2019-06-24 16:17:01.967,10611,10612,10612,1
2019-06-24 16:17:01.969,10611,10612,10612,1
2019-06-24 16:17:02.068,10611,10612,10612,2
2019-06-24 16:17:02.068,10611,10612,10612,1
2019-06-24 16:17:49.368,10611,10612,10611,1
2019-06-24 16:17:49.443,10611,10612,10611,1
2019-06-24 16:17:50.320,10611,10612,10611,3
2019-06-24 16:18:03.895,10611,10612,10611,1
2019-06-24 16:18:05.388,10611,10612,10611,1
2019-06-24 16:18:09.906,10611,10612,10611,3
2019-06-24 16:18:10.611,10611,10612,10611,1
2019-06-24 16:18:31.968,10611,10612,10611,1
2019-06-24 16:18:43.305,10611,10612,10611,10
2019-06-24 16:18:48.338,10611,10612,10611,1
2019-06-24 16:18:52.233,10611,10612,10611,2
2019-06-24 16:19:09.540,10610,10611,10611,1
2019-06-24 16:19:17.070,10610,10611,10611,2
2019-06-24 16:19:48.200,10610,10611,10611,1
2019-06-24 16:19:48.236,10610,10611,10611,2
2019-06-24 16:19:48.266,10610,10611,10611,4
2019-06-24 16:20:14.465,10611,10612,10611,10
2019-06-24 16:20:20.673,10611,10612,10611,8
2019-06-24 16:20:25.702,10611,10612,10611,1
2019-06-24 16:20:59.212,10611,10612,10611,2
2019-06-24 16:21:02.979,10611,10612,10612,1
2019-06-24 16:21:02.981,10611,10612,10612,1
2019-06-24 16:21:03.058,10611,10612,10612,1
2019-06-24 16:21:03.068,10611,10612,10612,11
2019-06-24 16:21:04.668,10611,10613,10611,1
2019-06-24 16:21:13.392,10612,10613,10612,1
2019-06-24 16:21:13.615,10612,10613,10613,1
2019-06-24 16:21:32.571,10612,10613,10613,1
2019-06-24 16:21:50.279,10612,10613,10613,3
2019-06-24 16:21:50.318,10612,10613,10613,2
2019-06-24 16:21:50.443,10612,10613,10613,6
2019-06-24 16:21:55.149,10612,10613,10613,1
2019-06-24 16:21:56.687,10612,10613,10613,1
2019-06-24 16:21:56.993,10612,10613,10612,1
2019-06-24 16:22:01.107,10612,10613,10612,1
2019-06-24 16:22:24.375,10612,10613,10613,12
2019-06-24 16:22:27.971,10613,10614,10613,1
2019-06-24 16:22:30.990,10613,10614,10613,1
2019-06-24 16:22:57.909,10613,10614,10613,1
2019-06-24 16:22:57.967,10613,10614,10614,10
2019-06-24 16:22:58.176,10613,10614,10614,1
2019-06-24 16:23:09.633,10613,10614,10614,3
2019-06-24 16:23:47.465,10613,10614,10614,1
2019-06-24 16:23:57.899,10613,10614,10614,1
2019-06-24 16:24:00.996,10613,10614,10614,1
2019-06-24 16:24:12.604,10613,10614,10614,1
2019-06-24 16:24:31.691,10613,10614,10614,1
2019-06-24 16:24:37.592,10613,10614,10613,1
2019-06-24 16:24:39.230,10613,10614,10614,1
2019-06-24 16:24:47.943,10613,10614,10613,12
2019-06-24 16:24:52.534,10612,10613,10613,1
2019-06-24 16:25:03.483,10612,10613,10612,1
2019-06-24 16:25:04.226,10612,10613,10613,1
2019-06-24 16:25:31.899,10612,10613,10613,1
2019-06-24 16:25:42.943,10612,10613,10613,2
2019-06-24 16:25:42.943,10612,10613,10613,2
2019-06-24 16:25:42.943,10612,10613,10613,3
2019-06-24 16:26:14.679,10612,10613,10613,1
2019-06-24 16:26:19.830,10612,10613,10613,1
2019-06-24 16:26:52.572,10612,10613,10613,4
2019-06-24 16:26:59.086,10612,10613,10612,5
2019-06-24 16:27:01.135,10612,10613,10613,1
2019-06-24 16:27:04.063,10612,10613,10613,7
2019-06-24 16:27:05.762,10613,10614,10613,1
2019-06-24 16:27:06.104,10612,10613,10612,5
2019-06-24 16:27:13.430,10612,10613,10612,5
2019-06-24 16:27:23.695,10612,10613,10612,4
2019-06-24 16:28:00.039,10612,10613,10613,5
2019-06-24 16:28:00.058,10612,10613,10613,1
2019-06-24 16:28:02.968,10613,10614,10614,7
2019-06-24 16:28:17.592,10613,10614,10614,2
2019-06-24 16:28:19.547,10613,10614,10614,1
2019-06-24 16:28:30.563,10613,10614,10613,1
2019-06-24 16:29:41.501,10613,10614,10613,2
2019-06-24 16:29:46.422,10613,10614,10613,1
2019-06-24 16:30:00.035,10613,10614,10613,5
2019-06-24 16:30:00.145,10613,10614,10614,1
2019-06-24 16:30:32.600,10613,10614,10613,4
2019-06-24 16:30:32.693,10613,10614,10613,1
2019-06-24 16:30:32.693,10613,10614,10613,2
2019-06-24 16:30:35.744,10613,10614,10614,1
2019-06-24 16:30:46.725,10612,10614,10614,2
2019-06-24 16:31:12.189,10613,10614,10613,1
2019-06-24 16:31:18.203,10613,10614,10613,1
2019-06-24 16:32:34.865,10613,10614,10613,1
2019-06-24 16:32:48.160,10613,10614,10613,1
2019-06-24 16:32:57.509,10613,10614,10613,1
2019-06-24 16:32:57.666,10613,10614,10614,2
2019-06-24 16:33:05.316,10613,10614,10614,4
2019-06-24 16:33:49.579,10613,10614,10614,1
2019-06-24 16:33:54.130,10613,10614,10613,1
2019-06-24 16:33:54.130,10613,10614,10613,1
2019-06-24 16:33:57.739,10612,10613,10613,1
2019-06-24 16:34:03.854,10612,10613,10613,1
2019-06-24 16:34:06.433,10612,10613,10613,1
2019-06-24 16:34:06.965,10612,10613,10613,1
2019-06-24 16:34:16.352,10612,10613,10613,5
2019-06-24 16:34:18.525,10612,10613,10612,1
2019-06-24 16:34:25.213,10612,10613,10612,9
2019-06-24 16:34:25.500,10611,10612,10612,1
2019-06-24 16:34:47.083,10611,10612,10612,1
2019-06-24 16:35:50.635,10611,10612,10611,1
2019-06-24 16:35:51.430,10611,10612,10611,1
2019-06-24 16:36:10.645,10611,10612,10611,1
2019-06-24 16:36:19.168,10611,10612,10612,3
2019-06-24 16:36:28.124,10611,10612,10612,1
2019-06-24 16:36:36.588,10612,10613,10612,1
2019-06-24 16:36:36.588,10612,10613,10612,1
2019-06-24 16:36:36.693,10612,10613,10612,1
2019-06-24 16:37:00.064,10611,10612,10612,2
2019-06-24 16:37:14.888,10611,10612,10612,2
2019-06-24 16:37:26.574,10611,10612,10611,1
2019-06-24 16:37:33.962,10611,10612,10611,1
2019-06-24 16:37:39.847,10611,10612,10611,1
2019-06-24 16:37:55.806,10611,10612,10611,1
2019-06-24 16:38:01.406,10611,10612,10611,2
2019-06-24 16:38:01.597,10611,10612,10611,2
2019-06-24 16:38:01.597,10611,10612,10611,3
2019-06-24 16:38:01.597,10611,10612,10611,5
2019-06-24 16:38:01.599,10611,10612,10611,2
2019-06-24 16:38:01.756,10610,10611,10610,1
2019-06-24 16:38:01.779,10610,10611,10610,3
2019-06-24 16:38:01.796,10610,10611,10610,1
2019-06-24 16:38:02.409,10610,10611,10610,4
2019-06-24 16:38:08.991,10610,10611,10611,2
2019-06-24 16:38:21.106,10610,10611,10611,2
2019-06-24 16:38:27.210,10610,10611,10611,2
2019-06-24 16:38:30.689,10610,10611,10611,5
2019-06-24 16:38:35.342,10610,10612,10611,1
2019-06-24 16:38:45.295,10611,10612,10611,1
2019-06-24 16:38:56.820,10611,10612,10611,1
2019-06-24 16:39:08.623,10611,10612,10611,7
2019-06-24 16:39:21.995,10610,10611,10611,1
2019-06-24 16:39:29.131,10610,10611,10611,1
2019-06-24 16:39:35.553,10610,10611,10611,1
2019-06-24 16:39:45.373,10610,10611,10611,2
2019-06-24 16:39:55.414,10610,10611,10611,2
2019-06-24 16:39:56.255,10610,10611,10611,1
2019-06-24 16:40:12.515,10610,10611,10611,1
2019-06-24 16:40:13.762,10610,10611,10611,1
2019-06-24 16:40:20.011,10610,10611,10611,2
2019-06-24 16:40:20.068,10610,10611,10611,1
2019-06-24 16:40:20.068,10610,10611,10611,1
2019-06-24 16:40:20.193,10610,10611,10611,1
2019-06-24 16:40:20.193,10610,10611,10611,1
2019-06-24 16:40:20.318,10610,10611,10611,2
2019-06-24 16:40:20.318,10610,10611,10611,1
2019-06-24 16:40:39.256,10611,10612,10612,1
2019-06-24 16:40:41.134,10611,10612,10612,1
2019-06-24 16:40:48.663,10611,10612,10612,1
2019-06-24 16:40:50.826,10611,10612,10612,1
2019-06-24 16:40:55.332,10611,10612,10612,1
2019-06-24 16:40:59.588,10611,10612,10612,1
2019-06-24 16:41:05.217,10611,10612,10612,1
2019-06-24 16:41:34.094,10611,10612,10612,1
2019-06-24 16:41:37.088,10611,10612,10612,1
2019-06-24 16:41:38.090,10611,10612,10612,1
2019-06-24 16:41:59.818,10611,10612,10611,1
2019-06-24 16:42:00.111,10611,10612,10611,1
2019-06-24 16:42:24.950,10611,10612,10612,8
2019-06-24 16:42:24.951,10611,10612,10612,4
2019-06-24 16:43:08.244,10612,10613,10612,1
2019-06-24 16:43:14.680,10612,10613,10612,1
2019-06-24 16:43:43.160,10612,10613,10613,4
2019-06-24 16:43:43.320,10612,10614,10613,1
2019-06-24 16:43:57.536,10613,10614,10614,1
2019-06-24 16:44:04.247,10613,10614,10613,1
2019-06-24 16:44:04.247,10613,10614,10613,1
2019-06-24 16:44:04.273,10613,10614,10613,1
2019-06-24 16:44:04.274,10613,10614,10613,1
2019-06-24 16:44:04.278,10613,10614,10613,1
2019-06-24 16:44:04.283,10613,10614,10612,2
2019-06-24 16:44:20.082,10612,10613,10613,3
2019-06-24 16:44:33.975,10612,10613,10613,1
2019-06-24 16:44:34.068,10612,10613,10613,1
2019-06-24 16:44:34.068,10612,10613,10613,1
2019-06-24 16:44:34.193,10612,10613,10613,1
2019-06-24 16:44:34.504,10612,10614,10613,1
2019-06-24 16:44:39.269,10612,10613,10612,2
2019-06-24 16:44:43.301,10612,10613,10613,1
2019-06-24 16:44:57.532,10612,10613,10613,4
2019-06-24 16:44:57.869,10613,10614,10613,1
2019-06-24 16:45:11.251,10613,10614,10613,1
2019-06-24 16:45:14.514,10613,10614,10613,1
2019-06-24 16:45:18.208,10613,10614,10613,1
2019-06-24 16:45:18.208,10613,10614,10613,1
2019-06-24 16:45:18.209,10613,10614,10613,2
2019-06-24 16:45:41.135,10612,10613,10613,1
2019-06-24 16:45:47.152,10612,10613,10612,2
2019-06-24 16:45:53.875,10612,10613,10613,1
2019-06-24 16:46:12.921,10612,10613,10613,1
2019-06-24 16:46:29.674,10612,10613,10612,1
2019-06-24 16:46:38.457,10612,10613,10612,1
2019-06-24 16:46:38.696,10612,10613,10612,2
2019-06-24 16:47:04.471,10612,10613,10612,2
2019-06-24 16:47:04.487,10612,10613,10612,2
2019-06-24 16:47:04.568,10612,10613,10612,4
2019-06-24 16:47:04.568,10612,10613,10612,2
2019-06-24 16:47:23.334,10611,10612,10612,1
2019-06-24 16:47:46.937,10611,10612,10611,4
2019-06-24 16:48:01.739,10611,10612,10611,1
2019-06-24 16:48:16.860,10611,10612,10612,1
2019-06-24 16:48:16.904,10611,10612,10612,1
2019-06-24 16:48:16.905,10611,10612,10612,4
2019-06-24 16:48:16.910,10611,10612,10612,1
2019-06-24 16:48:16.910,10611,10612,10612,1
2019-06-24 16:48:16.943,10611,10612,10612,1
2019-06-24 16:48:17.422,10612,10613,10612,4
2019-06-24 16:48:25.672,10612,10613,10612,1
2019-06-24 16:49:26.373,10612,10613,10613,1
2019-06-24 16:49:34.268,10612,10613,10612,1
2019-06-24 16:49:34.268,10612,10613,10612,1
2019-06-24 16:49:34.270,10612,10613,10612,1
2019-06-24 16:49:34.318,10612,10613,10612,2
2019-06-24 16:50:36.319,10611,10612,10612,1
2019-06-24 16:51:05.207,10611,10612,10612,1
2019-06-24 16:51:11.691,10611,10612,10612,4
2019-06-24 16:51:22.418,10611,10612,10612,1
2019-06-24 16:51:23.899,10611,10612,10612,3
2019-06-24 16:51:24.529,10612,10613,10612,1
2019-06-24 16:51:47.384,10611,10612,10612,2
2019-06-24 16:51:54.218,10611,10612,10612,2
2019-06-24 16:51:54.321,10611,10612,10612,1
2019-06-24 16:52:04.857,10611,10612,10611,3
2019-06-24 16:52:05.369,10611,10612,10611,1
2019-06-24 16:52:05.372,10611,10612,10611,1
2019-06-24 16:52:05.372,10611,10612,10611,1
2019-06-24 16:52:32.714,10611,10612,10612,14
2019-06-24 16:52:34.045,10612,10613,10612,1
2019-06-24 16:54:14.429,10612,10613,10612,1
2019-06-24 16:54:15.962,10612,10613,10612,4
2019-06-24 16:54:18.085,10612,10613,10612,2
2019-06-24 16:54:33.333,10612,10613,10612,2
2019-06-24 16:54:34.192,10612,10613,10612,5
2019-06-24 16:54:39.960,10612,10613,10612,3
2019-06-24 16:54:42.158,10612,10613,10612,1
2019-06-24 16:54:53.716,10612,10613,10613,1
2019-06-24 16:55:04.192,10612,10613,10613,1
2019-06-24 16:55:20.256,10612,10613,10613,1
2019-06-24 16:55:26.635,10612,10613,10612,1
2019-06-24 16:55:27.044,10612,10613,10612,2
2019-06-24 16:55:38.546,10612,10613,10613,4
2019-06-24 16:56:02.160,10612,10613,10612,2
2019-06-24 16:56:29.568,10612,10613,10612,3
2019-06-24 16:56:37.375,10612,10613,10612,4
2019-06-24 16:56:37.453,10612,10613,10612,3
2019-06-24 16:56:38.643,10612,10613,10613,1
2019-06-24 16:56:38.939,10612,10613,10613,1
2019-06-24 16:57:07.670,10612,10613,10613,1
2019-06-24 16:57:08.674,10612,10613,10612,1
2019-06-24 16:57:49.707,10612,10613,10612,2
2019-06-24 16:57:50.129,10612,10613,10613,1
2019-06-24 16:57:50.303,10612,10613,10613,1
2019-06-24 16:57:59.490,10612,10613,10612,4
2019-06-24 16:58:23.509,10612,10613,10612,4
2019-06-24 16:58:56.637,10612,10613,10613,3
2019-06-24 16:59:16.676,10612,10613,10613,1
2019-06-24 16:59:25.875,10612,10613,10613,1
2019-06-24 16:59:41.394,10612,10613,10613,2
2019-06-24 16:59:59.213,10612,10613,10612,2
2019-06-24 17:00:04.435,10612,10613,10612,2
2019-06-24 17:00:04.991,10612,10613,10613,4
2019-06-24 17:00:04.996,10612,10613,10612,1
2019-06-24 17:00:05.912,10612,10613,10612,2
2019-06-24 17:00:09.688,10612,10613,10612,4
2019-06-24 17:00:32.206,10612,10613,10613,1
2019-06-24 17:00:44.944,10612,10613,10612,4
2019-06-24 17:00:44.944,10612,10613,10612,1
2019-06-24 17:00:45.166,10612,10613,10612,4
2019-06-24 17:00:45.227,10611,10613,10611,4
2019-06-24 17:00:50.094,10611,10612,10611,4
2019-06-24 17:00:50.572,10611,10612,10611,4
2019-06-24 17:00:51.074,10611,10612,10611,4
2019-06-24 17:01:36.464,10611,10612,10611,1
2019-06-24 17:01:42.817,10611,10612,10611,2
2019-06-24 17:01:42.818,10611,10612,10611,1
2019-06-24 17:01:50.563,10611,10612,10611,4
2019-06-24 17:01:50.862,10611,10612,10611,9
2019-06-24 17:02:00.787,10611,10612,10611,1
2019-06-24 17:02:12.905,10611,10612,10611,4
2019-06-24 17:02:17.374,10610,10611,10611,2
2019-06-24 17:02:19.642,10610,10611,10611,1
2019-06-24 17:02:22.746,10610,10611,10611,6
2019-06-24 17:02:40.285,10611,10612,10612,1
2019-06-24 17:02:56.653,10611,10612,10611,5
2019-06-24 17:03:04.443,10611,10612,10612,1
2019-06-24 17:03:04.689,10611,10612,10612,1
2019-06-24 17:03:14.455,10611,10612,10611,5
2019-06-24 17:03:14.924,10611,10612,10611,3
2019-06-24 17:03:23.094,10611,10612,10611,7
2019-06-24 17:03:24.519,10610,10611,10611,1
2019-06-24 17:03:24.871,10610,10611,10611,1
2019-06-24 17:03:25.825,10611,10612,10611,1
2019-06-24 17:03:29.695,10611,10612,10611,1
2019-06-24 17:03:30.504,10610,10611,10611,1
2019-06-24 17:03:31.741,10611,10612,10611,1
2019-06-24 17:03:40.548,10611,10612,10611,1
2019-06-24 17:04:07.320,10611,10612,10612,3
2019-06-24 17:04:13.374,10611,10612,10611,2
2019-06-24 17:04:47.114,10611,10612,10611,1
2019-06-24 17:06:44.620,10611,10612,10611,1
2019-06-24 17:06:45.825,10611,10612,10611,1
2019-06-24 17:06:51.595,10611,10612,10611,2
2019-06-24 17:06:51.693,10611,10612,10611,13
2019-06-24 17:06:55.707,10610,10611,10611,2
2019-06-24 17:07:09.891,10610,10611,10611,3
2019-06-24 17:07:24.840,10610,10611,10610,4
2019-06-24 17:07:38.142,10610,10611,10610,5
2019-06-24 17:07:56.207,10610,10611,10610,4
2019-06-24 17:08:00.348,10610,10611,10610,1
2019-06-24 17:08:00.531,10610,10611,10610,3
2019-06-24 17:08:01.118,10610,10611,10610,1
2019-06-24 17:08:01.250,10610,10611,10610,1
2019-06-24 17:08:05.906,10610,10611,10610,1
2019-06-24 17:08:08.030,10610,10611,10610,3
2019-06-24 17:08:35.644,10610,10611,10610,3
2019-06-24 17:08:35.693,10610,10611,10610,1
2019-06-24 17:08:39.876,10610,10611,10610,2
2019-06-24 17:08:43.689,10610,10611,10610,1
2019-06-24 17:09:11.113,10610,10611,10610,4
2019-06-24 17:09:27.439,10610,10611,10610,20
2019-06-24 17:09:28.760,10610,10611,10610,1
2019-06-24 17:09:43.070,10610,10611,10610,2
2019-06-24 17:09:50.669,10610,10611,10610,2
2019-06-24 17:09:51.178,10610,10611,10610,2
2019-06-24 17:10:05.693,10610,10611,10610,7
2019-06-24 17:10:05.693,10610,10611,10610,11
2019-06-24 17:10:09.818,10609,10610,10609,4
2019-06-24 17:10:09.850,10609,10610,10609,4
2019-06-24 17:10:09.943,10609,10610,10609,4
2019-06-24 17:10:09.945,10609,10610,10609,9
2019-06-24 17:10:10.045,10609,10610,10609,1
2019-06-24 17:10:11.781,10609,10610,10610,2
2019-06-24 17:10:20.467,10609,10610,10609,1
2019-06-24 17:10:26.526,10609,10610,10610,2
2019-06-24 17:10:27.237,10609,10610,10609,1
2019-06-24 17:10:36.990,10609,10610,10610,1
2019-06-24 17:10:58.455,10609,10610,10610,4
2019-06-24 17:11:05.281,10609,10610,10610,4
2019-06-24 17:11:09.940,10609,10610,10610,4
2019-06-24 17:11:14.387,10609,10610,10610,4
2019-06-24 17:11:18.097,10609,10610,10610,1
2019-06-24 17:11:20.606,10609,10610,10610,4
2019-06-24 17:11:25.178,10609,10610,10610,4
2019-06-24 17:11:25.584,10609,10610,10610,1
2019-06-24 17:11:35.026,10609,10610,10609,1
2019-06-24 17:11:36.516,10609,10610,10610,1
2019-06-24 17:11:36.881,10609,10610,10610,5
2019-06-24 17:11:46.763,10609,10610,10609,3
2019-06-24 17:11:46.775,10609,10610,10609,2
2019-06-24 17:11:46.800,10609,10610,10609,4
2019-06-24 17:11:46.818,10609,10610,10609,1
2019-06-24 17:11:46.864,10609,10610,10609,4
2019-06-24 17:11:47.344,10609,10610,10609,1
2019-06-24 17:11:48.369,10609,10610,10609,1
2019-06-24 17:11:49.494,10609,10610,10609,1
2019-06-24 17:11:51.735,10609,10610,10609,1
2019-06-24 17:11:53.107,10609,10610,10609,1
2019-06-24 17:11:53.558,10608,10609,10609,1
2019-06-24 17:12:02.820,10608,10609,10609,4
2019-06-24 17:12:07.662,10608,10609,10608,2
2019-06-24 17:12:08.260,10608,10609,10608,14
2019-06-24 17:12:08.271,10608,10609,10608,1
2019-06-24 17:12:08.558,10608,10609,10609,1
2019-06-24 17:12:18.206,10608,10609,10608,3
2019-06-24 17:12:18.898,10608,10609,10608,2
2019-06-24 17:12:20.333,10608,10609,10608,2
2019-06-24 17:12:31.239,10608,10609,10608,1
2019-06-24 17:13:03.717,10608,10609,10608,1
2019-06-24 17:13:03.717,10608,10609,10608,1
2019-06-24 17:13:11.579,10608,10609,10609,1
2019-06-24 17:13:13.568,10608,10609,10609,1
2019-06-24 17:13:13.693,10608,10609,10609,1
2019-06-24 17:13:13.693,10608,10609,10609,1
2019-06-24 17:13:13.818,10608,10609,10609,1
2019-06-24 17:13:13.943,10608,10609,10609,1
2019-06-24 17:13:16.432,10608,10609,10609,1
2019-06-24 17:13:16.443,10608,10609,10609,4
2019-06-24 17:13:23.782,10609,10610,10609,1
2019-06-24 17:13:27.513,10609,10610,10610,2
2019-06-24 17:13:28.994,10609,10610,10609,1
2019-06-24 17:13:46.406,10609,10610,10610,1
2019-06-24 17:13:50.033,10609,10610,10610,1
2019-06-24 17:13:59.046,10609,10610,10610,2
2019-06-24 17:14:01.207,10609,10610,10610,1
2019-06-24 17:14:05.995,10609,10610,10609,1
2019-06-24 17:14:07.089,10609,10610,10610,2
2019-06-24 17:14:10.080,10609,10610,10610,1
2019-06-24 17:14:24.663,10609,10610,10610,1
2019-06-24 17:14:26.747,10609,10610,10609,3
2019-06-24 17:15:48.693,10609,10610,10609,1
2019-06-24 17:15:48.818,10609,10610,10609,3
2019-06-24 17:15:49.128,10609,10610,10609,2
2019-06-24 17:15:49.805,10609,10610,10609,1
2019-06-24 17:16:10.446,10609,10610,10609,6
2019-06-24 17:16:11.349,10609,10610,10609,1
2019-06-24 17:16:11.366,10609,10610,10609,2
2019-06-24 17:16:11.376,10609,10610,10609,1
2019-06-24 17:16:11.405,10609,10610,10609,3
2019-06-24 17:16:11.416,10609,10610,10609,1
2019-06-24 17:16:11.416,10609,10610,10608,2
2019-06-24 17:16:33.589,10608,10609,10609,1
2019-06-24 17:16:33.589,10608,10609,10610,1
2019-06-24 17:16:34.644,10609,10610,10609,1
2019-06-24 17:16:42.733,10609,10610,10609,1
2019-06-24 17:16:44.062,10609,10610,10609,6
2019-06-24 17:16:50.700,10609,10610,10609,1
2019-06-24 17:16:56.139,10609,10610,10610,2
2019-06-24 17:16:56.861,10609,10610,10610,1
2019-06-24 17:17:00.858,10609,10610,10610,1
2019-06-24 17:17:03.936,10609,10610,10610,4
2019-06-24 17:17:04.977,10609,10610,10609,18
2019-06-24 17:17:09.149,10609,10610,10610,1
2019-06-24 17:17:09.337,10609,10610,10609,1
2019-06-24 17:17:24.329,10609,10610,10609,1
2019-06-24 17:17:24.471,10609,10610,10609,3
2019-06-24 17:17:52.016,10609,10610,10609,1
2019-06-24 17:17:58.812,10609,10610,10610,6
2019-06-24 17:17:59.840,10609,10610,10610,2
2019-06-24 17:17:59.840,10609,10610,10610,2
2019-06-24 17:17:59.841,10609,10610,10610,2
2019-06-24 17:18:04.561,10610,10611,10610,6
2019-06-24 17:18:04.969,10610,10611,10610,1
2019-06-24 17:18:04.987,10610,10611,10610,1
2019-06-24 17:18:06.646,10610,10611,10611,1
2019-06-24 17:18:20.429,10610,10611,10611,1
2019-06-24 17:18:23.305,10610,10611,10611,2
2019-06-24 17:18:28.053,10610,10611,10611,1
2019-06-24 17:18:57.124,10610,10611,10611,1
2019-06-24 17:19:10.674,10610,10611,10611,1
2019-06-24 17:19:19.409,10610,10611,10611,2
2019-06-24 17:19:20.411,10610,10611,10611,1
2019-06-24 17:19:23.349,10610,10611,10611,1
2019-06-24 17:19:40.970,10610,10611,10611,1
2019-06-24 17:20:22.143,10610,10611,10610,1
2019-06-24 17:20:22.508,10610,10611,10610,12
2019-06-24 17:20:22.792,10610,10611,10610,8
2019-06-24 17:20:22.884,10610,10611,10610,4
2019-06-24 17:20:23.567,10610,10611,10610,1
2019-06-24 17:20:23.567,10610,10611,10609,2
2019-06-24 17:20:23.575,10609,10611,10609,3
2019-06-24 17:21:00.915,10609,10610,10610,1
2019-06-24 17:21:00.996,10609,10610,10610,1
2019-06-24 17:21:04.964,10610,10611,10611,2
2019-06-24 17:21:04.964,10610,10611,10611,3
2019-06-24 17:21:05.232,10611,10612,10612,2
2019-06-24 17:21:05.259,10611,10612,10612,1
2019-06-24 17:21:15.728,10611,10612,10612,1
2019-06-24 17:21:16.924,10611,10612,10612,4
2019-06-24 17:21:29.834,10611,10612,10612,2
2019-06-24 17:22:02.992,10611,10612,10612,7
2019-06-24 17:22:24.088,10611,10612,10612,2
2019-06-24 17:22:35.167,10611,10612,10612,2
2019-06-24 17:22:39.943,10611,10612,10611,1
2019-06-24 17:22:40.068,10611,10612,10611,1
2019-06-24 17:22:40.193,10611,10612,10611,1
2019-06-24 17:22:48.193,10611,10612,10611,1
2019-06-24 17:22:49.954,10611,10612,10611,1
2019-06-24 17:23:13.978,10610,10611,10610,1
2019-06-24 17:23:14.068,10610,10611,10610,1
2019-06-24 17:23:18.318,10610,10611,10610,1
2019-06-24 17:23:49.366,10609,10610,10610,1
2019-06-24 17:23:55.334,10609,10610,10610,1
2019-06-24 17:25:06.563,10609,10610,10610,2
2019-06-24 17:25:11.919,10609,10610,10610,1
2019-06-24 17:25:17.252,10609,10610,10610,1
2019-06-24 17:25:20.835,10610,10611,10611,1
2019-06-24 17:25:20.968,10610,10611,10610,1
2019-06-24 17:25:23.844,10610,10611,10610,1
2019-06-24 17:25:23.852,10610,10611,10610,1
2019-06-24 17:25:23.859,10610,10611,10610,2
2019-06-24 17:25:55.882,10610,10611,10610,5
2019-06-24 17:27:10.902,10610,10611,10610,5
2019-06-24 17:27:11.890,10610,10611,10610,1
2019-06-24 17:27:39.987,10610,10611,10610,8
2019-06-24 17:27:39.988,10610,10611,10610,5
2019-06-24 17:27:56.910,10609,10610,10610,2
2019-06-24 17:27:57.068,10610,10611,10611,1
2019-06-24 17:27:57.068,10610,10611,10611,1
2019-06-24 17:27:57.068,10610,10611,10611,1
2019-06-24 17:27:57.068,10610,10611,10611,1
2019-06-24 17:27:57.069,10610,10611,10611,1
2019-06-24 17:28:19.051,10610,10611,10611,1
2019-06-24 17:28:19.068,10610,10611,10611,1
2019-06-24 17:28:19.068,10610,10611,10611,1
2019-06-24 17:28:19.316,10610,10611,10611,1
2019-06-24 17:28:19.466,10610,10611,10611,1
2019-06-24 17:28:19.568,10610,10611,10611,10
2019-06-24 17:28:51.148,10610,10611,10611,1
2019-06-24 17:29:18.417,10610,10611,10611,1
2019-06-24 17:30:17.356,10611,10612,10611,3
2019-06-24 17:30:17.562,10611,10612,10611,2
2019-06-24 17:30:32.756,10611,10612,10611,1
2019-06-24 17:30:48.212,10611,10612,10611,2
2019-06-24 17:31:05.368,10611,10612,10611,2
2019-06-24 17:31:05.373,10611,10612,10611,3
2019-06-24 17:31:11.925,10610,10611,10611,1
2019-06-24 17:32:17.753,10610,10611,10610,1
2019-06-24 17:32:19.428,10610,10611,10610,1
2019-06-24 17:32:44.107,10609,10610,10609,1
2019-06-24 17:33:08.409,10609,10610,10609,1
2019-06-24 17:33:09.086,10609,10610,10609,2
2019-06-24 17:33:13.884,10609,10610,10610,5
2019-06-24 17:34:04.671,10609,10610,10609,2
2019-06-24 17:34:13.032,10609,10610,10609,5
2019-06-24 17:34:44.209,10609,10610,10609,1
2019-06-24 17:34:49.949,10609,10610,10609,11
2019-06-24 17:34:51.826,10608,10609,10608,3
2019-06-24 17:34:52.566,10609,10610,10609,1
2019-06-24 17:35:57.833,10609,10610,10609,1
2019-06-24 17:35:58.748,10609,10610,10609,1
2019-06-24 17:35:58.755,10609,10610,10609,1
2019-06-24 17:35:58.756,10609,10610,10609,1
2019-06-24 17:36:43.639,10608,10609,10609,1
2019-06-24 17:36:47.003,10608,10609,10609,6
2019-06-24 17:37:20.995,10609,10610,10609,2
2019-06-24 17:38:20.947,10609,10610,10610,1
2019-06-24 17:38:20.947,10609,10610,10610,2
2019-06-24 17:38:20.947,10609,10610,10610,1
2019-06-24 17:38:21.068,10609,10610,10610,9
2019-06-24 17:38:42.901,10610,10611,10610,2
2019-06-24 17:39:21.318,10609,10610,10610,4
2019-06-24 17:40:35.578,10610,10611,10610,1
2019-06-24 17:40:36.913,10610,10611,10610,2
2019-06-24 17:40:37.049,10610,10611,10610,2
2019-06-24 17:40:38.146,10609,10610,10610,1
2019-06-24 17:40:40.864,10609,10610,10610,1
2019-06-24 17:41:22.940,10610,10611,10610,1
2019-06-24 17:41:30.808,10610,10611,10610,1
2019-06-24 17:41:48.169,10610,10611,10610,1
2019-06-24 17:44:02.018,10610,10611,10611,1
2019-06-24 17:44:24.414,10610,10611,10611,1
2019-06-24 17:44:27.129,10610,10611,10611,1
2019-06-24 17:44:27.130,10610,10611,10611,3
2019-06-24 17:44:27.140,10610,10611,10611,1
2019-06-24 17:44:27.172,10610,10611,10611,2
2019-06-24 17:44:42.433,10611,10612,10611,3
2019-06-24 17:44:55.862,10611,10612,10612,1
2019-06-24 17:45:01.760,10611,10612,10611,1
2019-06-24 17:45:01.823,10611,10612,10611,1
2019-06-24 17:45:03.290,10611,10612,10612,2
2019-06-24 17:45:20.012,10611,10612,10612,1
2019-06-24 17:45:52.981,10611,10612,10612,1
2019-06-24 17:46:10.003,10611,10612,10612,1
2019-06-24 17:46:18.808,10611,10612,10611,2
2019-06-24 17:46:29.760,10611,10612,10611,1
2019-06-24 17:46:36.993,10611,10612,10611,1
2019-06-24 17:46:57.645,10611,10612,10611,1
2019-06-24 17:46:57.645,10611,10612,10611,2
2019-06-24 17:46:57.693,10611,10612,10611,1
2019-06-24 17:46:57.693,10611,10612,10611,4
2019-06-24 17:46:57.735,10611,10612,10611,1
2019-06-24 17:46:57.818,10611,10612,10611,2
2019-06-24 17:47:40.898,10610,10611,10611,1
2019-06-24 17:48:20.164,10611,10612,10611,2
2019-06-24 17:49:16.667,10611,10612,10612,1
2019-06-24 17:49:35.443,10611,10612,10612,1
2019-06-24 17:49:35.693,10611,10612,10612,1
2019-06-24 17:49:36.068,10611,10612,10612,1
2019-06-24 17:49:42.674,10611,10612,10612,1
2019-06-24 17:49:46.189,10611,10612,10612,1
2019-06-24 17:50:04.684,10611,10612,10612,5
2019-06-24 17:50:45.015,10611,10612,10612,1
2019-06-24 17:50:52.206,10611,10612,10612,1
2019-06-24 17:50:57.402,10611,10612,10612,5
2019-06-24 17:50:57.650,10611,10612,10612,3
2019-06-24 17:51:07.350,10611,10612,10612,2
2019-06-24 17:52:52.193,10611,10612,10611,4
2019-06-24 17:52:52.318,10611,10612,10611,4
2019-06-24 17:53:19.959,10610,10611,10611,2
2019-06-24 17:53:26.047,10610,10611,10611,1
2019-06-24 17:53:37.228,10610,10611,10611,1
2019-06-24 17:53:41.671,10610,10611,10611,1
2019-06-24 17:54:14.944,10611,10612,10611,2
2019-06-24 17:55:34.652,10611,10612,10612,3
2019-06-24 17:56:59.111,10611,10612,10612,1
2019-06-24 17:56:59.699,10611,10612,10612,1
2019-06-24 17:57:16.128,10611,10612,10612,2
2019-06-24 17:57:23.196,10611,10612,10612,2
2019-06-24 17:57:53.144,10611,10612,10612,5
2019-06-24 17:58:19.948,10612,10613,10613,1
2019-06-24 17:58:20.159,10612,10613,10613,1
2019-06-24 17:58:40.031,10612,10613,10613,2
2019-06-24 17:58:50.618,10612,10613,10613,1
2019-06-24 17:58:57.515,10612,10613,10613,1
2019-06-24 17:59:04.410,10612,10613,10613,4
2019-06-24 17:59:21.963,10613,10614,10613,5
2019-06-24 17:59:32.107,10612,10613,10612,19
2019-06-24 17:59:32.443,10611,10612,10612,1
2019-06-24 17:59:32.980,10611,10612,10612,1
2019-06-24 17:59:40.581,10612,10613,10613,1
2019-06-24 17:59:49.012,10612,10613,10612,1
2019-06-24 17:59:52.458,10612,10613,10612,3
2019-06-24 17:59:59.515,10612,10613,10612,5
2019-06-24 18:00:03.105,10612,10613,10613,5
2019-06-24 18:00:03.178,10612,10613,10614,3
2019-06-24 18:00:03.180,10612,10613,10614,2
2019-06-24 18:00:03.427,10613,10614,10613,2
2019-06-24 18:00:05.116,10612,10614,10613,1
2019-06-24 18:00:05.171,10612,10614,10612,1
2019-06-24 18:00:05.195,10612,10614,10612,1
2019-06-24 18:00:35.270,10613,10614,10613,1
2019-06-24 18:00:39.963,10612,10613,10613,5
2019-06-24 18:00:52.244,10612,10613,10613,1
2019-06-24 18:00:54.226,10612,10613,10612,3
2019-06-24 18:01:08.900,10612,10613,10613,4
2019-06-24 18:01:08.900,10612,10613,10614,1
2019-06-24 18:01:18.128,10612,10614,10614,1
2019-06-24 18:01:48.164,10613,10614,10613,1
2019-06-24 18:01:53.547,10613,10614,10613,1
2019-06-24 18:01:55.995,10612,10613,10613,2
2019-06-24 18:01:55.996,10612,10613,10613,12
2019-06-24 18:02:00.570,10613,10614,10613,15
2019-06-24 18:02:01.808,10612,10614,10614,1
2019-06-24 18:02:08.268,10613,10614,10613,15
2019-06-24 18:02:49.728,10613,10614,10613,5
2019-06-24 18:02:59.432,10613,10614,10614,1
2019-06-24 18:03:02.413,10613,10614,10614,3
2019-06-24 18:03:26.793,10613,10614,10613,1
2019-06-24 18:03:43.299,10613,10614,10614,1
2019-06-24 18:03:58.661,10613,10614,10614,1
2019-06-24 18:04:24.920,10613,10614,10614,8
2019-06-24 18:04:24.943,10613,10614,10614,12
2019-06-24 18:04:25.068,10613,10614,10614,15
2019-06-24 18:04:30.196,10613,10614,10614,1
2019-06-24 18:04:33.569,10613,10614,10614,1
2019-06-24 18:04:40.579,10614,10615,10615,1
2019-06-24 18:04:40.790,10614,10615,10615,1
2019-06-24 18:04:40.863,10614,10615,10615,1
2019-06-24 18:04:40.985,10614,10615,10615,1
2019-06-24 18:04:41.038,10614,10615,10615,2
2019-06-24 18:04:41.226,10614,10615,10615,1
2019-06-24 18:04:43.903,10614,10615,10615,1
2019-06-24 18:04:50.487,10614,10615,10615,1
2019-06-24 18:04:52.953,10614,10615,10615,2
2019-06-24 18:04:55.451,10614,10615,10615,2
2019-06-24 18:05:09.655,10614,10615,10615,16
2019-06-24 18:05:10.144,10614,10615,10614,2
2019-06-24 18:05:10.234,10614,10615,10615,1
2019-06-24 18:05:12.947,10614,10615,10615,4
2019-06-24 18:05:15.576,10614,10615,10615,1
2019-06-24 18:05:16.133,10614,10615,10615,1
2019-06-24 18:05:16.294,10614,10615,10615,7
2019-06-24 18:05:34.062,10615,10616,10616,4
2019-06-24 18:05:37.864,10615,10616,10616,1
2019-06-24 18:05:45.349,10615,10616,10615,1
2019-06-24 18:05:57.479,10615,10616,10616,1
2019-06-24 18:06:01.859,10615,10616,10616,3
2019-06-24 18:06:07.759,10615,10616,10616,1
2019-06-24 18:06:09.664,10615,10616,10616,1
2019-06-24 18:06:10.931,10615,10616,10616,1
2019-06-24 18:06:19.659,10615,10616,10616,1
2019-06-24 18:06:20.709,10615,10616,10616,5
2019-06-24 18:06:20.778,10615,10616,10616,3
2019-06-24 18:06:22.066,10615,10616,10616,1
2019-06-24 18:06:34.495,10615,10616,10616,1
2019-06-24 18:06:37.457,10615,10616,10616,1
2019-06-24 18:06:47.750,10615,10616,10616,1
2019-06-24 18:06:50.973,10615,10616,10616,2
2019-06-24 18:07:06.982,10615,10616,10615,1
2019-06-24 18:07:18.899,10615,10616,10615,1
2019-06-24 18:07:57.231,10615,10616,10616,1
2019-06-24 18:08:29.494,10615,10616,10615,1
2019-06-24 18:08:33.720,10615,10616,10615,1
2019-06-24 18:08:44.866,10615,10616,10615,5
2019-06-24 18:08:53.418,10615,10616,10615,1
2019-06-24 18:08:57.293,10615,10616,10615,1
2019-06-24 18:08:57.318,10615,10616,10615,20
2019-06-24 18:09:03.063,10614,10615,10615,2
2019-06-24 18:09:28.734,10614,10615,10614,1
2019-06-24 18:09:35.673,10614,10615,10615,1
2019-06-24 18:09:37.895,10614,10615,10615,1
2019-06-24 18:09:51.639,10614,10615,10615,1
2019-06-24 18:10:04.692,10615,10616,10615,4
2019-06-24 18:10:05.161,10614,10615,10615,1
2019-06-24 18:10:13.268,10615,10616,10615,1
2019-06-24 18:10:16.399,10614,10615,10615,1
2019-06-24 18:10:20.177,10614,10615,10615,1
2019-06-24 18:10:24.077,10614,10615,10615,2
2019-06-24 18:10:36.880,10614,10615,10615,1
2019-06-24 18:10:45.445,10614,10615,10615,1
2019-06-24 18:10:46.669,10614,10615,10615,1
2019-06-24 18:10:50.849,10614,10615,10615,1
2019-06-24 18:11:08.502,10614,10615,10614,1
2019-06-24 18:11:15.361,10614,10615,10614,1
2019-06-24 18:11:29.084,10614,10615,10614,3
2019-06-24 18:11:32.800,10614,10615,10614,1
2019-06-24 18:11:40.778,10614,10615,10614,1
2019-06-24 18:11:40.818,10614,10615,10614,1
2019-06-24 18:11:40.943,10614,10615,10614,1
2019-06-24 18:11:49.600,10614,10615,10614,11
2019-06-24 18:11:55.827,10613,10614,10614,1
2019-06-24 18:11:55.827,10613,10614,10615,2
2019-06-24 18:12:02.151,10613,10614,10614,4
2019-06-24 18:12:36.072,10614,10615,10615,3
2019-06-24 18:13:19.443,10614,10615,10615,8
2019-06-24 18:13:19.568,10614,10615,10615,2
2019-06-24 18:13:19.568,10614,10615,10615,1
2019-06-24 18:13:32.232,10614,10615,10615,2
2019-06-24 18:13:36.028,10614,10615,10615,1
2019-06-24 18:14:29.605,10615,10616,10615,3
2019-06-24 18:14:40.651,10615,10616,10615,1
2019-06-24 18:14:44.997,10615,10616,10615,1
2019-06-24 18:15:47.481,10614,10615,10615,1
2019-06-24 18:15:49.663,10614,10615,10614,1
2019-06-24 18:16:07.710,10614,10615,10614,1
2019-06-24 18:16:59.484,10614,10615,10615,3
2019-06-24 18:17:40.795,10615,10616,10615,1
2019-06-24 18:18:32.655,10615,10616,10615,1
2019-06-24 18:18:36.047,10615,10616,10616,2
2019-06-24 18:18:43.181,10615,10616,10616,4
2019-06-24 18:18:52.152,10615,10616,10616,1
2019-06-24 18:19:03.795,10615,10616,10615,1
2019-06-24 18:19:23.443,10615,10616,10615,1
2019-06-24 18:19:23.568,10615,10616,10615,1
2019-06-24 18:19:24.248,10615,10616,10615,1
2019-06-24 18:19:24.318,10615,10616,10615,1
2019-06-24 18:19:24.443,10615,10616,10615,1
2019-06-24 18:19:39.011,10615,10616,10615,1
2019-06-24 18:20:08.058,10615,10616,10616,2
2019-06-24 18:20:33.488,10615,10616,10615,1
2019-06-24 18:21:20.319,10615,10616,10615,1
2019-06-24 18:21:22.254,10615,10616,10615,8
2019-06-24 18:21:59.143,10614,10615,10614,8
2019-06-24 18:21:59.143,10614,10615,10613,70
2019-06-24 18:21:59.688,10612,10613,10612,5
2019-06-24 18:21:59.750,10612,10613,10612,1
2019-06-24 18:22:05.321,10612,10613,10612,1
2019-06-24 18:22:07.020,10612,10613,10612,1
2019-06-24 18:22:17.249,10612,10613,10612,1
2019-06-24 18:22:29.397,10612,10613,10612,2
2019-06-24 18:22:37.922,10612,10613,10612,1
2019-06-24 18:22:41.560,10612,10613,10612,1
2019-06-24 18:22:52.410,10612,10613,10612,1
2019-06-24 18:22:57.257,10612,10613,10612,2
2019-06-24 18:22:58.894,10612,10613,10612,3
2019-06-24 18:23:11.886,10612,10613,10612,2
2019-06-24 18:23:11.887,10612,10613,10612,8
2019-06-24 18:23:18.373,10611,10612,10612,1
2019-06-24 18:24:08.065,10611,10612,10611,10
2019-06-24 18:24:08.091,10611,10612,10611,1
2019-06-24 18:24:09.620,10611,10612,10612,2
2019-06-24 18:24:13.903,10611,10612,10611,30
2019-06-24 18:24:13.943,10611,10612,10611,3
2019-06-24 18:24:14.068,10610,10611,10610,5
2019-06-24 18:24:14.068,10610,10611,10610,1
2019-06-24 18:24:14.068,10610,10611,10610,2
2019-06-24 18:24:32.539,10610,10611,10610,11
2019-06-24 18:24:37.272,10610,10611,10610,1
2019-06-24 18:24:45.466,10610,10611,10610,1
2019-06-24 18:24:46.846,10610,10611,10611,1
2019-06-24 18:24:55.979,10610,10611,10611,4
2019-06-24 18:24:56.070,10610,10611,10611,1
2019-06-24 18:24:56.499,10610,10611,10611,1
2019-06-24 18:24:56.568,10610,10612,10611,1
2019-06-24 18:25:00.878,10610,10611,10610,1
2019-06-24 18:25:02.683,10610,10611,10611,3
2019-06-24 18:25:03.595,10610,10611,10610,1
2019-06-24 18:25:07.738,10610,10611,10610,4
2019-06-24 18:25:09.211,10610,10611,10611,1
2019-06-24 18:25:10.476,10610,10611,10610,2
2019-06-24 18:25:14.751,10610,10611,10610,1
2019-06-24 18:25:15.066,10610,10611,10610,1
2019-06-24 18:25:16.904,10610,10611,10610,1
2019-06-24 18:25:19.680,10610,10611,10610,2
2019-06-24 18:25:28.069,10610,10611,10611,1
2019-06-24 18:27:03.547,10610,10611,10611,2
2019-06-24 18:27:09.623,10610,10611,10611,1
2019-06-24 18:27:16.909,10610,10611,10611,4
2019-06-24 18:27:24.499,10610,10611,10611,1
2019-06-24 18:27:25.974,10611,10612,10611,3
2019-06-24 18:27:25.974,10611,10612,10610,2
2019-06-24 18:27:51.317,10611,10612,10611,1
2019-06-24 18:27:59.954,10611,10612,10611,1
2019-06-24 18:28:15.849,10611,10612,10611,1
2019-06-24 18:28:21.871,10611,10612,10612,1
2019-06-24 18:28:27.264,10611,10612,10612,1
2019-06-24 18:28:39.938,10611,10612,10612,1
2019-06-24 18:28:56.362,10611,10612,10612,1
2019-06-24 18:29:30.266,10611,10612,10612,10
2019-06-24 18:29:46.969,10611,10612,10612,10
2019-06-24 18:30:03.746,10611,10612,10612,1
2019-06-24 18:30:08.898,10611,10612,10612,1
2019-06-24 18:30:16.841,10611,10612,10612,1
2019-06-24 18:30:21.602,10611,10612,10612,1
2019-06-24 18:30:55.967,10611,10612,10612,1
2019-06-24 18:31:10.056,10611,10612,10612,10
2019-06-24 18:31:57.726,10611,10612,10612,1
2019-06-24 18:31:57.818,10611,10612,10612,1
2019-06-24 18:34:13.097,10611,10612,10612,5
2019-06-24 18:34:26.163,10611,10612,10612,1
2019-06-24 18:35:54.686,10611,10612,10612,2
2019-06-24 18:36:08.314,10611,10612,10612,2
2019-06-24 18:36:11.450,10611,10612,10612,1
2019-06-24 18:36:13.950,10611,10612,10612,2
2019-06-24 18:37:35.313,10611,10612,10612,1
2019-06-24 18:37:38.239,10611,10612,10611,2
2019-06-24 18:37:45.601,10611,10612,10611,1
2019-06-24 18:38:44.932,10611,10612,10611,1
2019-06-24 18:38:48.364,10611,10612,10611,1
2019-06-24 18:38:49.372,10611,10612,10611,1
2019-06-24 18:38:54.154,10611,10612,10611,4
2019-06-24 18:38:54.193,10611,10612,10611,2
2019-06-24 18:39:31.261,10610,10611,10611,1
2019-06-24 18:40:14.774,10610,10611,10611,1
2019-06-24 18:40:15.355,10610,10612,10610,1
2019-06-24 18:40:42.088,10611,10612,10611,4
2019-06-24 18:41:26.069,10611,10612,10611,1
2019-06-24 18:41:26.993,10611,10612,10611,1
2019-06-24 18:42:19.981,10611,10612,10611,1
2019-06-24 18:42:20.055,10611,10612,10611,1
2019-06-24 18:42:20.259,10611,10612,10611,1
2019-06-24 18:42:20.443,10611,10612,10611,1
2019-06-24 18:42:31.699,10611,10612,10611,1
2019-06-24 18:45:25.892,10611,10612,10612,1
2019-06-24 18:45:38.569,10611,10612,10612,1
2019-06-24 18:46:00.615,10611,10612,10611,1
2019-06-24 18:46:00.615,10611,10612,10611,1
2019-06-24 18:46:00.615,10611,10612,10611,1
2019-06-24 18:46:11.056,10610,10611,10611,1
2019-06-24 18:46:25.213,10610,10611,10611,1
2019-06-24 18:47:09.186,10610,10611,10611,1
2019-06-24 18:47:09.841,10610,10611,10611,1
2019-06-24 18:47:33.176,10610,10611,10611,2
2019-06-24 18:47:45.339,10610,10611,10611,1
2019-06-24 18:47:53.921,10610,10611,10611,1
2019-06-24 18:47:56.568,10610,10611,10610,10
2019-06-24 18:47:56.571,10610,10611,10610,4
2019-06-24 18:47:56.693,10610,10611,10610,15
2019-06-24 18:47:56.693,10610,10611,10610,4
2019-06-24 18:47:56.693,10610,10611,10610,3
2019-06-24 18:47:56.693,10610,10611,10610,2
2019-06-24 18:47:56.693,10610,10611,10610,4
2019-06-24 18:47:56.693,10610,10611,10610,11
2019-06-24 18:47:56.693,10610,10611,10610,5
2019-06-24 18:48:12.635,10609,10610,10610,1
2019-06-24 18:48:12.901,10609,10610,10610,1
2019-06-24 18:48:12.927,10609,10610,10609,1
2019-06-24 18:48:13.018,10609,10610,10609,1
2019-06-24 18:48:13.234,10609,10610,10610,1
2019-06-24 18:48:13.607,10609,10610,10610,1
2019-06-24 18:48:42.323,10610,10611,10610,1
2019-06-24 18:48:43.445,10610,10611,10610,1
2019-06-24 18:48:44.450,10610,10611,10610,1
2019-06-24 18:48:46.683,10610,10611,10610,1
2019-06-24 18:49:24.318,10610,10611,10611,5
2019-06-24 18:49:29.701,10611,10612,10611,1
2019-06-24 18:50:04.724,10611,10612,10611,1
2019-06-24 18:50:32.068,10611,10612,10612,10
2019-06-24 18:51:01.908,10612,10613,10613,2
2019-06-24 18:51:21.122,10612,10613,10613,1
2019-06-24 18:51:21.218,10612,10613,10612,1
2019-06-24 18:51:34.618,10612,10613,10612,1
2019-06-24 18:51:43.915,10612,10613,10612,1
2019-06-24 18:52:03.632,10611,10612,10611,2
2019-06-24 18:52:03.954,10611,10612,10612,1
2019-06-24 18:52:05.042,10611,10612,10611,1
2019-06-24 18:52:05.051,10611,10612,10612,1
2019-06-24 18:53:24.838,10611,10612,10611,1
2019-06-24 18:53:24.919,10611,10612,10611,1
2019-06-24 18:53:24.943,10611,10612,10611,1
2019-06-24 18:53:24.958,10611,10612,10611,9
2019-06-24 18:53:41.723,10610,10611,10611,1
2019-06-24 18:53:49.171,10610,10611,10610,1
2019-06-24 18:53:50.429,10610,10611,10611,1
2019-06-24 18:53:55.408,10610,10611,10610,1
2019-06-24 18:54:02.788,10610,10611,10610,1
2019-06-24 18:54:03.103,10610,10611,10610,2
2019-06-24 18:54:03.321,10610,10611,10610,2
2019-06-24 18:55:39.775,10610,10611,10611,1
2019-06-24 18:55:39.943,10610,10611,10611,1
2019-06-24 18:55:40.087,10610,10611,10611,1
2019-06-24 18:55:40.697,10610,10611,10610,2
2019-06-24 18:55:40.832,10610,10611,10610,2
2019-06-24 18:55:41.223,10610,10611,10610,2
2019-06-24 18:55:41.342,10610,10611,10610,2
2019-06-24 18:55:55.723,10610,10611,10611,2
2019-06-24 18:56:14.693,10611,10612,10611,1
2019-06-24 18:56:14.943,10611,10612,10611,1
2019-06-24 18:56:32.318,10611,10612,10611,2
2019-06-24 18:56:47.729,10610,10611,10611,1
2019-06-24 18:57:09.399,10610,10611,10610,1
2019-06-24 18:57:19.562,10610,10611,10610,10
2019-06-24 18:57:25.048,10609,10610,10610,1
2019-06-24 18:57:47.568,10610,10611,10610,1
2019-06-24 18:57:56.094,10609,10610,10609,1
2019-06-24 18:58:04.696,10609,10610,10609,3
2019-06-24 18:58:59.060,10609,10610,10610,1
2019-06-24 18:59:06.636,10609,10610,10610,1
2019-06-24 18:59:40.537,10609,10610,10610,1
2019-06-24 18:59:43.773,10609,10610,10610,1
2019-06-24 18:59:47.792,10609,10610,10610,2
2019-06-24 18:59:58.688,10609,10610,10610,1
2019-06-24 19:00:10.370,10609,10610,10610,1
2019-06-24 19:00:10.933,10609,10611,10609,8
2019-06-24 19:00:11.044,10609,10611,10609,1
2019-06-24 19:00:11.444,10609,10610,10609,1
2019-06-24 19:00:11.746,10609,10610,10609,1
2019-06-24 19:00:20.005,10609,10610,10610,1
2019-06-24 19:00:32.239,10610,10611,10610,1
2019-06-24 19:00:49.438,10610,10611,10610,1
2019-06-24 19:01:29.769,10610,10611,10611,1
2019-06-24 19:01:29.772,10610,10611,10611,1
2019-06-24 19:01:29.775,10610,10611,10611,6
2019-06-24 19:01:29.776,10610,10611,10611,1
2019-06-24 19:01:33.771,10611,10612,10611,3
2019-06-24 19:01:35.007,10611,10612,10611,1
2019-06-24 19:02:20.033,10611,10612,10611,1
2019-06-24 19:02:25.195,10610,10611,10610,2
2019-06-24 19:02:25.196,10610,10611,10610,3
2019-06-24 19:02:25.196,10610,10611,10610,1
2019-06-24 19:02:25.196,10610,10611,10610,1
2019-06-24 19:02:25.196,10610,10611,10610,2
2019-06-24 19:02:25.196,10610,10611,10610,1
2019-06-24 19:02:26.417,10609,10610,10610,5
2019-06-24 19:02:54.818,10609,10610,10610,4
2019-06-24 19:03:03.766,10610,10611,10610,1
2019-06-24 19:03:03.890,10610,10611,10610,5
2019-06-24 19:03:17.593,10610,10611,10611,5
2019-06-24 19:03:30.231,10610,10611,10611,2
2019-06-24 19:04:34.624,10610,10611,10610,1
2019-06-24 19:04:49.827,10610,10611,10610,1
2019-06-24 19:04:50.599,10610,10611,10610,1
2019-06-24 19:04:52.067,10610,10611,10610,2
2019-06-24 19:05:00.650,10610,10611,10610,1
2019-06-24 19:05:00.693,10610,10611,10610,2
2019-06-24 19:05:13.571,10610,10611,10610,1
2019-06-24 19:05:13.689,10610,10611,10610,3
2019-06-24 19:05:13.689,10610,10611,10610,3
2019-06-24 19:05:13.689,10610,10611,10610,2
2019-06-24 19:05:13.689,10610,10611,10610,1
2019-06-24 19:05:13.689,10610,10611,10610,2
2019-06-24 19:05:13.689,10610,10611,10610,1
2019-06-24 19:05:13.818,10609,10610,10610,1
2019-06-24 19:05:13.818,10609,10610,10610,1
2019-06-24 19:05:13.819,10609,10610,10610,1
2019-06-24 19:05:13.819,10609,10610,10610,1
2019-06-24 19:05:21.794,10609,10610,10609,16
2019-06-24 19:05:22.235,10609,10610,10609,1
2019-06-24 19:05:34.186,10609,10610,10609,1
2019-06-24 19:05:38.512,10609,10610,10609,1
2019-06-24 19:05:42.609,10609,10610,10609,1
2019-06-24 19:05:42.739,10609,10610,10609,1
2019-06-24 19:05:44.177,10609,10610,10609,1
2019-06-24 19:05:45.995,10609,10610,10609,1
2019-06-24 19:05:46.876,10609,10610,10609,1
2019-06-24 19:06:00.421,10609,10610,10610,1
2019-06-24 19:06:00.421,10609,10610,10610,3
2019-06-24 19:06:11.246,10609,10610,10610,1
2019-06-24 19:06:40.324,10610,10611,10610,15
2019-06-24 19:07:01.694,10610,10611,10610,1
2019-06-24 19:07:02.456,10609,10611,10610,1
2019-06-24 19:07:32.851,10609,10610,10609,1
2019-06-24 19:07:34.143,10609,10610,10609,2
2019-06-24 19:07:47.975,10609,10610,10609,1
2019-06-24 19:07:56.028,10609,10610,10609,1
2019-06-24 19:07:57.930,10609,10610,10610,2
2019-06-24 19:07:57.930,10609,10610,10610,1
2019-06-24 19:08:00.487,10609,10610,10609,1
2019-06-24 19:08:06.759,10609,10611,10609,1
2019-06-24 19:08:13.012,10610,10611,10610,1
2019-06-24 19:08:30.260,10609,10610,10610,1
2019-06-24 19:08:30.339,10609,10610,10610,1
2019-06-24 19:08:30.443,10609,10610,10610,1
2019-06-24 19:09:04.994,10610,10611,10610,1
2019-06-24 19:09:59.854,10610,10611,10611,6
2019-06-24 19:09:59.855,10610,10611,10611,2
2019-06-24 19:11:04.094,10611,10612,10611,2
2019-06-24 19:11:04.369,10610,10611,10610,1
2019-06-24 19:11:04.399,10610,10611,10610,1
2019-06-24 19:11:04.591,10610,10611,10610,1
2019-06-24 19:11:05.339,10610,10611,10610,1
2019-06-24 19:11:05.370,10610,10611,10610,1
2019-06-24 19:11:16.569,10610,10611,10611,3
2019-06-24 19:11:17.254,10611,10612,10611,2
2019-06-24 19:11:37.640,10611,10612,10611,1
2019-06-24 19:11:38.694,10610,10611,10611,2
2019-06-24 19:11:53.511,10611,10612,10611,1
2019-06-24 19:11:58.129,10611,10612,10611,1
2019-06-24 19:12:30.981,10611,10612,10612,1
2019-06-24 19:13:09.651,10611,10612,10612,1
2019-06-24 19:13:41.758,10611,10612,10612,1
2019-06-24 19:14:20.735,10611,10612,10612,1
2019-06-24 19:14:20.818,10611,10612,10612,1
2019-06-24 19:14:20.818,10611,10612,10612,1
2019-06-24 19:15:09.699,10611,10612,10611,4
2019-06-24 19:15:09.700,10611,10612,10611,1
2019-06-24 19:15:09.700,10611,10612,10611,1
2019-06-24 19:15:09.864,10610,10611,10610,2
2019-06-24 19:15:31.106,10610,10611,10611,1
2019-06-24 19:17:12.401,10610,10611,10611,12
2019-06-24 19:17:47.459,10611,10612,10611,1
2019-06-24 19:18:06.010,10611,10612,10611,1
2019-06-24 19:18:06.080,10611,10612,10611,1
2019-06-24 19:18:27.090,10611,10612,10611,1
2019-06-24 19:19:20.414,10611,10612,10611,1
2019-06-24 19:19:21.943,10611,10612,10611,1
2019-06-24 19:19:34.799,10610,10611,10611,1
2019-06-24 19:20:38.298,10610,10611,10610,1
2019-06-24 19:20:42.049,10610,10611,10611,1
2019-06-24 19:21:04.304,10610,10611,10611,1
2019-06-24 19:21:04.306,10610,10611,10611,1
2019-06-24 19:21:04.308,10610,10611,10611,1
2019-06-24 19:21:04.308,10610,10611,10611,1
2019-06-24 19:21:04.318,10610,10611,10611,1
2019-06-24 19:21:04.318,10610,10611,10611,2
2019-06-24 19:21:28.275,10611,10612,10611,1
2019-06-24 19:22:12.374,10611,10612,10611,1
2019-06-24 19:24:41.209,10611,10612,10611,2
2019-06-24 19:25:47.252,10611,10612,10611,1
2019-06-24 19:25:48.068,10611,10612,10611,1
2019-06-24 19:25:49.339,10611,10612,10611,1
2019-06-24 19:25:50.830,10611,10612,10611,1
2019-06-24 19:26:02.523,10611,10612,10611,1
2019-06-24 19:26:43.150,10611,10612,10612,2
2019-06-24 19:26:43.150,10611,10612,10612,2
2019-06-24 19:27:18.029,10611,10612,10611,2
2019-06-24 19:27:18.068,10611,10612,10611,3
2019-06-24 19:27:18.193,10611,10612,10611,1
2019-06-24 19:27:18.193,10611,10612,10611,1
2019-06-24 19:27:28.104,10611,10612,10612,1
2019-06-24 19:27:30.866,10611,10612,10612,1
2019-06-24 19:27:54.092,10611,10612,10611,1
2019-06-24 19:28:01.959,10611,10612,10611,1
2019-06-24 19:29:04.408,10611,10612,10612,1
2019-06-24 19:29:10.529,10611,10612,10612,1
2019-06-24 19:29:17.032,10611,10612,10612,1
2019-06-24 19:29:53.199,10611,10612,10611,11
2019-06-24 19:29:54.272,10610,10611,10611,2
2019-06-24 19:29:58.490,10610,10611,10611,1
2019-06-24 19:29:58.810,10610,10611,10611,1
2019-06-24 19:30:01.353,10610,10611,10611,1
2019-06-24 19:30:01.987,10610,10611,10610,12
2019-06-24 19:30:02.014,10610,10611,10610,2
2019-06-24 19:30:04.454,10610,10611,10611,1
2019-06-24 19:30:31.318,10610,10611,10611,1
2019-06-24 19:30:31.443,10610,10611,10611,1
2019-06-24 19:30:32.188,10610,10611,10611,1
2019-06-24 19:31:03.830,10611,10612,10611,1
2019-06-24 19:31:22.569,10610,10611,10611,2
2019-06-24 19:32:04.463,10611,10612,10611,3
2019-06-24 19:32:53.238,10610,10611,10611,1
2019-06-24 19:33:18.040,10610,10611,10611,1
2019-06-24 19:34:30.614,10610,10611,10611,4
2019-06-24 19:35:05.089,10610,10611,10611,1
2019-06-24 19:35:49.492,10610,10611,10611,1
2019-06-24 19:36:02.906,10610,10611,10611,1
2019-06-24 19:37:16.068,10610,10611,10610,1
2019-06-24 19:37:16.193,10610,10611,10610,1
2019-06-24 19:37:59.104,10610,10611,10611,1
2019-06-24 19:38:31.461,10610,10611,10610,1
2019-06-24 19:38:56.493,10610,10611,10610,1
2019-06-24 19:39:06.749,10610,10611,10611,1
2019-06-24 19:39:13.185,10610,10611,10611,1
2019-06-24 19:39:24.546,10610,10611,10611,2
2019-06-24 19:39:28.677,10610,10611,10611,2
2019-06-24 19:39:40.554,10610,10611,10611,2
2019-06-24 19:39:59.044,10610,10611,10611,1
2019-06-24 19:40:00.853,10610,10611,10610,1
2019-06-24 19:40:00.856,10610,10611,10610,1
2019-06-24 19:40:00.943,10610,10611,10610,2
2019-06-24 19:40:02.233,10610,10611,10610,1
