2020-10-07,15:00:00.098000,12760,12761,12761,58
2020-10-07,15:00:00.100000,12760,12761,12761,12
2020-10-07,15:00:00.150000,12760,12762,12760,1
2020-10-07,15:00:00.222000,12760,12762,12760,1
2020-10-07,15:00:00.360000,12760,12762,12762,1
2020-10-07,15:00:00.395000,12760,12762,12762,1
2020-10-07,15:00:00.395000,12760,12762,12762,9
2020-10-07,15:00:00.395000,12760,12762,12763,16
2020-10-07,15:00:00.397000,12760,12762,12760,1
2020-10-07,15:00:00.461000,12761,12763,12763,2
2020-10-07,15:00:00.467000,12761,12763,12763,1
2020-10-07,15:00:00.574000,12761,12763,12763,2
2020-10-07,15:00:00.617000,12762,12763,12762,1
2020-10-07,15:00:00.637000,12762,12763,12763,1
2020-10-07,15:00:00.708000,12762,12763,12763,2
2020-10-07,15:00:00.726000,12762,12763,12762,1
2020-10-07,15:00:00.737000,12762,12763,12762,1
2020-10-07,15:00:00.743000,12762,12763,12762,1
2020-10-07,15:00:00.760000,12762,12763,12762,1
2020-10-07,15:00:00.767000,12762,12763,12762,2
2020-10-07,15:00:00.783000,12762,12763,12763,2
2020-10-07,15:00:00.820000,12762,12763,12763,1
2020-10-07,15:00:00.932000,12762,12763,12763,1
2020-10-07,15:00:01.033000,12762,12763,12763,4
2020-10-07,15:00:01.083000,12762,12764,12763,2
2020-10-07,15:00:01.083000,12762,12764,12764,1
2020-10-07,15:00:01.110000,12762,12764,12764,1
2020-10-07,15:00:01.138000,12762,12764,12765,1
2020-10-07,15:00:01.203000,12762,12765,12762,7
2020-10-07,15:00:01.206000,12762,12765,12764,1
2020-10-07,15:00:01.207000,12762,12765,12764,2
2020-10-07,15:00:01.251000,12762,12765,12764,1
2020-10-07,15:00:01.260000,12762,12765,12764,1
2020-10-07,15:00:01.277000,12762,12765,12763,5
2020-10-07,15:00:01.331000,12763,12765,12765,1
2020-10-07,15:00:01.371000,12763,12765,12763,2
2020-10-07,15:00:01.386000,12763,12765,12763,1
2020-10-07,15:00:01.406000,12763,12765,12765,3
2020-10-07,15:00:01.437000,12763,12765,12763,1
2020-10-07,15:00:01.482000,12763,12764,12764,1
2020-10-07,15:00:01.487000,12763,12764,12765,4
2020-10-07,15:00:01.510000,12763,12764,12765,1
2020-10-07,15:00:01.613000,12764,12766,12765,5
2020-10-07,15:00:01.613000,12764,12766,12766,10
2020-10-07,15:00:01.613000,12764,12766,12767,5
2020-10-07,15:00:01.613000,12764,12766,12768,10
2020-10-07,15:00:01.643000,12764,12766,12767,1
2020-10-07,15:00:01.709000,12764,12767,12767,1
2020-10-07,15:00:01.743000,12764,12767,12767,2
2020-10-07,15:00:01.822000,12764,12767,12764,1
2020-10-07,15:00:01.822000,12764,12767,12763,2
2020-10-07,15:00:01.825000,12764,12767,12768,1
2020-10-07,15:00:01.912000,12764,12768,12764,1
2020-10-07,15:00:01.916000,12764,12768,12763,1
2020-10-07,15:00:01.928000,12764,12768,12763,1
2020-10-07,15:00:02.115000,12763,12766,12766,1
2020-10-07,15:00:02.118000,12763,12766,12763,1
2020-10-07,15:00:02.119000,12763,12766,12762,1
2020-10-07,15:00:02.139000,12763,12766,12762,1
2020-10-07,15:00:02.165000,12763,12766,12762,1
2020-10-07,15:00:02.165000,12763,12766,12762,1
2020-10-07,15:00:02.202000,12762,12766,12762,1
2020-10-07,15:00:02.326000,12762,12766,12762,1
2020-10-07,15:00:02.389000,12762,12765,12764,4
2020-10-07,15:00:02.389000,12762,12765,12765,1
2020-10-07,15:00:02.389000,12762,12765,12766,1
2020-10-07,15:00:03.099000,12762,12764,12764,2
2020-10-07,15:00:03.138000,12762,12764,12762,1
2020-10-07,15:00:03.149000,12762,12764,12762,1
2020-10-07,15:00:03.188000,12762,12764,12762,1
2020-10-07,15:00:03.189000,12762,12764,12762,1
2020-10-07,15:00:03.453000,12763,12764,12764,2
2020-10-07,15:00:03.639000,12763,12765,12765,1
2020-10-07,15:00:03.856000,12764,12765,12764,3
2020-10-07,15:00:04.083000,12764,12765,12765,1
2020-10-07,15:00:04.400000,12764,12766,12766,2
2020-10-07,15:00:04.451000,12765,12766,12765,1
2020-10-07,15:00:04.875000,12764,12766,12765,1
2020-10-07,15:00:04.875000,12764,12766,12764,1
2020-10-07,15:00:05.003000,12764,12766,12764,1
2020-10-07,15:00:05.270000,12763,12765,12764,4
2020-10-07,15:00:06,12763,12764,12763,1
2020-10-07,15:00:06.113000,12762,12764,12763,1
2020-10-07,15:00:06.588000,12763,12764,12764,1
2020-10-07,15:00:06.953000,12763,12765,12763,1
2020-10-07,15:00:07.861000,12762,12764,12762,1
2020-10-07,15:00:07.953000,12762,12764,12762,1
2020-10-07,15:00:07.953000,12762,12764,12762,1
2020-10-07,15:00:08.081000,12762,12764,12762,1
2020-10-07,15:00:08.453000,12762,12764,12764,4
2020-10-07,15:00:10.681000,12762,12763,12763,1
2020-10-07,15:00:10.681000,12762,12763,12763,1
2020-10-07,15:00:11.276000,12762,12763,12762,3
2020-10-07,15:00:11.938000,12761,12763,12761,1
2020-10-07,15:00:13.235000,12761,12762,12762,1
2020-10-07,15:00:13.445000,12762,12763,12762,1
2020-10-07,15:00:14.114000,12762,12763,12763,7
2020-10-07,15:00:14.989000,12763,12764,12764,1
2020-10-07,15:00:14.989000,12763,12764,12765,2
2020-10-07,15:00:15.114000,12763,12765,12765,2
2020-10-07,15:00:15.223000,12763,12765,12763,2
2020-10-07,15:00:15.631000,12763,12764,12763,1
2020-10-07,15:00:15.741000,12762,12764,12762,1
2020-10-07,15:00:15.979000,12762,12763,12762,2
2020-10-07,15:00:16.297000,12762,12763,12762,2
2020-10-07,15:00:16.674000,12761,12762,12761,1
2020-10-07,15:00:17.106000,12761,12762,12762,1
2020-10-07,15:00:17.203000,12761,12762,12761,2
2020-10-07,15:00:17.205000,12761,12762,12761,1
2020-10-07,15:00:17.205000,12761,12762,12761,2
2020-10-07,15:00:17.205000,12761,12762,12761,12
2020-10-07,15:00:17.205000,12761,12762,12761,1
2020-10-07,15:00:17.206000,12761,12762,12760,1
2020-10-07,15:00:17.389000,12760,12761,12760,1
2020-10-07,15:00:17.389000,12760,12761,12760,7
2020-10-07,15:00:18.098000,12759,12761,12760,1
2020-10-07,15:00:18.122000,12759,12761,12759,2
2020-10-07,15:00:18.524000,12760,12762,12762,2
2020-10-07,15:00:18.959000,12760,12762,12762,1
2020-10-07,15:00:18.969000,12760,12762,12762,1
2020-10-07,15:00:19.795000,12761,12762,12762,2
2020-10-07,15:00:21.577000,12761,12762,12761,1
2020-10-07,15:00:23.497000,12761,12762,12761,1
2020-10-07,15:00:23.537000,12761,12762,12761,2
2020-10-07,15:00:23.537000,12761,12762,12761,2
2020-10-07,15:00:23.889000,12760,12761,12760,1
2020-10-07,15:00:25.442000,12760,12761,12760,1
2020-10-07,15:00:26.180000,12759,12760,12760,1
2020-10-07,15:00:26.488000,12759,12760,12760,1
2020-10-07,15:00:26.610000,12759,12761,12761,1
2020-10-07,15:00:28.096000,12759,12760,12760,1
2020-10-07,15:00:28.203000,12759,12761,12759,1
2020-10-07,15:00:28.203000,12759,12761,12759,1
2020-10-07,15:00:28.203000,12759,12761,12759,1
2020-10-07,15:00:28.204000,12759,12761,12759,1
2020-10-07,15:00:28.204000,12759,12761,12759,1
2020-10-07,15:00:28.204000,12759,12761,12759,1
2020-10-07,15:00:28.205000,12759,12761,12759,1
2020-10-07,15:00:28.844000,12758,12760,12758,1
2020-10-07,15:00:29.212000,12758,12760,12760,2
2020-10-07,15:00:29.714000,12760,12761,12761,2
2020-10-07,15:00:31.681000,12760,12761,12761,2
2020-10-07,15:00:31.682000,12760,12761,12761,3
2020-10-07,15:00:31.682000,12760,12761,12761,4
2020-10-07,15:00:31.887000,12761,12762,12761,2
2020-10-07,15:00:32.327000,12761,12762,12762,6
2020-10-07,15:00:33.376000,12762,12763,12763,1
2020-10-07,15:00:33.965000,12762,12764,12762,1
2020-10-07,15:00:35.615000,12762,12764,12762,1
2020-10-07,15:00:35.702000,12762,12763,12763,1
2020-10-07,15:00:37.697000,12762,12764,12762,2
2020-10-07,15:00:38.393000,12762,12763,12762,1
2020-10-07,15:00:39.001000,12761,12763,12761,1
2020-10-07,15:00:39.586000,12761,12763,12761,1
2020-10-07,15:00:40.476000,12761,12763,12763,2
2020-10-07,15:00:41.704000,12761,12762,12762,1
2020-10-07,15:00:42.642000,12761,12763,12763,2
2020-10-07,15:00:44.864000,12762,12763,12762,1
2020-10-07,15:00:44.983000,12762,12763,12762,1
2020-10-07,15:00:45.369000,12762,12763,12762,5
2020-10-07,15:00:47.151000,12762,12763,12763,1
2020-10-07,15:00:47.445000,12762,12763,12762,1
2020-10-07,15:00:49.287000,12762,12763,12762,4
2020-10-07,15:00:51.229000,12761,12762,12761,1
2020-10-07,15:00:53.997000,12761,12762,12762,1
2020-10-07,15:00:54.592000,12761,12762,12761,1
2020-10-07,15:00:55.365000,12761,12762,12761,1
2020-10-07,15:00:55.366000,12761,12762,12761,3
2020-10-07,15:00:55.366000,12761,12762,12761,3
2020-10-07,15:00:55.373000,12761,12762,12761,1
2020-10-07,15:00:55.781000,12760,12762,12762,2
2020-10-07,15:00:55.781000,12760,12762,12763,6
2020-10-07,15:00:56.573000,12761,12762,12761,1
2020-10-07,15:00:56.634000,12760,12762,12762,1
2020-10-07,15:00:56.677000,12760,12762,12760,2
2020-10-07,15:00:56.860000,12760,12762,12760,1
2020-10-07,15:00:56.872000,12760,12762,12760,1
2020-10-07,15:00:56.873000,12760,12762,12760,5
2020-10-07,15:00:56.901000,12760,12762,12760,1
2020-10-07,15:00:58.329000,12760,12762,12762,1
2020-10-07,15:00:59.950000,12760,12762,12762,1
2020-10-07,15:01:00.031000,12761,12762,12762,2
2020-10-07,15:01:00.031000,12761,12762,12763,1
2020-10-07,15:01:00.034000,12761,12762,12763,1
2020-10-07,15:01:00.042000,12761,12762,12763,1
2020-10-07,15:01:00.053000,12761,12762,12763,1
2020-10-07,15:01:00.056000,12761,12762,12763,1
2020-10-07,15:01:00.061000,12761,12762,12763,1
2020-10-07,15:01:00.066000,12761,12762,12763,1
2020-10-07,15:01:00.075000,12761,12762,12763,1
2020-10-07,15:01:00.094000,12762,12763,12763,1
2020-10-07,15:01:00.107000,12762,12763,12762,1
2020-10-07,15:01:00.115000,12762,12763,12763,1
2020-10-07,15:01:00.132000,12762,12763,12763,1
2020-10-07,15:01:00.173000,12762,12763,12763,1
2020-10-07,15:01:00.365000,12762,12763,12763,1
2020-10-07,15:01:00.387000,12762,12763,12762,1
2020-10-07,15:01:00.450000,12762,12763,12761,1
2020-10-07,15:01:00.455000,12761,12763,12761,1
2020-10-07,15:01:00.647000,12760,12762,12762,1
2020-10-07,15:01:01.819000,12761,12763,12762,1
2020-10-07,15:01:01.828000,12761,12763,12761,1
2020-10-07,15:01:02.525000,12761,12763,12761,1
2020-10-07,15:01:02.882000,12760,12762,12761,1
2020-10-07,15:01:04.908000,12760,12762,12760,2
2020-10-07,15:01:06.288000,12760,12762,12760,1
2020-10-07,15:01:09.218000,12760,12762,12760,1
2020-10-07,15:01:09.328000,12760,12762,12760,1
2020-10-07,15:01:09.330000,12760,12762,12760,1
2020-10-07,15:01:09.752000,12760,12762,12760,1
2020-10-07,15:01:11.243000,12760,12762,12760,1
2020-10-07,15:01:13.688000,12760,12762,12762,1
2020-10-07,15:01:14.556000,12760,12762,12760,2
2020-10-07,15:01:14.556000,12760,12762,12760,7
2020-10-07,15:01:14.557000,12760,12762,12760,1
2020-10-07,15:01:15.135000,12759,12762,12762,3
2020-10-07,15:01:18.241000,12760,12762,12760,1
2020-10-07,15:01:30.207000,12761,12762,12762,7
2020-10-07,15:01:30.328000,12762,12763,12762,1
2020-10-07,15:01:30.588000,12762,12763,12762,1
2020-10-07,15:01:30.632000,12762,12763,12762,1
2020-10-07,15:01:30.670000,12762,12763,12763,1
2020-10-07,15:01:30.857000,12761,12763,12763,1
2020-10-07,15:01:30.949000,12761,12763,12761,5
2020-10-07,15:01:30.949000,12761,12763,12761,1
2020-10-07,15:01:31.642000,12761,12763,12761,6
2020-10-07,15:01:31.643000,12761,12763,12761,4
2020-10-07,15:01:31.703000,12761,12763,12761,1
2020-10-07,15:01:31.882000,12761,12763,12761,1
2020-10-07,15:01:31.938000,12761,12763,12762,1
2020-10-07,15:01:34.377000,12762,12763,12762,1
2020-10-07,15:01:36.444000,12761,12762,12762,3
2020-10-07,15:01:36.445000,12761,12762,12762,1
2020-10-07,15:01:36.445000,12761,12762,12762,1
2020-10-07,15:01:37.002000,12761,12762,12761,1
2020-10-07,15:01:37.495000,12761,12762,12762,1
2020-10-07,15:01:37.802000,12761,12762,12762,1
2020-10-07,15:01:38.908000,12761,12762,12762,1
2020-10-07,15:01:40.473000,12761,12762,12762,1
2020-10-07,15:01:43.697000,12761,12762,12762,2
2020-10-07,15:01:45.018000,12761,12762,12762,1
2020-10-07,15:01:45.704000,12761,12762,12762,3
2020-10-07,15:01:45.704000,12761,12762,12763,5
2020-10-07,15:01:47.682000,12761,12762,12762,1
2020-10-07,15:01:49.355000,12761,12762,12762,1
2020-10-07,15:01:54.909000,12761,12762,12761,1
2020-10-07,15:01:54.910000,12761,12762,12761,1
2020-10-07,15:01:54.910000,12761,12762,12761,4
2020-10-07,15:01:56.359000,12760,12761,12761,1
2020-10-07,15:01:56.648000,12760,12761,12761,1
2020-10-07,15:02:00.086000,12760,12762,12762,1
2020-10-07,15:02:00.218000,12760,12762,12760,1
2020-10-07,15:02:04.420000,12760,12761,12761,2
2020-10-07,15:02:04.420000,12760,12761,12761,3
2020-10-07,15:02:04.821000,12761,12763,12761,1
2020-10-07,15:02:04.823000,12761,12763,12761,1
2020-10-07,15:02:05.099000,12761,12763,12761,1
2020-10-07,15:02:09.431000,12761,12762,12761,2
2020-10-07,15:02:11.125000,12761,12762,12761,1
2020-10-07,15:02:16.341000,12761,12762,12762,1
2020-10-07,15:02:16.422000,12761,12762,12761,1
2020-10-07,15:02:19.258000,12761,12762,12761,3
2020-10-07,15:02:19.588000,12761,12762,12761,1
2020-10-07,15:02:21.085000,12761,12762,12761,1
2020-10-07,15:02:21.086000,12761,12762,12761,2
2020-10-07,15:02:30.595000,12761,12762,12761,1
2020-10-07,15:02:38.041000,12761,12762,12762,1
2020-10-07,15:02:42.706000,12761,12762,12761,2
2020-10-07,15:02:51.453000,12761,12762,12761,1
2020-10-07,15:02:51.607000,12761,12762,12762,1
2020-10-07,15:02:53.987000,12761,12762,12762,1
2020-10-07,15:03:00.031000,12761,12762,12762,2
2020-10-07,15:03:00.093000,12761,12763,12761,1
2020-10-07,15:03:06.878000,12761,12762,12761,1
2020-10-07,15:03:13.858000,12761,12762,12761,1
2020-10-07,15:03:16.280000,12761,12762,12761,1
2020-10-07,15:03:16.390000,12761,12762,12761,1
2020-10-07,15:03:29.285000,12761,12762,12761,2
2020-10-07,15:03:39.305000,12761,12762,12762,1
2020-10-07,15:03:39.305000,12761,12762,12762,3
2020-10-07,15:03:46.559000,12761,12762,12762,1
2020-10-07,15:03:50.802000,12762,12763,12762,3
2020-10-07,15:03:51.736000,12762,12763,12763,1
2020-10-07,15:03:52.685000,12762,12763,12763,13
2020-10-07,15:03:54.324000,12763,12764,12764,15
2020-10-07,15:03:54.516000,12764,12765,12764,1
2020-10-07,15:03:55.008000,12764,12765,12765,13
2020-10-07,15:03:55.134000,12765,12766,12766,1
2020-10-07,15:03:55.211000,12765,12766,12766,1
2020-10-07,15:03:55.259000,12765,12766,12765,2
2020-10-07,15:03:57.206000,12765,12766,12766,1
2020-10-07,15:03:58.860000,12765,12766,12765,1
2020-10-07,15:03:58.860000,12765,12766,12764,1
2020-10-07,15:04:00.466000,12764,12766,12766,1
2020-10-07,15:04:00.594000,12764,12766,12764,1
2020-10-07,15:04:01.169000,12764,12766,12764,3
2020-10-07,15:04:01.169000,12764,12766,12763,23
2020-10-07,15:04:01.169000,12764,12766,12762,20
2020-10-07,15:04:01.170000,12764,12766,12762,4
2020-10-07,15:04:01.174000,12764,12766,12763,3
2020-10-07,15:04:01.176000,12764,12766,12763,1
2020-10-07,15:04:01.232000,12762,12764,12762,3
2020-10-07,15:04:01.633000,12762,12764,12764,1
2020-10-07,15:04:05.616000,12761,12763,12763,1
2020-10-07,15:04:09.744000,12762,12763,12763,1
2020-10-07,15:04:10.662000,12762,12763,12762,1
2020-10-07,15:04:11.414000,12762,12763,12763,2
2020-10-07,15:04:12.148000,12762,12763,12763,1
2020-10-07,15:04:12.149000,12762,12763,12763,1
2020-10-07,15:04:14.724000,12762,12763,12762,1
2020-10-07,15:04:16.670000,12762,12763,12762,1
2020-10-07,15:04:16.671000,12762,12763,12762,2
2020-10-07,15:04:18.480000,12761,12762,12762,1
2020-10-07,15:04:19.329000,12761,12763,12763,1
2020-10-07,15:04:19.732000,12761,12763,12763,4
2020-10-07,15:04:24.457000,12762,12763,12762,1
2020-10-07,15:04:26.117000,12761,12762,12762,1
2020-10-07,15:04:28.491000,12761,12762,12761,20
2020-10-07,15:04:28.579000,12760,12761,12760,1
2020-10-07,15:04:28.579000,12760,12761,12760,1
2020-10-07,15:04:29.236000,12760,12761,12760,1
2020-10-07,15:04:30.059000,12760,12761,12760,6
2020-10-07,15:04:30.932000,12759,12760,12760,2
2020-10-07,15:04:32.798000,12759,12761,12761,1
2020-10-07,15:04:33.230000,12759,12761,12759,1
2020-10-07,15:04:35.721000,12759,12760,12760,1
2020-10-07,15:04:38.139000,12759,12760,12760,1
2020-10-07,15:04:40.571000,12760,12762,12760,1
2020-10-07,15:04:44.553000,12760,12761,12760,1
2020-10-07,15:04:44.616000,12760,12761,12760,1
2020-10-07,15:04:44.616000,12760,12761,12760,6
2020-10-07,15:04:44.616000,12760,12761,12760,4
2020-10-07,15:04:53.059000,12759,12760,12759,1
2020-10-07,15:04:53.077000,12759,12760,12760,1
2020-10-07,15:04:53.157000,12759,12760,12760,1
2020-10-07,15:04:54.567000,12760,12761,12760,1
2020-10-07,15:04:54.878000,12760,12761,12760,4
2020-10-07,15:04:55.274000,12759,12760,12760,1
2020-10-07,15:04:55.274000,12759,12760,12760,1
2020-10-07,15:04:55.406000,12759,12760,12760,4
2020-10-07,15:04:58.549000,12759,12761,12759,1
2020-10-07,15:04:59.874000,12760,12761,12760,1
2020-10-07,15:05:01.909000,12759,12760,12759,1
2020-10-07,15:05:01.969000,12759,12760,12759,1
2020-10-07,15:05:02.031000,12759,12760,12759,1
2020-10-07,15:05:02.589000,12759,12760,12759,1
2020-10-07,15:05:03.723000,12759,12760,12760,1
2020-10-07,15:05:04.399000,12759,12761,12759,3
2020-10-07,15:05:07.495000,12760,12761,12760,1
2020-10-07,15:05:08.437000,12760,12761,12760,1
2020-10-07,15:05:18.620000,12759,12760,12760,3
2020-10-07,15:05:25.561000,12759,12760,12760,3
2020-10-07,15:05:26.267000,12759,12760,12759,9
2020-10-07,15:05:29.062000,12758,12759,12758,1
2020-10-07,15:05:32.046000,12758,12759,12759,1
2020-10-07,15:05:32.708000,12758,12759,12759,1
2020-10-07,15:05:32.801000,12758,12759,12760,1
2020-10-07,15:05:35.093000,12759,12760,12760,1
2020-10-07,15:05:37.842000,12759,12760,12760,1
2020-10-07,15:05:38.939000,12759,12760,12759,1
2020-10-07,15:05:49.517000,12758,12759,12759,1
2020-10-07,15:05:51.202000,12758,12759,12759,1
2020-10-07,15:05:51.828000,12758,12759,12759,1
2020-10-07,15:05:52.394000,12758,12759,12759,1
2020-10-07,15:05:52.685000,12758,12759,12759,1
2020-10-07,15:05:52.938000,12758,12759,12759,1
2020-10-07,15:05:52.938000,12758,12759,12759,1
2020-10-07,15:05:56.262000,12759,12760,12759,1
2020-10-07,15:05:56.347000,12759,12760,12759,1
2020-10-07,15:05:57.964000,12759,12760,12759,1
2020-10-07,15:05:58.565000,12759,12760,12760,13
2020-10-07,15:06:00.153000,12759,12761,12761,1
2020-10-07,15:06:00.158000,12759,12761,12761,1
2020-10-07,15:06:00.201000,12759,12761,12761,1
2020-10-07,15:06:00.219000,12759,12761,12759,1
2020-10-07,15:06:00.830000,12759,12761,12761,1
2020-10-07,15:06:01.459000,12760,12761,12761,5
2020-10-07,15:06:03.519000,12761,12762,12762,1
2020-10-07,15:06:03.519000,12761,12762,12762,1
2020-10-07,15:06:04.863000,12762,12763,12763,1
2020-10-07,15:06:06.243000,12761,12763,12763,1
2020-10-07,15:06:07.702000,12762,12763,12763,8
2020-10-07,15:06:08.784000,12763,12764,12764,4
2020-10-07,15:06:09.663000,12763,12765,12765,9
2020-10-07,15:06:09.854000,12764,12766,12764,1
2020-10-07,15:06:13.311000,12764,12766,12766,2
2020-10-07,15:06:15.047000,12765,12766,12765,1
2020-10-07,15:06:17.609000,12765,12766,12766,4
2020-10-07,15:06:18.035000,12766,12767,12766,1
2020-10-07,15:06:18.502000,12766,12767,12766,1
2020-10-07,15:06:21.382000,12765,12766,12765,1
2020-10-07,15:06:23.200000,12765,12766,12765,1
2020-10-07,15:06:27.403000,12764,12765,12765,1
2020-10-07,15:06:28.391000,12765,12766,12765,1
2020-10-07,15:06:30.286000,12765,12766,12766,5
2020-10-07,15:06:30.927000,12765,12767,12765,1
2020-10-07,15:06:31.091000,12766,12767,12766,1
2020-10-07,15:06:31.926000,12766,12767,12767,5
2020-10-07,15:06:32.169000,12767,12768,12768,1
2020-10-07,15:06:32.231000,12767,12768,12768,4
2020-10-07,15:06:32.378000,12767,12768,12768,2
2020-10-07,15:06:32.655000,12767,12769,12769,1
2020-10-07,15:06:32.752000,12767,12769,12769,1
2020-10-07,15:06:32.825000,12767,12769,12769,1
2020-10-07,15:06:32.846000,12767,12769,12769,1
2020-10-07,15:06:33.017000,12767,12769,12769,4
2020-10-07,15:06:33.109000,12767,12769,12767,1
2020-10-07,15:06:33.112000,12767,12769,12767,1
2020-10-07,15:06:33.145000,12767,12769,12769,10
2020-10-07,15:06:33.236000,12767,12769,12769,1
2020-10-07,15:06:33.330000,12767,12769,12769,2
2020-10-07,15:06:33.331000,12767,12769,12769,1
2020-10-07,15:06:33.331000,12767,12769,12769,1
2020-10-07,15:06:33.345000,12767,12769,12769,1
2020-10-07,15:06:33.375000,12767,12769,12769,1
2020-10-07,15:06:33.381000,12767,12769,12769,3
2020-10-07,15:06:33.383000,12767,12769,12769,1
2020-10-07,15:06:33.428000,12767,12769,12769,1
2020-10-07,15:06:33.443000,12767,12769,12769,1
2020-10-07,15:06:33.801000,12767,12769,12768,1
2020-10-07,15:06:33.815000,12767,12769,12768,1
2020-10-07,15:06:37.907000,12767,12769,12768,1
2020-10-07,15:06:40.273000,12767,12768,12768,1
2020-10-07,15:06:40.483000,12767,12768,12768,1
2020-10-07,15:06:40.483000,12767,12768,12769,1
2020-10-07,15:06:41.548000,12768,12769,12769,1
2020-10-07,15:06:42.193000,12769,12770,12769,2
2020-10-07,15:06:42.274000,12768,12770,12770,1
2020-10-07,15:06:42.538000,12768,12770,12770,4
2020-10-07,15:06:43.406000,12768,12770,12770,1
2020-10-07,15:06:44.876000,12769,12770,12769,1
2020-10-07,15:06:45.438000,12769,12770,12770,4
2020-10-07,15:06:45.659000,12769,12770,12769,2
2020-10-07,15:06:47.431000,12769,12770,12770,2
2020-10-07,15:06:49.412000,12769,12770,12770,1
2020-10-07,15:06:50.237000,12769,12770,12770,4
2020-10-07,15:06:50.237000,12769,12770,12770,3
2020-10-07,15:06:50.401000,12770,12771,12771,2
2020-10-07,15:06:50.401000,12770,12771,12771,1
2020-10-07,15:06:50.401000,12770,12771,12771,20
2020-10-07,15:06:50.401000,12770,12771,12771,1
2020-10-07,15:06:50.508000,12770,12772,12772,2
2020-10-07,15:06:50.514000,12770,12772,12772,1
2020-10-07,15:06:50.675000,12770,12772,12772,1
2020-10-07,15:06:51.737000,12770,12772,12770,1
2020-10-07,15:06:52.166000,12770,12772,12772,1
2020-10-07,15:06:52.336000,12770,12772,12770,2
2020-10-07,15:06:52.891000,12770,12772,12770,1
2020-10-07,15:06:54.112000,12770,12771,12770,3
2020-10-07,15:06:54.290000,12769,12771,12771,1
2020-10-07,15:06:55.172000,12769,12771,12771,2
2020-10-07,15:06:56,12770,12771,12770,1
2020-10-07,15:06:56.642000,12770,12771,12771,1
2020-10-07,15:06:56.719000,12770,12771,12771,1
2020-10-07,15:06:59.581000,12770,12771,12771,1
2020-10-07,15:06:59.805000,12771,12772,12771,1
2020-10-07,15:07:00.368000,12771,12772,12772,16
2020-10-07,15:07:00.368000,12771,12772,12772,9
2020-10-07,15:07:00.368000,12771,12772,12772,12
2020-10-07,15:07:00.368000,12771,12772,12772,10
2020-10-07,15:07:00.368000,12771,12772,12772,1
2020-10-07,15:07:00.369000,12771,12772,12772,4
2020-10-07,15:07:00.369000,12771,12772,12772,11
2020-10-07,15:07:00.468000,12771,12773,12771,1
2020-10-07,15:07:00.799000,12771,12773,12773,1
2020-10-07,15:07:00.862000,12771,12773,12773,1
2020-10-07,15:07:01.097000,12771,12772,12772,1
2020-10-07,15:07:01.097000,12771,12772,12773,5
2020-10-07,15:07:01.145000,12771,12772,12773,7
2020-10-07,15:07:01.145000,12771,12772,12774,1
2020-10-07,15:07:01.494000,12772,12774,12774,1
2020-10-07,15:07:02.074000,12772,12774,12772,1
2020-10-07,15:07:02.441000,12772,12773,12773,1
2020-10-07,15:07:02.454000,12772,12773,12773,1
2020-10-07,15:07:02.500000,12772,12773,12773,1
2020-10-07,15:07:02.518000,12772,12773,12773,1
2020-10-07,15:07:02.543000,12772,12773,12773,1
2020-10-07,15:07:03.272000,12771,12773,12771,1
2020-10-07,15:07:03.423000,12771,12773,12773,1
2020-10-07,15:07:03.448000,12771,12773,12773,1
2020-10-07,15:07:03.722000,12771,12773,12773,1
2020-10-07,15:07:03.738000,12771,12773,12773,1
2020-10-07,15:07:04.618000,12771,12773,12773,1
2020-10-07,15:07:04.713000,12771,12773,12773,1
2020-10-07,15:07:05.686000,12771,12773,12773,1
2020-10-07,15:07:06.614000,12772,12773,12773,1
2020-10-07,15:07:06.811000,12772,12773,12773,1
2020-10-07,15:07:07.551000,12772,12774,12774,1
2020-10-07,15:07:08.953000,12773,12774,12773,2
2020-10-07,15:07:10.743000,12773,12774,12774,1
2020-10-07,15:07:11.813000,12773,12774,12774,7
2020-10-07,15:07:11.973000,12774,12775,12775,1
2020-10-07,15:07:12.274000,12773,12775,12775,1
2020-10-07,15:07:12.288000,12773,12775,12775,1
2020-10-07,15:07:12.325000,12773,12775,12775,1
2020-10-07,15:07:12.335000,12773,12775,12775,1
2020-10-07,15:07:12.592000,12773,12775,12773,1
2020-10-07,15:07:12.744000,12772,12774,12774,1
2020-10-07,15:07:13.136000,12773,12774,12774,2
2020-10-07,15:07:14.008000,12773,12775,12775,2
2020-10-07,15:07:14.278000,12774,12775,12775,1
2020-10-07,15:07:14.442000,12774,12775,12774,1
2020-10-07,15:07:15.181000,12774,12775,12775,1
2020-10-07,15:07:15.233000,12774,12775,12774,1
2020-10-07,15:07:15.380000,12774,12775,12775,1
2020-10-07,15:07:15.529000,12773,12775,12775,1
2020-10-07,15:07:16.044000,12774,12775,12774,1
2020-10-07,15:07:16.960000,12773,12775,12775,1
2020-10-07,15:07:18.017000,12774,12775,12774,1
2020-10-07,15:07:18.557000,12774,12775,12775,1
2020-10-07,15:07:18.559000,12774,12775,12775,5
2020-10-07,15:07:18.912000,12774,12776,12776,1
2020-10-07,15:07:19.270000,12774,12776,12776,1
2020-10-07,15:07:19.743000,12774,12776,12776,1
2020-10-07,15:07:20.320000,12774,12776,12776,4
2020-10-07,15:07:20.395000,12774,12776,12776,1
2020-10-07,15:07:20.964000,12774,12776,12776,4
2020-10-07,15:07:22.496000,12775,12776,12775,2
2020-10-07,15:07:22.715000,12775,12776,12775,1
2020-10-07,15:07:22.974000,12775,12776,12775,1
2020-10-07,15:07:22.974000,12775,12776,12776,1
2020-10-07,15:07:23.383000,12775,12776,12776,1
2020-10-07,15:07:24.495000,12775,12776,12776,8
2020-10-07,15:07:24.924000,12776,12777,12777,1
2020-10-07,15:07:25.012000,12776,12777,12776,1
2020-10-07,15:07:27.006000,12775,12777,12777,1
2020-10-07,15:07:28.124000,12776,12777,12776,1
2020-10-07,15:07:28.811000,12776,12777,12777,1
2020-10-07,15:07:29.287000,12776,12777,12777,9
2020-10-07,15:07:30.925000,12777,12778,12778,9
2020-10-07,15:07:31.035000,12777,12778,12777,1
2020-10-07,15:07:31.517000,12777,12778,12777,2
2020-10-07,15:07:31.551000,12777,12778,12777,1
2020-10-07,15:07:32.059000,12777,12778,12777,2
2020-10-07,15:07:33.362000,12777,12779,12779,1
2020-10-07,15:07:33.699000,12778,12779,12778,1
2020-10-07,15:07:33.747000,12778,12779,12779,1
2020-10-07,15:07:33.915000,12778,12779,12778,1
2020-10-07,15:07:34.161000,12778,12779,12778,1
2020-10-07,15:07:34.468000,12778,12779,12778,1
2020-10-07,15:07:34.739000,12777,12779,12777,1
2020-10-07,15:07:35.297000,12778,12779,12778,1
2020-10-07,15:07:35.412000,12777,12778,12778,1
2020-10-07,15:07:36.639000,12777,12778,12778,1
2020-10-07,15:07:37.805000,12777,12778,12778,2
2020-10-07,15:07:38.204000,12777,12778,12777,1
2020-10-07,15:07:38.751000,12777,12778,12778,1
2020-10-07,15:07:39.003000,12777,12779,12777,1
2020-10-07,15:07:43.251000,12777,12778,12778,2
2020-10-07,15:07:45.906000,12777,12778,12778,1
2020-10-07,15:07:48.008000,12777,12778,12777,4
2020-10-07,15:07:48.008000,12777,12778,12777,8
2020-10-07,15:07:49.177000,12776,12777,12777,1
2020-10-07,15:07:49.706000,12776,12777,12777,1
2020-10-07,15:07:50.170000,12776,12777,12777,1
2020-10-07,15:07:50.726000,12776,12777,12777,1
2020-10-07,15:07:51.020000,12776,12777,12777,3
2020-10-07,15:07:51.561000,12776,12777,12777,1
2020-10-07,15:07:51.712000,12776,12778,12776,2
2020-10-07,15:07:52.335000,12776,12777,12777,1
2020-10-07,15:07:52.767000,12776,12777,12776,1
2020-10-07,15:07:54.233000,12776,12777,12777,1
2020-10-07,15:07:55.088000,12776,12777,12776,1
2020-10-07,15:07:56.861000,12776,12777,12776,1
2020-10-07,15:07:57.033000,12776,12777,12776,1
2020-10-07,15:07:57.635000,12776,12777,12776,1
2020-10-07,15:07:58.130000,12776,12777,12776,1
2020-10-07,15:07:58.316000,12776,12777,12776,2
2020-10-07,15:07:59.734000,12776,12777,12777,3
2020-10-07,15:08:01.570000,12776,12777,12777,1
2020-10-07,15:08:01.592000,12776,12777,12776,1
2020-10-07,15:08:01.848000,12776,12777,12777,3
2020-10-07,15:08:02.150000,12776,12777,12777,7
2020-10-07,15:08:02.155000,12776,12777,12778,1
2020-10-07,15:08:02.156000,12776,12777,12778,1
2020-10-07,15:08:02.158000,12776,12777,12778,1
2020-10-07,15:08:02.160000,12776,12777,12778,1
2020-10-07,15:08:02.166000,12776,12777,12778,1
2020-10-07,15:08:02.174000,12776,12777,12778,1
2020-10-07,15:08:02.175000,12776,12777,12778,1
2020-10-07,15:08:02.178000,12776,12777,12778,2
2020-10-07,15:08:02.810000,12777,12778,12778,2
2020-10-07,15:08:02.870000,12777,12778,12777,2
2020-10-07,15:08:03.460000,12776,12778,12777,1
2020-10-07,15:08:03.514000,12776,12778,12777,1
2020-10-07,15:08:03.560000,12776,12778,12778,1
2020-10-07,15:08:03.570000,12776,12778,12778,1
2020-10-07,15:08:03.600000,12777,12778,12778,1
2020-10-07,15:08:03.608000,12777,12778,12778,1
2020-10-07,15:08:03.642000,12777,12778,12778,1
2020-10-07,15:08:04.033000,12777,12778,12778,1
2020-10-07,15:08:04.057000,12777,12778,12779,1
2020-10-07,15:08:04.057000,12777,12778,12779,1
2020-10-07,15:08:04.083000,12777,12779,12779,1
2020-10-07,15:08:04.157000,12777,12779,12779,1
2020-10-07,15:08:04.207000,12777,12779,12779,2
2020-10-07,15:08:04.208000,12777,12779,12779,1
2020-10-07,15:08:04.217000,12777,12779,12779,3
2020-10-07,15:08:04.336000,12777,12779,12779,1
2020-10-07,15:08:04.771000,12777,12779,12779,1
2020-10-07,15:08:05.463000,12778,12779,12779,4
2020-10-07,15:08:05.464000,12778,12779,12779,2
2020-10-07,15:08:06.583000,12779,12780,12780,1
2020-10-07,15:08:06.725000,12779,12780,12779,2
2020-10-07,15:08:06.725000,12779,12780,12778,1
2020-10-07,15:08:06.801000,12779,12780,12778,1
2020-10-07,15:08:06.969000,12778,12779,12779,1
2020-10-07,15:08:07.120000,12778,12780,12780,2
2020-10-07,15:08:07.866000,12778,12780,12778,1
2020-10-07,15:08:08.392000,12778,12780,12780,1
2020-10-07,15:08:10.041000,12778,12779,12778,2
2020-10-07,15:08:10.375000,12778,12779,12778,5
2020-10-07,15:08:10.627000,12777,12779,12779,1
2020-10-07,15:08:11.388000,12778,12779,12778,1
2020-10-07,15:08:12.450000,12777,12778,12778,1
2020-10-07,15:08:12.944000,12778,12779,12779,1
2020-10-07,15:08:13.041000,12778,12779,12779,1
2020-10-07,15:08:13.461000,12778,12779,12778,1
2020-10-07,15:08:13.537000,12778,12779,12778,1
2020-10-07,15:08:14.125000,12777,12778,12778,1
2020-10-07,15:08:17.154000,12777,12779,12777,1
2020-10-07,15:08:18.168000,12777,12779,12778,1
2020-10-07,15:08:19.117000,12778,12779,12778,2
2020-10-07,15:08:19.135000,12778,12779,12779,1
2020-10-07,15:08:20.547000,12778,12779,12778,1
2020-10-07,15:08:22.138000,12778,12779,12779,5
2020-10-07,15:08:23.767000,12778,12779,12779,1
2020-10-07,15:08:27.345000,12778,12780,12779,1
2020-10-07,15:08:27.345000,12778,12780,12779,1
2020-10-07,15:08:29.716000,12778,12779,12779,1
2020-10-07,15:08:31.020000,12778,12779,12779,1
2020-10-07,15:08:32.644000,12778,12779,12779,3
2020-10-07,15:08:35.179000,12778,12779,12779,1
2020-10-07,15:08:38.293000,12778,12779,12779,1
2020-10-07,15:08:38.744000,12778,12779,12779,2
2020-10-07,15:08:41.172000,12778,12779,12779,1
2020-10-07,15:08:41.575000,12779,12780,12779,1
2020-10-07,15:08:42.677000,12779,12780,12779,1
2020-10-07,15:08:43.377000,12779,12780,12779,1
2020-10-07,15:08:43.525000,12778,12779,12779,1
2020-10-07,15:08:45.882000,12779,12780,12779,1
2020-10-07,15:08:46.548000,12778,12779,12779,2
2020-10-07,15:08:47.030000,12778,12779,12779,1
2020-10-07,15:08:49.368000,12778,12779,12779,1
2020-10-07,15:08:50.041000,12778,12779,12779,1
2020-10-07,15:08:51.004000,12779,12780,12779,1
2020-10-07,15:08:52.104000,12779,12780,12779,1
2020-10-07,15:08:53.664000,12778,12779,12778,6
2020-10-07,15:08:53.894000,12778,12779,12779,1
2020-10-07,15:08:55.246000,12778,12779,12779,2
2020-10-07,15:08:55.805000,12779,12780,12779,1
2020-10-07,15:08:55.828000,12779,12780,12779,1
2020-10-07,15:08:56.146000,12779,12780,12779,7
2020-10-07,15:08:58.054000,12778,12779,12779,2
2020-10-07,15:08:58.082000,12778,12780,12778,6
2020-10-07,15:09:02.439000,12778,12779,12779,1
2020-10-07,15:09:02.469000,12778,12779,12778,1
2020-10-07,15:09:03.380000,12778,12779,12778,1
2020-10-07,15:09:03.541000,12778,12779,12778,4
2020-10-07,15:09:03.541000,12778,12779,12777,2
2020-10-07,15:09:03.560000,12778,12779,12777,1
2020-10-07,15:09:03.571000,12778,12779,12777,1
2020-10-07,15:09:03.574000,12778,12779,12777,1
2020-10-07,15:09:03.604000,12777,12779,12777,1
2020-10-07,15:09:06.193000,12778,12779,12778,2
2020-10-07,15:09:09.134000,12778,12779,12779,1
2020-10-07,15:09:10.402000,12778,12779,12779,1
2020-10-07,15:09:12.745000,12778,12779,12778,1
2020-10-07,15:09:15.545000,12777,12778,12778,3
2020-10-07,15:09:15.768000,12777,12778,12778,1
2020-10-07,15:09:15.768000,12777,12778,12779,1
2020-10-07,15:09:16.089000,12777,12778,12778,1
2020-10-07,15:09:16.153000,12777,12778,12777,1
2020-10-07,15:09:18.216000,12777,12778,12778,2
2020-10-07,15:09:19.219000,12777,12778,12778,1
2020-10-07,15:09:21.501000,12777,12778,12777,1
2020-10-07,15:09:21.959000,12777,12778,12778,1
2020-10-07,15:09:22.374000,12777,12778,12778,1
2020-10-07,15:09:22.681000,12777,12778,12778,1
2020-10-07,15:09:23.644000,12777,12779,12777,3
2020-10-07,15:09:24.522000,12778,12779,12778,1
2020-10-07,15:09:27.393000,12778,12779,12778,1
2020-10-07,15:09:28.107000,12778,12779,12779,1
2020-10-07,15:09:28.182000,12778,12779,12778,1
2020-10-07,15:09:28.998000,12778,12779,12778,2
2020-10-07,15:09:34.184000,12778,12779,12779,4
2020-10-07,15:09:34.184000,12778,12779,12779,10
2020-10-07,15:09:35.931000,12779,12780,12779,2
2020-10-07,15:09:36.328000,12778,12780,12780,1
2020-10-07,15:09:38.092000,12778,12779,12778,1
2020-10-07,15:09:39.708000,12779,12780,12779,1
2020-10-07,15:09:41.217000,12778,12779,12779,4
2020-10-07,15:09:41.217000,12778,12779,12780,50
2020-10-07,15:09:41.217000,12778,12779,12780,2
2020-10-07,15:09:47.782000,12779,12780,12779,2
2020-10-07,15:09:48.387000,12778,12780,12778,1
2020-10-07,15:09:50.766000,12778,12779,12779,2
2020-10-07,15:09:51.450000,12778,12779,12779,1
2020-10-07,15:09:51.532000,12778,12779,12779,2
2020-10-07,15:09:51.650000,12779,12780,12779,2
2020-10-07,15:09:51.651000,12779,12780,12779,1
2020-10-07,15:09:55.235000,12778,12779,12779,1
2020-10-07,15:09:56.999000,12778,12780,12778,2
2020-10-07,15:09:57.312000,12778,12779,12779,2
2020-10-07,15:09:57.508000,12778,12779,12779,1
2020-10-07,15:09:59.127000,12778,12779,12779,2
2020-10-07,15:10:00.755000,12778,12780,12778,1
2020-10-07,15:10:00.843000,12779,12780,12779,1
2020-10-07,15:10:00.979000,12778,12780,12780,1
2020-10-07,15:10:01.313000,12778,12780,12780,5
2020-10-07,15:10:01.374000,12779,12780,12780,2
2020-10-07,15:10:01.384000,12779,12780,12780,3
2020-10-07,15:10:01.400000,12779,12780,12780,1
2020-10-07,15:10:01.707000,12779,12780,12780,1
2020-10-07,15:10:04.437000,12779,12780,12780,5
2020-10-07,15:10:05.913000,12779,12780,12780,5
2020-10-07,15:10:08.635000,12779,12780,12780,1
2020-10-07,15:10:10.676000,12779,12780,12779,1
2020-10-07,15:10:11.028000,12779,12780,12780,3
2020-10-07,15:10:14.979000,12780,12781,12781,4
2020-10-07,15:10:14.979000,12780,12781,12781,6
2020-10-07,15:10:15.304000,12781,12782,12782,1
2020-10-07,15:10:15.320000,12781,12782,12782,1
2020-10-07,15:10:15.448000,12780,12782,12782,1
2020-10-07,15:10:15.516000,12780,12782,12782,2
2020-10-07,15:10:15.534000,12780,12782,12782,1
2020-10-07,15:10:15.724000,12781,12782,12782,1
2020-10-07,15:10:15.729000,12781,12782,12782,1
2020-10-07,15:10:15.748000,12781,12782,12782,1
2020-10-07,15:10:15.753000,12781,12782,12782,1
2020-10-07,15:10:15.759000,12781,12782,12782,1
2020-10-07,15:10:15.774000,12781,12782,12782,1
2020-10-07,15:10:15.780000,12781,12782,12782,1
2020-10-07,15:10:16.081000,12781,12782,12782,2
2020-10-07,15:10:16.351000,12781,12783,12781,1
2020-10-07,15:10:17.007000,12781,12783,12781,2
2020-10-07,15:10:17.456000,12781,12783,12781,1
2020-10-07,15:10:17.551000,12781,12783,12781,1
2020-10-07,15:10:20.125000,12781,12782,12782,1
2020-10-07,15:10:21.699000,12782,12783,12782,1
2020-10-07,15:10:22.049000,12781,12783,12782,1
2020-10-07,15:10:22.161000,12781,12783,12781,1
2020-10-07,15:10:24.379000,12782,12783,12782,1
2020-10-07,15:10:24.379000,12782,12783,12781,4
2020-10-07,15:10:24.493000,12781,12782,12782,1
2020-10-07,15:10:25.278000,12781,12783,12781,1
2020-10-07,15:10:27.121000,12781,12783,12783,1
2020-10-07,15:10:28.317000,12781,12783,12782,2
2020-10-07,15:10:30.554000,12782,12783,12782,1
2020-10-07,15:10:30.967000,12781,12782,12782,1
2020-10-07,15:10:30.967000,12781,12782,12783,1
2020-10-07,15:10:33.303000,12781,12783,12781,1
2020-10-07,15:10:34.235000,12782,12783,12783,3
2020-10-07,15:10:36.297000,12782,12783,12782,2
2020-10-07,15:10:36.610000,12781,12782,12782,1
2020-10-07,15:10:37.961000,12781,12782,12782,1
2020-10-07,15:10:38.093000,12781,12782,12782,1
2020-10-07,15:10:41.301000,12781,12782,12782,1
2020-10-07,15:10:41.882000,12781,12782,12782,1
2020-10-07,15:10:42.348000,12781,12782,12782,1
2020-10-07,15:10:43.182000,12781,12782,12782,1
2020-10-07,15:10:44.959000,12782,12783,12782,1
2020-10-07,15:10:45.584000,12781,12782,12782,1
2020-10-07,15:10:46.020000,12781,12782,12781,16
2020-10-07,15:10:46.990000,12780,12782,12782,1
2020-10-07,15:10:50.067000,12780,12781,12781,1
2020-10-07,15:10:52.731000,12780,12781,12780,7
2020-10-07,15:10:52.731000,12780,12781,12780,4
2020-10-07,15:10:52.731000,12780,12781,12780,18
2020-10-07,15:10:53.087000,12779,12780,12780,1
2020-10-07,15:10:53.587000,12780,12781,12780,1
2020-10-07,15:10:54.637000,12779,12781,12781,1
2020-10-07,15:10:55.183000,12779,12781,12781,1
2020-10-07,15:11:03.593000,12779,12780,12780,1
2020-10-07,15:11:03.719000,12779,12780,12779,1
2020-10-07,15:11:05.022000,12779,12780,12779,1
2020-10-07,15:11:05.831000,12779,12780,12780,1
2020-10-07,15:11:05.972000,12779,12780,12780,1
2020-10-07,15:11:07.967000,12779,12780,12780,1
2020-10-07,15:11:07.967000,12779,12780,12781,1
2020-10-07,15:11:09.114000,12779,12780,12780,1
2020-10-07,15:11:14.005000,12779,12780,12780,2
2020-10-07,15:11:14.005000,12779,12780,12781,1
2020-10-07,15:11:14.790000,12779,12780,12780,1
2020-10-07,15:11:16.943000,12780,12781,12780,4
2020-10-07,15:11:17.205000,12779,12780,12780,3
2020-10-07,15:11:18.478000,12779,12780,12780,1
2020-10-07,15:11:20.543000,12779,12780,12779,2
2020-10-07,15:11:22.307000,12779,12780,12780,1
2020-10-07,15:11:25.233000,12779,12780,12780,1
2020-10-07,15:11:25.719000,12780,12781,12780,1
2020-10-07,15:11:29.633000,12780,12781,12780,1
2020-10-07,15:11:31.481000,12780,12781,12780,1
2020-10-07,15:11:33.752000,12779,12780,12779,1
2020-10-07,15:11:37.895000,12779,12780,12779,1
2020-10-07,15:11:41.284000,12779,12780,12780,1
2020-10-07,15:11:42.290000,12779,12780,12780,1
2020-10-07,15:11:43.200000,12779,12780,12780,2
2020-10-07,15:11:43.233000,12779,12780,12780,1
2020-10-07,15:11:45.592000,12779,12780,12779,2
2020-10-07,15:11:45.592000,12779,12780,12779,4
2020-10-07,15:11:45.592000,12779,12780,12779,15
2020-10-07,15:11:46.835000,12778,12779,12779,1
2020-10-07,15:11:47.884000,12778,12779,12779,3
2020-10-07,15:11:47.944000,12778,12779,12779,1
2020-10-07,15:11:48.371000,12779,12780,12779,1
2020-10-07,15:11:48.631000,12778,12780,12778,5
2020-10-07,15:11:59.309000,12778,12779,12779,1
2020-10-07,15:12:00.149000,12778,12779,12778,1
2020-10-07,15:12:00.218000,12778,12779,12778,1
2020-10-07,15:12:00.345000,12778,12779,12779,2
2020-10-07,15:12:00.345000,12778,12779,12780,14
2020-10-07,15:12:00.346000,12778,12779,12780,9
2020-10-07,15:12:00.363000,12778,12779,12781,1
2020-10-07,15:12:00.429000,12778,12779,12780,3
2020-10-07,15:12:00.466000,12780,12781,12781,2
2020-10-07,15:12:00.514000,12780,12781,12781,2
2020-10-07,15:12:00.514000,12780,12781,12781,2
2020-10-07,15:12:00.871000,12781,12782,12781,3
2020-10-07,15:12:01.665000,12781,12782,12781,1
2020-10-07,15:12:05.701000,12780,12782,12782,1
2020-10-07,15:12:08.520000,12780,12782,12780,5
2020-10-07,15:12:09.582000,12780,12781,12780,7
2020-10-07,15:12:09.792000,12779,12780,12779,1
2020-10-07,15:12:09.963000,12778,12780,12780,1
2020-10-07,15:12:10.164000,12778,12780,12778,2
2020-10-07,15:12:10.494000,12779,12780,12779,1
2020-10-07,15:12:10.550000,12779,12780,12779,1
2020-10-07,15:12:10.609000,12779,12780,12779,1
2020-10-07,15:12:10.664000,12779,12780,12779,1
2020-10-07,15:12:14.055000,12779,12780,12780,2
2020-10-07,15:12:15.938000,12780,12781,12780,1
2020-10-07,15:12:18.441000,12780,12781,12780,2
2020-10-07,15:12:20.798000,12780,12781,12781,2
2020-10-07,15:12:24.352000,12780,12781,12781,1
2020-10-07,15:12:24.862000,12780,12782,12780,1
2020-10-07,15:12:25.161000,12780,12782,12780,1
2020-10-07,15:12:25.811000,12780,12781,12780,1
2020-10-07,15:12:26.662000,12780,12781,12780,1
2020-10-07,15:12:28.864000,12780,12781,12780,1
2020-10-07,15:12:28.903000,12780,12781,12780,1
2020-10-07,15:12:30.036000,12779,12780,12780,1
2020-10-07,15:12:32.915000,12779,12780,12780,1
2020-10-07,15:12:32.915000,12779,12780,12780,4
2020-10-07,15:12:32.915000,12779,12780,12780,1
2020-10-07,15:12:32.915000,12779,12780,12780,3
2020-10-07,15:12:35.758000,12780,12781,12780,1
2020-10-07,15:12:40.038000,12780,12781,12780,1
2020-10-07,15:12:42.006000,12780,12781,12781,3
2020-10-07,15:12:42.075000,12780,12781,12780,1
2020-10-07,15:12:45.901000,12780,12781,12781,1
2020-10-07,15:12:46.153000,12780,12781,12781,1
2020-10-07,15:12:52.042000,12779,12781,12781,6
2020-10-07,15:12:53.027000,12781,12782,12782,1
2020-10-07,15:12:53.302000,12781,12782,12782,1
2020-10-07,15:12:57.967000,12781,12782,12781,1
2020-10-07,15:12:58.430000,12781,12782,12781,1
2020-10-07,15:13:02.587000,12781,12782,12782,12
2020-10-07,15:13:02.723000,12782,12783,12782,1
2020-10-07,15:13:02.845000,12782,12783,12783,1
2020-10-07,15:13:02.868000,12782,12783,12783,1
2020-10-07,15:13:02.911000,12782,12783,12783,1
2020-10-07,15:13:03.090000,12782,12783,12783,2
2020-10-07,15:13:03.172000,12782,12783,12783,2
2020-10-07,15:13:03.173000,12782,12783,12783,18
2020-10-07,15:13:03.326000,12782,12784,12782,2
2020-10-07,15:13:03.423000,12782,12784,12784,1
2020-10-07,15:13:03.484000,12783,12784,12784,1
2020-10-07,15:13:03.593000,12783,12784,12784,1
2020-10-07,15:13:03.645000,12783,12784,12784,1
2020-10-07,15:13:03.709000,12783,12784,12783,1
2020-10-07,15:13:03.710000,12783,12784,12783,1
2020-10-07,15:13:03.710000,12783,12784,12783,1
2020-10-07,15:13:03.717000,12783,12784,12783,1
2020-10-07,15:13:03.722000,12783,12784,12782,1
2020-10-07,15:13:03.726000,12783,12784,12782,2
2020-10-07,15:13:03.729000,12783,12784,12782,1
2020-10-07,15:13:03.904000,12782,12783,12783,1
2020-10-07,15:13:04.038000,12783,12784,12784,1
2020-10-07,15:13:04.126000,12783,12784,12784,1
2020-10-07,15:13:04.363000,12783,12784,12783,1
2020-10-07,15:13:04.792000,12783,12784,12784,1
2020-10-07,15:13:04.797000,12783,12784,12784,1
2020-10-07,15:13:04.804000,12783,12784,12784,1
2020-10-07,15:13:04.937000,12783,12784,12784,1
2020-10-07,15:13:05.173000,12783,12784,12784,2
2020-10-07,15:13:05.426000,12783,12784,12784,2
2020-10-07,15:13:05.426000,12783,12784,12784,2
2020-10-07,15:13:07.241000,12783,12784,12783,2
2020-10-07,15:13:09.767000,12782,12784,12783,1
2020-10-07,15:13:09.809000,12782,12784,12784,1
2020-10-07,15:13:10.565000,12782,12784,12784,1
2020-10-07,15:13:14.320000,12782,12783,12783,1
2020-10-07,15:13:15.197000,12783,12784,12784,1
2020-10-07,15:13:18.414000,12783,12784,12783,1
2020-10-07,15:13:19.367000,12782,12784,12784,3
2020-10-07,15:13:20.622000,12783,12784,12784,1
2020-10-07,15:13:21.785000,12783,12785,12783,1
2020-10-07,15:13:30.709000,12784,12785,12784,1
2020-10-07,15:13:31.011000,12784,12785,12784,1
2020-10-07,15:13:32.696000,12783,12785,12785,1
2020-10-07,15:13:32.821000,12783,12785,12785,1
2020-10-07,15:13:32.832000,12783,12785,12785,1
2020-10-07,15:13:32.939000,12783,12785,12783,1
2020-10-07,15:13:35.084000,12784,12785,12784,1
2020-10-07,15:13:35.268000,12783,12785,12785,1
2020-10-07,15:13:36.126000,12783,12785,12785,1
2020-10-07,15:13:36.633000,12783,12785,12785,1
2020-10-07,15:13:37.070000,12783,12785,12785,1
2020-10-07,15:13:40.118000,12783,12785,12785,1
2020-10-07,15:13:42.745000,12783,12785,12783,1
2020-10-07,15:13:43.533000,12784,12785,12785,10
2020-10-07,15:13:43.533000,12784,12785,12785,4
2020-10-07,15:13:43.533000,12784,12785,12785,6
2020-10-07,15:13:43.533000,12784,12785,12785,4
2020-10-07,15:13:43.533000,12784,12785,12785,11
2020-10-07,15:13:43.701000,12785,12786,12785,1
2020-10-07,15:13:44.634000,12785,12786,12786,9
2020-10-07,15:13:45.255000,12786,12787,12786,1
2020-10-07,15:13:46.782000,12785,12787,12787,2
2020-10-07,15:13:47.351000,12786,12787,12786,1
2020-10-07,15:13:47.667000,12785,12787,12787,1
2020-10-07,15:13:48.052000,12785,12787,12787,1
2020-10-07,15:13:48.277000,12785,12787,12785,1
2020-10-07,15:13:48.653000,12785,12787,12787,1
2020-10-07,15:13:49.052000,12786,12787,12786,1
2020-10-07,15:13:50.626000,12786,12787,12787,1
2020-10-07,15:13:55.502000,12785,12786,12786,1
2020-10-07,15:13:55.536000,12785,12786,12786,7
2020-10-07,15:13:55.537000,12785,12786,12786,1
2020-10-07,15:13:55.651000,12785,12786,12786,1
2020-10-07,15:13:57.611000,12786,12787,12787,1
2020-10-07,15:13:57.865000,12786,12787,12787,1
2020-10-07,15:13:59.122000,12786,12787,12787,2
2020-10-07,15:13:59.811000,12787,12788,12788,13
2020-10-07,15:13:59.811000,12787,12788,12788,1
2020-10-07,15:13:59.812000,12787,12788,12788,1
2020-10-07,15:13:59.812000,12787,12788,12789,13
2020-10-07,15:13:59.812000,12787,12788,12789,2
2020-10-07,15:13:59.814000,12787,12788,12790,4
2020-10-07,15:13:59.814000,12787,12788,12790,13
2020-10-07,15:13:59.815000,12787,12788,12790,1
2020-10-07,15:13:59.816000,12787,12788,12789,2
2020-10-07,15:13:59.837000,12789,12790,12790,1
2020-10-07,15:13:59.853000,12789,12790,12790,2
2020-10-07,15:13:59.889000,12789,12790,12790,1
2020-10-07,15:13:59.897000,12789,12790,12791,1
2020-10-07,15:13:59.987000,12790,12791,12791,1
2020-10-07,15:14:00.340000,12789,12790,12790,1
2020-10-07,15:14:00.469000,12789,12790,12789,1
2020-10-07,15:14:00.576000,12789,12790,12789,1
2020-10-07,15:14:00.640000,12789,12790,12789,1
2020-10-07,15:14:00.957000,12788,12790,12790,1
2020-10-07,15:14:01.896000,12788,12790,12789,1
2020-10-07,15:14:02.203000,12789,12790,12789,1
2020-10-07,15:14:02.247000,12789,12790,12790,2
2020-10-07,15:14:02.275000,12789,12790,12790,2
2020-10-07,15:14:02.298000,12789,12790,12789,1
2020-10-07,15:14:03.586000,12789,12790,12790,1
2020-10-07,15:14:04.475000,12789,12790,12790,1
2020-10-07,15:14:04.580000,12789,12790,12790,1
2020-10-07,15:14:04.687000,12789,12790,12790,2
2020-10-07,15:14:05.120000,12789,12790,12789,3
2020-10-07,15:14:05.312000,12788,12790,12790,1
2020-10-07,15:14:06.841000,12788,12789,12788,2
2020-10-07,15:14:07.018000,12787,12788,12788,1
2020-10-07,15:14:07.090000,12787,12788,12788,2
2020-10-07,15:14:07.226000,12788,12789,12788,1
2020-10-07,15:14:07.832000,12788,12789,12788,1
2020-10-07,15:14:07.909000,12788,12789,12788,1
2020-10-07,15:14:08.015000,12787,12789,12789,1
2020-10-07,15:14:08.520000,12788,12789,12789,1
2020-10-07,15:14:10.221000,12788,12789,12789,1
2020-10-07,15:14:10.221000,12788,12789,12790,16
2020-10-07,15:14:10.221000,12788,12789,12791,3
2020-10-07,15:14:10.620000,12789,12791,12791,1
2020-10-07,15:14:11.341000,12789,12791,12791,1
2020-10-07,15:14:11.370000,12789,12791,12789,2
2020-10-07,15:14:12.319000,12789,12790,12789,1
2020-10-07,15:14:13.160000,12789,12790,12789,1
2020-10-07,15:14:13.732000,12789,12790,12789,2
2020-10-07,15:14:13.732000,12789,12790,12789,1
2020-10-07,15:14:14.825000,12789,12790,12790,1
2020-10-07,15:14:15.753000,12789,12790,12790,17
2020-10-07,15:14:15.753000,12789,12790,12791,3
2020-10-07,15:14:16.010000,12790,12791,12790,1
2020-10-07,15:14:16.601000,12789,12791,12791,5
2020-10-07,15:14:16.672000,12789,12791,12790,2
2020-10-07,15:14:17.279000,12790,12791,12791,2
2020-10-07,15:14:17.798000,12790,12791,12791,2
2020-10-07,15:14:18.175000,12790,12791,12791,1
2020-10-07,15:14:18.704000,12790,12791,12791,1
2020-10-07,15:14:19.556000,12791,12792,12791,1
2020-10-07,15:14:19.727000,12790,12791,12791,1
2020-10-07,15:14:19.923000,12790,12791,12791,1
2020-10-07,15:14:20.321000,12790,12791,12791,5
2020-10-07,15:14:20.336000,12791,12792,12791,1
2020-10-07,15:14:20.543000,12791,12792,12791,2
2020-10-07,15:14:20.543000,12791,12792,12790,2
2020-10-07,15:14:20.915000,12790,12791,12791,2
2020-10-07,15:14:21.426000,12790,12791,12791,11
2020-10-07,15:14:21.426000,12790,12791,12792,9
2020-10-07,15:14:21.502000,12790,12792,12792,5
2020-10-07,15:14:21.506000,12790,12792,12792,1
2020-10-07,15:14:21.563000,12790,12792,12791,1
2020-10-07,15:14:21.923000,12790,12792,12791,1
2020-10-07,15:14:23.712000,12790,12791,12790,5
2020-10-07,15:14:24.109000,12789,12790,12790,1
2020-10-07,15:14:24.471000,12789,12790,12790,1
2020-10-07,15:14:25.013000,12789,12790,12789,1
2020-10-07,15:14:26.444000,12789,12790,12790,5
2020-10-07,15:14:26.444000,12789,12790,12791,15
2020-10-07,15:14:27.478000,12789,12791,12791,5
2020-10-07,15:14:28.282000,12789,12791,12789,1
2020-10-07,15:14:29.163000,12790,12791,12790,3
2020-10-07,15:14:32.791000,12790,12792,12792,1
2020-10-07,15:14:34.819000,12790,12792,12792,2
2020-10-07,15:14:36.798000,12791,12792,12792,1
2020-10-07,15:14:37.584000,12791,12792,12791,1
2020-10-07,15:14:38.158000,12790,12791,12790,1
2020-10-07,15:14:40.969000,12790,12791,12790,13
2020-10-07,15:14:42.724000,12789,12790,12790,6
2020-10-07,15:14:42.724000,12789,12790,12791,14
2020-10-07,15:14:47.722000,12790,12792,12791,1
2020-10-07,15:14:48.811000,12790,12792,12790,1
2020-10-07,15:14:49.713000,12790,12792,12792,3
2020-10-07,15:14:49.813000,12790,12792,12791,2
2020-10-07,15:14:49.927000,12791,12792,12791,2
2020-10-07,15:14:49.950000,12791,12792,12791,1
2020-10-07,15:14:50.826000,12791,12792,12791,1
2020-10-07,15:14:51.888000,12790,12792,12790,1
2020-10-07,15:14:53.490000,12790,12791,12790,1
2020-10-07,15:14:54.591000,12790,12791,12790,11
2020-10-07,15:14:54.591000,12790,12791,12790,4
2020-10-07,15:14:54.591000,12790,12791,12790,1
2020-10-07,15:14:54.591000,12790,12791,12790,2
2020-10-07,15:14:56.899000,12789,12791,12790,1
2020-10-07,15:14:58.782000,12789,12790,12789,17
2020-10-07,15:14:59.042000,12788,12789,12789,1
2020-10-07,15:15:01.258000,12788,12789,12789,3
2020-10-07,15:15:01.344000,12789,12790,12788,1
2020-10-07,15:15:01.463000,12788,12790,12790,4
2020-10-07,15:15:01.536000,12788,12790,12790,4
2020-10-07,15:15:01.539000,12788,12790,12791,4
2020-10-07,15:15:01.618000,12789,12791,12791,4
2020-10-07,15:15:01.623000,12789,12791,12790,3
2020-10-07,15:15:01.759000,12790,12791,12791,1
2020-10-07,15:15:01.762000,12790,12791,12791,3
2020-10-07,15:15:01.915000,12790,12791,12791,3
2020-10-07,15:15:02.043000,12790,12791,12790,2
2020-10-07,15:15:02.078000,12789,12791,12791,1
2020-10-07,15:15:02.394000,12790,12791,12790,3
2020-10-07,15:15:02.569000,12789,12791,12791,1
2020-10-07,15:15:02.781000,12790,12791,12790,1
2020-10-07,15:15:02.883000,12790,12791,12790,2
2020-10-07,15:15:05.437000,12790,12791,12790,2
2020-10-07,15:15:07.496000,12790,12791,12791,1
2020-10-07,15:15:07.621000,12790,12791,12790,1
2020-10-07,15:15:07.865000,12790,12791,12790,1
2020-10-07,15:15:09.425000,12790,12791,12790,1
2020-10-07,15:15:09.813000,12789,12791,12789,1
2020-10-07,15:15:12.148000,12790,12791,12791,1
2020-10-07,15:15:12.898000,12790,12791,12790,3
2020-10-07,15:15:13.804000,12790,12791,12790,1
2020-10-07,15:15:17.050000,12789,12791,12791,1
2020-10-07,15:15:17.293000,12790,12791,12790,1
2020-10-07,15:15:18.587000,12790,12791,12791,1
2020-10-07,15:15:18.721000,12790,12791,12791,3
2020-10-07,15:15:18.721000,12790,12791,12791,1
2020-10-07,15:15:19.198000,12791,12792,12792,1
2020-10-07,15:15:19.298000,12791,12792,12792,2
2020-10-07,15:15:19.303000,12791,12792,12792,3
2020-10-07,15:15:19.341000,12791,12792,12792,1
2020-10-07,15:15:19.348000,12791,12792,12792,1
2020-10-07,15:15:19.525000,12791,12792,12792,1
2020-10-07,15:15:19.744000,12791,12792,12791,1
2020-10-07,15:15:20.228000,12791,12792,12792,1
2020-10-07,15:15:20.529000,12791,12792,12792,1
2020-10-07,15:15:20.839000,12791,12792,12792,6
2020-10-07,15:15:20.840000,12791,12792,12792,1
2020-10-07,15:15:20.840000,12791,12792,12792,2
2020-10-07,15:15:21.886000,12791,12793,12791,4
2020-10-07,15:15:22.476000,12792,12793,12792,1
2020-10-07,15:15:23.151000,12792,12793,12792,1
2020-10-07,15:15:24.523000,12791,12792,12792,1
2020-10-07,15:15:26.650000,12792,12793,12792,1
2020-10-07,15:15:28.076000,12791,12792,12792,1
2020-10-07,15:15:28.085000,12791,12792,12792,1
2020-10-07,15:15:28.085000,12791,12792,12793,1
2020-10-07,15:15:28.203000,12791,12793,12793,1
2020-10-07,15:15:28.403000,12792,12793,12792,1
2020-10-07,15:15:28.403000,12792,12793,12791,1
2020-10-07,15:15:28.403000,12792,12793,12793,1
2020-10-07,15:15:28.460000,12791,12793,12791,2
2020-10-07,15:15:28.529000,12791,12793,12791,1
2020-10-07,15:15:28.559000,12791,12793,12791,1
2020-10-07,15:15:28.633000,12791,12793,12793,1
2020-10-07,15:15:28.665000,12791,12793,12793,1
2020-10-07,15:15:28.875000,12791,12793,12793,1
2020-10-07,15:15:28.878000,12791,12793,12793,1
2020-10-07,15:15:30.118000,12792,12793,12792,1
2020-10-07,15:15:30.593000,12790,12792,12792,1
2020-10-07,15:15:31.711000,12790,12791,12790,1
2020-10-07,15:15:31.722000,12790,12791,12791,2
2020-10-07,15:15:31.893000,12790,12791,12791,3
2020-10-07,15:15:32.302000,12790,12791,12791,1
2020-10-07,15:15:34.863000,12790,12791,12790,4
2020-10-07,15:15:34.863000,12790,12791,12789,3
2020-10-07,15:15:36.567000,12789,12790,12790,2
2020-10-07,15:15:38.525000,12789,12790,12790,1
2020-10-07,15:15:39.259000,12789,12790,12790,1
2020-10-07,15:15:43.827000,12790,12791,12790,2
2020-10-07,15:15:46.854000,12789,12790,12790,1
2020-10-07,15:15:49.941000,12790,12791,12790,1
2020-10-07,15:15:50.140000,12790,12791,12790,2
2020-10-07,15:15:50.991000,12790,12791,12790,1
2020-10-07,15:15:58.044000,12790,12791,12791,2
2020-10-07,15:16:02.195000,12791,12792,12792,2
2020-10-07,15:16:02.195000,12791,12792,12792,3
2020-10-07,15:16:02.834000,12792,12793,12792,1
2020-10-07,15:16:07.716000,12792,12793,12792,2
2020-10-07,15:16:09.734000,12792,12793,12793,1
2020-10-07,15:16:09.949000,12792,12793,12793,1
2020-10-07,15:16:10.312000,12792,12793,12792,1
2020-10-07,15:16:11.179000,12792,12793,12793,4
2020-10-07,15:16:11.179000,12792,12793,12793,2
2020-10-07,15:16:11.180000,12792,12793,12793,9
2020-10-07,15:16:11.699000,12793,12794,12793,1
2020-10-07,15:16:12.189000,12793,12794,12793,1
2020-10-07,15:16:12.222000,12792,12793,12793,2
2020-10-07,15:16:14.578000,12792,12793,12792,1
2020-10-07,15:16:15.418000,12792,12793,12793,1
2020-10-07,15:16:15.436000,12792,12793,12793,1
2020-10-07,15:16:16.473000,12792,12793,12793,1
2020-10-07,15:16:17.222000,12792,12793,12792,1
2020-10-07,15:16:17.328000,12792,12793,12792,1
2020-10-07,15:16:18.686000,12792,12793,12793,1
2020-10-07,15:16:18.995000,12792,12793,12793,1
2020-10-07,15:16:19.764000,12792,12793,12792,11
2020-10-07,15:16:19.770000,12792,12793,12792,1
2020-10-07,15:16:20.553000,12791,12793,12793,1
2020-10-07,15:16:21.711000,12791,12793,12791,2
2020-10-07,15:16:22.484000,12791,12793,12793,1
2020-10-07,15:16:23.056000,12791,12793,12793,2
2020-10-07,15:16:24.425000,12791,12793,12793,3
2020-10-07,15:16:24.425000,12791,12793,12794,1
2020-10-07,15:16:25.011000,12791,12793,12793,8
2020-10-07,15:16:26.995000,12791,12792,12791,1
2020-10-07,15:16:29.198000,12791,12792,12792,1
2020-10-07,15:16:29.814000,12791,12792,12792,1
2020-10-07,15:16:32.997000,12791,12792,12792,1
2020-10-07,15:16:35.477000,12791,12792,12792,1
2020-10-07,15:16:35.524000,12791,12792,12792,1
2020-10-07,15:16:35.787000,12792,12793,12792,1
2020-10-07,15:16:36.563000,12792,12793,12792,1
2020-10-07,15:16:37.217000,12792,12793,12792,1
2020-10-07,15:16:37.701000,12791,12792,12792,1
2020-10-07,15:16:38.284000,12791,12792,12792,1
2020-10-07,15:16:44.503000,12792,12793,12792,5
2020-10-07,15:16:46.114000,12791,12792,12792,1
2020-10-07,15:16:47.769000,12791,12792,12792,1
2020-10-07,15:16:55.859000,12791,12792,12792,1
2020-10-07,15:16:58.819000,12791,12792,12791,1
2020-10-07,15:16:59.153000,12791,12792,12791,7
2020-10-07,15:16:59.636000,12790,12791,12791,1
2020-10-07,15:17:01.988000,12790,12791,12791,4
2020-10-07,15:17:02.286000,12791,12792,12791,12
2020-10-07,15:17:02.557000,12790,12791,12791,1
2020-10-07,15:17:03.286000,12790,12791,12791,1
2020-10-07,15:17:04.214000,12790,12791,12791,1
2020-10-07,15:17:04.232000,12790,12791,12791,1
2020-10-07,15:17:04.430000,12790,12791,12791,1
2020-10-07,15:17:06.208000,12790,12792,12790,1
2020-10-07,15:17:08.208000,12791,12792,12791,1
2020-10-07,15:17:12.106000,12790,12791,12791,2
2020-10-07,15:17:24.253000,12790,12791,12791,1
2020-10-07,15:17:24.253000,12790,12791,12791,1
2020-10-07,15:17:31.244000,12790,12791,12791,3
2020-10-07,15:17:31.328000,12790,12791,12791,1
2020-10-07,15:17:31.330000,12790,12791,12791,1
2020-10-07,15:17:31.330000,12790,12791,12791,4
2020-10-07,15:17:32.002000,12791,12792,12791,1
2020-10-07,15:17:32.078000,12790,12792,12792,1
2020-10-07,15:17:33.273000,12791,12792,12791,2
2020-10-07,15:17:38.025000,12791,12792,12791,1
2020-10-07,15:17:38.732000,12791,12792,12791,2
2020-10-07,15:17:45.281000,12791,12792,12792,3
2020-10-07,15:17:45.328000,12791,12792,12792,1
2020-10-07,15:17:50.283000,12791,12792,12792,1
2020-10-07,15:17:52.749000,12791,12792,12791,4
2020-10-07,15:17:52.749000,12791,12792,12791,12
2020-10-07,15:17:53.240000,12790,12791,12791,2
2020-10-07,15:17:55.044000,12790,12791,12791,2
2020-10-07,15:17:55.763000,12790,12791,12791,1
2020-10-07,15:17:58.824000,12791,12792,12791,1
2020-10-07,15:17:59.876000,12790,12791,12791,2
2020-10-07,15:18:01.106000,12790,12791,12791,2
2020-10-07,15:18:01.504000,12790,12791,12791,1
2020-10-07,15:18:01.607000,12791,12792,12792,2
2020-10-07,15:18:01.700000,12791,12792,12792,1
2020-10-07,15:18:03.281000,12791,12792,12791,5
2020-10-07,15:18:03.903000,12790,12792,12790,4
2020-10-07,15:18:08.374000,12791,12792,12791,1
2020-10-07,15:18:12.890000,12791,12792,12791,2
2020-10-07,15:18:13.710000,12790,12791,12791,2
2020-10-07,15:18:18.198000,12790,12792,12790,1
2020-10-07,15:18:24.617000,12790,12791,12791,1
2020-10-07,15:18:25.533000,12790,12791,12790,1
2020-10-07,15:18:25.599000,12790,12791,12790,1
2020-10-07,15:18:25.600000,12790,12791,12790,26
2020-10-07,15:18:25.915000,12789,12790,12789,3
2020-10-07,15:18:25.993000,12789,12790,12789,1
2020-10-07,15:18:26.405000,12789,12790,12790,1
2020-10-07,15:18:30.265000,12789,12790,12789,34
2020-10-07,15:18:31.075000,12788,12789,12788,1
2020-10-07,15:18:31.076000,12788,12789,12788,4
2020-10-07,15:18:31.076000,12788,12789,12788,1
2020-10-07,15:18:31.076000,12788,12789,12788,3
2020-10-07,15:18:31.077000,12788,12789,12788,13
2020-10-07,15:18:31.154000,12788,12789,12789,1
2020-10-07,15:18:31.825000,12787,12789,12789,1
2020-10-07,15:18:33.062000,12787,12789,12787,1
2020-10-07,15:18:34.195000,12787,12788,12787,1
2020-10-07,15:18:35.268000,12788,12789,12788,1
2020-10-07,15:18:35.684000,12787,12789,12787,1
2020-10-07,15:18:36.072000,12787,12789,12787,1
2020-10-07,15:18:37.099000,12787,12788,12788,2
2020-10-07,15:18:40.856000,12787,12788,12787,1
2020-10-07,15:18:41.126000,12787,12788,12788,8
2020-10-07,15:18:41.127000,12787,12788,12788,2
2020-10-07,15:18:41.480000,12787,12788,12787,5
2020-10-07,15:18:42.377000,12787,12788,12787,1
2020-10-07,15:18:42.396000,12787,12788,12787,1
2020-10-07,15:18:45.525000,12787,12788,12787,1
2020-10-07,15:18:47.068000,12787,12788,12787,1
2020-10-07,15:18:48.124000,12787,12788,12788,1
2020-10-07,15:18:48.124000,12787,12788,12788,1
2020-10-07,15:18:48.124000,12787,12788,12788,1
2020-10-07,15:18:50.719000,12787,12789,12787,1
2020-10-07,15:18:54.612000,12787,12788,12788,1
2020-10-07,15:18:54.932000,12787,12788,12787,10
2020-10-07,15:19:01.481000,12787,12788,12787,3
2020-10-07,15:19:05.460000,12786,12787,12787,2
2020-10-07,15:19:06.826000,12787,12788,12787,1
2020-10-07,15:19:09.031000,12787,12788,12787,1
2020-10-07,15:19:09.031000,12787,12788,12786,1
2020-10-07,15:19:12.808000,12786,12787,12787,1
2020-10-07,15:19:12.833000,12786,12787,12787,1
2020-10-07,15:19:12.834000,12786,12787,12787,1
2020-10-07,15:19:12.859000,12786,12787,12787,1
2020-10-07,15:19:12.884000,12786,12787,12787,1
2020-10-07,15:19:14.801000,12786,12787,12787,1
2020-10-07,15:19:16.979000,12786,12787,12787,1
2020-10-07,15:19:25.452000,12786,12787,12786,1
2020-10-07,15:19:27.407000,12786,12787,12787,1
2020-10-07,15:19:29.413000,12786,12787,12786,13
2020-10-07,15:19:31.497000,12785,12786,12785,2
2020-10-07,15:19:31.497000,12785,12786,12785,1
2020-10-07,15:19:31.497000,12785,12786,12785,5
2020-10-07,15:19:32.871000,12784,12785,12785,1
2020-10-07,15:19:36.950000,12784,12785,12784,1
2020-10-07,15:19:39.826000,12784,12785,12785,3
2020-10-07,15:19:40.436000,12785,12786,12785,1
2020-10-07,15:19:40.596000,12785,12786,12785,1
2020-10-07,15:19:40.936000,12785,12786,12785,1
2020-10-07,15:19:42.762000,12785,12786,12785,1
2020-10-07,15:19:43.074000,12785,12786,12785,1
2020-10-07,15:19:44.269000,12785,12786,12785,2
2020-10-07,15:19:48.109000,12785,12786,12785,1
2020-10-07,15:19:52.732000,12784,12785,12784,3
2020-10-07,15:19:54.918000,12784,12785,12784,2
2020-10-07,15:19:56.751000,12784,12785,12784,1
2020-10-07,15:19:59.796000,12784,12785,12784,1
2020-10-07,15:19:59.796000,12784,12785,12784,3
2020-10-07,15:20:00.453000,12783,12784,12784,1
2020-10-07,15:20:01.417000,12783,12784,12784,1
2020-10-07,15:20:02.615000,12783,12784,12784,1
2020-10-07,15:20:04.113000,12784,12785,12784,1
2020-10-07,15:20:05.681000,12784,12785,12784,1
2020-10-07,15:20:08.426000,12784,12785,12784,1
2020-10-07,15:20:20.370000,12783,12784,12784,1
2020-10-07,15:20:20.624000,12783,12784,12783,1
2020-10-07,15:20:21.128000,12783,12784,12783,1
2020-10-07,15:20:26.033000,12783,12784,12783,1
2020-10-07,15:20:29.119000,12783,12784,12783,1
2020-10-07,15:20:30.048000,12783,12784,12783,1
2020-10-07,15:20:31.902000,12783,12784,12783,1
2020-10-07,15:20:34.404000,12783,12784,12784,12
2020-10-07,15:20:34.726000,12784,12785,12784,2
2020-10-07,15:20:35.636000,12784,12785,12784,1
2020-10-07,15:20:35.698000,12784,12785,12784,2
2020-10-07,15:20:40.513000,12784,12785,12784,1
2020-10-07,15:20:42.140000,12784,12785,12784,1
2020-10-07,15:20:42.886000,12783,12785,12784,1
2020-10-07,15:20:43.052000,12784,12785,12784,1
2020-10-07,15:20:44.177000,12783,12785,12784,1
2020-10-07,15:20:45.024000,12784,12785,12784,1
2020-10-07,15:20:47.692000,12784,12785,12784,1
2020-10-07,15:20:52.012000,12784,12785,12785,15
2020-10-07,15:20:52.078000,12785,12786,12786,2
2020-10-07,15:20:52.078000,12785,12786,12786,1
2020-10-07,15:20:52.078000,12785,12786,12786,1
2020-10-07,15:20:52.080000,12785,12786,12786,1
2020-10-07,15:20:52.080000,12785,12786,12786,1
2020-10-07,15:20:52.080000,12785,12786,12786,1
2020-10-07,15:20:52.080000,12785,12786,12786,1
2020-10-07,15:20:52.081000,12785,12786,12786,1
2020-10-07,15:20:52.081000,12785,12786,12787,1
2020-10-07,15:20:54.072000,12785,12787,12785,1
2020-10-07,15:20:59.014000,12785,12786,12786,1
2020-10-07,15:21:04.501000,12786,12787,12786,1
2020-10-07,15:21:10.063000,12785,12786,12786,1
2020-10-07,15:21:13.955000,12786,12787,12786,1
2020-10-07,15:21:16.079000,12785,12787,12787,1
2020-10-07,15:21:17.633000,12786,12787,12786,3
2020-10-07,15:21:20.361000,12786,12787,12786,1
2020-10-07,15:21:20.361000,12786,12787,12786,1
2020-10-07,15:21:20.361000,12786,12787,12786,1
2020-10-07,15:21:20.700000,12785,12786,12786,1
2020-10-07,15:21:25.803000,12786,12787,12787,1
2020-10-07,15:21:28.041000,12786,12787,12787,4
2020-10-07,15:21:28.597000,12787,12788,12787,1
2020-10-07,15:21:35.292000,12786,12787,12787,1
2020-10-07,15:21:42.522000,12786,12788,12788,1
2020-10-07,15:21:42.709000,12786,12787,12787,1
2020-10-07,15:21:48.085000,12787,12788,12787,1
2020-10-07,15:21:48.749000,12787,12788,12788,2
2020-10-07,15:21:52.968000,12787,12788,12787,1
2020-10-07,15:21:55.824000,12787,12788,12788,1
2020-10-07,15:22:00.532000,12787,12788,12788,2
2020-10-07,15:22:00.765000,12787,12788,12788,1
2020-10-07,15:22:00.817000,12787,12788,12788,1
2020-10-07,15:22:01.028000,12787,12788,12788,2
2020-10-07,15:22:08.688000,12787,12788,12787,1
2020-10-07,15:22:08.775000,12787,12788,12787,4
2020-10-07,15:22:12.540000,12786,12787,12786,3
2020-10-07,15:22:23.338000,12785,12786,12786,1
2020-10-07,15:22:23.339000,12785,12786,12786,2
2020-10-07,15:22:37.944000,12786,12787,12786,1
2020-10-07,15:22:49.146000,12786,12787,12786,1
2020-10-07,15:22:49.713000,12786,12787,12786,2
2020-10-07,15:22:52.044000,12785,12786,12786,1
2020-10-07,15:22:52.107000,12785,12786,12786,1
2020-10-07,15:22:53.703000,12785,12786,12786,1
2020-10-07,15:22:57.749000,12785,12786,12785,2
2020-10-07,15:23:02.138000,12785,12786,12785,1
2020-10-07,15:23:02.151000,12785,12786,12786,1
2020-10-07,15:23:02.310000,12785,12786,12786,1
2020-10-07,15:23:02.675000,12786,12787,12787,5
2020-10-07,15:23:05.737000,12786,12787,12786,1
2020-10-07,15:23:12.293000,12785,12786,12786,1
2020-10-07,15:23:13.728000,12785,12786,12785,1
2020-10-07,15:23:23.974000,12785,12786,12785,1
2020-10-07,15:23:26.678000,12785,12786,12785,1
2020-10-07,15:23:29.809000,12785,12786,12785,1
2020-10-07,15:23:29.810000,12785,12786,12785,1
2020-10-07,15:23:29.810000,12785,12786,12785,3
2020-10-07,15:23:36.979000,12784,12785,12784,2
2020-10-07,15:23:38.275000,12784,12785,12784,1
2020-10-07,15:23:38.743000,12784,12785,12785,1
2020-10-07,15:23:39.223000,12784,12785,12784,1
2020-10-07,15:23:50.853000,12784,12785,12784,4
2020-10-07,15:23:54.443000,12783,12784,12784,2
2020-10-07,15:23:57.950000,12783,12784,12783,1
2020-10-07,15:23:58.914000,12783,12784,12783,1
2020-10-07,15:24:00.026000,12783,12784,12783,1
2020-10-07,15:24:00.141000,12783,12784,12783,1
2020-10-07,15:24:02.204000,12783,12784,12784,6
2020-10-07,15:24:02.618000,12783,12784,12784,1
2020-10-07,15:24:02.618000,12783,12784,12784,1
2020-10-07,15:24:02.664000,12783,12784,12784,1
2020-10-07,15:24:03.869000,12784,12785,12784,1
2020-10-07,15:24:09.425000,12783,12784,12784,1
2020-10-07,15:24:09.533000,12784,12785,12784,1
2020-10-07,15:24:11.159000,12784,12785,12784,1
2020-10-07,15:24:22.017000,12784,12785,12784,1
2020-10-07,15:24:25.374000,12784,12785,12784,1
2020-10-07,15:24:29.066000,12784,12785,12784,1
2020-10-07,15:24:34.581000,12784,12785,12784,1
2020-10-07,15:24:41.685000,12784,12785,12785,10
2020-10-07,15:24:41.951000,12785,12786,12785,5
2020-10-07,15:24:48.947000,12784,12785,12784,1
2020-10-07,15:24:49.473000,12784,12785,12784,2
2020-10-07,15:24:49.618000,12784,12785,12784,1
2020-10-07,15:24:49.727000,12784,12785,12785,1
2020-10-07,15:24:49.821000,12784,12785,12784,1
2020-10-07,15:24:49.829000,12784,12785,12784,6
2020-10-07,15:24:50.022000,12784,12785,12784,2
2020-10-07,15:24:50.023000,12784,12785,12784,1
2020-10-07,15:24:50.634000,12784,12785,12784,1
2020-10-07,15:24:50.634000,12784,12785,12783,3
2020-10-07,15:24:50.731000,12783,12784,12783,3
2020-10-07,15:24:50.806000,12783,12784,12784,1
2020-10-07,15:24:55.401000,12784,12785,12784,1
2020-10-07,15:24:56.916000,12784,12785,12784,1
2020-10-07,15:24:59.880000,12784,12785,12785,1
2020-10-07,15:25:01.195000,12784,12785,12784,1
2020-10-07,15:25:07.146000,12784,12785,12784,1
2020-10-07,15:25:07.147000,12784,12785,12784,4
2020-10-07,15:25:07.147000,12784,12785,12784,2
2020-10-07,15:25:07.441000,12783,12784,12784,1
2020-10-07,15:25:12.687000,12783,12784,12784,2
2020-10-07,15:25:13.366000,12783,12784,12783,1
2020-10-07,15:25:14.771000,12783,12784,12783,1
2020-10-07,15:25:16.874000,12783,12784,12784,5
2020-10-07,15:25:23.589000,12784,12785,12784,1
2020-10-07,15:25:27.707000,12783,12784,12784,1
2020-10-07,15:25:30.219000,12783,12785,12783,3
2020-10-07,15:25:43.750000,12783,12784,12784,1
2020-10-07,15:25:46.934000,12784,12785,12785,1
2020-10-07,15:25:53.633000,12784,12785,12785,21
2020-10-07,15:25:53.633000,12784,12785,12785,3
2020-10-07,15:25:56.695000,12784,12785,12785,6
2020-10-07,15:26:03.416000,12785,12786,12785,1
2020-10-07,15:26:03.644000,12785,12786,12786,1
2020-10-07,15:26:03.728000,12785,12786,12786,4
2020-10-07,15:26:03.784000,12785,12786,12787,4
2020-10-07,15:26:04.443000,12785,12787,12787,1
2020-10-07,15:26:05.797000,12785,12787,12787,1
2020-10-07,15:26:07.145000,12786,12787,12786,1
2020-10-07,15:26:11.320000,12786,12787,12786,1
2020-10-07,15:26:17.008000,12786,12787,12787,1
2020-10-07,15:26:18.080000,12786,12787,12787,1
2020-10-07,15:26:18.625000,12786,12787,12787,5
2020-10-07,15:26:19.615000,12786,12787,12787,6
2020-10-07,15:26:20.465000,12787,12788,12788,1
2020-10-07,15:26:20.535000,12787,12788,12788,2
2020-10-07,15:26:27.229000,12787,12788,12788,1
2020-10-07,15:26:30.747000,12787,12788,12787,17
2020-10-07,15:26:38.447000,12786,12787,12787,1
2020-10-07,15:26:42.783000,12786,12788,12788,1
2020-10-07,15:26:50.131000,12787,12788,12788,1
2020-10-07,15:26:50.131000,12787,12788,12788,2
2020-10-07,15:26:55.309000,12788,12789,12789,2
2020-10-07,15:26:55.310000,12788,12789,12789,3
2020-10-07,15:26:55.598000,12788,12790,12790,1
2020-10-07,15:26:55.905000,12788,12790,12790,1
2020-10-07,15:26:57.660000,12788,12789,12789,1
2020-10-07,15:26:58.889000,12788,12789,12789,1
2020-10-07,15:26:58.889000,12788,12789,12789,2
2020-10-07,15:26:58.889000,12788,12789,12789,2
2020-10-07,15:26:59.807000,12789,12790,12789,3
2020-10-07,15:26:59.808000,12789,12790,12789,1
2020-10-07,15:26:59.808000,12789,12790,12789,1
2020-10-07,15:26:59.808000,12789,12790,12789,1
2020-10-07,15:27:01.857000,12788,12789,12789,6
2020-10-07,15:27:02.411000,12789,12790,12790,1
2020-10-07,15:27:05.154000,12789,12790,12789,5
2020-10-07,15:27:06.414000,12788,12789,12789,1
2020-10-07,15:27:10.165000,12788,12790,12790,1
2020-10-07,15:27:10.885000,12788,12790,12790,20
2020-10-07,15:27:11.215000,12789,12790,12789,1
2020-10-07,15:27:11.585000,12788,12790,12790,3
2020-10-07,15:27:27.931000,12789,12790,12790,1
2020-10-07,15:27:29.649000,12789,12790,12789,1
2020-10-07,15:27:32.465000,12789,12790,12789,4
2020-10-07,15:27:32.955000,12788,12789,12789,1
2020-10-07,15:27:34.562000,12788,12789,12788,3
2020-10-07,15:27:36.402000,12788,12789,12789,1
2020-10-07,15:27:36.968000,12789,12790,12790,3
2020-10-07,15:27:37.589000,12789,12790,12789,1
2020-10-07,15:27:38.478000,12788,12789,12789,1
2020-10-07,15:27:41.058000,12788,12789,12789,2
2020-10-07,15:27:42.129000,12788,12789,12789,1
2020-10-07,15:27:44.878000,12788,12789,12789,1
2020-10-07,15:27:45.590000,12788,12789,12788,1
2020-10-07,15:27:47.951000,12788,12789,12789,1
2020-10-07,15:27:48.006000,12788,12789,12789,1
2020-10-07,15:27:50.303000,12788,12789,12789,1
2020-10-07,15:27:51.085000,12789,12790,12789,1
2020-10-07,15:27:56.268000,12788,12789,12789,1
2020-10-07,15:27:56.400000,12788,12789,12788,9
2020-10-07,15:27:58.811000,12787,12788,12787,6
2020-10-07,15:28:00.262000,12787,12788,12788,2
2020-10-07,15:28:00.844000,12787,12788,12787,6
2020-10-07,15:28:02.069000,12787,12788,12787,5
2020-10-07,15:28:02.070000,12787,12788,12787,1
2020-10-07,15:28:02.594000,12787,12788,12788,1
2020-10-07,15:28:02.594000,12787,12788,12789,1
2020-10-07,15:28:03.795000,12787,12788,12788,4
2020-10-07,15:28:10.793000,12787,12788,12788,1
2020-10-07,15:28:10.793000,12787,12788,12788,1
2020-10-07,15:28:14.207000,12787,12788,12787,1
2020-10-07,15:28:24.898000,12786,12787,12786,1
2020-10-07,15:28:46.100000,12786,12787,12786,1
2020-10-07,15:28:58.860000,12786,12787,12786,1
2020-10-07,15:29:08.376000,12786,12787,12787,10
2020-10-07,15:29:09.401000,12787,12788,12788,1
2020-10-07,15:29:11.157000,12787,12788,12788,1
2020-10-07,15:29:13.428000,12787,12788,12788,1
2020-10-07,15:29:16.618000,12787,12788,12788,1
2020-10-07,15:29:16.941000,12787,12788,12788,1
2020-10-07,15:29:20.496000,12787,12789,12788,2
2020-10-07,15:29:20.496000,12787,12789,12787,18
2020-10-07,15:29:24.367000,12787,12789,12787,11
2020-10-07,15:29:24.367000,12787,12789,12787,1
2020-10-07,15:29:24.368000,12787,12789,12787,1
2020-10-07,15:29:32.355000,12786,12787,12786,1
2020-10-07,15:29:33.444000,12786,12787,12786,1
2020-10-07,15:29:38.607000,12786,12787,12786,8
2020-10-07,15:29:47.098000,12786,12787,12786,10
2020-10-07,15:30:05.571000,12786,12787,12786,2
2020-10-07,15:30:05.709000,12785,12786,12786,1
2020-10-07,15:30:05.829000,12785,12787,12787,1
2020-10-07,15:30:05.941000,12785,12787,12787,1
2020-10-07,15:30:05.949000,12785,12787,12787,1
2020-10-07,15:30:06.012000,12786,12787,12787,1
2020-10-07,15:30:06.017000,12786,12787,12787,1
2020-10-07,15:30:06.018000,12786,12787,12787,7
2020-10-07,15:30:06.062000,12786,12787,12788,1
2020-10-07,15:30:06.082000,12786,12788,12788,1
2020-10-07,15:30:06.118000,12786,12788,12788,2
2020-10-07,15:30:06.146000,12786,12788,12788,2
2020-10-07,15:30:06.146000,12786,12788,12789,2
2020-10-07,15:30:06.176000,12786,12788,12789,3
2020-10-07,15:30:06.180000,12786,12788,12788,4
2020-10-07,15:30:06.262000,12786,12788,12788,1
2020-10-07,15:30:06.334000,12786,12788,12788,3
2020-10-07,15:30:06.347000,12786,12788,12788,1
2020-10-07,15:30:06.612000,12786,12788,12788,1
2020-10-07,15:30:06.698000,12786,12788,12786,1
2020-10-07,15:30:06.723000,12786,12788,12788,2
2020-10-07,15:30:06.793000,12786,12788,12788,1
2020-10-07,15:30:06.841000,12786,12788,12788,1
2020-10-07,15:30:06.879000,12786,12788,12787,2
2020-10-07,15:30:07.072000,12786,12788,12788,2
2020-10-07,15:30:07.091000,12786,12788,12788,2
2020-10-07,15:30:18.284000,12786,12788,12788,1
2020-10-07,15:30:34.054000,12787,12788,12788,10
2020-10-07,15:30:48.041000,12787,12788,12788,1
2020-10-07,15:30:51.029000,12787,12788,12788,5
2020-10-07,15:30:52.040000,12788,12789,12788,4
2020-10-07,15:30:52.271000,12787,12788,12788,2
2020-10-07,15:30:53.547000,12788,12789,12789,7
2020-10-07,15:30:54.094000,12789,12790,12790,1
2020-10-07,15:30:55.932000,12789,12790,12789,3
2020-10-07,15:30:57.385000,12788,12789,12789,3
2020-10-07,15:30:57.666000,12789,12790,12790,5
2020-10-07,15:30:57.667000,12789,12790,12790,4
2020-10-07,15:30:57.667000,12789,12790,12790,5
2020-10-07,15:30:57.667000,12789,12790,12790,9
2020-10-07,15:30:58.768000,12790,12791,12791,14
2020-10-07,15:30:58.936000,12791,12792,12791,1
2020-10-07,15:30:58.937000,12791,12792,12791,1
2020-10-07,15:30:59.078000,12790,12792,12792,6
2020-10-07,15:30:59.447000,12791,12792,12791,1
2020-10-07,15:31:00.547000,12791,12792,12792,1
2020-10-07,15:31:02.272000,12791,12792,12792,1
2020-10-07,15:31:02.589000,12791,12792,12792,2
2020-10-07,15:31:02.590000,12791,12792,12792,9
2020-10-07,15:31:03.735000,12791,12793,12792,1
2020-10-07,15:31:03.772000,12791,12793,12791,1
2020-10-07,15:31:05.061000,12791,12792,12792,1
2020-10-07,15:31:08.387000,12791,12792,12791,1
2020-10-07,15:31:08.387000,12791,12792,12790,4
2020-10-07,15:31:09.510000,12790,12792,12792,1
2020-10-07,15:31:10.841000,12791,12792,12792,1
2020-10-07,15:31:13.559000,12791,12792,12791,1
2020-10-07,15:31:15.526000,12791,12792,12792,1
2020-10-07,15:31:15.630000,12791,12792,12792,1
2020-10-07,15:31:17.087000,12791,12793,12791,1
2020-10-07,15:31:19.650000,12791,12792,12792,4
2020-10-07,15:31:24.845000,12791,12792,12791,2
2020-10-07,15:31:26.228000,12790,12791,12791,1
2020-10-07,15:31:30.102000,12791,12792,12792,1
2020-10-07,15:31:32.915000,12791,12792,12791,2
2020-10-07,15:31:33.477000,12790,12791,12791,1
2020-10-07,15:31:43.727000,12791,12792,12792,1
2020-10-07,15:31:45.750000,12791,12792,12792,2
2020-10-07,15:31:45.750000,12791,12792,12792,1
2020-10-07,15:31:48.020000,12792,12793,12792,1
2020-10-07,15:31:52.813000,12792,12793,12792,1
2020-10-07,15:31:52.870000,12792,12793,12793,1
2020-10-07,15:31:56.340000,12792,12793,12792,1
2020-10-07,15:32:02.010000,12792,12793,12793,1
2020-10-07,15:32:02.195000,12792,12793,12793,4
2020-10-07,15:32:02.714000,12792,12793,12792,1
2020-10-07,15:32:02.913000,12792,12793,12793,1
2020-10-07,15:32:03.158000,12792,12793,12793,1
2020-10-07,15:32:05.535000,12792,12793,12792,2
2020-10-07,15:32:05.535000,12792,12793,12792,5
2020-10-07,15:32:05.911000,12791,12793,12793,1
2020-10-07,15:32:10.227000,12792,12793,12793,1
2020-10-07,15:32:10.893000,12792,12793,12793,1
2020-10-07,15:32:11.587000,12792,12793,12793,8
2020-10-07,15:32:11.703000,12793,12794,12794,1
2020-10-07,15:32:11.849000,12793,12794,12794,1
2020-10-07,15:32:11.853000,12793,12794,12794,1
2020-10-07,15:32:11.858000,12793,12794,12794,2
2020-10-07,15:32:11.881000,12793,12794,12794,1
2020-10-07,15:32:11.884000,12793,12794,12793,2
2020-10-07,15:32:11.966000,12793,12794,12794,6
2020-10-07,15:32:11.966000,12793,12794,12794,1
2020-10-07,15:32:11.972000,12793,12794,12794,2
2020-10-07,15:32:12.084000,12793,12794,12794,1
2020-10-07,15:32:12.115000,12793,12794,12794,1
2020-10-07,15:32:12.242000,12793,12794,12794,1
2020-10-07,15:32:12.267000,12793,12794,12794,1
2020-10-07,15:32:12.716000,12793,12794,12794,1
2020-10-07,15:32:13.020000,12793,12794,12794,1
2020-10-07,15:32:13.884000,12793,12794,12794,2
2020-10-07,15:32:13.972000,12794,12795,12795,1
2020-10-07,15:32:14.100000,12794,12795,12795,1
2020-10-07,15:32:14.103000,12794,12795,12795,4
2020-10-07,15:32:14.181000,12794,12795,12795,2
2020-10-07,15:32:14.202000,12794,12795,12795,2
2020-10-07,15:32:14.232000,12794,12795,12795,1
2020-10-07,15:32:14.284000,12794,12795,12794,2
2020-10-07,15:32:14.298000,12794,12795,12795,1
2020-10-07,15:32:14.667000,12794,12795,12795,1
2020-10-07,15:32:15.801000,12793,12795,12795,1
2020-10-07,15:32:16.935000,12793,12794,12794,1
2020-10-07,15:32:17.808000,12794,12795,12794,1
2020-10-07,15:32:17.828000,12794,12795,12795,1
2020-10-07,15:32:17.828000,12794,12795,12795,1
2020-10-07,15:32:19.730000,12794,12795,12794,3
2020-10-07,15:32:19.730000,12794,12795,12794,2
2020-10-07,15:32:21.003000,12793,12794,12794,1
2020-10-07,15:32:21.964000,12793,12794,12793,1
2020-10-07,15:32:25.062000,12793,12794,12793,1
2020-10-07,15:32:29.244000,12792,12794,12793,2
2020-10-07,15:32:30.004000,12792,12793,12793,1
2020-10-07,15:32:33.790000,12792,12793,12792,11
2020-10-07,15:32:33.955000,12791,12792,12792,2
2020-10-07,15:32:35.186000,12791,12792,12792,2
2020-10-07,15:32:38.948000,12791,12792,12792,1
2020-10-07,15:32:43.126000,12791,12792,12791,1
2020-10-07,15:32:48.762000,12791,12792,12791,5
2020-10-07,15:32:48.908000,12791,12792,12792,1
2020-10-07,15:32:51.137000,12791,12792,12791,1
2020-10-07,15:32:59.701000,12791,12792,12792,5
2020-10-07,15:33:02.515000,12791,12792,12792,1
2020-10-07,15:33:02.740000,12791,12792,12792,2
2020-10-07,15:33:15.694000,12791,12792,12791,1
2020-10-07,15:33:15.770000,12791,12792,12792,5
2020-10-07,15:33:15.770000,12791,12792,12792,4
2020-10-07,15:33:15.771000,12791,12792,12792,1
2020-10-07,15:33:18.439000,12792,12793,12792,1
2020-10-07,15:33:21.375000,12792,12793,12792,1
2020-10-07,15:33:22.525000,12792,12793,12792,1
2020-10-07,15:33:23.497000,12792,12793,12792,2
2020-10-07,15:33:37.425000,12792,12793,12793,1
2020-10-07,15:33:38.524000,12792,12793,12792,1
2020-10-07,15:33:43.747000,12792,12793,12793,1
2020-10-07,15:33:45.217000,12792,12793,12793,1
2020-10-07,15:33:55.869000,12792,12793,12792,5
2020-10-07,15:34:01.681000,12791,12792,12792,2
2020-10-07,15:34:02.008000,12791,12792,12791,5
2020-10-07,15:34:10.279000,12791,12792,12791,1
2020-10-07,15:34:11.522000,12791,12792,12792,1
2020-10-07,15:34:11.522000,12791,12792,12793,4
2020-10-07,15:34:17.578000,12791,12792,12791,2
2020-10-07,15:34:17.578000,12791,12792,12791,2
2020-10-07,15:34:18.004000,12790,12792,12790,1
2020-10-07,15:34:18.129000,12790,12792,12790,1
2020-10-07,15:34:22.209000,12790,12791,12790,4
2020-10-07,15:34:22.209000,12790,12791,12790,10
2020-10-07,15:34:22.593000,12789,12790,12789,1
2020-10-07,15:34:24.015000,12788,12789,12789,2
2020-10-07,15:34:32.513000,12788,12790,12790,1
2020-10-07,15:34:32.875000,12789,12790,12789,2
2020-10-07,15:34:34.125000,12789,12790,12789,1
2020-10-07,15:34:34.181000,12789,12790,12789,2
2020-10-07,15:34:39.060000,12788,12790,12789,2
2020-10-07,15:34:40.245000,12789,12790,12789,1
2020-10-07,15:34:40.766000,12788,12790,12788,1
2020-10-07,15:34:40.849000,12788,12790,12788,2
2020-10-07,15:34:46.685000,12788,12790,12788,1
2020-10-07,15:34:50.125000,12789,12790,12789,1
2020-10-07,15:34:55.875000,12789,12790,12789,1
2020-10-07,15:34:59.648000,12788,12789,12789,3
2020-10-07,15:35:01.404000,12788,12789,12788,3
2020-10-07,15:35:04.226000,12788,12789,12788,1
2020-10-07,15:35:04.227000,12788,12789,12788,1
2020-10-07,15:35:04.227000,12788,12789,12788,3
2020-10-07,15:35:04.227000,12788,12789,12788,3
2020-10-07,15:35:04.227000,12788,12789,12788,5
2020-10-07,15:35:04.227000,12788,12789,12788,4
2020-10-07,15:35:04.227000,12788,12789,12788,5
2020-10-07,15:35:04.623000,12787,12789,12787,3
2020-10-07,15:35:04.960000,12787,12789,12788,1
2020-10-07,15:35:12.111000,12788,12789,12789,5
2020-10-07,15:35:12.112000,12788,12789,12789,5
2020-10-07,15:35:13.489000,12788,12790,12789,1
2020-10-07,15:35:13.731000,12788,12790,12789,1
2020-10-07,15:35:17.966000,12789,12790,12790,1
2020-10-07,15:35:19.139000,12789,12790,12790,2
2020-10-07,15:35:19.140000,12789,12790,12790,9
2020-10-07,15:35:22.230000,12790,12791,12790,1
2020-10-07,15:35:30.882000,12789,12790,12790,1
2020-10-07,15:35:30.882000,12789,12790,12790,1
2020-10-07,15:35:34.913000,12790,12791,12790,2
2020-10-07,15:35:46.218000,12790,12791,12791,2
2020-10-07,15:35:46.219000,12790,12791,12791,4
2020-10-07,15:35:46.485000,12791,12792,12791,4
2020-10-07,15:35:53.680000,12791,12792,12791,1
2020-10-07,15:35:56.753000,12791,12792,12791,1
2020-10-07,15:35:57.283000,12791,12792,12791,4
2020-10-07,15:36:02.089000,12791,12792,12791,1
2020-10-07,15:36:02.211000,12791,12792,12792,1
2020-10-07,15:36:02.212000,12791,12792,12792,1
2020-10-07,15:36:02.213000,12791,12792,12792,1
2020-10-07,15:36:02.348000,12791,12793,12793,1
2020-10-07,15:36:02.512000,12791,12793,12793,1
2020-10-07,15:36:02.513000,12791,12793,12793,1
2020-10-07,15:36:02.536000,12791,12793,12793,3
2020-10-07,15:36:02.591000,12792,12793,12793,1
2020-10-07,15:36:02.604000,12792,12793,12793,1
2020-10-07,15:36:02.605000,12792,12793,12793,3
2020-10-07,15:36:02.630000,12792,12793,12793,1
2020-10-07,15:36:02.797000,12792,12793,12792,9
2020-10-07,15:36:02.843000,12791,12792,12792,2
2020-10-07,15:36:03.346000,12791,12793,12793,4
2020-10-07,15:36:03.453000,12792,12794,12794,1
2020-10-07,15:36:03.454000,12792,12794,12794,1
2020-10-07,15:36:03.455000,12792,12794,12794,1
2020-10-07,15:36:04.854000,12792,12794,12794,2
2020-10-07,15:36:05.963000,12792,12794,12794,1
2020-10-07,15:36:09.435000,12792,12793,12793,1
2020-10-07,15:36:11.212000,12792,12793,12793,1
2020-10-07,15:36:11.662000,12792,12794,12792,1
2020-10-07,15:36:13.285000,12792,12793,12793,1
2020-10-07,15:36:16.615000,12792,12793,12793,1
2020-10-07,15:36:18.861000,12793,12794,12793,1
2020-10-07,15:36:18.953000,12793,12794,12794,1
2020-10-07,15:36:18.954000,12793,12794,12794,1
2020-10-07,15:36:18.954000,12793,12794,12794,1
2020-10-07,15:36:18.954000,12793,12794,12794,1
2020-10-07,15:36:18.955000,12793,12794,12794,1
2020-10-07,15:36:18.955000,12793,12794,12794,1
2020-10-07,15:36:18.955000,12793,12794,12794,1
2020-10-07,15:36:18.955000,12793,12794,12794,1
2020-10-07,15:36:18.955000,12793,12794,12794,1
2020-10-07,15:36:18.955000,12793,12794,12794,1
2020-10-07,15:36:19.461000,12793,12794,12793,1
2020-10-07,15:36:19.462000,12793,12794,12793,2
2020-10-07,15:36:20.077000,12793,12794,12793,1
2020-10-07,15:36:21.102000,12792,12793,12792,1
2020-10-07,15:36:27.479000,12791,12792,12792,4
2020-10-07,15:36:27.479000,12791,12792,12793,1
2020-10-07,15:36:47.165000,12791,12792,12792,1
2020-10-07,15:36:47.165000,12791,12792,12793,4
2020-10-07,15:36:49.177000,12792,12793,12792,1
2020-10-07,15:36:54.365000,12791,12792,12791,1
2020-10-07,15:36:55.785000,12791,12792,12792,1
2020-10-07,15:36:56.256000,12791,12792,12791,1
2020-10-07,15:36:58.628000,12791,12792,12791,5
2020-10-07,15:37:00.212000,12791,12792,12792,4
2020-10-07,15:37:00.212000,12791,12792,12793,1
2020-10-07,15:37:14.886000,12791,12792,12792,4
2020-10-07,15:37:16.056000,12791,12792,12792,1
2020-10-07,15:37:16.068000,12791,12792,12792,1
2020-10-07,15:37:28.714000,12791,12792,12792,3
2020-10-07,15:37:28.938000,12791,12792,12791,13
2020-10-07,15:37:30.204000,12790,12791,12791,1
2020-10-07,15:37:30.419000,12790,12792,12790,1
2020-10-07,15:37:38.056000,12790,12791,12791,3
2020-10-07,15:37:40.346000,12790,12791,12791,1
2020-10-07,15:37:41.396000,12790,12791,12791,7
2020-10-07,15:37:41.396000,12790,12791,12791,1
2020-10-07,15:37:41.396000,12790,12791,12791,2
2020-10-07,15:37:50.514000,12790,12791,12790,1
2020-10-07,15:37:56.597000,12790,12791,12790,1
2020-10-07,15:37:57.533000,12790,12791,12790,1
2020-10-07,15:38:08.988000,12790,12791,12790,1
2020-10-07,15:38:17.321000,12790,12791,12790,3
2020-10-07,15:38:18.254000,12790,12791,12790,1
2020-10-07,15:38:20.434000,12790,12791,12790,1
2020-10-07,15:38:27.327000,12790,12791,12790,1
2020-10-07,15:38:34.389000,12790,12791,12790,2
2020-10-07,15:38:34.389000,12790,12791,12790,7
2020-10-07,15:38:34.389000,12790,12791,12790,5
2020-10-07,15:38:34.389000,12790,12791,12790,9
2020-10-07,15:38:35.266000,12789,12790,12790,1
2020-10-07,15:38:39.020000,12789,12790,12789,2
2020-10-07,15:38:39.020000,12789,12790,12789,12
2020-10-07,15:38:48.977000,12788,12789,12789,1
2020-10-07,15:38:53.119000,12788,12789,12788,1
2020-10-07,15:38:55.777000,12788,12789,12789,1
2020-10-07,15:38:56.070000,12789,12790,12789,2
2020-10-07,15:38:56.895000,12788,12789,12788,3
2020-10-07,15:38:58.677000,12788,12789,12788,1
2020-10-07,15:39:02.914000,12788,12789,12788,2
2020-10-07,15:39:03.121000,12788,12789,12789,2
2020-10-07,15:39:03.658000,12788,12789,12789,4
2020-10-07,15:39:05.278000,12788,12789,12789,1
2020-10-07,15:39:05.651000,12788,12789,12789,1
2020-10-07,15:39:06.871000,12788,12789,12789,1
2020-10-07,15:39:07.252000,12789,12790,12789,2
2020-10-07,15:39:11.798000,12788,12789,12789,1
2020-10-07,15:39:20.333000,12788,12789,12789,1
2020-10-07,15:39:20.448000,12788,12789,12789,1
2020-10-07,15:39:28.397000,12788,12789,12789,1
2020-10-07,15:39:28.700000,12788,12789,12788,2
2020-10-07,15:39:29.518000,12788,12789,12788,1
2020-10-07,15:39:36.521000,12788,12789,12788,1
2020-10-07,15:39:39.365000,12788,12789,12788,11
2020-10-07,15:39:42.121000,12787,12789,12787,1
2020-10-07,15:39:44.287000,12787,12789,12789,1
2020-10-07,15:39:44.968000,12787,12789,12789,1
2020-10-07,15:39:50.381000,12787,12788,12787,1
2020-10-07,15:39:58.105000,12787,12788,12787,1
2020-10-07,15:39:58.773000,12787,12788,12788,1
2020-10-07,15:40:02.178000,12787,12788,12787,2
2020-10-07,15:40:03.022000,12787,12788,12787,1
2020-10-07,15:40:08.774000,12787,12788,12788,1
2020-10-07,15:40:11.729000,12787,12788,12787,1
2020-10-07,15:40:12.163000,12787,12788,12788,1
2020-10-07,15:40:13.087000,12787,12788,12788,1
2020-10-07,15:40:16.661000,12788,12789,12788,1
2020-10-07,15:40:30.983000,12788,12789,12788,1
2020-10-07,15:40:30.988000,12788,12789,12788,1
2020-10-07,15:40:34.085000,12788,12789,12789,11
2020-10-07,15:40:39.526000,12789,12790,12789,1
2020-10-07,15:40:47.402000,12788,12789,12788,2
2020-10-07,15:40:58.933000,12788,12789,12789,6
2020-10-07,15:41:00.560000,12789,12790,12789,4
2020-10-07,15:41:00.712000,12788,12789,12789,1
2020-10-07,15:41:00.820000,12788,12789,12788,15
2020-10-07,15:41:00.821000,12788,12789,12788,1
2020-10-07,15:41:00.821000,12788,12789,12788,5
2020-10-07,15:41:00.821000,12788,12789,12788,1
2020-10-07,15:41:00.822000,12788,12789,12788,1
2020-10-07,15:41:19.692000,12788,12789,12788,1
2020-10-07,15:41:30.416000,12788,12789,12789,2
2020-10-07,15:41:49.730000,12788,12789,12789,1
2020-10-07,15:41:56.113000,12788,12789,12789,2
2020-10-07,15:41:56.343000,12789,12790,12789,1
2020-10-07,15:42:08.633000,12789,12790,12789,1
2020-10-07,15:42:08.896000,12789,12790,12790,2
2020-10-07,15:42:17.951000,12789,12790,12789,1
2020-10-07,15:42:19.140000,12789,12790,12790,4
2020-10-07,15:42:20.515000,12789,12790,12789,2
2020-10-07,15:42:20.598000,12789,12790,12789,1
2020-10-07,15:42:22.814000,12788,12790,12788,1
2020-10-07,15:42:22.952000,12788,12789,12789,1
2020-10-07,15:42:31.102000,12788,12789,12789,1
2020-10-07,15:42:41.990000,12788,12789,12789,1
2020-10-07,15:42:46.714000,12788,12789,12789,1
2020-10-07,15:42:53.223000,12788,12789,12788,6
2020-10-07,15:43:09.294000,12787,12788,12788,1
2020-10-07,15:43:10.082000,12787,12788,12787,1
2020-10-07,15:43:10.082000,12787,12788,12787,5
2020-10-07,15:43:10.082000,12787,12788,12787,1
2020-10-07,15:43:10.082000,12787,12788,12787,2
2020-10-07,15:43:10.082000,12787,12788,12787,5
2020-10-07,15:43:10.082000,12787,12788,12787,1
2020-10-07,15:43:10.082000,12787,12788,12787,2
2020-10-07,15:43:10.405000,12786,12788,12788,1
2020-10-07,15:43:10.428000,12786,12788,12788,1
2020-10-07,15:43:16.864000,12787,12788,12788,1
2020-10-07,15:43:16.864000,12787,12788,12788,2
2020-10-07,15:43:16.864000,12787,12788,12788,1
2020-10-07,15:44:09.584000,12787,12788,12788,1
2020-10-07,15:44:09.902000,12787,12788,12788,1
2020-10-07,15:44:14.120000,12787,12788,12788,1
2020-10-07,15:44:14.327000,12787,12788,12787,4
2020-10-07,15:44:25.668000,12787,12788,12787,1
2020-10-07,15:44:25.731000,12787,12788,12788,1
2020-10-07,15:44:30.843000,12787,12788,12788,1
2020-10-07,15:44:39.537000,12787,12788,12788,1
2020-10-07,15:44:39.844000,12787,12788,12788,2
2020-10-07,15:44:47.421000,12788,12789,12788,7
2020-10-07,15:44:59.169000,12788,12789,12788,2
2020-10-07,15:45:06.753000,12788,12789,12789,9
2020-10-07,15:45:07.285000,12789,12790,12790,1
2020-10-07,15:45:15.309000,12789,12790,12789,1
2020-10-07,15:45:29.420000,12788,12790,12790,2
2020-10-07,15:45:47.339000,12789,12790,12789,1
2020-10-07,15:45:47.789000,12789,12790,12790,1
2020-10-07,15:46:01.481000,12789,12790,12789,1
2020-10-07,15:46:08.768000,12788,12789,12788,9
2020-10-07,15:46:08.827000,12787,12788,12787,5
2020-10-07,15:46:11.173000,12787,12789,12789,2
2020-10-07,15:46:15.663000,12787,12789,12787,1
2020-10-07,15:46:24.192000,12787,12788,12787,1
2020-10-07,15:46:27.335000,12786,12788,12787,3
2020-10-07,15:46:39.052000,12787,12788,12787,1
2020-10-07,15:46:43.122000,12787,12788,12787,1
2020-10-07,15:46:47.721000,12787,12788,12788,1
2020-10-07,15:46:54.109000,12787,12788,12788,1
2020-10-07,15:46:58.854000,12787,12788,12788,1
2020-10-07,15:47:06.568000,12787,12788,12788,3
2020-10-07,15:47:06.765000,12788,12789,12788,1
2020-10-07,15:47:06.834000,12788,12789,12788,1
2020-10-07,15:47:17.429000,12788,12789,12789,1
2020-10-07,15:47:17.430000,12788,12789,12789,4
2020-10-07,15:47:17.430000,12788,12789,12789,6
2020-10-07,15:47:34.317000,12787,12788,12788,2
2020-10-07,15:47:38.486000,12788,12789,12788,1
2020-10-07,15:47:59.984000,12787,12788,12788,1
2020-10-07,15:48:14.302000,12788,12789,12788,1
2020-10-07,15:48:14.694000,12787,12789,12789,2
2020-10-07,15:48:25.536000,12788,12789,12788,1
2020-10-07,15:48:34.316000,12788,12789,12788,1
2020-10-07,15:48:43.215000,12788,12789,12788,1
2020-10-07,15:48:50.576000,12788,12789,12788,1
2020-10-07,15:48:51.727000,12788,12789,12788,1
2020-10-07,15:49:19.968000,12787,12788,12788,1
2020-10-07,15:49:28.034000,12788,12789,12788,1
2020-10-07,15:49:28.154000,12787,12788,12788,1
2020-10-07,15:49:36.775000,12788,12789,12788,1
2020-10-07,15:49:40.506000,12788,12789,12789,8
2020-10-07,15:49:41.808000,12788,12790,12788,1
2020-10-07,15:49:55.089000,12788,12789,12788,1
2020-10-07,15:49:55.504000,12788,12789,12789,1
2020-10-07,15:49:55.858000,12788,12789,12789,1
2020-10-07,15:49:55.922000,12788,12789,12789,2
2020-10-07,15:49:55.922000,12788,12789,12789,2
2020-10-07,15:49:56.089000,12788,12790,12788,1
2020-10-07,15:49:58.565000,12788,12789,12789,5
2020-10-07,15:50:02.819000,12789,12790,12790,1
2020-10-07,15:50:04.134000,12789,12790,12790,1
2020-10-07,15:50:17.948000,12789,12790,12790,1
2020-10-07,15:50:18.744000,12789,12790,12789,5
2020-10-07,15:50:24.681000,12789,12790,12789,5
2020-10-07,15:50:40.602000,12788,12789,12788,1
2020-10-07,15:50:41.018000,12788,12789,12789,1
2020-10-07,15:50:47.714000,12788,12789,12789,1
2020-10-07,15:50:47.831000,12788,12789,12789,1
2020-10-07,15:50:52.339000,12788,12789,12789,1
2020-10-07,15:50:56.687000,12788,12789,12789,1
2020-10-07,15:50:56.688000,12788,12789,12789,1
2020-10-07,15:51:02.400000,12788,12789,12789,4
2020-10-07,15:51:03.067000,12788,12789,12789,1
2020-10-07,15:51:04.002000,12788,12790,12788,1
2020-10-07,15:51:09.980000,12789,12790,12789,2
2020-10-07,15:51:16.462000,12788,12789,12788,1
2020-10-07,15:51:25.161000,12788,12789,12788,1
2020-10-07,15:51:26.373000,12788,12789,12789,1
2020-10-07,15:51:26.374000,12788,12789,12789,1
2020-10-07,15:51:26.374000,12788,12789,12789,1
2020-10-07,15:51:36.014000,12789,12790,12789,1
2020-10-07,15:51:42.898000,12789,12790,12789,1
2020-10-07,15:52:02.276000,12789,12790,12790,8
2020-10-07,15:52:02.627000,12789,12790,12790,5
2020-10-07,15:52:02.658000,12789,12790,12791,1
2020-10-07,15:52:02.671000,12789,12790,12791,6
2020-10-07,15:52:02.817000,12790,12792,12792,1
2020-10-07,15:52:02.874000,12790,12792,12792,6
2020-10-07,15:52:03.172000,12791,12792,12792,4
2020-10-07,15:52:03.354000,12791,12793,12793,1
2020-10-07,15:52:07.065000,12791,12792,12791,1
2020-10-07,15:52:10.080000,12791,12792,12792,1
2020-10-07,15:52:10.203000,12791,12792,12792,1
2020-10-07,15:52:17.290000,12791,12792,12792,2
2020-10-07,15:52:20.195000,12791,12792,12791,1
2020-10-07,15:52:20.203000,12791,12792,12792,1
2020-10-07,15:52:20.203000,12791,12792,12792,1
2020-10-07,15:52:20.205000,12791,12792,12792,1
2020-10-07,15:52:20.206000,12791,12792,12793,1
2020-10-07,15:52:20.206000,12791,12792,12793,1
2020-10-07,15:52:20.207000,12791,12792,12793,1
2020-10-07,15:52:25.472000,12791,12793,12792,1
2020-10-07,15:52:25.473000,12791,12793,12792,1
2020-10-07,15:52:32.404000,12791,12792,12792,1
2020-10-07,15:52:36.254000,12791,12792,12791,4
2020-10-07,15:52:36.328000,12790,12792,12792,1
2020-10-07,15:52:39.722000,12790,12791,12791,1
2020-10-07,15:52:40.674000,12790,12791,12791,1
2020-10-07,15:52:40.674000,12790,12791,12791,4
2020-10-07,15:52:45.093000,12791,12792,12791,1
2020-10-07,15:52:48.147000,12791,12792,12791,1
2020-10-07,15:53:00.073000,12791,12792,12792,1
2020-10-07,15:53:03.574000,12790,12792,12792,1
2020-10-07,15:53:17.194000,12791,12792,12792,1
2020-10-07,15:53:37.246000,12791,12792,12791,4
2020-10-07,15:53:38.104000,12790,12792,12792,1
2020-10-07,15:53:55.501000,12791,12792,12791,3
2020-10-07,15:53:59.549000,12790,12791,12791,1
2020-10-07,15:53:59.755000,12790,12791,12791,1
2020-10-07,15:54:09.704000,12791,12792,12792,3
2020-10-07,15:54:09.704000,12791,12792,12792,7
2020-10-07,15:54:09.704000,12791,12792,12792,1
2020-10-07,15:54:09.704000,12791,12792,12792,4
2020-10-07,15:54:10.113000,12792,12793,12792,1
2020-10-07,15:54:24.435000,12791,12792,12792,1
2020-10-07,15:54:30.311000,12791,12792,12792,2
2020-10-07,15:54:42.585000,12791,12792,12792,1
2020-10-07,15:54:50.720000,12791,12792,12792,3
2020-10-07,15:55:08.177000,12791,12792,12792,5
2020-10-07,15:55:08.964000,12792,12793,12792,4
2020-10-07,15:55:09.454000,12792,12793,12793,1
2020-10-07,15:55:09.454000,12792,12793,12793,4
2020-10-07,15:55:09.454000,12792,12793,12793,2
2020-10-07,15:55:09.454000,12792,12793,12793,2
2020-10-07,15:55:09.454000,12792,12793,12793,4
2020-10-07,15:55:09.454000,12792,12793,12793,1
2020-10-07,15:55:18.207000,12793,12794,12794,1
2020-10-07,15:55:18.561000,12793,12794,12794,1
2020-10-07,15:55:24.904000,12793,12794,12793,1
2020-10-07,15:55:29.752000,12792,12793,12793,4
2020-10-07,15:55:31.825000,12793,12794,12793,1
2020-10-07,15:55:33.608000,12793,12794,12793,5
2020-10-07,15:55:35.405000,12792,12793,12792,1
2020-10-07,15:55:37.908000,12792,12793,12792,1
2020-10-07,15:55:38.189000,12792,12793,12793,1
2020-10-07,15:55:40.913000,12792,12793,12793,1
2020-10-07,15:55:43.663000,12792,12793,12792,1
2020-10-07,15:55:43.663000,12792,12793,12792,3
2020-10-07,15:55:43.663000,12792,12793,12792,1
2020-10-07,15:55:43.663000,12792,12793,12792,4
2020-10-07,15:55:43.663000,12792,12793,12792,2
2020-10-07,15:55:43.717000,12791,12792,12792,1
2020-10-07,15:55:44.519000,12791,12792,12791,2
2020-10-07,15:56:00.347000,12791,12792,12791,1
2020-10-07,15:56:08.541000,12790,12791,12791,1
2020-10-07,15:56:34.119000,12791,12792,12792,1
2020-10-07,15:56:35.145000,12791,12792,12791,1
2020-10-07,15:56:36.627000,12790,12792,12792,1
2020-10-07,15:56:48.477000,12790,12792,12792,1
2020-10-07,15:57:01.771000,12791,12792,12791,1
2020-10-07,15:57:05.483000,12790,12791,12791,1
2020-10-07,15:57:17.341000,12790,12792,12790,2
2020-10-07,15:57:22.686000,12791,12792,12792,3
2020-10-07,15:57:22.686000,12791,12792,12792,3
2020-10-07,15:57:22.686000,12791,12792,12792,1
2020-10-07,15:57:27.219000,12791,12793,12791,1
2020-10-07,15:57:51.042000,12791,12792,12791,1
2020-10-07,15:57:51.042000,12791,12792,12791,2
2020-10-07,15:57:51.042000,12791,12792,12791,2
2020-10-07,15:58:04.234000,12790,12792,12791,1
2020-10-07,15:58:04.335000,12790,12792,12790,5
2020-10-07,15:58:04.611000,12790,12791,12791,2
2020-10-07,15:58:04.882000,12790,12792,12790,1
2020-10-07,15:58:23.909000,12790,12791,12791,1
2020-10-07,15:58:26.050000,12790,12791,12791,1
2020-10-07,15:58:55.765000,12791,12792,12791,1
2020-10-07,15:58:55.765000,12791,12792,12790,4
2020-10-07,15:59:03.048000,12790,12791,12790,1
2020-10-07,15:59:14.464000,12790,12791,12791,1
2020-10-07,15:59:14.705000,12790,12791,12791,1
2020-10-07,15:59:16.749000,12790,12791,12790,1
2020-10-07,15:59:25.720000,12790,12791,12791,1
2020-10-07,15:59:31.078000,12790,12791,12791,1
2020-10-07,15:59:31.950000,12791,12792,12792,2
2020-10-07,15:59:32.032000,12791,12792,12791,1
2020-10-07,15:59:59.066000,12791,12792,12792,3
2020-10-07,15:59:59.066000,12791,12792,12793,1
2020-10-07,15:59:59.973000,12791,12793,12791,1
2020-10-07,16:00:00.336000,12792,12793,12793,5
2020-10-07,16:00:00.336000,12792,12793,12794,1
2020-10-07,16:00:00.343000,12792,12793,12794,4
2020-10-07,16:00:00.786000,12792,12794,12794,3
2020-10-07,16:00:11.020000,12793,12794,12793,2
2020-10-07,16:00:11.021000,12793,12794,12793,1
2020-10-07,16:00:11.021000,12793,12794,12793,2
2020-10-07,16:00:11.078000,12792,12793,12793,1
2020-10-07,16:00:11.575000,12792,12793,12793,1
2020-10-07,16:00:12.469000,12793,12794,12794,1
2020-10-07,16:00:12.971000,12793,12794,12793,1
2020-10-07,16:00:15.870000,12793,12794,12793,1
2020-10-07,16:00:40.895000,12792,12793,12792,1
2020-10-07,16:00:53.511000,12792,12793,12792,5
2020-10-07,16:00:53.578000,12792,12793,12793,2
2020-10-07,16:00:53.578000,12792,12793,12793,1
2020-10-07,16:00:53.578000,12792,12793,12793,1
2020-10-07,16:00:53.579000,12792,12793,12793,1
2020-10-07,16:00:53.579000,12792,12793,12793,1
2020-10-07,16:00:53.580000,12792,12793,12793,1
2020-10-07,16:00:53.580000,12792,12793,12793,1
2020-10-07,16:00:58.214000,12792,12793,12792,1
2020-10-07,16:01:01.523000,12791,12793,12791,1
2020-10-07,16:01:01.568000,12791,12793,12791,1
2020-10-07,16:01:01.579000,12791,12793,12793,1
2020-10-07,16:01:01.580000,12791,12793,12793,1
2020-10-07,16:01:01.583000,12791,12793,12793,1
2020-10-07,16:01:01.608000,12791,12793,12792,1
2020-10-07,16:01:17.327000,12791,12792,12791,1
2020-10-07,16:01:25.569000,12790,12791,12791,1
2020-10-07,16:01:38.300000,12790,12791,12791,1
2020-10-07,16:01:44.931000,12790,12792,12791,1
2020-10-07,16:01:48.702000,12791,12792,12791,1
2020-10-07,16:02:02.702000,12791,12792,12791,1
2020-10-07,16:02:08.202000,12791,12792,12791,1
2020-10-07,16:02:15.406000,12790,12791,12790,1
2020-10-07,16:02:17.702000,12791,12792,12791,1
2020-10-07,16:02:20.378000,12791,12792,12791,2
2020-10-07,16:02:20.378000,12791,12792,12790,2
2020-10-07,16:02:24.349000,12790,12791,12790,1
2020-10-07,16:02:27.881000,12790,12791,12790,1
2020-10-07,16:02:34.452000,12790,12791,12790,10
2020-10-07,16:02:34.716000,12789,12790,12789,3
2020-10-07,16:02:34.727000,12789,12790,12790,1
2020-10-07,16:02:36.077000,12789,12791,12789,1
2020-10-07,16:02:37.869000,12789,12791,12791,2
2020-10-07,16:02:58.558000,12789,12790,12790,1
2020-10-07,16:03:12.484000,12789,12790,12790,1
2020-10-07,16:03:13.172000,12789,12791,12789,2
2020-10-07,16:03:19.795000,12790,12791,12791,2
2020-10-07,16:03:19.795000,12790,12791,12791,3
2020-10-07,16:03:19.795000,12790,12791,12791,1
2020-10-07,16:03:19.795000,12790,12791,12791,4
2020-10-07,16:03:21.197000,12791,12792,12791,1
2020-10-07,16:03:21.197000,12791,12792,12790,2
2020-10-07,16:03:25.152000,12790,12791,12791,2
2020-10-07,16:03:42.812000,12791,12792,12791,1
2020-10-07,16:03:43.078000,12791,12792,12791,1
2020-10-07,16:03:43.854000,12790,12792,12790,1
2020-10-07,16:03:44.158000,12790,12792,12790,1
2020-10-07,16:03:48.281000,12790,12791,12790,2
2020-10-07,16:04:10.187000,12790,12791,12790,1
2020-10-07,16:04:11.351000,12790,12791,12790,3
2020-10-07,16:04:19.723000,12790,12791,12791,1
2020-10-07,16:04:29.570000,12790,12791,12790,1
2020-10-07,16:04:29.570000,12790,12791,12790,2
2020-10-07,16:04:29.570000,12790,12791,12790,5
2020-10-07,16:04:29.570000,12790,12791,12790,4
2020-10-07,16:04:45.463000,12789,12790,12790,1
2020-10-07,16:04:57.073000,12789,12790,12790,2
2020-10-07,16:05:00.566000,12790,12791,12790,2
2020-10-07,16:05:00.566000,12790,12791,12790,1
2020-10-07,16:05:02.782000,12789,12790,12789,1
2020-10-07,16:05:07.105000,12789,12790,12789,1
2020-10-07,16:05:08.359000,12789,12790,12790,1
2020-10-07,16:05:15.121000,12789,12790,12790,1
2020-10-07,16:05:16.211000,12789,12790,12790,1
2020-10-07,16:05:16.211000,12789,12790,12790,3
2020-10-07,16:05:16.749000,12790,12791,12790,2
2020-10-07,16:05:25.718000,12790,12791,12790,2
2020-10-07,16:05:38.714000,12790,12791,12790,2
2020-10-07,16:05:42.559000,12790,12791,12790,5
2020-10-07,16:05:51.079000,12789,12791,12789,1
2020-10-07,16:06:01.135000,12789,12790,12790,2
2020-10-07,16:06:01.814000,12789,12790,12789,1
2020-10-07,16:06:02.348000,12789,12790,12790,1
