2019-09-06 15:00:00.086,10776,10777,10777,105
2019-09-06 15:00:00.201,10776,10777,10776,3
2019-09-06 15:00:00.303,10776,10777,10776,2
2019-09-06 15:00:00.408,10776,10777,10776,3
2019-09-06 15:00:00.476,10775,10777,10777,1
2019-09-06 15:00:00.504,10775,10777,10775,5
2019-09-06 15:00:00.546,10775,10777,10775,2
2019-09-06 15:00:00.703,10775,10777,10775,3
2019-09-06 15:00:00.706,10775,10777,10775,1
2019-09-06 15:00:00.708,10775,10777,10775,1
2019-09-06 15:00:00.878,10775,10777,10775,2
2019-09-06 15:00:01.098,10776,10777,10777,24
2019-09-06 15:00:01.177,10776,10777,10777,2
2019-09-06 15:00:01.202,10776,10777,10777,2
2019-09-06 15:00:01.294,10776,10777,10777,4
2019-09-06 15:00:01.327,10777,10778,10778,1
2019-09-06 15:00:01.488,10777,10778,10776,2
2019-09-06 15:00:01.733,10777,10778,10776,1
2019-09-06 15:00:01.736,10777,10778,10776,1
2019-09-06 15:00:01.740,10777,10778,10775,3
2019-09-06 15:00:01.741,10777,10778,10775,3
2019-09-06 15:00:01.741,10777,10778,10775,3
2019-09-06 15:00:01.744,10777,10778,10775,3
2019-09-06 15:00:01.744,10777,10778,10774,4
2019-09-06 15:00:01.744,10777,10778,10774,3
2019-09-06 15:00:01.744,10777,10778,10774,2
2019-09-06 15:00:01.747,10777,10778,10774,1
2019-09-06 15:00:01.754,10777,10778,10778,11
2019-09-06 15:00:01.775,10777,10778,10774,3
2019-09-06 15:00:01.780,10777,10778,10774,3
2019-09-06 15:00:01.780,10777,10778,10774,3
2019-09-06 15:00:01.784,10777,10778,10774,2
2019-09-06 15:00:01.787,10777,10778,10774,2
2019-09-06 15:00:01.787,10777,10778,10774,3
2019-09-06 15:00:01.787,10777,10778,10774,3
2019-09-06 15:00:01.787,10777,10778,10774,2
2019-09-06 15:00:01.787,10777,10778,10774,1
2019-09-06 15:00:01.787,10777,10778,10773,2
2019-09-06 15:00:01.787,10777,10778,10773,1
2019-09-06 15:00:01.787,10777,10778,10773,1
2019-09-06 15:00:01.787,10777,10778,10773,1
2019-09-06 15:00:01.787,10777,10778,10773,1
2019-09-06 15:00:01.790,10777,10778,10773,3
2019-09-06 15:00:01.952,10776,10777,10776,1
2019-09-06 15:00:02.662,10776,10777,10777,2
2019-09-06 15:00:02.669,10776,10777,10777,1
2019-09-06 15:00:02.775,10776,10777,10776,1
2019-09-06 15:00:02.775,10776,10777,10775,2
2019-09-06 15:00:02.779,10776,10777,10775,2
2019-09-06 15:00:02.779,10776,10777,10775,3
2019-09-06 15:00:02.779,10776,10777,10775,3
2019-09-06 15:00:02.779,10776,10777,10775,1
2019-09-06 15:00:02.779,10776,10777,10774,1
2019-09-06 15:00:02.779,10776,10777,10774,3
2019-09-06 15:00:02.779,10776,10777,10774,1
2019-09-06 15:00:02.779,10776,10777,10774,3
2019-09-06 15:00:02.783,10776,10777,10777,2
2019-09-06 15:00:02.824,10776,10777,10774,1
2019-09-06 15:00:02.824,10776,10777,10773,1
2019-09-06 15:00:02.824,10776,10777,10773,2
2019-09-06 15:00:03.193,10776,10777,10776,2
2019-09-06 15:00:03.196,10776,10777,10776,1
2019-09-06 15:00:03.858,10776,10777,10777,5
2019-09-06 15:00:03.858,10776,10777,10778,14
2019-09-06 15:00:03.858,10776,10777,10779,2
2019-09-06 15:00:04.046,10776,10777,10777,1
2019-09-06 15:00:04.209,10776,10778,10778,1
2019-09-06 15:00:04.309,10776,10778,10778,4
2019-09-06 15:00:04.309,10776,10778,10779,1
2019-09-06 15:00:05.452,10778,10779,10778,1
2019-09-06 15:00:05.876,10777,10778,10778,2
2019-09-06 15:00:06.129,10777,10778,10778,1
2019-09-06 15:00:06.606,10777,10778,10778,1
2019-09-06 15:00:06.729,10777,10779,10779,22
2019-09-06 15:00:06.729,10777,10779,10780,28
2019-09-06 15:00:06.899,10777,10779,10779,1
2019-09-06 15:00:07.138,10778,10780,10780,1
2019-09-06 15:00:07.843,10778,10780,10778,5
2019-09-06 15:00:08.034,10777,10780,10778,2
2019-09-06 15:00:08.057,10777,10780,10777,1
2019-09-06 15:00:08.146,10777,10779,10779,1
2019-09-06 15:00:08.256,10778,10779,10779,1
2019-09-06 15:00:08.377,10778,10779,10779,2
2019-09-06 15:00:08.377,10778,10779,10780,4
2019-09-06 15:00:09.477,10778,10779,10778,1
2019-09-06 15:00:09.537,10778,10779,10779,1
2019-09-06 15:00:09.597,10778,10779,10779,1
2019-09-06 15:00:09.921,10778,10780,10780,1
2019-09-06 15:00:10.001,10779,10780,10780,1
2019-09-06 15:00:10.767,10779,10780,10779,1
2019-09-06 15:00:12.092,10779,10780,10780,10
2019-09-06 15:00:12.110,10779,10780,10780,1
2019-09-06 15:00:12.283,10779,10780,10779,1
2019-09-06 15:00:12.381,10779,10780,10779,1
2019-09-06 15:00:12.628,10779,10780,10780,1
2019-09-06 15:00:12.798,10780,10781,10780,5
2019-09-06 15:00:13.096,10780,10781,10780,1
2019-09-06 15:00:13.552,10780,10781,10780,1
2019-09-06 15:00:14.648,10780,10781,10780,1
2019-09-06 15:00:14.957,10780,10781,10781,1
2019-09-06 15:00:15.083,10780,10781,10781,3
2019-09-06 15:00:15.201,10780,10781,10780,1
2019-09-06 15:00:15.559,10780,10781,10780,1
2019-09-06 15:00:16.085,10780,10781,10780,1
2019-09-06 15:00:16.618,10780,10781,10781,1
2019-09-06 15:00:17.392,10780,10781,10780,2
2019-09-06 15:00:17.425,10780,10781,10780,1
2019-09-06 15:00:17.540,10780,10781,10781,10
2019-09-06 15:00:18.872,10780,10781,10781,1
2019-09-06 15:00:19.902,10780,10781,10781,2
2019-09-06 15:00:20.987,10780,10781,10780,7
2019-09-06 15:00:21.698,10779,10780,10779,1
2019-09-06 15:00:21.745,10779,10780,10779,2
2019-09-06 15:00:21.746,10779,10780,10779,1
2019-09-06 15:00:21.746,10779,10780,10779,3
2019-09-06 15:00:22.423,10778,10780,10780,8
2019-09-06 15:00:22.423,10778,10780,10781,14
2019-09-06 15:00:23.385,10779,10780,10780,1
2019-09-06 15:00:24.066,10779,10780,10780,6
2019-09-06 15:00:24.066,10779,10780,10781,8
2019-09-06 15:00:24.437,10779,10780,10780,1
2019-09-06 15:00:25.051,10779,10780,10779,3
2019-09-06 15:00:25.051,10779,10780,10778,5
2019-09-06 15:00:25.331,10778,10780,10780,1
2019-09-06 15:00:25.361,10778,10780,10779,1
2019-09-06 15:00:25.422,10778,10780,10779,1
2019-09-06 15:00:28.876,10778,10779,10779,1
2019-09-06 15:00:29.333,10778,10779,10779,1
2019-09-06 15:00:29.333,10778,10779,10780,5
2019-09-06 15:00:30.020,10778,10779,10778,1
2019-09-06 15:00:30.052,10778,10779,10779,1
2019-09-06 15:00:30.120,10779,10780,10779,2
2019-09-06 15:00:31.200,10778,10780,10779,1
2019-09-06 15:00:35.817,10778,10779,10778,1
2019-09-06 15:00:38.492,10778,10779,10779,3
2019-09-06 15:00:38.537,10778,10779,10779,1
2019-09-06 15:00:40.423,10778,10779,10778,1
2019-09-06 15:00:42.168,10778,10779,10778,1
2019-09-06 15:00:45.528,10778,10779,10778,1
2019-09-06 15:00:46.732,10778,10779,10778,1
2019-09-06 15:00:47.546,10778,10779,10778,2
2019-09-06 15:00:48.055,10778,10779,10778,9
2019-09-06 15:00:48.777,10777,10778,10778,1
2019-09-06 15:00:54.121,10777,10778,10777,1
2019-09-06 15:00:54.508,10777,10778,10777,1
2019-09-06 15:00:57.763,10777,10778,10778,1
2019-09-06 15:00:58.077,10777,10778,10778,1
2019-09-06 15:00:58.704,10777,10778,10777,1
2019-09-06 15:00:58.773,10777,10778,10777,1
2019-09-06 15:01:00.502,10777,10778,10777,1
2019-09-06 15:01:02.156,10777,10778,10778,10
2019-09-06 15:01:02.204,10777,10778,10778,1
2019-09-06 15:01:02.344,10777,10778,10778,8
2019-09-06 15:01:02.596,10777,10778,10778,1
2019-09-06 15:01:02.818,10777,10779,10778,1
2019-09-06 15:01:04.152,10778,10779,10778,1
2019-09-06 15:01:05.374,10778,10779,10779,1
2019-09-06 15:01:06.008,10778,10779,10779,1
2019-09-06 15:01:07.231,10778,10779,10779,1
2019-09-06 15:01:08.349,10778,10779,10779,1
2019-09-06 15:01:10.281,10778,10779,10779,1
2019-09-06 15:01:11.029,10778,10779,10779,12
2019-09-06 15:01:11.928,10779,10780,10780,1
2019-09-06 15:01:12.344,10779,10780,10779,1
2019-09-06 15:01:12.586,10779,10780,10779,1
2019-09-06 15:01:12.883,10779,10780,10780,3
2019-09-06 15:01:17.092,10779,10780,10780,13
2019-09-06 15:01:17.418,10779,10780,10779,1
2019-09-06 15:01:21.123,10779,10780,10780,1
2019-09-06 15:01:23.639,10779,10780,10780,1
2019-09-06 15:01:24.840,10779,10780,10780,1
2019-09-06 15:01:26.047,10779,10780,10779,1
2019-09-06 15:01:27.015,10779,10780,10779,1
2019-09-06 15:01:28.318,10779,10780,10780,2
2019-09-06 15:01:30.680,10779,10780,10780,1
2019-09-06 15:01:32.663,10779,10780,10780,3
2019-09-06 15:01:34.083,10779,10780,10779,1
2019-09-06 15:01:40.402,10779,10780,10780,1
2019-09-06 15:01:40.741,10779,10780,10779,1
2019-09-06 15:01:42.798,10779,10780,10780,1
2019-09-06 15:01:42.952,10779,10780,10780,1
2019-09-06 15:01:44.136,10779,10780,10779,1
2019-09-06 15:01:50.882,10779,10780,10779,1
2019-09-06 15:01:52.649,10779,10780,10779,1
2019-09-06 15:01:55.066,10779,10780,10779,1
2019-09-06 15:01:55.597,10779,10780,10779,1
2019-09-06 15:01:56.068,10779,10780,10779,1
2019-09-06 15:01:59.169,10779,10780,10779,1
2019-09-06 15:02:01.426,10779,10780,10779,1
2019-09-06 15:02:02.262,10779,10780,10780,8
2019-09-06 15:02:08.880,10779,10780,10780,2
2019-09-06 15:02:12.118,10779,10780,10780,9
2019-09-06 15:02:12.348,10779,10780,10780,5
2019-09-06 15:02:14.155,10780,10781,10780,1
2019-09-06 15:02:19.925,10780,10781,10780,1
2019-09-06 15:02:19.980,10780,10781,10781,2
2019-09-06 15:02:23.606,10779,10780,10780,1
2019-09-06 15:02:24.793,10779,10780,10779,2
2019-09-06 15:02:25.134,10779,10780,10780,1
2019-09-06 15:02:25.858,10779,10780,10780,1
2019-09-06 15:02:33.972,10779,10780,10779,1
2019-09-06 15:02:39.249,10779,10780,10779,5
2019-09-06 15:02:39.249,10779,10780,10778,15
2019-09-06 15:02:40.551,10778,10779,10779,1
2019-09-06 15:02:41.549,10778,10779,10779,2
2019-09-06 15:02:43.080,10778,10779,10779,2
2019-09-06 15:02:45.660,10778,10779,10779,1
2019-09-06 15:02:47.522,10778,10779,10779,4
2019-09-06 15:02:48.940,10778,10779,10779,1
2019-09-06 15:02:49.996,10778,10779,10779,1
2019-09-06 15:02:50.364,10778,10779,10779,1
2019-09-06 15:02:52.089,10778,10779,10779,1
2019-09-06 15:02:52.413,10778,10779,10779,1
2019-09-06 15:02:55.319,10779,10780,10779,1
2019-09-06 15:02:55.348,10779,10780,10779,2
2019-09-06 15:02:56.617,10779,10780,10779,2
2019-09-06 15:02:58.979,10778,10779,10778,26
2019-09-06 15:03:08.419,10777,10778,10778,1
2019-09-06 15:03:10.458,10777,10778,10778,1
2019-09-06 15:03:10.986,10778,10779,10778,1
2019-09-06 15:03:12.165,10778,10779,10778,1
2019-09-06 15:03:16.031,10778,10779,10778,1
2019-09-06 15:03:18.854,10778,10779,10778,1
2019-09-06 15:03:19.761,10778,10779,10778,1
2019-09-06 15:03:21.876,10778,10779,10778,2
2019-09-06 15:03:51.006,10777,10778,10777,1
2019-09-06 15:03:51.077,10777,10778,10777,7
2019-09-06 15:03:51.202,10777,10778,10777,6
2019-09-06 15:03:51.327,10777,10778,10777,9
2019-09-06 15:03:51.452,10777,10778,10777,2
2019-09-06 15:03:51.452,10777,10778,10777,8
2019-09-06 15:03:59.857,10776,10777,10777,1
2019-09-06 15:04:01.143,10776,10777,10777,2
2019-09-06 15:04:02.476,10776,10777,10777,4
2019-09-06 15:04:03.910,10776,10777,10777,4
2019-09-06 15:04:11.220,10776,10777,10777,13
2019-09-06 15:04:16.745,10777,10778,10777,1
2019-09-06 15:04:18.181,10777,10778,10777,7
2019-09-06 15:04:23.250,10777,10778,10777,1
2019-09-06 15:04:25.681,10777,10778,10778,1
2019-09-06 15:04:34.164,10777,10778,10777,1
2019-09-06 15:04:34.912,10777,10778,10777,2
2019-09-06 15:04:45.155,10777,10778,10777,1
2019-09-06 15:04:45.991,10777,10778,10777,1
2019-09-06 15:04:53.357,10777,10778,10777,1
2019-09-06 15:04:56.020,10777,10778,10777,5
2019-09-06 15:04:57.485,10777,10778,10777,1
2019-09-06 15:05:07.775,10777,10778,10777,6
2019-09-06 15:05:07.827,10777,10778,10777,1
2019-09-06 15:05:07.827,10777,10778,10777,4
2019-09-06 15:05:12.568,10776,10777,10777,1
2019-09-06 15:05:16.260,10776,10777,10777,5
2019-09-06 15:05:20.027,10776,10777,10776,1
2019-09-06 15:05:23.776,10776,10777,10777,3
2019-09-06 15:05:23.979,10777,10778,10777,1
2019-09-06 15:05:23.995,10777,10778,10777,1
2019-09-06 15:05:24.969,10777,10778,10777,1
2019-09-06 15:05:25.492,10776,10777,10776,1
2019-09-06 15:05:26.158,10776,10777,10777,2
2019-09-06 15:05:31.578,10776,10777,10777,4
2019-09-06 15:06:00.261,10776,10777,10777,1
2019-09-06 15:06:08.021,10776,10777,10776,1
2019-09-06 15:06:08.705,10776,10777,10776,1
2019-09-06 15:06:08.999,10776,10777,10776,16
2019-09-06 15:06:09.509,10776,10777,10776,5
2019-09-06 15:06:13.002,10775,10776,10776,1
2019-09-06 15:06:14.791,10775,10776,10776,1
2019-09-06 15:06:17.847,10775,10776,10776,1
2019-09-06 15:06:21.351,10775,10776,10776,3
2019-09-06 15:06:24.451,10775,10776,10776,9
2019-09-06 15:06:24.454,10776,10777,10776,5
2019-09-06 15:06:24.702,10776,10777,10776,3
2019-09-06 15:06:35.453,10776,10777,10776,1
2019-09-06 15:06:37.913,10775,10776,10776,2
2019-09-06 15:06:56.480,10776,10777,10776,5
2019-09-06 15:07:04.328,10775,10776,10776,1
2019-09-06 15:07:08.783,10775,10776,10776,1
2019-09-06 15:07:09.329,10775,10776,10776,2
2019-09-06 15:07:23.232,10775,10776,10776,1
2019-09-06 15:07:27.604,10776,10777,10776,1
2019-09-06 15:07:39.349,10775,10776,10776,5
2019-09-06 15:07:47.914,10776,10777,10776,1
2019-09-06 15:08:02.367,10776,10777,10776,1
2019-09-06 15:08:07.760,10776,10777,10777,4
2019-09-06 15:08:10.375,10776,10777,10777,2
2019-09-06 15:08:18.713,10776,10777,10776,1
2019-09-06 15:08:21.264,10776,10777,10777,1
2019-09-06 15:08:23.520,10776,10777,10777,1
2019-09-06 15:08:25.597,10776,10777,10777,4
2019-09-06 15:08:26.284,10776,10777,10777,19
2019-09-06 15:08:26.539,10777,10778,10777,1
2019-09-06 15:08:29.146,10777,10778,10778,1
2019-09-06 15:08:30.108,10777,10778,10777,1
2019-09-06 15:08:38.956,10777,10778,10777,1
2019-09-06 15:08:41.702,10777,10778,10777,1
2019-09-06 15:08:48.104,10777,10778,10778,1
2019-09-06 15:09:06.126,10777,10778,10777,1
2019-09-06 15:09:07.061,10777,10778,10778,1
2019-09-06 15:09:13.847,10777,10778,10778,2
2019-09-06 15:09:14.422,10777,10778,10778,2
2019-09-06 15:09:25.510,10777,10778,10778,2
2019-09-06 15:09:28.308,10777,10778,10778,1
2019-09-06 15:09:30.228,10777,10778,10778,1
2019-09-06 15:09:36.552,10777,10778,10777,26
2019-09-06 15:10:00.804,10776,10777,10776,1
2019-09-06 15:10:02.360,10776,10777,10777,4
2019-09-06 15:10:04.654,10777,10778,10778,26
2019-09-06 15:10:04.702,10777,10778,10778,1
2019-09-06 15:10:08.551,10778,10779,10778,1
2019-09-06 15:10:30.559,10778,10779,10778,2
2019-09-06 15:10:32.194,10778,10779,10779,21
2019-09-06 15:10:38.370,10778,10779,10779,1
2019-09-06 15:10:44.268,10779,10780,10779,1
2019-09-06 15:10:46.207,10779,10780,10779,1
2019-09-06 15:10:51.755,10779,10780,10779,5
2019-09-06 15:11:02.241,10779,10780,10780,8
2019-09-06 15:11:08.278,10779,10780,10779,1
2019-09-06 15:11:12.018,10779,10780,10780,2
2019-09-06 15:11:12.572,10779,10780,10780,77
2019-09-06 15:11:12.702,10780,10781,10781,2
2019-09-06 15:11:12.726,10780,10781,10781,2
2019-09-06 15:11:12.777,10780,10781,10781,1
2019-09-06 15:11:12.841,10780,10781,10781,1
2019-09-06 15:11:13.339,10780,10781,10781,28
2019-09-06 15:11:22.453,10781,10782,10781,4
2019-09-06 15:11:23.843,10781,10782,10781,1
2019-09-06 15:11:28.672,10781,10782,10782,1
2019-09-06 15:11:28.985,10781,10782,10782,2
2019-09-06 15:11:28.997,10781,10782,10782,1
2019-09-06 15:11:29.128,10781,10782,10782,1
2019-09-06 15:11:29.130,10781,10782,10782,1
2019-09-06 15:11:29.579,10781,10782,10782,1
2019-09-06 15:11:29.595,10781,10782,10782,1
2019-09-06 15:11:30.085,10781,10782,10781,1
2019-09-06 15:11:37.485,10781,10782,10781,1
2019-09-06 15:11:40.229,10781,10782,10781,1
2019-09-06 15:11:49.726,10781,10782,10781,4
2019-09-06 15:11:50.461,10781,10782,10781,1
2019-09-06 15:11:53.687,10781,10782,10781,1
2019-09-06 15:11:54.996,10781,10782,10781,1
2019-09-06 15:11:57.745,10781,10782,10781,2
2019-09-06 15:11:59.482,10781,10782,10781,1
2019-09-06 15:11:59.522,10781,10782,10781,1
2019-09-06 15:11:59.890,10781,10782,10781,2
2019-09-06 15:11:59.955,10780,10781,10781,1
2019-09-06 15:12:00.196,10780,10781,10781,2
2019-09-06 15:12:03.147,10781,10782,10781,9
2019-09-06 15:12:03.315,10781,10782,10781,1
2019-09-06 15:12:03.814,10781,10782,10782,1
2019-09-06 15:12:04.009,10781,10782,10782,1
2019-09-06 15:12:11.293,10781,10782,10782,1
2019-09-06 15:12:12.471,10781,10782,10782,2
2019-09-06 15:12:12.646,10781,10782,10781,1
2019-09-06 15:12:16.666,10780,10781,10781,1
2019-09-06 15:12:16.666,10780,10781,10782,1
2019-09-06 15:12:16.669,10780,10781,10782,2
2019-09-06 15:12:16.788,10780,10782,10782,2
2019-09-06 15:12:17.453,10780,10781,10781,1
2019-09-06 15:12:23.489,10781,10782,10782,19
2019-09-06 15:12:24.382,10782,10783,10782,2
2019-09-06 15:12:28.397,10782,10783,10782,1
2019-09-06 15:12:28.578,10782,10783,10783,20
2019-09-06 15:12:28.721,10782,10783,10783,1
2019-09-06 15:12:28.759,10782,10783,10783,1
2019-09-06 15:12:28.762,10782,10783,10783,1
2019-09-06 15:12:28.770,10782,10783,10783,1
2019-09-06 15:12:28.887,10782,10783,10783,2
2019-09-06 15:12:28.952,10782,10783,10783,2
2019-09-06 15:12:28.952,10782,10783,10783,6
2019-09-06 15:12:28.984,10782,10783,10784,2
2019-09-06 15:12:29.002,10782,10783,10784,2
2019-09-06 15:12:29.076,10782,10783,10784,2
2019-09-06 15:12:29.103,10782,10784,10784,2
2019-09-06 15:12:29.117,10782,10784,10784,5
2019-09-06 15:12:29.117,10782,10784,10784,3
2019-09-06 15:12:29.162,10782,10784,10784,1
2019-09-06 15:12:29.163,10782,10784,10784,2
2019-09-06 15:12:29.174,10782,10784,10785,13
2019-09-06 15:12:29.179,10782,10784,10785,1
2019-09-06 15:12:29.183,10782,10784,10785,1
2019-09-06 15:12:29.183,10782,10784,10785,1
2019-09-06 15:12:29.198,10782,10784,10785,2
2019-09-06 15:12:29.267,10783,10785,10785,1
2019-09-06 15:12:29.279,10783,10785,10785,1
2019-09-06 15:12:29.316,10783,10785,10785,2
2019-09-06 15:12:29.339,10784,10785,10785,1
2019-09-06 15:12:29.373,10784,10785,10785,2
2019-09-06 15:12:29.390,10784,10785,10785,1
2019-09-06 15:12:29.411,10784,10785,10785,2
2019-09-06 15:12:29.456,10784,10785,10785,2
2019-09-06 15:12:29.456,10784,10785,10786,1
2019-09-06 15:12:29.473,10784,10785,10786,1
2019-09-06 15:12:29.487,10784,10785,10786,2
2019-09-06 15:12:29.504,10784,10785,10786,2
2019-09-06 15:12:29.564,10784,10785,10786,2
2019-09-06 15:12:29.593,10784,10786,10786,1
2019-09-06 15:12:29.615,10784,10786,10786,3
2019-09-06 15:12:29.616,10784,10786,10786,2
2019-09-06 15:12:29.647,10784,10786,10786,4
2019-09-06 15:12:29.649,10784,10786,10786,1
2019-09-06 15:12:29.668,10784,10786,10786,12
2019-09-06 15:12:29.668,10784,10786,10787,1
2019-09-06 15:12:29.682,10784,10786,10786,3
2019-09-06 15:12:29.682,10784,10786,10787,1
2019-09-06 15:12:29.757,10785,10786,10786,4
2019-09-06 15:12:29.838,10785,10786,10786,1
2019-09-06 15:12:29.854,10785,10786,10785,1
2019-09-06 15:12:29.991,10785,10786,10786,4
2019-09-06 15:12:30.000,10785,10786,10786,2
2019-09-06 15:12:30.000,10785,10786,10787,2
2019-09-06 15:12:30.085,10785,10787,10787,4
2019-09-06 15:12:30.131,10785,10787,10787,1
2019-09-06 15:12:30.148,10785,10787,10787,1
2019-09-06 15:12:30.155,10785,10787,10786,1
2019-09-06 15:12:30.155,10785,10787,10787,1
2019-09-06 15:12:30.165,10785,10787,10787,1
2019-09-06 15:12:30.166,10785,10787,10787,1
2019-09-06 15:12:30.199,10785,10787,10787,5
2019-09-06 15:12:30.206,10785,10787,10787,4
2019-09-06 15:12:30.238,10785,10787,10787,4
2019-09-06 15:12:30.239,10785,10787,10787,1
2019-09-06 15:12:30.282,10785,10787,10787,1
2019-09-06 15:12:30.438,10786,10787,10786,2
2019-09-06 15:12:30.440,10786,10787,10786,2
2019-09-06 15:12:30.519,10786,10787,10786,1
2019-09-06 15:12:30.539,10786,10787,10787,1
2019-09-06 15:12:30.765,10786,10787,10787,1
2019-09-06 15:12:32.013,10785,10786,10785,1
2019-09-06 15:12:32.091,10785,10786,10786,2
2019-09-06 15:12:32.620,10785,10786,10786,2
2019-09-06 15:12:33.528,10785,10786,10786,2
2019-09-06 15:12:33.667,10785,10786,10786,1
2019-09-06 15:12:33.867,10785,10786,10787,1
2019-09-06 15:12:34.775,10786,10787,10787,1
2019-09-06 15:12:35.251,10786,10787,10787,7
2019-09-06 15:12:35.343,10786,10787,10787,1
2019-09-06 15:12:35.707,10786,10787,10786,5
2019-09-06 15:12:36.144,10786,10787,10787,1
2019-09-06 15:12:36.298,10786,10787,10787,1
2019-09-06 15:12:37.245,10786,10787,10787,1
2019-09-06 15:12:37.931,10786,10787,10787,1
2019-09-06 15:12:38.412,10786,10787,10786,1
2019-09-06 15:12:38.649,10785,10787,10787,1
2019-09-06 15:12:39.126,10785,10786,10786,1
2019-09-06 15:12:39.205,10785,10787,10787,2
2019-09-06 15:12:39.338,10785,10787,10787,1
2019-09-06 15:12:39.444,10785,10787,10786,1
2019-09-06 15:12:39.932,10786,10787,10786,1
2019-09-06 15:12:41.007,10786,10787,10787,1
2019-09-06 15:12:41.276,10786,10787,10786,10
2019-09-06 15:12:42.467,10786,10787,10786,1
2019-09-06 15:12:43.143,10786,10787,10786,1
2019-09-06 15:12:43.429,10786,10787,10787,1
2019-09-06 15:12:44.105,10786,10787,10787,1
2019-09-06 15:12:44.854,10786,10787,10787,1
2019-09-06 15:12:45.247,10786,10787,10787,4
2019-09-06 15:12:46.230,10786,10787,10787,2
2019-09-06 15:12:47.021,10786,10787,10787,1
2019-09-06 15:12:47.053,10786,10787,10787,2
2019-09-06 15:12:47.582,10786,10787,10787,1
2019-09-06 15:12:48.033,10786,10787,10787,2
2019-09-06 15:12:48.366,10786,10787,10787,1
2019-09-06 15:12:49.606,10786,10787,10787,1
2019-09-06 15:12:52.008,10787,10788,10787,1
2019-09-06 15:12:52.530,10786,10788,10786,1
2019-09-06 15:12:59.025,10787,10788,10787,1
2019-09-06 15:12:59.984,10787,10788,10787,1
2019-09-06 15:13:00.014,10787,10788,10788,1
2019-09-06 15:13:00.110,10787,10788,10788,1
2019-09-06 15:13:01.537,10787,10788,10787,1
2019-09-06 15:13:02.429,10787,10788,10788,2
2019-09-06 15:13:04.223,10787,10788,10788,4
2019-09-06 15:13:05.549,10787,10788,10788,1
2019-09-06 15:13:06.088,10787,10788,10788,1
2019-09-06 15:13:06.344,10787,10788,10788,1
2019-09-06 15:13:06.405,10787,10788,10788,1
2019-09-06 15:13:07.597,10787,10788,10787,1
2019-09-06 15:13:07.792,10787,10788,10788,1
2019-09-06 15:13:09.380,10787,10788,10787,2
2019-09-06 15:13:09.485,10787,10788,10788,1
2019-09-06 15:13:09.631,10787,10788,10787,2
2019-09-06 15:13:09.883,10787,10788,10787,2
2019-09-06 15:13:10.135,10787,10788,10787,2
2019-09-06 15:13:10.396,10787,10788,10787,2
2019-09-06 15:13:10.649,10787,10788,10787,2
2019-09-06 15:13:10.686,10787,10788,10788,1
2019-09-06 15:13:10.905,10787,10788,10787,2
2019-09-06 15:13:11.157,10787,10788,10787,2
2019-09-06 15:13:11.407,10787,10788,10787,1
2019-09-06 15:13:11.420,10787,10788,10787,1
2019-09-06 15:13:15.298,10786,10787,10786,1
2019-09-06 15:13:15.857,10786,10787,10787,2
2019-09-06 15:13:16.634,10786,10787,10787,1
2019-09-06 15:13:16.965,10786,10787,10787,3
2019-09-06 15:13:17.589,10786,10787,10786,1
2019-09-06 15:13:20.521,10786,10787,10787,1
2019-09-06 15:13:20.891,10786,10787,10786,1
2019-09-06 15:13:21.318,10786,10787,10787,1
2019-09-06 15:13:22.814,10786,10787,10787,2
2019-09-06 15:13:22.831,10786,10787,10787,2
2019-09-06 15:13:27.391,10786,10787,10787,1
2019-09-06 15:13:29.112,10786,10787,10787,1
2019-09-06 15:13:30.429,10786,10787,10786,1
2019-09-06 15:13:32.533,10786,10787,10787,1
2019-09-06 15:13:36.370,10786,10787,10786,1
2019-09-06 15:13:36.372,10786,10787,10786,1
2019-09-06 15:13:36.373,10786,10787,10786,1
2019-09-06 15:13:36.452,10786,10787,10786,9
2019-09-06 15:13:36.452,10786,10787,10786,6
2019-09-06 15:13:36.577,10786,10787,10786,3
2019-09-06 15:13:36.577,10786,10787,10786,2
2019-09-06 15:13:36.982,10785,10787,10787,2
2019-09-06 15:13:39.790,10786,10787,10786,1
2019-09-06 15:13:40.590,10786,10787,10786,1
2019-09-06 15:13:40.895,10785,10787,10785,1
2019-09-06 15:13:41.295,10785,10787,10787,1
2019-09-06 15:13:42.908,10786,10787,10786,1
2019-09-06 15:13:43.066,10785,10787,10786,1
2019-09-06 15:13:43.275,10785,10786,10786,1
2019-09-06 15:13:47.174,10786,10787,10786,1
2019-09-06 15:13:47.578,10786,10787,10786,2
2019-09-06 15:13:48.421,10785,10787,10787,1
2019-09-06 15:13:49.330,10786,10787,10786,1
2019-09-06 15:13:50.391,10786,10787,10786,1
2019-09-06 15:13:51.641,10786,10787,10786,1
2019-09-06 15:13:51.671,10786,10787,10786,1
2019-09-06 15:13:52.214,10785,10786,10786,1
2019-09-06 15:13:55.786,10785,10786,10785,1
2019-09-06 15:13:56.344,10785,10786,10786,1
2019-09-06 15:13:56.351,10785,10786,10786,2
2019-09-06 15:14:03.294,10785,10786,10786,1
2019-09-06 15:14:03.629,10785,10786,10785,4
2019-09-06 15:14:05.934,10785,10786,10786,1
2019-09-06 15:14:07.298,10786,10787,10786,2
2019-09-06 15:14:08.775,10785,10786,10786,1
2019-09-06 15:14:17.524,10785,10786,10786,1
2019-09-06 15:14:22.628,10785,10786,10786,1
2019-09-06 15:14:25.977,10785,10786,10786,1
2019-09-06 15:14:44.994,10785,10786,10786,1
2019-09-06 15:14:46.983,10785,10786,10786,1
2019-09-06 15:14:47.037,10785,10786,10786,5
2019-09-06 15:14:47.477,10785,10786,10786,1
2019-09-06 15:14:52.076,10785,10786,10786,2
2019-09-06 15:14:55.697,10785,10786,10785,1
2019-09-06 15:14:55.889,10785,10786,10786,1
2019-09-06 15:14:57.467,10785,10786,10786,5
2019-09-06 15:14:58.165,10785,10786,10786,15
2019-09-06 15:14:59.371,10785,10786,10786,3
2019-09-06 15:14:59.452,10785,10786,10786,7
2019-09-06 15:15:01.159,10786,10787,10787,1
2019-09-06 15:15:01.393,10786,10787,10787,1
2019-09-06 15:15:01.539,10786,10787,10787,5
2019-09-06 15:15:01.540,10786,10787,10787,2
2019-09-06 15:15:01.559,10786,10787,10787,5
2019-09-06 15:15:01.620,10786,10787,10787,3
2019-09-06 15:15:01.650,10786,10787,10787,4
2019-09-06 15:15:01.692,10786,10787,10787,2
2019-09-06 15:15:01.702,10786,10787,10787,22
2019-09-06 15:15:02.007,10786,10787,10787,1
2019-09-06 15:15:02.216,10786,10787,10787,1
2019-09-06 15:15:02.322,10786,10787,10787,1
2019-09-06 15:15:02.385,10787,10788,10788,3
2019-09-06 15:15:04.950,10787,10788,10788,1
2019-09-06 15:15:05.107,10787,10788,10787,4
2019-09-06 15:15:05.109,10787,10788,10787,2
2019-09-06 15:15:06.738,10786,10787,10787,1
2019-09-06 15:15:07.389,10786,10787,10786,1
2019-09-06 15:15:11.590,10786,10787,10787,2
2019-09-06 15:15:12.442,10786,10787,10786,1
2019-09-06 15:15:21.339,10786,10787,10786,1
2019-09-06 15:15:23.754,10786,10787,10787,2
2019-09-06 15:15:24.995,10786,10787,10787,3
2019-09-06 15:15:29.409,10787,10788,10787,1
2019-09-06 15:15:32.169,10787,10788,10787,2
2019-09-06 15:15:34.450,10787,10788,10787,4
2019-09-06 15:15:34.452,10787,10788,10787,6
2019-09-06 15:15:34.752,10786,10787,10787,2
2019-09-06 15:15:34.869,10786,10787,10787,1
2019-09-06 15:15:34.869,10786,10787,10788,1
2019-09-06 15:15:34.997,10786,10788,10788,2
2019-09-06 15:15:37.375,10786,10787,10787,3
2019-09-06 15:15:38.822,10786,10787,10787,1
2019-09-06 15:15:44.340,10786,10787,10787,1
2019-09-06 15:15:44.665,10786,10787,10787,1
2019-09-06 15:15:49.610,10786,10787,10787,1
2019-09-06 15:15:50.801,10786,10787,10787,2
2019-09-06 15:15:51.912,10786,10787,10787,1
2019-09-06 15:15:52.563,10787,10788,10787,1
2019-09-06 15:15:55.587,10787,10788,10787,3
2019-09-06 15:15:59.290,10787,10788,10787,1
2019-09-06 15:16:01.500,10787,10788,10788,1
2019-09-06 15:16:01.674,10787,10788,10787,1
2019-09-06 15:16:02.639,10787,10788,10787,1
2019-09-06 15:16:02.844,10787,10788,10788,3
2019-09-06 15:16:02.848,10787,10788,10787,1
2019-09-06 15:16:05.971,10787,10788,10787,2
2019-09-06 15:16:08.594,10787,10788,10787,6
2019-09-06 15:16:11.100,10786,10787,10787,1
2019-09-06 15:16:17.294,10786,10787,10787,1
2019-09-06 15:16:18.362,10786,10787,10787,1
2019-09-06 15:16:18.917,10786,10787,10787,1
2019-09-06 15:16:19.078,10786,10787,10787,5
2019-09-06 15:16:19.202,10786,10787,10787,2
2019-09-06 15:16:19.202,10786,10787,10787,19
2019-09-06 15:16:22.348,10787,10788,10787,1
2019-09-06 15:16:24.846,10787,10788,10788,2
2019-09-06 15:16:26.224,10787,10788,10787,3
2019-09-06 15:16:27.507,10786,10787,10787,1
2019-09-06 15:16:28.668,10786,10787,10786,3
2019-09-06 15:16:28.993,10786,10787,10787,1
2019-09-06 15:16:29.028,10786,10787,10788,1
2019-09-06 15:16:29.079,10786,10788,10788,1
2019-09-06 15:16:29.128,10786,10788,10788,1
2019-09-06 15:16:29.165,10786,10788,10788,1
2019-09-06 15:16:29.668,10786,10788,10788,1
2019-09-06 15:16:31.595,10787,10788,10787,2
2019-09-06 15:16:41.715,10787,10788,10787,3
2019-09-06 15:16:42.810,10787,10788,10787,2
2019-09-06 15:16:44.343,10786,10787,10787,2
2019-09-06 15:16:44.452,10786,10787,10787,2
2019-09-06 15:16:47.271,10787,10788,10787,1
2019-09-06 15:16:47.677,10787,10788,10787,1
2019-09-06 15:16:49.502,10786,10788,10786,1
2019-09-06 15:16:50.717,10786,10788,10788,3
2019-09-06 15:17:00.743,10786,10787,10787,1
2019-09-06 15:17:10.453,10786,10787,10786,29
2019-09-06 15:17:14.597,10785,10786,10786,1
2019-09-06 15:17:26.427,10785,10786,10786,1
2019-09-06 15:17:26.607,10785,10786,10785,1
2019-09-06 15:17:31.519,10785,10786,10785,1
2019-09-06 15:17:33.459,10785,10786,10785,2
2019-09-06 15:17:34.512,10785,10786,10785,1
2019-09-06 15:17:48.523,10785,10786,10785,3
2019-09-06 15:17:57.002,10785,10786,10786,2
2019-09-06 15:18:06.975,10785,10786,10786,1
2019-09-06 15:18:07.128,10785,10786,10786,1
2019-09-06 15:18:08.953,10785,10786,10786,1
2019-09-06 15:18:09.306,10785,10786,10786,1
2019-09-06 15:18:10.376,10785,10786,10786,1
2019-09-06 15:18:11.512,10786,10787,10786,1
2019-09-06 15:18:14.042,10786,10787,10786,1
2019-09-06 15:18:17.314,10786,10787,10786,2
2019-09-06 15:18:37.591,10785,10786,10786,2
2019-09-06 15:18:39.495,10785,10786,10785,2
2019-09-06 15:18:55.653,10785,10786,10786,1
2019-09-06 15:18:57.462,10785,10786,10786,1
2019-09-06 15:19:02.164,10785,10786,10786,4
2019-09-06 15:19:03.635,10785,10786,10786,1
2019-09-06 15:19:14.008,10785,10786,10786,1
2019-09-06 15:19:15.857,10785,10786,10786,1
2019-09-06 15:19:17.504,10785,10786,10785,1
2019-09-06 15:19:24.298,10785,10786,10786,1
2019-09-06 15:19:40.249,10785,10786,10785,1
2019-09-06 15:19:50.171,10785,10786,10786,1
2019-09-06 15:19:50.685,10785,10786,10786,1
2019-09-06 15:19:53.955,10785,10786,10786,1
2019-09-06 15:20:03.425,10785,10786,10786,1
2019-09-06 15:20:11.487,10785,10786,10786,1
2019-09-06 15:20:13.884,10785,10786,10786,2
2019-09-06 15:20:39.864,10785,10786,10785,1
2019-09-06 15:20:46.420,10785,10786,10785,1
2019-09-06 15:20:49.083,10785,10786,10785,1
2019-09-06 15:20:58.180,10785,10786,10785,2
2019-09-06 15:21:08.419,10785,10786,10786,1
2019-09-06 15:21:15.577,10785,10786,10785,15
2019-09-06 15:21:15.702,10785,10786,10785,3
2019-09-06 15:21:15.828,10785,10786,10785,23
2019-09-06 15:21:24.981,10784,10785,10785,1
2019-09-06 15:21:26.656,10784,10785,10785,2
2019-09-06 15:21:34.802,10785,10786,10785,1
2019-09-06 15:21:34.804,10785,10786,10785,1
2019-09-06 15:21:37.155,10785,10786,10785,4
2019-09-06 15:21:37.548,10785,10786,10785,1
2019-09-06 15:21:42.281,10785,10786,10786,1
2019-09-06 15:21:45.283,10785,10786,10785,4
2019-09-06 15:21:50.821,10784,10785,10785,1
2019-09-06 15:21:57.738,10785,10786,10785,2
2019-09-06 15:21:59.082,10785,10786,10785,1
2019-09-06 15:22:00.205,10785,10786,10785,1
2019-09-06 15:22:01.666,10785,10786,10785,1
2019-09-06 15:22:02.239,10785,10786,10785,1
2019-09-06 15:22:02.491,10784,10785,10785,1
2019-09-06 15:22:02.491,10784,10785,10786,4
2019-09-06 15:22:34.731,10785,10786,10785,2
2019-09-06 15:22:46.113,10784,10785,10785,1
2019-09-06 15:22:47.953,10785,10786,10785,1
2019-09-06 15:22:52.764,10784,10785,10785,1
2019-09-06 15:22:58.217,10784,10786,10786,1
2019-09-06 15:23:13.714,10785,10786,10786,1
2019-09-06 15:23:21.883,10785,10786,10786,1
2019-09-06 15:23:27.970,10785,10786,10786,1
2019-09-06 15:23:28.401,10785,10786,10786,20
2019-09-06 15:23:28.452,10785,10786,10786,12
2019-09-06 15:23:28.452,10785,10786,10786,2
2019-09-06 15:23:28.452,10785,10786,10786,2
2019-09-06 15:23:28.452,10785,10786,10786,1
2019-09-06 15:23:28.452,10785,10786,10786,6
2019-09-06 15:23:28.452,10785,10786,10786,2
2019-09-06 15:23:28.452,10785,10786,10786,4
2019-09-06 15:23:28.453,10785,10786,10786,2
2019-09-06 15:23:28.453,10785,10786,10786,1
2019-09-06 15:23:34.997,10786,10787,10787,1
2019-09-06 15:23:39.830,10786,10787,10786,1
2019-09-06 15:23:42.631,10786,10787,10786,1
2019-09-06 15:24:05.078,10786,10787,10787,1
2019-09-06 15:24:23.994,10786,10787,10786,1
2019-09-06 15:24:27.903,10786,10787,10786,1
2019-09-06 15:24:29.949,10786,10787,10786,1
2019-09-06 15:24:30.367,10786,10787,10786,1
2019-09-06 15:24:33.686,10785,10787,10786,1
2019-09-06 15:25:04.865,10786,10787,10787,18
2019-09-06 15:25:10.043,10786,10787,10787,1
2019-09-06 15:25:19.442,10786,10787,10787,1
2019-09-06 15:25:22.206,10787,10788,10788,1
2019-09-06 15:25:26.808,10787,10788,10787,1
2019-09-06 15:25:27.139,10787,10788,10788,1
2019-09-06 15:25:27.145,10787,10788,10788,1
2019-09-06 15:25:27.148,10787,10788,10788,1
2019-09-06 15:25:35.117,10787,10788,10788,1
2019-09-06 15:25:35.738,10787,10788,10788,55
2019-09-06 15:25:35.827,10787,10788,10788,3
2019-09-06 15:25:35.961,10788,10789,10788,3
2019-09-06 15:25:39.517,10788,10789,10788,1
2019-09-06 15:25:45.051,10788,10789,10789,1
2019-09-06 15:25:45.106,10788,10789,10789,1
2019-09-06 15:25:45.152,10788,10789,10789,1
2019-09-06 15:25:45.169,10788,10789,10789,1
2019-09-06 15:25:45.296,10788,10789,10788,1
2019-09-06 15:25:45.664,10788,10789,10789,2
2019-09-06 15:25:48.983,10788,10789,10789,1
2019-09-06 15:25:52.927,10788,10789,10789,1
2019-09-06 15:25:53.221,10788,10789,10788,1
2019-09-06 15:25:53.310,10788,10789,10789,1
2019-09-06 15:25:58.017,10788,10789,10789,20
2019-09-06 15:25:58.077,10788,10789,10789,3
2019-09-06 15:25:58.786,10788,10789,10789,1
2019-09-06 15:25:58.823,10788,10789,10789,6
2019-09-06 15:25:58.981,10789,10790,10790,1
2019-09-06 15:25:59.139,10789,10790,10790,1
2019-09-06 15:25:59.263,10789,10790,10789,1
2019-09-06 15:25:59.266,10789,10790,10790,1
2019-09-06 15:25:59.292,10789,10790,10790,1
2019-09-06 15:25:59.308,10789,10790,10790,3
2019-09-06 15:25:59.319,10789,10790,10790,10
2019-09-06 15:25:59.375,10789,10790,10790,2
2019-09-06 15:25:59.849,10789,10790,10790,1
2019-09-06 15:26:00.091,10789,10790,10790,1
2019-09-06 15:26:00.094,10789,10790,10790,1
2019-09-06 15:26:00.100,10789,10790,10790,1
2019-09-06 15:26:00.195,10789,10790,10790,1
2019-09-06 15:26:01.091,10789,10790,10789,1
2019-09-06 15:26:02.278,10789,10790,10789,1
2019-09-06 15:26:02.375,10789,10790,10790,10
2019-09-06 15:26:03.761,10789,10790,10790,1
2019-09-06 15:26:04.927,10789,10790,10790,1
2019-09-06 15:26:11.677,10789,10790,10790,1
2019-09-06 15:26:12.159,10789,10790,10789,1
2019-09-06 15:26:14.310,10789,10790,10790,28
2019-09-06 15:26:15.282,10789,10790,10790,1
2019-09-06 15:26:15.332,10789,10790,10790,1
2019-09-06 15:26:15.436,10789,10790,10790,1
2019-09-06 15:26:15.452,10789,10790,10790,1
2019-09-06 15:26:15.754,10789,10790,10790,1
2019-09-06 15:26:15.827,10789,10790,10790,8
2019-09-06 15:26:16.765,10790,10791,10790,1
2019-09-06 15:26:17.040,10790,10791,10791,1
2019-09-06 15:26:17.102,10790,10791,10791,1
2019-09-06 15:26:17.140,10790,10791,10791,1
2019-09-06 15:26:17.149,10790,10791,10791,1
2019-09-06 15:26:17.177,10790,10791,10791,1
2019-09-06 15:26:17.181,10790,10791,10791,1
2019-09-06 15:26:18.069,10790,10791,10791,1
2019-09-06 15:26:18.599,10790,10791,10791,1
2019-09-06 15:26:18.744,10790,10791,10791,1
2019-09-06 15:26:18.822,10790,10791,10790,2
2019-09-06 15:26:18.845,10790,10791,10791,1
2019-09-06 15:26:19.324,10790,10791,10791,3
2019-09-06 15:26:22.758,10790,10791,10791,1
2019-09-06 15:26:26.154,10790,10791,10791,1
2019-09-06 15:26:27.260,10790,10791,10791,1
2019-09-06 15:26:28.601,10790,10791,10791,1
2019-09-06 15:26:28.608,10790,10791,10791,1
2019-09-06 15:26:30.119,10790,10791,10790,1
2019-09-06 15:26:30.354,10790,10791,10791,2
2019-09-06 15:26:30.356,10790,10791,10791,2
2019-09-06 15:26:30.452,10790,10791,10791,1
2019-09-06 15:26:30.702,10791,10792,10792,2
2019-09-06 15:26:30.911,10791,10792,10792,1
2019-09-06 15:26:31.039,10791,10792,10792,2
2019-09-06 15:26:31.098,10791,10792,10792,2
2019-09-06 15:26:31.469,10791,10792,10792,1
2019-09-06 15:26:31.475,10791,10792,10792,1
2019-09-06 15:26:31.959,10791,10792,10791,1
2019-09-06 15:26:32.025,10791,10792,10792,1
2019-09-06 15:26:32.063,10791,10792,10792,1
2019-09-06 15:26:32.651,10791,10792,10791,1
2019-09-06 15:26:34.812,10791,10792,10792,2
2019-09-06 15:26:36.742,10791,10792,10792,1
2019-09-06 15:26:37.302,10791,10792,10791,1
2019-09-06 15:26:40.239,10791,10792,10792,3
2019-09-06 15:26:41.261,10791,10792,10792,1
2019-09-06 15:26:41.753,10791,10792,10791,1
2019-09-06 15:26:43.185,10791,10792,10792,1
2019-09-06 15:26:44.080,10791,10792,10792,1
2019-09-06 15:26:51.575,10791,10792,10792,1
2019-09-06 15:26:51.887,10791,10792,10792,2
2019-09-06 15:26:53.818,10791,10792,10792,1
2019-09-06 15:26:54.667,10791,10792,10792,1
2019-09-06 15:26:57.478,10791,10792,10791,1
2019-09-06 15:26:58.519,10791,10792,10791,17
2019-09-06 15:27:03.057,10790,10791,10791,1
2019-09-06 15:27:08.171,10790,10791,10791,3
2019-09-06 15:27:08.720,10790,10791,10791,1
2019-09-06 15:27:11.944,10790,10791,10790,1
2019-09-06 15:27:14.747,10790,10791,10790,1
2019-09-06 15:27:14.920,10790,10791,10791,1
2019-09-06 15:27:20.136,10790,10791,10791,1
2019-09-06 15:27:23.575,10790,10791,10791,1
2019-09-06 15:27:25.127,10790,10791,10791,1
2019-09-06 15:27:25.332,10790,10791,10791,1
2019-09-06 15:27:26.570,10790,10791,10791,1
2019-09-06 15:27:34.820,10790,10791,10791,1
2019-09-06 15:27:34.836,10790,10791,10791,14
2019-09-06 15:27:35.494,10790,10792,10792,1
2019-09-06 15:27:44.044,10791,10792,10791,1
2019-09-06 15:27:49.640,10791,10792,10791,1
2019-09-06 15:27:50.170,10791,10792,10791,10
2019-09-06 15:27:51.783,10790,10791,10791,1
2019-09-06 15:27:54.229,10790,10791,10791,1
2019-09-06 15:27:59.921,10790,10791,10790,37
2019-09-06 15:28:00.506,10789,10790,10790,1
2019-09-06 15:28:00.665,10789,10790,10790,1
2019-09-06 15:28:02.203,10789,10790,10790,16
2019-09-06 15:28:02.211,10789,10790,10791,1
2019-09-06 15:28:04.319,10790,10791,10791,1
2019-09-06 15:28:04.461,10790,10791,10790,1
2019-09-06 15:28:06.704,10790,10791,10791,2
2019-09-06 15:28:06.906,10790,10791,10791,1
2019-09-06 15:28:12.167,10790,10791,10791,3
2019-09-06 15:28:18.349,10790,10791,10791,1
2019-09-06 15:28:25.121,10790,10791,10791,1
2019-09-06 15:28:28.443,10790,10791,10791,1
2019-09-06 15:28:37.375,10790,10791,10791,2
2019-09-06 15:28:37.927,10790,10791,10791,3
2019-09-06 15:28:38.113,10790,10791,10790,20
2019-09-06 15:28:46.802,10789,10790,10790,2
2019-09-06 15:28:53.730,10789,10790,10790,1
2019-09-06 15:28:57.231,10789,10790,10790,2
2019-09-06 15:28:58.302,10789,10790,10790,2
2019-09-06 15:29:05.161,10789,10790,10790,1
2019-09-06 15:29:06.675,10789,10790,10790,1
2019-09-06 15:29:07.534,10789,10790,10790,1
2019-09-06 15:29:07.761,10789,10790,10790,1
2019-09-06 15:29:08.779,10789,10790,10790,4
2019-09-06 15:29:11.748,10790,10791,10790,2
2019-09-06 15:29:16.352,10789,10790,10790,2
2019-09-06 15:29:21.751,10789,10790,10790,5
2019-09-06 15:29:24.183,10789,10790,10790,1
2019-09-06 15:29:35.008,10789,10790,10790,1
2019-09-06 15:29:38.294,10789,10790,10790,1
2019-09-06 15:29:50.235,10789,10790,10790,1
2019-09-06 15:29:56.939,10789,10790,10790,1
2019-09-06 15:30:01.072,10789,10790,10790,2
2019-09-06 15:30:01.074,10789,10790,10790,2
2019-09-06 15:30:01.334,10789,10790,10790,1
2019-09-06 15:30:01.447,10789,10790,10790,1
2019-09-06 15:30:01.599,10789,10790,10790,3
2019-09-06 15:30:02.335,10789,10790,10790,1
2019-09-06 15:30:05.999,10789,10790,10790,1
2019-09-06 15:30:06.594,10789,10790,10789,1
2019-09-06 15:30:07.757,10789,10790,10790,10
2019-09-06 15:30:08.338,10789,10790,10789,1
2019-09-06 15:30:09.365,10789,10790,10790,2
2019-09-06 15:30:10.038,10789,10790,10789,1
2019-09-06 15:30:10.848,10789,10790,10789,11
2019-09-06 15:30:11.610,10789,10790,10789,1
2019-09-06 15:30:13.289,10789,10790,10789,1
2019-09-06 15:30:13.292,10789,10790,10789,3
2019-09-06 15:30:14.793,10788,10789,10789,1
2019-09-06 15:30:15.199,10788,10789,10788,1
2019-09-06 15:30:15.265,10788,10789,10788,1
2019-09-06 15:30:22.655,10788,10789,10789,1
2019-09-06 15:30:24.245,10788,10789,10788,1
2019-09-06 15:30:36.719,10788,10789,10788,1
2019-09-06 15:30:42.115,10788,10789,10789,2
2019-09-06 15:30:45.590,10788,10789,10789,1
2019-09-06 15:30:45.833,10788,10789,10788,1
2019-09-06 15:30:46.327,10788,10789,10789,1
2019-09-06 15:30:46.390,10788,10789,10788,1
2019-09-06 15:30:49.081,10788,10789,10788,1
2019-09-06 15:30:54.815,10788,10789,10789,1
2019-09-06 15:30:54.872,10788,10789,10788,1
2019-09-06 15:30:59.655,10788,10789,10789,2
2019-09-06 15:31:03.277,10788,10789,10788,6
2019-09-06 15:31:04.116,10788,10789,10788,28
2019-09-06 15:31:04.934,10787,10788,10788,1
2019-09-06 15:31:11.838,10787,10788,10787,2
2019-09-06 15:31:12.109,10787,10788,10787,2
2019-09-06 15:31:12.165,10787,10788,10787,1
2019-09-06 15:31:19.391,10787,10788,10787,1
2019-09-06 15:31:21.291,10787,10788,10787,5
2019-09-06 15:31:21.462,10787,10788,10787,5
2019-09-06 15:31:22.499,10787,10788,10787,2
2019-09-06 15:31:26.054,10787,10788,10787,2
2019-09-06 15:31:29.228,10787,10788,10787,1
2019-09-06 15:31:32.079,10787,10788,10788,1
2019-09-06 15:31:32.843,10787,10788,10787,1
2019-09-06 15:31:48.578,10787,10788,10788,12
2019-09-06 15:31:51.769,10788,10789,10789,2
2019-09-06 15:32:00.026,10788,10789,10789,2
2019-09-06 15:32:00.047,10788,10789,10789,2
2019-09-06 15:32:00.077,10788,10789,10789,3
2019-09-06 15:32:01.390,10789,10790,10789,21
2019-09-06 15:32:01.390,10789,10790,10788,43
2019-09-06 15:32:01.452,10788,10789,10788,9
2019-09-06 15:32:01.452,10788,10789,10788,5
2019-09-06 15:32:01.452,10788,10789,10789,2
2019-09-06 15:32:01.452,10788,10789,10788,2
2019-09-06 15:32:01.457,10788,10789,10788,5
2019-09-06 15:32:01.517,10788,10789,10788,2
2019-09-06 15:32:01.522,10788,10789,10787,38
2019-09-06 15:32:01.577,10786,10787,10787,1
2019-09-06 15:32:01.578,10786,10787,10786,5
2019-09-06 15:32:01.579,10786,10787,10787,31
2019-09-06 15:32:01.702,10786,10788,10787,1
2019-09-06 15:32:01.827,10787,10788,10787,1
2019-09-06 15:32:01.828,10787,10788,10787,2
2019-09-06 15:32:01.831,10787,10788,10787,1
2019-09-06 15:32:12.557,10787,10788,10788,2
2019-09-06 15:32:14.977,10787,10788,10787,1
2019-09-06 15:32:21.335,10787,10788,10787,1
2019-09-06 15:32:26.268,10787,10788,10788,1
2019-09-06 15:32:27.070,10787,10788,10787,1
2019-09-06 15:32:38.483,10787,10788,10787,23
2019-09-06 15:32:38.483,10787,10788,10786,59
2019-09-06 15:32:38.484,10787,10788,10787,1
2019-09-06 15:32:38.485,10787,10788,10786,5
2019-09-06 15:32:38.579,10786,10787,10786,1
2019-09-06 15:32:38.580,10786,10787,10787,1
2019-09-06 15:32:47.203,10786,10787,10787,22
2019-09-06 15:32:49.782,10787,10788,10787,1
2019-09-06 15:32:55.516,10787,10788,10787,2
2019-09-06 15:32:55.516,10787,10788,10786,39
2019-09-06 15:32:55.577,10785,10786,10786,6
2019-09-06 15:32:55.579,10785,10786,10786,6
2019-09-06 15:32:56.335,10786,10787,10787,1
2019-09-06 15:32:59.165,10786,10787,10786,7
2019-09-06 15:32:59.168,10786,10787,10786,4
2019-09-06 15:32:59.170,10786,10787,10786,1
2019-09-06 15:32:59.202,10785,10786,10786,6
2019-09-06 15:33:00.377,10786,10787,10786,3
2019-09-06 15:33:00.580,10785,10786,10786,8
2019-09-06 15:33:02.758,10786,10787,10787,9
2019-09-06 15:33:05.243,10786,10787,10787,4
2019-09-06 15:33:13.386,10786,10787,10787,1
2019-09-06 15:33:16.063,10786,10787,10787,12
2019-09-06 15:33:18.345,10786,10787,10786,1
2019-09-06 15:33:18.482,10786,10787,10786,1
2019-09-06 15:33:19.591,10786,10787,10786,1
2019-09-06 15:33:20.059,10786,10787,10786,1
2019-09-06 15:33:21.802,10786,10787,10786,1
2019-09-06 15:33:27.998,10786,10787,10786,1
2019-09-06 15:33:32.865,10786,10787,10786,1
2019-09-06 15:33:36.824,10786,10787,10786,2
2019-09-06 15:33:36.943,10786,10787,10786,1
2019-09-06 15:33:36.943,10786,10787,10785,4
2019-09-06 15:33:36.989,10785,10787,10786,4
2019-09-06 15:33:36.989,10785,10787,10787,1
2019-09-06 15:33:36.991,10785,10787,10787,5
2019-09-06 15:33:37.161,10785,10787,10785,5
2019-09-06 15:33:40.833,10786,10787,10786,1
2019-09-06 15:33:41.047,10786,10787,10786,1
2019-09-06 15:33:46.393,10785,10786,10786,1
2019-09-06 15:33:46.453,10785,10786,10786,1
2019-09-06 15:33:55.512,10786,10787,10786,1
2019-09-06 15:34:02.644,10786,10787,10786,1
2019-09-06 15:34:10.345,10785,10786,10786,1
2019-09-06 15:34:25.027,10785,10786,10786,2
2019-09-06 15:34:27.055,10785,10786,10786,2
2019-09-06 15:34:27.635,10785,10786,10786,1
2019-09-06 15:34:29.635,10785,10786,10786,1
2019-09-06 15:34:30.072,10785,10786,10786,2
2019-09-06 15:34:39.571,10786,10787,10786,1
2019-09-06 15:34:41.552,10786,10787,10786,1
2019-09-06 15:34:43.698,10786,10787,10786,1
2019-09-06 15:34:45.533,10785,10786,10785,1
2019-09-06 15:34:54.313,10785,10786,10785,1
2019-09-06 15:34:59.827,10785,10786,10786,3
2019-09-06 15:35:15.449,10786,10787,10786,1
2019-09-06 15:35:16.256,10786,10787,10787,1
2019-09-06 15:35:17.954,10786,10787,10786,1
2019-09-06 15:35:26.312,10786,10787,10786,1
2019-09-06 15:35:34.926,10786,10787,10786,1
2019-09-06 15:35:46.081,10786,10787,10786,2
2019-09-06 15:35:55.792,10786,10787,10786,1
2019-09-06 15:36:17.632,10786,10787,10786,1
2019-09-06 15:36:26.587,10786,10787,10787,1
2019-09-06 15:36:29.530,10786,10787,10787,5
2019-09-06 15:36:32.044,10786,10787,10787,1
2019-09-06 15:36:36.626,10786,10787,10786,1
2019-09-06 15:36:41.994,10786,10787,10786,3
2019-09-06 15:36:52.164,10786,10787,10786,2
2019-09-06 15:37:00.044,10786,10787,10786,1
2019-09-06 15:37:00.293,10786,10787,10787,12
2019-09-06 15:37:00.293,10786,10787,10788,18
2019-09-06 15:37:03.176,10787,10788,10787,10
2019-09-06 15:37:06.686,10787,10788,10787,1
2019-09-06 15:37:10.894,10787,10788,10787,2
2019-09-06 15:37:34.377,10787,10788,10787,2
2019-09-06 15:37:34.632,10787,10788,10787,2
2019-09-06 15:37:42.128,10787,10788,10787,1
2019-09-06 15:38:05.965,10786,10787,10787,1
2019-09-06 15:38:07.978,10786,10787,10787,4
2019-09-06 15:38:18.047,10787,10788,10787,5
2019-09-06 15:38:52.166,10787,10788,10787,3
2019-09-06 15:38:53.074,10787,10788,10787,7
2019-09-06 15:39:04.616,10787,10788,10787,1
2019-09-06 15:39:33.323,10787,10788,10787,5
2019-09-06 15:39:54.330,10786,10787,10786,2
2019-09-06 15:39:54.355,10786,10787,10786,1
2019-09-06 15:40:00.171,10785,10786,10786,2
2019-09-06 15:40:09.220,10785,10786,10786,1
2019-09-06 15:40:12.708,10786,10787,10786,1
2019-09-06 15:40:13.788,10786,10787,10786,1
2019-09-06 15:40:17.767,10786,10787,10787,1
2019-09-06 15:40:20.441,10786,10787,10786,1
2019-09-06 15:40:29.108,10786,10787,10786,2
2019-09-06 15:40:45.585,10785,10786,10786,18
2019-09-06 15:40:45.877,10786,10787,10786,2
2019-09-06 15:40:51.096,10786,10787,10786,1
2019-09-06 15:41:04.692,10786,10787,10786,1
2019-09-06 15:41:13.722,10786,10787,10786,5
2019-09-06 15:41:13.927,10786,10787,10786,4
2019-09-06 15:41:13.927,10786,10787,10785,1
2019-09-06 15:41:14.010,10785,10787,10785,1
2019-09-06 15:41:14.647,10785,10787,10787,1
2019-09-06 15:41:23.870,10786,10787,10786,1
2019-09-06 15:42:00.821,10786,10787,10787,1
2019-09-06 15:42:03.861,10785,10786,10786,1
2019-09-06 15:42:04.976,10785,10787,10787,1
2019-09-06 15:42:05.176,10785,10787,10787,1
2019-09-06 15:42:29.956,10786,10787,10787,15
2019-09-06 15:42:29.957,10786,10787,10787,1
2019-09-06 15:42:29.957,10786,10787,10787,1
2019-09-06 15:42:29.957,10786,10787,10787,1
2019-09-06 15:42:29.957,10786,10787,10787,2
2019-09-06 15:42:41.249,10786,10787,10787,11
2019-09-06 15:42:41.306,10786,10787,10787,1
2019-09-06 15:42:41.328,10787,10788,10787,3
2019-09-06 15:42:55.204,10787,10788,10787,2
2019-09-06 15:42:55.328,10787,10788,10787,1
2019-09-06 15:43:21.951,10786,10787,10787,1
2019-09-06 15:43:31.267,10786,10788,10788,3
2019-09-06 15:43:35.851,10786,10788,10786,1
2019-09-06 15:43:35.984,10786,10788,10786,1
2019-09-06 15:43:44.204,10786,10787,10786,1
2019-09-06 15:43:47.640,10786,10787,10786,5
2019-09-06 15:43:52.955,10786,10787,10787,19
2019-09-06 15:43:52.956,10786,10787,10787,1
2019-09-06 15:44:00.337,10786,10788,10786,1
2019-09-06 15:44:00.400,10786,10788,10788,15
2019-09-06 15:44:07.100,10786,10788,10788,1
2019-09-06 15:44:08.056,10787,10788,10787,1
2019-09-06 15:44:22.429,10786,10787,10786,3
2019-09-06 15:44:22.870,10786,10787,10787,2
2019-09-06 15:44:22.870,10786,10787,10788,1
2019-09-06 15:44:30.790,10786,10788,10786,3
2019-09-06 15:44:37.838,10786,10787,10787,1
2019-09-06 15:45:00.709,10786,10787,10787,5
2019-09-06 15:45:01.501,10786,10788,10788,2
2019-09-06 15:45:02.077,10787,10788,10787,10
2019-09-06 15:45:08.097,10786,10787,10787,1
2019-09-06 15:45:29.530,10786,10787,10786,1
2019-09-06 15:45:42.979,10786,10787,10787,2
2019-09-06 15:45:55.519,10786,10787,10786,5
2019-09-06 15:45:55.709,10786,10787,10786,5
2019-09-06 15:45:59.315,10785,10786,10786,1
2019-09-06 15:46:08.784,10785,10787,10787,3
2019-09-06 15:46:29.819,10786,10787,10787,5
2019-09-06 15:46:39.297,10786,10787,10786,2
2019-09-06 15:46:58.681,10786,10787,10786,1
2019-09-06 15:47:23.803,10786,10787,10787,5
2019-09-06 15:47:23.829,10786,10787,10787,3
2019-09-06 15:47:25.973,10786,10787,10787,1
2019-09-06 15:47:30.872,10786,10787,10787,1
2019-09-06 15:47:39.816,10786,10787,10787,1
2019-09-06 15:48:03.847,10786,10787,10787,1
2019-09-06 15:48:15.331,10786,10787,10786,10
2019-09-06 15:48:16.083,10785,10786,10786,1
2019-09-06 15:48:38.916,10785,10786,10786,2
2019-09-06 15:48:50.456,10785,10786,10786,1
2019-09-06 15:48:54.383,10785,10786,10785,1
2019-09-06 15:48:55.147,10785,10786,10785,1
2019-09-06 15:49:00.339,10785,10786,10785,1
2019-09-06 15:49:01.049,10785,10786,10786,1
2019-09-06 15:49:02.079,10785,10786,10785,10
2019-09-06 15:49:03.848,10785,10786,10785,9
2019-09-06 15:49:06.461,10785,10786,10785,29
2019-09-06 15:49:13.884,10784,10785,10784,1
2019-09-06 15:49:14.026,10784,10785,10784,1
2019-09-06 15:49:14.250,10784,10785,10784,1
2019-09-06 15:49:14.407,10784,10785,10784,2
2019-09-06 15:49:15.018,10784,10785,10784,1
2019-09-06 15:49:15.840,10784,10785,10784,1
2019-09-06 15:49:22.800,10784,10785,10784,3
2019-09-06 15:49:23.302,10784,10785,10784,3
2019-09-06 15:49:24.976,10784,10785,10784,1
2019-09-06 15:49:26.497,10784,10785,10785,1
2019-09-06 15:49:42.079,10784,10785,10784,1
2019-09-06 15:49:42.192,10784,10785,10784,1
2019-09-06 15:49:43.074,10784,10785,10784,1
2019-09-06 15:49:44.219,10784,10785,10784,1
2019-09-06 15:49:45.165,10784,10785,10784,1
2019-09-06 15:49:46.900,10784,10785,10784,1
2019-09-06 15:49:47.332,10784,10785,10784,1
2019-09-06 15:49:47.376,10784,10785,10784,1
2019-09-06 15:49:48.758,10784,10785,10784,1
2019-09-06 15:49:49.103,10784,10785,10784,9
2019-09-06 15:49:49.287,10783,10785,10783,1
2019-09-06 15:49:49.403,10783,10784,10783,2
2019-09-06 15:49:49.824,10783,10784,10783,1
2019-09-06 15:49:50.492,10783,10784,10784,1
2019-09-06 15:49:51.330,10783,10784,10783,2
2019-09-06 15:49:53.806,10783,10784,10783,2
2019-09-06 15:49:57.153,10783,10784,10783,1
2019-09-06 15:49:58.382,10783,10784,10783,20
2019-09-06 15:50:00.975,10783,10784,10783,1
2019-09-06 15:50:01.130,10783,10784,10783,1
2019-09-06 15:50:07.732,10783,10784,10783,1
2019-09-06 15:50:08.700,10783,10784,10783,1
2019-09-06 15:50:09.032,10783,10784,10783,1
2019-09-06 15:50:10.528,10783,10784,10783,1
2019-09-06 15:50:10.654,10783,10784,10783,1
2019-09-06 15:50:11.046,10783,10784,10783,1
2019-09-06 15:50:11.276,10783,10784,10783,1
2019-09-06 15:50:15.465,10783,10784,10783,1
2019-09-06 15:50:17.858,10783,10784,10784,1
2019-09-06 15:50:20.362,10783,10784,10783,1
2019-09-06 15:50:23.191,10783,10784,10784,1
2019-09-06 15:50:28.434,10783,10784,10784,1
2019-09-06 15:50:33.387,10783,10784,10784,2
2019-09-06 15:50:43.901,10783,10784,10784,2
2019-09-06 15:51:08.032,10783,10784,10783,4
2019-09-06 15:51:11.200,10783,10784,10783,1
2019-09-06 15:51:13.269,10783,10784,10783,1
2019-09-06 15:51:18.095,10783,10784,10783,1
2019-09-06 15:51:26.928,10783,10784,10783,1
2019-09-06 15:51:33.686,10783,10784,10783,7
2019-09-06 15:51:45.226,10782,10783,10783,1
2019-09-06 15:51:45.271,10782,10783,10783,1
2019-09-06 15:51:45.680,10782,10783,10783,1
2019-09-06 15:51:50.101,10782,10783,10783,1
2019-09-06 15:52:02.874,10782,10783,10782,10
2019-09-06 15:52:03.053,10782,10783,10782,1
2019-09-06 15:52:03.061,10782,10783,10782,1
2019-09-06 15:52:03.063,10782,10783,10782,7
2019-09-06 15:52:03.215,10782,10783,10782,3
2019-09-06 15:52:04.704,10782,10783,10783,1
2019-09-06 15:52:06.348,10782,10783,10782,1
2019-09-06 15:52:11.717,10782,10783,10782,1
2019-09-06 15:52:13.908,10782,10783,10783,9
2019-09-06 15:52:14.830,10783,10784,10783,1
2019-09-06 15:52:25.345,10783,10784,10783,2
2019-09-06 15:52:25.946,10783,10784,10784,1
2019-09-06 15:52:26.840,10783,10784,10783,1
2019-09-06 15:52:30.738,10783,10784,10783,2
2019-09-06 15:52:36.341,10782,10783,10783,1
2019-09-06 15:52:38.563,10783,10784,10783,1
2019-09-06 15:52:38.942,10783,10784,10783,1
2019-09-06 15:52:39.965,10783,10784,10783,1
2019-09-06 15:52:43.474,10783,10784,10783,1
2019-09-06 15:52:48.784,10782,10783,10783,1
2019-09-06 15:52:57.168,10782,10783,10783,1
2019-09-06 15:53:00.477,10783,10784,10783,2
2019-09-06 15:53:06.123,10783,10784,10783,1
2019-09-06 15:53:21.735,10783,10784,10784,1
2019-09-06 15:53:34.934,10783,10784,10783,5
2019-09-06 15:53:59.937,10783,10784,10784,4
2019-09-06 15:54:06.480,10783,10784,10784,1
2019-09-06 15:54:41.168,10783,10784,10783,1
2019-09-06 15:54:45.001,10783,10784,10784,1
2019-09-06 15:54:53.989,10783,10784,10784,2
2019-09-06 15:54:57.004,10783,10784,10784,1
2019-09-06 15:55:05.888,10783,10784,10784,1
2019-09-06 15:55:06.478,10783,10784,10784,1
2019-09-06 15:55:07.890,10783,10784,10784,2
2019-09-06 15:55:08.488,10783,10784,10784,1
2019-09-06 15:55:22.095,10783,10784,10784,1
2019-09-06 15:55:23.564,10783,10784,10784,2
2019-09-06 15:55:28.583,10783,10784,10784,1
2019-09-06 15:55:48.219,10783,10784,10784,4
2019-09-06 15:55:48.452,10784,10785,10784,3
2019-09-06 15:56:24.119,10783,10784,10784,1
2019-09-06 15:56:30.885,10783,10784,10784,1
2019-09-06 15:56:42.012,10783,10784,10784,1
2019-09-06 15:57:03.944,10783,10784,10783,3
2019-09-06 15:57:03.952,10783,10784,10783,19
2019-09-06 15:57:13.876,10782,10784,10784,2
2019-09-06 15:57:18.655,10783,10784,10783,2
2019-09-06 15:57:24.803,10782,10784,10784,1
2019-09-06 15:57:24.887,10782,10784,10782,1
2019-09-06 15:57:37.868,10782,10783,10782,1
2019-09-06 15:57:42.625,10782,10783,10782,1
2019-09-06 15:57:45.812,10782,10783,10782,1
2019-09-06 15:57:54.628,10782,10783,10782,58
2019-09-06 15:57:57.725,10781,10782,10782,1
2019-09-06 15:58:01.857,10781,10782,10781,1
2019-09-06 15:58:02.004,10781,10782,10781,1
2019-09-06 15:58:02.036,10781,10782,10781,1
2019-09-06 15:58:02.546,10781,10782,10781,7
2019-09-06 15:58:07.896,10781,10782,10781,1
2019-09-06 15:58:08.162,10781,10782,10781,1
2019-09-06 15:58:11.174,10781,10782,10781,1
2019-09-06 15:58:17.748,10781,10782,10781,4
2019-09-06 15:58:18.366,10781,10782,10782,1
2019-09-06 15:58:21.959,10781,10782,10781,1
2019-09-06 15:58:27.684,10781,10782,10782,1
2019-09-06 15:58:35.805,10781,10782,10781,2
2019-09-06 15:58:45.911,10781,10782,10782,1
2019-09-06 15:58:52.453,10781,10782,10781,36
2019-09-06 15:58:52.577,10781,10782,10781,5
2019-09-06 15:58:56.586,10780,10782,10780,1
2019-09-06 15:58:56.760,10780,10782,10780,1
2019-09-06 15:58:56.843,10780,10782,10780,1
2019-09-06 15:59:02.741,10780,10781,10780,1
2019-09-06 15:59:03.874,10780,10781,10780,1
2019-09-06 15:59:07.201,10780,10781,10780,1
2019-09-06 15:59:11.724,10780,10781,10780,1
2019-09-06 15:59:18.523,10780,10781,10780,1
2019-09-06 15:59:20.469,10780,10781,10780,1
2019-09-06 15:59:21.565,10780,10781,10780,1
2019-09-06 15:59:21.587,10780,10781,10781,2
2019-09-06 15:59:43.377,10780,10781,10781,1
2019-09-06 15:59:46.355,10780,10781,10780,1
2019-09-06 15:59:47.797,10780,10781,10780,1
2019-09-06 15:59:54.730,10780,10781,10780,1
2019-09-06 15:59:56.590,10780,10781,10781,1
2019-09-06 15:59:57.707,10780,10781,10780,1
2019-09-06 16:00:05.766,10780,10781,10780,1
2019-09-06 16:00:06.232,10780,10781,10781,3
2019-09-06 16:00:06.274,10780,10781,10781,1
2019-09-06 16:00:07.292,10780,10781,10781,1
2019-09-06 16:00:07.493,10780,10781,10781,1
2019-09-06 16:00:07.694,10780,10781,10781,1
2019-09-06 16:00:07.894,10780,10781,10781,1
2019-09-06 16:00:08.094,10780,10781,10781,1
2019-09-06 16:00:08.297,10780,10781,10781,1
2019-09-06 16:00:08.497,10780,10781,10781,4
2019-09-06 16:00:08.497,10780,10781,10782,6
2019-09-06 16:00:08.578,10780,10782,10782,1
2019-09-06 16:00:08.584,10780,10782,10782,1
2019-09-06 16:00:08.593,10780,10782,10782,1
2019-09-06 16:00:08.624,10780,10782,10782,2
2019-09-06 16:00:08.628,10780,10782,10782,2
2019-09-06 16:00:09.078,10781,10782,10782,1
2019-09-06 16:00:19.646,10781,10782,10781,2
2019-09-06 16:00:22.881,10781,10782,10782,1
2019-09-06 16:01:06.561,10781,10782,10781,1
2019-09-06 16:01:16.655,10781,10782,10781,2
2019-09-06 16:01:21.854,10781,10782,10781,1
2019-09-06 16:01:47.663,10781,10782,10781,2
2019-09-06 16:01:50.842,10781,10782,10782,3
2019-09-06 16:02:16.418,10781,10782,10782,1
2019-09-06 16:02:22.317,10781,10782,10782,1
2019-09-06 16:02:24.237,10781,10782,10781,1
2019-09-06 16:02:34.931,10781,10782,10782,13
2019-09-06 16:02:37.018,10782,10783,10782,1
2019-09-06 16:02:55.146,10781,10782,10782,1
2019-09-06 16:03:03.195,10781,10782,10782,1
2019-09-06 16:03:08.124,10781,10782,10782,1
2019-09-06 16:03:15.575,10781,10782,10782,1
2019-09-06 16:03:16.032,10781,10782,10782,1
2019-09-06 16:03:27.717,10781,10782,10782,9
2019-09-06 16:03:48.148,10782,10783,10782,2
2019-09-06 16:03:52.107,10782,10783,10782,4
2019-09-06 16:03:54.081,10781,10782,10782,1
2019-09-06 16:04:03.310,10782,10783,10782,1
2019-09-06 16:04:25.567,10781,10782,10781,1
2019-09-06 16:04:26.030,10781,10782,10781,1
2019-09-06 16:04:26.351,10781,10782,10781,1
2019-09-06 16:04:26.848,10781,10782,10781,1
2019-09-06 16:04:27.443,10781,10782,10781,1
2019-09-06 16:04:27.521,10781,10782,10781,2
2019-09-06 16:04:28.705,10781,10782,10781,3
2019-09-06 16:04:29.354,10781,10782,10781,1
2019-09-06 16:04:34.203,10781,10782,10781,2
2019-09-06 16:04:35.924,10781,10782,10781,1
2019-09-06 16:04:42.129,10781,10782,10781,1
2019-09-06 16:04:46.906,10781,10782,10781,1
2019-09-06 16:04:48.501,10781,10782,10781,1
2019-09-06 16:04:48.818,10781,10782,10781,1
2019-09-06 16:04:49.052,10781,10782,10781,1
2019-09-06 16:04:49.593,10781,10782,10781,2
2019-09-06 16:04:57.384,10781,10782,10781,1
2019-09-06 16:05:00.260,10780,10781,10781,1
2019-09-06 16:05:08.303,10781,10782,10781,1
2019-09-06 16:05:13.955,10781,10782,10781,1
2019-09-06 16:05:25.598,10780,10781,10781,1
2019-09-06 16:05:31.992,10780,10781,10780,1
2019-09-06 16:05:44.180,10780,10781,10780,5
2019-09-06 16:05:44.336,10780,10781,10781,5
2019-09-06 16:05:52.798,10780,10781,10781,5
2019-09-06 16:06:14.154,10780,10781,10781,2
2019-09-06 16:06:14.155,10780,10781,10781,1
2019-09-06 16:06:19.623,10781,10782,10781,1
2019-09-06 16:06:31.318,10781,10782,10781,2
2019-09-06 16:06:36.920,10781,10782,10781,2
2019-09-06 16:06:39.256,10781,10782,10781,1
2019-09-06 16:06:41.389,10781,10782,10782,2
2019-09-06 16:06:42.133,10781,10782,10782,2
2019-09-06 16:06:43.244,10781,10782,10782,2
2019-09-06 16:06:50.409,10781,10782,10782,2
2019-09-06 16:06:50.620,10781,10782,10782,2
2019-09-06 16:06:56.256,10781,10782,10782,5
2019-09-06 16:07:20.179,10781,10782,10782,1
2019-09-06 16:07:52.041,10781,10782,10782,3
2019-09-06 16:08:00.451,10781,10782,10782,1
2019-09-06 16:08:29.549,10781,10782,10782,1
2019-09-06 16:08:33.928,10781,10782,10782,16
2019-09-06 16:08:33.929,10781,10782,10782,2
2019-09-06 16:08:40.220,10782,10783,10782,1
2019-09-06 16:08:59.344,10782,10783,10783,2
2019-09-06 16:09:31.112,10782,10783,10782,1
2019-09-06 16:09:34.257,10782,10783,10782,14
2019-09-06 16:09:37.229,10781,10782,10782,1
2019-09-06 16:09:38.965,10781,10782,10782,1
2019-09-06 16:09:51.362,10781,10782,10782,1
2019-09-06 16:10:16.128,10781,10782,10782,1
2019-09-06 16:10:16.128,10781,10782,10782,1
2019-09-06 16:10:16.128,10781,10782,10782,1
2019-09-06 16:10:23.054,10782,10783,10782,1
2019-09-06 16:10:23.993,10782,10783,10782,1
2019-09-06 16:10:35.994,10782,10783,10782,1
2019-09-06 16:10:50.035,10782,10783,10782,1
2019-09-06 16:10:56.243,10782,10783,10782,1
2019-09-06 16:10:58.326,10782,10783,10782,2
2019-09-06 16:11:22.388,10782,10783,10782,6
2019-09-06 16:12:26.929,10781,10782,10782,1
2019-09-06 16:12:39.699,10781,10782,10782,1
2019-09-06 16:12:47.136,10781,10782,10782,2
2019-09-06 16:13:04.901,10781,10782,10782,2
2019-09-06 16:13:16.681,10781,10782,10781,1
2019-09-06 16:13:16.681,10781,10782,10781,3
2019-09-06 16:13:16.702,10781,10782,10781,8
2019-09-06 16:13:16.702,10781,10782,10781,4
2019-09-06 16:13:16.827,10781,10782,10781,1
2019-09-06 16:13:16.827,10781,10782,10781,4
2019-09-06 16:13:16.827,10781,10782,10781,3
2019-09-06 16:13:16.863,10781,10782,10781,1
2019-09-06 16:13:31.046,10780,10781,10780,1
2019-09-06 16:13:31.615,10780,10781,10781,1
2019-09-06 16:13:35.036,10780,10781,10780,1
2019-09-06 16:13:37.530,10780,10781,10780,1
2019-09-06 16:13:46.327,10780,10781,10780,2
2019-09-06 16:13:51.497,10780,10781,10780,32
2019-09-06 16:13:55.859,10779,10780,10779,1
2019-09-06 16:13:55.980,10779,10780,10779,2
2019-09-06 16:13:56.039,10779,10780,10779,1
2019-09-06 16:13:56.063,10779,10780,10779,1
2019-09-06 16:13:56.079,10779,10780,10779,1
2019-09-06 16:13:57.497,10779,10780,10779,1
2019-09-06 16:13:57.578,10779,10780,10779,23
2019-09-06 16:13:58.060,10778,10779,10778,1
2019-09-06 16:13:58.061,10778,10779,10778,2
2019-09-06 16:13:58.228,10778,10779,10778,2
2019-09-06 16:13:58.262,10778,10779,10778,1
2019-09-06 16:13:58.395,10778,10779,10779,1
2019-09-06 16:13:58.405,10778,10779,10779,1
2019-09-06 16:14:17.747,10778,10779,10779,2
2019-09-06 16:14:17.831,10778,10779,10779,1
2019-09-06 16:14:18.969,10778,10779,10779,2
2019-09-06 16:14:22.417,10778,10779,10779,1
2019-09-06 16:14:24.785,10778,10779,10778,1
2019-09-06 16:14:28.103,10778,10779,10779,4
2019-09-06 16:14:28.104,10778,10779,10779,1
2019-09-06 16:14:28.105,10778,10779,10779,2
2019-09-06 16:14:28.797,10779,10780,10779,1
2019-09-06 16:14:34.667,10779,10780,10779,1
2019-09-06 16:14:38.430,10779,10780,10779,1
2019-09-06 16:14:52.890,10779,10780,10779,1
2019-09-06 16:14:59.966,10779,10780,10779,1
2019-09-06 16:15:12.066,10779,10780,10780,1
2019-09-06 16:15:20.058,10779,10780,10779,1
2019-09-06 16:15:22.056,10779,10780,10780,1
2019-09-06 16:15:26.968,10779,10780,10780,1
2019-09-06 16:15:33.983,10779,10780,10780,1
2019-09-06 16:15:42.750,10779,10780,10779,1
2019-09-06 16:15:46.580,10779,10780,10780,1
2019-09-06 16:16:02.933,10779,10780,10779,1
2019-09-06 16:16:15.202,10779,10780,10780,6
2019-09-06 16:16:15.327,10779,10780,10780,2
2019-09-06 16:16:15.327,10779,10780,10780,2
2019-09-06 16:16:15.327,10779,10780,10780,5
2019-09-06 16:16:15.327,10779,10780,10780,1
2019-09-06 16:16:15.577,10780,10781,10780,1
2019-09-06 16:16:21.244,10779,10781,10779,2
2019-09-06 16:16:21.411,10779,10781,10779,2
2019-09-06 16:16:24.415,10779,10780,10780,1
2019-09-06 16:16:27.489,10779,10780,10780,1
2019-09-06 16:16:29.907,10779,10780,10780,1
2019-09-06 16:16:43.009,10780,10781,10780,2
2019-09-06 16:16:49.798,10780,10781,10780,1
2019-09-06 16:16:57.272,10780,10781,10780,2
2019-09-06 16:16:58.182,10780,10781,10780,1
2019-09-06 16:17:04.277,10780,10781,10780,2
2019-09-06 16:17:12.291,10780,10781,10780,2
2019-09-06 16:17:18.289,10780,10781,10780,1
2019-09-06 16:17:19.663,10780,10781,10780,2
2019-09-06 16:18:09.049,10780,10781,10780,1
2019-09-06 16:18:12.556,10780,10781,10781,1
2019-09-06 16:18:17.013,10780,10781,10781,2
2019-09-06 16:18:18.340,10780,10781,10781,9
2019-09-06 16:18:22.215,10781,10782,10781,2
2019-09-06 16:18:30.293,10781,10782,10782,1
2019-09-06 16:18:35.578,10781,10782,10782,12
2019-09-06 16:19:20.726,10782,10783,10783,1
2019-09-06 16:19:20.857,10782,10783,10783,1
2019-09-06 16:19:23.953,10782,10783,10782,2
2019-09-06 16:19:34.555,10782,10783,10783,1
2019-09-06 16:19:41.009,10782,10783,10782,1
2019-09-06 16:20:59.266,10782,10783,10782,1
2019-09-06 16:21:32.653,10782,10783,10783,1
2019-09-06 16:21:49.559,10782,10783,10783,1
2019-09-06 16:21:52.128,10782,10783,10783,2
2019-09-06 16:21:57.762,10782,10783,10783,1
2019-09-06 16:22:51.047,10782,10783,10782,15
2019-09-06 16:23:04.453,10781,10782,10782,2
2019-09-06 16:23:37.069,10781,10782,10782,2
2019-09-06 16:23:37.467,10781,10782,10781,2
2019-09-06 16:23:42.465,10781,10782,10781,1
2019-09-06 16:23:43.021,10781,10782,10782,1
2019-09-06 16:23:49.954,10781,10782,10782,6
2019-09-06 16:23:50.270,10781,10782,10782,9
2019-09-06 16:23:52.374,10782,10783,10782,1
2019-09-06 16:24:09.476,10782,10783,10782,1
2019-09-06 16:24:52.046,10782,10783,10782,1
2019-09-06 16:25:26.572,10782,10783,10782,10
2019-09-06 16:25:32.667,10782,10783,10782,2
2019-09-06 16:25:32.809,10782,10783,10782,1
2019-09-06 16:25:32.809,10782,10783,10782,2
2019-09-06 16:25:32.809,10782,10783,10782,2
2019-09-06 16:25:32.809,10782,10783,10782,1
2019-09-06 16:25:32.809,10782,10783,10782,1
2019-09-06 16:25:32.810,10782,10783,10782,5
2019-09-06 16:25:38.899,10781,10782,10782,1
2019-09-06 16:25:42.074,10781,10782,10781,8
2019-09-06 16:25:56.329,10780,10781,10780,1
2019-09-06 16:25:58.474,10780,10781,10780,1
2019-09-06 16:25:59.127,10780,10781,10780,1
2019-09-06 16:26:06.063,10780,10781,10780,1
2019-09-06 16:26:07.960,10780,10781,10780,1
2019-09-06 16:26:08.789,10780,10781,10780,1
2019-09-06 16:26:19.385,10780,10781,10780,1
2019-09-06 16:26:30.343,10780,10781,10780,1
2019-09-06 16:26:32.480,10780,10781,10780,1
2019-09-06 16:26:33.265,10780,10781,10780,1
2019-09-06 16:26:35.185,10780,10781,10780,1
2019-09-06 16:26:48.742,10780,10781,10781,1
2019-09-06 16:26:56.478,10780,10781,10781,3
2019-09-06 16:26:56.478,10780,10781,10781,3
2019-09-06 16:26:56.478,10780,10781,10781,2
2019-09-06 16:26:56.478,10780,10781,10781,2
2019-09-06 16:26:57.001,10781,10782,10781,9
2019-09-06 16:26:57.001,10781,10782,10780,11
2019-09-06 16:27:39.771,10780,10781,10780,1
2019-09-06 16:27:56.218,10780,10781,10780,10
2019-09-06 16:28:21.449,10780,10781,10781,7
2019-09-06 16:28:21.669,10781,10782,10781,5
2019-09-06 16:28:21.669,10781,10782,10780,5
2019-09-06 16:28:22.476,10780,10782,10782,1
2019-09-06 16:28:36.242,10781,10782,10782,1
2019-09-06 16:28:57.337,10781,10782,10782,3
2019-09-06 16:29:17.801,10782,10783,10782,2
2019-09-06 16:29:29.608,10782,10783,10783,1
2019-09-06 16:29:57.622,10782,10783,10783,2
2019-09-06 16:30:02.331,10782,10783,10783,1
2019-09-06 16:30:04.865,10782,10783,10783,1
2019-09-06 16:30:26.841,10782,10783,10783,1
2019-09-06 16:30:27.606,10782,10783,10782,12
2019-09-06 16:30:48.099,10781,10782,10782,1
2019-09-06 16:30:48.242,10781,10782,10782,22
2019-09-06 16:30:54.724,10782,10783,10782,2
2019-09-06 16:31:29.583,10782,10783,10783,5
2019-09-06 16:31:37.854,10782,10783,10783,2
2019-09-06 16:31:53.889,10782,10783,10782,2
2019-09-06 16:31:55.541,10781,10782,10782,1
2019-09-06 16:32:03.383,10781,10782,10782,15
2019-09-06 16:32:19.494,10781,10782,10782,4
2019-09-06 16:32:35.347,10781,10782,10782,1
2019-09-06 16:32:39.179,10781,10782,10782,1
2019-09-06 16:32:42.609,10781,10782,10782,2
2019-09-06 16:32:53.436,10782,10783,10782,2
2019-09-06 16:33:07.060,10782,10783,10782,2
2019-09-06 16:33:39.910,10781,10782,10781,10
2019-09-06 16:33:46.142,10781,10782,10781,1
2019-09-06 16:34:26.323,10780,10781,10781,1
2019-09-06 16:34:55.791,10780,10781,10781,3
2019-09-06 16:35:07.480,10781,10782,10782,3
2019-09-06 16:35:34.379,10782,10783,10782,1
2019-09-06 16:36:27.770,10781,10782,10781,15
2019-09-06 16:36:48.415,10781,10782,10782,3
2019-09-06 16:36:50.348,10781,10782,10781,4
2019-09-06 16:37:17.948,10781,10782,10781,2
2019-09-06 16:38:19.726,10781,10782,10781,1
2019-09-06 16:38:21.470,10781,10782,10781,1
2019-09-06 16:38:21.470,10781,10782,10781,2
2019-09-06 16:38:21.470,10781,10782,10781,1
2019-09-06 16:38:29.720,10781,10782,10781,10
2019-09-06 16:38:57.274,10781,10782,10782,1
2019-09-06 16:39:14.344,10781,10782,10782,1
2019-09-06 16:39:15.338,10781,10782,10782,2
2019-09-06 16:39:15.716,10782,10783,10782,1
2019-09-06 16:39:29.067,10781,10782,10782,2
2019-09-06 16:39:53.172,10782,10783,10783,1
2019-09-06 16:39:54.634,10782,10783,10782,1
2019-09-06 16:40:26.004,10782,10783,10782,5
2019-09-06 16:40:34.701,10781,10783,10781,3
2019-09-06 16:40:52.081,10781,10782,10782,1
2019-09-06 16:41:31.869,10781,10782,10782,1
2019-09-06 16:41:34.053,10781,10782,10782,1
2019-09-06 16:41:41.873,10781,10782,10781,4
2019-09-06 16:42:07.574,10781,10782,10782,2
2019-09-06 16:42:08.020,10781,10782,10781,1
2019-09-06 16:42:08.278,10781,10782,10782,2
2019-09-06 16:42:17.928,10781,10782,10782,5
2019-09-06 16:42:23.917,10782,10783,10782,1
2019-09-06 16:43:02.250,10781,10782,10782,1
2019-09-06 16:44:20.737,10782,10783,10782,1
2019-09-06 16:45:02.771,10781,10782,10782,1
2019-09-06 16:45:02.771,10781,10782,10783,2
2019-09-06 16:45:54.351,10782,10783,10782,1
2019-09-06 16:45:58.525,10782,10783,10783,1
2019-09-06 16:46:02.437,10782,10783,10783,1
2019-09-06 16:46:12.309,10782,10783,10783,1
2019-09-06 16:46:27.531,10782,10783,10783,1
2019-09-06 16:46:57.008,10782,10783,10783,1
2019-09-06 16:47:03.091,10782,10783,10783,1
2019-09-06 16:47:18.573,10782,10783,10783,1
2019-09-06 16:47:24.268,10782,10783,10783,12
2019-09-06 16:47:30.042,10782,10783,10783,2
2019-09-06 16:47:31.348,10782,10783,10783,1
2019-09-06 16:47:48.024,10782,10783,10783,4
2019-09-06 16:47:49.475,10782,10783,10783,2
2019-09-06 16:48:24.250,10782,10783,10783,1
2019-09-06 16:48:42.206,10783,10784,10784,1
2019-09-06 16:49:53.982,10783,10784,10783,1
2019-09-06 16:49:59.644,10783,10784,10783,1
2019-09-06 16:50:38.402,10783,10784,10784,3
2019-09-06 16:50:44.386,10783,10784,10784,1
2019-09-06 16:50:53.444,10783,10784,10783,1
2019-09-06 16:50:57.829,10783,10784,10784,1
2019-09-06 16:51:15.880,10783,10784,10784,1
2019-09-06 16:51:29.102,10783,10784,10784,2
2019-09-06 16:52:10.430,10783,10784,10784,1
2019-09-06 16:52:39.292,10783,10784,10784,1
2019-09-06 16:52:51.460,10783,10784,10784,1
2019-09-06 16:52:52.668,10783,10784,10784,1
2019-09-06 16:52:56.323,10783,10784,10784,1
2019-09-06 16:53:02.796,10783,10784,10784,2
2019-09-06 16:53:26.307,10783,10784,10784,1
2019-09-06 16:53:46.049,10783,10784,10783,8
2019-09-06 16:53:46.049,10783,10784,10783,2
2019-09-06 16:53:46.053,10783,10784,10783,5
2019-09-06 16:53:46.053,10783,10784,10783,1
2019-09-06 16:53:46.054,10783,10784,10783,2
2019-09-06 16:53:46.054,10783,10784,10783,1
2019-09-06 16:54:02.907,10782,10783,10783,1
2019-09-06 16:54:03.160,10782,10783,10783,1
2019-09-06 16:54:28.582,10782,10783,10783,3
2019-09-06 16:54:59.029,10782,10783,10783,2
2019-09-06 16:54:59.029,10782,10783,10784,2
2019-09-06 16:55:17.683,10782,10783,10782,1
2019-09-06 16:55:20.174,10782,10784,10782,1
2019-09-06 16:56:03.279,10783,10784,10783,1
2019-09-06 16:56:13.827,10782,10783,10783,1
2019-09-06 16:56:23.202,10782,10783,10783,1
2019-09-06 16:56:23.452,10782,10783,10783,1
2019-09-06 16:56:23.702,10782,10783,10783,1
2019-09-06 16:56:28.202,10782,10783,10783,1
2019-09-06 16:56:37.975,10782,10784,10782,1
2019-09-06 16:56:52.036,10782,10784,10782,1
2019-09-06 16:57:08.702,10782,10783,10783,1
2019-09-06 16:57:44.022,10783,10784,10784,1
2019-09-06 16:58:18.053,10783,10784,10784,3
2019-09-06 16:58:23.873,10783,10784,10784,1
2019-09-06 16:58:54.518,10783,10784,10783,2
2019-09-06 16:58:54.577,10782,10783,10783,3
2019-09-06 16:59:17.735,10782,10783,10782,1
2019-09-06 16:59:19.795,10782,10783,10783,3
2019-09-06 16:59:35.501,10782,10783,10782,1
2019-09-06 16:59:56.004,10782,10783,10783,2
2019-09-06 17:00:01.013,10782,10783,10783,2
2019-09-06 17:00:01.459,10782,10783,10783,2
2019-09-06 17:00:06.506,10782,10783,10783,2
2019-09-06 17:00:11.791,10782,10783,10782,2
2019-09-06 17:00:33.191,10782,10783,10782,1
2019-09-06 17:00:40.599,10782,10783,10782,1
2019-09-06 17:00:43.350,10782,10783,10782,1
2019-09-06 17:01:09.090,10781,10782,10782,1
2019-09-06 17:01:15.845,10781,10782,10782,1
2019-09-06 17:01:22.131,10781,10782,10782,1
2019-09-06 17:01:26.458,10782,10783,10782,1
2019-09-06 17:02:09.310,10782,10783,10782,1
2019-09-06 17:02:28.575,10782,10783,10782,1
2019-09-06 17:02:52.267,10782,10783,10782,1
2019-09-06 17:02:54.248,10782,10783,10782,1
2019-09-06 17:03:25.110,10782,10783,10782,2
2019-09-06 17:03:25.191,10782,10783,10782,2
2019-09-06 17:04:03.048,10782,10783,10783,1
2019-09-06 17:04:13.937,10782,10783,10783,1
2019-09-06 17:04:17.558,10782,10783,10783,1
2019-09-06 17:04:32.388,10782,10783,10783,6
2019-09-06 17:04:40.416,10782,10783,10783,1
2019-09-06 17:04:48.170,10782,10783,10783,5
2019-09-06 17:04:48.423,10783,10784,10783,2
2019-09-06 17:04:48.673,10783,10784,10783,1
2019-09-06 17:04:49.203,10782,10783,10783,1
2019-09-06 17:04:59.614,10782,10783,10783,1
2019-09-06 17:05:55.660,10783,10784,10783,1
2019-09-06 17:05:56.237,10783,10784,10784,2
2019-09-06 17:06:55.133,10783,10784,10783,1
2019-09-06 17:08:02.497,10783,10784,10784,1
2019-09-06 17:09:59.717,10783,10784,10784,1
2019-09-06 17:11:47.907,10783,10784,10784,8
2019-09-06 17:11:47.907,10783,10784,10784,5
2019-09-06 17:11:47.952,10783,10784,10784,20
2019-09-06 17:11:58.099,10784,10785,10785,2
2019-09-06 17:11:58.111,10784,10785,10785,1
2019-09-06 17:11:58.133,10784,10785,10785,1
2019-09-06 17:11:58.136,10784,10785,10785,58
2019-09-06 17:11:58.216,10785,10786,10786,1
2019-09-06 17:11:58.243,10785,10786,10786,1
2019-09-06 17:11:58.327,10785,10786,10786,2
2019-09-06 17:11:58.354,10785,10786,10786,1
2019-09-06 17:11:58.374,10785,10786,10786,2
2019-09-06 17:11:58.421,10785,10786,10786,14
2019-09-06 17:11:58.679,10785,10786,10786,2
2019-09-06 17:12:00.997,10785,10786,10786,1
2019-09-06 17:12:04.389,10785,10786,10786,30
2019-09-06 17:12:04.579,10786,10787,10787,1
2019-09-06 17:12:04.792,10786,10787,10787,13
2019-09-06 17:12:04.912,10786,10787,10787,1
2019-09-06 17:12:05.031,10786,10787,10787,1
2019-09-06 17:12:05.411,10786,10787,10787,5
2019-09-06 17:12:09.342,10786,10787,10786,1
2019-09-06 17:12:11.901,10786,10787,10786,1
2019-09-06 17:12:19.887,10786,10787,10787,6
2019-09-06 17:12:23.201,10786,10787,10786,1
2019-09-06 17:12:24.837,10786,10787,10786,5
2019-09-06 17:12:33.429,10786,10787,10786,1
2019-09-06 17:12:35.809,10786,10787,10787,5
2019-09-06 17:12:44.485,10786,10787,10787,1
2019-09-06 17:12:50.036,10786,10787,10787,1
2019-09-06 17:12:56.444,10786,10787,10787,1
2019-09-06 17:13:05.712,10786,10787,10787,2
2019-09-06 17:13:14.121,10786,10787,10787,3
2019-09-06 17:13:14.726,10786,10787,10787,1
2019-09-06 17:13:14.878,10786,10787,10787,4
2019-09-06 17:13:16.613,10787,10788,10787,1
2019-09-06 17:13:18.220,10787,10788,10787,2
2019-09-06 17:13:20.992,10787,10788,10787,1
2019-09-06 17:13:21.696,10787,10788,10787,8
2019-09-06 17:13:27.870,10786,10787,10787,3
2019-09-06 17:13:29.851,10786,10787,10787,3
2019-09-06 17:13:38.757,10786,10787,10787,1
2019-09-06 17:13:40.411,10786,10787,10787,1
2019-09-06 17:14:03.746,10786,10787,10787,1
2019-09-06 17:14:04.789,10786,10787,10787,1
2019-09-06 17:14:06.482,10786,10787,10787,1
2019-09-06 17:14:50.934,10787,10788,10787,1
2019-09-06 17:14:54.527,10787,10788,10787,2
2019-09-06 17:14:58.225,10787,10788,10787,2
2019-09-06 17:15:00.101,10787,10788,10788,15
2019-09-06 17:15:03.697,10787,10788,10788,3
2019-09-06 17:15:03.744,10787,10788,10788,1
2019-09-06 17:15:04.348,10787,10788,10788,1
2019-09-06 17:15:04.802,10787,10788,10788,2
2019-09-06 17:15:04.897,10787,10788,10788,2
2019-09-06 17:15:04.987,10787,10788,10788,1
2019-09-06 17:15:05.063,10787,10788,10788,2
2019-09-06 17:15:05.078,10787,10788,10788,1
2019-09-06 17:15:05.082,10787,10788,10788,1
2019-09-06 17:15:05.100,10787,10788,10788,1
2019-09-06 17:15:05.167,10787,10788,10788,2
2019-09-06 17:15:05.217,10787,10788,10788,1
2019-09-06 17:15:05.273,10787,10788,10788,1
2019-09-06 17:15:05.386,10787,10788,10788,1
2019-09-06 17:15:05.705,10787,10788,10788,1
2019-09-06 17:15:05.911,10787,10788,10788,29
2019-09-06 17:15:06.543,10788,10789,10788,2
2019-09-06 17:15:10.243,10788,10789,10789,1
2019-09-06 17:15:10.386,10788,10789,10789,13
2019-09-06 17:15:13.502,10788,10789,10789,1
2019-09-06 17:15:14.686,10788,10789,10789,1
2019-09-06 17:15:20.669,10788,10789,10789,4
2019-09-06 17:15:21.709,10788,10789,10788,4
2019-09-06 17:15:23.180,10788,10789,10788,1
2019-09-06 17:15:23.202,10788,10789,10788,1
2019-09-06 17:15:24.678,10788,10789,10789,1
2019-09-06 17:15:34.015,10788,10789,10789,2
2019-09-06 17:15:39.775,10788,10789,10788,1
2019-09-06 17:15:43.878,10788,10789,10788,1
2019-09-06 17:15:46.450,10788,10789,10788,1
2019-09-06 17:15:51.573,10788,10789,10789,4
2019-09-06 17:15:54.130,10788,10789,10788,1
2019-09-06 17:15:55.229,10788,10789,10789,4
2019-09-06 17:16:02.299,10788,10789,10788,1
2019-09-06 17:16:02.382,10788,10789,10789,3
2019-09-06 17:16:03.029,10788,10789,10789,1
2019-09-06 17:16:03.228,10788,10789,10789,1
2019-09-06 17:16:04.929,10788,10789,10789,1
2019-09-06 17:16:09.890,10788,10789,10789,3
2019-09-06 17:16:14.364,10788,10789,10788,5
2019-09-06 17:16:14.675,10787,10789,10789,2
2019-09-06 17:16:18.475,10787,10788,10787,2
2019-09-06 17:16:18.729,10787,10788,10787,2
2019-09-06 17:16:18.979,10787,10788,10787,2
2019-09-06 17:16:19.229,10787,10788,10787,1
2019-09-06 17:16:20.076,10787,10788,10787,1
2019-09-06 17:16:45.641,10786,10787,10787,13
2019-09-06 17:16:45.641,10786,10787,10788,2
2019-09-06 17:16:47.445,10786,10788,10788,3
2019-09-06 17:16:47.798,10787,10788,10787,1
2019-09-06 17:16:56.974,10787,10788,10787,2
2019-09-06 17:17:15.001,10787,10788,10787,1
2019-09-06 17:17:21.258,10786,10787,10787,1
2019-09-06 17:17:28.517,10786,10788,10786,1
2019-09-06 17:17:37.846,10786,10787,10787,1
2019-09-06 17:17:45.413,10786,10787,10786,1
2019-09-06 17:17:49.599,10786,10787,10787,5
2019-09-06 17:17:58.873,10786,10787,10787,1
2019-09-06 17:18:06.419,10786,10787,10787,1
2019-09-06 17:18:14.090,10786,10787,10787,1
2019-09-06 17:19:09.569,10786,10787,10787,1
2019-09-06 17:19:39.886,10786,10787,10786,1
2019-09-06 17:20:12.998,10786,10787,10787,1
2019-09-06 17:20:13.516,10786,10787,10786,1
2019-09-06 17:20:46.825,10786,10787,10786,2
2019-09-06 17:21:46.474,10786,10787,10787,1
2019-09-06 17:21:51.262,10786,10787,10787,3
2019-09-06 17:22:01.777,10786,10787,10787,1
2019-09-06 17:22:08.489,10786,10787,10787,1
2019-09-06 17:22:14.882,10786,10787,10787,1
2019-09-06 17:22:17.359,10786,10787,10787,3
2019-09-06 17:22:17.419,10786,10787,10787,7
2019-09-06 17:22:21.087,10786,10787,10787,1
2019-09-06 17:22:21.202,10786,10787,10787,1
2019-09-06 17:22:24.537,10786,10787,10787,1
2019-09-06 17:22:25.783,10786,10787,10787,1
2019-09-06 17:22:30.585,10786,10787,10787,1
2019-09-06 17:22:36.883,10786,10787,10787,1
2019-09-06 17:23:26.320,10786,10787,10787,1
2019-09-06 17:23:55.100,10786,10787,10787,7
2019-09-06 17:23:55.100,10786,10787,10787,7
2019-09-06 17:23:55.100,10786,10787,10787,4
2019-09-06 17:23:55.334,10787,10788,10787,2
2019-09-06 17:23:57.451,10787,10788,10788,12
2019-09-06 17:23:57.497,10787,10789,10788,3
2019-09-06 17:23:57.497,10787,10789,10787,2
2019-09-06 17:23:57.805,10787,10789,10787,5
2019-09-06 17:23:58.106,10788,10789,10788,1
2019-09-06 17:23:58.118,10788,10789,10788,1
2019-09-06 17:23:58.432,10788,10789,10789,6
2019-09-06 17:23:58.440,10788,10789,10789,1
2019-09-06 17:23:58.440,10788,10789,10789,3
2019-09-06 17:23:58.440,10788,10789,10789,1
2019-09-06 17:23:58.440,10788,10789,10789,1
2019-09-06 17:23:58.440,10788,10789,10789,1
2019-09-06 17:23:58.644,10788,10790,10790,7
2019-09-06 17:23:58.645,10788,10790,10790,1
2019-09-06 17:23:58.645,10788,10790,10790,1
2019-09-06 17:23:58.645,10788,10790,10790,18
2019-09-06 17:23:58.677,10788,10790,10789,2
2019-09-06 17:23:58.702,10789,10790,10789,2
2019-09-06 17:23:58.704,10789,10790,10789,1
2019-09-06 17:23:58.867,10789,10790,10790,8
2019-09-06 17:23:59.241,10789,10790,10789,2
2019-09-06 17:23:59.366,10789,10790,10790,1
2019-09-06 17:23:59.417,10789,10790,10789,2
2019-09-06 17:23:59.419,10789,10790,10789,2
2019-09-06 17:23:59.420,10789,10790,10789,2
2019-09-06 17:23:59.421,10789,10790,10789,2
2019-09-06 17:23:59.452,10788,10790,10789,2
2019-09-06 17:23:59.494,10788,10790,10789,1
2019-09-06 17:23:59.605,10788,10790,10789,2
2019-09-06 17:23:59.921,10789,10790,10789,1
2019-09-06 17:24:00.010,10789,10790,10789,1
2019-09-06 17:24:00.643,10788,10789,10789,1
2019-09-06 17:24:02.251,10789,10790,10790,4
2019-09-06 17:24:04.720,10789,10790,10790,1
2019-09-06 17:24:04.863,10789,10790,10790,9
2019-09-06 17:24:05.202,10789,10790,10790,2
2019-09-06 17:24:05.655,10789,10790,10790,1
2019-09-06 17:24:06.776,10789,10790,10789,2
2019-09-06 17:24:08.379,10789,10791,10790,1
2019-09-06 17:24:10.077,10790,10791,10790,1
2019-09-06 17:24:13.580,10790,10791,10791,7
2019-09-06 17:24:13.605,10790,10791,10790,5
2019-09-06 17:24:13.702,10790,10791,10791,4
2019-09-06 17:24:13.731,10790,10791,10791,1
2019-09-06 17:24:14.392,10790,10791,10791,5
2019-09-06 17:24:16.618,10790,10791,10791,1
2019-09-06 17:24:16.795,10790,10791,10791,3
2019-09-06 17:24:17.108,10790,10791,10790,3
2019-09-06 17:24:17.108,10790,10791,10790,1
2019-09-06 17:24:19.192,10789,10790,10789,1
2019-09-06 17:24:19.593,10789,10790,10789,1
2019-09-06 17:24:20.941,10789,10790,10790,1
2019-09-06 17:24:24.081,10789,10790,10789,2
2019-09-06 17:24:24.081,10789,10790,10789,1
2019-09-06 17:24:25.118,10788,10789,10788,1
2019-09-06 17:24:25.577,10787,10788,10787,9
2019-09-06 17:24:25.702,10787,10788,10787,3
2019-09-06 17:24:26.063,10787,10788,10787,3
2019-09-06 17:24:26.705,10786,10787,10787,5
2019-09-06 17:24:27.010,10786,10787,10787,2
2019-09-06 17:24:27.024,10786,10787,10787,1
2019-09-06 17:24:27.081,10786,10787,10786,6
2019-09-06 17:24:27.321,10786,10787,10786,8
2019-09-06 17:24:27.327,10786,10787,10786,21
2019-09-06 17:24:27.677,10785,10786,10786,2
2019-09-06 17:24:27.677,10785,10786,10786,2
2019-09-06 17:24:28.402,10785,10787,10787,2
2019-09-06 17:24:28.402,10785,10787,10787,10
2019-09-06 17:24:28.452,10786,10787,10787,1
2019-09-06 17:24:34.270,10787,10788,10787,1
2019-09-06 17:24:37.619,10786,10787,10786,10
2019-09-06 17:24:40.259,10786,10787,10787,1
2019-09-06 17:24:42.294,10787,10788,10787,6
2019-09-06 17:24:42.294,10787,10788,10786,4
2019-09-06 17:24:48.422,10787,10788,10787,4
2019-09-06 17:24:48.422,10787,10788,10786,6
2019-09-06 17:24:49.315,10786,10788,10786,1
2019-09-06 17:24:55.241,10786,10787,10787,1
2019-09-06 17:24:55.854,10787,10788,10787,6
2019-09-06 17:24:56.833,10786,10787,10787,1
2019-09-06 17:25:02.359,10787,10788,10788,5
2019-09-06 17:25:02.579,10787,10788,10788,2
2019-09-06 17:25:02.788,10787,10788,10788,1
2019-09-06 17:25:02.793,10787,10788,10788,1
2019-09-06 17:25:07.182,10787,10788,10787,5
2019-09-06 17:25:11.407,10786,10787,10787,1
2019-09-06 17:25:14.545,10786,10787,10787,1
2019-09-06 17:25:18.675,10787,10788,10787,1
2019-09-06 17:25:22.714,10787,10788,10787,1
2019-09-06 17:25:23.157,10787,10788,10787,1
2019-09-06 17:25:35.687,10787,10788,10787,1
2019-09-06 17:25:35.688,10787,10788,10787,1
2019-09-06 17:25:35.688,10787,10788,10787,3
2019-09-06 17:25:36.586,10786,10787,10787,3
2019-09-06 17:25:47.593,10787,10788,10788,1
2019-09-06 17:25:52.952,10788,10789,10789,4
2019-09-06 17:25:55.611,10788,10789,10789,1
2019-09-06 17:25:55.883,10788,10789,10789,1
2019-09-06 17:26:01.799,10788,10789,10789,2
2019-09-06 17:26:02.465,10788,10789,10789,10
2019-09-06 17:26:02.652,10788,10789,10789,6
2019-09-06 17:26:11.981,10789,10790,10790,1
2019-09-06 17:26:14.865,10789,10790,10789,3
2019-09-06 17:26:16.216,10789,10790,10790,1
2019-09-06 17:26:20.292,10789,10790,10789,1
2019-09-06 17:26:22.447,10789,10790,10789,1
2019-09-06 17:26:22.552,10788,10790,10789,1
2019-09-06 17:26:23.712,10788,10790,10790,1
2019-09-06 17:26:29.660,10789,10790,10789,4
2019-09-06 17:26:30.284,10788,10790,10789,1
2019-09-06 17:26:33.991,10788,10790,10790,1
2019-09-06 17:26:50.317,10789,10790,10790,1
2019-09-06 17:26:52.917,10789,10790,10790,1
2019-09-06 17:26:54.022,10789,10790,10790,1
2019-09-06 17:27:09.989,10789,10790,10790,1
2019-09-06 17:27:10.463,10789,10790,10789,1
2019-09-06 17:27:11.842,10789,10790,10790,1
2019-09-06 17:27:14.185,10789,10790,10790,1
2019-09-06 17:27:16.316,10789,10790,10790,1
2019-09-06 17:27:17.996,10789,10790,10789,1
2019-09-06 17:27:20.344,10789,10790,10790,1
2019-09-06 17:27:27.827,10789,10790,10790,8
2019-09-06 17:27:27.827,10789,10790,10790,9
2019-09-06 17:27:28.996,10790,10791,10790,1
2019-09-06 17:27:29.458,10790,10791,10790,1
2019-09-06 17:27:36.069,10790,10791,10790,5
2019-09-06 17:27:39.586,10790,10791,10790,1
2019-09-06 17:27:43.646,10790,10791,10790,1
2019-09-06 17:27:44.429,10790,10791,10790,1
2019-09-06 17:27:52.694,10790,10791,10791,2
2019-09-06 17:27:55.218,10790,10791,10790,1
2019-09-06 17:28:01.962,10790,10791,10790,2
2019-09-06 17:28:06.318,10789,10790,10790,1
2019-09-06 17:28:09.840,10790,10791,10790,1
2019-09-06 17:28:16.360,10790,10791,10791,5
2019-09-06 17:28:23.405,10790,10791,10791,1
2019-09-06 17:28:32.553,10790,10791,10790,1
2019-09-06 17:28:58.604,10790,10791,10791,1
2019-09-06 17:29:00.534,10790,10791,10790,2
2019-09-06 17:29:01.370,10790,10791,10791,1
2019-09-06 17:29:06.411,10790,10791,10790,1
2019-09-06 17:29:09.609,10790,10791,10790,1
2019-09-06 17:29:13.011,10789,10790,10790,1
2019-09-06 17:29:14.810,10790,10791,10790,1
2019-09-06 17:29:18.327,10790,10791,10790,6
2019-09-06 17:29:19.003,10789,10790,10790,5
2019-09-06 17:29:33.580,10789,10790,10790,1
2019-09-06 17:29:46.826,10789,10790,10790,1
2019-09-06 17:30:08.249,10789,10790,10789,2
2019-09-06 17:30:08.250,10789,10790,10789,5
2019-09-06 17:30:08.762,10788,10789,10788,2
2019-09-06 17:30:08.898,10787,10788,10788,1
2019-09-06 17:30:09.218,10788,10789,10788,2
2019-09-06 17:30:09.332,10787,10789,10789,1
2019-09-06 17:30:09.357,10787,10789,10789,1
2019-09-06 17:30:09.423,10787,10789,10789,1
2019-09-06 17:30:09.440,10787,10789,10789,1
2019-09-06 17:30:09.449,10787,10789,10789,1
2019-09-06 17:30:11.295,10788,10789,10788,1
2019-09-06 17:30:11.562,10788,10789,10788,1
2019-09-06 17:30:11.949,10788,10789,10789,1
2019-09-06 17:30:12.468,10788,10789,10789,1
2019-09-06 17:30:13.732,10789,10790,10789,1
2019-09-06 17:30:28.848,10788,10789,10788,1
2019-09-06 17:30:30.721,10788,10789,10788,1
2019-09-06 17:30:31.665,10787,10788,10788,1
2019-09-06 17:30:34.214,10787,10788,10788,1
2019-09-06 17:30:34.214,10787,10788,10788,3
2019-09-06 17:30:46.481,10787,10788,10788,1
2019-09-06 17:30:50.890,10787,10788,10788,1
2019-09-06 17:30:50.890,10787,10788,10788,3
2019-09-06 17:30:54.758,10787,10789,10789,1
2019-09-06 17:30:57.254,10787,10789,10789,1
2019-09-06 17:31:01.890,10788,10789,10788,1
2019-09-06 17:31:11.832,10787,10788,10788,3
2019-09-06 17:31:18.899,10787,10788,10787,1
2019-09-06 17:31:21.545,10787,10788,10787,1
2019-09-06 17:31:22.973,10787,10788,10787,1
2019-09-06 17:31:24.232,10787,10788,10787,1
2019-09-06 17:31:26.041,10787,10788,10787,1
2019-09-06 17:31:27.976,10787,10788,10788,1
2019-09-06 17:31:28.044,10787,10788,10788,1
2019-09-06 17:31:28.057,10787,10788,10788,2
2019-09-06 17:31:28.057,10787,10788,10788,2
2019-09-06 17:31:32.910,10788,10789,10788,1
2019-09-06 17:31:41.591,10788,10789,10788,1
2019-09-06 17:31:52.231,10788,10789,10788,1
2019-09-06 17:31:53.498,10788,10789,10788,1
2019-09-06 17:31:56.826,10788,10789,10788,1
2019-09-06 17:32:09.267,10787,10788,10788,8
2019-09-06 17:32:26.363,10788,10789,10788,2
2019-09-06 17:32:28.458,10788,10789,10789,1
2019-09-06 17:32:35.078,10788,10789,10788,1
2019-09-06 17:32:48.058,10788,10789,10789,1
2019-09-06 17:32:55.753,10788,10789,10788,3
2019-09-06 17:33:05.952,10788,10789,10789,2
2019-09-06 17:33:06.413,10788,10789,10788,1
2019-09-06 17:33:08.802,10788,10789,10789,2
2019-09-06 17:33:16.582,10788,10789,10788,2
2019-09-06 17:33:29.611,10788,10789,10789,2
2019-09-06 17:34:30.684,10788,10789,10788,1
2019-09-06 17:34:39.164,10788,10789,10789,1
2019-09-06 17:34:42.507,10788,10789,10789,7
2019-09-06 17:34:42.737,10789,10790,10789,1
2019-09-06 17:34:45.125,10788,10789,10789,1
2019-09-06 17:34:45.359,10789,10790,10789,1
2019-09-06 17:34:50.502,10788,10789,10789,1
2019-09-06 17:34:52.064,10788,10789,10789,2
2019-09-06 17:34:54.686,10789,10790,10789,1
2019-09-06 17:34:56.502,10788,10789,10789,1
2019-09-06 17:35:03.529,10788,10789,10789,1
2019-09-06 17:35:12.874,10789,10790,10789,1
2019-09-06 17:35:41.465,10789,10790,10789,1
2019-09-06 17:35:49.745,10789,10790,10789,1
2019-09-06 17:36:02.586,10788,10789,10789,6
2019-09-06 17:36:11.508,10788,10790,10790,1
2019-09-06 17:36:15.950,10789,10790,10790,3
2019-09-06 17:36:22.074,10789,10790,10789,1
2019-09-06 17:36:24.323,10789,10790,10789,1
2019-09-06 17:36:30.590,10789,10790,10789,1
2019-09-06 17:36:33.115,10789,10790,10790,1
2019-09-06 17:36:34.396,10789,10790,10789,1
2019-09-06 17:36:41.502,10789,10790,10789,1
2019-09-06 17:36:54.160,10789,10790,10789,1
2019-09-06 17:36:54.487,10788,10790,10790,1
2019-09-06 17:37:07.426,10789,10790,10790,1
2019-09-06 17:37:12.152,10789,10790,10789,1
2019-09-06 17:37:21.812,10789,10790,10790,6
2019-09-06 17:37:21.827,10789,10790,10790,12
2019-09-06 17:37:33.247,10789,10790,10790,2
2019-09-06 17:38:41.943,10789,10790,10790,12
2019-09-06 17:38:46.579,10789,10790,10790,1
2019-09-06 17:39:02.943,10789,10790,10789,3
2019-09-06 17:39:06.377,10789,10790,10790,1
2019-09-06 17:39:23.093,10789,10790,10790,3
2019-09-06 17:39:29.542,10789,10790,10790,1
2019-09-06 17:39:41.380,10789,10790,10790,1
2019-09-06 17:39:45.899,10789,10790,10790,1
2019-09-06 17:39:49.606,10789,10790,10790,1
2019-09-06 17:39:53.140,10789,10790,10789,1
2019-09-06 17:40:22.823,10789,10790,10790,4
2019-09-06 17:40:23.184,10790,10791,10791,2
2019-09-06 17:40:23.359,10790,10791,10791,1
2019-09-06 17:40:23.624,10789,10791,10791,1
2019-09-06 17:40:23.629,10789,10791,10791,1
2019-09-06 17:40:38.862,10790,10791,10791,6
2019-09-06 17:40:48.729,10790,10791,10791,1
2019-09-06 17:40:51.184,10790,10791,10790,1
2019-09-06 17:40:53.769,10789,10790,10789,3
2019-09-06 17:40:53.849,10789,10790,10789,1
2019-09-06 17:41:25.455,10789,10790,10789,30
2019-09-06 17:41:25.694,10788,10790,10788,3
2019-09-06 17:41:30.881,10788,10789,10788,3
2019-09-06 17:41:40.329,10788,10789,10788,1
2019-09-06 17:41:40.329,10788,10789,10788,1
2019-09-06 17:41:40.329,10788,10789,10788,2
2019-09-06 17:41:40.329,10788,10789,10788,6
2019-09-06 17:41:40.829,10787,10788,10787,1
2019-09-06 17:41:41.728,10787,10788,10788,1
2019-09-06 17:41:42.519,10787,10788,10788,2
2019-09-06 17:41:42.519,10787,10788,10788,2
2019-09-06 17:41:42.519,10787,10788,10788,1
2019-09-06 17:41:42.519,10787,10788,10788,2
2019-09-06 17:41:55.093,10788,10789,10789,6
2019-09-06 17:42:13.290,10789,10790,10789,2
2019-09-06 17:42:17.506,10788,10789,10790,1
2019-09-06 17:42:40.997,10788,10789,10788,1
2019-09-06 17:42:41.012,10788,10789,10787,1
2019-09-06 17:42:41.030,10788,10789,10787,1
2019-09-06 17:42:59.436,10788,10789,10788,1
2019-09-06 17:43:02.385,10788,10789,10788,9
2019-09-06 17:43:03.488,10788,10789,10789,2
2019-09-06 17:43:19.094,10788,10789,10788,3
2019-09-06 17:43:19.266,10787,10788,10787,1
2019-09-06 17:43:19.290,10787,10788,10787,2
2019-09-06 17:43:22.843,10787,10788,10788,2
2019-09-06 17:43:29.321,10787,10788,10788,3
2019-09-06 17:43:29.321,10787,10788,10789,4
2019-09-06 17:43:33.468,10787,10788,10788,1
2019-09-06 17:43:33.579,10788,10789,10788,1
2019-09-06 17:43:53.340,10787,10788,10788,1
2019-09-06 17:44:02.490,10787,10788,10787,10
2019-09-06 17:44:07.138,10787,10788,10787,1
2019-09-06 17:44:07.139,10787,10788,10787,1
2019-09-06 17:44:07.139,10787,10788,10787,1
2019-09-06 17:44:07.169,10787,10788,10787,4
2019-09-06 17:44:07.202,10787,10788,10787,3
2019-09-06 17:44:07.578,10787,10788,10787,1
2019-09-06 17:44:14.704,10787,10788,10788,2
2019-09-06 17:44:14.704,10787,10788,10788,2
2019-09-06 17:44:23.216,10787,10788,10788,1
2019-09-06 17:44:25.162,10787,10788,10788,1
2019-09-06 17:44:42.647,10787,10788,10787,1
2019-09-06 17:44:49.220,10787,10788,10787,1
2019-09-06 17:44:53.576,10787,10788,10787,1
2019-09-06 17:45:02.603,10787,10788,10787,1
2019-09-06 17:45:03.790,10787,10788,10787,1
2019-09-06 17:45:03.824,10787,10788,10787,1
2019-09-06 17:45:03.828,10786,10788,10788,1
2019-09-06 17:45:08.116,10786,10787,10786,1
2019-09-06 17:45:20.754,10786,10787,10786,1
2019-09-06 17:45:28.612,10786,10787,10787,1
2019-09-06 17:46:02.710,10786,10787,10787,5
2019-09-06 17:46:20.607,10786,10787,10787,1
2019-09-06 17:46:20.607,10786,10787,10787,3
2019-09-06 17:46:20.607,10786,10787,10787,2
2019-09-06 17:46:20.608,10786,10787,10787,1
2019-09-06 17:46:41.114,10787,10788,10787,1
2019-09-06 17:47:02.825,10786,10787,10786,10
2019-09-06 17:47:03.013,10786,10787,10786,4
2019-09-06 17:47:17.081,10786,10787,10786,18
2019-09-06 17:47:17.202,10786,10787,10786,1
2019-09-06 17:47:20.862,10786,10787,10786,2
2019-09-06 17:47:27.404,10786,10787,10786,6
2019-09-06 17:47:35.941,10786,10787,10786,1
2019-09-06 17:47:38.964,10786,10787,10786,1
2019-09-06 17:47:39.445,10786,10787,10786,1
2019-09-06 17:47:39.921,10786,10787,10786,1
2019-09-06 17:47:42.019,10786,10787,10786,2
2019-09-06 17:47:45.561,10786,10787,10787,1
2019-09-06 17:47:47.873,10786,10787,10786,4
2019-09-06 17:47:49.543,10785,10786,10785,1
2019-09-06 17:47:52.194,10785,10786,10786,1
2019-09-06 17:48:18.648,10785,10786,10785,1
2019-09-06 17:48:18.711,10785,10786,10785,61
2019-09-06 17:48:18.930,10784,10785,10785,1
2019-09-06 17:48:30.158,10784,10785,10785,2
2019-09-06 17:48:51.414,10784,10785,10784,1
2019-09-06 17:48:53.275,10784,10785,10785,15
2019-09-06 17:48:53.327,10784,10785,10785,5
2019-09-06 17:48:53.883,10785,10786,10785,4
2019-09-06 17:49:11.945,10785,10786,10785,6
2019-09-06 17:49:49.279,10784,10785,10785,1
2019-09-06 17:49:52.549,10784,10785,10784,1
2019-09-06 17:50:01.017,10784,10785,10784,2
2019-09-06 17:50:03.339,10784,10785,10784,2
2019-09-06 17:50:09.925,10784,10785,10784,2
2019-09-06 17:50:15.235,10784,10785,10784,6
2019-09-06 17:50:17.290,10784,10785,10784,1
2019-09-06 17:50:18.322,10784,10785,10784,3
2019-09-06 17:50:20.313,10784,10785,10784,1
2019-09-06 17:50:23.452,10784,10785,10784,14
2019-09-06 17:50:23.577,10784,10785,10784,1
2019-09-06 17:50:24.053,10783,10784,10783,1
2019-09-06 17:50:24.343,10783,10784,10783,2
2019-09-06 17:50:24.392,10783,10784,10784,1
2019-09-06 17:50:28.054,10783,10784,10783,1
2019-09-06 17:50:38.439,10783,10784,10784,2
2019-09-06 17:50:46.093,10783,10784,10784,1
2019-09-06 17:50:49.131,10783,10784,10784,2
2019-09-06 17:50:51.870,10783,10784,10784,1
2019-09-06 17:50:51.952,10783,10784,10784,5
2019-09-06 17:50:55.443,10783,10785,10785,1
2019-09-06 17:51:15.518,10784,10785,10785,2
2019-09-06 17:51:26.392,10784,10785,10785,1
2019-09-06 17:51:56.376,10784,10785,10785,4
2019-09-06 17:51:56.452,10784,10785,10785,2
2019-09-06 17:51:57.350,10784,10786,10784,1
2019-09-06 17:52:09.591,10784,10785,10784,1
2019-09-06 17:52:15.342,10784,10785,10785,1
2019-09-06 17:52:15.343,10784,10785,10785,2
2019-09-06 17:52:27.423,10785,10786,10785,1
2019-09-06 17:52:33.027,10785,10786,10785,1
2019-09-06 17:52:38.840,10785,10786,10785,1
2019-09-06 17:52:57.033,10784,10785,10784,1
2019-09-06 17:53:23.120,10784,10785,10785,1
2019-09-06 17:53:24.717,10784,10785,10785,1
2019-09-06 17:53:25.574,10784,10785,10785,1
2019-09-06 17:53:31.802,10784,10785,10785,1
2019-09-06 17:53:31.944,10784,10785,10785,1
2019-09-06 17:53:43.664,10784,10785,10785,1
2019-09-06 17:53:53.643,10784,10785,10784,1
2019-09-06 17:53:53.643,10784,10785,10784,4
2019-09-06 17:53:53.643,10784,10785,10784,2
2019-09-06 17:54:12.078,10783,10784,10784,1
2019-09-06 17:54:22.133,10784,10785,10784,1
2019-09-06 17:55:02.701,10784,10785,10784,2
2019-09-06 17:55:03.111,10784,10785,10785,1
2019-09-06 17:55:04.083,10784,10785,10784,1
2019-09-06 17:55:04.825,10784,10785,10784,1
2019-09-06 17:55:27.572,10783,10784,10784,1
2019-09-06 17:55:27.573,10783,10784,10784,5
2019-09-06 17:55:57.001,10784,10785,10784,2
2019-09-06 17:56:16.739,10783,10784,10784,1
2019-09-06 17:56:23.398,10783,10784,10784,1
2019-09-06 17:56:29.213,10784,10785,10784,1
2019-09-06 17:56:42.928,10784,10785,10784,1
2019-09-06 17:56:46.803,10784,10785,10784,5
2019-09-06 17:56:47.057,10783,10784,10784,1
2019-09-06 17:56:53.377,10783,10784,10783,4
2019-09-06 17:56:53.734,10783,10784,10784,5
2019-09-06 17:57:31.279,10783,10784,10783,1
2019-09-06 17:57:43.278,10783,10784,10783,1
2019-09-06 17:58:03.032,10783,10784,10784,2
2019-09-06 17:58:13.482,10783,10784,10783,1
2019-09-06 17:58:49.216,10783,10784,10784,3
2019-09-06 17:59:09.711,10783,10784,10784,1
2019-09-06 17:59:10.382,10783,10784,10783,3
2019-09-06 17:59:10.722,10783,10784,10784,1
2019-09-06 17:59:11.557,10783,10784,10784,1
2019-09-06 17:59:15.000,10783,10784,10784,1
2019-09-06 17:59:25.469,10783,10784,10783,1
2019-09-06 17:59:51.876,10783,10784,10783,1
2019-09-06 17:59:52.068,10783,10784,10783,1
2019-09-06 17:59:56.314,10783,10784,10783,2
2019-09-06 18:00:02.452,10783,10784,10783,9
2019-09-06 18:00:03.282,10783,10784,10783,1
2019-09-06 18:00:03.283,10783,10784,10783,7
2019-09-06 18:00:03.283,10783,10784,10783,1
2019-09-06 18:00:03.283,10783,10784,10783,2
2019-09-06 18:00:03.283,10783,10784,10783,1
2019-09-06 18:00:03.283,10783,10784,10783,4
2019-09-06 18:00:03.283,10783,10784,10783,1
2019-09-06 18:00:03.283,10783,10784,10783,3
2019-09-06 18:00:03.283,10783,10784,10783,3
2019-09-06 18:00:03.832,10782,10783,10782,1
2019-09-06 18:00:03.990,10782,10783,10782,2
2019-09-06 18:00:04.194,10782,10783,10783,5
2019-09-06 18:00:05.322,10782,10783,10782,1
2019-09-06 18:00:10.222,10782,10783,10782,12
2019-09-06 18:00:14.950,10782,10783,10782,6
2019-09-06 18:00:15.032,10782,10783,10782,4
2019-09-06 18:00:15.077,10782,10783,10782,15
2019-09-06 18:00:15.077,10782,10783,10782,4
2019-09-06 18:00:15.202,10782,10783,10782,1
2019-09-06 18:00:15.202,10782,10783,10782,2
2019-09-06 18:00:15.202,10782,10783,10782,2
2019-09-06 18:00:15.202,10782,10783,10782,3
2019-09-06 18:00:15.203,10782,10783,10782,3
2019-09-06 18:00:15.203,10782,10783,10782,2
2019-09-06 18:00:15.253,10782,10783,10782,5
2019-09-06 18:00:15.303,10782,10783,10782,5
2019-09-06 18:00:16.963,10781,10782,10782,1
2019-09-06 18:01:05.979,10781,10782,10782,1
2019-09-06 18:01:09.887,10781,10782,10782,4
2019-09-06 18:01:10.737,10782,10783,10782,1
2019-09-06 18:01:15.632,10782,10783,10782,1
2019-09-06 18:01:22.084,10782,10783,10783,1
2019-09-06 18:01:51.671,10782,10783,10783,2
2019-09-06 18:01:51.671,10782,10783,10783,3
2019-09-06 18:02:01.328,10783,10784,10783,1
2019-09-06 18:02:25.942,10783,10784,10783,4
2019-09-06 18:02:41.360,10783,10784,10783,1
2019-09-06 18:02:41.789,10783,10784,10783,2
2019-09-06 18:02:51.254,10783,10784,10783,2
2019-09-06 18:02:51.254,10783,10784,10782,13
2019-09-06 18:03:09.042,10782,10783,10782,15
2019-09-06 18:03:13.923,10782,10783,10782,1
2019-09-06 18:03:13.923,10782,10783,10781,1
2019-09-06 18:03:14.619,10782,10783,10782,1
2019-09-06 18:03:19.737,10782,10783,10782,4
2019-09-06 18:03:26.176,10781,10782,10782,2
2019-09-06 18:03:29.246,10781,10782,10781,2
2019-09-06 18:03:29.832,10781,10782,10782,1
2019-09-06 18:03:32.598,10781,10782,10781,1
2019-09-06 18:03:43.390,10781,10782,10781,2
2019-09-06 18:03:48.574,10781,10782,10781,1
2019-09-06 18:03:56.867,10781,10782,10782,1
2019-09-06 18:04:00.093,10781,10782,10782,7
2019-09-06 18:04:04.308,10781,10782,10781,4
2019-09-06 18:04:20.398,10781,10782,10781,4
2019-09-06 18:04:22.861,10781,10782,10782,8
2019-09-06 18:04:23.776,10782,10783,10782,1
2019-09-06 18:04:27.566,10782,10783,10782,1
2019-09-06 18:04:27.566,10782,10783,10781,9
2019-09-06 18:04:34.775,10781,10782,10782,1
2019-09-06 18:04:35.506,10781,10782,10781,2
2019-09-06 18:04:41.967,10781,10782,10782,5
2019-09-06 18:04:43.500,10782,10783,10782,1
2019-09-06 18:04:46.520,10781,10783,10781,2
2019-09-06 18:05:34.257,10782,10783,10782,2
2019-09-06 18:05:36.232,10782,10783,10782,2
2019-09-06 18:05:40.847,10782,10783,10782,1
2019-09-06 18:06:05.961,10782,10783,10782,1
2019-09-06 18:06:16.878,10782,10783,10783,4
2019-09-06 18:06:16.954,10782,10783,10783,1
2019-09-06 18:06:16.954,10782,10783,10783,1
2019-09-06 18:06:16.955,10782,10783,10783,2
2019-09-06 18:06:17.306,10782,10783,10782,1
2019-09-06 18:06:17.545,10782,10783,10782,1
2019-09-06 18:06:40.995,10782,10783,10782,1
2019-09-06 18:06:41.816,10782,10783,10782,2
2019-09-06 18:07:29.648,10782,10783,10783,10
2019-09-06 18:07:30.028,10782,10783,10783,5
2019-09-06 18:07:45.385,10783,10784,10783,7
2019-09-06 18:07:48.237,10782,10783,10783,1
2019-09-06 18:08:21.729,10782,10783,10783,1
2019-09-06 18:08:26.546,10782,10783,10782,4
2019-09-06 18:09:02.266,10782,10783,10782,9
2019-09-06 18:09:36.543,10782,10783,10782,1
2019-09-06 18:10:02.382,10782,10783,10782,7
2019-09-06 18:10:11.521,10782,10783,10783,1
2019-09-06 18:10:28.905,10782,10783,10782,3
2019-09-06 18:10:33.760,10782,10783,10782,1
2019-09-06 18:10:42.044,10781,10782,10782,2
2019-09-06 18:10:54.078,10781,10782,10782,1
2019-09-06 18:10:57.667,10781,10782,10782,1
2019-09-06 18:11:12.492,10782,10783,10782,5
2019-09-06 18:11:37.311,10781,10782,10782,1
2019-09-06 18:11:55.332,10781,10782,10782,1
2019-09-06 18:12:36.019,10782,10783,10782,1
2019-09-06 18:12:43.510,10782,10783,10782,5
2019-09-06 18:12:44.235,10782,10783,10782,3
2019-09-06 18:12:44.235,10782,10783,10781,2
2019-09-06 18:13:50.513,10781,10782,10782,1
2019-09-06 18:13:57.436,10781,10782,10782,1
2019-09-06 18:14:01.917,10782,10783,10783,1
2019-09-06 18:14:05.538,10782,10783,10782,5
2019-09-06 18:14:09.381,10782,10783,10783,1
2019-09-06 18:14:18.934,10782,10783,10783,1
2019-09-06 18:14:23.628,10782,10783,10782,2
2019-09-06 18:14:42.324,10782,10783,10782,2
2019-09-06 18:15:13.937,10782,10783,10782,1
