2021-09-24 15:00:00.032,17221,17222,17221,165,-165
2021-09-24 15:00:00.035,17220,17221,17221,1,1
2021-09-24 15:00:00.089,17220,17221,17221,7,7
2021-09-24 15:00:00.089,17220,17221,17221,29,29
2021-09-24 15:00:00.091,17220,17221,17222,7,7
2021-09-24 15:00:00.093,17220,17221,17222,5,5
2021-09-24 15:00:00.093,17220,17221,17223,1,1
2021-09-24 15:00:00.093,17220,17221,17227,1,1
2021-09-24 15:00:00.213,17220,17227,17223,1,-1
2021-09-24 15:00:00.258,17223,17225,17223,2,-2
2021-09-24 15:00:00.258,17223,17225,17222,3,-3
2021-09-24 15:00:00.258,17223,17225,17221,2,-2
2021-09-24 15:00:00.258,17223,17225,17220,4,-4
2021-09-24 15:00:00.274,17223,17225,17222,1,1
2021-09-24 15:00:00.274,17223,17225,17221,2,-2
2021-09-24 15:00:00.274,17223,17225,17220,8,-8
2021-09-24 15:00:00.275,17223,17225,17221,1,1
2021-09-24 15:00:00.290,17223,17225,17221,1,-1
2021-09-24 15:00:00.346,17223,17225,17221,1,-1
2021-09-24 15:00:00.365,17220,17221,17222,1,1
2021-09-24 15:00:00.371,17220,17221,17223,1,1
2021-09-24 15:00:00.371,17220,17221,17222,1,1
2021-09-24 15:00:00.382,17220,17221,17224,1,1
2021-09-24 15:00:00.388,17220,17221,17224,1,1
2021-09-24 15:00:00.413,17220,17221,17225,2,2
2021-09-24 15:00:00.441,17220,17221,17223,2,2
2021-09-24 15:00:00.441,17220,17221,17222,3,3
2021-09-24 15:00:00.471,17220,17221,17223,1,1
2021-09-24 15:00:00.476,17224,17226,17226,1,1
2021-09-24 15:00:00.476,17224,17226,17226,1,1
2021-09-24 15:00:00.489,17224,17226,17225,2,-2
2021-09-24 15:00:00.507,17224,17226,17227,2,2
2021-09-24 15:00:00.519,17224,17226,17227,1,1
2021-09-24 15:00:00.554,17224,17226,17228,5,5
2021-09-24 15:00:00.589,17224,17226,17228,1,1
2021-09-24 15:00:00.595,17224,17226,17228,1,1
2021-09-24 15:00:00.651,17227,17228,17227,1,-1
2021-09-24 15:00:00.711,17227,17228,17227,1,-1
2021-09-24 15:00:00.722,17227,17228,17227,3,-3
2021-09-24 15:00:00.722,17227,17228,17226,3,-3
2021-09-24 15:00:00.816,17225,17226,17226,1,1
2021-09-24 15:00:00.887,17225,17226,17225,3,-3
2021-09-24 15:00:00.911,17225,17226,17225,1,-1
2021-09-24 15:00:00.950,17225,17226,17225,1,-1
2021-09-24 15:00:01.080,17224,17226,17225,2,-2
2021-09-24 15:00:01.222,17224,17226,17225,1,-1
2021-09-24 15:00:01.222,17224,17226,17226,1,1
2021-09-24 15:00:01.382,17223,17226,17223,1,-1
2021-09-24 15:00:01.507,17223,17224,17223,1,-1
2021-09-24 15:00:01.538,17223,17224,17222,6,-6
2021-09-24 15:00:01.539,17223,17224,17221,1,-1
2021-09-24 15:00:01.539,17223,17224,17221,1,-1
2021-09-24 15:00:01.539,17223,17224,17221,1,-1
2021-09-24 15:00:01.543,17223,17224,17221,1,-1
2021-09-24 15:00:01.938,17221,17222,17221,6,-6
2021-09-24 15:00:02.727,17221,17222,17222,1,1
2021-09-24 15:00:02.933,17221,17222,17223,1,1
2021-09-24 15:00:03.274,17222,17224,17222,1,-1
2021-09-24 15:00:03.508,17221,17223,17223,2,2
2021-09-24 15:00:03.508,17221,17223,17224,1,1
2021-09-24 15:00:03.511,17221,17223,17222,2,-2
2021-09-24 15:00:04.028,17221,17223,17224,1,1
2021-09-24 15:00:04.093,17221,17223,17222,1,-1
2021-09-24 15:00:04.634,17222,17224,17223,1,1
2021-09-24 15:00:04.680,17222,17224,17222,1,-1
2021-09-24 15:00:04.854,17221,17223,17221,4,-4
2021-09-24 15:00:04.976,17220,17221,17220,3,-3
2021-09-24 15:00:04.977,17220,17221,17219,1,-1
2021-09-24 15:00:05.068,17220,17221,17221,1,1
2021-09-24 15:00:05.101,17219,17221,17219,3,-3
2021-09-24 15:00:05.137,17219,17221,17221,1,1
2021-09-24 15:00:05.234,17219,17221,17221,2,2
2021-09-24 15:00:05.577,17220,17222,17222,1,1
2021-09-24 15:00:05.851,17221,17222,17221,1,-1
2021-09-24 15:00:05.976,17220,17222,17220,1,-1
2021-09-24 15:00:06.138,17220,17221,17221,2,2
2021-09-24 15:00:06.172,17220,17221,17221,2,2
2021-09-24 15:00:06.205,17220,17221,17220,1,-1
2021-09-24 15:00:06.209,17220,17221,17220,1,-1
2021-09-24 15:00:06.438,17219,17220,17219,3,-3
2021-09-24 15:00:06.458,17219,17220,17219,1,-1
2021-09-24 15:00:06.484,17218,17219,17219,1,1
2021-09-24 15:00:06.530,17218,17219,17219,2,2
2021-09-24 15:00:06.638,17218,17219,17219,1,1
2021-09-24 15:00:06.740,17218,17220,17218,11,-11
2021-09-24 15:00:06.740,17218,17220,17217,9,-9
2021-09-24 15:00:06.780,17218,17220,17218,1,1
2021-09-24 15:00:07.091,17216,17218,17216,5,-5
2021-09-24 15:00:07.262,17216,17217,17216,1,-1
2021-09-24 15:00:07.281,17216,17217,17216,1,-1
2021-09-24 15:00:07.390,17215,17217,17216,2,-2
2021-09-24 15:00:07.526,17216,17217,17216,2,-2
2021-09-24 15:00:07.688,17215,17217,17215,2,-2
2021-09-24 15:00:07.821,17215,17217,17216,1,1
2021-09-24 15:00:07.976,17216,17217,17217,3,3
2021-09-24 15:00:08.208,17216,17218,17218,1,1
2021-09-24 15:00:08.397,17216,17218,17218,1,1
2021-09-24 15:00:08.659,17216,17218,17218,4,4
2021-09-24 15:00:08.659,17216,17218,17219,1,1
2021-09-24 15:00:08.809,17216,17218,17217,1,-1
2021-09-24 15:00:08.959,17217,17219,17217,2,-2
2021-09-24 15:00:09.066,17217,17219,17217,1,-1
2021-09-24 15:00:09.158,17217,17219,17217,2,-2
2021-09-24 15:00:09.636,17217,17219,17217,2,-2
2021-09-24 15:00:09.769,17217,17219,17219,1,1
2021-09-24 15:00:10.509,17218,17220,17220,1,1
2021-09-24 15:00:11.069,17217,17220,17217,2,-2
2021-09-24 15:00:11.293,17216,17218,17218,1,1
2021-09-24 15:00:11.424,17216,17218,17218,1,1
2021-09-24 15:00:11.801,17216,17218,17216,2,-2
2021-09-24 15:00:12.376,17216,17217,17216,1,-1
2021-09-24 15:00:12.377,17216,17217,17216,2,-2
2021-09-24 15:00:12.377,17216,17217,17216,4,-4
2021-09-24 15:00:12.553,17215,17217,17215,2,-2
2021-09-24 15:00:13.092,17215,17216,17216,1,1
2021-09-24 15:00:13.092,17215,17216,17217,1,1
2021-09-24 15:00:13.093,17215,17216,17216,1,1
2021-09-24 15:00:13.093,17215,17216,17215,1,-1
2021-09-24 15:00:13.170,17216,17218,17216,1,1
2021-09-24 15:00:13.329,17215,17217,17215,1,-1
2021-09-24 15:00:13.330,17215,17217,17215,2,-2
2021-09-24 15:00:13.345,17215,17217,17215,1,-1
2021-09-24 15:00:13.388,17215,17217,17216,1,1
2021-09-24 15:00:13.418,17215,17217,17215,1,-1
2021-09-24 15:00:13.481,17216,17217,17215,1,-1
2021-09-24 15:00:13.682,17215,17217,17216,1,1
2021-09-24 15:00:14.054,17216,17217,17217,1,1
2021-09-24 15:00:14.476,17216,17217,17217,1,1
2021-09-24 15:00:14.683,17216,17219,17219,1,1
2021-09-24 15:00:14.914,17217,17219,17219,2,2
2021-09-24 15:00:15.038,17217,17219,17217,2,-2
2021-09-24 15:00:15.038,17217,17219,17217,1,-1
2021-09-24 15:00:15.133,17216,17219,17217,1,-1
2021-09-24 15:00:15.181,17216,17219,17216,2,-2
2021-09-24 15:00:15.433,17216,17218,17218,3,3
2021-09-24 15:00:15.523,17216,17218,17216,2,-2
2021-09-24 15:00:15.524,17216,17218,17216,1,-1
2021-09-24 15:00:15.684,17216,17218,17217,1,1
2021-09-24 15:00:15.764,17217,17219,17219,1,1
2021-09-24 15:00:16.341,17217,17219,17217,1,-1
2021-09-24 15:00:16.683,17217,17218,17218,1,1
2021-09-24 15:00:16.683,17217,17218,17218,1,1
2021-09-24 15:00:16.817,17217,17219,17217,3,-3
2021-09-24 15:00:16.817,17217,17219,17217,1,-1
2021-09-24 15:00:17.069,17217,17219,17217,1,-1
2021-09-24 15:00:17.069,17217,17219,17217,3,-3
2021-09-24 15:00:17.391,17217,17219,17219,1,1
2021-09-24 15:00:18.941,17218,17220,17218,1,-1
2021-09-24 15:00:19.292,17218,17219,17218,3,-3
2021-09-24 15:00:19.292,17218,17219,17217,2,-2
2021-09-24 15:00:19.453,17217,17219,17219,1,1
2021-09-24 15:00:19.777,17217,17219,17218,1,-1
2021-09-24 15:00:19.900,17218,17219,17218,1,-1
2021-09-24 15:00:20.274,17218,17219,17219,1,1
2021-09-24 15:00:20.320,17218,17219,17217,1,-1
2021-09-24 15:00:20.415,17217,17219,17219,1,1
2021-09-24 15:00:20.455,17217,17219,17217,1,-1
2021-09-24 15:00:21.695,17217,17218,17218,1,1
2021-09-24 15:00:21.695,17217,17218,17217,1,-1
2021-09-24 15:00:21.821,17217,17218,17218,1,1
2021-09-24 15:00:22.264,17217,17219,17219,1,1
2021-09-24 15:00:22.264,17217,17219,17219,1,1
2021-09-24 15:00:22.391,17217,17220,17217,1,-1
2021-09-24 15:00:22.392,17217,17220,17217,1,-1
2021-09-24 15:00:22.522,17217,17220,17220,2,2
2021-09-24 15:00:22.668,17217,17220,17217,1,-1
2021-09-24 15:00:22.914,17217,17219,17218,1,1
2021-09-24 15:00:22.982,17217,17219,17217,1,-1
2021-09-24 15:00:22.982,17217,17219,17217,1,-1
2021-09-24 15:00:23.024,17217,17219,17219,1,1
2021-09-24 15:00:23.271,17217,17219,17219,1,1
2021-09-24 15:00:24.686,17218,17219,17219,1,1
2021-09-24 15:00:24.686,17218,17219,17219,1,1
2021-09-24 15:00:25.462,17219,17220,17220,2,2
2021-09-24 15:00:25.828,17219,17221,17219,1,-1
2021-09-24 15:00:27.025,17219,17220,17219,2,-2
2021-09-24 15:00:27.451,17219,17220,17219,2,-2
2021-09-24 15:00:28.534,17219,17220,17219,1,-1
2021-09-24 15:00:29.809,17219,17220,17219,1,-1
2021-09-24 15:00:30.496,17219,17220,17219,2,-2
2021-09-24 15:00:30.497,17219,17220,17219,1,-1
2021-09-24 15:00:30.753,17218,17220,17219,2,-2
2021-09-24 15:00:30.840,17218,17220,17218,1,-1
2021-09-24 15:00:30.840,17218,17220,17218,2,-2
2021-09-24 15:00:31.422,17218,17219,17218,2,-2
2021-09-24 15:00:31.422,17218,17219,17218,2,-2
2021-09-24 15:00:31.798,17218,17219,17218,6,-6
2021-09-24 15:00:31.799,17218,17219,17218,1,-1
2021-09-24 15:00:32.033,17218,17219,17219,1,1
2021-09-24 15:00:32.033,17218,17219,17218,1,-1
2021-09-24 15:00:32.157,17217,17219,17217,1,-1
2021-09-24 15:00:32.158,17217,17219,17217,1,-1
2021-09-24 15:00:32.585,17217,17219,17217,2,-2
2021-09-24 15:00:32.585,17217,17219,17217,1,-1
2021-09-24 15:00:32.918,17217,17219,17219,1,1
2021-09-24 15:00:32.918,17217,17219,17217,1,-1
2021-09-24 15:00:32.992,17218,17219,17218,1,1
2021-09-24 15:00:32.993,17218,17219,17218,1,-1
2021-09-24 15:00:33.072,17218,17219,17218,1,-1
2021-09-24 15:00:33.186,17217,17219,17217,2,-2
2021-09-24 15:00:33.187,17217,17219,17217,1,-1
2021-09-24 15:00:33.389,17217,17219,17217,1,-1
2021-09-24 15:00:33.648,17217,17218,17218,2,2
2021-09-24 15:00:33.648,17217,17218,17217,1,-1
2021-09-24 15:00:34.200,17217,17218,17218,3,3
2021-09-24 15:00:34.201,17217,17218,17218,1,1
2021-09-24 15:00:34.544,17218,17219,17218,1,-1
2021-09-24 15:00:34.544,17218,17219,17218,1,-1
2021-09-24 15:00:34.574,17218,17219,17219,1,1
2021-09-24 15:00:34.845,17218,17220,17220,1,1
2021-09-24 15:00:35.051,17218,17220,17218,1,-1
2021-09-24 15:00:38.112,17219,17220,17220,1,1
2021-09-24 15:00:39.537,17219,17220,17220,2,2
2021-09-24 15:00:40.208,17219,17220,17220,1,1
2021-09-24 15:00:40.215,17219,17220,17220,1,1
2021-09-24 15:00:40.607,17220,17221,17220,1,-1
2021-09-24 15:00:40.608,17220,17221,17220,4,-4
2021-09-24 15:00:40.841,17219,17221,17219,1,-1
2021-09-24 15:00:40.841,17219,17221,17220,5,5
2021-09-24 15:00:40.910,17219,17221,17219,1,-1
2021-09-24 15:00:40.910,17219,17221,17220,3,3
2021-09-24 15:00:41.743,17219,17220,17219,1,-1
2021-09-24 15:00:42.485,17219,17220,17220,1,1
2021-09-24 15:00:42.625,17219,17220,17220,1,1
2021-09-24 15:00:43.004,17220,17221,17220,1,-1
2021-09-24 15:00:44.065,17220,17221,17220,1,-1
2021-09-24 15:00:44.761,17220,17221,17221,4,4
2021-09-24 15:00:44.776,17220,17221,17220,2,-2
2021-09-24 15:00:45.214,17220,17222,17220,6,-6
2021-09-24 15:00:45.982,17220,17221,17221,1,1
2021-09-24 15:00:46.064,17220,17221,17220,2,-2
2021-09-24 15:00:46.787,17220,17221,17221,2,2
2021-09-24 15:00:47.116,17220,17221,17220,1,-1
2021-09-24 15:00:47.351,17219,17221,17221,1,1
2021-09-24 15:00:47.784,17220,17222,17220,2,-2
2021-09-24 15:00:47.856,17220,17222,17220,3,-3
2021-09-24 15:00:47.856,17220,17222,17220,3,-3
2021-09-24 15:00:49.213,17220,17222,17220,1,-1
2021-09-24 15:00:51.632,17221,17222,17221,1,1
2021-09-24 15:00:51.634,17221,17222,17221,1,-1
2021-09-24 15:00:51.856,17221,17222,17222,1,1
2021-09-24 15:00:52.084,17221,17222,17222,1,1
2021-09-24 15:00:52.298,17221,17223,17221,5,-5
2021-09-24 15:00:53.880,17222,17223,17223,3,3
2021-09-24 15:00:54.384,17222,17223,17223,1,1
2021-09-24 15:00:55.012,17222,17224,17222,2,-2
2021-09-24 15:00:56.420,17221,17224,17222,1,-1
2021-09-24 15:00:56.681,17221,17224,17224,3,3
2021-09-24 15:00:56.783,17222,17224,17224,1,1
2021-09-24 15:00:57.364,17222,17224,17224,1,1
2021-09-24 15:00:57.607,17222,17224,17223,1,-1
2021-09-24 15:00:58.008,17222,17224,17222,1,-1
2021-09-24 15:00:59.529,17223,17224,17224,1,1
2021-09-24 15:00:59.843,17223,17224,17224,1,1
2021-09-24 15:01:00.348,17224,17225,17224,1,-1
2021-09-24 15:01:00.518,17223,17225,17225,1,1
2021-09-24 15:01:00.768,17223,17225,17225,1,1
2021-09-24 15:01:01.256,17223,17224,17224,1,1
2021-09-24 15:01:01.354,17223,17224,17223,1,-1
2021-09-24 15:01:01.354,17223,17224,17223,1,-1
2021-09-24 15:01:01.390,17223,17224,17223,6,-6
2021-09-24 15:01:01.391,17223,17224,17223,1,-1
2021-09-24 15:01:01.391,17223,17224,17223,4,-4
2021-09-24 15:01:02.133,17222,17223,17223,1,1
2021-09-24 15:01:02.574,17222,17223,17222,3,-3
2021-09-24 15:01:02.802,17221,17222,17221,1,-1
2021-09-24 15:01:02.802,17221,17222,17221,6,-6
2021-09-24 15:01:02.867,17220,17221,17221,2,2
2021-09-24 15:01:02.867,17220,17221,17222,2,2
2021-09-24 15:01:02.887,17220,17221,17220,1,-1
2021-09-24 15:01:02.887,17220,17221,17220,1,-1
2021-09-24 15:01:02.888,17220,17221,17220,1,-1
2021-09-24 15:01:03.037,17220,17221,17221,1,1
2021-09-24 15:01:03.149,17220,17221,17220,1,-1
2021-09-24 15:01:03.674,17220,17221,17220,1,-1
2021-09-24 15:01:04.372,17220,17221,17221,1,1
2021-09-24 15:01:04.664,17220,17221,17221,1,1
2021-09-24 15:01:04.682,17220,17221,17221,1,1
2021-09-24 15:01:04.714,17220,17221,17221,1,1
2021-09-24 15:01:05.368,17220,17221,17220,10,-10
2021-09-24 15:01:05.369,17220,17221,17220,1,-1
2021-09-24 15:01:05.689,17219,17220,17219,13,-13
2021-09-24 15:01:07.195,17218,17219,17219,2,2
2021-09-24 15:01:07.559,17218,17219,17219,5,5
2021-09-24 15:01:07.559,17218,17219,17220,5,5
2021-09-24 15:01:07.963,17219,17220,17219,3,-3
2021-09-24 15:01:08.118,17218,17219,17218,1,-1
2021-09-24 15:01:08.162,17218,17219,17219,1,1
2021-09-24 15:01:08.266,17218,17219,17219,2,2
2021-09-24 15:01:08.266,17218,17219,17219,1,1
2021-09-24 15:01:08.719,17219,17220,17219,2,-2
2021-09-24 15:01:09.207,17219,17220,17219,1,-1
2021-09-24 15:01:10.156,17219,17220,17219,1,-1
2021-09-24 15:01:10.156,17219,17220,17219,1,-1
2021-09-24 15:01:10.406,17219,17220,17219,3,-3
2021-09-24 15:01:10.494,17218,17219,17218,1,-1
2021-09-24 15:01:10.494,17218,17219,17218,1,-1
2021-09-24 15:01:10.495,17218,17219,17218,4,-4
2021-09-24 15:01:10.495,17218,17219,17218,2,-2
2021-09-24 15:01:10.601,17218,17219,17218,4,-4
2021-09-24 15:01:10.602,17218,17219,17218,1,-1
2021-09-24 15:01:10.612,17218,17219,17218,8,-8
2021-09-24 15:01:10.613,17218,17219,17217,1,-1
2021-09-24 15:01:10.683,17218,17219,17217,1,-1
2021-09-24 15:01:10.931,17217,17218,17218,1,1
2021-09-24 15:01:10.931,17217,17218,17217,1,-1
2021-09-24 15:01:10.934,17217,17218,17218,1,1
2021-09-24 15:01:11.365,17217,17218,17218,1,1
2021-09-24 15:01:11.365,17217,17218,17217,1,-1
2021-09-24 15:01:11.577,17217,17218,17217,1,-1
2021-09-24 15:01:14.444,17217,17219,17218,1,1
2021-09-24 15:01:14.645,17217,17219,17219,1,1
2021-09-24 15:01:14.645,17217,17219,17217,1,-1
2021-09-24 15:01:14.683,17217,17219,17219,1,1
2021-09-24 15:01:14.741,17217,17219,17217,1,-1
2021-09-24 15:01:14.741,17217,17219,17217,1,-1
2021-09-24 15:01:14.798,17217,17219,17217,1,-1
2021-09-24 15:01:14.978,17217,17218,17218,1,1
2021-09-24 15:01:15.257,17217,17218,17218,1,1
2021-09-24 15:01:15.392,17217,17218,17218,1,1
2021-09-24 15:01:17.124,17217,17218,17218,1,1
2021-09-24 15:01:17.219,17217,17218,17217,1,-1
2021-09-24 15:01:18.414,17217,17218,17218,1,1
2021-09-24 15:01:18.464,17217,17218,17218,1,1
2021-09-24 15:01:18.478,17218,17219,17218,1,-1
2021-09-24 15:01:19.020,17218,17219,17218,1,-1
2021-09-24 15:01:19.765,17218,17219,17219,1,1
2021-09-24 15:01:19.765,17218,17219,17220,4,4
2021-09-24 15:01:20.212,17219,17220,17219,1,-1
2021-09-24 15:01:20.213,17219,17220,17219,1,-1
2021-09-24 15:01:20.533,17219,17220,17219,1,-1
2021-09-24 15:01:20.534,17219,17220,17219,1,-1
2021-09-24 15:01:20.585,17219,17220,17218,1,-1
2021-09-24 15:01:20.585,17219,17220,17218,1,-1
2021-09-24 15:01:20.792,17218,17220,17218,1,-1
2021-09-24 15:01:21.193,17218,17219,17219,1,1
2021-09-24 15:01:21.226,17218,17219,17218,4,-4
2021-09-24 15:01:21.632,17218,17219,17219,1,1
2021-09-24 15:01:22.338,17218,17220,17220,2,2
2021-09-24 15:01:24.380,17218,17220,17218,1,-1
2021-09-24 15:01:26.014,17219,17220,17220,1,1
2021-09-24 15:01:26.351,17219,17220,17220,2,2
2021-09-24 15:01:26.726,17219,17220,17220,1,1
2021-09-24 15:01:27.900,17219,17221,17221,6,6
2021-09-24 15:01:30.125,17220,17222,17220,1,-1
2021-09-24 15:01:31.838,17220,17222,17220,1,-1
2021-09-24 15:01:31.839,17220,17222,17220,1,-1
2021-09-24 15:01:33.538,17219,17221,17220,1,-1
2021-09-24 15:01:35.976,17220,17221,17221,5,5
2021-09-24 15:01:35.976,17220,17221,17221,2,2
2021-09-24 15:01:35.976,17220,17221,17221,10,10
2021-09-24 15:01:35.991,17220,17221,17221,1,1
2021-09-24 15:01:36.430,17220,17222,17220,1,-1
2021-09-24 15:01:36.465,17220,17222,17220,1,-1
2021-09-24 15:01:37.844,17220,17222,17220,1,-1
2021-09-24 15:01:43.608,17221,17222,17221,7,7
2021-09-24 15:01:46.919,17220,17221,17221,2,2
2021-09-24 15:01:47.775,17220,17221,17220,1,-1
2021-09-24 15:01:47.775,17220,17221,17220,8,-8
2021-09-24 15:01:47.905,17219,17220,17219,1,-1
2021-09-24 15:01:48.967,17219,17220,17219,1,-1
2021-09-24 15:01:48.967,17219,17220,17219,1,-1
2021-09-24 15:01:48.967,17219,17220,17219,1,-1
2021-09-24 15:01:48.967,17219,17220,17219,3,-3
2021-09-24 15:01:48.968,17219,17220,17219,1,-1
2021-09-24 15:01:49.229,17218,17220,17220,2,2
2021-09-24 15:01:50.159,17218,17220,17220,1,1
2021-09-24 15:01:50.159,17218,17220,17221,3,3
2021-09-24 15:01:50.623,17219,17221,17219,1,-1
2021-09-24 15:01:50.879,17218,17220,17218,1,-1
2021-09-24 15:01:51.179,17218,17219,17219,1,1
2021-09-24 15:01:55.718,17218,17220,17220,1,1
2021-09-24 15:01:57.164,17219,17220,17220,1,1
2021-09-24 15:01:57.164,17219,17220,17220,1,1
2021-09-24 15:01:58.340,17219,17220,17219,1,-1
2021-09-24 15:01:58.449,17219,17220,17220,1,1
2021-09-24 15:01:59.018,17219,17220,17219,1,-1
2021-09-24 15:01:59.765,17219,17220,17220,1,1
2021-09-24 15:01:59.765,17219,17220,17220,1,1
2021-09-24 15:02:00.118,17219,17220,17220,1,1
2021-09-24 15:02:00.118,17219,17220,17220,3,3
2021-09-24 15:02:00.118,17219,17220,17220,1,1
2021-09-24 15:02:00.477,17220,17221,17220,1,-1
2021-09-24 15:02:00.477,17220,17221,17220,1,-1
2021-09-24 15:02:00.540,17220,17221,17219,1,-1
2021-09-24 15:02:00.637,17219,17220,17220,1,1
2021-09-24 15:02:00.638,17219,17220,17220,1,1
2021-09-24 15:02:00.799,17219,17221,17219,4,-4
2021-09-24 15:02:00.799,17219,17221,17218,2,-2
2021-09-24 15:02:00.824,17219,17221,17218,2,-2
2021-09-24 15:02:00.860,17218,17220,17218,2,-2
2021-09-24 15:02:00.861,17218,17220,17218,1,-1
2021-09-24 15:02:00.910,17218,17220,17218,6,-6
2021-09-24 15:02:00.910,17218,17220,17217,7,-7
2021-09-24 15:02:00.910,17218,17220,17217,3,-3
2021-09-24 15:02:00.935,17218,17220,17217,2,-2
2021-09-24 15:02:00.970,17218,17220,17217,3,-3
2021-09-24 15:02:00.970,17218,17220,17217,1,-1
2021-09-24 15:02:01.341,17216,17217,17216,1,-1
2021-09-24 15:02:01.341,17216,17217,17216,1,-1
2021-09-24 15:02:01.478,17216,17217,17216,1,-1
2021-09-24 15:02:01.479,17216,17217,17216,1,-1
2021-09-24 15:02:01.977,17216,17217,17217,1,1
2021-09-24 15:02:01.977,17216,17217,17216,1,-1
2021-09-24 15:02:02.113,17216,17217,17217,3,3
2021-09-24 15:02:02.113,17216,17217,17216,1,-1
2021-09-24 15:02:02.160,17216,17217,17217,5,5
2021-09-24 15:02:02.195,17216,17217,17217,2,2
2021-09-24 15:02:02.195,17216,17217,17217,2,2
2021-09-24 15:02:02.195,17216,17217,17216,1,-1
2021-09-24 15:02:02.203,17216,17217,17217,1,1
2021-09-24 15:02:02.238,17216,17217,17216,1,-1
2021-09-24 15:02:02.484,17216,17217,17217,3,3
2021-09-24 15:02:03.053,17217,17219,17219,3,3
2021-09-24 15:02:03.440,17219,17220,17219,1,-1
2021-09-24 15:02:03.440,17219,17220,17219,1,-1
2021-09-24 15:02:03.920,17218,17219,17218,1,-1
2021-09-24 15:02:05.827,17217,17218,17218,2,2
2021-09-24 15:02:08.756,17218,17219,17219,1,1
2021-09-24 15:02:08.796,17218,17219,17218,1,-1
2021-09-24 15:02:08.797,17218,17219,17218,4,-4
2021-09-24 15:02:11.359,17218,17220,17218,1,-1
2021-09-24 15:02:12.121,17218,17220,17218,4,-4
2021-09-24 15:02:14.675,17218,17220,17218,2,-2
2021-09-24 15:02:18.139,17219,17220,17220,6,6
2021-09-24 15:02:20.065,17220,17221,17221,1,1
2021-09-24 15:02:20.441,17220,17221,17220,1,-1
2021-09-24 15:02:23.966,17220,17221,17220,1,-1
2021-09-24 15:02:28.167,17220,17221,17220,1,-1
2021-09-24 15:02:29.013,17220,17221,17220,2,-2
2021-09-24 15:02:29.026,17220,17221,17220,2,-2
2021-09-24 15:02:29.342,17220,17221,17221,1,1
2021-09-24 15:02:34.185,17219,17220,17220,1,1
2021-09-24 15:02:35.642,17219,17220,17219,1,-1
2021-09-24 15:02:35.642,17219,17220,17219,2,-2
2021-09-24 15:02:35.949,17218,17220,17218,2,-2
2021-09-24 15:02:36.793,17218,17219,17218,2,-2
2021-09-24 15:02:37.476,17218,17219,17218,8,-8
2021-09-24 15:02:37.476,17218,17219,17218,4,-4
2021-09-24 15:02:38.083,17217,17218,17217,1,-1
2021-09-24 15:02:38.163,17217,17218,17218,2,2
2021-09-24 15:02:38.868,17217,17219,17217,1,-1
2021-09-24 15:02:38.893,17217,17219,17219,1,1
2021-09-24 15:02:39.379,17217,17219,17219,1,1
2021-09-24 15:02:39.869,17217,17219,17219,1,1
2021-09-24 15:02:41.699,17217,17218,17218,1,1
2021-09-24 15:02:41.699,17217,17218,17217,1,-1
2021-09-24 15:02:41.801,17217,17218,17217,1,-1
2021-09-24 15:02:41.801,17217,17218,17217,1,-1
2021-09-24 15:02:43.029,17217,17218,17217,1,-1
2021-09-24 15:02:43.030,17217,17218,17217,1,-1
2021-09-24 15:02:43.326,17217,17218,17218,1,1
2021-09-24 15:02:43.326,17217,17218,17217,1,-1
2021-09-24 15:02:50.505,17217,17218,17217,1,-1
2021-09-24 15:02:50.506,17217,17218,17217,1,-1
2021-09-24 15:02:50.736,17217,17218,17217,1,-1
2021-09-24 15:02:50.736,17217,17218,17217,6,-6
2021-09-24 15:02:50.815,17217,17218,17216,11,-11
2021-09-24 15:02:51.374,17215,17217,17217,1,1
2021-09-24 15:02:51.374,17215,17217,17215,1,-1
2021-09-24 15:02:51.433,17215,17217,17215,16,-16
2021-09-24 15:02:51.434,17215,17217,17215,2,-2
2021-09-24 15:02:51.434,17215,17217,17215,2,-2
2021-09-24 15:02:51.604,17214,17216,17214,1,-1
2021-09-24 15:02:51.629,17214,17216,17214,3,-3
2021-09-24 15:02:51.654,17214,17216,17215,1,1
2021-09-24 15:02:52.074,17214,17215,17215,1,1
2021-09-24 15:02:53.551,17215,17217,17217,1,1
2021-09-24 15:02:55.471,17215,17217,17215,1,-1
2021-09-24 15:02:57.444,17214,17215,17215,1,1
2021-09-24 15:02:58.214,17214,17216,17214,1,-1
2021-09-24 15:02:58.281,17214,17216,17214,5,-5
2021-09-24 15:02:58.932,17214,17216,17215,1,1
2021-09-24 15:02:59.088,17214,17216,17216,1,1
2021-09-24 15:02:59.421,17214,17216,17214,1,-1
2021-09-24 15:03:00.132,17214,17216,17216,1,1
2021-09-24 15:03:00.357,17214,17217,17214,1,-1
2021-09-24 15:03:00.379,17214,17217,17214,2,-2
2021-09-24 15:03:00.476,17214,17215,17215,1,1
2021-09-24 15:03:00.507,17214,17215,17217,4,4
2021-09-24 15:03:00.548,17214,17215,17217,2,2
2021-09-24 15:03:00.586,17214,17215,17217,1,1
2021-09-24 15:03:00.627,17215,17217,17217,1,1
2021-09-24 15:03:00.722,17215,17217,17215,1,-1
2021-09-24 15:03:00.949,17215,17217,17215,1,-1
2021-09-24 15:03:01.068,17215,17217,17214,2,-2
2021-09-24 15:03:03.471,17215,17217,17216,1,1
2021-09-24 15:03:03.691,17216,17217,17217,1,1
2021-09-24 15:03:04.636,17215,17217,17215,1,-1
2021-09-24 15:03:04.976,17216,17217,17217,5,5
2021-09-24 15:03:05.896,17216,17218,17218,1,1
2021-09-24 15:03:08.073,17216,17217,17216,1,-1
2021-09-24 15:03:08.167,17216,17217,17216,1,-1
2021-09-24 15:03:08.463,17216,17217,17216,1,-1
2021-09-24 15:03:09.133,17215,17217,17217,1,1
2021-09-24 15:03:10.052,17216,17217,17217,1,1
2021-09-24 15:03:10.052,17216,17217,17217,1,1
2021-09-24 15:03:12.626,17216,17218,17216,1,-1
2021-09-24 15:03:12.626,17216,17218,17216,1,-1
2021-09-24 15:03:12.747,17216,17217,17216,3,-3
2021-09-24 15:03:13.025,17215,17216,17215,1,-1
2021-09-24 15:03:13.391,17215,17216,17215,6,-6
2021-09-24 15:03:13.999,17214,17216,17214,5,-5
2021-09-24 15:03:14.135,17213,17214,17213,1,-1
2021-09-24 15:03:14.262,17213,17214,17214,1,1
2021-09-24 15:03:17.845,17213,17214,17213,2,-2
2021-09-24 15:03:19.678,17213,17214,17214,1,1
2021-09-24 15:03:19.932,17213,17214,17214,2,2
2021-09-24 15:03:20.260,17213,17214,17214,1,1
2021-09-24 15:03:20.454,17213,17214,17213,4,-4
2021-09-24 15:03:20.503,17213,17214,17213,1,-1
2021-09-24 15:03:20.975,17213,17214,17214,2,2
2021-09-24 15:03:22.089,17213,17215,17214,2,-2
2021-09-24 15:03:22.404,17213,17214,17213,1,-1
2021-09-24 15:03:23.976,17214,17215,17214,1,1
2021-09-24 15:03:26.349,17213,17214,17213,1,-1
2021-09-24 15:03:28.070,17213,17214,17213,1,-1
2021-09-24 15:03:29.045,17213,17214,17214,2,2
2021-09-24 15:03:29.165,17213,17214,17214,1,1
2021-09-24 15:03:29.673,17213,17214,17213,1,-1
2021-09-24 15:03:29.742,17213,17214,17213,2,-2
2021-09-24 15:03:29.930,17213,17214,17213,1,-1
2021-09-24 15:03:30.645,17213,17214,17214,4,4
2021-09-24 15:03:30.645,17213,17214,17214,1,1
2021-09-24 15:03:30.726,17214,17215,17214,3,-3
2021-09-24 15:03:30.884,17213,17215,17213,1,-1
2021-09-24 15:03:31.360,17213,17214,17213,2,-2
2021-09-24 15:03:31.360,17213,17214,17213,1,-1
2021-09-24 15:03:31.965,17213,17214,17213,2,-2
2021-09-24 15:03:31.965,17213,17214,17213,1,-1
2021-09-24 15:03:33.153,17213,17214,17214,1,1
2021-09-24 15:03:33.739,17213,17215,17213,1,-1
2021-09-24 15:03:33.739,17213,17215,17213,1,-1
2021-09-24 15:03:34.709,17213,17215,17213,1,-1
2021-09-24 15:03:35.468,17213,17214,17214,1,1
2021-09-24 15:03:35.475,17213,17214,17214,1,1
2021-09-24 15:03:35.883,17214,17215,17214,1,-1
2021-09-24 15:03:35.884,17214,17215,17214,1,-1
2021-09-24 15:03:36.048,17214,17215,17215,1,1
2021-09-24 15:03:39.411,17214,17215,17215,2,2
2021-09-24 15:03:40.472,17214,17216,17214,1,-1
2021-09-24 15:03:40.550,17214,17215,17214,2,-2
2021-09-24 15:03:40.550,17214,17215,17214,1,-1
2021-09-24 15:03:40.615,17214,17215,17215,1,1
2021-09-24 15:03:40.634,17214,17215,17214,1,-1
2021-09-24 15:03:42.862,17214,17215,17214,1,-1
2021-09-24 15:03:44.473,17214,17215,17215,1,1
2021-09-24 15:03:44.473,17214,17215,17215,1,1
2021-09-24 15:03:44.473,17214,17215,17215,1,1
2021-09-24 15:03:44.702,17215,17216,17215,1,-1
2021-09-24 15:03:44.876,17215,17216,17215,2,-2
2021-09-24 15:03:46.048,17215,17217,17217,2,2
2021-09-24 15:03:46.398,17217,17218,17217,2,-2
2021-09-24 15:03:46.814,17216,17218,17216,2,-2
2021-09-24 15:03:48.077,17216,17218,17218,1,1
2021-09-24 15:03:48.389,17217,17218,17217,4,-4
2021-09-24 15:03:49.858,17217,17218,17217,1,-1
2021-09-24 15:03:50.136,17217,17218,17217,2,-2
2021-09-24 15:03:50.354,17216,17218,17218,2,2
2021-09-24 15:03:52.399,17217,17218,17217,1,-1
2021-09-24 15:03:52.930,17217,17218,17218,2,2
2021-09-24 15:03:53.883,17218,17219,17218,1,-1
2021-09-24 15:03:59.914,17217,17218,17218,1,1
2021-09-24 15:04:00.384,17217,17218,17217,1,-1
2021-09-24 15:04:00.456,17217,17218,17217,1,-1
2021-09-24 15:04:00.494,17217,17218,17218,2,2
2021-09-24 15:04:00.564,17217,17218,17219,2,2
2021-09-24 15:04:00.583,17217,17218,17217,1,-1
2021-09-24 15:04:00.585,17217,17218,17217,1,-1
2021-09-24 15:04:00.586,17217,17218,17216,1,-1
2021-09-24 15:04:00.590,17217,17218,17216,1,-1
2021-09-24 15:04:00.600,17217,17218,17216,4,-4
2021-09-24 15:04:00.611,17216,17218,17216,1,-1
2021-09-24 15:04:00.624,17216,17218,17216,1,-1
2021-09-24 15:04:00.636,17216,17218,17216,1,-1
2021-09-24 15:04:00.638,17216,17218,17215,1,-1
2021-09-24 15:04:00.642,17216,17218,17215,1,-1
2021-09-24 15:04:00.644,17216,17218,17215,1,-1
2021-09-24 15:04:00.646,17216,17218,17215,1,-1
2021-09-24 15:04:00.649,17216,17218,17215,1,-1
2021-09-24 15:04:00.655,17216,17218,17215,1,-1
2021-09-24 15:04:00.663,17216,17218,17215,1,-1
2021-09-24 15:04:00.665,17216,17218,17215,3,-3
2021-09-24 15:04:00.677,17216,17218,17215,1,-1
2021-09-24 15:04:00.707,17216,17218,17215,1,-1
2021-09-24 15:04:00.712,17216,17218,17215,1,-1
2021-09-24 15:04:00.717,17216,17218,17215,1,-1
2021-09-24 15:04:00.721,17216,17218,17215,1,-1
2021-09-24 15:04:00.723,17216,17218,17215,1,-1
2021-09-24 15:04:00.729,17215,17216,17215,1,-1
2021-09-24 15:04:00.733,17215,17216,17215,1,-1
2021-09-24 15:04:00.760,17215,17216,17215,1,-1
2021-09-24 15:04:00.764,17215,17216,17216,1,1
2021-09-24 15:04:00.786,17215,17216,17214,2,-2
2021-09-24 15:04:00.787,17215,17216,17214,1,-1
2021-09-24 15:04:00.930,17214,17216,17217,1,1
2021-09-24 15:04:00.968,17214,17216,17215,1,-1
2021-09-24 15:04:00.985,17215,17217,17215,1,-1
2021-09-24 15:04:01.052,17215,17217,17214,1,-1
2021-09-24 15:04:01.057,17215,17217,17214,1,-1
2021-09-24 15:04:01.204,17214,17216,17214,2,-2
2021-09-24 15:04:01.447,17214,17216,17214,1,-1
2021-09-24 15:04:02.933,17214,17216,17215,4,4
2021-09-24 15:04:03.251,17214,17216,17215,2,-2
2021-09-24 15:04:04.183,17214,17216,17216,1,1
2021-09-24 15:04:04.293,17214,17216,17215,1,-1
2021-09-24 15:04:06.164,17214,17215,17215,2,2
2021-09-24 15:04:07.333,17214,17216,17215,1,-1
2021-09-24 15:04:07.334,17214,17216,17215,4,-4
2021-09-24 15:04:08.558,17214,17216,17215,5,-5
2021-09-24 15:04:08.742,17214,17216,17214,2,-2
2021-09-24 15:04:10.102,17214,17216,17215,5,5
2021-09-24 15:04:10.102,17214,17216,17214,1,-1
2021-09-24 15:04:13.611,17214,17216,17215,1,1
2021-09-24 15:04:15.883,17214,17216,17215,1,-1
2021-09-24 15:04:18.704,17215,17216,17215,1,-1
2021-09-24 15:04:19.361,17214,17216,17215,1,-1
2021-09-24 15:04:21.722,17215,17216,17215,3,-3
2021-09-24 15:04:23.575,17215,17216,17215,1,-1
2021-09-24 15:04:24.130,17215,17216,17215,1,-1
2021-09-24 15:04:24.130,17215,17216,17215,1,-1
2021-09-24 15:04:25.297,17214,17215,17214,2,-2
2021-09-24 15:04:25.518,17214,17215,17215,1,1
2021-09-24 15:04:27.615,17214,17215,17215,1,1
2021-09-24 15:04:29.345,17215,17216,17215,1,-1
2021-09-24 15:04:30.303,17215,17216,17215,1,-1
2021-09-24 15:04:31.947,17214,17215,17214,1,-1
2021-09-24 15:04:31.947,17214,17215,17214,1,-1
2021-09-24 15:04:31.948,17214,17215,17214,1,-1
2021-09-24 15:04:31.948,17214,17215,17214,2,-2
2021-09-24 15:04:31.948,17214,17215,17214,1,-1
2021-09-24 15:04:31.948,17214,17215,17214,1,-1
2021-09-24 15:04:31.948,17214,17215,17214,1,-1
2021-09-24 15:04:31.948,17214,17215,17214,1,-1
2021-09-24 15:04:37.156,17213,17215,17213,1,-1
2021-09-24 15:04:38.610,17213,17214,17214,1,1
2021-09-24 15:04:39.773,17214,17215,17215,7,7
2021-09-24 15:04:43.321,17214,17216,17214,1,-1
2021-09-24 15:04:43.898,17214,17215,17215,1,1
2021-09-24 15:04:43.991,17214,17216,17214,1,-1
2021-09-24 15:04:47.851,17214,17215,17215,1,1
2021-09-24 15:04:48.312,17214,17216,17214,1,-1
2021-09-24 15:04:48.694,17214,17215,17215,1,1
2021-09-24 15:04:48.976,17214,17215,17215,1,1
2021-09-24 15:04:51.928,17214,17216,17215,1,-1
2021-09-24 15:04:52.896,17214,17216,17214,1,-1
2021-09-24 15:04:55.476,17214,17215,17214,1,-1
2021-09-24 15:04:58.055,17214,17215,17215,1,1
2021-09-24 15:04:59.435,17214,17215,17214,2,-2
2021-09-24 15:04:59.701,17214,17215,17214,1,-1
2021-09-24 15:04:59.872,17214,17215,17214,3,-3
2021-09-24 15:05:00.037,17213,17214,17214,9,9
2021-09-24 15:05:00.037,17213,17214,17214,3,3
2021-09-24 15:05:00.037,17213,17214,17214,1,1
2021-09-24 15:05:00.037,17213,17214,17214,1,1
2021-09-24 15:05:00.037,17213,17214,17214,7,7
2021-09-24 15:05:00.037,17213,17214,17214,1,1
2021-09-24 15:05:00.037,17213,17214,17214,15,15
2021-09-24 15:05:00.548,17214,17215,17214,1,-1
2021-09-24 15:05:01.368,17214,17215,17214,2,-2
2021-09-24 15:05:01.748,17214,17215,17214,1,-1
2021-09-24 15:05:04.592,17214,17215,17214,5,-5
2021-09-24 15:05:06.273,17214,17215,17214,1,-1
2021-09-24 15:05:06.777,17213,17214,17214,1,1
2021-09-24 15:05:10.977,17213,17214,17214,1,1
2021-09-24 15:05:11.380,17213,17214,17214,2,2
2021-09-24 15:05:11.493,17213,17214,17214,1,1
2021-09-24 15:05:12.722,17213,17214,17214,1,1
2021-09-24 15:05:16.155,17213,17214,17214,1,1
2021-09-24 15:05:16.476,17213,17214,17214,1,1
2021-09-24 15:05:16.615,17213,17214,17214,4,4
2021-09-24 15:05:16.679,17213,17214,17214,1,1
2021-09-24 15:05:17.031,17214,17215,17215,5,5
2021-09-24 15:05:18.427,17215,17216,17216,1,1
2021-09-24 15:05:19.608,17215,17216,17215,1,-1
2021-09-24 15:05:20.150,17215,17216,17214,1,-1
2021-09-24 15:05:23.269,17215,17216,17215,1,1
2021-09-24 15:05:24.309,17215,17216,17215,1,-1
2021-09-24 15:05:26.175,17215,17216,17216,2,2
2021-09-24 15:05:26.866,17215,17216,17216,1,1
2021-09-24 15:05:29.553,17215,17217,17215,1,-1
2021-09-24 15:05:30.444,17215,17217,17215,1,-1
2021-09-24 15:05:34.077,17215,17216,17216,2,2
2021-09-24 15:05:37.184,17215,17216,17216,1,1
2021-09-24 15:05:38.442,17215,17216,17215,4,-4
2021-09-24 15:05:38.894,17214,17216,17214,1,-1
2021-09-24 15:05:39.137,17214,17216,17214,1,-1
2021-09-24 15:05:41.462,17214,17215,17214,1,-1
2021-09-24 15:05:41.462,17214,17215,17214,1,-1
2021-09-24 15:05:42.351,17213,17214,17213,8,-8
2021-09-24 15:05:42.351,17213,17214,17213,1,-1
2021-09-24 15:05:42.352,17213,17214,17213,1,-1
2021-09-24 15:05:42.352,17213,17214,17213,3,-3
2021-09-24 15:05:42.352,17213,17214,17213,5,-5
2021-09-24 15:05:43.392,17212,17214,17214,1,1
2021-09-24 15:05:45.256,17212,17213,17212,1,-1
2021-09-24 15:05:45.665,17212,17214,17212,1,-1
2021-09-24 15:05:46.012,17212,17214,17212,1,-1
2021-09-24 15:05:46.047,17212,17214,17212,1,-1
2021-09-24 15:05:46.094,17212,17214,17212,1,-1
2021-09-24 15:05:46.122,17212,17214,17214,1,1
2021-09-24 15:05:46.129,17212,17214,17212,1,-1
2021-09-24 15:05:46.134,17212,17214,17212,1,-1
2021-09-24 15:05:46.183,17212,17214,17212,1,-1
2021-09-24 15:05:46.232,17212,17214,17212,1,-1
2021-09-24 15:05:47.841,17212,17214,17213,1,1
2021-09-24 15:05:49.591,17212,17214,17212,1,-1
2021-09-24 15:05:50.347,17212,17214,17213,1,1
2021-09-24 15:05:52.132,17212,17214,17213,1,-1
2021-09-24 15:05:52.895,17213,17214,17213,1,-1
2021-09-24 15:05:52.896,17213,17214,17213,1,-1
2021-09-24 15:05:53.054,17213,17214,17213,2,-2
2021-09-24 15:05:54.929,17213,17214,17213,1,-1
2021-09-24 15:05:55.163,17212,17213,17213,1,1
2021-09-24 15:05:55.467,17212,17213,17212,1,-1
2021-09-24 15:05:55.689,17212,17213,17212,1,-1
2021-09-24 15:05:55.689,17212,17213,17212,5,-5
2021-09-24 15:05:55.689,17212,17213,17212,1,-1
2021-09-24 15:05:55.689,17212,17213,17212,14,-14
2021-09-24 15:05:56.530,17211,17212,17212,2,2
2021-09-24 15:05:56.599,17211,17212,17212,1,1
2021-09-24 15:05:57.496,17211,17212,17212,2,2
2021-09-24 15:05:59.378,17211,17212,17211,1,-1
2021-09-24 15:06:00.671,17211,17212,17211,1,-1
2021-09-24 15:06:00.671,17211,17212,17211,1,-1
2021-09-24 15:06:00.729,17211,17212,17211,2,-2
2021-09-24 15:06:00.729,17211,17212,17211,1,-1
2021-09-24 15:06:00.730,17211,17212,17211,1,-1
2021-09-24 15:06:00.731,17211,17212,17211,1,-1
2021-09-24 15:06:00.731,17211,17212,17211,1,-1
2021-09-24 15:06:01.144,17211,17212,17211,3,-3
2021-09-24 15:06:01.144,17211,17212,17211,1,-1
2021-09-24 15:06:01.228,17210,17212,17210,1,-1
2021-09-24 15:06:01.229,17210,17212,17210,1,-1
2021-09-24 15:06:01.229,17210,17212,17210,1,-1
2021-09-24 15:06:01.274,17210,17212,17212,1,1
2021-09-24 15:06:01.358,17210,17212,17210,2,-2
2021-09-24 15:06:01.679,17210,17211,17210,1,-1
2021-09-24 15:06:01.812,17210,17211,17211,2,2
2021-09-24 15:06:04.043,17210,17211,17210,4,-4
2021-09-24 15:06:04.967,17210,17211,17210,1,-1
2021-09-24 15:06:07.688,17210,17211,17211,1,1
2021-09-24 15:06:07.714,17210,17211,17210,3,-3
2021-09-24 15:06:10.400,17210,17211,17210,3,-3
2021-09-24 15:06:10.401,17210,17211,17210,1,-1
2021-09-24 15:06:10.401,17210,17211,17210,1,-1
2021-09-24 15:06:10.401,17210,17211,17210,1,-1
2021-09-24 15:06:10.401,17210,17211,17210,1,-1
2021-09-24 15:06:10.401,17210,17211,17210,5,-5
2021-09-24 15:06:10.401,17210,17211,17210,1,-1
2021-09-24 15:06:10.401,17210,17211,17210,1,-1
2021-09-24 15:06:10.401,17210,17211,17210,1,-1
2021-09-24 15:06:10.402,17210,17211,17210,3,-3
2021-09-24 15:06:10.402,17210,17211,17210,1,-1
2021-09-24 15:06:10.402,17210,17211,17210,1,-1
2021-09-24 15:06:10.402,17210,17211,17210,5,-5
2021-09-24 15:06:10.403,17210,17211,17210,2,-2
2021-09-24 15:06:10.403,17210,17211,17210,1,-1
2021-09-24 15:06:10.479,17209,17210,17209,1,-1
2021-09-24 15:06:10.479,17209,17210,17209,1,-1
2021-09-24 15:06:10.479,17209,17210,17209,1,-1
2021-09-24 15:06:10.479,17209,17210,17209,1,-1
2021-09-24 15:06:10.480,17209,17210,17209,1,-1
2021-09-24 15:06:10.657,17209,17210,17210,1,1
2021-09-24 15:06:10.657,17209,17210,17209,1,-1
2021-09-24 15:06:10.822,17209,17210,17209,1,-1
2021-09-24 15:06:12.076,17208,17209,17209,1,1
2021-09-24 15:06:13.009,17209,17210,17209,1,-1
2021-09-24 15:06:13.960,17209,17210,17210,1,1
2021-09-24 15:06:14.476,17209,17210,17210,8,8
2021-09-24 15:06:14.476,17209,17210,17210,1,1
2021-09-24 15:06:14.477,17209,17210,17210,1,1
2021-09-24 15:06:14.477,17209,17210,17210,1,1
2021-09-24 15:06:15.079,17210,17211,17210,1,-1
2021-09-24 15:06:15.513,17210,17211,17211,5,5
2021-09-24 15:06:16.088,17211,17212,17211,1,-1
2021-09-24 15:06:16.421,17211,17212,17212,2,2
2021-09-24 15:06:16.421,17211,17212,17212,3,3
2021-09-24 15:06:16.421,17211,17212,17212,1,1
2021-09-24 15:06:16.421,17211,17212,17212,1,1
2021-09-24 15:06:16.421,17211,17212,17212,4,4
2021-09-24 15:06:16.687,17212,17213,17213,2,2
2021-09-24 15:06:17.610,17213,17215,17213,2,-2
2021-09-24 15:06:17.729,17213,17215,17213,1,-1
2021-09-24 15:06:19.027,17212,17214,17212,1,-1
2021-09-24 15:06:19.086,17212,17214,17213,1,1
2021-09-24 15:06:19.086,17212,17214,17212,2,-2
2021-09-24 15:06:19.509,17212,17214,17212,1,-1
2021-09-24 15:06:22.510,17212,17213,17212,1,-1
2021-09-24 15:06:28.620,17212,17213,17212,1,-1
2021-09-24 15:06:28.620,17212,17213,17212,1,-1
2021-09-24 15:06:28.620,17212,17213,17212,1,-1
2021-09-24 15:06:28.698,17212,17213,17211,1,-1
2021-09-24 15:06:30.257,17211,17212,17211,1,-1
2021-09-24 15:06:30.353,17211,17212,17211,1,-1
2021-09-24 15:06:30.353,17211,17212,17211,1,-1
2021-09-24 15:06:30.354,17211,17212,17211,1,-1
2021-09-24 15:06:30.575,17211,17212,17211,2,-2
2021-09-24 15:06:30.894,17211,17212,17211,3,-3
2021-09-24 15:06:30.895,17211,17212,17211,1,-1
2021-09-24 15:06:31.125,17210,17211,17211,1,1
2021-09-24 15:06:31.197,17210,17211,17211,1,1
2021-09-24 15:06:31.327,17211,17212,17211,2,-2
2021-09-24 15:06:31.929,17211,17212,17212,5,5
2021-09-24 15:06:32.415,17212,17214,17212,1,-1
2021-09-24 15:06:34.847,17212,17213,17212,2,-2
2021-09-24 15:06:35.476,17212,17213,17212,2,-2
2021-09-24 15:06:35.948,17212,17213,17212,1,-1
2021-09-24 15:06:36.240,17212,17213,17212,1,-1
2021-09-24 15:06:39.305,17212,17213,17212,2,-2
2021-09-24 15:06:39.546,17211,17212,17212,1,1
2021-09-24 15:06:41.137,17212,17213,17212,1,-1
2021-09-24 15:06:44.321,17212,17213,17212,2,-2
2021-09-24 15:06:45.954,17212,17213,17212,1,-1
2021-09-24 15:06:46.385,17212,17213,17212,1,-1
2021-09-24 15:06:46.846,17212,17213,17213,1,1
2021-09-24 15:06:47.090,17212,17213,17212,1,-1
2021-09-24 15:06:48.465,17212,17213,17212,1,-1
2021-09-24 15:06:49.424,17212,17213,17213,2,2
2021-09-24 15:06:49.612,17213,17214,17213,1,-1
2021-09-24 15:06:50.414,17213,17214,17214,1,1
2021-09-24 15:06:56.809,17214,17215,17214,2,-2
2021-09-24 15:06:58.018,17213,17214,17213,5,-5
2021-09-24 15:06:58.190,17213,17214,17214,1,1
2021-09-24 15:06:58.287,17213,17214,17213,5,-5
2021-09-24 15:06:59.558,17213,17214,17214,3,3
2021-09-24 15:06:59.918,17214,17215,17214,1,-1
2021-09-24 15:07:00.189,17214,17215,17214,1,-1
2021-09-24 15:07:00.321,17214,17215,17214,1,-1
2021-09-24 15:07:04.811,17212,17214,17214,3,3
2021-09-24 15:07:05.280,17213,17215,17214,1,-1
2021-09-24 15:07:05.863,17213,17215,17213,5,-5
2021-09-24 15:07:09.248,17213,17214,17213,2,-2
2021-09-24 15:07:09.350,17213,17214,17213,1,-1
2021-09-24 15:07:10.630,17212,17213,17213,1,1
2021-09-24 15:07:11.112,17212,17213,17213,1,1
2021-09-24 15:07:11.778,17212,17213,17212,1,-1
2021-09-24 15:07:12.079,17212,17213,17213,1,1
2021-09-24 15:07:14.414,17213,17214,17213,1,-1
2021-09-24 15:07:16.452,17212,17213,17213,1,1
2021-09-24 15:07:16.959,17212,17213,17213,4,4
2021-09-24 15:07:20.412,17213,17214,17213,5,-5
2021-09-24 15:07:20.716,17212,17214,17213,1,-1
2021-09-24 15:07:21.419,17213,17214,17214,1,1
2021-09-24 15:07:21.419,17213,17214,17214,10,10
2021-09-24 15:07:26.611,17213,17215,17214,1,-1
2021-09-24 15:07:26.857,17213,17215,17213,1,-1
2021-09-24 15:07:27.663,17213,17215,17213,1,-1
2021-09-24 15:07:29.032,17213,17215,17215,1,1
2021-09-24 15:07:29.662,17213,17214,17214,1,1
2021-09-24 15:07:31.572,17214,17215,17214,1,-1
2021-09-24 15:07:31.572,17214,17215,17215,6,6
2021-09-24 15:07:31.650,17214,17215,17215,1,1
2021-09-24 15:07:33.288,17214,17216,17214,1,-1
2021-09-24 15:07:33.710,17214,17215,17214,2,-2
2021-09-24 15:07:33.710,17214,17215,17214,1,-1
2021-09-24 15:07:35.943,17213,17215,17213,3,-3
2021-09-24 15:07:38.190,17212,17213,17213,1,1
2021-09-24 15:07:40.212,17212,17213,17213,1,1
2021-09-24 15:07:40.831,17212,17213,17212,2,-2
2021-09-24 15:07:40.831,17212,17213,17211,1,-1
2021-09-24 15:07:41.842,17211,17212,17211,1,-1
2021-09-24 15:07:42.042,17211,17212,17212,1,1
2021-09-24 15:07:44.365,17212,17213,17212,5,-5
2021-09-24 15:07:47.948,17212,17213,17212,1,-1
2021-09-24 15:07:58.300,17212,17213,17212,1,-1
2021-09-24 15:07:59.895,17212,17213,17212,4,-4
2021-09-24 15:08:00.275,17212,17213,17213,1,1
2021-09-24 15:08:04.117,17212,17213,17213,1,1
2021-09-24 15:08:05.816,17212,17213,17212,2,-2
2021-09-24 15:08:06.592,17212,17213,17212,2,-2
2021-09-24 15:08:09.695,17211,17212,17211,1,-1
2021-09-24 15:08:09.695,17211,17212,17211,1,-1
2021-09-24 15:08:09.695,17211,17212,17211,1,-1
2021-09-24 15:08:09.714,17211,17212,17212,5,5
2021-09-24 15:08:20.974,17211,17212,17212,1,1
2021-09-24 15:08:20.975,17211,17212,17211,1,-1
2021-09-24 15:08:22.802,17211,17212,17212,1,1
2021-09-24 15:08:24.717,17211,17212,17212,1,1
2021-09-24 15:08:24.717,17211,17212,17212,4,4
2021-09-24 15:08:26.485,17212,17213,17213,1,1
2021-09-24 15:08:28.251,17213,17214,17214,3,3
2021-09-24 15:08:33.990,17214,17215,17214,3,-3
2021-09-24 15:08:33.991,17214,17215,17214,2,-2
2021-09-24 15:08:34.300,17213,17215,17214,3,-3
2021-09-24 15:08:34.309,17213,17215,17215,3,3
2021-09-24 15:08:35.774,17214,17216,17214,1,-1
2021-09-24 15:08:44.991,17214,17215,17215,1,1
2021-09-24 15:08:47.411,17215,17216,17216,1,1
2021-09-24 15:08:47.412,17215,17216,17216,6,6
2021-09-24 15:08:49.017,17216,17217,17216,1,-1
2021-09-24 15:08:49.017,17216,17217,17215,4,-4
2021-09-24 15:08:54.322,17214,17217,17215,1,-1
2021-09-24 15:09:00.059,17215,17216,17216,1,1
2021-09-24 15:09:00.242,17215,17216,17216,1,1
2021-09-24 15:09:01.550,17215,17217,17215,1,-1
2021-09-24 15:09:02.271,17215,17216,17215,3,-3
2021-09-24 15:09:02.272,17215,17216,17215,2,-2
2021-09-24 15:09:05.798,17214,17215,17214,5,-5
2021-09-24 15:09:06.425,17214,17215,17215,1,1
2021-09-24 15:09:06.735,17214,17215,17214,1,-1
2021-09-24 15:09:07.096,17214,17215,17215,1,1
2021-09-24 15:09:07.894,17214,17215,17214,5,-5
2021-09-24 15:09:09.200,17214,17215,17215,5,5
2021-09-24 15:09:11.722,17214,17216,17216,2,2
2021-09-24 15:09:15.348,17214,17215,17215,1,1
2021-09-24 15:09:16.450,17214,17217,17214,5,-5
2021-09-24 15:09:18.102,17214,17215,17214,5,-5
2021-09-24 15:09:18.552,17214,17215,17214,2,-2
2021-09-24 15:09:19.106,17213,17214,17214,1,1
2021-09-24 15:09:19.341,17213,17214,17214,1,1
2021-09-24 15:09:20.776,17213,17214,17214,1,1
2021-09-24 15:09:21.575,17213,17214,17214,1,1
2021-09-24 15:09:22.874,17214,17215,17214,2,-2
2021-09-24 15:09:24.469,17213,17214,17213,5,-5
2021-09-24 15:09:25.438,17213,17214,17214,1,1
2021-09-24 15:09:25.438,17213,17214,17214,2,2
2021-09-24 15:09:27.086,17214,17215,17214,1,-1
2021-09-24 15:09:30.564,17213,17214,17213,3,-3
2021-09-24 15:09:30.947,17212,17213,17213,1,1
2021-09-24 15:09:30.948,17212,17213,17213,1,1
2021-09-24 15:09:33.208,17212,17214,17214,1,1
2021-09-24 15:09:33.511,17212,17214,17213,1,-1
2021-09-24 15:09:36.454,17213,17214,17213,5,-5
2021-09-24 15:09:40.119,17213,17214,17214,1,1
2021-09-24 15:09:40.120,17213,17214,17214,4,4
2021-09-24 15:09:43.102,17214,17215,17215,1,1
2021-09-24 15:09:43.560,17214,17215,17214,1,-1
2021-09-24 15:09:43.560,17214,17215,17213,3,-3
2021-09-24 15:09:48.061,17213,17215,17213,1,-1
2021-09-24 15:09:58.466,17213,17215,17215,1,1
2021-09-24 15:09:58.529,17214,17215,17214,2,-2
2021-09-24 15:10:01.031,17213,17215,17215,3,3
2021-09-24 15:10:01.581,17213,17215,17213,1,-1
2021-09-24 15:10:05.328,17214,17215,17215,1,1
2021-09-24 15:10:08.972,17215,17216,17216,1,1
2021-09-24 15:10:16.067,17215,17216,17215,1,-1
2021-09-24 15:10:16.067,17215,17216,17215,3,-3
2021-09-24 15:10:16.067,17215,17216,17215,3,-3
2021-09-24 15:10:22.778,17215,17216,17216,1,1
2021-09-24 15:10:22.786,17215,17216,17216,1,1
2021-09-24 15:10:27.891,17215,17216,17215,1,-1
2021-09-24 15:10:27.891,17215,17216,17215,1,-1
2021-09-24 15:10:33.166,17215,17216,17215,1,-1
2021-09-24 15:10:36.539,17215,17216,17215,1,-1
2021-09-24 15:10:38.860,17215,17216,17215,1,-1
2021-09-24 15:10:50.021,17215,17216,17216,3,3
2021-09-24 15:10:51.940,17215,17216,17215,1,-1
2021-09-24 15:10:55.767,17215,17216,17215,1,-1
2021-09-24 15:11:03.932,17215,17216,17216,3,3
2021-09-24 15:11:04.431,17215,17216,17216,4,4
2021-09-24 15:11:04.431,17215,17216,17217,2,2
2021-09-24 15:11:10.890,17216,17217,17216,1,-1
2021-09-24 15:11:15.323,17215,17216,17216,1,1
2021-09-24 15:11:19.636,17216,17217,17217,1,1
2021-09-24 15:11:19.775,17216,17217,17217,1,1
2021-09-24 15:11:21.169,17216,17217,17217,1,1
2021-09-24 15:11:30.533,17216,17217,17217,8,8
2021-09-24 15:11:31.262,17217,17218,17217,1,-1
2021-09-24 15:11:31.706,17217,17218,17217,1,-1
2021-09-24 15:11:33.925,17217,17218,17217,5,-5
2021-09-24 15:11:37.683,17216,17217,17217,1,1
2021-09-24 15:11:38.086,17216,17217,17217,1,1
2021-09-24 15:11:39.269,17216,17217,17217,1,1
2021-09-24 15:11:42.278,17216,17217,17217,1,1
2021-09-24 15:11:44.438,17216,17217,17217,1,1
2021-09-24 15:11:47.478,17216,17217,17217,1,1
2021-09-24 15:11:50.237,17216,17217,17216,5,-5
2021-09-24 15:11:53.454,17215,17216,17216,1,1
2021-09-24 15:11:57.584,17216,17217,17216,1,-1
2021-09-24 15:11:59.653,17215,17217,17217,1,1
2021-09-24 15:12:05.305,17216,17217,17216,1,-1
2021-09-24 15:12:06.096,17215,17216,17215,1,-1
2021-09-24 15:12:07.583,17215,17216,17215,1,-1
2021-09-24 15:12:07.583,17215,17216,17215,1,-1
2021-09-24 15:12:07.583,17215,17216,17215,2,-2
2021-09-24 15:12:07.583,17215,17216,17215,7,-7
2021-09-24 15:12:07.980,17215,17216,17215,1,-1
2021-09-24 15:12:08.524,17214,17216,17216,1,1
2021-09-24 15:12:08.894,17215,17216,17216,1,1
2021-09-24 15:12:08.916,17215,17216,17216,1,1
2021-09-24 15:12:09.672,17215,17217,17217,1,1
2021-09-24 15:12:19.966,17215,17216,17216,1,1
2021-09-24 15:12:27.247,17215,17216,17215,1,-1
2021-09-24 15:12:30.468,17215,17216,17216,1,1
2021-09-24 15:12:37.610,17215,17216,17216,3,3
2021-09-24 15:12:40.073,17216,17217,17216,3,-3
2021-09-24 15:12:40.073,17216,17217,17215,7,-7
2021-09-24 15:12:40.871,17216,17217,17217,1,1
2021-09-24 15:12:40.921,17216,17217,17216,3,-3
2021-09-24 15:12:40.921,17216,17217,17216,7,-7
2021-09-24 15:12:41.370,17216,17217,17216,1,-1
2021-09-24 15:12:45.241,17216,17217,17216,1,-1
2021-09-24 15:12:49.488,17215,17216,17215,1,-1
2021-09-24 15:12:53.509,17215,17216,17216,1,1
2021-09-24 15:13:00.561,17215,17216,17215,4,-4
2021-09-24 15:13:14.683,17215,17216,17215,1,-1
2021-09-24 15:13:20.070,17215,17216,17216,1,1
2021-09-24 15:13:20.071,17215,17216,17216,1,1
2021-09-24 15:13:27.715,17215,17217,17217,1,1
2021-09-24 15:13:38.257,17216,17217,17216,1,-1
2021-09-24 15:13:39.699,17215,17217,17217,1,1
2021-09-24 15:13:43.286,17216,17217,17216,2,-2
2021-09-24 15:13:43.287,17216,17217,17216,2,-2
2021-09-24 15:13:43.314,17216,17217,17216,1,-1
2021-09-24 15:13:44.650,17216,17217,17217,1,1
2021-09-24 15:13:50.683,17216,17217,17217,2,2
2021-09-24 15:13:55.120,17217,17218,17218,1,1
2021-09-24 15:13:56.574,17217,17218,17218,1,1
2021-09-24 15:13:56.575,17217,17218,17218,5,5
2021-09-24 15:14:00.819,17217,17218,17218,1,1
2021-09-24 15:14:06.383,17218,17219,17219,1,1
2021-09-24 15:14:06.551,17218,17219,17219,1,1
2021-09-24 15:14:06.761,17218,17219,17218,1,-1
2021-09-24 15:14:08.359,17218,17219,17219,5,5
2021-09-24 15:14:08.359,17218,17219,17219,1,1
2021-09-24 15:14:12.227,17218,17219,17219,1,1
2021-09-24 15:14:12.883,17218,17219,17218,1,-1
2021-09-24 15:14:18.323,17218,17219,17219,1,1
2021-09-24 15:14:19.869,17219,17220,17219,1,-1
2021-09-24 15:14:22.383,17219,17220,17219,1,-1
2021-09-24 15:14:22.681,17219,17220,17219,1,-1
2021-09-24 15:14:25.790,17218,17220,17219,1,-1
2021-09-24 15:14:32.777,17219,17220,17219,2,-2
2021-09-24 15:14:37.711,17219,17220,17219,1,-1
2021-09-24 15:14:39.958,17219,17220,17219,5,-5
2021-09-24 15:14:42.251,17218,17219,17219,2,2
2021-09-24 15:14:43.818,17218,17220,17220,1,1
2021-09-24 15:14:44.037,17219,17220,17220,1,1
2021-09-24 15:14:44.386,17219,17220,17219,1,-1
2021-09-24 15:14:45.738,17219,17220,17219,1,-1
2021-09-24 15:14:46.951,17218,17219,17219,1,1
2021-09-24 15:14:49.632,17219,17220,17219,1,-1
2021-09-24 15:14:49.863,17219,17220,17220,1,1
2021-09-24 15:14:51.446,17219,17220,17219,1,-1
2021-09-24 15:14:53.383,17219,17220,17219,4,-4
2021-09-24 15:14:54.807,17218,17219,17218,5,-5
2021-09-24 15:14:55.301,17218,17219,17218,5,-5
2021-09-24 15:14:58.528,17218,17219,17219,1,1
2021-09-24 15:15:00.469,17218,17219,17219,1,1
2021-09-24 15:15:01.545,17218,17220,17218,1,-1
2021-09-24 15:15:02.666,17217,17219,17217,1,-1
2021-09-24 15:15:05.730,17217,17219,17218,1,1
2021-09-24 15:15:06.640,17217,17218,17217,3,-3
2021-09-24 15:15:11.898,17216,17218,17216,5,-5
2021-09-24 15:15:14.909,17216,17218,17216,1,-1
2021-09-24 15:15:16.279,17216,17218,17216,1,-1
2021-09-24 15:15:29.175,17217,17219,17219,1,1
2021-09-24 15:15:30.165,17218,17220,17218,1,-1
2021-09-24 15:15:37.666,17218,17220,17220,1,1
2021-09-24 15:15:40.459,17218,17220,17220,1,1
2021-09-24 15:15:41.250,17218,17220,17218,1,-1
2021-09-24 15:15:42.440,17218,17220,17220,2,2
2021-09-24 15:15:46.091,17218,17220,17220,2,2
2021-09-24 15:15:48.827,17218,17219,17219,2,2
2021-09-24 15:15:48.827,17218,17219,17220,3,3
2021-09-24 15:15:51.712,17218,17219,17219,1,1
2021-09-24 15:15:56.825,17218,17219,17219,3,3
2021-09-24 15:15:59.604,17218,17219,17219,1,1
2021-09-24 15:16:11.245,17218,17219,17219,1,1
2021-09-24 15:16:11.355,17218,17219,17219,1,1
2021-09-24 15:16:11.355,17218,17219,17219,1,1
2021-09-24 15:16:11.356,17218,17219,17220,2,2
2021-09-24 15:16:11.357,17218,17219,17220,1,1
2021-09-24 15:16:15.149,17218,17219,17219,1,1
2021-09-24 15:16:15.228,17218,17219,17219,1,1
2021-09-24 15:16:15.229,17218,17219,17220,1,1
2021-09-24 15:16:16.200,17218,17219,17218,2,-2
2021-09-24 15:16:17.029,17218,17219,17219,1,1
2021-09-24 15:16:17.104,17218,17219,17219,1,1
2021-09-24 15:16:17.104,17218,17219,17220,1,1
2021-09-24 15:16:17.104,17218,17219,17220,1,1
2021-09-24 15:16:17.105,17218,17219,17220,1,1
2021-09-24 15:16:18.247,17218,17220,17218,1,-1
2021-09-24 15:16:20.433,17218,17219,17218,2,-2
2021-09-24 15:16:22.193,17218,17219,17218,2,-2
2021-09-24 15:16:25.421,17218,17219,17218,2,-2
2021-09-24 15:16:26.430,17218,17219,17218,2,-2
2021-09-24 15:16:27.056,17218,17219,17219,3,3
2021-09-24 15:16:27.056,17218,17219,17220,2,2
2021-09-24 15:16:27.071,17218,17219,17220,1,1
2021-09-24 15:16:27.104,17218,17220,17220,1,1
2021-09-24 15:16:27.104,17218,17220,17220,1,1
2021-09-24 15:16:27.104,17218,17220,17220,1,1
2021-09-24 15:16:27.104,17218,17220,17220,1,1
2021-09-24 15:16:27.104,17218,17220,17220,1,1
2021-09-24 15:16:29.960,17218,17219,17218,1,-1
2021-09-24 15:16:29.998,17217,17218,17218,1,1
2021-09-24 15:16:32.618,17218,17219,17218,2,-2
2021-09-24 15:16:33.965,17218,17219,17218,2,-2
2021-09-24 15:16:35.753,17218,17219,17218,1,-1
2021-09-24 15:16:35.806,17218,17219,17218,2,-2
2021-09-24 15:16:36.269,17217,17219,17217,2,-2
2021-09-24 15:16:38.370,17217,17218,17217,2,-2
2021-09-24 15:16:38.478,17217,17218,17218,1,1
2021-09-24 15:16:38.479,17217,17218,17218,1,1
2021-09-24 15:16:38.479,17217,17218,17219,1,1
2021-09-24 15:16:38.620,17217,17219,17219,1,1
2021-09-24 15:16:43.486,17217,17218,17217,2,-2
2021-09-24 15:16:44.409,17217,17218,17217,2,-2
2021-09-24 15:16:45.079,17217,17218,17217,1,-1
2021-09-24 15:16:45.549,17217,17218,17217,2,-2
2021-09-24 15:16:46.679,17217,17218,17217,2,-2
2021-09-24 15:16:47.506,17217,17218,17217,2,-2
2021-09-24 15:16:49.166,17217,17218,17217,1,-1
2021-09-24 15:16:52.288,17217,17218,17218,2,2
2021-09-24 15:16:52.288,17217,17218,17218,2,2
2021-09-24 15:16:52.433,17218,17219,17218,1,-1
2021-09-24 15:16:52.433,17218,17219,17217,1,-1
2021-09-24 15:16:54.429,17218,17219,17218,1,1
2021-09-24 15:17:12.590,17217,17218,17218,1,1
2021-09-24 15:17:22.646,17217,17218,17217,1,-1
2021-09-24 15:17:34.642,17217,17218,17218,1,1
2021-09-24 15:17:34.642,17217,17218,17218,1,1
2021-09-24 15:17:52.846,17218,17219,17219,1,1
2021-09-24 15:17:52.906,17218,17219,17219,1,1
2021-09-24 15:17:56.552,17219,17220,17219,1,-1
2021-09-24 15:18:05.480,17219,17220,17219,1,-1
2021-09-24 15:18:10.575,17219,17220,17219,1,-1
2021-09-24 15:18:11.642,17219,17220,17220,3,3
2021-09-24 15:18:12.431,17219,17220,17220,1,1
2021-09-24 15:18:21.874,17220,17221,17221,5,5
2021-09-24 15:18:26.283,17220,17221,17221,1,1
2021-09-24 15:18:28.525,17220,17221,17220,1,-1
2021-09-24 15:18:40.459,17220,17221,17221,2,2
2021-09-24 15:18:41.447,17220,17221,17221,1,1
2021-09-24 15:18:42.360,17221,17222,17222,1,1
2021-09-24 15:18:42.515,17221,17222,17222,1,1
2021-09-24 15:18:42.630,17221,17222,17222,1,1
2021-09-24 15:18:45.908,17221,17222,17222,1,1
2021-09-24 15:18:45.909,17221,17222,17222,1,1
2021-09-24 15:18:45.909,17221,17222,17222,1,1
2021-09-24 15:18:46.681,17221,17222,17222,1,1
2021-09-24 15:18:50.970,17222,17223,17223,5,5
2021-09-24 15:18:51.851,17222,17223,17223,1,1
2021-09-24 15:18:52.321,17222,17224,17224,1,1
2021-09-24 15:18:53.576,17223,17224,17224,1,1
2021-09-24 15:18:53.768,17223,17224,17224,1,1
2021-09-24 15:18:53.935,17223,17224,17224,1,1
2021-09-24 15:18:54.065,17223,17224,17224,1,1
2021-09-24 15:18:54.161,17223,17224,17224,1,1
2021-09-24 15:18:55.099,17223,17224,17224,1,1
2021-09-24 15:18:57.100,17223,17224,17223,1,-1
2021-09-24 15:19:00.475,17223,17224,17224,2,2
2021-09-24 15:19:00.476,17223,17224,17224,1,1
2021-09-24 15:19:03.782,17223,17225,17225,1,1
2021-09-24 15:19:03.945,17223,17225,17225,1,1
2021-09-24 15:19:03.948,17223,17225,17225,1,1
2021-09-24 15:19:04.038,17223,17225,17225,1,1
2021-09-24 15:19:08.336,17223,17225,17225,2,2
2021-09-24 15:19:08.599,17224,17225,17224,1,-1
2021-09-24 15:19:08.599,17224,17225,17223,1,-1
2021-09-24 15:19:14.890,17224,17225,17225,1,1
2021-09-24 15:19:14.976,17224,17225,17225,7,7
2021-09-24 15:19:18.656,17225,17226,17225,1,-1
2021-09-24 15:19:20.520,17224,17225,17225,2,2
2021-09-24 15:19:22.126,17224,17225,17225,1,1
2021-09-24 15:19:22.251,17224,17225,17225,1,1
2021-09-24 15:19:22.261,17224,17225,17225,1,1
2021-09-24 15:19:22.715,17224,17225,17225,1,1
2021-09-24 15:19:22.873,17224,17225,17225,1,1
2021-09-24 15:19:23.784,17224,17225,17224,1,-1
2021-09-24 15:19:29.047,17223,17224,17224,1,1
2021-09-24 15:19:30.501,17223,17225,17225,1,1
2021-09-24 15:19:31.361,17223,17225,17225,5,5
2021-09-24 15:19:39.950,17224,17225,17225,2,2
2021-09-24 15:19:40.471,17225,17226,17226,1,1
2021-09-24 15:19:41.147,17225,17226,17225,1,-1
2021-09-24 15:19:41.321,17225,17226,17225,2,-2
2021-09-24 15:19:41.891,17225,17226,17225,2,-2
2021-09-24 15:19:49.112,17225,17226,17226,1,1
2021-09-24 15:19:52.641,17225,17226,17225,1,-1
2021-09-24 15:19:52.976,17225,17226,17225,4,-4
2021-09-24 15:19:52.978,17225,17226,17225,2,-2
2021-09-24 15:19:53.198,17224,17225,17225,1,1
2021-09-24 15:19:53.435,17224,17225,17225,1,1
2021-09-24 15:19:53.727,17224,17225,17225,1,1
2021-09-24 15:19:54.154,17224,17225,17225,1,1
2021-09-24 15:19:56.011,17224,17225,17225,2,2
2021-09-24 15:19:57.029,17224,17225,17225,1,1
2021-09-24 15:19:57.032,17224,17225,17225,1,1
2021-09-24 15:19:58.415,17224,17225,17224,3,-3
2021-09-24 15:19:58.754,17224,17225,17225,1,1
2021-09-24 15:19:59.266,17224,17225,17225,4,4
2021-09-24 15:19:59.266,17224,17225,17226,1,1
2021-09-24 15:20:00.564,17224,17225,17224,5,-5
2021-09-24 15:20:01.821,17224,17225,17224,1,-1
2021-09-24 15:20:04.622,17224,17225,17224,1,-1
2021-09-24 15:20:04.700,17224,17225,17224,1,-1
2021-09-24 15:20:06.386,17223,17224,17224,1,1
2021-09-24 15:20:06.420,17223,17224,17224,1,1
2021-09-24 15:20:06.540,17223,17224,17223,11,-11
2021-09-24 15:20:06.541,17223,17224,17223,2,-2
2021-09-24 15:20:06.541,17223,17224,17223,4,-4
2021-09-24 15:20:06.541,17223,17224,17223,1,-1
2021-09-24 15:20:06.541,17223,17224,17223,1,-1
2021-09-24 15:20:06.541,17223,17224,17223,1,-1
2021-09-24 15:20:06.541,17223,17224,17223,1,-1
2021-09-24 15:20:06.880,17222,17224,17224,1,1
2021-09-24 15:20:09.522,17222,17224,17224,1,1
2021-09-24 15:20:15.784,17223,17224,17223,1,-1
2021-09-24 15:20:24.845,17223,17224,17223,1,-1
2021-09-24 15:20:36.709,17223,17224,17223,4,-4
2021-09-24 15:20:43.127,17222,17223,17223,1,1
2021-09-24 15:20:43.426,17223,17224,17223,1,-1
2021-09-24 15:20:47.533,17223,17224,17223,2,-2
2021-09-24 15:20:47.806,17223,17224,17224,1,1
2021-09-24 15:20:53.062,17223,17224,17223,1,-1
2021-09-24 15:20:56.962,17223,17224,17223,3,-3
2021-09-24 15:20:58.175,17222,17223,17223,2,2
2021-09-24 15:20:58.272,17222,17223,17222,3,-3
2021-09-24 15:20:58.272,17222,17223,17222,3,-3
2021-09-24 15:21:02.109,17221,17222,17221,8,-8
2021-09-24 15:21:02.235,17220,17222,17220,1,-1
2021-09-24 15:21:30.633,17220,17221,17220,1,-1
2021-09-24 15:21:58.727,17221,17222,17221,1,1
2021-09-24 15:22:02.302,17221,17222,17221,1,-1
2021-09-24 15:22:02.812,17221,17222,17221,1,-1
2021-09-24 15:22:05.510,17221,17222,17222,1,1
2021-09-24 15:22:17.468,17221,17222,17222,1,1
2021-09-24 15:22:17.877,17222,17223,17223,1,1
2021-09-24 15:22:32.487,17222,17223,17222,1,-1
2021-09-24 15:22:37.241,17222,17223,17222,1,-1
2021-09-24 15:22:37.241,17222,17223,17222,1,-1
2021-09-24 15:22:37.241,17222,17223,17222,1,-1
2021-09-24 15:22:37.241,17222,17223,17222,3,-3
2021-09-24 15:22:37.241,17222,17223,17222,7,-7
2021-09-24 15:22:37.241,17222,17223,17222,1,-1
2021-09-24 15:22:37.241,17222,17223,17222,2,-2
2021-09-24 15:22:47.432,17221,17222,17221,1,-1
2021-09-24 15:22:47.433,17221,17222,17221,3,-3
2021-09-24 15:22:47.701,17220,17221,17220,2,-2
2021-09-24 15:22:53.180,17220,17221,17220,2,-2
2021-09-24 15:22:53.421,17220,17221,17220,2,-2
2021-09-24 15:22:53.540,17220,17221,17220,1,-1
2021-09-24 15:22:56.056,17220,17221,17220,1,-1
2021-09-24 15:22:57.303,17220,17221,17220,1,-1
2021-09-24 15:23:02.404,17220,17221,17221,1,1
2021-09-24 15:23:05.139,17220,17221,17220,15,-15
2021-09-24 15:23:06.789,17219,17220,17220,5,5
2021-09-24 15:23:10.543,17219,17220,17219,1,-1
2021-09-24 15:23:12.908,17219,17220,17220,1,1
2021-09-24 15:23:22.827,17219,17220,17220,1,1
2021-09-24 15:23:23.062,17219,17220,17219,1,-1
2021-09-24 15:23:23.386,17219,17220,17219,2,-2
2021-09-24 15:23:23.740,17219,17220,17220,1,1
2021-09-24 15:23:25.149,17219,17220,17219,2,-2
2021-09-24 15:23:25.815,17219,17220,17220,5,5
2021-09-24 15:23:32.739,17219,17220,17220,1,1
2021-09-24 15:23:36.493,17219,17220,17219,1,-1
2021-09-24 15:23:38.563,17219,17220,17220,1,1
2021-09-24 15:23:38.902,17219,17220,17219,1,-1
2021-09-24 15:23:41.368,17219,17220,17219,1,-1
2021-09-24 15:23:41.565,17219,17220,17219,1,-1
2021-09-24 15:23:41.566,17219,17220,17219,1,-1
2021-09-24 15:23:43.624,17218,17219,17218,4,-4
2021-09-24 15:23:47.914,17218,17219,17218,7,-7
2021-09-24 15:23:59.617,17217,17218,17217,1,-1
2021-09-24 15:23:59.617,17217,17218,17217,3,-3
2021-09-24 15:24:01.496,17217,17218,17217,2,-2
2021-09-24 15:24:02.344,17217,17218,17217,2,-2
2021-09-24 15:24:03.384,17216,17217,17216,16,-16
2021-09-24 15:24:03.384,17216,17217,17215,34,-34
2021-09-24 15:24:03.386,17216,17217,17215,1,-1
2021-09-24 15:24:03.386,17216,17217,17215,2,-2
2021-09-24 15:24:03.496,17214,17215,17214,1,-1
2021-09-24 15:24:03.834,17214,17215,17215,1,1
2021-09-24 15:24:03.986,17214,17216,17214,1,-1
2021-09-24 15:24:04.150,17214,17216,17214,4,-4
2021-09-24 15:24:04.823,17214,17216,17214,1,-1
2021-09-24 15:24:11.458,17214,17215,17215,3,3
2021-09-24 15:24:11.459,17214,17215,17215,3,3
2021-09-24 15:24:12.076,17215,17216,17216,1,1
2021-09-24 15:24:12.941,17214,17217,17214,1,-1
2021-09-24 15:24:18.599,17214,17215,17215,1,1
2021-09-24 15:24:27.909,17214,17215,17215,2,2
2021-09-24 15:24:34.906,17215,17216,17215,2,-2
2021-09-24 15:24:43.949,17214,17215,17215,1,1
2021-09-24 15:24:45.457,17214,17215,17215,1,1
2021-09-24 15:24:46.683,17214,17215,17215,1,1
2021-09-24 15:24:51.664,17214,17215,17214,1,-1
2021-09-24 15:24:52.395,17214,17215,17214,1,-1
2021-09-24 15:24:54.408,17214,17215,17214,5,-5
2021-09-24 15:24:58.376,17214,17215,17215,1,1
2021-09-24 15:24:58.376,17214,17215,17215,2,2
2021-09-24 15:24:59.547,17214,17216,17214,1,-1
2021-09-24 15:25:01.558,17214,17215,17215,1,1
2021-09-24 15:25:03.366,17215,17216,17216,2,2
2021-09-24 15:25:08.519,17215,17216,17215,2,-2
2021-09-24 15:25:08.909,17214,17216,17216,4,4
2021-09-24 15:25:09.273,17215,17217,17215,1,-1
2021-09-24 15:25:13.591,17215,17216,17215,2,-2
2021-09-24 15:25:13.821,17214,17215,17215,1,1
2021-09-24 15:25:13.976,17214,17216,17214,6,-6
2021-09-24 15:25:15.385,17214,17215,17214,1,-1
2021-09-24 15:25:19.358,17213,17215,17213,1,-1
2021-09-24 15:25:19.539,17213,17215,17213,1,-1
2021-09-24 15:25:22.162,17213,17214,17214,1,1
2021-09-24 15:25:22.777,17213,17215,17213,1,-1
2021-09-24 15:25:23.730,17213,17215,17213,1,-1
2021-09-24 15:25:26.364,17213,17214,17213,3,-3
2021-09-24 15:25:26.588,17212,17213,17213,1,1
2021-09-24 15:25:30.451,17212,17213,17212,10,-10
2021-09-24 15:25:31.079,17212,17213,17212,1,-1
2021-09-24 15:25:31.097,17212,17213,17213,1,1
2021-09-24 15:25:38.580,17212,17213,17213,1,1
2021-09-24 15:25:40.975,17212,17213,17212,1,-1
2021-09-24 15:25:40.976,17212,17213,17212,8,-8
2021-09-24 15:25:41.698,17212,17213,17212,1,-1
2021-09-24 15:25:41.759,17212,17213,17212,1,-1
2021-09-24 15:25:42.160,17212,17213,17212,1,-1
2021-09-24 15:25:42.168,17212,17213,17211,2,-2
2021-09-24 15:25:42.193,17212,17213,17211,15,-15
2021-09-24 15:25:42.194,17212,17213,17211,1,-1
2021-09-24 15:25:42.194,17212,17213,17210,1,-1
2021-09-24 15:25:42.224,17212,17213,17210,1,-1
2021-09-24 15:25:42.268,17210,17211,17211,1,1
2021-09-24 15:25:42.364,17210,17211,17210,1,-1
2021-09-24 15:25:42.449,17210,17211,17210,1,-1
2021-09-24 15:25:42.531,17210,17211,17210,40,-40
2021-09-24 15:25:42.532,17210,17211,17210,1,-1
2021-09-24 15:25:42.532,17210,17211,17210,1,-1
2021-09-24 15:25:42.532,17210,17211,17210,11,-11
2021-09-24 15:25:42.532,17210,17211,17210,1,-1
2021-09-24 15:25:42.532,17210,17211,17210,1,-1
2021-09-24 15:25:42.532,17210,17211,17210,19,-19
2021-09-24 15:25:42.532,17210,17211,17210,11,-11
2021-09-24 15:25:42.533,17210,17211,17209,1,-1
2021-09-24 15:25:42.533,17210,17211,17209,5,-5
2021-09-24 15:25:42.533,17210,17211,17209,2,-2
2021-09-24 15:25:42.533,17210,17211,17208,1,-1
2021-09-24 15:25:42.534,17210,17211,17208,5,-5
2021-09-24 15:25:42.534,17210,17211,17208,1,-1
2021-09-24 15:25:42.534,17210,17211,17208,1,-1
2021-09-24 15:25:42.534,17210,17211,17208,5,-5
2021-09-24 15:25:42.534,17210,17211,17208,1,-1
2021-09-24 15:25:42.535,17210,17211,17208,1,-1
2021-09-24 15:25:42.535,17210,17211,17208,1,-1
2021-09-24 15:25:42.598,17210,17211,17207,1,-1
2021-09-24 15:25:42.691,17207,17208,17207,1,-1
2021-09-24 15:25:42.694,17207,17208,17207,1,-1
2021-09-24 15:25:42.802,17207,17208,17207,2,-2
2021-09-24 15:25:42.920,17207,17208,17207,3,-3
2021-09-24 15:25:42.933,17207,17208,17208,1,1
2021-09-24 15:25:42.933,17207,17208,17208,1,1
2021-09-24 15:25:42.933,17207,17208,17208,1,1
2021-09-24 15:25:42.972,17207,17208,17210,1,1
2021-09-24 15:25:42.981,17208,17210,17208,3,-3
2021-09-24 15:25:43.189,17208,17210,17208,1,-1
2021-09-24 15:25:43.482,17208,17210,17208,1,-1
2021-09-24 15:25:43.691,17208,17210,17210,4,4
2021-09-24 15:25:43.691,17208,17210,17211,1,1
2021-09-24 15:25:43.705,17208,17210,17209,4,-4
2021-09-24 15:25:45.790,17211,17212,17211,2,2
2021-09-24 15:25:46.156,17210,17212,17210,1,-1
2021-09-24 15:25:49.774,17210,17211,17210,1,-1
2021-09-24 15:25:49.778,17210,17211,17210,1,-1
2021-09-24 15:25:49.854,17210,17211,17210,1,-1
2021-09-24 15:25:49.854,17210,17211,17210,1,-1
2021-09-24 15:25:51.922,17210,17211,17210,1,-1
2021-09-24 15:25:53.308,17210,17211,17210,1,-1
2021-09-24 15:25:54.101,17210,17211,17210,1,-1
2021-09-24 15:25:54.651,17210,17211,17210,2,-2
2021-09-24 15:25:56.606,17210,17211,17211,1,1
2021-09-24 15:25:57.076,17210,17211,17211,2,2
2021-09-24 15:25:57.427,17211,17212,17211,1,-1
2021-09-24 15:25:58.794,17211,17212,17211,1,-1
2021-09-24 15:25:59.561,17210,17212,17210,1,-1
2021-09-24 15:26:03.439,17210,17211,17210,16,-16
2021-09-24 15:26:04.058,17209,17211,17209,1,-1
2021-09-24 15:26:05.355,17210,17211,17210,1,1
2021-09-24 15:26:05.355,17210,17211,17209,1,-1
2021-09-24 15:26:06.020,17209,17210,17209,1,-1
2021-09-24 15:26:06.020,17209,17210,17209,1,-1
2021-09-24 15:26:07.168,17209,17210,17210,1,1
2021-09-24 15:26:09.844,17209,17210,17210,1,1
2021-09-24 15:26:10.489,17209,17211,17209,2,-2
2021-09-24 15:26:12.465,17209,17211,17209,9,-9
2021-09-24 15:26:12.466,17209,17211,17209,1,-1
2021-09-24 15:26:13.567,17209,17210,17209,1,-1
2021-09-24 15:26:14.543,17209,17210,17210,1,1
2021-09-24 15:26:16.622,17209,17210,17210,1,1
2021-09-24 15:26:17.651,17209,17210,17210,1,1
2021-09-24 15:26:17.651,17209,17210,17210,2,2
2021-09-24 15:26:18.097,17209,17211,17209,2,-2
2021-09-24 15:26:18.144,17209,17211,17209,10,-10
2021-09-24 15:26:19.513,17209,17210,17210,1,1
2021-09-24 15:26:21.829,17210,17211,17210,2,-2
2021-09-24 15:26:24.295,17210,17211,17210,1,-1
2021-09-24 15:26:28.138,17210,17211,17211,1,1
2021-09-24 15:26:28.139,17210,17211,17211,2,2
2021-09-24 15:26:28.139,17210,17211,17211,1,1
2021-09-24 15:26:28.139,17210,17211,17211,2,2
2021-09-24 15:26:28.308,17211,17212,17211,2,-2
2021-09-24 15:26:28.308,17211,17212,17210,3,-3
2021-09-24 15:26:34.083,17211,17212,17212,4,4
2021-09-24 15:26:38.084,17212,17213,17213,5,5
2021-09-24 15:26:38.169,17212,17214,17212,3,-3
2021-09-24 15:26:38.206,17212,17214,17212,1,-1
2021-09-24 15:26:39.863,17212,17214,17212,1,-1
2021-09-24 15:26:41.156,17212,17214,17212,1,-1
2021-09-24 15:26:42.623,17212,17213,17213,1,1
2021-09-24 15:26:48.047,17212,17213,17212,1,-1
2021-09-24 15:26:53.458,17211,17212,17212,5,5
2021-09-24 15:26:54.585,17212,17213,17212,3,-3
2021-09-24 15:26:56.363,17212,17213,17213,7,7
2021-09-24 15:26:58.784,17213,17214,17213,3,-3
2021-09-24 15:27:00.712,17213,17214,17213,3,-3
2021-09-24 15:27:02.752,17213,17214,17214,3,3
2021-09-24 15:27:10.947,17214,17215,17214,1,-1
2021-09-24 15:27:13.512,17214,17215,17214,1,-1
2021-09-24 15:27:17.377,17214,17215,17215,2,2
2021-09-24 15:27:19.934,17214,17215,17215,3,3
2021-09-24 15:27:21.913,17214,17216,17216,1,1
2021-09-24 15:27:23.994,17214,17215,17215,1,1
2021-09-24 15:27:26.568,17215,17216,17215,1,-1
2021-09-24 15:27:26.898,17215,17216,17215,2,-2
2021-09-24 15:27:31.214,17215,17216,17215,1,-1
2021-09-24 15:27:48.706,17215,17216,17215,4,-4
2021-09-24 15:27:52.744,17215,17216,17216,4,4
2021-09-24 15:27:52.750,17215,17216,17217,1,1
2021-09-24 15:27:52.750,17215,17216,17217,1,1
2021-09-24 15:27:52.767,17215,17216,17217,5,5
2021-09-24 15:28:03.422,17216,17217,17216,1,-1
2021-09-24 15:28:03.577,17216,17217,17216,1,-1
2021-09-24 15:28:05.790,17215,17216,17216,2,2
2021-09-24 15:28:06.861,17215,17216,17216,3,3
2021-09-24 15:28:06.861,17215,17216,17217,2,2
2021-09-24 15:28:19.581,17215,17216,17216,1,1
2021-09-24 15:28:28.737,17215,17217,17217,1,1
2021-09-24 15:28:33.703,17215,17217,17217,1,1
2021-09-24 15:28:38.883,17216,17217,17216,1,-1
2021-09-24 15:28:44.162,17216,17217,17217,1,1
2021-09-24 15:28:47.429,17216,17217,17216,1,-1
2021-09-24 15:28:50.712,17215,17216,17215,1,-1
2021-09-24 15:28:50.713,17215,17216,17215,5,-5
2021-09-24 15:28:50.713,17215,17216,17215,1,-1
2021-09-24 15:28:51.923,17215,17216,17215,8,-8
2021-09-24 15:28:58.846,17215,17216,17215,1,-1
2021-09-24 15:29:05.777,17215,17216,17216,1,1
2021-09-24 15:29:25.442,17215,17216,17215,1,-1
2021-09-24 15:29:35.611,17215,17216,17215,1,-1
2021-09-24 15:29:36.072,17215,17216,17215,3,-3
2021-09-24 15:29:50.017,17215,17216,17215,1,-1
2021-09-24 15:29:52.701,17214,17216,17216,1,1
2021-09-24 15:29:55.019,17214,17215,17215,1,1
2021-09-24 15:30:03.196,17214,17215,17214,12,-12
2021-09-24 15:30:03.534,17213,17214,17213,2,-2
2021-09-24 15:30:03.543,17213,17214,17213,1,-1
2021-09-24 15:30:03.691,17212,17214,17214,2,2
2021-09-24 15:30:03.692,17212,17214,17214,2,2
2021-09-24 15:30:05.114,17212,17214,17214,1,1
2021-09-24 15:30:05.228,17212,17214,17212,1,-1
2021-09-24 15:30:15.295,17213,17215,17213,1,1
2021-09-24 15:30:15.980,17213,17215,17213,1,-1
2021-09-24 15:30:16.207,17212,17215,17212,4,-4
2021-09-24 15:30:16.228,17211,17214,17211,1,-1
2021-09-24 15:30:16.228,17211,17214,17211,1,-1
2021-09-24 15:30:16.229,17211,17214,17211,1,-1
2021-09-24 15:30:16.229,17211,17214,17211,1,-1
2021-09-24 15:30:16.229,17211,17214,17211,1,-1
2021-09-24 15:30:16.229,17211,17214,17211,1,-1
2021-09-24 15:30:16.229,17211,17214,17211,1,-1
2021-09-24 15:30:18.399,17212,17214,17212,2,2
2021-09-24 15:30:18.461,17212,17214,17212,1,-1
2021-09-24 15:30:18.479,17212,17214,17212,1,-1
2021-09-24 15:30:18.480,17212,17214,17211,1,-1
2021-09-24 15:30:20.758,17211,17212,17212,1,1
2021-09-24 15:30:21.261,17212,17213,17212,2,-2
2021-09-24 15:30:26.918,17212,17213,17212,2,-2
2021-09-24 15:30:28.449,17211,17212,17211,1,-1
2021-09-24 15:30:28.478,17211,17212,17211,1,-1
2021-09-24 15:30:28.478,17211,17212,17211,1,-1
2021-09-24 15:30:32.867,17211,17212,17211,2,-2
2021-09-24 15:30:33.088,17210,17212,17210,1,-1
2021-09-24 15:30:33.518,17210,17212,17211,1,1
2021-09-24 15:30:38.320,17211,17212,17211,2,-2
2021-09-24 15:30:40.451,17211,17212,17211,1,-1
2021-09-24 15:30:41.599,17211,17212,17211,2,-2
2021-09-24 15:30:41.599,17211,17212,17211,1,-1
2021-09-24 15:30:42.009,17211,17212,17211,2,-2
2021-09-24 15:30:42.009,17211,17212,17211,1,-1
2021-09-24 15:30:42.460,17210,17212,17210,1,-1
2021-09-24 15:30:42.461,17210,17212,17211,2,2
2021-09-24 15:30:43.454,17211,17212,17211,2,-2
2021-09-24 15:30:43.862,17211,17212,17211,2,-2
2021-09-24 15:30:43.985,17211,17212,17212,1,1
2021-09-24 15:30:47.315,17211,17212,17212,2,2
2021-09-24 15:30:50.855,17211,17212,17212,2,2
2021-09-24 15:30:50.978,17211,17213,17211,1,-1
2021-09-24 15:30:50.978,17211,17213,17211,1,-1
2021-09-24 15:30:50.978,17211,17213,17211,1,-1
2021-09-24 15:30:50.979,17211,17213,17211,1,-1
2021-09-24 15:30:50.979,17211,17213,17211,1,-1
2021-09-24 15:30:50.979,17211,17213,17211,1,-1
2021-09-24 15:30:50.979,17211,17213,17211,1,-1
2021-09-24 15:30:50.979,17211,17213,17211,1,-1
2021-09-24 15:30:50.979,17211,17213,17211,1,-1
2021-09-24 15:30:50.979,17211,17213,17210,1,-1
2021-09-24 15:30:50.979,17211,17213,17210,1,-1
2021-09-24 15:30:50.980,17211,17213,17210,1,-1
2021-09-24 15:30:51.061,17211,17213,17210,2,-2
2021-09-24 15:30:54.143,17211,17213,17213,1,1
2021-09-24 15:31:00.840,17212,17213,17212,1,-1
2021-09-24 15:31:01.634,17211,17213,17213,2,2
2021-09-24 15:31:03.478,17211,17212,17211,1,-1
2021-09-24 15:31:09.425,17210,17211,17210,20,-20
2021-09-24 15:31:09.476,17209,17210,17209,2,-2
2021-09-24 15:31:10.981,17208,17210,17208,2,-2
2021-09-24 15:31:11.359,17208,17210,17210,1,1
2021-09-24 15:31:11.409,17208,17210,17208,3,-3
2021-09-24 15:31:13.030,17208,17209,17208,1,-1
2021-09-24 15:31:13.030,17208,17209,17208,3,-3
2021-09-24 15:31:13.102,17207,17208,17207,1,-1
2021-09-24 15:31:13.124,17207,17208,17207,2,-2
2021-09-24 15:31:13.178,17207,17208,17207,2,-2
2021-09-24 15:31:13.178,17207,17208,17207,2,-2
2021-09-24 15:31:13.192,17207,17208,17207,1,-1
2021-09-24 15:31:13.495,17207,17208,17207,1,-1
2021-09-24 15:31:14.232,17207,17209,17209,2,2
2021-09-24 15:31:14.424,17207,17209,17207,1,-1
2021-09-24 15:31:14.826,17207,17209,17207,1,-1
2021-09-24 15:31:19.049,17207,17208,17207,1,-1
2021-09-24 15:31:19.940,17207,17209,17209,1,1
2021-09-24 15:31:24.648,17208,17209,17209,1,1
2021-09-24 15:31:24.728,17208,17210,17210,1,1
2021-09-24 15:31:24.728,17208,17210,17210,1,1
2021-09-24 15:31:24.728,17208,17210,17211,1,1
2021-09-24 15:31:24.728,17208,17210,17211,1,1
2021-09-24 15:31:24.728,17208,17210,17211,1,1
2021-09-24 15:31:24.729,17208,17210,17210,1,1
2021-09-24 15:31:24.729,17208,17210,17211,1,1
2021-09-24 15:31:24.729,17208,17210,17211,1,1
2021-09-24 15:31:24.729,17208,17210,17211,1,1
2021-09-24 15:31:24.730,17208,17210,17211,1,1
2021-09-24 15:31:24.730,17208,17210,17211,1,1
2021-09-24 15:31:24.730,17208,17210,17212,1,1
2021-09-24 15:31:30.067,17209,17211,17209,1,-1
2021-09-24 15:31:30.503,17209,17211,17209,1,-1
2021-09-24 15:31:30.837,17209,17210,17210,1,1
2021-09-24 15:31:31.054,17209,17210,17209,2,-2
2021-09-24 15:31:31.055,17209,17210,17209,1,-1
2021-09-24 15:31:32.159,17208,17210,17210,3,3
2021-09-24 15:31:32.638,17208,17210,17208,1,-1
2021-09-24 15:31:33.184,17208,17209,17208,1,-1
2021-09-24 15:31:35.655,17207,17209,17209,1,1
2021-09-24 15:31:35.859,17207,17209,17207,2,-2
2021-09-24 15:31:35.859,17207,17209,17207,1,-1
2021-09-24 15:31:38.601,17208,17209,17208,1,1
2021-09-24 15:31:39.258,17207,17209,17208,1,-1
2021-09-24 15:31:41.115,17207,17209,17207,1,-1
2021-09-24 15:31:41.207,17207,17209,17207,11,-11
2021-09-24 15:31:41.208,17207,17209,17206,7,-7
2021-09-24 15:31:41.209,17207,17209,17206,4,-4
2021-09-24 15:31:41.209,17207,17209,17206,2,-2
2021-09-24 15:31:41.455,17205,17206,17205,1,-1
2021-09-24 15:31:41.505,17205,17207,17205,1,-1
2021-09-24 15:31:41.521,17205,17207,17205,2,-2
2021-09-24 15:31:41.521,17205,17207,17205,1,-1
2021-09-24 15:31:41.575,17205,17207,17205,2,-2
2021-09-24 15:31:41.575,17205,17207,17205,1,-1
2021-09-24 15:31:41.575,17205,17207,17205,1,-1
2021-09-24 15:31:41.599,17205,17207,17205,1,-1
2021-09-24 15:31:41.636,17205,17207,17205,3,-3
2021-09-24 15:31:41.636,17205,17207,17205,1,-1
2021-09-24 15:31:42.181,17205,17207,17205,10,-10
2021-09-24 15:31:42.182,17205,17207,17205,1,-1
2021-09-24 15:31:42.203,17205,17207,17204,1,-1
2021-09-24 15:31:42.231,17204,17207,17204,2,-2
2021-09-24 15:31:42.237,17204,17207,17204,1,-1
2021-09-24 15:31:42.299,17204,17207,17204,2,-2
2021-09-24 15:31:42.380,17204,17207,17205,1,1
2021-09-24 15:31:42.380,17204,17207,17205,1,-1
2021-09-24 15:31:42.380,17204,17207,17204,1,-1
2021-09-24 15:31:42.382,17204,17207,17204,1,-1
2021-09-24 15:31:42.401,17204,17207,17204,1,-1
2021-09-24 15:31:42.415,17204,17207,17204,3,-3
2021-09-24 15:31:42.427,17204,17207,17204,2,-2
2021-09-24 15:31:43.018,17205,17207,17205,4,4
2021-09-24 15:31:45.600,17206,17208,17208,1,1
2021-09-24 15:31:45.986,17206,17208,17206,1,-1
2021-09-24 15:31:49.133,17206,17208,17206,1,-1
2021-09-24 15:31:49.457,17206,17208,17208,1,1
2021-09-24 15:31:52.689,17207,17208,17207,2,-2
2021-09-24 15:31:53.615,17206,17208,17208,2,2
2021-09-24 15:31:54.785,17207,17208,17207,1,-1
2021-09-24 15:31:56.415,17206,17207,17207,1,1
2021-09-24 15:31:56.415,17206,17207,17207,1,1
2021-09-24 15:31:56.416,17206,17207,17207,2,2
2021-09-24 15:31:56.694,17207,17208,17207,2,-2
2021-09-24 15:31:56.895,17207,17208,17208,1,1
2021-09-24 15:31:57.483,17207,17208,17208,1,1
2021-09-24 15:31:58.616,17207,17209,17207,1,-1
2021-09-24 15:32:00.202,17208,17210,17209,1,1
2021-09-24 15:32:02.088,17208,17210,17208,1,-1
2021-09-24 15:32:04.436,17208,17210,17208,1,-1
2021-09-24 15:32:05.473,17208,17210,17209,1,1
2021-09-24 15:32:05.701,17208,17210,17208,2,-2
2021-09-24 15:32:10.363,17208,17210,17210,1,1
2021-09-24 15:32:16.774,17208,17209,17209,1,1
2021-09-24 15:32:17.645,17209,17210,17210,1,1
2021-09-24 15:32:17.645,17209,17210,17210,4,4
2021-09-24 15:32:17.645,17209,17210,17210,1,1
2021-09-24 15:32:17.705,17209,17210,17210,1,1
2021-09-24 15:32:17.974,17210,17211,17211,2,2
2021-09-24 15:32:17.974,17210,17211,17212,8,8
2021-09-24 15:32:17.974,17210,17211,17213,2,2
2021-09-24 15:32:18.240,17211,17212,17212,2,2
2021-09-24 15:32:18.559,17211,17213,17211,2,-2
2021-09-24 15:32:20.463,17211,17213,17213,1,1
2021-09-24 15:32:20.805,17211,17213,17211,1,-1
2021-09-24 15:32:21.476,17211,17212,17212,1,1
2021-09-24 15:32:24.703,17212,17214,17212,3,-3
2021-09-24 15:32:26.476,17212,17213,17213,1,1
2021-09-24 15:32:27.726,17212,17213,17213,1,1
2021-09-24 15:32:28.821,17213,17214,17213,1,-1
2021-09-24 15:32:28.821,17213,17214,17212,4,-4
2021-09-24 15:32:28.851,17211,17212,17212,2,2
2021-09-24 15:32:32.476,17212,17213,17213,2,2
2021-09-24 15:32:34.351,17212,17213,17213,1,1
2021-09-24 15:32:34.608,17212,17213,17213,1,1
2021-09-24 15:32:34.932,17212,17214,17212,2,-2
2021-09-24 15:32:36.751,17212,17213,17212,2,-2
2021-09-24 15:32:37.623,17212,17213,17212,3,-3
2021-09-24 15:32:37.625,17212,17213,17212,7,-7
2021-09-24 15:32:38.761,17211,17212,17212,2,2
2021-09-24 15:32:39.368,17211,17213,17213,1,1
2021-09-24 15:32:41.072,17211,17213,17212,2,-2
2021-09-24 15:32:42.053,17212,17213,17212,3,-3
2021-09-24 15:32:43.637,17210,17212,17212,1,1
2021-09-24 15:32:46.211,17210,17211,17211,2,2
2021-09-24 15:32:48.091,17210,17211,17210,1,-1
2021-09-24 15:32:50.144,17209,17210,17210,2,2
2021-09-24 15:32:50.706,17209,17211,17211,1,1
2021-09-24 15:32:52.436,17209,17210,17210,1,1
2021-09-24 15:32:52.884,17210,17211,17211,1,1
2021-09-24 15:32:55.166,17211,17213,17211,2,-2
2021-09-24 15:32:57.104,17212,17213,17212,2,2
2021-09-24 15:33:00.867,17212,17213,17212,2,-2
2021-09-24 15:33:01.125,17212,17213,17212,1,-1
2021-09-24 15:33:01.125,17212,17213,17211,1,-1
2021-09-24 15:33:05.960,17211,17212,17211,1,-1
2021-09-24 15:33:10.557,17211,17212,17212,1,1
2021-09-24 15:33:11.145,17211,17212,17212,2,2
2021-09-24 15:33:11.145,17211,17212,17212,2,2
2021-09-24 15:33:13.420,17211,17213,17211,2,-2
2021-09-24 15:33:16.364,17211,17212,17212,1,1
2021-09-24 15:33:19.440,17212,17213,17212,1,-1
2021-09-24 15:33:22.284,17212,17213,17213,2,2
2021-09-24 15:33:23.176,17212,17213,17212,3,-3
2021-09-24 15:33:25.684,17212,17213,17212,1,-1
2021-09-24 15:33:25.684,17212,17213,17212,1,-1
2021-09-24 15:33:25.684,17212,17213,17212,4,-4
2021-09-24 15:33:25.685,17212,17213,17212,3,-3
2021-09-24 15:33:32.360,17211,17212,17211,1,-1
2021-09-24 15:33:37.635,17210,17211,17211,1,1
2021-09-24 15:33:37.635,17210,17211,17212,1,1
2021-09-24 15:33:43.730,17210,17211,17210,1,-1
2021-09-24 15:33:47.565,17210,17211,17211,1,1
2021-09-24 15:33:51.566,17210,17212,17212,1,1
2021-09-24 15:33:51.566,17210,17212,17212,1,1
2021-09-24 15:33:59.182,17211,17213,17211,1,-1
2021-09-24 15:34:20.508,17211,17212,17212,1,1
2021-09-24 15:34:20.871,17211,17213,17211,2,-2
2021-09-24 15:34:26.619,17211,17212,17211,1,-1
2021-09-24 15:34:26.619,17211,17212,17211,1,-1
2021-09-24 15:34:29.326,17210,17211,17210,1,-1
2021-09-24 15:34:29.447,17209,17210,17209,1,-1
2021-09-24 15:34:29.706,17209,17210,17209,1,-1
2021-09-24 15:34:30.480,17209,17210,17209,2,-2
2021-09-24 15:34:30.481,17209,17210,17209,5,-5
2021-09-24 15:34:39.396,17210,17212,17210,1,1
2021-09-24 15:34:42.544,17211,17212,17211,1,1
2021-09-24 15:34:43.206,17211,17212,17212,1,1
2021-09-24 15:34:54.426,17212,17213,17213,1,1
2021-09-24 15:34:56.546,17212,17213,17212,1,-1
2021-09-24 15:34:56.776,17211,17213,17211,1,-1
2021-09-24 15:35:05.113,17211,17212,17212,1,1
2021-09-24 15:35:06.071,17212,17213,17212,1,-1
2021-09-24 15:35:12.671,17212,17213,17213,5,5
2021-09-24 15:35:19.609,17212,17213,17213,1,1
2021-09-24 15:35:39.639,17212,17213,17213,1,1
2021-09-24 15:35:44.478,17213,17214,17214,6,6
2021-09-24 15:35:44.478,17213,17214,17214,1,1
2021-09-24 15:35:47.948,17213,17215,17215,1,1
2021-09-24 15:35:52.116,17213,17214,17214,1,1
2021-09-24 15:36:04.720,17213,17214,17213,1,-1
2021-09-24 15:36:04.720,17213,17214,17213,1,-1
2021-09-24 15:36:11.338,17212,17213,17212,1,-1
2021-09-24 15:36:11.338,17212,17213,17212,2,-2
2021-09-24 15:36:11.339,17212,17213,17212,1,-1
2021-09-24 15:36:11.339,17212,17213,17212,2,-2
2021-09-24 15:36:17.286,17211,17212,17212,1,1
2021-09-24 15:36:26.440,17212,17213,17213,1,1
2021-09-24 15:36:26.637,17213,17215,17213,2,-2
2021-09-24 15:36:33.788,17213,17214,17214,1,1
2021-09-24 15:36:33.788,17213,17214,17214,1,1
2021-09-24 15:36:37.831,17213,17214,17214,1,1
2021-09-24 15:36:37.831,17213,17214,17214,2,2
2021-09-24 15:36:37.831,17213,17214,17214,1,1
2021-09-24 15:36:37.831,17213,17214,17214,1,1
2021-09-24 15:36:41.936,17213,17215,17214,1,-1
2021-09-24 15:37:07.028,17213,17214,17214,1,1
2021-09-24 15:37:07.028,17213,17214,17214,2,2
2021-09-24 15:37:07.028,17213,17214,17214,1,1
2021-09-24 15:37:14.151,17214,17215,17215,1,1
2021-09-24 15:37:16.117,17214,17215,17215,1,1
2021-09-24 15:37:39.632,17214,17215,17215,6,6
2021-09-24 15:37:39.632,17214,17215,17215,8,8
2021-09-24 15:37:42.693,17215,17216,17216,1,1
2021-09-24 15:37:44.264,17215,17216,17215,1,-1
2021-09-24 15:37:47.539,17215,17216,17215,1,-1
2021-09-24 15:37:47.788,17215,17216,17215,1,-1
2021-09-24 15:37:48.497,17215,17216,17215,3,-3
2021-09-24 15:38:03.483,17215,17216,17216,4,4
2021-09-24 15:38:03.831,17215,17216,17215,1,-1
2021-09-24 15:38:03.916,17215,17216,17215,1,-1
2021-09-24 15:38:09.188,17215,17216,17216,1,1
2021-09-24 15:38:13.904,17215,17216,17216,1,1
2021-09-24 15:38:16.343,17215,17217,17215,1,-1
2021-09-24 15:38:25.155,17215,17216,17215,1,-1
2021-09-24 15:38:26.320,17215,17216,17215,1,-1
2021-09-24 15:38:36.417,17214,17215,17214,1,-1
2021-09-24 15:38:36.418,17214,17215,17214,3,-3
2021-09-24 15:38:37.800,17213,17214,17214,1,1
2021-09-24 15:38:40.009,17213,17214,17214,2,2
2021-09-24 15:39:00.734,17213,17214,17213,3,-3
2021-09-24 15:39:01.682,17212,17214,17212,1,-1
2021-09-24 15:39:20.839,17212,17214,17214,1,1
2021-09-24 15:39:42.775,17213,17214,17214,1,1
2021-09-24 15:39:42.776,17213,17214,17214,4,4
2021-09-24 15:39:48.925,17213,17214,17213,1,-1
2021-09-24 15:39:53.148,17212,17213,17212,1,-1
2021-09-24 15:39:59.696,17212,17213,17212,1,-1
2021-09-24 15:40:02.359,17211,17212,17211,2,-2
2021-09-24 15:40:02.359,17211,17212,17211,1,-1
2021-09-24 15:40:02.390,17211,17212,17212,1,1
2021-09-24 15:40:02.607,17211,17212,17211,1,-1
2021-09-24 15:40:03.160,17211,17212,17211,2,-2
2021-09-24 15:40:05.164,17210,17211,17210,1,-1
2021-09-24 15:40:05.952,17210,17211,17211,1,1
2021-09-24 15:40:06.192,17210,17211,17210,1,-1
2021-09-24 15:40:08.796,17210,17211,17210,2,-2
2021-09-24 15:40:13.090,17209,17210,17210,2,2
2021-09-24 15:40:18.572,17210,17211,17210,5,-5
2021-09-24 15:40:18.601,17210,17211,17210,2,-2
2021-09-24 15:40:20.075,17209,17210,17210,1,1
2021-09-24 15:40:20.075,17209,17210,17210,2,2
2021-09-24 15:40:20.076,17209,17210,17210,1,1
2021-09-24 15:40:22.647,17210,17211,17210,1,-1
2021-09-24 15:40:22.827,17209,17211,17210,1,-1
2021-09-24 15:40:24.882,17210,17211,17210,1,-1
2021-09-24 15:40:27.714,17210,17211,17211,2,2
2021-09-24 15:40:28.852,17210,17212,17210,1,-1
2021-09-24 15:40:40.468,17210,17211,17210,1,-1
2021-09-24 15:40:53.282,17210,17211,17210,1,-1
2021-09-24 15:40:53.541,17210,17211,17210,1,-1
2021-09-24 15:40:55.094,17210,17211,17210,1,-1
2021-09-24 15:40:55.094,17210,17211,17210,2,-2
2021-09-24 15:41:00.871,17209,17210,17210,1,1
2021-09-24 15:41:02.990,17209,17210,17209,1,-1
2021-09-24 15:41:03.290,17209,17210,17209,6,-6
2021-09-24 15:41:04.220,17208,17210,17210,1,1
2021-09-24 15:41:06.910,17209,17210,17209,1,-1
2021-09-24 15:41:12.435,17209,17210,17210,1,1
2021-09-24 15:41:13.090,17209,17210,17210,4,4
2021-09-24 15:41:15.997,17210,17211,17211,1,1
2021-09-24 15:41:21.913,17211,17212,17211,1,-1
2021-09-24 15:41:23.543,17211,17212,17210,1,-1
2021-09-24 15:41:30.851,17211,17212,17212,1,1
2021-09-24 15:41:39.209,17212,17213,17213,3,3
2021-09-24 15:41:43.442,17213,17214,17213,1,-1
2021-09-24 15:41:43.999,17213,17214,17213,1,-1
2021-09-24 15:41:47.026,17213,17214,17213,1,-1
2021-09-24 15:41:51.082,17212,17213,17213,1,1
2021-09-24 15:41:54.248,17212,17213,17213,1,1
2021-09-24 15:42:02.345,17213,17214,17213,1,-1
2021-09-24 15:42:03.971,17213,17214,17213,1,-1
2021-09-24 15:42:05.357,17213,17214,17213,2,-2
2021-09-24 15:42:26.233,17212,17213,17212,1,-1
2021-09-24 15:42:40.005,17212,17213,17213,1,1
2021-09-24 15:42:49.242,17212,17213,17212,1,-1
2021-09-24 15:42:51.925,17212,17213,17213,1,1
2021-09-24 15:42:51.925,17212,17213,17214,2,2
2021-09-24 15:42:58.556,17213,17214,17213,1,-1
2021-09-24 15:43:02.047,17212,17213,17213,1,1
2021-09-24 15:43:02.537,17213,17214,17214,1,1
2021-09-24 15:43:02.549,17213,17214,17215,1,1
2021-09-24 15:43:02.700,17213,17215,17215,2,2
2021-09-24 15:43:10.486,17214,17215,17215,5,5
2021-09-24 15:43:14.684,17214,17216,17214,1,-1
2021-09-24 15:43:25.407,17213,17214,17214,1,1
2021-09-24 15:43:31.844,17213,17214,17213,1,-1
2021-09-24 15:43:35.576,17213,17214,17214,1,1
2021-09-24 15:43:50.444,17213,17214,17213,1,-1
2021-09-24 15:44:01.500,17212,17213,17212,1,-1
2021-09-24 15:44:11.556,17212,17213,17213,1,1
2021-09-24 15:44:15.444,17212,17214,17212,1,-1
2021-09-24 15:44:20.499,17213,17214,17214,6,6
2021-09-24 15:44:21.575,17213,17215,17213,1,-1
2021-09-24 15:44:30.468,17213,17215,17213,1,-1
2021-09-24 15:44:31.440,17213,17215,17215,2,2
2021-09-24 15:44:35.569,17213,17215,17213,1,-1
2021-09-24 15:44:36.532,17213,17215,17215,1,1
2021-09-24 15:44:38.163,17213,17215,17213,1,-1
2021-09-24 15:44:42.167,17213,17214,17214,2,2
2021-09-24 15:44:42.167,17213,17214,17215,4,4
2021-09-24 15:45:02.623,17214,17215,17214,1,-1
2021-09-24 15:45:02.903,17213,17214,17213,2,-2
2021-09-24 15:45:03.646,17213,17214,17214,1,1
2021-09-24 15:45:06.424,17213,17215,17213,1,-1
2021-09-24 15:45:10.199,17214,17215,17215,1,1
2021-09-24 15:45:14.612,17214,17215,17215,1,1
2021-09-24 15:45:14.612,17214,17215,17215,4,4
2021-09-24 15:45:14.613,17214,17215,17215,1,1
2021-09-24 15:45:14.613,17214,17215,17215,2,2
2021-09-24 15:45:14.613,17214,17215,17215,4,4
2021-09-24 15:45:21.737,17215,17216,17215,1,-1
2021-09-24 15:45:21.738,17215,17216,17215,1,-1
2021-09-24 15:45:30.748,17214,17215,17214,1,-1
2021-09-24 15:45:31.333,17213,17215,17215,1,1
2021-09-24 15:45:42.902,17213,17214,17213,1,-1
2021-09-24 15:45:42.902,17213,17214,17213,1,-1
2021-09-24 15:45:42.902,17213,17214,17213,1,-1
2021-09-24 15:46:04.839,17212,17213,17213,1,1
2021-09-24 15:46:22.029,17212,17213,17212,1,-1
2021-09-24 15:46:28.333,17212,17213,17212,1,-1
2021-09-24 15:46:28.353,17211,17213,17213,1,1
2021-09-24 15:46:28.354,17211,17213,17213,1,1
2021-09-24 15:46:28.354,17211,17213,17213,1,1
2021-09-24 15:46:28.355,17211,17213,17213,1,1
2021-09-24 15:46:35.971,17211,17212,17212,3,3
2021-09-24 15:46:35.978,17211,17213,17213,1,1
2021-09-24 15:46:35.978,17211,17213,17213,1,1
2021-09-24 15:46:35.978,17211,17213,17213,1,1
2021-09-24 15:46:35.979,17211,17213,17214,1,1
2021-09-24 15:46:46.759,17211,17213,17213,1,1
2021-09-24 15:46:47.664,17211,17213,17211,1,-1
2021-09-24 15:46:47.728,17211,17213,17213,1,1
2021-09-24 15:46:47.728,17211,17213,17213,1,1
2021-09-24 15:46:47.729,17211,17213,17213,1,1
2021-09-24 15:46:47.729,17211,17213,17213,1,1
2021-09-24 15:47:01.101,17212,17213,17212,6,-6
2021-09-24 15:47:02.265,17212,17213,17212,1,-1
2021-09-24 15:47:19.593,17212,17213,17212,1,-1
2021-09-24 15:47:30.996,17211,17212,17211,1,-1
2021-09-24 15:47:31.269,17210,17211,17210,2,-2
2021-09-24 15:47:31.661,17210,17211,17210,1,-1
2021-09-24 15:47:31.924,17210,17211,17210,1,-1
2021-09-24 15:47:51.408,17210,17211,17211,1,1
2021-09-24 15:47:52.029,17210,17212,17210,1,-1
2021-09-24 15:47:53.398,17211,17213,17211,2,2
2021-09-24 15:47:59.699,17211,17212,17211,1,-1
2021-09-24 15:48:13.999,17211,17213,17211,1,-1
2021-09-24 15:48:31.126,17211,17212,17211,1,-1
2021-09-24 15:48:31.157,17211,17212,17211,20,-20
2021-09-24 15:48:31.538,17210,17211,17210,1,-1
2021-09-24 15:48:34.490,17210,17211,17210,1,-1
2021-09-24 15:48:37.462,17210,17211,17211,1,1
2021-09-24 15:48:39.950,17210,17211,17210,1,-1
2021-09-24 15:48:40.835,17210,17211,17211,2,2
2021-09-24 15:48:41.452,17211,17212,17211,2,-2
2021-09-24 15:48:41.796,17211,17212,17211,1,-1
2021-09-24 15:48:41.857,17211,17212,17211,1,-1
2021-09-24 15:48:47.647,17211,17213,17211,2,-2
2021-09-24 15:48:50.670,17212,17213,17213,1,1
2021-09-24 15:48:50.670,17212,17213,17213,2,2
2021-09-24 15:49:23.012,17213,17214,17213,1,-1
2021-09-24 15:49:34.359,17213,17214,17214,6,6
2021-09-24 15:49:34.707,17213,17215,17213,1,-1
2021-09-24 15:49:46.845,17213,17215,17214,1,1
2021-09-24 15:50:03.492,17213,17215,17214,1,-1
2021-09-24 15:50:04.660,17214,17215,17215,10,10
2021-09-24 15:50:04.660,17214,17215,17215,1,1
2021-09-24 15:50:04.660,17214,17215,17215,1,1
2021-09-24 15:50:04.660,17214,17215,17215,1,1
2021-09-24 15:50:08.629,17215,17216,17216,7,7
2021-09-24 15:50:23.387,17214,17216,17216,1,1
2021-09-24 15:50:23.478,17214,17216,17214,1,-1
2021-09-24 15:50:23.677,17214,17216,17214,1,-1
2021-09-24 15:50:32.167,17214,17215,17215,1,1
2021-09-24 15:50:51.663,17215,17216,17216,1,1
2021-09-24 15:51:03.705,17215,17216,17215,1,-1
2021-09-24 15:51:03.891,17215,17216,17215,1,-1
2021-09-24 15:51:06.486,17215,17216,17215,1,-1
2021-09-24 15:51:08.718,17215,17216,17215,1,-1
2021-09-24 15:51:09.195,17215,17216,17215,2,-2
2021-09-24 15:51:14.967,17214,17215,17214,1,-1
2021-09-24 15:51:14.968,17214,17215,17214,1,-1
2021-09-24 15:51:25.819,17213,17215,17213,2,-2
2021-09-24 15:51:31.863,17214,17215,17215,2,2
2021-09-24 15:51:34.666,17214,17215,17214,1,-1
2021-09-24 15:51:42.744,17213,17214,17214,1,1
2021-09-24 15:52:02.246,17214,17215,17215,11,11
2021-09-24 15:52:10.347,17214,17215,17215,1,1
2021-09-24 15:52:18.623,17214,17215,17215,1,1
2021-09-24 15:52:24.413,17215,17216,17216,2,2
2021-09-24 15:52:45.763,17215,17216,17216,5,5
2021-09-24 15:52:47.601,17215,17216,17216,2,2
2021-09-24 15:52:47.601,17215,17216,17216,1,1
2021-09-24 15:52:47.601,17215,17216,17216,4,4
2021-09-24 15:52:47.602,17215,17216,17216,2,2
2021-09-24 15:52:47.603,17215,17216,17216,1,1
2021-09-24 15:52:48.913,17216,17217,17216,1,-1
2021-09-24 15:52:48.913,17216,17217,17215,1,-1
2021-09-24 15:52:57.929,17215,17217,17215,1,-1
2021-09-24 15:53:30.951,17216,17217,17216,1,1
2021-09-24 15:53:38.867,17216,17217,17216,1,-1
2021-09-24 15:53:40.523,17215,17216,17216,1,1
2021-09-24 15:53:47.051,17216,17217,17216,1,-1
2021-09-24 15:53:59.220,17216,17217,17216,2,-2
2021-09-24 15:54:00.481,17216,17217,17217,1,1
2021-09-24 15:54:01.269,17216,17217,17216,1,-1
2021-09-24 15:54:01.429,17216,17217,17217,23,23
2021-09-24 15:54:05.652,17216,17218,17218,1,1
2021-09-24 15:54:06.320,17217,17218,17217,1,-1
2021-09-24 15:54:06.700,17216,17218,17218,1,1
2021-09-24 15:54:10.134,17216,17218,17217,1,-1
2021-09-24 15:54:17.093,17216,17218,17216,1,-1
2021-09-24 15:54:29.585,17217,17218,17217,1,1
2021-09-24 15:54:37.329,17216,17217,17217,1,1
2021-09-24 15:54:40.077,17216,17218,17218,1,1
2021-09-24 15:55:00.338,17217,17218,17217,1,-1
2021-09-24 15:55:00.338,17217,17218,17217,2,-2
2021-09-24 15:55:07.143,17216,17217,17217,1,1
2021-09-24 15:55:09.436,17216,17217,17216,2,-2
2021-09-24 15:55:18.306,17215,17216,17215,1,-1
2021-09-24 15:55:34.811,17215,17216,17215,1,-1
2021-09-24 15:55:38.284,17215,17216,17215,3,-3
2021-09-24 15:55:39.804,17215,17216,17215,1,-1
2021-09-24 15:56:00.789,17215,17216,17216,4,4
2021-09-24 15:56:12.385,17216,17217,17216,1,-1
2021-09-24 15:56:19.957,17216,17217,17216,1,-1
2021-09-24 15:56:34.832,17215,17216,17216,1,1
2021-09-24 15:56:50.497,17215,17216,17216,1,1
2021-09-24 15:56:50.713,17215,17216,17215,1,-1
2021-09-24 15:56:50.823,17215,17216,17216,1,1
2021-09-24 15:56:55.696,17215,17216,17216,1,1
2021-09-24 15:57:22.843,17215,17216,17215,1,-1
2021-09-24 15:57:34.299,17215,17216,17216,1,1
2021-09-24 15:57:44.481,17215,17216,17215,3,-3
2021-09-24 15:57:44.481,17215,17216,17215,4,-4
2021-09-24 15:57:44.481,17215,17216,17215,4,-4
2021-09-24 15:57:50.221,17214,17215,17214,12,-12
2021-09-24 15:58:17.874,17213,17214,17214,1,1
2021-09-24 15:58:23.417,17213,17214,17213,4,-4
2021-09-24 15:58:29.613,17212,17213,17212,5,-5
2021-09-24 15:58:29.726,17212,17213,17212,4,-4
2021-09-24 15:58:34.283,17211,17212,17211,1,-1
2021-09-24 15:58:42.204,17211,17212,17211,1,-1
2021-09-24 15:58:49.257,17211,17212,17211,1,-1
2021-09-24 15:59:01.210,17211,17212,17211,1,-1
2021-09-24 15:59:05.412,17211,17212,17212,1,1
2021-09-24 15:59:09.604,17211,17212,17212,1,1
2021-09-24 15:59:15.535,17212,17214,17212,7,-7
2021-09-24 15:59:15.536,17212,17214,17212,2,-2
2021-09-24 15:59:15.536,17212,17214,17212,1,-1
2021-09-24 15:59:19.499,17212,17214,17212,1,-1
2021-09-24 15:59:41.820,17212,17214,17212,1,-1
2021-09-24 16:00:00.165,17212,17214,17212,2,-2
2021-09-24 16:00:03.158,17214,17215,17215,2,2
2021-09-24 16:00:03.920,17215,17216,17215,1,-1
2021-09-24 16:00:10.076,17214,17215,17215,2,2
2021-09-24 16:00:10.076,17214,17215,17215,1,1
2021-09-24 16:00:10.076,17214,17215,17215,1,1
2021-09-24 16:00:10.077,17214,17215,17215,1,1
2021-09-24 16:00:10.880,17214,17215,17215,1,1
2021-09-24 16:00:18.296,17214,17215,17215,1,1
2021-09-24 16:00:19.212,17214,17215,17215,1,1
2021-09-24 16:00:24.092,17214,17215,17214,1,-1
2021-09-24 16:00:27.016,17213,17214,17213,1,-1
2021-09-24 16:00:35.322,17212,17213,17213,2,2
2021-09-24 16:00:35.322,17212,17213,17213,1,1
2021-09-24 16:00:52.993,17212,17213,17212,2,-2
2021-09-24 16:01:02.104,17212,17213,17212,1,-1
2021-09-24 16:01:02.104,17212,17213,17212,1,-1
2021-09-24 16:01:02.105,17212,17213,17212,2,-2
2021-09-24 16:01:02.108,17212,17213,17212,4,-4
2021-09-24 16:01:20.707,17212,17213,17213,1,1
2021-09-24 16:01:34.957,17213,17214,17214,1,1
2021-09-24 16:02:01.533,17215,17216,17216,7,7
2021-09-24 16:02:15.376,17216,17217,17216,1,-1
2021-09-24 16:02:16.491,17216,17217,17216,1,-1
2021-09-24 16:02:16.491,17216,17217,17216,3,-3
2021-09-24 16:02:25.066,17216,17217,17216,1,-1
2021-09-24 16:02:25.176,17216,17217,17217,5,5
2021-09-24 16:02:25.176,17216,17217,17217,3,3
2021-09-24 16:02:25.176,17216,17217,17217,1,1
2021-09-24 16:02:25.176,17216,17217,17217,7,7
2021-09-24 16:02:49.898,17217,17218,17217,1,-1
2021-09-24 16:02:54.816,17216,17217,17217,1,1
2021-09-24 16:02:55.100,17216,17217,17216,1,-1
2021-09-24 16:03:06.714,17216,17217,17216,1,-1
2021-09-24 16:03:06.714,17216,17217,17216,2,-2
2021-09-24 16:03:06.715,17216,17217,17216,2,-2
2021-09-24 16:03:06.978,17216,17217,17216,1,-1
2021-09-24 16:03:07.003,17216,17217,17216,1,-1
2021-09-24 16:03:16.359,17217,17218,17217,1,1
2021-09-24 16:03:19.351,17217,17218,17218,4,4
2021-09-24 16:03:19.351,17217,17218,17218,8,8
2021-09-24 16:03:20.696,17217,17219,17219,4,4
2021-09-24 16:03:27.139,17219,17220,17219,1,-1
2021-09-24 16:03:30.549,17218,17219,17219,1,1
2021-09-24 16:03:40.510,17219,17220,17219,1,-1
2021-09-24 16:03:43.748,17219,17220,17219,5,-5
2021-09-24 16:03:43.749,17219,17220,17219,1,-1
2021-09-24 16:03:44.579,17218,17220,17220,1,1
2021-09-24 16:03:44.999,17218,17220,17220,1,1
2021-09-24 16:03:51.053,17218,17220,17220,1,1
2021-09-24 16:03:58.356,17218,17219,17219,2,2
2021-09-24 16:04:06.465,17218,17219,17218,1,-1
2021-09-24 16:04:09.756,17217,17218,17218,1,1
2021-09-24 16:04:16.767,17216,17218,17217,1,-1
2021-09-24 16:04:21.521,17216,17217,17217,4,4
2021-09-24 16:04:29.998,17217,17218,17217,1,-1
2021-09-24 16:04:34.379,17216,17217,17217,1,1
2021-09-24 16:04:34.379,17216,17217,17217,1,1
2021-09-24 16:04:44.537,17216,17217,17216,1,-1
2021-09-24 16:04:51.921,17216,17217,17216,1,-1
2021-09-24 16:04:51.921,17216,17217,17215,1,-1
2021-09-24 16:05:00.957,17215,17216,17216,1,1
2021-09-24 16:05:00.984,17215,17216,17216,1,1
2021-09-24 16:05:01.754,17215,17217,17217,1,1
2021-09-24 16:05:10.294,17215,17216,17215,1,-1
2021-09-24 16:05:10.295,17215,17216,17215,1,-1
2021-09-24 16:05:10.295,17215,17216,17215,2,-2
2021-09-24 16:05:10.296,17215,17216,17215,4,-4
2021-09-24 16:05:17.199,17214,17215,17215,1,1
2021-09-24 16:05:17.349,17214,17215,17214,1,-1
2021-09-24 16:05:18.888,17214,17215,17215,1,1
2021-09-24 16:05:19.202,17214,17216,17214,1,-1
2021-09-24 16:05:22.469,17214,17215,17214,1,-1
2021-09-24 16:05:27.948,17214,17215,17214,3,-3
2021-09-24 16:05:33.145,17213,17214,17213,1,-1
2021-09-24 16:05:42.681,17213,17214,17213,1,-1
2021-09-24 16:05:43.411,17213,17214,17213,1,-1
2021-09-24 16:05:43.429,17213,17214,17212,1,-1
2021-09-24 16:05:50.434,17213,17214,17214,1,1
2021-09-24 16:05:58.642,17214,17216,17214,1,-1
2021-09-24 16:06:09.618,17213,17214,17214,1,1
2021-09-24 16:06:11.145,17214,17215,17214,1,-1
2021-09-24 16:06:13.229,17213,17215,17213,1,-1
2021-09-24 16:06:13.392,17213,17215,17213,1,-1
2021-09-24 16:06:13.416,17213,17215,17213,1,-1
2021-09-24 16:06:14.619,17213,17214,17214,1,1
2021-09-24 16:06:15.673,17213,17214,17214,2,2
2021-09-24 16:06:15.673,17213,17214,17214,1,1
2021-09-24 16:06:16.019,17214,17215,17214,1,-1
2021-09-24 16:06:32.485,17214,17215,17214,2,-2
2021-09-24 16:06:36.825,17214,17215,17214,1,-1
2021-09-24 16:06:40.676,17214,17215,17215,1,1
2021-09-24 16:06:40.676,17214,17215,17215,4,4
2021-09-24 16:06:40.677,17214,17215,17215,3,3
2021-09-24 16:06:58.688,17215,17217,17217,1,1
2021-09-24 16:07:08.131,17216,17217,17217,3,3
2021-09-24 16:07:16.101,17215,17217,17217,1,1
2021-09-24 16:07:19.034,17216,17217,17216,3,-3
2021-09-24 16:07:43.940,17215,17216,17215,1,-1
2021-09-24 16:07:44.624,17214,17216,17214,1,-1
2021-09-24 16:07:49.827,17214,17215,17215,1,1
2021-09-24 16:07:50.490,17214,17215,17214,1,-1
2021-09-24 16:07:50.490,17214,17215,17214,1,-1
2021-09-24 16:07:50.490,17214,17215,17214,1,-1
2021-09-24 16:07:50.490,17214,17215,17214,2,-2
2021-09-24 16:07:50.491,17214,17215,17214,1,-1
2021-09-24 16:07:50.689,17213,17214,17213,5,-5
2021-09-24 16:07:54.941,17212,17213,17212,1,-1
2021-09-24 16:07:54.942,17212,17213,17212,20,-20
2021-09-24 16:07:55.117,17211,17212,17211,6,-6
2021-09-24 16:07:55.293,17211,17212,17211,1,-1
2021-09-24 16:07:55.352,17211,17212,17211,1,-1
2021-09-24 16:07:58.612,17211,17212,17211,1,-1
2021-09-24 16:07:59.339,17211,17212,17211,8,-8
2021-09-24 16:07:59.601,17210,17211,17210,8,-8
2021-09-24 16:08:02.023,17211,17213,17211,4,4
2021-09-24 16:08:06.849,17211,17212,17211,2,-2
2021-09-24 16:08:19.578,17211,17212,17211,1,-1
2021-09-24 16:08:19.578,17211,17212,17211,1,-1
2021-09-24 16:08:20.193,17210,17211,17211,2,2
2021-09-24 16:08:20.763,17210,17212,17211,1,-1
2021-09-24 16:08:22.638,17210,17211,17210,1,-1
2021-09-24 16:08:24.370,17210,17211,17210,3,-3
2021-09-24 16:08:24.371,17210,17211,17210,1,-1
2021-09-24 16:08:24.476,17210,17211,17210,11,-11
2021-09-24 16:08:24.477,17210,17211,17210,2,-2
2021-09-24 16:08:30.791,17210,17211,17210,1,-1
2021-09-24 16:08:31.774,17210,17211,17210,1,-1
2021-09-24 16:08:32.136,17209,17210,17210,1,1
2021-09-24 16:08:33.047,17209,17210,17210,1,1
2021-09-24 16:08:38.908,17209,17210,17210,1,1
2021-09-24 16:08:44.160,17209,17210,17209,1,-1
2021-09-24 16:08:44.434,17209,17210,17209,1,-1
2021-09-24 16:08:47.072,17209,17210,17209,2,-2
2021-09-24 16:08:47.323,17209,17210,17209,1,-1
2021-09-24 16:08:48.182,17209,17210,17210,1,1
2021-09-24 16:08:49.193,17209,17211,17209,1,-1
2021-09-24 16:08:49.856,17210,17211,17210,5,5
2021-09-24 16:08:54.191,17209,17210,17209,1,-1
2021-09-24 16:08:55.175,17209,17210,17209,1,-1
2021-09-24 16:08:56.191,17209,17210,17209,1,-1
2021-09-24 16:08:56.206,17209,17210,17210,1,1
2021-09-24 16:08:59.142,17209,17210,17209,14,-14
2021-09-24 16:09:00.052,17208,17209,17209,2,2
2021-09-24 16:09:05.346,17208,17209,17209,1,1
2021-09-24 16:09:05.346,17208,17209,17209,1,1
2021-09-24 16:09:05.346,17208,17209,17209,2,2
2021-09-24 16:09:05.635,17209,17210,17209,1,-1
2021-09-24 16:09:06.009,17208,17210,17208,5,-5
2021-09-24 16:09:08.573,17208,17210,17208,1,-1
2021-09-24 16:09:10.422,17208,17210,17208,1,-1
2021-09-24 16:09:26.431,17208,17209,17209,2,2
2021-09-24 16:09:26.609,17209,17211,17209,1,-1
2021-09-24 16:09:28.346,17209,17210,17209,1,-1
2021-09-24 16:09:31.264,17209,17210,17209,1,-1
2021-09-24 16:09:31.620,17208,17209,17208,1,-1
2021-09-24 16:09:39.692,17208,17209,17209,1,1
2021-09-24 16:09:39.692,17208,17209,17209,1,1
2021-09-24 16:09:40.020,17209,17211,17209,4,-4
2021-09-24 16:09:47.227,17210,17211,17211,1,1
2021-09-24 16:09:57.092,17211,17213,17211,3,-3
2021-09-24 16:09:57.672,17211,17213,17211,2,-2
2021-09-24 16:09:59.793,17212,17213,17212,1,1
2021-09-24 16:10:01.433,17210,17213,17212,1,-1
2021-09-24 16:10:12.759,17210,17211,17210,1,-1
2021-09-24 16:10:14.941,17210,17211,17211,1,1
2021-09-24 16:10:16.682,17210,17211,17210,2,-2
2021-09-24 16:10:16.689,17210,17211,17210,1,-1
2021-09-24 16:10:16.946,17209,17211,17209,1,-1
2021-09-24 16:10:21.551,17209,17210,17209,1,-1
2021-09-24 16:10:24.894,17209,17210,17210,1,1
2021-09-24 16:10:30.610,17210,17211,17210,1,-1
2021-09-24 16:10:42.244,17209,17210,17210,1,1
2021-09-24 16:10:45.032,17210,17212,17210,1,-1
2021-09-24 16:10:47.533,17210,17212,17212,2,2
2021-09-24 16:10:48.309,17210,17212,17212,2,2
2021-09-24 16:11:01.398,17211,17212,17212,1,1
2021-09-24 16:11:06.048,17212,17213,17213,1,1
2021-09-24 16:11:06.048,17212,17213,17213,3,3
2021-09-24 16:11:07.404,17213,17214,17214,2,2
2021-09-24 16:11:10.920,17214,17215,17214,1,-1
2021-09-24 16:11:24.732,17213,17214,17213,1,-1
2021-09-24 16:11:29.516,17213,17214,17213,1,-1
2021-09-24 16:11:32.998,17213,17214,17213,1,-1
2021-09-24 16:11:34.608,17213,17214,17213,1,-1
2021-09-24 16:11:40.778,17212,17214,17214,2,2
