2019-07-12 15:00:00.061,10802,10803,10803,39
2019-07-12 15:00:00.070,10802,10803,10803,1
2019-07-12 15:00:00.156,10802,10803,10802,4
2019-07-12 15:00:00.168,10802,10803,10802,1
2019-07-12 15:00:00.581,10802,10803,10802,1
2019-07-12 15:00:00.644,10802,10803,10803,1
2019-07-12 15:00:01.677,10802,10803,10803,1
2019-07-12 15:00:01.780,10802,10803,10802,1
2019-07-12 15:00:02.047,10802,10803,10802,1
2019-07-12 15:00:02.052,10802,10803,10802,1
2019-07-12 15:00:02.262,10802,10803,10802,1
2019-07-12 15:00:02.712,10802,10803,10802,1
2019-07-12 15:00:02.982,10802,10803,10802,2
2019-07-12 15:00:02.991,10802,10803,10802,4
2019-07-12 15:00:03.060,10802,10803,10802,2
2019-07-12 15:00:03.070,10802,10803,10802,2
2019-07-12 15:00:04.290,10802,10803,10803,1
2019-07-12 15:00:04.473,10802,10803,10802,2
2019-07-12 15:00:04.525,10802,10803,10803,1
2019-07-12 15:00:05.469,10802,10803,10802,19
2019-07-12 15:00:05.509,10802,10803,10803,1
2019-07-12 15:00:05.932,10801,10802,10802,1
2019-07-12 15:00:06.280,10801,10802,10802,1
2019-07-12 15:00:06.314,10801,10802,10802,1
2019-07-12 15:00:06.339,10801,10802,10802,1
2019-07-12 15:00:07.692,10801,10802,10802,2
2019-07-12 15:00:10.491,10801,10802,10802,1
2019-07-12 15:00:10.776,10801,10802,10802,1
2019-07-12 15:00:11.221,10801,10802,10801,1
2019-07-12 15:00:11.531,10801,10802,10802,1
2019-07-12 15:00:11.802,10801,10802,10801,1
2019-07-12 15:00:12.031,10801,10802,10802,2
2019-07-12 15:00:12.033,10801,10802,10802,2
2019-07-12 15:00:12.036,10801,10802,10802,1
2019-07-12 15:00:12.914,10801,10802,10801,4
2019-07-12 15:00:12.927,10801,10802,10802,1
2019-07-12 15:00:12.943,10801,10802,10802,2
2019-07-12 15:00:12.967,10802,10803,10802,2
2019-07-12 15:00:13.014,10802,10803,10802,4
2019-07-12 15:00:13.015,10802,10803,10802,1
2019-07-12 15:00:13.041,10802,10803,10802,2
2019-07-12 15:00:13.041,10802,10803,10801,2
2019-07-12 15:00:13.072,10801,10803,10801,2
2019-07-12 15:00:13.100,10801,10803,10802,4
2019-07-12 15:00:13.132,10801,10803,10802,2
2019-07-12 15:00:13.132,10801,10803,10801,2
2019-07-12 15:00:13.173,10801,10803,10801,4
2019-07-12 15:00:13.184,10801,10803,10801,4
2019-07-12 15:00:13.233,10801,10803,10801,4
2019-07-12 15:00:13.451,10801,10802,10802,1
2019-07-12 15:00:13.767,10801,10802,10802,1
2019-07-12 15:00:14.542,10801,10802,10802,2
2019-07-12 15:00:19.082,10801,10802,10802,1
2019-07-12 15:00:21.898,10802,10803,10803,1
2019-07-12 15:00:22.477,10802,10803,10802,3
2019-07-12 15:00:27.248,10802,10803,10802,1
2019-07-12 15:00:27.317,10802,10803,10803,7
2019-07-12 15:00:28.942,10802,10803,10803,1
2019-07-12 15:00:30.080,10802,10803,10803,1
2019-07-12 15:00:30.171,10802,10803,10802,1
2019-07-12 15:00:31.188,10802,10803,10803,1
2019-07-12 15:00:34.534,10803,10804,10803,1
2019-07-12 15:00:34.877,10803,10804,10804,1
2019-07-12 15:00:35.402,10803,10804,10804,3
2019-07-12 15:00:36.410,10803,10804,10804,2
2019-07-12 15:00:42.727,10803,10804,10804,1
2019-07-12 15:00:47.642,10803,10804,10804,1
2019-07-12 15:00:48.287,10803,10804,10804,1
2019-07-12 15:00:49.334,10803,10804,10803,3
2019-07-12 15:00:50.028,10803,10804,10804,1
2019-07-12 15:00:51.010,10803,10804,10804,1
2019-07-12 15:00:52.186,10803,10804,10804,1
2019-07-12 15:00:52.959,10803,10804,10804,1
2019-07-12 15:00:56.832,10803,10804,10803,1
2019-07-12 15:00:59.174,10803,10804,10803,15
2019-07-12 15:01:00.004,10803,10804,10803,1
2019-07-12 15:01:00.022,10803,10804,10802,2
2019-07-12 15:01:00.130,10802,10804,10802,2
2019-07-12 15:01:02.122,10802,10803,10802,4
2019-07-12 15:01:02.124,10802,10803,10802,4
2019-07-12 15:01:02.147,10802,10803,10802,3
2019-07-12 15:01:02.180,10802,10803,10802,3
2019-07-12 15:01:02.193,10802,10803,10802,2
2019-07-12 15:01:02.198,10802,10803,10802,1
2019-07-12 15:01:03.392,10802,10803,10802,1
2019-07-12 15:01:03.393,10802,10803,10802,4
2019-07-12 15:01:04.085,10801,10802,10802,2
2019-07-12 15:01:04.269,10801,10802,10801,4
2019-07-12 15:01:08.220,10801,10802,10801,8
2019-07-12 15:01:08.703,10800,10801,10801,1
2019-07-12 15:01:08.713,10800,10801,10801,2
2019-07-12 15:01:08.720,10800,10801,10801,1
2019-07-12 15:01:09.143,10800,10801,10801,1
2019-07-12 15:01:10.754,10800,10801,10801,1
2019-07-12 15:01:10.822,10800,10801,10801,1
2019-07-12 15:01:10.888,10800,10801,10801,1
2019-07-12 15:01:14.157,10800,10801,10801,1
2019-07-12 15:01:14.201,10800,10801,10801,1
2019-07-12 15:01:15.474,10800,10802,10802,1
2019-07-12 15:01:15.630,10800,10802,10801,1
2019-07-12 15:01:16.185,10801,10802,10801,1
2019-07-12 15:01:17.074,10801,10802,10802,1
2019-07-12 15:01:18.227,10801,10802,10801,1
2019-07-12 15:01:20.094,10801,10802,10801,1
2019-07-12 15:01:23.736,10801,10802,10801,3
2019-07-12 15:01:25.565,10801,10802,10802,4
2019-07-12 15:01:27.449,10801,10802,10802,2
2019-07-12 15:01:27.450,10801,10802,10802,3
2019-07-12 15:01:29.780,10802,10803,10802,3
2019-07-12 15:01:29.780,10802,10803,10801,17
2019-07-12 15:01:29.948,10802,10803,10802,2
2019-07-12 15:01:29.950,10802,10803,10802,2
2019-07-12 15:01:29.958,10802,10803,10802,2
2019-07-12 15:01:30.007,10802,10803,10802,2
2019-07-12 15:01:34.919,10802,10803,10803,5
2019-07-12 15:01:37.081,10802,10803,10802,10
2019-07-12 15:01:38.188,10802,10803,10802,1
2019-07-12 15:01:46.400,10801,10803,10803,2
2019-07-12 15:01:53.352,10802,10803,10802,5
2019-07-12 15:01:59.693,10802,10803,10802,6
2019-07-12 15:02:00.527,10802,10803,10802,9
2019-07-12 15:02:02.460,10801,10802,10802,1
2019-07-12 15:02:02.708,10801,10803,10801,1
2019-07-12 15:02:11.077,10801,10802,10802,1
2019-07-12 15:02:11.601,10801,10802,10801,2
2019-07-12 15:02:15.007,10801,10802,10802,1
2019-07-12 15:02:21.715,10801,10802,10801,1
2019-07-12 15:02:23.187,10801,10802,10802,1
2019-07-12 15:02:24.190,10801,10802,10802,5
2019-07-12 15:02:24.198,10801,10802,10802,5
2019-07-12 15:02:28.348,10802,10803,10802,1
2019-07-12 15:02:34.579,10802,10803,10802,2
2019-07-12 15:02:35.131,10802,10803,10802,10
2019-07-12 15:02:42.010,10801,10802,10802,2
2019-07-12 15:02:47.274,10801,10802,10802,1
2019-07-12 15:02:56.782,10801,10802,10802,3
2019-07-12 15:02:56.823,10801,10802,10802,7
2019-07-12 15:03:02.818,10802,10803,10802,2
2019-07-12 15:03:02.859,10802,10803,10802,8
2019-07-12 15:03:10.774,10802,10803,10802,1
2019-07-12 15:03:10.823,10801,10803,10802,1
2019-07-12 15:03:12.075,10802,10803,10802,2
2019-07-12 15:03:13.538,10801,10802,10802,2
2019-07-12 15:03:14.570,10801,10802,10802,1
2019-07-12 15:03:16.204,10801,10803,10802,1
2019-07-12 15:03:17.416,10801,10802,10802,1
2019-07-12 15:03:23.096,10801,10802,10802,2
2019-07-12 15:03:26.442,10801,10802,10802,1
2019-07-12 15:03:27.848,10801,10802,10802,2
2019-07-12 15:03:31.256,10801,10802,10801,17
2019-07-12 15:03:31.323,10801,10802,10801,4
2019-07-12 15:03:31.323,10801,10802,10801,15
2019-07-12 15:03:31.356,10801,10802,10800,1
2019-07-12 15:03:31.573,10800,10801,10801,1
2019-07-12 15:03:32.367,10800,10801,10800,2
2019-07-12 15:03:33.120,10801,10802,10801,1
2019-07-12 15:03:33.568,10800,10802,10802,1
2019-07-12 15:03:33.721,10801,10802,10801,1
2019-07-12 15:03:35.498,10800,10801,10801,9
2019-07-12 15:03:39.773,10801,10802,10801,1
2019-07-12 15:03:39.947,10801,10802,10802,1
2019-07-12 15:03:40.029,10801,10802,10801,2
2019-07-12 15:03:40.559,10800,10802,10801,1
2019-07-12 15:03:44.191,10800,10802,10801,1
2019-07-12 15:03:48.506,10800,10801,10801,3
2019-07-12 15:03:48.573,10800,10801,10801,3
2019-07-12 15:03:48.667,10800,10801,10800,1
2019-07-12 15:03:50.023,10800,10801,10800,1
2019-07-12 15:03:50.046,10800,10801,10800,1
2019-07-12 15:03:50.060,10800,10801,10800,1
2019-07-12 15:03:50.063,10800,10801,10800,1
2019-07-12 15:03:50.070,10800,10801,10800,1
2019-07-12 15:03:50.080,10800,10801,10800,1
2019-07-12 15:03:50.104,10800,10801,10800,1
2019-07-12 15:03:50.140,10800,10801,10800,1
2019-07-12 15:03:50.170,10800,10801,10800,1
2019-07-12 15:03:50.200,10800,10801,10801,1
2019-07-12 15:03:50.209,10800,10801,10800,1
2019-07-12 15:03:54.931,10800,10801,10801,1
2019-07-12 15:03:57.398,10800,10801,10800,1
2019-07-12 15:04:00.330,10800,10801,10800,1
2019-07-12 15:04:02.912,10800,10801,10800,10
2019-07-12 15:04:03.105,10800,10801,10800,10
2019-07-12 15:04:03.386,10800,10801,10800,1
2019-07-12 15:04:04.833,10800,10801,10800,2
2019-07-12 15:04:05.528,10800,10801,10801,3
2019-07-12 15:04:07.489,10800,10801,10800,1
2019-07-12 15:04:09.083,10800,10801,10800,22
2019-07-12 15:04:09.713,10799,10800,10800,2
2019-07-12 15:04:10.185,10799,10800,10800,1
2019-07-12 15:04:10.373,10799,10800,10800,1
2019-07-12 15:04:12.089,10799,10800,10800,2
2019-07-12 15:04:12.636,10799,10800,10800,1
2019-07-12 15:04:21.839,10799,10800,10799,24
2019-07-12 15:04:21.988,10798,10799,10798,1
2019-07-12 15:04:22.038,10798,10799,10798,1
2019-07-12 15:04:22.076,10798,10799,10798,39
2019-07-12 15:04:22.076,10798,10799,10798,1
2019-07-12 15:04:22.140,10798,10799,10798,1
2019-07-12 15:04:22.474,10798,10799,10798,1
2019-07-12 15:04:22.503,10798,10799,10797,1
2019-07-12 15:04:22.712,10797,10799,10797,1
2019-07-12 15:04:22.939,10797,10799,10797,2
2019-07-12 15:04:26.049,10798,10799,10799,1
2019-07-12 15:04:27.798,10798,10799,10798,1
2019-07-12 15:04:28.267,10798,10799,10798,1
2019-07-12 15:04:29.831,10798,10799,10798,1
2019-07-12 15:04:32.125,10798,10799,10798,2
2019-07-12 15:04:33.448,10798,10799,10798,1
2019-07-12 15:04:34.532,10798,10799,10799,4
2019-07-12 15:04:35.589,10798,10799,10798,1
2019-07-12 15:04:37.026,10798,10799,10798,1
2019-07-12 15:04:37.353,10798,10799,10798,2
2019-07-12 15:04:38.200,10798,10799,10798,1
2019-07-12 15:04:39.735,10798,10799,10798,1
2019-07-12 15:04:39.797,10798,10799,10798,2
2019-07-12 15:04:40.178,10798,10799,10798,1
2019-07-12 15:04:41.613,10798,10799,10799,11
2019-07-12 15:04:48.799,10798,10799,10798,1
2019-07-12 15:04:49.573,10798,10799,10798,3
2019-07-12 15:04:50.656,10798,10799,10799,1
2019-07-12 15:04:52.560,10798,10799,10799,1
2019-07-12 15:04:54.476,10798,10799,10798,1
2019-07-12 15:04:55.722,10798,10799,10799,1
2019-07-12 15:04:56.309,10798,10799,10799,7
2019-07-12 15:04:56.573,10798,10799,10799,1
2019-07-12 15:04:56.659,10798,10799,10798,1
2019-07-12 15:04:56.700,10798,10800,10799,4
2019-07-12 15:04:56.700,10798,10800,10798,26
2019-07-12 15:04:56.712,10798,10800,10798,3
2019-07-12 15:04:57.108,10798,10799,10799,3
2019-07-12 15:04:59.096,10798,10799,10799,1
2019-07-12 15:05:03.019,10798,10799,10798,8
2019-07-12 15:05:03.344,10798,10799,10798,1
2019-07-12 15:05:03.809,10798,10799,10798,1
2019-07-12 15:05:06.988,10798,10799,10798,5
2019-07-12 15:05:11.134,10798,10799,10799,1
2019-07-12 15:05:11.576,10798,10799,10798,1
2019-07-12 15:05:12.323,10798,10799,10799,8
2019-07-12 15:05:15.053,10798,10800,10798,2
2019-07-12 15:05:16.190,10798,10799,10799,1
2019-07-12 15:05:21.932,10798,10799,10799,1
2019-07-12 15:05:27.467,10798,10799,10798,5
2019-07-12 15:05:31.452,10798,10799,10799,3
2019-07-12 15:05:33.874,10798,10799,10798,3
2019-07-12 15:05:40.178,10798,10799,10798,5
2019-07-12 15:05:40.655,10798,10799,10799,1
2019-07-12 15:05:44.448,10798,10799,10799,6
2019-07-12 15:05:46.043,10799,10800,10799,1
2019-07-12 15:05:46.154,10799,10800,10799,1
2019-07-12 15:05:47.765,10799,10800,10799,2
2019-07-12 15:05:48.482,10799,10800,10799,1
2019-07-12 15:05:49.442,10799,10800,10799,1
2019-07-12 15:05:52.081,10799,10800,10800,1
2019-07-12 15:05:53.009,10799,10800,10799,1
2019-07-12 15:06:02.527,10799,10800,10799,4
2019-07-12 15:06:02.816,10799,10800,10799,2
2019-07-12 15:06:02.906,10799,10800,10799,2
2019-07-12 15:06:16.663,10799,10800,10799,2
2019-07-12 15:06:19.843,10799,10800,10799,1
2019-07-12 15:06:25.704,10799,10800,10799,1
2019-07-12 15:06:34.198,10799,10800,10800,9
2019-07-12 15:06:34.324,10799,10800,10800,18
2019-07-12 15:06:39.284,10800,10801,10800,1
2019-07-12 15:06:44.362,10800,10801,10800,5
2019-07-12 15:06:50.327,10800,10801,10801,1
2019-07-12 15:06:51.924,10800,10801,10800,8
2019-07-12 15:06:54.491,10800,10801,10800,1
2019-07-12 15:07:02.278,10800,10801,10800,1
2019-07-12 15:07:22.774,10800,10801,10800,4
2019-07-12 15:07:38.997,10800,10801,10801,15
2019-07-12 15:07:49.909,10800,10801,10801,1
2019-07-12 15:07:53.018,10800,10801,10801,1
2019-07-12 15:07:54.472,10800,10801,10801,1
2019-07-12 15:08:01.697,10800,10801,10801,1
2019-07-12 15:08:02.338,10800,10801,10800,4
2019-07-12 15:08:15.062,10800,10801,10800,2
2019-07-12 15:08:20.958,10800,10801,10801,1
2019-07-12 15:08:41.917,10800,10801,10801,1
2019-07-12 15:08:46.732,10800,10801,10801,1
2019-07-12 15:08:46.823,10800,10801,10801,1
2019-07-12 15:08:48.454,10801,10802,10801,2
2019-07-12 15:08:57.725,10800,10801,10801,1
2019-07-12 15:08:58.405,10801,10802,10801,1
2019-07-12 15:09:08.082,10800,10802,10800,2
2019-07-12 15:09:10.866,10801,10802,10801,1
2019-07-12 15:09:13.393,10801,10802,10801,1
2019-07-12 15:09:15.352,10801,10802,10801,1
2019-07-12 15:09:24.767,10800,10801,10801,1
2019-07-12 15:09:32.642,10800,10801,10801,1
2019-07-12 15:09:36.804,10800,10801,10801,1
2019-07-12 15:09:38.701,10800,10801,10801,8
2019-07-12 15:09:41.892,10800,10801,10801,4
2019-07-12 15:09:43.963,10800,10801,10801,1
2019-07-12 15:09:46.091,10800,10801,10801,2
2019-07-12 15:09:49.232,10800,10801,10801,2
2019-07-12 15:09:57.198,10801,10802,10801,1
2019-07-12 15:10:02.218,10800,10801,10801,1
2019-07-12 15:10:02.647,10800,10801,10800,2
2019-07-12 15:10:05.103,10800,10801,10801,1
2019-07-12 15:10:05.513,10801,10802,10802,1
2019-07-12 15:10:15.643,10801,10802,10801,1
2019-07-12 15:10:15.709,10800,10801,10801,1
2019-07-12 15:10:16.351,10800,10801,10801,1
2019-07-12 15:10:40.616,10800,10801,10801,1
2019-07-12 15:10:52.439,10800,10801,10801,1
2019-07-12 15:10:57.350,10800,10801,10801,1
2019-07-12 15:11:06.422,10800,10801,10801,1
2019-07-12 15:11:10.328,10800,10801,10801,1
2019-07-12 15:11:14.142,10800,10801,10801,1
2019-07-12 15:11:18.830,10800,10801,10801,1
2019-07-12 15:11:24.245,10800,10801,10801,2
2019-07-12 15:11:25.157,10800,10801,10801,1
2019-07-12 15:11:31.410,10800,10801,10801,1
2019-07-12 15:11:39.198,10800,10801,10801,1
2019-07-12 15:11:41.929,10800,10801,10801,1
2019-07-12 15:11:49.630,10800,10801,10801,1
2019-07-12 15:11:58.399,10800,10801,10801,1
2019-07-12 15:12:20.224,10800,10801,10801,1
2019-07-12 15:12:20.335,10800,10801,10801,1
2019-07-12 15:12:28.847,10801,10802,10801,1
2019-07-12 15:12:33.167,10801,10802,10801,1
2019-07-12 15:12:41.107,10801,10802,10801,7
2019-07-12 15:12:51.901,10800,10801,10800,1
2019-07-12 15:12:55.691,10800,10801,10800,25
2019-07-12 15:13:00.807,10800,10801,10800,2
2019-07-12 15:13:01.975,10800,10801,10800,19
2019-07-12 15:13:15.008,10799,10800,10800,1
2019-07-12 15:13:21.266,10799,10800,10800,1
2019-07-12 15:13:26.484,10799,10800,10800,1
2019-07-12 15:13:39.497,10799,10800,10800,2
2019-07-12 15:13:41.681,10799,10800,10800,2
2019-07-12 15:14:13.823,10799,10800,10800,1
2019-07-12 15:14:26.280,10799,10800,10799,3
2019-07-12 15:16:04.551,10799,10800,10799,5
2019-07-12 15:16:04.946,10799,10800,10799,3
2019-07-12 15:16:05.373,10799,10800,10799,1
2019-07-12 15:16:05.443,10799,10800,10799,2
2019-07-12 15:16:07.781,10799,10800,10799,2
2019-07-12 15:16:09.264,10799,10800,10799,1
2019-07-12 15:16:15.745,10799,10800,10799,5
2019-07-12 15:16:24.314,10799,10800,10799,1
2019-07-12 15:16:24.325,10799,10800,10799,5
2019-07-12 15:16:24.449,10799,10800,10799,4
2019-07-12 15:16:27.236,10799,10800,10799,8
2019-07-12 15:16:27.414,10798,10800,10798,1
2019-07-12 15:16:32.669,10798,10799,10798,1
2019-07-12 15:16:39.563,10798,10799,10798,1
2019-07-12 15:16:42.100,10798,10799,10798,2
2019-07-12 15:16:42.464,10798,10799,10798,1
2019-07-12 15:16:49.823,10798,10799,10798,9
2019-07-12 15:16:49.823,10798,10799,10798,14
2019-07-12 15:16:49.824,10798,10799,10798,5
2019-07-12 15:16:49.948,10798,10799,10798,2
2019-07-12 15:16:49.948,10798,10799,10798,1
2019-07-12 15:16:49.948,10798,10799,10798,2
2019-07-12 15:16:49.948,10798,10799,10798,1
2019-07-12 15:16:49.948,10798,10799,10798,2
2019-07-12 15:16:49.948,10798,10799,10798,1
2019-07-12 15:16:49.948,10798,10799,10798,1
2019-07-12 15:16:49.948,10798,10799,10798,1
2019-07-12 15:16:49.948,10798,10799,10798,1
2019-07-12 15:16:49.948,10798,10799,10798,1
2019-07-12 15:16:49.948,10798,10799,10798,1
2019-07-12 15:16:49.948,10798,10799,10798,3
2019-07-12 15:16:49.948,10798,10799,10798,1
2019-07-12 15:16:49.948,10798,10799,10798,1
2019-07-12 15:16:54.820,10797,10798,10798,3
2019-07-12 15:17:00.052,10797,10798,10797,10
2019-07-12 15:17:00.335,10797,10798,10797,11
2019-07-12 15:17:00.335,10797,10798,10796,1
2019-07-12 15:17:00.349,10797,10798,10796,24
2019-07-12 15:17:00.484,10796,10798,10796,4
2019-07-12 15:17:00.647,10796,10797,10796,1
2019-07-12 15:17:01.245,10796,10797,10796,1
2019-07-12 15:17:02.105,10796,10797,10797,1
2019-07-12 15:17:02.357,10796,10797,10796,1
2019-07-12 15:17:02.377,10796,10797,10797,1
2019-07-12 15:17:03.150,10796,10797,10797,1
2019-07-12 15:17:07.108,10796,10797,10797,1
2019-07-12 15:17:12.538,10796,10797,10797,1
2019-07-12 15:17:17.797,10796,10797,10796,25
2019-07-12 15:17:17.866,10796,10797,10797,1
2019-07-12 15:17:20.091,10796,10797,10796,12
2019-07-12 15:17:20.198,10795,10796,10796,2
2019-07-12 15:17:20.198,10795,10796,10796,12
2019-07-12 15:17:26.047,10796,10797,10796,1
2019-07-12 15:17:26.224,10796,10797,10796,2
2019-07-12 15:17:30.306,10796,10797,10796,3
2019-07-12 15:17:35.351,10796,10797,10796,1
2019-07-12 15:17:38.118,10796,10797,10796,1
2019-07-12 15:17:41.059,10796,10797,10797,27
2019-07-12 15:17:41.073,10796,10797,10797,1
2019-07-12 15:17:41.073,10796,10797,10797,1
2019-07-12 15:17:41.297,10797,10798,10797,2
2019-07-12 15:17:42.762,10797,10798,10797,1
2019-07-12 15:17:50.765,10797,10798,10798,5
2019-07-12 15:17:51.667,10798,10799,10798,1
2019-07-12 15:17:59.463,10798,10799,10798,2
2019-07-12 15:18:05.596,10797,10798,10798,1
2019-07-12 15:18:18.194,10797,10798,10798,2
2019-07-12 15:18:19.187,10797,10798,10798,1
2019-07-12 15:18:37.384,10797,10798,10798,1
2019-07-12 15:18:38.004,10797,10798,10798,5
2019-07-12 15:19:10.074,10797,10798,10797,1
2019-07-12 15:19:10.077,10797,10798,10797,6
2019-07-12 15:19:10.198,10797,10798,10797,8
2019-07-12 15:19:10.364,10796,10798,10797,1
2019-07-12 15:19:10.563,10796,10797,10797,4
2019-07-12 15:19:10.563,10796,10797,10798,6
2019-07-12 15:19:14.903,10797,10798,10797,2
2019-07-12 15:19:20.838,10797,10798,10797,1
2019-07-12 15:19:31.787,10797,10798,10798,1
2019-07-12 15:19:37.700,10797,10798,10797,1
2019-07-12 15:19:45.963,10797,10798,10797,1
2019-07-12 15:19:55.429,10797,10798,10797,1
2019-07-12 15:20:03.318,10797,10798,10798,1
2019-07-12 15:20:03.989,10797,10798,10797,1
2019-07-12 15:20:20.268,10797,10798,10798,7
2019-07-12 15:20:22.860,10797,10798,10797,1
2019-07-12 15:20:24.794,10797,10798,10798,1
2019-07-12 15:20:26.921,10797,10798,10798,4
2019-07-12 15:20:31.084,10798,10799,10798,1
2019-07-12 15:20:31.137,10798,10799,10798,1
2019-07-12 15:20:40.144,10798,10799,10798,3
2019-07-12 15:20:40.147,10798,10799,10798,4
2019-07-12 15:20:47.377,10798,10799,10798,2
2019-07-12 15:20:54.479,10798,10799,10798,1
2019-07-12 15:21:04.021,10798,10799,10798,2
2019-07-12 15:21:04.547,10798,10799,10798,2
2019-07-12 15:21:35.785,10798,10799,10798,1
2019-07-12 15:21:38.358,10798,10799,10798,1
2019-07-12 15:21:42.884,10798,10799,10798,5
2019-07-12 15:21:54.172,10798,10799,10798,4
2019-07-12 15:21:59.310,10798,10799,10798,1
2019-07-12 15:22:01.396,10798,10799,10798,1
2019-07-12 15:22:10.749,10798,10799,10798,2
2019-07-12 15:22:14.848,10798,10799,10799,1
2019-07-12 15:22:36.175,10798,10799,10799,1
2019-07-12 15:22:38.277,10798,10799,10799,1
2019-07-12 15:22:41.751,10798,10799,10799,1
2019-07-12 15:22:42.470,10798,10799,10799,1
2019-07-12 15:22:45.458,10798,10799,10798,2
2019-07-12 15:23:20.105,10798,10799,10799,12
2019-07-12 15:23:20.198,10798,10799,10799,7
2019-07-12 15:23:21.052,10799,10800,10799,1
2019-07-12 15:23:41.334,10799,10800,10800,1
2019-07-12 15:23:41.494,10799,10800,10799,1
2019-07-12 15:23:42.057,10799,10800,10800,1
2019-07-12 15:23:59.527,10799,10800,10800,1
2019-07-12 15:24:01.066,10799,10800,10800,5
2019-07-12 15:24:03.022,10799,10800,10800,3
2019-07-12 15:24:06.405,10799,10800,10800,1
2019-07-12 15:24:06.758,10799,10800,10800,1
2019-07-12 15:24:06.813,10799,10800,10800,1
2019-07-12 15:24:14.222,10799,10800,10800,1
2019-07-12 15:24:14.323,10799,10800,10800,6
2019-07-12 15:24:26.860,10800,10801,10800,1
2019-07-12 15:24:47.921,10800,10801,10800,8
2019-07-12 15:24:48.646,10799,10800,10800,1
2019-07-12 15:24:49.801,10799,10800,10800,1
2019-07-12 15:24:54.735,10799,10800,10800,1
2019-07-12 15:25:17.744,10800,10801,10800,1
2019-07-12 15:25:23.635,10800,10801,10800,1
2019-07-12 15:25:23.638,10800,10801,10800,3
2019-07-12 15:25:24.847,10799,10800,10800,1
2019-07-12 15:25:43.025,10799,10800,10800,4
2019-07-12 15:25:45.040,10799,10800,10800,1
2019-07-12 15:25:45.711,10799,10800,10800,1
2019-07-12 15:25:46.310,10800,10801,10800,2
2019-07-12 15:25:46.310,10800,10801,10799,1
2019-07-12 15:26:00.084,10799,10800,10800,2
2019-07-12 15:26:10.400,10799,10800,10800,1
2019-07-12 15:26:11.498,10799,10800,10800,1
2019-07-12 15:26:14.571,10799,10800,10800,1
2019-07-12 15:26:49.309,10800,10801,10800,1
2019-07-12 15:27:17.903,10800,10801,10800,1
2019-07-12 15:27:19.539,10800,10801,10800,1
2019-07-12 15:27:42.126,10800,10801,10801,1
2019-07-12 15:27:42.284,10800,10801,10801,1
2019-07-12 15:27:46.024,10800,10801,10801,1
2019-07-12 15:27:49.178,10800,10801,10801,15
2019-07-12 15:27:49.198,10800,10801,10801,1
2019-07-12 15:27:49.198,10800,10801,10801,1
2019-07-12 15:27:50.806,10800,10801,10801,3
2019-07-12 15:27:50.823,10800,10801,10801,1
2019-07-12 15:27:50.823,10800,10801,10801,1
2019-07-12 15:27:51.842,10800,10801,10801,1
2019-07-12 15:27:52.944,10800,10801,10801,1
2019-07-12 15:27:53.889,10801,10802,10801,1
2019-07-12 15:28:07.660,10801,10802,10802,1
2019-07-12 15:28:19.047,10801,10802,10802,1
2019-07-12 15:28:21.859,10801,10802,10802,2
2019-07-12 15:28:49.870,10801,10802,10801,1
2019-07-12 15:28:53.497,10801,10802,10801,5
2019-07-12 15:28:53.573,10801,10802,10801,1
2019-07-12 15:28:53.573,10801,10802,10801,15
2019-07-12 15:28:53.698,10801,10802,10801,10
2019-07-12 15:28:53.698,10801,10802,10801,2
2019-07-12 15:28:55.355,10800,10801,10800,4
2019-07-12 15:29:00.760,10800,10801,10800,1
2019-07-12 15:29:06.504,10800,10801,10800,1
2019-07-12 15:29:07.146,10800,10801,10801,3
2019-07-12 15:29:13.323,10800,10801,10801,1
2019-07-12 15:29:22.377,10800,10801,10801,1
2019-07-12 15:29:24.302,10800,10801,10801,1
2019-07-12 15:29:56.802,10800,10801,10801,1
2019-07-12 15:29:57.590,10800,10801,10800,1
2019-07-12 15:30:01.067,10800,10801,10800,2
2019-07-12 15:30:01.070,10800,10801,10800,1
2019-07-12 15:30:02.223,10800,10801,10801,1
2019-07-12 15:30:02.298,10800,10801,10801,5
2019-07-12 15:30:02.840,10800,10801,10800,1
2019-07-12 15:30:03.262,10800,10801,10801,2
2019-07-12 15:30:05.557,10800,10801,10801,1
2019-07-12 15:30:06.134,10800,10801,10801,6
2019-07-12 15:30:07.762,10801,10802,10801,5
2019-07-12 15:30:14.873,10801,10802,10801,1
2019-07-12 15:30:28.831,10801,10802,10802,33
2019-07-12 15:30:28.948,10801,10802,10802,6
2019-07-12 15:30:28.948,10801,10802,10802,1
2019-07-12 15:30:28.948,10801,10802,10802,3
2019-07-12 15:30:28.948,10801,10802,10802,1
2019-07-12 15:30:28.948,10801,10802,10802,6
2019-07-12 15:30:42.796,10802,10803,10802,10
2019-07-12 15:30:54.176,10801,10802,10801,10
2019-07-12 15:30:59.109,10801,10802,10802,1
2019-07-12 15:31:07.449,10801,10802,10802,1
2019-07-12 15:31:18.230,10802,10803,10803,1
2019-07-12 15:31:18.417,10802,10803,10803,1
2019-07-12 15:31:25.323,10802,10803,10803,5
2019-07-12 15:31:32.487,10802,10803,10802,2
2019-07-12 15:31:38.140,10801,10802,10802,1
2019-07-12 15:31:48.534,10802,10803,10802,1
2019-07-12 15:31:52.271,10802,10803,10802,1
2019-07-12 15:31:54.304,10802,10803,10802,2
2019-07-12 15:31:56.698,10802,10803,10802,7
2019-07-12 15:31:56.823,10802,10803,10802,1
2019-07-12 15:32:04.972,10801,10802,10802,1
2019-07-12 15:32:05.851,10801,10802,10801,5
2019-07-12 15:32:05.931,10801,10802,10802,1
2019-07-12 15:32:46.538,10801,10802,10802,1
2019-07-12 15:32:58.966,10801,10802,10802,1
2019-07-12 15:33:14.637,10801,10802,10802,1
2019-07-12 15:33:20.373,10801,10802,10802,1
2019-07-12 15:33:24.827,10801,10802,10802,1
2019-07-12 15:33:49.147,10801,10802,10802,1
2019-07-12 15:34:06.781,10801,10802,10802,1
2019-07-12 15:34:45.749,10801,10802,10802,5
2019-07-12 15:34:45.823,10801,10802,10802,7
2019-07-12 15:35:05.992,10802,10803,10803,1
2019-07-12 15:35:25.691,10802,10803,10802,7
2019-07-12 15:35:28.769,10802,10803,10802,1
2019-07-12 15:35:40.223,10802,10803,10802,3
2019-07-12 15:35:42.734,10802,10803,10802,2
2019-07-12 15:35:47.333,10802,10803,10803,1
2019-07-12 15:36:11.886,10802,10803,10802,1
2019-07-12 15:36:11.988,10802,10803,10803,2
2019-07-12 15:36:13.570,10802,10803,10802,2
2019-07-12 15:36:18.972,10802,10803,10802,1
2019-07-12 15:36:18.973,10802,10803,10802,1
2019-07-12 15:36:26.696,10802,10803,10802,1
2019-07-12 15:36:26.696,10802,10803,10802,1
2019-07-12 15:36:26.698,10802,10803,10802,1
2019-07-12 15:36:26.823,10802,10803,10802,7
2019-07-12 15:36:46.252,10801,10802,10801,2
2019-07-12 15:36:53.286,10801,10802,10802,1
2019-07-12 15:37:11.939,10801,10802,10802,3
2019-07-12 15:37:16.777,10802,10803,10802,2
2019-07-12 15:37:25.167,10802,10803,10802,1
2019-07-12 15:37:29.401,10802,10803,10803,2
2019-07-12 15:37:37.175,10802,10803,10803,1
2019-07-12 15:37:46.354,10802,10803,10802,1
2019-07-12 15:38:05.866,10802,10803,10802,1
2019-07-12 15:38:27.372,10802,10803,10802,1
2019-07-12 15:38:36.130,10802,10803,10803,1
2019-07-12 15:38:46.352,10802,10803,10803,1
2019-07-12 15:38:48.158,10802,10803,10803,1
2019-07-12 15:39:18.377,10802,10803,10803,8
2019-07-12 15:39:29.429,10802,10803,10803,1
2019-07-12 15:39:31.664,10802,10803,10803,1
2019-07-12 15:39:37.200,10802,10803,10803,2
2019-07-12 15:39:43.641,10802,10803,10803,1
2019-07-12 15:39:57.249,10802,10803,10803,1
2019-07-12 15:40:14.642,10802,10803,10803,3
2019-07-12 15:40:17.430,10802,10803,10803,1
2019-07-12 15:40:21.007,10802,10803,10803,1
2019-07-12 15:40:23.527,10802,10803,10803,1
2019-07-12 15:40:28.522,10802,10803,10803,1
2019-07-12 15:40:33.446,10802,10803,10803,1
2019-07-12 15:40:37.768,10802,10803,10803,1
2019-07-12 15:40:45.027,10802,10803,10802,1
2019-07-12 15:41:15.040,10802,10803,10802,2
2019-07-12 15:41:15.040,10802,10803,10802,3
2019-07-12 15:41:15.073,10802,10803,10802,4
2019-07-12 15:41:15.073,10802,10803,10802,8
2019-07-12 15:41:15.198,10802,10803,10802,4
2019-07-12 15:41:15.198,10802,10803,10802,1
2019-07-12 15:41:20.225,10802,10803,10802,1
2019-07-12 15:41:23.007,10801,10802,10802,1
2019-07-12 15:41:30.194,10801,10802,10802,1
2019-07-12 15:42:22.858,10801,10802,10802,1
2019-07-12 15:42:22.858,10801,10802,10802,1
2019-07-12 15:42:46.745,10801,10802,10802,1
2019-07-12 15:42:49.821,10801,10802,10802,1
2019-07-12 15:43:12.731,10801,10802,10802,1
2019-07-12 15:43:19.816,10801,10802,10802,2
2019-07-12 15:43:24.812,10801,10802,10801,4
2019-07-12 15:43:29.184,10801,10802,10801,1
2019-07-12 15:43:30.865,10801,10802,10801,1
2019-07-12 15:43:36.179,10801,10802,10801,1
2019-07-12 15:43:40.198,10801,10802,10801,11
2019-07-12 15:43:40.323,10801,10802,10801,1
2019-07-12 15:43:46.913,10801,10802,10801,1
2019-07-12 15:43:54.159,10801,10802,10801,4
2019-07-12 15:43:59.080,10800,10801,10800,1
2019-07-12 15:43:59.225,10800,10801,10800,1
2019-07-12 15:43:59.967,10800,10801,10800,1
2019-07-12 15:44:34.238,10800,10801,10800,1
2019-07-12 15:45:38.793,10800,10801,10800,2
2019-07-12 15:45:46.236,10800,10801,10800,5
2019-07-12 15:46:00.179,10800,10801,10800,1
2019-07-12 15:46:02.611,10800,10801,10800,6
2019-07-12 15:46:10.783,10800,10801,10801,4
2019-07-12 15:46:12.768,10800,10801,10800,1
2019-07-12 15:47:09.186,10800,10801,10800,1
2019-07-12 15:47:18.673,10800,10801,10800,1
2019-07-12 15:47:21.476,10800,10801,10800,1
2019-07-12 15:47:27.688,10800,10801,10800,4
2019-07-12 15:47:46.616,10800,10801,10800,1
2019-07-12 15:47:50.603,10800,10801,10801,15
2019-07-12 15:48:02.841,10801,10802,10801,2
2019-07-12 15:48:05.500,10801,10802,10801,1
2019-07-12 15:48:05.514,10801,10802,10801,1
2019-07-12 15:48:05.538,10801,10802,10801,1
2019-07-12 15:48:08.776,10800,10801,10801,1
2019-07-12 15:48:19.176,10800,10801,10800,3
2019-07-12 15:48:19.186,10800,10801,10800,3
2019-07-12 15:48:19.188,10800,10801,10800,1
2019-07-12 15:48:19.189,10800,10801,10800,1
2019-07-12 15:48:19.189,10800,10801,10800,3
2019-07-12 15:48:19.198,10800,10801,10800,1
2019-07-12 15:48:19.198,10800,10801,10800,1
2019-07-12 15:48:35.372,10799,10800,10799,1
2019-07-12 15:48:37.365,10799,10800,10799,1
2019-07-12 15:48:50.820,10799,10800,10799,11
2019-07-12 15:48:54.955,10798,10799,10798,2
2019-07-12 15:48:55.130,10798,10799,10798,1
2019-07-12 15:48:55.175,10798,10799,10799,1
2019-07-12 15:48:57.768,10798,10799,10799,1
2019-07-12 15:49:00.157,10798,10799,10799,3
2019-07-12 15:49:05.817,10798,10799,10798,1
2019-07-12 15:49:08.798,10798,10799,10799,1
2019-07-12 15:49:33.790,10798,10799,10799,8
2019-07-12 15:49:34.971,10799,10800,10799,1
2019-07-12 15:49:41.963,10799,10800,10799,1
2019-07-12 15:49:46.338,10798,10799,10799,1
2019-07-12 15:49:46.725,10798,10799,10798,1
2019-07-12 15:50:03.063,10798,10799,10798,2
2019-07-12 15:50:03.869,10798,10799,10798,1
2019-07-12 15:50:07.874,10798,10799,10798,30
2019-07-12 15:50:07.874,10798,10799,10798,1
2019-07-12 15:50:20.993,10797,10798,10797,2
2019-07-12 15:50:21.699,10797,10798,10797,1
2019-07-12 15:50:21.726,10797,10798,10797,1
2019-07-12 15:50:21.747,10797,10798,10798,1
2019-07-12 15:50:21.923,10797,10798,10797,1
2019-07-12 15:50:21.937,10797,10798,10797,1
2019-07-12 15:50:21.973,10797,10798,10797,1
2019-07-12 15:50:21.981,10797,10798,10797,1
2019-07-12 15:50:21.985,10797,10798,10797,1
2019-07-12 15:50:21.990,10797,10798,10797,1
2019-07-12 15:50:22.066,10797,10798,10797,4
2019-07-12 15:50:45.707,10797,10798,10798,1
2019-07-12 15:50:52.861,10797,10798,10798,1
2019-07-12 15:50:59.135,10797,10798,10798,2
2019-07-12 15:51:19.051,10797,10798,10798,1
2019-07-12 15:51:20.523,10797,10798,10798,7
2019-07-12 15:51:30.519,10798,10799,10798,1
2019-07-12 15:51:40.903,10797,10798,10797,15
2019-07-12 15:51:41.038,10797,10798,10798,1
2019-07-12 15:51:49.479,10797,10798,10798,1
2019-07-12 15:51:50.854,10798,10799,10798,1
2019-07-12 15:51:51.801,10798,10799,10798,4
2019-07-12 15:51:56.894,10797,10798,10797,15
2019-07-12 15:51:58.179,10797,10798,10798,1
2019-07-12 15:51:59.123,10797,10798,10798,1
2019-07-12 15:52:01.968,10798,10799,10798,1
2019-07-12 15:52:01.968,10798,10799,10797,14
2019-07-12 15:52:04.072,10797,10798,10797,1
2019-07-12 15:52:05.333,10797,10798,10797,2
2019-07-12 15:52:05.504,10797,10798,10797,1
2019-07-12 15:52:05.504,10797,10798,10796,2
2019-07-12 15:52:05.508,10797,10798,10796,3
2019-07-12 15:52:05.618,10796,10798,10798,1
2019-07-12 15:52:05.622,10796,10798,10797,1
2019-07-12 15:52:05.622,10796,10798,10796,4
2019-07-12 15:52:05.629,10796,10798,10797,2
2019-07-12 15:52:05.629,10796,10798,10796,3
2019-07-12 15:52:05.680,10796,10798,10797,2
2019-07-12 15:52:05.837,10797,10798,10797,1
2019-07-12 15:52:06.259,10796,10798,10796,2
2019-07-12 15:52:06.631,10796,10798,10797,1
2019-07-12 15:52:06.636,10796,10798,10797,1
2019-07-12 15:52:06.640,10796,10798,10797,1
2019-07-12 15:52:06.939,10797,10798,10797,1
2019-07-12 15:52:06.950,10796,10798,10797,1
2019-07-12 15:52:06.952,10796,10798,10797,1
2019-07-12 15:52:06.954,10796,10798,10797,1
2019-07-12 15:52:06.961,10796,10798,10797,1
2019-07-12 15:52:06.971,10796,10798,10797,1
2019-07-12 15:52:06.977,10796,10798,10797,1
2019-07-12 15:52:06.987,10796,10798,10797,1
2019-07-12 15:52:06.990,10796,10798,10797,1
2019-07-12 15:52:07.003,10796,10798,10797,1
2019-07-12 15:52:07.007,10796,10798,10797,1
2019-07-12 15:52:07.013,10796,10798,10797,1
2019-07-12 15:52:07.574,10796,10798,10797,1
2019-07-12 15:52:08.084,10797,10798,10797,1
2019-07-12 15:52:11.807,10796,10797,10797,1
2019-07-12 15:52:12.616,10796,10797,10796,1
2019-07-12 15:52:24.866,10796,10797,10797,3
2019-07-12 15:52:28.483,10796,10797,10797,1
2019-07-12 15:52:37.080,10796,10797,10796,1
2019-07-12 15:52:40.665,10796,10797,10797,1
2019-07-12 15:52:41.509,10796,10797,10797,1
2019-07-12 15:52:41.674,10796,10797,10796,1
2019-07-12 15:52:44.982,10796,10797,10797,1
2019-07-12 15:52:51.766,10796,10797,10796,1
2019-07-12 15:52:52.301,10796,10797,10797,1
2019-07-12 15:53:00.819,10797,10798,10798,1
2019-07-12 15:53:02.399,10797,10798,10797,1
2019-07-12 15:53:29.227,10797,10798,10797,3
2019-07-12 15:53:33.160,10797,10798,10797,2
2019-07-12 15:53:47.525,10797,10798,10797,1
2019-07-12 15:53:48.199,10797,10798,10797,3
2019-07-12 15:54:22.288,10797,10798,10797,1
2019-07-12 15:54:23.125,10797,10798,10797,1
2019-07-12 15:54:43.882,10797,10798,10797,2
2019-07-12 15:55:02.624,10797,10798,10797,1
2019-07-12 15:55:20.582,10797,10798,10798,5
2019-07-12 15:55:20.764,10797,10798,10798,1
2019-07-12 15:55:20.764,10797,10798,10799,1
2019-07-12 15:56:03.366,10798,10799,10798,3
2019-07-12 15:56:26.083,10798,10799,10798,1
2019-07-12 15:56:36.260,10798,10799,10798,1
2019-07-12 15:56:49.608,10798,10799,10798,1
2019-07-12 15:57:12.963,10798,10799,10798,1
2019-07-12 15:57:32.168,10798,10799,10798,1
2019-07-12 15:57:55.269,10797,10798,10798,2
2019-07-12 15:57:55.323,10797,10798,10798,11
2019-07-12 15:58:29.623,10798,10799,10798,1
2019-07-12 15:58:34.844,10798,10799,10798,3
2019-07-12 15:58:38.428,10797,10798,10798,1
2019-07-12 15:58:49.085,10797,10798,10798,2
2019-07-12 15:58:49.085,10797,10798,10798,1
2019-07-12 15:58:49.086,10797,10798,10798,1
2019-07-12 15:58:49.087,10797,10798,10798,1
2019-07-12 15:59:24.147,10798,10799,10799,2
2019-07-12 15:59:24.883,10798,10799,10799,1
2019-07-12 15:59:24.883,10798,10799,10799,8
2019-07-12 15:59:24.883,10798,10799,10799,2
2019-07-12 15:59:24.883,10798,10799,10799,1
2019-07-12 15:59:24.884,10798,10799,10799,5
2019-07-12 15:59:24.886,10798,10799,10799,4
2019-07-12 15:59:24.886,10798,10799,10799,2
2019-07-12 15:59:24.948,10798,10799,10799,3
2019-07-12 15:59:31.032,10799,10800,10799,2
2019-07-12 15:59:31.788,10799,10800,10799,1
2019-07-12 15:59:34.573,10799,10800,10800,6
2019-07-12 15:59:40.172,10799,10800,10800,1
2019-07-12 16:00:16.186,10799,10800,10800,1
2019-07-12 16:00:16.522,10799,10800,10799,2
2019-07-12 16:00:16.885,10799,10800,10799,1
2019-07-12 16:00:16.968,10799,10800,10799,1
2019-07-12 16:00:37.468,10799,10800,10799,1
2019-07-12 16:00:49.041,10799,10800,10799,1
2019-07-12 16:00:49.042,10799,10800,10799,1
2019-07-12 16:00:49.044,10799,10800,10799,1
2019-07-12 16:01:08.634,10799,10800,10799,1
2019-07-12 16:01:19.167,10799,10800,10799,1
2019-07-12 16:01:36.687,10799,10800,10799,1
2019-07-12 16:01:52.481,10798,10799,10799,4
2019-07-12 16:01:54.338,10798,10799,10799,3
2019-07-12 16:01:54.338,10798,10799,10800,1
2019-07-12 16:02:32.804,10799,10800,10800,9
2019-07-12 16:02:32.804,10799,10800,10800,4
2019-07-12 16:02:32.823,10799,10800,10800,3
2019-07-12 16:02:32.823,10799,10800,10800,4
2019-07-12 16:02:32.823,10799,10800,10800,10
2019-07-12 16:02:32.823,10799,10800,10800,2
2019-07-12 16:02:41.574,10800,10801,10801,2
2019-07-12 16:02:52.358,10800,10801,10801,1
2019-07-12 16:02:52.358,10800,10801,10801,2
2019-07-12 16:02:52.358,10800,10801,10801,1
2019-07-12 16:02:52.359,10800,10801,10801,6
2019-07-12 16:02:55.572,10801,10802,10801,6
2019-07-12 16:02:55.572,10801,10802,10800,7
2019-07-12 16:02:56.364,10801,10802,10801,2
2019-07-12 16:02:56.364,10801,10802,10800,11
2019-07-12 16:03:00.763,10800,10801,10801,3
2019-07-12 16:03:20.033,10801,10802,10801,12
2019-07-12 16:03:22.576,10800,10801,10801,4
2019-07-12 16:03:35.677,10800,10802,10802,1
2019-07-12 16:03:51.559,10801,10802,10802,9
2019-07-12 16:03:51.573,10801,10802,10802,4
2019-07-12 16:04:01.162,10801,10802,10802,1
2019-07-12 16:04:02.203,10801,10802,10801,2
2019-07-12 16:04:19.050,10801,10802,10802,1
2019-07-12 16:04:27.278,10801,10802,10801,2
2019-07-12 16:04:49.988,10801,10802,10801,1
2019-07-12 16:05:03.245,10801,10802,10801,4
2019-07-12 16:05:03.901,10800,10801,10800,9
2019-07-12 16:05:03.901,10800,10801,10799,1
2019-07-12 16:05:20.637,10800,10801,10800,2
2019-07-12 16:05:25.084,10800,10801,10800,1
2019-07-12 16:05:44.818,10800,10801,10800,2
2019-07-12 16:07:18.360,10800,10801,10801,2
2019-07-12 16:07:18.582,10800,10801,10801,1
2019-07-12 16:07:29.642,10800,10801,10801,1
2019-07-12 16:07:40.188,10800,10801,10801,1
2019-07-12 16:07:44.932,10800,10801,10801,8
2019-07-12 16:07:57.960,10801,10802,10801,9
2019-07-12 16:07:59.673,10800,10801,10801,1
2019-07-12 16:08:10.310,10800,10801,10801,1
2019-07-12 16:09:08.336,10800,10801,10800,1
2019-07-12 16:09:08.345,10800,10801,10800,1
2019-07-12 16:09:08.448,10800,10801,10800,14
2019-07-12 16:09:08.573,10800,10801,10800,1
2019-07-12 16:09:08.573,10800,10801,10800,6
2019-07-12 16:10:36.948,10799,10800,10800,10
2019-07-12 16:10:59.201,10800,10801,10800,2
2019-07-12 16:11:18.807,10799,10800,10800,2
2019-07-12 16:11:31.912,10799,10800,10800,3
2019-07-12 16:11:37.129,10799,10800,10800,1
2019-07-12 16:11:42.340,10799,10800,10800,13
2019-07-12 16:11:50.846,10800,10801,10800,1
2019-07-12 16:11:59.538,10799,10800,10800,1
2019-07-12 16:12:01.073,10799,10800,10800,2
2019-07-12 16:12:01.140,10799,10800,10800,1
2019-07-12 16:12:01.227,10799,10801,10800,1
2019-07-12 16:12:01.251,10799,10801,10800,1
2019-07-12 16:12:01.704,10799,10800,10799,1
2019-07-12 16:12:01.739,10799,10800,10799,1
2019-07-12 16:12:30.617,10799,10800,10799,1
2019-07-12 16:12:36.450,10799,10800,10800,1
2019-07-12 16:12:48.945,10799,10800,10800,1
2019-07-12 16:13:00.823,10799,10800,10799,1
2019-07-12 16:13:00.823,10799,10800,10799,1
2019-07-12 16:13:00.830,10799,10800,10799,1
2019-07-12 16:13:00.948,10799,10800,10799,1
2019-07-12 16:13:21.396,10799,10800,10799,1
2019-07-12 16:13:25.649,10799,10800,10800,8
2019-07-12 16:13:32.901,10799,10800,10800,1
2019-07-12 16:13:36.429,10799,10800,10800,1
2019-07-12 16:14:01.282,10799,10800,10800,1
2019-07-12 16:14:01.285,10799,10800,10799,10
2019-07-12 16:14:28.380,10800,10801,10800,1
2019-07-12 16:14:55.530,10800,10801,10800,1
2019-07-12 16:15:10.758,10800,10801,10800,1
2019-07-12 16:15:49.990,10800,10801,10800,1
2019-07-12 16:15:59.308,10800,10801,10800,1
2019-07-12 16:16:02.385,10800,10801,10800,1
2019-07-12 16:16:06.099,10800,10801,10800,1
2019-07-12 16:16:07.451,10800,10801,10800,1
2019-07-12 16:16:07.698,10799,10800,10799,2
2019-07-12 16:16:08.952,10799,10800,10799,1
2019-07-12 16:16:09.142,10799,10800,10799,1
2019-07-12 16:16:12.298,10799,10800,10799,10
2019-07-12 16:16:12.299,10799,10800,10799,2
2019-07-12 16:16:25.991,10798,10799,10799,6
2019-07-12 16:16:41.322,10798,10799,10799,1
2019-07-12 16:16:55.428,10798,10799,10798,3
2019-07-12 16:17:14.856,10798,10799,10798,1
2019-07-12 16:17:37.077,10798,10799,10799,1
2019-07-12 16:17:49.541,10798,10799,10799,1
2019-07-12 16:18:26.427,10798,10799,10798,2
2019-07-12 16:18:58.168,10798,10799,10799,1
2019-07-12 16:19:24.001,10798,10799,10799,1
2019-07-12 16:19:24.073,10798,10799,10799,1
2019-07-12 16:19:24.296,10798,10799,10799,1
2019-07-12 16:19:55.903,10798,10799,10799,1
2019-07-12 16:20:07.811,10798,10799,10799,1
2019-07-12 16:20:08.989,10798,10799,10799,1
2019-07-12 16:20:16.630,10798,10799,10799,2
2019-07-12 16:20:20.537,10798,10799,10799,1
2019-07-12 16:20:29.452,10798,10799,10799,1
2019-07-12 16:20:38.249,10798,10799,10799,1
2019-07-12 16:20:43.946,10798,10799,10799,1
2019-07-12 16:21:09.812,10798,10799,10799,1
2019-07-12 16:21:10.319,10798,10799,10799,2
2019-07-12 16:21:28.572,10798,10799,10799,1
2019-07-12 16:21:28.576,10798,10799,10799,1
2019-07-12 16:21:47.101,10798,10799,10799,2
2019-07-12 16:21:47.200,10799,10800,10800,1
2019-07-12 16:22:31.605,10798,10799,10799,1
2019-07-12 16:22:44.564,10798,10799,10799,1
2019-07-12 16:24:29.323,10798,10799,10799,1
2019-07-12 16:25:03.941,10798,10799,10798,1
2019-07-12 16:25:15.959,10798,10799,10799,1
2019-07-12 16:25:28.258,10798,10799,10799,1
2019-07-12 16:25:30.141,10798,10799,10799,1
2019-07-12 16:25:30.198,10798,10799,10799,1
2019-07-12 16:25:55.295,10798,10799,10799,1
2019-07-12 16:26:10.582,10799,10800,10800,2
2019-07-12 16:26:27.574,10799,10800,10800,1
2019-07-12 16:26:33.337,10799,10800,10800,1
2019-07-12 16:27:03.980,10799,10800,10800,1
2019-07-12 16:27:25.644,10799,10800,10800,1
2019-07-12 16:27:42.408,10799,10800,10800,2
2019-07-12 16:27:53.504,10799,10800,10800,3
2019-07-12 16:28:00.844,10799,10800,10800,1
2019-07-12 16:28:04.277,10799,10800,10800,1
2019-07-12 16:28:06.981,10800,10801,10800,2
2019-07-12 16:29:25.380,10800,10801,10801,1
2019-07-12 16:29:56.823,10800,10801,10801,2
2019-07-12 16:29:56.881,10800,10801,10801,4
2019-07-12 16:29:56.948,10800,10801,10801,14
2019-07-12 16:29:56.948,10800,10801,10801,1
2019-07-12 16:29:56.948,10800,10801,10801,3
2019-07-12 16:30:01.036,10801,10802,10802,1
2019-07-12 16:30:01.331,10801,10802,10802,1
2019-07-12 16:30:01.473,10801,10802,10802,1
2019-07-12 16:30:01.602,10801,10802,10801,10
2019-07-12 16:30:03.246,10801,10802,10802,1
2019-07-12 16:30:20.044,10801,10802,10802,1
2019-07-12 16:30:25.831,10801,10802,10802,1
2019-07-12 16:30:36.515,10801,10802,10801,12
2019-07-12 16:30:36.515,10801,10802,10800,8
2019-07-12 16:30:43.423,10800,10801,10801,1
2019-07-12 16:31:21.634,10800,10801,10801,1
2019-07-12 16:31:31.584,10800,10801,10801,2
2019-07-12 16:31:38.262,10801,10802,10802,1
2019-07-12 16:31:52.672,10801,10802,10802,1
2019-07-12 16:32:11.603,10801,10802,10801,26
2019-07-12 16:32:11.703,10800,10801,10800,1
2019-07-12 16:32:11.963,10800,10801,10801,1
2019-07-12 16:32:19.452,10800,10801,10801,1
2019-07-12 16:32:49.879,10800,10801,10801,1
2019-07-12 16:33:45.584,10801,10802,10801,1
2019-07-12 16:34:25.641,10801,10802,10801,1
2019-07-12 16:34:44.921,10801,10802,10801,1
2019-07-12 16:34:44.948,10801,10802,10801,2
2019-07-12 16:34:49.300,10801,10802,10801,1
2019-07-12 16:34:49.784,10801,10802,10801,1
2019-07-12 16:35:07.842,10801,10802,10801,1
2019-07-12 16:35:08.078,10801,10802,10801,3
2019-07-12 16:35:18.764,10801,10802,10801,1
2019-07-12 16:35:18.766,10801,10802,10801,1
2019-07-12 16:35:18.766,10801,10802,10801,2
2019-07-12 16:35:18.767,10801,10802,10801,1
2019-07-12 16:35:18.767,10801,10802,10801,1
2019-07-12 16:35:18.782,10801,10802,10801,1
2019-07-12 16:35:18.804,10801,10802,10801,1
2019-07-12 16:35:18.823,10801,10802,10801,1
2019-07-12 16:35:18.823,10801,10802,10801,1
2019-07-12 16:35:18.823,10801,10802,10801,1
2019-07-12 16:35:18.823,10801,10802,10801,1
2019-07-12 16:35:18.949,10800,10801,10801,2
2019-07-12 16:35:26.073,10801,10802,10802,4
2019-07-12 16:35:26.176,10801,10802,10802,3
2019-07-12 16:35:42.973,10800,10801,10801,1
2019-07-12 16:36:03.380,10800,10801,10801,1
2019-07-12 16:37:36.141,10800,10801,10800,1
2019-07-12 16:37:36.141,10800,10801,10800,1
2019-07-12 16:37:36.142,10800,10801,10800,1
2019-07-12 16:37:36.215,10800,10801,10800,1
2019-07-12 16:38:34.763,10800,10801,10801,1
2019-07-12 16:38:36.699,10800,10801,10800,5
2019-07-12 16:38:42.655,10800,10801,10800,9
2019-07-12 16:38:42.701,10799,10800,10800,2
2019-07-12 16:38:56.477,10799,10800,10800,4
2019-07-12 16:38:56.497,10799,10800,10800,1
2019-07-12 16:38:56.499,10799,10800,10800,1
2019-07-12 16:39:08.646,10800,10801,10801,1
2019-07-12 16:40:25.898,10800,10801,10800,5
2019-07-12 16:40:39.357,10800,10801,10800,1
2019-07-12 16:40:46.511,10800,10801,10801,1
2019-07-12 16:40:55.037,10800,10801,10801,1
2019-07-12 16:41:19.202,10800,10801,10800,2
2019-07-12 16:41:34.698,10799,10800,10800,1
2019-07-12 16:42:18.075,10800,10801,10800,2
2019-07-12 16:42:32.333,10799,10800,10800,1
2019-07-12 16:42:52.088,10800,10801,10800,2
2019-07-12 16:42:58.913,10800,10801,10800,2
2019-07-12 16:42:58.948,10799,10800,10800,1
2019-07-12 16:43:31.362,10799,10800,10799,1
2019-07-12 16:43:43.546,10799,10800,10799,1
2019-07-12 16:44:27.946,10799,10800,10799,6
2019-07-12 16:45:10.156,10799,10800,10800,8
2019-07-12 16:45:10.156,10799,10800,10800,5
2019-07-12 16:45:10.198,10799,10800,10800,4
2019-07-12 16:45:10.200,10799,10800,10800,7
2019-07-12 16:45:23.612,10800,10801,10800,1
2019-07-12 16:47:32.321,10800,10801,10801,1
2019-07-12 16:47:41.264,10800,10801,10801,1
2019-07-12 16:49:03.555,10800,10801,10801,4
2019-07-12 16:49:40.275,10800,10801,10801,4
2019-07-12 16:50:34.932,10800,10801,10801,2
2019-07-12 16:51:10.119,10800,10801,10801,10
2019-07-12 16:51:11.842,10800,10801,10801,1
2019-07-12 16:51:16.552,10800,10801,10801,1
2019-07-12 16:51:46.091,10800,10801,10801,1
2019-07-12 16:53:02.684,10800,10801,10801,2
2019-07-12 16:53:16.823,10801,10802,10801,1
2019-07-12 16:53:42.108,10801,10802,10802,10
2019-07-12 16:53:42.939,10801,10802,10802,1
2019-07-12 16:53:43.203,10801,10802,10802,1
2019-07-12 16:54:11.802,10801,10802,10801,2
2019-07-12 16:55:36.539,10801,10802,10801,1
2019-07-12 16:55:43.625,10801,10802,10801,1
2019-07-12 16:56:09.948,10800,10802,10801,1
2019-07-12 16:57:03.531,10801,10802,10801,4
2019-07-12 16:57:03.573,10800,10801,10801,1
2019-07-12 16:57:27.407,10800,10801,10801,1
2019-07-12 16:57:44.099,10801,10802,10801,1
2019-07-12 16:59:00.695,10800,10801,10801,1
2019-07-12 16:59:09.401,10800,10801,10801,1
2019-07-12 17:00:02.174,10800,10801,10800,8
2019-07-12 17:00:02.174,10800,10801,10800,4
2019-07-12 17:00:02.198,10800,10801,10800,12
2019-07-12 17:00:02.430,10799,10800,10799,4
2019-07-12 17:00:02.528,10799,10800,10800,1
2019-07-12 17:00:02.531,10799,10800,10800,1
2019-07-12 17:00:02.811,10799,10800,10800,2
2019-07-12 17:00:02.814,10799,10800,10800,2
2019-07-12 17:00:02.817,10799,10800,10800,2
2019-07-12 17:00:02.841,10799,10800,10800,2
2019-07-12 17:00:03.039,10799,10800,10800,4
2019-07-12 17:00:03.240,10799,10800,10800,4
2019-07-12 17:00:06.424,10799,10800,10800,1
2019-07-12 17:00:12.040,10800,10801,10801,13
2019-07-12 17:00:25.209,10801,10802,10801,1
2019-07-12 17:00:46.074,10801,10802,10802,2
2019-07-12 17:01:04.197,10801,10802,10802,1
2019-07-12 17:01:22.876,10801,10802,10802,1
2019-07-12 17:01:57.324,10801,10802,10802,2
2019-07-12 17:02:18.928,10801,10802,10802,1
2019-07-12 17:03:09.813,10801,10802,10802,1
2019-07-12 17:03:25.570,10801,10802,10802,1
2019-07-12 17:04:37.252,10801,10802,10802,1
2019-07-12 17:04:59.425,10801,10802,10802,1
2019-07-12 17:06:08.323,10801,10802,10801,13
2019-07-12 17:06:08.448,10801,10802,10801,6
2019-07-12 17:07:52.687,10800,10801,10800,1
2019-07-12 17:08:09.615,10800,10801,10800,1
2019-07-12 17:08:51.423,10800,10801,10800,1
2019-07-12 17:09:53.816,10800,10801,10800,2
2019-07-12 17:09:54.225,10800,10801,10801,2
2019-07-12 17:10:04.109,10800,10801,10801,1
2019-07-12 17:10:24.317,10800,10801,10801,8
2019-07-12 17:10:24.323,10800,10801,10801,2
2019-07-12 17:10:24.558,10801,10802,10801,2
2019-07-12 17:10:55.648,10801,10802,10801,1
2019-07-12 17:11:23.294,10801,10802,10801,1
2019-07-12 17:11:24.760,10801,10802,10801,1
2019-07-12 17:11:26.842,10800,10801,10801,1
2019-07-12 17:12:03.229,10801,10802,10801,5
2019-07-12 17:12:03.391,10801,10802,10801,1
2019-07-12 17:12:18.090,10800,10801,10801,1
2019-07-12 17:13:07.210,10800,10801,10801,1
2019-07-12 17:13:20.577,10800,10801,10801,1
2019-07-12 17:14:29.080,10800,10801,10801,2
2019-07-12 17:14:52.200,10800,10801,10801,13
2019-07-12 17:14:59.171,10800,10801,10801,4
2019-07-12 17:15:10.089,10800,10801,10801,2
2019-07-12 17:15:10.382,10800,10801,10801,4
2019-07-12 17:15:14.456,10800,10801,10801,1
2019-07-12 17:15:14.628,10800,10801,10801,1
2019-07-12 17:15:28.008,10800,10801,10801,1
2019-07-12 17:15:30.802,10800,10801,10802,2
2019-07-12 17:15:30.861,10800,10802,10801,1
2019-07-12 17:15:31.814,10800,10801,10801,1
2019-07-12 17:15:40.848,10800,10801,10801,3
2019-07-12 17:15:43.767,10801,10802,10801,1
2019-07-12 17:15:54.879,10800,10801,10801,2
2019-07-12 17:16:01.622,10801,10802,10801,1
2019-07-12 17:16:02.215,10801,10802,10801,1
2019-07-12 17:16:02.216,10801,10802,10801,1
2019-07-12 17:16:05.366,10800,10801,10801,1
2019-07-12 17:16:06.073,10800,10801,10801,1
2019-07-12 17:16:43.288,10800,10801,10801,1
2019-07-12 17:16:58.823,10800,10801,10801,10
2019-07-12 17:17:26.957,10800,10801,10801,1
2019-07-12 17:17:30.088,10800,10801,10801,1
2019-07-12 17:17:57.952,10800,10801,10801,1
2019-07-12 17:17:58.257,10800,10801,10801,1
2019-07-12 17:18:02.699,10800,10801,10800,2
2019-07-12 17:18:17.835,10800,10801,10800,1
2019-07-12 17:19:02.187,10800,10801,10801,1
2019-07-12 17:19:23.907,10800,10801,10801,3
2019-07-12 17:19:44.065,10801,10802,10801,1
2019-07-12 17:19:47.163,10801,10802,10801,1
2019-07-12 17:20:00.678,10801,10802,10801,1
2019-07-12 17:20:11.024,10801,10802,10801,1
2019-07-12 17:20:27.212,10800,10801,10801,1
2019-07-12 17:20:56.279,10801,10802,10801,1
2019-07-12 17:21:25.127,10801,10802,10801,1
2019-07-12 17:21:43.936,10801,10802,10801,1
2019-07-12 17:22:44.294,10801,10802,10802,2
2019-07-12 17:23:40.044,10801,10802,10802,2
2019-07-12 17:23:40.073,10801,10802,10802,2
2019-07-12 17:23:40.073,10801,10802,10802,22
2019-07-12 17:23:40.073,10801,10802,10802,1
2019-07-12 17:23:40.198,10801,10802,10802,1
2019-07-12 17:23:40.198,10801,10802,10802,2
2019-07-12 17:23:40.198,10801,10802,10802,2
2019-07-12 17:23:40.198,10801,10802,10802,3
2019-07-12 17:23:40.198,10801,10802,10802,2
2019-07-12 17:23:40.198,10801,10802,10802,4
2019-07-12 17:23:40.198,10801,10802,10802,1
2019-07-12 17:24:17.257,10802,10803,10802,4
2019-07-12 17:24:17.323,10802,10803,10802,2
2019-07-12 17:24:28.329,10802,10803,10803,10
2019-07-12 17:24:28.730,10802,10803,10803,1
2019-07-12 17:24:28.824,10802,10803,10803,1
2019-07-12 17:24:32.601,10802,10803,10803,1
2019-07-12 17:24:37.363,10802,10803,10803,28
2019-07-12 17:25:11.390,10802,10803,10802,7
2019-07-12 17:25:16.359,10801,10802,10802,1
2019-07-12 17:26:18.418,10802,10803,10802,2
2019-07-12 17:26:20.516,10802,10803,10802,8
2019-07-12 17:29:39.772,10801,10802,10801,3
2019-07-12 17:29:39.888,10801,10802,10802,1
2019-07-12 17:30:44.220,10801,10802,10802,1
2019-07-12 17:30:44.805,10801,10802,10802,1
2019-07-12 17:30:47.303,10801,10802,10802,2
2019-07-12 17:30:49.684,10801,10802,10801,10
2019-07-12 17:31:08.681,10801,10802,10802,1
2019-07-12 17:31:21.163,10801,10802,10801,4
2019-07-12 17:31:21.163,10801,10802,10801,2
2019-07-12 17:31:21.172,10801,10802,10801,5
2019-07-12 17:31:21.661,10800,10801,10801,2
2019-07-12 17:31:50.702,10800,10801,10801,1
2019-07-12 17:32:07.728,10800,10801,10801,1
2019-07-12 17:32:17.368,10800,10801,10800,6
2019-07-12 17:32:17.510,10800,10801,10801,1
2019-07-12 17:33:40.573,10800,10801,10801,2
2019-07-12 17:33:40.698,10800,10801,10801,1
2019-07-12 17:33:40.698,10800,10801,10801,2
2019-07-12 17:33:49.072,10801,10802,10801,1
2019-07-12 17:33:51.893,10800,10801,10801,1
2019-07-12 17:36:11.557,10801,10802,10802,1
2019-07-12 17:36:20.153,10801,10802,10802,9
2019-07-12 17:36:44.360,10802,10803,10802,2
2019-07-12 17:37:33.288,10802,10803,10802,1
2019-07-12 17:37:53.231,10802,10803,10802,1
2019-07-12 17:38:26.246,10801,10802,10802,5
2019-07-12 17:38:43.550,10801,10802,10802,2
2019-07-12 17:38:51.624,10801,10802,10802,1
2019-07-12 17:38:55.845,10801,10802,10801,1
2019-07-12 17:39:26.418,10801,10803,10802,1
2019-07-12 17:43:33.949,10801,10802,10801,2
2019-07-12 17:43:37.701,10801,10802,10801,1
2019-07-12 17:43:37.702,10801,10802,10801,9
2019-07-12 17:43:37.703,10801,10802,10801,1
2019-07-12 17:43:46.953,10800,10801,10801,1
2019-07-12 17:43:49.632,10800,10801,10800,1
2019-07-12 17:43:49.976,10800,10801,10800,4
2019-07-12 17:44:21.650,10801,10802,10802,1
2019-07-12 17:45:25.346,10801,10802,10801,2
2019-07-12 17:45:25.346,10801,10802,10801,1
2019-07-12 17:45:27.717,10801,10802,10801,1
2019-07-12 17:45:27.717,10801,10802,10801,1
2019-07-12 17:45:46.473,10801,10802,10801,1
2019-07-12 17:45:46.473,10801,10802,10801,1
2019-07-12 17:45:49.086,10801,10802,10801,1
2019-07-12 17:45:49.093,10801,10802,10801,1
2019-07-12 17:45:52.649,10801,10802,10801,1
2019-07-12 17:45:52.649,10801,10802,10801,1
2019-07-12 17:46:02.490,10800,10801,10800,3
2019-07-12 17:46:02.652,10800,10801,10801,1
2019-07-12 17:46:10.129,10800,10801,10801,1
2019-07-12 17:46:54.189,10800,10801,10801,4
2019-07-12 17:46:57.002,10801,10802,10802,2
2019-07-12 17:47:15.745,10801,10802,10801,2
2019-07-12 17:47:15.830,10800,10801,10800,1
2019-07-12 17:47:19.919,10800,10801,10800,2
2019-07-12 17:47:48.323,10800,10801,10801,1
2019-07-12 17:47:48.323,10800,10801,10801,4
2019-07-12 17:47:48.323,10800,10801,10801,1
2019-07-12 17:47:48.323,10800,10801,10801,2
2019-07-12 17:48:02.191,10800,10801,10800,1
2019-07-12 17:48:10.965,10800,10801,10801,3
2019-07-12 17:48:30.733,10801,10802,10802,1
2019-07-12 17:48:42.236,10801,10802,10802,15
2019-07-12 17:49:37.500,10801,10802,10802,2
2019-07-12 17:49:37.573,10802,10803,10802,2
2019-07-12 17:49:43.948,10801,10802,10802,1
2019-07-12 17:50:57.138,10801,10802,10802,1
2019-07-12 17:50:58.291,10802,10803,10802,6
2019-07-12 17:51:07.868,10801,10802,10802,1
2019-07-12 17:51:29.250,10801,10802,10801,2
2019-07-12 17:51:29.409,10801,10802,10802,1
2019-07-12 17:51:34.561,10801,10802,10801,2
2019-07-12 17:51:34.740,10801,10802,10801,2
2019-07-12 17:51:34.908,10801,10802,10801,2
2019-07-12 17:51:35.116,10801,10802,10801,2
2019-07-12 17:51:35.720,10801,10802,10801,1
2019-07-12 17:51:35.720,10801,10802,10801,1
2019-07-12 17:51:37.388,10801,10802,10801,2
2019-07-12 17:51:38.876,10801,10802,10801,2
2019-07-12 17:51:39.396,10801,10802,10801,2
2019-07-12 17:51:40.916,10801,10802,10801,2
2019-07-12 17:52:00.395,10801,10802,10801,1
2019-07-12 17:52:59.299,10801,10802,10802,10
2019-07-12 17:53:15.698,10801,10802,10802,4
2019-07-12 17:53:15.823,10801,10802,10802,3
2019-07-12 17:53:32.927,10801,10803,10803,3
2019-07-12 17:54:39.664,10802,10803,10803,1
2019-07-12 17:54:56.839,10802,10803,10803,1
2019-07-12 17:55:51.126,10802,10803,10803,15
2019-07-12 17:55:51.198,10802,10803,10803,3
2019-07-12 17:55:55.216,10802,10803,10803,1
2019-07-12 17:56:15.505,10802,10803,10803,7
2019-07-12 17:56:28.023,10802,10803,10803,1
2019-07-12 17:56:30.199,10802,10803,10803,1
2019-07-12 17:56:54.101,10802,10803,10803,7
2019-07-12 17:57:23.238,10802,10803,10803,1
2019-07-12 17:57:23.323,10802,10803,10803,1
2019-07-12 17:57:27.773,10802,10803,10803,1
2019-07-12 17:57:27.823,10802,10803,10803,1
2019-07-12 17:57:31.299,10802,10803,10803,1
2019-07-12 17:58:54.838,10802,10803,10802,1
2019-07-12 17:58:59.628,10802,10803,10802,1
2019-07-12 17:58:59.630,10802,10803,10802,1
2019-07-12 17:58:59.632,10802,10803,10802,1
2019-07-12 17:59:39.650,10802,10803,10803,1
2019-07-12 17:59:39.836,10802,10803,10803,1
2019-07-12 17:59:40.019,10802,10803,10803,1
2019-07-12 17:59:54.846,10802,10803,10803,1
2019-07-12 18:00:02.047,10802,10803,10803,1
2019-07-12 18:00:02.363,10802,10803,10803,2
2019-07-12 18:00:02.375,10802,10803,10803,1
2019-07-12 18:00:02.386,10802,10803,10803,2
2019-07-12 18:00:02.410,10802,10803,10803,6
2019-07-12 18:00:02.429,10802,10803,10803,1
2019-07-12 18:00:02.853,10803,10804,10804,1
2019-07-12 18:00:02.903,10803,10804,10804,1
2019-07-12 18:00:02.978,10803,10804,10804,1
2019-07-12 18:00:03.105,10803,10804,10803,2
2019-07-12 18:00:03.111,10803,10804,10804,1
2019-07-12 18:00:03.111,10803,10804,10804,5
2019-07-12 18:00:03.111,10803,10804,10804,3
2019-07-12 18:00:03.150,10803,10804,10804,2
2019-07-12 18:00:03.182,10803,10804,10804,2
2019-07-12 18:00:03.298,10803,10804,10804,2
2019-07-12 18:00:07.758,10803,10804,10804,5
2019-07-12 18:00:07.937,10803,10804,10804,1
2019-07-12 18:00:08.809,10803,10804,10804,1
2019-07-12 18:00:10.792,10803,10804,10804,1
2019-07-12 18:00:11.698,10803,10804,10804,1
2019-07-12 18:00:11.823,10803,10804,10804,1
2019-07-12 18:00:21.166,10803,10804,10804,4
2019-07-12 18:00:21.314,10803,10804,10804,4
2019-07-12 18:00:24.107,10803,10804,10804,2
2019-07-12 18:00:51.336,10804,10805,10805,1
2019-07-12 18:00:51.471,10804,10805,10805,1
2019-07-12 18:00:51.486,10804,10805,10805,1
2019-07-12 18:00:51.555,10804,10805,10805,1
2019-07-12 18:00:51.569,10804,10805,10805,1
2019-07-12 18:00:51.655,10804,10805,10805,1
2019-07-12 18:00:51.663,10804,10805,10805,1
2019-07-12 18:00:52.921,10804,10805,10805,4
2019-07-12 18:00:53.339,10804,10805,10805,1
2019-07-12 18:00:55.662,10804,10805,10805,1
2019-07-12 18:00:57.631,10804,10805,10805,1
2019-07-12 18:01:06.838,10804,10805,10805,2
2019-07-12 18:01:11.931,10804,10805,10805,16
2019-07-12 18:01:27.091,10805,10806,10805,6
2019-07-12 18:01:33.412,10804,10805,10805,1
2019-07-12 18:01:39.406,10804,10805,10805,1
2019-07-12 18:01:40.758,10804,10805,10805,2
2019-07-12 18:01:44.000,10805,10806,10805,1
2019-07-12 18:01:46.448,10805,10806,10805,1
2019-07-12 18:01:56.217,10805,10806,10805,2
2019-07-12 18:02:07.588,10805,10806,10805,1
2019-07-12 18:02:19.425,10805,10806,10805,1
2019-07-12 18:02:19.450,10805,10806,10805,19
2019-07-12 18:02:33.668,10804,10805,10804,1
2019-07-12 18:02:41.322,10804,10805,10805,1
2019-07-12 18:02:49.294,10804,10805,10805,1
2019-07-12 18:02:49.794,10804,10806,10804,1
2019-07-12 18:02:54.890,10805,10806,10805,1
2019-07-12 18:02:59.514,10805,10806,10805,4
2019-07-12 18:02:59.830,10804,10806,10806,1
2019-07-12 18:02:59.980,10804,10806,10806,1
2019-07-12 18:03:00.088,10804,10806,10806,1
2019-07-12 18:03:00.132,10804,10806,10804,1
2019-07-12 18:03:00.209,10804,10806,10806,1
2019-07-12 18:03:00.236,10804,10806,10806,2
2019-07-12 18:03:04.172,10804,10805,10805,1
2019-07-12 18:03:04.589,10804,10806,10806,2
2019-07-12 18:03:05.122,10804,10805,10805,1
2019-07-12 18:03:07.831,10805,10806,10806,1
2019-07-12 18:03:35.395,10805,10806,10806,4
2019-07-12 18:03:49.928,10805,10806,10806,4
2019-07-12 18:03:50.370,10805,10806,10806,2
2019-07-12 18:03:55.628,10805,10806,10805,3
2019-07-12 18:04:53.307,10805,10806,10805,1
2019-07-12 18:05:08.072,10805,10806,10806,1
2019-07-12 18:05:09.854,10805,10806,10806,1
2019-07-12 18:05:17.405,10805,10806,10805,1
2019-07-12 18:05:23.567,10805,10806,10806,4
2019-07-12 18:05:29.963,10805,10806,10806,1
2019-07-12 18:05:40.849,10805,10806,10806,1
2019-07-12 18:05:43.918,10805,10806,10805,1
2019-07-12 18:05:55.964,10805,10806,10806,1
2019-07-12 18:06:09.457,10805,10806,10806,1
2019-07-12 18:06:09.457,10805,10806,10806,1
2019-07-12 18:06:45.407,10805,10806,10806,1
2019-07-12 18:06:47.519,10805,10806,10806,22
2019-07-12 18:06:47.760,10806,10807,10806,2
2019-07-12 18:06:47.766,10806,10807,10806,4
2019-07-12 18:06:50.726,10806,10807,10806,2
2019-07-12 18:06:51.505,10805,10806,10806,1
2019-07-12 18:06:58.737,10805,10806,10805,1
2019-07-12 18:07:02.047,10805,10806,10806,1
2019-07-12 18:07:17.074,10805,10806,10805,2
2019-07-12 18:07:17.075,10805,10806,10805,1
2019-07-12 18:07:17.198,10805,10806,10805,2
2019-07-12 18:07:41.823,10805,10806,10805,15
2019-07-12 18:07:41.948,10805,10806,10805,4
2019-07-12 18:07:58.379,10804,10805,10805,1
2019-07-12 18:08:12.355,10804,10805,10805,1
2019-07-12 18:08:33.525,10804,10805,10805,2
2019-07-12 18:09:23.043,10804,10805,10805,7
2019-07-12 18:09:23.043,10804,10805,10806,2
2019-07-12 18:09:27.884,10804,10805,10805,1
2019-07-12 18:10:08.868,10804,10805,10805,1
2019-07-12 18:10:09.273,10804,10805,10805,1
2019-07-12 18:10:17.380,10804,10805,10805,1
2019-07-12 18:10:17.617,10804,10805,10805,1
2019-07-12 18:11:15.296,10804,10805,10804,1
2019-07-12 18:11:15.344,10804,10805,10804,1
2019-07-12 18:11:22.486,10804,10805,10804,2
2019-07-12 18:11:37.272,10804,10805,10804,3
2019-07-12 18:11:46.358,10804,10805,10804,1
2019-07-12 18:11:48.491,10804,10805,10804,1
2019-07-12 18:12:04.982,10804,10805,10804,2
2019-07-12 18:12:16.250,10804,10805,10804,3
2019-07-12 18:12:26.272,10804,10805,10804,1
2019-07-12 18:12:36.685,10804,10805,10804,3
2019-07-12 18:12:36.698,10804,10805,10804,1
2019-07-12 18:12:36.698,10804,10805,10804,1
2019-07-12 18:12:36.733,10804,10805,10804,2
2019-07-12 18:13:38.074,10803,10804,10803,2
2019-07-12 18:13:50.770,10803,10804,10803,1
2019-07-12 18:13:53.948,10803,10804,10803,1
2019-07-12 18:13:53.948,10803,10804,10803,1
2019-07-12 18:13:53.948,10803,10804,10803,4
2019-07-12 18:14:14.216,10802,10803,10803,1
2019-07-12 18:14:59.665,10802,10803,10803,5
2019-07-12 18:15:19.849,10803,10804,10803,1
2019-07-12 18:15:20.019,10803,10804,10803,1
2019-07-12 18:15:20.088,10803,10804,10803,3
2019-07-12 18:16:28.503,10803,10804,10803,2
2019-07-12 18:16:30.114,10803,10804,10803,1
2019-07-12 18:16:46.897,10802,10803,10802,1
2019-07-12 18:16:48.344,10802,10803,10802,1
2019-07-12 18:17:06.065,10802,10803,10803,6
2019-07-12 18:19:32.753,10803,10804,10803,1
2019-07-12 18:20:39.312,10803,10804,10804,1
2019-07-12 18:20:52.823,10803,10804,10804,6
2019-07-12 18:20:52.948,10803,10804,10804,2
2019-07-12 18:20:52.948,10803,10804,10804,1
2019-07-12 18:21:30.339,10804,10805,10804,1
2019-07-12 18:21:33.341,10804,10805,10804,1
2019-07-12 18:21:34.691,10804,10805,10804,1
2019-07-12 18:21:42.161,10803,10804,10804,1
2019-07-12 18:22:10.573,10803,10804,10804,1
2019-07-12 18:22:12.683,10804,10805,10804,1
2019-07-12 18:22:35.126,10803,10804,10804,1
2019-07-12 18:22:42.451,10803,10804,10804,1
2019-07-12 18:23:17.325,10803,10804,10804,1
2019-07-12 18:23:55.874,10803,10804,10804,2
2019-07-12 18:24:14.490,10804,10805,10804,1
2019-07-12 18:27:44.165,10804,10805,10805,1
2019-07-12 18:27:44.367,10804,10805,10805,1
2019-07-12 18:28:38.501,10804,10805,10804,1
2019-07-12 18:29:49.433,10804,10805,10804,1
2019-07-12 18:29:49.505,10804,10805,10804,1
2019-07-12 18:29:50.628,10804,10805,10804,1
2019-07-12 18:29:50.698,10804,10805,10804,1
2019-07-12 18:29:51.072,10804,10805,10804,1
2019-07-12 18:30:16.067,10803,10804,10804,2
2019-07-12 18:30:54.521,10804,10805,10804,1
2019-07-12 18:31:11.073,10804,10805,10804,1
2019-07-12 18:31:38.393,10803,10804,10804,1
2019-07-12 18:32:01.009,10803,10804,10803,1
2019-07-12 18:32:44.608,10803,10804,10804,2
2019-07-12 18:33:11.698,10803,10804,10804,1
2019-07-12 18:33:11.823,10803,10804,10804,1
2019-07-12 18:33:11.823,10803,10804,10804,1
2019-07-12 18:33:11.948,10803,10804,10804,1
2019-07-12 18:33:38.043,10804,10805,10804,2
2019-07-12 18:36:15.111,10804,10805,10804,1
2019-07-12 18:36:15.111,10804,10805,10804,1
2019-07-12 18:36:15.112,10804,10805,10804,1
2019-07-12 18:37:14.577,10803,10804,10804,2
2019-07-12 18:37:33.048,10803,10804,10804,1
2019-07-12 18:38:19.035,10804,10805,10805,2
2019-07-12 18:38:19.073,10804,10805,10805,2
2019-07-12 18:38:19.198,10804,10805,10805,1
2019-07-12 18:38:38.043,10804,10805,10805,1
2019-07-12 18:38:55.378,10804,10805,10805,1
2019-07-12 18:39:03.018,10804,10805,10805,1
2019-07-12 18:39:12.416,10804,10805,10805,1
2019-07-12 18:40:05.186,10804,10805,10805,1
2019-07-12 18:40:05.245,10804,10805,10804,3
2019-07-12 18:40:05.427,10804,10805,10805,2
2019-07-12 18:40:08.900,10804,10805,10805,1
2019-07-12 18:41:26.448,10804,10805,10804,2
2019-07-12 18:41:26.573,10804,10805,10804,2
2019-07-12 18:41:26.573,10804,10805,10804,1
2019-07-12 18:41:26.698,10803,10804,10804,1
2019-07-12 18:41:36.167,10804,10805,10804,1
2019-07-12 18:41:54.321,10804,10805,10804,1
2019-07-12 18:42:12.670,10804,10805,10804,1
2019-07-12 18:45:01.799,10804,10805,10805,1
2019-07-12 18:45:01.803,10804,10805,10805,3
2019-07-12 18:45:01.807,10804,10805,10805,3
2019-07-12 18:45:01.808,10804,10805,10805,1
2019-07-12 18:45:01.815,10804,10805,10805,2
2019-07-12 18:45:01.821,10804,10805,10805,2
2019-07-12 18:45:01.823,10804,10805,10805,2
2019-07-12 18:45:01.906,10804,10805,10805,1
2019-07-12 18:45:17.645,10805,10806,10806,5
2019-07-12 18:45:17.739,10805,10806,10806,1
2019-07-12 18:45:17.869,10805,10806,10806,4
2019-07-12 18:45:17.876,10805,10806,10806,2
2019-07-12 18:45:17.918,10805,10806,10806,4
2019-07-12 18:45:17.950,10805,10806,10806,4
2019-07-12 18:45:17.982,10805,10806,10806,4
2019-07-12 18:45:18.058,10805,10806,10806,4
2019-07-12 18:45:18.073,10805,10806,10806,2
2019-07-12 18:45:18.074,10805,10806,10806,1
2019-07-12 18:45:18.087,10805,10806,10807,4
2019-07-12 18:45:18.111,10805,10806,10807,4
2019-07-12 18:45:18.147,10805,10806,10807,4
2019-07-12 18:45:18.187,10805,10806,10807,4
2019-07-12 18:45:18.215,10806,10807,10807,4
2019-07-12 18:45:18.233,10806,10807,10807,1
2019-07-12 18:45:18.386,10806,10807,10807,1
2019-07-12 18:45:18.534,10806,10807,10807,1
2019-07-12 18:45:19.448,10806,10807,10806,1
2019-07-12 18:45:19.575,10805,10806,10806,1
2019-07-12 18:45:29.736,10805,10807,10807,3
2019-07-12 18:45:48.253,10805,10807,10805,1
2019-07-12 18:46:24.315,10806,10807,10806,3
2019-07-12 18:46:42.374,10805,10806,10806,2
2019-07-12 18:46:51.069,10805,10806,10806,4
2019-07-12 18:46:56.489,10805,10806,10806,2
2019-07-12 18:46:58.622,10805,10806,10806,1
2019-07-12 18:47:02.475,10805,10806,10806,1
2019-07-12 18:47:06.372,10805,10806,10806,1
2019-07-12 18:47:56.922,10805,10806,10806,1
2019-07-12 18:47:56.922,10805,10806,10806,1
2019-07-12 18:47:56.923,10805,10806,10806,1
2019-07-12 18:48:01.390,10805,10806,10806,2
2019-07-12 18:48:03.335,10805,10806,10806,1
2019-07-12 18:48:05.821,10805,10806,10805,6
2019-07-12 18:48:05.822,10805,10806,10805,2
2019-07-12 18:48:05.823,10805,10806,10805,8
2019-07-12 18:48:05.890,10805,10806,10805,1
2019-07-12 18:48:07.036,10804,10805,10804,4
2019-07-12 18:48:07.073,10804,10805,10804,8
2019-07-12 18:48:07.074,10804,10805,10804,1
2019-07-12 18:48:07.300,10803,10804,10804,1
2019-07-12 18:48:16.816,10803,10804,10803,2
2019-07-12 18:48:16.823,10803,10804,10803,1
2019-07-12 18:48:16.823,10803,10804,10803,12
2019-07-12 18:48:19.237,10802,10803,10803,1
2019-07-12 18:48:21.193,10802,10803,10802,1
2019-07-12 18:48:21.430,10802,10803,10802,1
2019-07-12 18:48:21.544,10802,10803,10802,2
2019-07-12 18:48:26.464,10802,10803,10802,1
2019-07-12 18:48:28.454,10802,10803,10802,5
2019-07-12 18:48:29.432,10802,10803,10802,1
2019-07-12 18:48:35.573,10802,10803,10803,1
2019-07-12 18:48:35.698,10802,10803,10803,1
2019-07-12 18:48:35.698,10802,10803,10803,1
2019-07-12 18:48:50.338,10802,10803,10802,1
2019-07-12 18:48:58.275,10802,10803,10803,1
2019-07-12 18:49:03.088,10802,10803,10802,9
2019-07-12 18:49:09.599,10802,10803,10802,5
2019-07-12 18:49:18.282,10802,10803,10802,1
2019-07-12 18:49:26.479,10802,10803,10802,2
2019-07-12 18:49:39.344,10802,10803,10802,2
2019-07-12 18:49:40.021,10802,10803,10803,1
2019-07-12 18:49:40.391,10802,10803,10802,2
2019-07-12 18:49:43.330,10802,10803,10802,1
2019-07-12 18:49:43.339,10802,10803,10802,1
2019-07-12 18:49:43.341,10802,10803,10802,3
2019-07-12 18:49:43.343,10802,10803,10802,20
2019-07-12 18:49:46.288,10801,10802,10802,1
2019-07-12 18:49:46.543,10801,10802,10802,1
2019-07-12 18:49:47.181,10801,10802,10802,1
2019-07-12 18:49:53.400,10801,10802,10801,2
2019-07-12 18:49:53.536,10801,10802,10801,2
2019-07-12 18:49:53.695,10801,10802,10801,2
2019-07-12 18:49:53.951,10801,10802,10801,2
2019-07-12 18:49:55.706,10801,10802,10802,1
2019-07-12 18:50:00.022,10801,10802,10801,1
2019-07-12 18:50:00.109,10801,10802,10801,1
2019-07-12 18:50:44.746,10801,10802,10801,20
2019-07-12 18:50:46.092,10801,10802,10801,6
2019-07-12 18:50:49.477,10801,10802,10801,1
2019-07-12 18:50:52.887,10801,10802,10801,1
2019-07-12 18:50:53.892,10801,10802,10801,1
2019-07-12 18:50:58.204,10801,10802,10801,1
2019-07-12 18:51:00.717,10801,10802,10801,10
2019-07-12 18:51:02.849,10801,10802,10801,6
2019-07-12 18:51:02.888,10801,10802,10800,2
2019-07-12 18:51:03.448,10800,10801,10800,1
2019-07-12 18:51:03.448,10800,10801,10800,1
2019-07-12 18:51:03.448,10800,10801,10800,1
2019-07-12 18:51:04.274,10800,10801,10800,4
2019-07-12 18:51:04.340,10800,10801,10800,5
2019-07-12 18:51:04.340,10800,10801,10800,4
2019-07-12 18:51:04.340,10800,10801,10800,8
2019-07-12 18:51:04.448,10800,10801,10800,4
2019-07-12 18:51:04.526,10800,10801,10800,1
2019-07-12 18:51:04.527,10800,10801,10800,1
2019-07-12 18:51:04.605,10800,10801,10801,3
2019-07-12 18:51:05.258,10800,10801,10800,1
2019-07-12 18:51:05.458,10800,10801,10801,1
2019-07-12 18:51:05.630,10800,10801,10800,20
2019-07-12 18:51:05.796,10799,10800,10800,3
2019-07-12 18:51:05.894,10799,10800,10800,1
2019-07-12 18:51:05.903,10799,10800,10800,4
2019-07-12 18:51:05.980,10799,10800,10799,4
2019-07-12 18:51:06.320,10799,10800,10799,1
2019-07-12 18:51:07.047,10799,10800,10799,2
2019-07-12 18:51:07.642,10799,10800,10799,2
2019-07-12 18:51:08.583,10799,10800,10799,2
2019-07-12 18:51:09.319,10799,10800,10799,2
2019-07-12 18:51:11.517,10799,10800,10800,20
2019-07-12 18:51:13.386,10800,10801,10800,3
2019-07-12 18:51:14.707,10800,10801,10801,2
2019-07-12 18:51:23.823,10800,10801,10801,1
2019-07-12 18:51:23.823,10800,10801,10801,1
2019-07-12 18:51:23.823,10800,10801,10801,1
2019-07-12 18:51:25.051,10800,10801,10800,1
2019-07-12 18:51:26.808,10800,10801,10800,1
2019-07-12 18:51:26.906,10800,10801,10800,2
2019-07-12 18:51:29.663,10800,10801,10800,1
2019-07-12 18:51:34.053,10800,10801,10800,1
2019-07-12 18:51:47.992,10800,10801,10800,2
2019-07-12 18:51:48.751,10800,10801,10800,2
2019-07-12 18:51:56.214,10800,10801,10800,1
2019-07-12 18:51:58.929,10800,10801,10801,10
2019-07-12 18:51:58.948,10800,10801,10801,1
2019-07-12 18:51:59.075,10801,10802,10802,1
2019-07-12 18:52:09.929,10801,10802,10801,1
2019-07-12 18:52:21.998,10801,10802,10801,2
2019-07-12 18:52:36.389,10801,10802,10801,1
2019-07-12 18:52:51.648,10801,10802,10801,1
2019-07-12 18:53:02.548,10801,10802,10801,3
2019-07-12 18:53:02.573,10801,10802,10801,2
2019-07-12 18:53:22.805,10801,10802,10801,1
2019-07-12 18:54:59.714,10801,10802,10801,25
2019-07-12 18:54:59.826,10801,10802,10801,3
2019-07-12 18:55:19.766,10800,10801,10801,1
2019-07-12 18:55:20.007,10801,10802,10801,2
2019-07-12 18:55:48.055,10801,10802,10802,2
2019-07-12 18:55:48.073,10801,10802,10802,12
2019-07-12 18:56:31.000,10802,10803,10802,1
2019-07-12 18:57:00.079,10802,10803,10802,1
2019-07-12 18:57:12.355,10801,10802,10802,1
2019-07-12 18:57:34.052,10801,10802,10802,1
2019-07-12 18:57:53.032,10801,10802,10802,1
2019-07-12 18:57:53.033,10801,10802,10802,3
2019-07-12 18:57:53.073,10801,10802,10802,1
2019-07-12 18:59:20.936,10802,10803,10802,1
2019-07-12 18:59:35.285,10802,10803,10802,1
2019-07-12 18:59:45.139,10802,10803,10802,1
2019-07-12 19:00:16.537,10802,10803,10802,1
2019-07-12 19:00:16.952,10801,10803,10801,1
2019-07-12 19:00:16.955,10801,10803,10801,1
2019-07-12 19:00:41.893,10801,10802,10802,3
2019-07-12 19:00:42.329,10802,10803,10802,1
2019-07-12 19:01:29.427,10801,10802,10802,1
2019-07-12 19:02:22.257,10801,10802,10802,1
2019-07-12 19:02:25.251,10801,10802,10802,1
2019-07-12 19:02:25.614,10801,10802,10802,1
2019-07-12 19:02:35.587,10802,10803,10802,1
2019-07-12 19:03:41.511,10802,10803,10802,1
2019-07-12 19:04:16.218,10802,10803,10803,1
2019-07-12 19:04:23.126,10802,10803,10803,4
2019-07-12 19:04:23.126,10802,10803,10803,1
2019-07-12 19:05:47.180,10802,10803,10803,1
2019-07-12 19:06:06.739,10802,10803,10803,25
2019-07-12 19:06:13.140,10802,10803,10803,1
2019-07-12 19:06:13.534,10802,10803,10803,1
2019-07-12 19:07:03.689,10802,10803,10802,2
2019-07-12 19:07:33.824,10802,10803,10802,1
2019-07-12 19:07:33.824,10802,10803,10802,1
2019-07-12 19:07:33.824,10802,10803,10802,1
2019-07-12 19:07:48.811,10801,10802,10802,1
2019-07-12 19:08:04.787,10801,10802,10802,1
2019-07-12 19:08:35.687,10801,10802,10802,1
2019-07-12 19:09:20.630,10801,10802,10802,1
2019-07-12 19:10:23.280,10801,10802,10802,1
2019-07-12 19:10:28.194,10801,10802,10801,1
2019-07-12 19:10:41.644,10801,10802,10801,1
2019-07-12 19:10:46.053,10801,10802,10801,1
2019-07-12 19:11:44.753,10801,10802,10801,1
2019-07-12 19:12:42.589,10801,10802,10801,21
2019-07-12 19:12:42.589,10801,10802,10801,3
2019-07-12 19:12:42.698,10801,10802,10801,2
2019-07-12 19:12:42.698,10801,10802,10801,4
2019-07-12 19:12:42.698,10801,10802,10801,3
2019-07-12 19:12:54.655,10800,10801,10801,1
2019-07-12 19:12:55.686,10800,10801,10800,4
2019-07-12 19:13:00.879,10800,10801,10800,1
2019-07-12 19:13:01.415,10800,10801,10801,8
2019-07-12 19:14:39.646,10801,10802,10802,7
2019-07-12 19:14:39.698,10802,10803,10802,1
2019-07-12 19:14:39.823,10802,10803,10802,1
2019-07-12 19:14:59.228,10801,10802,10802,1
2019-07-12 19:15:02.496,10801,10802,10802,1
2019-07-12 19:16:43.279,10801,10802,10802,1
2019-07-12 19:16:44.007,10801,10802,10802,1
2019-07-12 19:17:39.323,10802,10803,10802,1
2019-07-12 19:17:59.647,10802,10803,10802,1
2019-07-12 19:18:26.328,10801,10802,10802,1
2019-07-12 19:18:26.448,10801,10802,10802,1
2019-07-12 19:18:44.379,10801,10802,10802,1
2019-07-12 19:18:44.448,10801,10802,10802,7
2019-07-12 19:19:07.713,10802,10803,10802,1
2019-07-12 19:19:27.266,10802,10803,10802,2
2019-07-12 19:19:39.215,10802,10803,10802,2
2019-07-12 19:19:43.897,10801,10802,10802,1
2019-07-12 19:20:11.490,10801,10802,10802,6
2019-07-12 19:20:11.872,10802,10803,10802,1
2019-07-12 19:21:22.252,10802,10803,10803,7
2019-07-12 19:21:22.556,10802,10803,10803,1
2019-07-12 19:22:12.475,10802,10803,10802,1
2019-07-12 19:22:12.476,10802,10803,10802,1
2019-07-12 19:22:12.573,10802,10803,10802,1
2019-07-12 19:22:12.573,10802,10803,10802,1
2019-07-12 19:22:12.573,10802,10803,10802,1
2019-07-12 19:22:12.817,10801,10802,10802,3
2019-07-12 19:22:33.238,10801,10802,10802,1
2019-07-12 19:22:55.869,10801,10802,10802,1
2019-07-12 19:22:57.280,10801,10802,10801,2
2019-07-12 19:22:57.577,10801,10802,10801,2
2019-07-12 19:22:57.827,10801,10802,10801,2
2019-07-12 19:22:58.064,10801,10802,10801,2
2019-07-12 19:22:58.239,10801,10802,10801,2
2019-07-12 19:22:58.496,10801,10802,10801,2
2019-07-12 19:22:58.714,10801,10802,10801,2
2019-07-12 19:22:58.888,10801,10802,10801,2
2019-07-12 19:22:59.071,10801,10802,10801,2
2019-07-12 19:22:59.073,10801,10802,10801,2
2019-07-12 19:22:59.279,10801,10802,10801,2
2019-07-12 19:22:59.388,10801,10802,10801,2
2019-07-12 19:23:04.377,10800,10801,10800,2
2019-07-12 19:23:04.624,10800,10801,10800,2
2019-07-12 19:23:04.844,10800,10801,10800,2
2019-07-12 19:23:05.056,10800,10801,10800,2
2019-07-12 19:23:05.248,10800,10801,10800,2
2019-07-12 19:23:11.026,10800,10801,10800,2
2019-07-12 19:23:11.328,10800,10801,10800,2
2019-07-12 19:23:11.578,10800,10801,10800,2
2019-07-12 19:23:11.829,10800,10801,10800,2
2019-07-12 19:23:12.020,10800,10801,10800,2
2019-07-12 19:23:12.317,10800,10801,10800,2
2019-07-12 19:23:12.552,10800,10801,10800,2
2019-07-12 19:23:12.573,10800,10801,10800,1
2019-07-12 19:23:12.629,10800,10801,10800,2
2019-07-12 19:23:12.736,10800,10801,10800,2
2019-07-12 19:23:12.979,10800,10801,10800,2
2019-07-12 19:23:13.168,10800,10801,10800,2
2019-07-12 19:23:15.047,10800,10801,10800,2
2019-07-12 19:23:15.878,10800,10801,10800,2
2019-07-12 19:23:16.248,10800,10801,10800,2
2019-07-12 19:23:16.578,10800,10801,10800,2
2019-07-12 19:23:17.455,10800,10801,10800,2
2019-07-12 19:23:18.128,10800,10801,10800,2
2019-07-12 19:23:42.779,10800,10801,10801,1
2019-07-12 19:24:00.186,10800,10801,10801,4
2019-07-12 19:24:00.198,10800,10801,10801,11
2019-07-12 19:25:20.515,10801,10802,10801,2
2019-07-12 19:26:33.167,10801,10802,10801,6
2019-07-12 19:26:33.552,10800,10801,10800,1
2019-07-12 19:27:44.198,10800,10801,10801,1
2019-07-12 19:27:44.198,10800,10801,10801,1
2019-07-12 19:27:44.198,10800,10801,10801,2
2019-07-12 19:27:44.198,10800,10801,10801,1
2019-07-12 19:27:44.198,10800,10801,10801,2
2019-07-12 19:28:07.707,10801,10802,10801,1
2019-07-12 19:28:27.345,10801,10802,10802,13
2019-07-12 19:28:56.786,10802,10803,10802,1
2019-07-12 19:29:02.633,10802,10803,10802,1
2019-07-12 19:29:29.949,10802,10803,10802,2
2019-07-12 19:30:02.723,10802,10803,10802,3
2019-07-12 19:30:02.823,10802,10803,10802,1
2019-07-12 19:30:04.014,10801,10802,10801,1
2019-07-12 19:31:11.694,10801,10802,10801,1
2019-07-12 19:31:17.883,10801,10802,10801,2
2019-07-12 19:31:17.948,10801,10802,10801,20
2019-07-12 19:32:02.980,10800,10801,10800,2
2019-07-12 19:33:03.092,10800,10801,10800,4
2019-07-12 19:33:56.323,10800,10801,10800,1
2019-07-12 19:33:59.424,10800,10801,10800,2
2019-07-12 19:34:25.284,10800,10801,10800,1
2019-07-12 19:34:25.286,10800,10801,10800,1
2019-07-12 19:34:59.914,10800,10801,10801,1
2019-07-12 19:35:11.518,10800,10801,10801,2
2019-07-12 19:35:11.573,10800,10801,10801,1
2019-07-12 19:35:11.815,10800,10802,10800,1
2019-07-12 19:35:49.358,10800,10801,10801,2
2019-07-12 19:36:24.336,10800,10801,10801,1
2019-07-12 19:36:24.573,10800,10801,10801,1
2019-07-12 19:36:24.698,10800,10801,10801,1
2019-07-12 19:36:24.823,10800,10801,10801,1
2019-07-12 19:36:37.514,10801,10802,10802,2
2019-07-12 19:37:09.278,10802,10803,10802,1
2019-07-12 19:37:25.543,10802,10803,10802,1
2019-07-12 19:37:26.814,10802,10803,10802,2
2019-07-12 19:37:27.073,10801,10802,10802,1
2019-07-12 19:37:28.959,10802,10803,10802,1
2019-07-12 19:37:29.073,10801,10802,10802,1
2019-07-12 19:37:58.429,10801,10802,10802,6
2019-07-12 19:37:58.448,10801,10802,10802,1
2019-07-12 19:37:58.448,10801,10802,10802,1
2019-07-12 19:37:58.448,10801,10802,10802,1
2019-07-12 19:37:58.667,10802,10803,10802,2
2019-07-12 19:38:37.087,10801,10802,10801,1
2019-07-12 19:38:37.198,10801,10802,10801,1
2019-07-12 19:38:37.323,10801,10802,10801,1
2019-07-12 19:41:47.680,10801,10802,10801,3
2019-07-12 19:41:48.573,10801,10802,10801,2
2019-07-12 19:41:48.600,10801,10802,10801,2
2019-07-12 19:41:48.726,10801,10802,10801,1
2019-07-12 19:41:48.881,10801,10802,10801,2
2019-07-12 19:41:50.671,10801,10802,10801,1
2019-07-12 19:42:45.169,10801,10802,10802,8
2019-07-12 19:42:45.198,10801,10802,10802,16
2019-07-12 19:42:45.435,10801,10803,10802,2
2019-07-12 19:42:56.265,10802,10803,10802,1
2019-07-12 19:43:04.204,10802,10803,10803,9
2019-07-12 19:43:12.354,10803,10804,10803,1
2019-07-12 19:43:26.956,10803,10804,10804,1
2019-07-12 19:43:27.073,10803,10804,10804,1
2019-07-12 19:43:33.941,10803,10804,10804,1
2019-07-12 19:43:34.044,10803,10804,10804,1
2019-07-12 19:43:40.267,10803,10804,10804,2
2019-07-12 19:43:44.198,10803,10804,10803,10
2019-07-12 19:43:47.328,10802,10804,10804,5
2019-07-12 19:43:48.063,10803,10804,10803,3
2019-07-12 19:43:56.732,10802,10803,10803,9
2019-07-12 19:43:56.732,10802,10803,10804,28
2019-07-12 19:43:56.948,10803,10804,10804,1
2019-07-12 19:43:56.948,10803,10804,10804,1
2019-07-12 19:43:58.278,10803,10804,10804,8
2019-07-12 19:43:58.278,10803,10804,10805,49
2019-07-12 19:43:58.323,10804,10805,10805,13
2019-07-12 19:43:58.323,10804,10805,10805,1
2019-07-12 19:44:01.331,10804,10805,10805,10
2019-07-12 19:44:01.331,10804,10805,10806,12
2019-07-12 19:44:01.800,10805,10806,10805,1
2019-07-12 19:44:03.262,10805,10806,10805,4
2019-07-12 19:44:10.757,10804,10805,10805,1
2019-07-12 19:44:45.088,10804,10805,10805,1
2019-07-12 19:44:47.755,10804,10805,10805,2
2019-07-12 19:44:50.261,10804,10805,10805,1
2019-07-12 19:45:01.426,10804,10805,10804,4
2019-07-12 19:45:02.049,10804,10805,10804,1
2019-07-12 19:45:15.338,10804,10805,10804,7
2019-07-12 19:47:01.333,10803,10804,10804,1
2019-07-12 19:47:45.179,10803,10804,10804,5
2019-07-12 19:47:57.806,10803,10804,10804,6
2019-07-12 19:48:05.573,10803,10804,10804,2
2019-07-12 19:48:30.457,10804,10805,10804,1
2019-07-12 19:49:12.606,10804,10805,10805,4
2019-07-12 19:49:21.400,10804,10805,10805,1
2019-07-12 19:49:31.791,10804,10805,10805,4
2019-07-12 19:49:41.604,10804,10805,10805,1
2019-07-12 19:49:46.697,10804,10805,10804,1
2019-07-12 19:49:47.058,10804,10805,10804,1
2019-07-12 19:50:23.128,10804,10805,10805,1
2019-07-12 19:50:23.348,10804,10805,10805,2
2019-07-12 19:51:04.252,10804,10805,10804,1
2019-07-12 19:51:06.206,10804,10805,10804,1
2019-07-12 19:51:06.206,10804,10805,10804,1
2019-07-12 19:51:06.206,10804,10805,10804,3
2019-07-12 19:51:06.206,10804,10805,10804,4
2019-07-12 19:51:40.500,10803,10804,10804,1
2019-07-12 19:51:49.395,10803,10804,10804,1
2019-07-12 19:52:02.898,10803,10804,10804,2
2019-07-12 19:52:13.430,10804,10805,10804,1
2019-07-12 19:52:50.976,10804,10805,10805,4
2019-07-12 19:53:47.125,10804,10805,10805,2
2019-07-12 19:53:52.902,10804,10805,10805,1
2019-07-12 19:53:54.665,10804,10805,10805,5
2019-07-12 19:54:19.399,10804,10805,10805,7
2019-07-12 19:54:19.448,10805,10806,10805,1
2019-07-12 19:54:19.448,10805,10806,10805,2
2019-07-12 19:54:31.235,10804,10805,10805,5
2019-07-12 19:54:37.081,10805,10806,10805,2
2019-07-12 19:54:48.477,10805,10806,10805,6
2019-07-12 19:55:52.224,10804,10805,10805,1
2019-07-12 19:55:59.778,10804,10805,10805,1
2019-07-12 19:57:10.074,10804,10805,10804,1
2019-07-12 19:57:14.588,10804,10805,10804,2
2019-07-12 19:57:14.824,10804,10805,10804,1
2019-07-12 19:59:34.837,10803,10804,10804,1
2019-07-12 19:59:34.948,10803,10804,10804,1
2019-07-12 20:01:04.001,10803,10804,10804,2
2019-07-12 20:01:04.579,10803,10804,10803,2
2019-07-12 20:01:20.676,10803,10804,10803,1
2019-07-12 20:01:22.572,10803,10804,10803,3
2019-07-12 20:01:22.699,10803,10804,10803,2
2019-07-12 20:01:22.959,10803,10804,10803,1
2019-07-12 20:01:23.078,10803,10804,10803,1
2019-07-12 20:01:23.103,10803,10804,10803,4
2019-07-12 20:01:23.779,10802,10803,10803,1
2019-07-12 20:01:28.403,10802,10803,10803,1
2019-07-12 20:02:27.143,10802,10803,10802,1
2019-07-12 20:02:37.706,10802,10803,10802,1
2019-07-12 20:03:14.642,10802,10803,10802,1
2019-07-12 20:03:14.689,10802,10803,10802,1
2019-07-12 20:03:14.698,10802,10803,10802,1
2019-07-12 20:03:14.768,10802,10803,10802,1
2019-07-12 20:03:14.823,10802,10803,10802,2
2019-07-12 20:03:15.364,10801,10802,10801,1
2019-07-12 20:03:32.913,10801,10802,10801,1
2019-07-12 20:03:48.078,10801,10802,10801,1
2019-07-12 20:04:54.446,10801,10802,10801,1
2019-07-12 20:06:51.994,10801,10802,10801,1
2019-07-12 20:08:07.847,10801,10802,10802,1
2019-07-12 20:08:08.894,10801,10802,10801,1
2019-07-12 20:08:09.281,10801,10802,10802,14
2019-07-12 20:08:09.521,10802,10803,10802,2
2019-07-12 20:08:09.526,10802,10803,10802,2
2019-07-12 20:08:14.068,10802,10803,10803,1
2019-07-12 20:08:14.073,10802,10803,10803,1
2019-07-12 20:08:14.073,10802,10803,10803,1
2019-07-12 20:08:14.073,10802,10803,10803,2
2019-07-12 20:08:19.938,10802,10803,10802,1
2019-07-12 20:08:31.868,10802,10803,10803,2
2019-07-12 20:08:36.815,10802,10804,10804,1
2019-07-12 20:08:40.284,10803,10804,10804,1
2019-07-12 20:08:40.470,10803,10804,10804,1
2019-07-12 20:08:46.879,10803,10804,10803,1
2019-07-12 20:10:02.213,10803,10804,10803,10
2019-07-12 20:10:38.516,10803,10804,10803,1
2019-07-12 20:11:56.781,10803,10804,10804,2
2019-07-12 20:12:43.482,10803,10804,10804,1
2019-07-12 20:12:55.565,10803,10804,10804,2
2019-07-12 20:13:31.984,10803,10804,10804,3
2019-07-12 20:13:40.698,10803,10804,10804,1
2019-07-12 20:13:40.698,10803,10804,10804,1
2019-07-12 20:13:40.698,10803,10804,10804,1
2019-07-12 20:13:54.051,10803,10804,10804,4
2019-07-12 20:13:54.290,10804,10805,10804,2
2019-07-12 20:13:54.527,10804,10805,10804,1
2019-07-12 20:13:54.540,10804,10805,10804,3
2019-07-12 20:13:57.034,10803,10804,10804,1
2019-07-12 20:14:04.690,10803,10804,10804,1
2019-07-12 20:14:05.446,10803,10804,10804,1
2019-07-12 20:14:10.214,10803,10804,10804,1
2019-07-12 20:14:12.086,10803,10804,10804,1
2019-07-12 20:14:19.625,10804,10805,10804,1
2019-07-12 20:14:19.642,10804,10805,10804,2
2019-07-12 20:14:34.101,10803,10804,10804,4
2019-07-12 20:14:44.835,10803,10804,10804,2
2019-07-12 20:15:46.420,10803,10804,10804,1
2019-07-12 20:18:02.903,10803,10804,10804,1
2019-07-12 20:18:29.520,10803,10804,10804,1
2019-07-12 20:18:31.827,10803,10804,10804,1
2019-07-12 20:18:35.721,10803,10804,10804,1
2019-07-12 20:19:14.252,10803,10804,10803,3
2019-07-12 20:19:18.728,10803,10804,10804,1
2019-07-12 20:21:03.180,10803,10804,10804,1
2019-07-12 20:21:03.198,10803,10804,10804,1
2019-07-12 20:21:03.198,10803,10804,10804,1
2019-07-12 20:21:30.199,10803,10804,10804,1
2019-07-12 20:22:03.869,10803,10804,10804,1
2019-07-12 20:22:25.353,10803,10804,10804,1
2019-07-12 20:22:26.784,10803,10804,10804,1
2019-07-12 20:22:26.814,10803,10804,10804,4
2019-07-12 20:22:26.815,10803,10804,10804,1
2019-07-12 20:22:47.823,10804,10805,10804,1
2019-07-12 20:22:47.950,10804,10805,10804,1
2019-07-12 20:24:09.859,10803,10804,10803,1
2019-07-12 20:24:09.948,10803,10804,10803,2
2019-07-12 20:24:10.073,10803,10804,10803,1
2019-07-12 20:24:10.198,10803,10804,10803,1
2019-07-12 20:24:11.766,10803,10804,10803,2
2019-07-12 20:24:12.002,10803,10804,10803,1
2019-07-12 20:24:12.146,10802,10803,10803,1
2019-07-12 20:24:15.085,10802,10803,10803,1
2019-07-12 20:24:16.117,10802,10803,10803,1
2019-07-12 20:24:18.325,10802,10803,10803,1
2019-07-12 20:24:23.267,10802,10803,10803,1
2019-07-12 20:24:57.002,10802,10803,10803,1
2019-07-12 20:25:04.123,10802,10803,10802,1
2019-07-12 20:25:04.632,10802,10803,10803,1
2019-07-12 20:25:57.660,10803,10804,10803,10
2019-07-12 20:27:07.961,10803,10804,10803,1
2019-07-12 20:27:46.226,10803,10804,10804,2
2019-07-12 20:27:46.323,10803,10804,10804,2
2019-07-12 20:27:46.390,10803,10804,10804,1
2019-07-12 20:27:46.448,10803,10804,10804,1
2019-07-12 20:27:46.812,10803,10804,10804,2
2019-07-12 20:28:27.495,10803,10804,10804,1
2019-07-12 20:28:27.573,10803,10804,10804,1
2019-07-12 20:28:27.573,10803,10804,10804,1
2019-07-12 20:28:50.265,10803,10804,10804,1
2019-07-12 20:28:52.079,10803,10804,10803,2
2019-07-12 20:28:53.187,10803,10804,10804,2
2019-07-12 20:29:10.326,10803,10804,10804,2
2019-07-12 20:29:14.163,10803,10804,10804,2
2019-07-12 20:29:14.163,10803,10804,10804,1
2019-07-12 20:29:14.198,10803,10804,10804,1
2019-07-12 20:29:14.198,10803,10804,10804,1
2019-07-12 20:29:14.341,10803,10804,10804,2
2019-07-12 20:29:35.501,10804,10805,10805,2
2019-07-12 20:29:35.731,10804,10805,10805,2
2019-07-12 20:29:55.759,10804,10805,10804,1
2019-07-12 20:29:55.761,10804,10805,10804,5
2019-07-12 20:29:56.825,10803,10804,10803,1
2019-07-12 20:30:12.845,10803,10804,10803,1
2019-07-12 20:30:12.848,10803,10804,10803,10
2019-07-12 20:30:12.882,10803,10804,10803,4
2019-07-12 20:30:13.620,10802,10803,10802,1
2019-07-12 20:30:13.638,10802,10803,10802,1
2019-07-12 20:30:18.073,10802,10803,10803,1
2019-07-12 20:30:30.016,10802,10803,10803,1
2019-07-12 20:30:32.833,10802,10803,10802,1
2019-07-12 20:30:37.956,10802,10803,10802,2
2019-07-12 20:30:38.262,10802,10803,10802,1
2019-07-12 20:30:38.548,10802,10803,10802,1
2019-07-12 20:30:40.225,10802,10803,10802,1
2019-07-12 20:30:47.869,10802,10803,10802,3
2019-07-12 20:31:01.998,10801,10802,10802,1
2019-07-12 20:31:09.233,10801,10802,10802,1
2019-07-12 20:31:09.233,10801,10802,10802,1
2019-07-12 20:31:09.233,10801,10802,10802,1
2019-07-12 20:31:09.939,10802,10803,10802,1
2019-07-12 20:31:59.698,10802,10803,10802,1
2019-07-12 20:31:59.698,10802,10803,10802,1
2019-07-12 20:31:59.698,10802,10803,10802,1
2019-07-12 20:32:05.737,10802,10803,10802,2
2019-07-12 20:32:21.019,10801,10802,10802,2
2019-07-12 20:32:21.075,10801,10802,10801,2
2019-07-12 20:32:22.948,10801,10802,10801,6
2019-07-12 20:32:23.073,10801,10802,10801,1
2019-07-12 20:32:23.073,10801,10802,10801,9
2019-07-12 20:32:30.379,10800,10801,10801,2
2019-07-12 20:32:31.839,10800,10801,10800,13
2019-07-12 20:32:31.948,10800,10801,10800,5
2019-07-12 20:32:36.292,10800,10801,10800,1
2019-07-12 20:32:36.292,10800,10801,10800,4
2019-07-12 20:32:36.293,10800,10801,10800,5
2019-07-12 20:32:36.293,10800,10801,10800,1
2019-07-12 20:32:36.448,10799,10800,10800,1
2019-07-12 20:32:36.448,10799,10800,10800,1
2019-07-12 20:32:38.220,10799,10800,10799,4
2019-07-12 20:32:38.373,10799,10800,10799,4
2019-07-12 20:32:50.324,10799,10800,10800,1
2019-07-12 20:32:51.819,10800,10801,10800,2
2019-07-12 20:33:11.961,10800,10801,10800,2
2019-07-12 20:33:24.392,10800,10801,10801,3
2019-07-12 20:33:48.836,10800,10801,10801,1
2019-07-12 20:33:59.343,10800,10801,10800,2
2019-07-12 20:34:09.213,10800,10801,10800,1
2019-07-12 20:34:12.315,10800,10801,10800,4
2019-07-12 20:34:23.565,10800,10801,10800,1
2019-07-12 20:34:56.932,10800,10801,10800,1
2019-07-12 20:35:22.960,10800,10801,10800,1
2019-07-12 20:35:23.340,10800,10801,10800,2
2019-07-12 20:35:23.370,10800,10801,10800,1
2019-07-12 20:35:32.542,10800,10801,10800,5
2019-07-12 20:35:32.574,10800,10801,10800,5
2019-07-12 20:35:34.923,10800,10801,10800,2
2019-07-12 20:35:59.386,10800,10801,10800,10
2019-07-12 20:36:30.783,10799,10801,10799,5
2019-07-12 20:36:35.909,10799,10800,10799,1
2019-07-12 20:36:45.708,10799,10800,10799,1
2019-07-12 20:36:57.830,10799,10800,10799,5
2019-07-12 20:37:15.169,10799,10800,10799,1
2019-07-12 20:38:10.158,10799,10800,10799,3
2019-07-12 20:38:50.889,10799,10800,10799,1
2019-07-12 20:38:51.227,10799,10800,10799,1
2019-07-12 20:38:56.658,10799,10800,10799,1
2019-07-12 20:39:11.076,10799,10800,10800,1
2019-07-12 20:39:11.114,10799,10800,10800,1
2019-07-12 20:39:11.115,10799,10800,10800,9
2019-07-12 20:39:11.362,10800,10801,10800,2
2019-07-12 20:39:11.601,10800,10801,10800,1
2019-07-12 20:39:31.581,10800,10801,10800,1
2019-07-12 20:39:38.574,10800,10801,10800,2
2019-07-12 20:41:02.397,10800,10801,10801,11
2019-07-12 20:41:02.448,10800,10801,10801,3
2019-07-12 20:41:02.586,10801,10802,10801,1
2019-07-12 20:41:02.800,10801,10802,10801,1
2019-07-12 20:41:23.550,10800,10801,10801,1
2019-07-12 20:41:46.179,10801,10802,10801,2
2019-07-12 20:41:55.956,10800,10801,10801,1
2019-07-12 20:41:55.956,10800,10801,10802,1
2019-07-12 20:42:01.819,10801,10802,10801,1
2019-07-12 20:42:12.985,10801,10802,10801,2
2019-07-12 20:42:13.746,10801,10802,10801,3
2019-07-12 20:42:26.380,10800,10801,10801,1
2019-07-12 20:42:28.192,10800,10801,10801,1
2019-07-12 20:42:50.970,10800,10801,10801,1
2019-07-12 20:43:02.189,10800,10801,10801,2
2019-07-12 20:43:08.345,10800,10801,10801,1
2019-07-12 20:43:38.625,10801,10802,10801,4
2019-07-12 20:44:00.085,10800,10801,10801,2
2019-07-12 20:44:00.198,10800,10801,10801,4
2019-07-12 20:44:31.765,10801,10802,10802,3
2019-07-12 20:44:34.437,10802,10803,10802,1
2019-07-12 20:44:40.777,10802,10803,10802,1
2019-07-12 20:47:25.451,10801,10802,10802,1
2019-07-12 20:47:34.931,10801,10802,10801,1
2019-07-12 20:47:36.391,10801,10802,10802,1
2019-07-12 20:48:20.518,10801,10802,10801,1
2019-07-12 20:49:09.060,10801,10802,10802,1
2019-07-12 20:49:20.604,10801,10802,10802,1
2019-07-12 20:50:04.020,10801,10802,10801,1
2019-07-12 20:50:04.021,10801,10802,10801,1
2019-07-12 20:50:04.021,10801,10802,10801,1
2019-07-12 20:50:05.850,10800,10801,10801,1
2019-07-12 20:51:25.175,10800,10801,10800,1
2019-07-12 20:51:25.177,10800,10801,10800,1
2019-07-12 20:51:25.198,10800,10801,10800,1
2019-07-12 20:51:25.275,10800,10801,10800,1
2019-07-12 20:51:28.214,10800,10801,10800,2
2019-07-12 20:51:28.323,10800,10801,10800,1
2019-07-12 20:51:40.329,10800,10801,10800,1
2019-07-12 20:51:41.061,10800,10801,10800,2
2019-07-12 20:51:41.075,10800,10801,10800,2
2019-07-12 20:51:53.448,10800,10801,10800,14
2019-07-12 20:51:53.573,10800,10801,10800,6
2019-07-12 20:52:08.334,10799,10800,10800,1
2019-07-12 20:52:09.561,10799,10800,10800,1
2019-07-12 20:52:10.118,10799,10800,10799,1
2019-07-12 20:52:10.860,10799,10800,10799,4
2019-07-12 20:52:10.876,10799,10800,10799,4
2019-07-12 20:52:10.917,10799,10800,10799,4
2019-07-12 20:52:10.949,10799,10800,10799,4
2019-07-12 20:52:10.972,10799,10800,10799,4
2019-07-12 20:52:11.011,10799,10800,10799,4
2019-07-12 20:52:11.035,10799,10800,10799,2
2019-07-12 20:52:11.035,10799,10800,10798,2
2019-07-12 20:52:11.075,10798,10800,10798,4
2019-07-12 20:52:11.076,10798,10800,10798,2
2019-07-12 20:52:11.106,10798,10800,10798,4
2019-07-12 20:52:11.149,10798,10800,10798,1
2019-07-12 20:52:11.178,10798,10800,10798,2
2019-07-12 20:52:11.197,10798,10800,10798,5
2019-07-12 20:52:11.200,10798,10800,10798,4
2019-07-12 20:52:11.259,10798,10800,10798,1
2019-07-12 20:52:11.311,10798,10800,10798,1
2019-07-12 20:52:11.385,10798,10799,10798,1
2019-07-12 20:52:11.613,10798,10799,10799,1
2019-07-12 20:52:15.829,10798,10799,10798,1
2019-07-12 20:52:17.403,10798,10799,10798,1
2019-07-12 20:52:17.404,10798,10799,10798,1
2019-07-12 20:52:17.409,10798,10799,10798,1
2019-07-12 20:52:17.429,10798,10799,10798,1
2019-07-12 20:52:17.437,10798,10799,10798,1
2019-07-12 20:52:17.466,10798,10799,10798,1
2019-07-12 20:52:17.473,10798,10799,10798,1
2019-07-12 20:52:22.217,10798,10799,10798,1
2019-07-12 20:52:26.222,10798,10799,10798,3
2019-07-12 20:52:28.679,10799,10800,10799,4
2019-07-12 20:52:29.278,10799,10800,10799,1
2019-07-12 20:52:35.875,10799,10800,10799,1
2019-07-12 20:54:04.830,10799,10800,10799,5
2019-07-12 20:54:05.129,10799,10800,10799,5
2019-07-12 20:54:09.137,10799,10800,10799,1
2019-07-12 20:54:45.782,10799,10800,10799,1
2019-07-12 20:54:47.918,10799,10800,10800,3
2019-07-12 20:54:48.125,10800,10801,10800,2
2019-07-12 20:54:48.501,10800,10801,10801,1
2019-07-12 20:55:16.357,10799,10801,10799,2
2019-07-12 20:55:16.358,10799,10801,10799,2
2019-07-12 20:55:37.911,10799,10800,10800,1
2019-07-12 20:56:15.018,10799,10800,10799,2
2019-07-12 20:56:16.220,10799,10800,10799,1
2019-07-12 20:56:16.477,10799,10800,10799,1
2019-07-12 20:56:16.725,10799,10800,10799,1
2019-07-12 20:56:16.968,10799,10800,10799,1
2019-07-12 20:56:29.565,10798,10799,10799,2
2019-07-12 20:56:30.449,10799,10800,10800,2
2019-07-12 20:56:30.924,10799,10800,10799,1
2019-07-12 20:56:57.010,10799,10800,10799,2
2019-07-12 20:57:31.436,10799,10800,10800,1
2019-07-12 20:57:54.427,10799,10800,10799,2
2019-07-12 20:58:04.902,10799,10800,10799,5
2019-07-12 20:58:15.411,10798,10799,10799,1
2019-07-12 20:58:16.466,10798,10799,10798,4
2019-07-12 20:58:16.573,10798,10799,10798,2
2019-07-12 20:58:19.335,10798,10799,10799,1
2019-07-12 20:59:32.764,10798,10799,10799,1
2019-07-12 20:59:52.114,10798,10799,10799,2
2019-07-12 21:00:04.789,10798,10799,10799,5
2019-07-12 21:00:05.023,10798,10799,10798,2
2019-07-12 21:00:05.104,10798,10799,10798,2
2019-07-12 21:00:05.138,10798,10799,10798,2
2019-07-12 21:00:05.217,10798,10799,10798,2
2019-07-12 21:00:05.252,10798,10799,10798,1
2019-07-12 21:00:05.374,10798,10799,10798,1
2019-07-12 21:00:05.918,10798,10799,10798,1
2019-07-12 21:00:05.954,10798,10799,10798,2
2019-07-12 21:00:06.221,10798,10799,10798,1
2019-07-12 21:00:06.339,10798,10799,10798,2
2019-07-12 21:00:06.448,10798,10799,10798,1
2019-07-12 21:00:06.605,10798,10799,10798,6
2019-07-12 21:00:06.605,10798,10799,10798,1
2019-07-12 21:00:06.606,10798,10799,10798,1
2019-07-12 21:00:06.638,10798,10799,10798,1
2019-07-12 21:00:06.698,10798,10799,10798,1
2019-07-12 21:00:06.698,10798,10799,10798,2
2019-07-12 21:00:06.830,10797,10799,10797,1
2019-07-12 21:00:07.150,10797,10798,10797,1
2019-07-12 21:00:07.152,10797,10798,10797,1
2019-07-12 21:00:07.201,10797,10798,10797,1
2019-07-12 21:00:07.305,10797,10798,10797,2
2019-07-12 21:00:08.378,10797,10798,10797,2
2019-07-12 21:00:20.265,10797,10798,10798,1
2019-07-12 21:00:22.321,10797,10798,10797,1
2019-07-12 21:00:26.272,10797,10798,10797,1
2019-07-12 21:00:35.415,10797,10798,10798,1
2019-07-12 21:00:50.808,10797,10798,10798,1
2019-07-12 21:00:50.868,10797,10798,10797,1
2019-07-12 21:00:56.385,10797,10798,10797,1
2019-07-12 21:01:02.308,10797,10798,10797,1
2019-07-12 21:01:15.343,10797,10798,10797,5
2019-07-12 21:01:17.914,10797,10798,10798,3
2019-07-12 21:01:21.000,10797,10798,10798,1
2019-07-12 21:01:48.945,10797,10798,10797,6
2019-07-12 21:01:57.958,10797,10798,10797,10
2019-07-12 21:02:29.770,10797,10798,10797,1
2019-07-12 21:02:36.113,10797,10798,10798,2
2019-07-12 21:02:43.161,10797,10798,10798,1
2019-07-12 21:02:44.165,10797,10798,10798,1
2019-07-12 21:03:00.819,10797,10798,10798,5
2019-07-12 21:03:00.823,10797,10798,10798,1
2019-07-12 21:03:00.875,10797,10798,10798,1
2019-07-12 21:03:03.969,10797,10798,10798,1
2019-07-12 21:03:27.592,10797,10798,10798,2
2019-07-12 21:03:54.760,10797,10798,10797,1
2019-07-12 21:04:06.536,10797,10798,10797,1
2019-07-12 21:04:07.722,10797,10798,10797,1
2019-07-12 21:04:56.073,10797,10798,10798,1
2019-07-12 21:04:56.073,10797,10798,10798,1
2019-07-12 21:04:56.198,10797,10798,10798,1
2019-07-12 21:04:56.323,10797,10798,10798,1
2019-07-12 21:04:56.601,10797,10798,10798,38
2019-07-12 21:05:03.500,10798,10799,10799,5
2019-07-12 21:05:04.840,10798,10799,10799,1
2019-07-12 21:05:05.233,10798,10799,10799,1
2019-07-12 21:05:06.743,10799,10800,10799,1
2019-07-12 21:05:20.171,10799,10800,10799,2
2019-07-12 21:05:44.054,10798,10799,10799,1
2019-07-12 21:06:08.354,10798,10800,10800,2
2019-07-12 21:06:08.476,10798,10800,10800,1
2019-07-12 21:06:08.693,10798,10800,10798,1
2019-07-12 21:07:01.074,10798,10799,10798,2
2019-07-12 21:07:01.451,10798,10799,10798,11
2019-07-12 21:07:01.452,10798,10799,10798,6
2019-07-12 21:07:05.905,10797,10798,10798,5
2019-07-12 21:07:15.199,10797,10798,10798,1
2019-07-12 21:07:28.327,10797,10798,10798,1
2019-07-12 21:07:29.888,10797,10798,10797,1
2019-07-12 21:07:31.253,10797,10798,10798,2
2019-07-12 21:08:13.689,10797,10798,10798,3
2019-07-12 21:08:22.604,10797,10798,10798,1
2019-07-12 21:08:27.710,10797,10798,10798,1
2019-07-12 21:08:29.025,10797,10798,10798,1
2019-07-12 21:08:32.134,10797,10798,10798,1
2019-07-12 21:08:44.574,10797,10798,10798,2
2019-07-12 21:08:50.925,10797,10798,10798,1
2019-07-12 21:08:52.692,10797,10798,10798,1
2019-07-12 21:08:54.735,10797,10798,10798,1
2019-07-12 21:08:57.684,10797,10798,10797,4
2019-07-12 21:09:05.723,10797,10798,10798,1
2019-07-12 21:09:09.481,10797,10798,10798,1
2019-07-12 21:09:17.026,10797,10798,10798,1
2019-07-12 21:09:22.691,10797,10798,10797,10
2019-07-12 21:09:36.914,10797,10798,10797,1
2019-07-12 21:09:38.958,10797,10798,10797,4
2019-07-12 21:10:26.938,10797,10798,10797,1
2019-07-12 21:10:32.137,10797,10798,10797,1
2019-07-12 21:10:37.074,10797,10798,10798,1
2019-07-12 21:10:44.897,10797,10798,10798,13
2019-07-12 21:10:44.948,10797,10798,10798,3
2019-07-12 21:10:46.003,10798,10799,10798,1
2019-07-12 21:10:48.821,10798,10799,10798,2
2019-07-12 21:11:13.171,10798,10799,10798,4
2019-07-12 21:11:42.237,10798,10799,10798,2
2019-07-12 21:11:45.783,10798,10799,10798,1
2019-07-12 21:12:59.570,10798,10799,10798,2
2019-07-12 21:13:05.565,10798,10799,10799,2
2019-07-12 21:13:07.409,10798,10799,10798,1
2019-07-12 21:13:59.515,10798,10799,10798,1
2019-07-12 21:14:24.644,10798,10799,10798,1
2019-07-12 21:14:24.698,10798,10799,10798,1
2019-07-12 21:14:24.823,10798,10799,10798,1
2019-07-12 21:14:53.658,10798,10799,10798,1
2019-07-12 21:15:07.787,10798,10799,10799,1
2019-07-12 21:15:07.823,10798,10799,10799,16
2019-07-12 21:15:07.823,10798,10799,10799,4
2019-07-12 21:15:07.948,10798,10799,10799,7
2019-07-12 21:15:07.948,10798,10799,10799,1
2019-07-12 21:15:08.184,10799,10800,10799,2
2019-07-12 21:15:10.675,10799,10800,10800,1
2019-07-12 21:15:53.244,10799,10800,10800,1
2019-07-12 21:16:03.989,10799,10800,10800,1
2019-07-12 21:16:24.839,10799,10800,10800,2
2019-07-12 21:16:26.509,10799,10800,10800,1
2019-07-12 21:16:27.637,10799,10800,10800,18
2019-07-12 21:16:27.638,10799,10800,10800,2
2019-07-12 21:16:27.875,10800,10801,10800,2
2019-07-12 21:16:29.803,10800,10801,10800,1
2019-07-12 21:16:36.965,10800,10801,10801,1
2019-07-12 21:16:37.146,10800,10801,10801,2
2019-07-12 21:16:40.493,10800,10801,10801,1
2019-07-12 21:16:48.764,10800,10801,10800,2
2019-07-12 21:17:08.833,10800,10801,10800,2
2019-07-12 21:17:17.866,10800,10801,10800,2
2019-07-12 21:17:20.856,10800,10801,10800,2
2019-07-12 21:17:21.879,10800,10801,10800,1
2019-07-12 21:17:32.817,10800,10801,10800,1
2019-07-12 21:17:50.850,10800,10801,10801,5
2019-07-12 21:17:57.724,10800,10801,10800,2
2019-07-12 21:18:04.265,10800,10801,10800,1
2019-07-12 21:18:04.318,10800,10801,10800,1
2019-07-12 21:18:15.355,10799,10800,10800,1
2019-07-12 21:18:16.453,10799,10800,10800,1
2019-07-12 21:18:16.919,10799,10800,10800,2
2019-07-12 21:18:47.952,10800,10801,10801,1
2019-07-12 21:19:16.433,10800,10801,10800,1
2019-07-12 21:19:17.132,10799,10800,10799,1
2019-07-12 21:20:27.638,10799,10800,10800,1
2019-07-12 21:21:24.275,10799,10800,10800,2
2019-07-12 21:21:48.435,10799,10800,10800,1
2019-07-12 21:22:17.910,10799,10800,10800,2
2019-07-12 21:22:49.833,10799,10800,10800,1
2019-07-12 21:23:09.822,10800,10801,10800,1
2019-07-12 21:23:45.912,10799,10800,10800,1
2019-07-12 21:23:59.280,10800,10801,10800,1
2019-07-12 21:24:15.054,10800,10801,10800,1
2019-07-12 21:24:42.481,10800,10801,10800,2
2019-07-12 21:24:59.998,10800,10801,10800,1
2019-07-12 21:25:03.282,10800,10801,10800,1
2019-07-12 21:25:39.834,10799,10800,10799,1
2019-07-12 21:25:40.480,10799,10800,10800,1
2019-07-12 21:25:48.285,10799,10800,10800,1
2019-07-12 21:26:00.750,10799,10800,10800,4
2019-07-12 21:26:00.823,10799,10800,10800,2
2019-07-12 21:26:01.294,10799,10800,10800,1
2019-07-12 21:26:01.295,10799,10800,10800,1
2019-07-12 21:26:01.323,10799,10800,10800,1
2019-07-12 21:26:01.819,10800,10801,10800,2
2019-07-12 21:26:29.326,10800,10801,10801,1
2019-07-12 21:26:39.033,10800,10801,10801,1
2019-07-12 21:26:42.388,10800,10801,10801,1
2019-07-12 21:26:44.948,10800,10801,10801,2
2019-07-12 21:26:52.320,10800,10801,10801,5
2019-07-12 21:26:55.122,10800,10801,10801,1
2019-07-12 21:26:57.946,10800,10801,10801,2
