2023-06-15 15:00:00,17330,17330,17330,124,0
2023-06-15 15:00:00,17330,17330,17330,4,0
2023-06-15 15:00:00,17330,17330,17330,54,0
2023-06-15 15:00:00,17328,17328,17328,2,-2
2023-06-15 15:00:00,17328,17328,17328,2,0
2023-06-15 15:00:00,17328,17328,17328,2,0
2023-06-15 15:00:00,17328,17328,17328,2,0
2023-06-15 15:00:00,17328,17328,17328,2,0
2023-06-15 15:00:00,17328,17328,17328,2,0
2023-06-15 15:00:00,17328,17328,17328,2,0
2023-06-15 15:00:00,17328,17328,17328,2,0
2023-06-15 15:00:00,17328,17328,17328,2,0
2023-06-15 15:00:00,17331,17331,17331,4,4
2023-06-15 15:00:00,17331,17331,17331,2,0
2023-06-15 15:00:00,17327,17327,17327,2,-2
2023-06-15 15:00:00,17327,17327,17327,2,0
2023-06-15 15:00:00,17328,17328,17328,2,2
2023-06-15 15:00:00,17328,17328,17328,2,0
2023-06-15 15:00:00,17328,17328,17328,2,0
2023-06-15 15:00:00,17328,17328,17328,2,0
2023-06-15 15:00:01,17330,17330,17330,2,2
2023-06-15 15:00:01,17330,17330,17330,2,0
2023-06-15 15:00:02,17330,17330,17330,6,0
2023-06-15 15:00:02,17331,17331,17331,4,4
2023-06-15 15:00:03,17330,17330,17330,4,-4
2023-06-15 15:00:05,17330,17330,17330,2,0
2023-06-15 15:00:05,17331,17331,17331,2,2
2023-06-15 15:00:07,17330,17330,17330,2,-2
2023-06-15 15:00:07,17330,17330,17330,4,0
2023-06-15 15:00:07,17330,17330,17330,4,0
2023-06-15 15:00:07,17329,17329,17329,2,-2
2023-06-15 15:00:07,17329,17329,17329,2,0
2023-06-15 15:00:07,17329,17329,17329,2,0
2023-06-15 15:00:07,17329,17329,17329,2,0
2023-06-15 15:00:07,17329,17329,17329,2,0
2023-06-15 15:00:07,17328,17328,17328,2,-2
2023-06-15 15:00:08,17330,17330,17330,2,2
2023-06-15 15:00:09,17330,17330,17330,2,0
2023-06-15 15:00:10,17329,17329,17329,2,-2
2023-06-15 15:00:10,17329,17329,17329,2,0
2023-06-15 15:00:10,17330,17330,17330,2,2
2023-06-15 15:00:10,17331,17331,17331,6,6
2023-06-15 15:00:11,17332,17332,17332,14,14
2023-06-15 15:00:11,17332,17332,17332,2,0
2023-06-15 15:00:11,17331,17331,17331,4,-4
2023-06-15 15:00:11,17331,17331,17331,2,0
2023-06-15 15:00:12,17332,17332,17332,8,8
2023-06-15 15:00:13,17331,17331,17331,8,-8
2023-06-15 15:00:13,17331,17331,17331,4,0
2023-06-15 15:00:14,17331,17331,17331,2,0
2023-06-15 15:00:14,17330,17330,17330,2,-2
2023-06-15 15:00:14,17331,17331,17331,2,2
2023-06-15 15:00:14,17332,17332,17332,2,2
2023-06-15 15:00:14,17332,17332,17332,8,0
2023-06-15 15:00:14,17333,17333,17333,2,2
2023-06-15 15:00:14,17333,17333,17333,8,0
2023-06-15 15:00:14,17333,17333,17333,8,0
2023-06-15 15:00:15,17333,17333,17333,2,0
2023-06-15 15:00:15,17333,17333,17333,6,0
2023-06-15 15:00:15,17332,17332,17332,2,-2
2023-06-15 15:00:15,17331,17331,17331,2,-2
2023-06-15 15:00:16,17333,17333,17333,4,4
2023-06-15 15:00:16,17332,17332,17332,4,-4
2023-06-15 15:00:17,17331,17331,17331,2,-2
2023-06-15 15:00:17,17331,17331,17331,4,0
2023-06-15 15:00:17,17332,17332,17332,2,2
2023-06-15 15:00:17,17331,17331,17331,4,-4
2023-06-15 15:00:18,17332,17332,17332,2,2
2023-06-15 15:00:19,17332,17332,17332,2,0
2023-06-15 15:00:20,17331,17331,17331,2,-2
2023-06-15 15:00:21,17331,17331,17331,4,0
2023-06-15 15:00:21,17332,17332,17332,2,2
2023-06-15 15:00:21,17331,17331,17331,2,-2
2023-06-15 15:00:22,17332,17332,17332,2,2
2023-06-15 15:00:23,17331,17331,17331,2,-2
2023-06-15 15:00:23,17330,17330,17330,4,-4
2023-06-15 15:00:23,17330,17330,17330,2,0
2023-06-15 15:00:23,17330,17330,17330,2,0
2023-06-15 15:00:23,17330,17330,17330,4,0
2023-06-15 15:00:23,17330,17330,17330,2,0
2023-06-15 15:00:23,17330,17330,17330,2,0
2023-06-15 15:00:23,17331,17331,17331,8,8
2023-06-15 15:00:23,17332,17332,17332,2,2
2023-06-15 15:00:24,17331,17331,17331,2,-2
2023-06-15 15:00:25,17332,17332,17332,10,10
2023-06-15 15:00:27,17333,17333,17333,14,14
2023-06-15 15:00:27,17333,17333,17333,2,0
2023-06-15 15:00:27,17333,17333,17333,4,0
2023-06-15 15:00:28,17333,17333,17333,2,0
2023-06-15 15:00:28,17333,17333,17333,8,0
2023-06-15 15:00:30,17331,17331,17331,2,-2
2023-06-15 15:00:31,17331,17331,17331,2,0
2023-06-15 15:00:34,17332,17332,17332,4,4
2023-06-15 15:00:34,17331,17331,17331,6,-6
2023-06-15 15:00:34,17331,17331,17331,2,0
2023-06-15 15:00:34,17331,17331,17331,18,0
2023-06-15 15:00:34,17331,17331,17331,14,0
2023-06-15 15:00:34,17331,17331,17331,2,0
2023-06-15 15:00:35,17330,17330,17330,2,-2
2023-06-15 15:00:35,17330,17330,17330,10,0
2023-06-15 15:00:35,17330,17330,17330,4,0
2023-06-15 15:00:35,17331,17331,17331,2,2
2023-06-15 15:00:36,17331,17331,17331,2,0
2023-06-15 15:00:37,17331,17331,17331,2,0
2023-06-15 15:00:38,17330,17330,17330,2,-2
2023-06-15 15:00:39,17330,17330,17330,2,0
2023-06-15 15:00:40,17329,17329,17329,2,-2
2023-06-15 15:00:40,17329,17329,17329,2,0
2023-06-15 15:00:40,17330,17330,17330,12,12
2023-06-15 15:00:41,17330,17330,17330,2,0
2023-06-15 15:00:42,17329,17329,17329,2,-2
2023-06-15 15:00:43,17329,17329,17329,2,0
2023-06-15 15:00:43,17328,17328,17328,2,-2
2023-06-15 15:00:43,17328,17328,17328,2,0
2023-06-15 15:00:43,17328,17328,17328,2,0
2023-06-15 15:00:45,17328,17328,17328,2,0
2023-06-15 15:00:46,17329,17329,17329,4,4
2023-06-15 15:00:46,17329,17329,17329,2,0
2023-06-15 15:00:48,17329,17329,17329,2,0
2023-06-15 15:00:48,17330,17330,17330,2,2
2023-06-15 15:00:49,17330,17330,17330,2,0
2023-06-15 15:00:52,17328,17328,17328,6,-6
2023-06-15 15:00:52,17328,17328,17328,2,0
2023-06-15 15:00:52,17328,17328,17328,2,0
2023-06-15 15:00:53,17329,17329,17329,2,2
2023-06-15 15:00:54,17330,17330,17330,2,2
2023-06-15 15:00:54,17330,17330,17330,2,0
2023-06-15 15:00:55,17329,17329,17329,2,-2
2023-06-15 15:00:55,17329,17329,17329,2,0
2023-06-15 15:00:56,17329,17329,17329,4,0
2023-06-15 15:00:58,17329,17329,17329,2,0
2023-06-15 15:00:59,17330,17330,17330,10,10
2023-06-15 15:01:00,17330,17330,17330,4,0
2023-06-15 15:01:00,17329,17329,17329,10,-10
2023-06-15 15:01:00,17329,17329,17329,2,0
2023-06-15 15:01:00,17330,17330,17330,2,2
2023-06-15 15:01:00,17330,17330,17330,4,0
2023-06-15 15:01:00,17330,17330,17330,4,0
2023-06-15 15:01:00,17330,17330,17330,4,0
2023-06-15 15:01:00,17331,17331,17331,2,2
2023-06-15 15:01:00,17331,17331,17331,2,0
2023-06-15 15:01:01,17331,17331,17331,2,0
2023-06-15 15:01:03,17331,17331,17331,4,0
2023-06-15 15:01:04,17330,17330,17330,2,-2
2023-06-15 15:01:07,17330,17330,17330,2,0
2023-06-15 15:01:10,17330,17330,17330,2,0
2023-06-15 15:01:10,17330,17330,17330,2,0
2023-06-15 15:01:10,17330,17330,17330,4,0
2023-06-15 15:01:10,17330,17330,17330,2,0
2023-06-15 15:01:14,17331,17331,17331,8,8
2023-06-15 15:01:14,17330,17330,17330,2,-2
2023-06-15 15:01:14,17330,17330,17330,2,0
2023-06-15 15:01:16,17330,17330,17330,2,0
2023-06-15 15:01:16,17330,17330,17330,2,0
2023-06-15 15:01:16,17330,17330,17330,2,0
2023-06-15 15:01:16,17330,17330,17330,2,0
2023-06-15 15:01:16,17330,17330,17330,4,0
2023-06-15 15:01:16,17330,17330,17330,2,0
2023-06-15 15:01:16,17330,17330,17330,2,0
2023-06-15 15:01:21,17330,17330,17330,8,0
2023-06-15 15:01:21,17329,17329,17329,2,-2
2023-06-15 15:01:21,17329,17329,17329,2,0
2023-06-15 15:01:21,17329,17329,17329,2,0
2023-06-15 15:01:21,17329,17329,17329,2,0
2023-06-15 15:01:21,17329,17329,17329,2,0
2023-06-15 15:01:21,17329,17329,17329,2,0
2023-06-15 15:01:21,17329,17329,17329,2,0
2023-06-15 15:01:21,17328,17328,17328,2,-2
2023-06-15 15:01:22,17330,17330,17330,4,4
2023-06-15 15:01:24,17329,17329,17329,2,-2
2023-06-15 15:01:26,17328,17328,17328,2,-2
2023-06-15 15:01:26,17328,17328,17328,2,0
2023-06-15 15:01:26,17328,17328,17328,2,0
2023-06-15 15:01:26,17328,17328,17328,2,0
2023-06-15 15:01:26,17328,17328,17328,2,0
2023-06-15 15:01:26,17328,17328,17328,4,0
2023-06-15 15:01:26,17328,17328,17328,6,0
2023-06-15 15:01:26,17328,17328,17328,2,0
2023-06-15 15:01:26,17328,17328,17328,2,0
2023-06-15 15:01:26,17328,17328,17328,2,0
2023-06-15 15:01:26,17328,17328,17328,4,0
2023-06-15 15:01:26,17328,17328,17328,10,0
2023-06-15 15:01:26,17327,17327,17327,2,-2
2023-06-15 15:01:27,17327,17327,17327,2,0
2023-06-15 15:01:27,17327,17327,17327,2,0
2023-06-15 15:01:27,17327,17327,17327,2,0
2023-06-15 15:01:27,17327,17327,17327,2,0
2023-06-15 15:01:27,17327,17327,17327,2,0
2023-06-15 15:01:27,17327,17327,17327,2,0
2023-06-15 15:01:27,17327,17327,17327,2,0
2023-06-15 15:01:27,17327,17327,17327,2,0
2023-06-15 15:01:27,17327,17327,17327,2,0
2023-06-15 15:01:27,17327,17327,17327,2,0
2023-06-15 15:01:27,17327,17327,17327,2,0
2023-06-15 15:01:27,17326,17326,17326,2,-2
2023-06-15 15:01:27,17326,17326,17326,2,0
2023-06-15 15:01:27,17326,17326,17326,4,0
2023-06-15 15:01:27,17326,17326,17326,2,0
2023-06-15 15:01:27,17326,17326,17326,2,0
2023-06-15 15:01:27,17326,17326,17326,2,0
2023-06-15 15:01:27,17325,17325,17325,2,-2
2023-06-15 15:01:27,17325,17325,17325,2,0
2023-06-15 15:01:27,17325,17325,17325,2,0
2023-06-15 15:01:27,17325,17325,17325,4,0
2023-06-15 15:01:27,17325,17325,17325,6,0
2023-06-15 15:01:27,17325,17325,17325,4,0
2023-06-15 15:01:27,17325,17325,17325,4,0
2023-06-15 15:01:27,17325,17325,17325,2,0
2023-06-15 15:01:27,17325,17325,17325,2,0
2023-06-15 15:01:27,17325,17325,17325,2,0
2023-06-15 15:01:27,17325,17325,17325,6,0
2023-06-15 15:01:27,17325,17325,17325,4,0
2023-06-15 15:01:27,17324,17324,17324,4,-4
2023-06-15 15:01:27,17324,17324,17324,2,0
2023-06-15 15:01:27,17324,17324,17324,2,0
2023-06-15 15:01:27,17324,17324,17324,2,0
2023-06-15 15:01:27,17324,17324,17324,2,0
2023-06-15 15:01:27,17324,17324,17324,2,0
2023-06-15 15:01:27,17324,17324,17324,4,0
2023-06-15 15:01:28,17324,17324,17324,2,0
2023-06-15 15:01:28,17324,17324,17324,2,0
2023-06-15 15:01:35,17325,17325,17325,2,2
2023-06-15 15:01:35,17325,17325,17325,2,0
2023-06-15 15:01:35,17324,17324,17324,2,-2
2023-06-15 15:01:35,17324,17324,17324,2,0
2023-06-15 15:01:35,17324,17324,17324,6,0
2023-06-15 15:01:35,17324,17324,17324,4,0
2023-06-15 15:01:35,17324,17324,17324,2,0
2023-06-15 15:01:35,17324,17324,17324,2,0
2023-06-15 15:01:35,17324,17324,17324,2,0
2023-06-15 15:01:35,17324,17324,17324,2,0
2023-06-15 15:01:35,17324,17324,17324,6,0
2023-06-15 15:01:35,17324,17324,17324,2,0
2023-06-15 15:01:35,17324,17324,17324,2,0
2023-06-15 15:01:35,17324,17324,17324,2,0
2023-06-15 15:01:35,17326,17326,17326,4,4
2023-06-15 15:01:36,17325,17325,17325,2,-2
2023-06-15 15:01:37,17325,17325,17325,2,0
2023-06-15 15:01:37,17325,17325,17325,8,0
2023-06-15 15:01:38,17325,17325,17325,4,0
2023-06-15 15:01:40,17325,17325,17325,2,0
2023-06-15 15:01:40,17325,17325,17325,6,0
2023-06-15 15:01:40,17325,17325,17325,2,0
2023-06-15 15:01:40,17325,17325,17325,2,0
2023-06-15 15:01:40,17325,17325,17325,2,0
2023-06-15 15:01:42,17326,17326,17326,2,2
2023-06-15 15:01:43,17326,17326,17326,2,0
2023-06-15 15:01:44,17327,17327,17327,6,6
2023-06-15 15:01:47,17327,17327,17327,2,0
2023-06-15 15:01:47,17327,17327,17327,2,0
2023-06-15 15:01:52,17327,17327,17327,2,0
2023-06-15 15:01:52,17327,17327,17327,2,0
2023-06-15 15:01:53,17327,17327,17327,2,0
2023-06-15 15:01:54,17328,17328,17328,4,4
2023-06-15 15:01:54,17327,17327,17327,2,-2
2023-06-15 15:01:54,17327,17327,17327,2,0
2023-06-15 15:01:57,17327,17327,17327,2,0
2023-06-15 15:01:59,17327,17327,17327,4,0
2023-06-15 15:02:00,17326,17326,17326,2,-2
2023-06-15 15:02:00,17326,17326,17326,4,0
2023-06-15 15:02:00,17326,17326,17326,2,0
2023-06-15 15:02:00,17326,17326,17326,2,0
2023-06-15 15:02:00,17326,17326,17326,2,0
2023-06-15 15:02:00,17325,17325,17325,2,-2
2023-06-15 15:02:00,17325,17325,17325,2,0
2023-06-15 15:02:00,17325,17325,17325,4,0
2023-06-15 15:02:00,17325,17325,17325,2,0
2023-06-15 15:02:00,17325,17325,17325,2,0
2023-06-15 15:02:05,17326,17326,17326,2,2
2023-06-15 15:02:06,17325,17325,17325,2,-2
2023-06-15 15:02:06,17325,17325,17325,2,0
2023-06-15 15:02:06,17325,17325,17325,2,0
2023-06-15 15:02:06,17325,17325,17325,2,0
2023-06-15 15:02:08,17325,17325,17325,4,0
2023-06-15 15:02:09,17325,17325,17325,2,0
2023-06-15 15:02:09,17325,17325,17325,2,0
2023-06-15 15:02:10,17326,17326,17326,2,2
2023-06-15 15:02:11,17325,17325,17325,2,-2
2023-06-15 15:02:13,17325,17325,17325,2,0
2023-06-15 15:02:13,17325,17325,17325,2,0
2023-06-15 15:02:14,17325,17325,17325,2,0
2023-06-15 15:02:15,17325,17325,17325,2,0
2023-06-15 15:02:16,17325,17325,17325,2,0
2023-06-15 15:02:18,17325,17325,17325,8,0
2023-06-15 15:02:20,17326,17326,17326,6,6
2023-06-15 15:02:20,17326,17326,17326,2,0
2023-06-15 15:02:20,17326,17326,17326,4,0
2023-06-15 15:02:20,17326,17326,17326,2,0
2023-06-15 15:02:20,17326,17326,17326,2,0
2023-06-15 15:02:21,17326,17326,17326,2,0
2023-06-15 15:02:21,17326,17326,17326,2,0
2023-06-15 15:02:21,17326,17326,17326,2,0
2023-06-15 15:02:21,17326,17326,17326,2,0
2023-06-15 15:02:22,17327,17327,17327,2,2
2023-06-15 15:02:24,17327,17327,17327,6,0
2023-06-15 15:02:26,17326,17326,17326,4,-4
2023-06-15 15:02:26,17326,17326,17326,4,0
2023-06-15 15:02:27,17326,17326,17326,2,0
2023-06-15 15:02:27,17326,17326,17326,2,0
2023-06-15 15:02:32,17326,17326,17326,2,0
2023-06-15 15:02:32,17326,17326,17326,2,0
2023-06-15 15:02:37,17325,17325,17325,2,-2
2023-06-15 15:02:37,17325,17325,17325,2,0
2023-06-15 15:02:37,17325,17325,17325,2,0
2023-06-15 15:02:37,17325,17325,17325,6,0
2023-06-15 15:02:38,17326,17326,17326,2,2
2023-06-15 15:02:39,17325,17325,17325,2,-2
2023-06-15 15:02:39,17325,17325,17325,2,0
2023-06-15 15:02:39,17325,17325,17325,2,0
2023-06-15 15:02:39,17325,17325,17325,2,0
2023-06-15 15:02:40,17325,17325,17325,2,0
2023-06-15 15:02:44,17325,17325,17325,2,0
2023-06-15 15:02:44,17324,17324,17324,2,-2
2023-06-15 15:02:44,17324,17324,17324,2,0
2023-06-15 15:02:45,17324,17324,17324,2,0
2023-06-15 15:02:45,17324,17324,17324,2,0
2023-06-15 15:02:45,17324,17324,17324,2,0
2023-06-15 15:02:45,17324,17324,17324,2,0
2023-06-15 15:02:45,17324,17324,17324,2,0
2023-06-15 15:02:46,17324,17324,17324,4,0
2023-06-15 15:02:46,17324,17324,17324,6,0
2023-06-15 15:02:46,17324,17324,17324,8,0
2023-06-15 15:02:46,17324,17324,17324,2,0
2023-06-15 15:02:46,17324,17324,17324,2,0
2023-06-15 15:02:47,17323,17323,17323,2,-2
2023-06-15 15:03:00,17323,17323,17323,2,0
2023-06-15 15:03:00,17323,17323,17323,2,0
2023-06-15 15:03:00,17323,17323,17323,2,0
2023-06-15 15:03:00,17324,17324,17324,2,2
2023-06-15 15:03:00,17323,17323,17323,8,-8
2023-06-15 15:03:00,17323,17323,17323,2,0
2023-06-15 15:03:05,17324,17324,17324,2,2
2023-06-15 15:03:05,17324,17324,17324,2,0
2023-06-15 15:03:06,17323,17323,17323,4,-4
2023-06-15 15:03:06,17323,17323,17323,2,0
2023-06-15 15:03:06,17323,17323,17323,10,0
2023-06-15 15:03:06,17323,17323,17323,2,0
2023-06-15 15:03:06,17323,17323,17323,2,0
2023-06-15 15:03:06,17323,17323,17323,4,0
2023-06-15 15:03:06,17323,17323,17323,2,0
2023-06-15 15:03:06,17323,17323,17323,4,0
2023-06-15 15:03:06,17323,17323,17323,2,0
2023-06-15 15:03:06,17323,17323,17323,2,0
2023-06-15 15:03:06,17322,17322,17322,2,-2
2023-06-15 15:03:06,17323,17323,17323,2,2
2023-06-15 15:03:10,17323,17323,17323,2,0
2023-06-15 15:03:14,17324,17324,17324,2,2
2023-06-15 15:03:14,17324,17324,17324,8,0
2023-06-15 15:03:15,17325,17325,17325,2,2
2023-06-15 15:03:16,17324,17324,17324,4,-4
2023-06-15 15:03:19,17325,17325,17325,6,6
2023-06-15 15:03:23,17325,17325,17325,2,0
2023-06-15 15:03:25,17325,17325,17325,2,0
2023-06-15 15:03:25,17326,17326,17326,32,32
2023-06-15 15:03:28,17325,17325,17325,2,-2
2023-06-15 15:03:30,17325,17325,17325,2,0
2023-06-15 15:03:31,17324,17324,17324,2,-2
2023-06-15 15:03:32,17325,17325,17325,4,4
2023-06-15 15:03:35,17325,17325,17325,2,0
2023-06-15 15:03:41,17325,17325,17325,2,0
2023-06-15 15:03:41,17325,17325,17325,2,0
2023-06-15 15:03:41,17324,17324,17324,2,-2
2023-06-15 15:03:42,17325,17325,17325,4,4
2023-06-15 15:03:48,17324,17324,17324,2,-2
2023-06-15 15:03:48,17324,17324,17324,2,0
2023-06-15 15:03:48,17324,17324,17324,12,0
2023-06-15 15:03:48,17324,17324,17324,2,0
2023-06-15 15:03:48,17324,17324,17324,6,0
2023-06-15 15:03:48,17324,17324,17324,2,0
2023-06-15 15:03:48,17324,17324,17324,2,0
2023-06-15 15:03:48,17324,17324,17324,2,0
2023-06-15 15:03:48,17324,17324,17324,4,0
2023-06-15 15:03:48,17324,17324,17324,2,0
2023-06-15 15:03:48,17324,17324,17324,2,0
2023-06-15 15:03:48,17324,17324,17324,2,0
2023-06-15 15:03:48,17324,17324,17324,10,0
2023-06-15 15:03:48,17324,17324,17324,2,0
2023-06-15 15:03:48,17324,17324,17324,2,0
2023-06-15 15:03:49,17323,17323,17323,2,-2
2023-06-15 15:03:51,17323,17323,17323,2,0
2023-06-15 15:03:51,17324,17324,17324,2,2
2023-06-15 15:03:52,17323,17323,17323,4,-4
2023-06-15 15:03:52,17323,17323,17323,2,0
2023-06-15 15:03:55,17323,17323,17323,8,0
2023-06-15 15:03:59,17323,17323,17323,2,0
2023-06-15 15:04:00,17324,17324,17324,2,2
2023-06-15 15:04:01,17325,17325,17325,2,2
2023-06-15 15:04:01,17325,17325,17325,10,0
2023-06-15 15:04:01,17326,17326,17326,2,2
2023-06-15 15:04:01,17326,17326,17326,2,0
2023-06-15 15:04:01,17326,17326,17326,2,0
2023-06-15 15:04:01,17326,17326,17326,2,0
2023-06-15 15:04:01,17326,17326,17326,2,0
2023-06-15 15:04:01,17326,17326,17326,2,0
2023-06-15 15:04:01,17326,17326,17326,2,0
2023-06-15 15:04:01,17326,17326,17326,2,0
2023-06-15 15:04:01,17327,17327,17327,2,2
2023-06-15 15:04:01,17327,17327,17327,2,0
2023-06-15 15:04:01,17327,17327,17327,2,0
2023-06-15 15:04:01,17327,17327,17327,2,0
2023-06-15 15:04:01,17327,17327,17327,2,0
2023-06-15 15:04:01,17326,17326,17326,2,-2
2023-06-15 15:04:02,17326,17326,17326,2,0
2023-06-15 15:04:05,17325,17325,17325,2,-2
2023-06-15 15:04:08,17325,17325,17325,4,0
2023-06-15 15:04:12,17324,17324,17324,2,-2
2023-06-15 15:04:20,17324,17324,17324,2,0
2023-06-15 15:04:22,17324,17324,17324,2,0
2023-06-15 15:04:29,17324,17324,17324,2,0
2023-06-15 15:04:29,17324,17324,17324,2,0
2023-06-15 15:04:29,17324,17324,17324,2,0
2023-06-15 15:04:39,17324,17324,17324,2,0
2023-06-15 15:04:39,17324,17324,17324,2,0
2023-06-15 15:04:39,17324,17324,17324,2,0
2023-06-15 15:04:39,17324,17324,17324,2,0
2023-06-15 15:04:42,17324,17324,17324,2,0
2023-06-15 15:04:42,17323,17323,17323,2,-2
2023-06-15 15:04:49,17324,17324,17324,2,2
2023-06-15 15:04:51,17325,17325,17325,2,2
2023-06-15 15:04:52,17324,17324,17324,2,-2
2023-06-15 15:04:55,17325,17325,17325,2,2
2023-06-15 15:04:59,17325,17325,17325,2,0
2023-06-15 15:05:00,17324,17324,17324,2,-2
2023-06-15 15:05:01,17324,17324,17324,2,0
2023-06-15 15:05:03,17324,17324,17324,2,0
2023-06-15 15:05:08,17325,17325,17325,2,2
2023-06-15 15:05:09,17325,17325,17325,2,0
2023-06-15 15:05:09,17325,17325,17325,6,0
2023-06-15 15:05:09,17325,17325,17325,2,0
2023-06-15 15:05:09,17325,17325,17325,4,0
2023-06-15 15:05:09,17325,17325,17325,4,0
2023-06-15 15:05:09,17325,17325,17325,2,0
2023-06-15 15:05:09,17325,17325,17325,2,0
2023-06-15 15:05:09,17325,17325,17325,14,0
2023-06-15 15:05:09,17325,17325,17325,2,0
2023-06-15 15:05:09,17326,17326,17326,2,2
2023-06-15 15:05:10,17324,17324,17324,6,-6
2023-06-15 15:05:10,17324,17324,17324,2,0
2023-06-15 15:05:10,17324,17324,17324,2,0
2023-06-15 15:05:10,17324,17324,17324,2,0
2023-06-15 15:05:20,17325,17325,17325,2,2
2023-06-15 15:05:21,17324,17324,17324,4,-4
2023-06-15 15:05:21,17324,17324,17324,6,0
2023-06-15 15:05:21,17324,17324,17324,2,0
2023-06-15 15:05:21,17324,17324,17324,2,0
2023-06-15 15:05:21,17324,17324,17324,4,0
2023-06-15 15:05:21,17324,17324,17324,10,0
2023-06-15 15:05:21,17324,17324,17324,2,0
2023-06-15 15:05:35,17324,17324,17324,2,0
2023-06-15 15:05:35,17325,17325,17325,2,2
2023-06-15 15:05:39,17325,17325,17325,2,0
2023-06-15 15:05:39,17325,17325,17325,6,0
2023-06-15 15:05:39,17325,17325,17325,2,0
2023-06-15 15:05:39,17325,17325,17325,2,0
2023-06-15 15:05:39,17325,17325,17325,2,0
2023-06-15 15:05:40,17324,17324,17324,2,-2
2023-06-15 15:05:42,17325,17325,17325,2,2
2023-06-15 15:05:45,17325,17325,17325,2,0
2023-06-15 15:05:45,17325,17325,17325,2,0
2023-06-15 15:05:45,17324,17324,17324,2,-2
2023-06-15 15:05:45,17324,17324,17324,2,0
2023-06-15 15:05:50,17325,17325,17325,10,10
2023-06-15 15:05:54,17324,17324,17324,2,-2
2023-06-15 15:05:55,17324,17324,17324,2,0
2023-06-15 15:05:55,17324,17324,17324,2,0
2023-06-15 15:05:58,17324,17324,17324,2,0
2023-06-15 15:05:58,17324,17324,17324,2,0
2023-06-15 15:05:58,17324,17324,17324,2,0
2023-06-15 15:05:59,17324,17324,17324,2,0
2023-06-15 15:05:59,17324,17324,17324,2,0
2023-06-15 15:05:59,17324,17324,17324,2,0
2023-06-15 15:05:59,17324,17324,17324,2,0
2023-06-15 15:05:59,17324,17324,17324,2,0
2023-06-15 15:05:59,17325,17325,17325,2,2
2023-06-15 15:06:01,17325,17325,17325,2,0
2023-06-15 15:06:08,17325,17325,17325,2,0
2023-06-15 15:06:09,17325,17325,17325,2,0
2023-06-15 15:06:13,17325,17325,17325,2,0
2023-06-15 15:06:16,17325,17325,17325,2,0
2023-06-15 15:06:16,17325,17325,17325,2,0
2023-06-15 15:06:16,17325,17325,17325,4,0
2023-06-15 15:06:20,17324,17324,17324,2,-2
2023-06-15 15:06:20,17324,17324,17324,2,0
2023-06-15 15:06:20,17324,17324,17324,2,0
2023-06-15 15:06:20,17325,17325,17325,2,2
2023-06-15 15:06:30,17326,17326,17326,14,14
2023-06-15 15:06:32,17325,17325,17325,2,-2
2023-06-15 15:06:34,17326,17326,17326,6,6
2023-06-15 15:06:38,17327,17327,17327,2,2
2023-06-15 15:06:39,17327,17327,17327,2,0
2023-06-15 15:06:39,17327,17327,17327,8,0
2023-06-15 15:06:40,17327,17327,17327,2,0
2023-06-15 15:06:51,17327,17327,17327,10,0
2023-06-15 15:06:51,17328,17328,17328,10,10
2023-06-15 15:06:52,17328,17328,17328,2,0
2023-06-15 15:06:53,17327,17327,17327,2,-2
2023-06-15 15:06:56,17328,17328,17328,2,2
2023-06-15 15:06:58,17328,17328,17328,2,0
2023-06-15 15:06:58,17328,17328,17328,2,0
2023-06-15 15:06:58,17327,17327,17327,2,-2
2023-06-15 15:06:59,17327,17327,17327,2,0
2023-06-15 15:06:59,17327,17327,17327,2,0
2023-06-15 15:06:59,17327,17327,17327,2,0
2023-06-15 15:06:59,17327,17327,17327,2,0
2023-06-15 15:07:01,17328,17328,17328,2,2
2023-06-15 15:07:01,17329,17329,17329,8,8
2023-06-15 15:07:01,17328,17328,17328,2,-2
2023-06-15 15:07:04,17329,17329,17329,2,2
2023-06-15 15:07:09,17329,17329,17329,2,0
2023-06-15 15:07:10,17329,17329,17329,2,0
2023-06-15 15:07:10,17328,17328,17328,2,-2
2023-06-15 15:07:10,17328,17328,17328,2,0
2023-06-15 15:07:10,17328,17328,17328,2,0
2023-06-15 15:07:13,17328,17328,17328,2,0
2023-06-15 15:07:16,17327,17327,17327,2,-2
2023-06-15 15:07:16,17327,17327,17327,2,0
2023-06-15 15:07:16,17327,17327,17327,2,0
2023-06-15 15:07:16,17327,17327,17327,6,0
2023-06-15 15:07:16,17327,17327,17327,2,0
2023-06-15 15:07:24,17327,17327,17327,2,0
2023-06-15 15:07:24,17328,17328,17328,16,16
2023-06-15 15:07:24,17328,17328,17328,2,0
2023-06-15 15:07:24,17328,17328,17328,4,0
2023-06-15 15:07:24,17328,17328,17328,2,0
2023-06-15 15:07:25,17327,17327,17327,2,-2
2023-06-15 15:07:37,17328,17328,17328,8,8
2023-06-15 15:07:38,17327,17327,17327,2,-2
2023-06-15 15:07:38,17327,17327,17327,2,0
2023-06-15 15:07:48,17328,17328,17328,2,2
2023-06-15 15:07:49,17327,17327,17327,2,-2
2023-06-15 15:07:49,17327,17327,17327,2,0
2023-06-15 15:07:49,17327,17327,17327,2,0
2023-06-15 15:07:49,17327,17327,17327,6,0
2023-06-15 15:07:49,17327,17327,17327,2,0
2023-06-15 15:07:51,17327,17327,17327,2,0
2023-06-15 15:07:55,17327,17327,17327,2,0
2023-06-15 15:07:59,17327,17327,17327,2,0
2023-06-15 15:08:00,17326,17326,17326,2,-2
2023-06-15 15:08:00,17326,17326,17326,2,0
2023-06-15 15:08:00,17326,17326,17326,2,0
2023-06-15 15:08:00,17326,17326,17326,2,0
2023-06-15 15:08:00,17326,17326,17326,2,0
2023-06-15 15:08:00,17326,17326,17326,2,0
2023-06-15 15:08:00,17326,17326,17326,4,0
2023-06-15 15:08:00,17326,17326,17326,2,0
2023-06-15 15:08:00,17326,17326,17326,2,0
2023-06-15 15:08:00,17325,17325,17325,40,-40
2023-06-15 15:08:00,17325,17325,17325,2,0
2023-06-15 15:08:00,17325,17325,17325,2,0
2023-06-15 15:08:00,17325,17325,17325,2,0
2023-06-15 15:08:00,17325,17325,17325,2,0
2023-06-15 15:08:00,17325,17325,17325,2,0
2023-06-15 15:08:00,17325,17325,17325,2,0
2023-06-15 15:08:00,17325,17325,17325,20,0
2023-06-15 15:08:00,17325,17325,17325,2,0
2023-06-15 15:08:00,17325,17325,17325,2,0
2023-06-15 15:08:00,17324,17324,17324,2,-2
2023-06-15 15:08:00,17324,17324,17324,2,0
2023-06-15 15:08:00,17324,17324,17324,2,0
2023-06-15 15:08:00,17324,17324,17324,4,0
2023-06-15 15:08:00,17324,17324,17324,2,0
2023-06-15 15:08:00,17323,17323,17323,8,-8
2023-06-15 15:08:00,17323,17323,17323,14,0
2023-06-15 15:08:00,17323,17323,17323,2,0
2023-06-15 15:08:00,17323,17323,17323,2,0
2023-06-15 15:08:00,17323,17323,17323,2,0
2023-06-15 15:08:00,17323,17323,17323,2,0
2023-06-15 15:08:00,17323,17323,17323,6,0
2023-06-15 15:08:00,17323,17323,17323,2,0
2023-06-15 15:08:00,17323,17323,17323,14,0
2023-06-15 15:08:00,17323,17323,17323,2,0
2023-06-15 15:08:00,17323,17323,17323,2,0
2023-06-15 15:08:00,17323,17323,17323,2,0
2023-06-15 15:08:00,17323,17323,17323,2,0
2023-06-15 15:08:00,17323,17323,17323,2,0
2023-06-15 15:08:00,17323,17323,17323,2,0
2023-06-15 15:08:00,17323,17323,17323,2,0
2023-06-15 15:08:00,17323,17323,17323,2,0
2023-06-15 15:08:01,17323,17323,17323,2,0
2023-06-15 15:08:01,17324,17324,17324,12,12
2023-06-15 15:08:06,17324,17324,17324,2,0
2023-06-15 15:08:06,17323,17323,17323,2,-2
2023-06-15 15:08:07,17323,17323,17323,2,0
2023-06-15 15:08:07,17323,17323,17323,2,0
2023-06-15 15:08:07,17323,17323,17323,2,0
2023-06-15 15:08:07,17323,17323,17323,2,0
2023-06-15 15:08:09,17323,17323,17323,2,0
2023-06-15 15:08:10,17322,17322,17322,2,-2
2023-06-15 15:08:10,17322,17322,17322,2,0
2023-06-15 15:08:11,17322,17322,17322,2,0
2023-06-15 15:08:11,17322,17322,17322,2,0
2023-06-15 15:08:11,17322,17322,17322,2,0
2023-06-15 15:08:12,17322,17322,17322,2,0
2023-06-15 15:08:12,17322,17322,17322,2,0
2023-06-15 15:08:12,17322,17322,17322,2,0
2023-06-15 15:08:12,17322,17322,17322,2,0
2023-06-15 15:08:12,17322,17322,17322,2,0
2023-06-15 15:08:13,17322,17322,17322,2,0
2023-06-15 15:08:13,17322,17322,17322,2,0
2023-06-15 15:08:13,17323,17323,17323,2,2
2023-06-15 15:08:15,17323,17323,17323,2,0
2023-06-15 15:08:15,17322,17322,17322,2,-2
2023-06-15 15:08:16,17323,17323,17323,2,2
2023-06-15 15:08:17,17322,17322,17322,2,-2
2023-06-15 15:08:19,17322,17322,17322,2,0
2023-06-15 15:08:19,17322,17322,17322,2,0
2023-06-15 15:08:20,17322,17322,17322,2,0
2023-06-15 15:08:23,17322,17322,17322,2,0
2023-06-15 15:08:23,17322,17322,17322,2,0
2023-06-15 15:08:24,17322,17322,17322,4,0
2023-06-15 15:08:24,17322,17322,17322,2,0
2023-06-15 15:08:27,17323,17323,17323,2,2
2023-06-15 15:08:27,17323,17323,17323,6,0
2023-06-15 15:08:27,17323,17323,17323,2,0
2023-06-15 15:08:33,17323,17323,17323,2,0
2023-06-15 15:08:37,17324,17324,17324,6,6
2023-06-15 15:08:37,17324,17324,17324,2,0
2023-06-15 15:08:40,17323,17323,17323,2,-2
2023-06-15 15:08:40,17323,17323,17323,4,0
2023-06-15 15:08:40,17323,17323,17323,2,0
2023-06-15 15:08:40,17323,17323,17323,2,0
2023-06-15 15:08:40,17323,17323,17323,2,0
2023-06-15 15:08:40,17323,17323,17323,6,0
2023-06-15 15:08:40,17323,17323,17323,2,0
2023-06-15 15:08:40,17323,17323,17323,4,0
2023-06-15 15:08:40,17323,17323,17323,2,0
2023-06-15 15:08:40,17322,17322,17322,2,-2
2023-06-15 15:08:40,17322,17322,17322,2,0
2023-06-15 15:08:40,17322,17322,17322,2,0
2023-06-15 15:08:40,17322,17322,17322,2,0
2023-06-15 15:08:40,17322,17322,17322,2,0
2023-06-15 15:08:40,17322,17322,17322,2,0
2023-06-15 15:08:40,17322,17322,17322,2,0
2023-06-15 15:08:40,17322,17322,17322,2,0
2023-06-15 15:08:40,17322,17322,17322,2,0
2023-06-15 15:08:40,17322,17322,17322,4,0
2023-06-15 15:08:40,17322,17322,17322,2,0
2023-06-15 15:08:40,17322,17322,17322,2,0
2023-06-15 15:08:40,17322,17322,17322,6,0
2023-06-15 15:08:40,17322,17322,17322,2,0
2023-06-15 15:08:40,17322,17322,17322,4,0
2023-06-15 15:08:40,17322,17322,17322,4,0
2023-06-15 15:08:40,17322,17322,17322,2,0
2023-06-15 15:08:40,17322,17322,17322,2,0
2023-06-15 15:08:40,17322,17322,17322,6,0
2023-06-15 15:08:40,17321,17321,17321,4,-4
2023-06-15 15:08:40,17321,17321,17321,2,0
2023-06-15 15:08:40,17321,17321,17321,2,0
2023-06-15 15:08:40,17321,17321,17321,2,0
2023-06-15 15:08:40,17321,17321,17321,4,0
2023-06-15 15:08:40,17321,17321,17321,2,0
2023-06-15 15:08:40,17321,17321,17321,2,0
2023-06-15 15:08:40,17321,17321,17321,2,0
2023-06-15 15:08:40,17321,17321,17321,2,0
2023-06-15 15:08:40,17321,17321,17321,4,0
2023-06-15 15:08:40,17321,17321,17321,2,0
2023-06-15 15:08:40,17321,17321,17321,4,0
2023-06-15 15:08:40,17321,17321,17321,6,0
2023-06-15 15:08:40,17321,17321,17321,2,0
2023-06-15 15:08:40,17321,17321,17321,2,0
2023-06-15 15:08:40,17321,17321,17321,2,0
2023-06-15 15:08:40,17322,17322,17322,2,2
2023-06-15 15:08:40,17321,17321,17321,4,-4
2023-06-15 15:08:40,17321,17321,17321,2,0
2023-06-15 15:08:40,17321,17321,17321,20,0
2023-06-15 15:08:40,17321,17321,17321,2,0
2023-06-15 15:08:40,17321,17321,17321,6,0
2023-06-15 15:08:40,17321,17321,17321,2,0
2023-06-15 15:08:40,17321,17321,17321,2,0
2023-06-15 15:08:40,17321,17321,17321,2,0
2023-06-15 15:08:40,17321,17321,17321,4,0
2023-06-15 15:08:40,17321,17321,17321,2,0
2023-06-15 15:08:40,17321,17321,17321,14,0
2023-06-15 15:08:43,17321,17321,17321,2,0
2023-06-15 15:08:43,17321,17321,17321,2,0
2023-06-15 15:08:44,17321,17321,17321,2,0
2023-06-15 15:08:47,17321,17321,17321,2,0
2023-06-15 15:08:49,17321,17321,17321,2,0
2023-06-15 15:08:50,17321,17321,17321,2,0
2023-06-15 15:08:50,17321,17321,17321,2,0
2023-06-15 15:08:52,17320,17320,17320,2,-2
2023-06-15 15:08:52,17320,17320,17320,2,0
2023-06-15 15:08:53,17320,17320,17320,2,0
2023-06-15 15:08:53,17320,17320,17320,4,0
2023-06-15 15:08:53,17320,17320,17320,2,0
2023-06-15 15:08:53,17320,17320,17320,2,0
2023-06-15 15:08:53,17320,17320,17320,2,0
2023-06-15 15:08:53,17320,17320,17320,2,0
2023-06-15 15:08:53,17320,17320,17320,2,0
2023-06-15 15:08:53,17320,17320,17320,2,0
2023-06-15 15:08:53,17320,17320,17320,2,0
2023-06-15 15:08:53,17320,17320,17320,2,0
2023-06-15 15:08:53,17320,17320,17320,2,0
2023-06-15 15:08:53,17320,17320,17320,2,0
2023-06-15 15:08:53,17320,17320,17320,2,0
2023-06-15 15:08:53,17320,17320,17320,12,0
2023-06-15 15:08:53,17320,17320,17320,2,0
2023-06-15 15:08:53,17320,17320,17320,2,0
2023-06-15 15:08:53,17320,17320,17320,2,0
2023-06-15 15:08:53,17320,17320,17320,2,0
2023-06-15 15:08:53,17320,17320,17320,2,0
2023-06-15 15:08:53,17320,17320,17320,2,0
2023-06-15 15:08:53,17320,17320,17320,12,0
2023-06-15 15:08:53,17320,17320,17320,6,0
2023-06-15 15:08:53,17320,17320,17320,2,0
2023-06-15 15:08:53,17320,17320,17320,2,0
2023-06-15 15:08:53,17320,17320,17320,16,0
2023-06-15 15:08:53,17320,17320,17320,6,0
2023-06-15 15:08:53,17320,17320,17320,2,0
2023-06-15 15:08:53,17320,17320,17320,2,0
2023-06-15 15:08:53,17320,17320,17320,2,0
2023-06-15 15:08:53,17320,17320,17320,2,0
2023-06-15 15:08:54,17319,17319,17319,2,-2
2023-06-15 15:08:54,17319,17319,17319,2,0
2023-06-15 15:08:54,17319,17319,17319,2,0
2023-06-15 15:08:54,17319,17319,17319,2,0
2023-06-15 15:08:54,17319,17319,17319,2,0
2023-06-15 15:08:54,17319,17319,17319,2,0
2023-06-15 15:08:54,17319,17319,17319,2,0
2023-06-15 15:08:54,17318,17318,17318,2,-2
2023-06-15 15:08:54,17318,17318,17318,2,0
2023-06-15 15:08:54,17318,17318,17318,2,0
2023-06-15 15:08:54,17318,17318,17318,2,0
2023-06-15 15:08:54,17318,17318,17318,2,0
2023-06-15 15:08:54,17318,17318,17318,2,0
2023-06-15 15:08:54,17318,17318,17318,4,0
2023-06-15 15:08:54,17318,17318,17318,4,0
2023-06-15 15:08:54,17318,17318,17318,2,0
2023-06-15 15:08:54,17318,17318,17318,2,0
2023-06-15 15:08:54,17318,17318,17318,2,0
2023-06-15 15:08:54,17318,17318,17318,4,0
2023-06-15 15:08:54,17318,17318,17318,4,0
2023-06-15 15:08:55,17318,17318,17318,2,0
2023-06-15 15:08:56,17319,17319,17319,2,2
2023-06-15 15:08:59,17319,17319,17319,2,0
2023-06-15 15:08:59,17319,17319,17319,2,0
2023-06-15 15:08:59,17319,17319,17319,2,0
2023-06-15 15:08:59,17319,17319,17319,2,0
2023-06-15 15:08:59,17319,17319,17319,2,0
2023-06-15 15:09:00,17319,17319,17319,2,0
2023-06-15 15:09:01,17320,17320,17320,2,2
2023-06-15 15:09:07,17319,17319,17319,2,-2
2023-06-15 15:09:08,17320,17320,17320,4,4
2023-06-15 15:09:10,17320,17320,17320,4,0
2023-06-15 15:09:10,17320,17320,17320,2,0
2023-06-15 15:09:10,17319,17319,17319,2,-2
2023-06-15 15:09:11,17320,17320,17320,2,2
2023-06-15 15:09:14,17320,17320,17320,2,0
2023-06-15 15:09:14,17320,17320,17320,4,0
2023-06-15 15:09:14,17320,17320,17320,2,0
2023-06-15 15:09:19,17321,17321,17321,4,4
2023-06-15 15:09:20,17320,17320,17320,2,-2
2023-06-15 15:09:20,17320,17320,17320,2,0
2023-06-15 15:09:20,17320,17320,17320,2,0
2023-06-15 15:09:20,17320,17320,17320,2,0
2023-06-15 15:09:20,17321,17321,17321,2,2
2023-06-15 15:09:24,17322,17322,17322,2,2
2023-06-15 15:09:27,17320,17320,17320,2,-2
2023-06-15 15:09:27,17322,17322,17322,4,4
2023-06-15 15:09:30,17321,17321,17321,2,-2
2023-06-15 15:09:30,17321,17321,17321,2,0
2023-06-15 15:09:31,17322,17322,17322,6,6
2023-06-15 15:09:34,17320,17320,17320,2,-2
2023-06-15 15:09:34,17320,17320,17320,2,0
2023-06-15 15:09:38,17321,17321,17321,2,2
2023-06-15 15:09:46,17321,17321,17321,2,0
2023-06-15 15:09:46,17321,17321,17321,2,0
2023-06-15 15:09:46,17320,17320,17320,2,-2
2023-06-15 15:09:49,17322,17322,17322,2,2
2023-06-15 15:09:52,17322,17322,17322,2,0
2023-06-15 15:09:52,17323,17323,17323,4,4
2023-06-15 15:09:56,17322,17322,17322,2,-2
2023-06-15 15:09:58,17322,17322,17322,2,0
2023-06-15 15:10:01,17321,17321,17321,2,-2
2023-06-15 15:10:02,17321,17321,17321,2,0
2023-06-15 15:10:12,17320,17320,17320,2,-2
2023-06-15 15:10:15,17320,17320,17320,2,0
2023-06-15 15:10:15,17320,17320,17320,2,0
2023-06-15 15:10:15,17320,17320,17320,6,0
2023-06-15 15:10:16,17321,17321,17321,20,20
2023-06-15 15:10:18,17320,17320,17320,2,-2
2023-06-15 15:10:23,17321,17321,17321,2,2
2023-06-15 15:10:25,17321,17321,17321,2,0
2023-06-15 15:10:25,17320,17320,17320,2,-2
2023-06-15 15:10:25,17320,17320,17320,2,0
2023-06-15 15:10:25,17320,17320,17320,2,0
2023-06-15 15:10:31,17320,17320,17320,2,0
2023-06-15 15:10:31,17320,17320,17320,2,0
2023-06-15 15:10:31,17320,17320,17320,2,0
2023-06-15 15:10:31,17320,17320,17320,2,0
2023-06-15 15:10:31,17320,17320,17320,6,0
2023-06-15 15:10:31,17319,17319,17319,2,-2
2023-06-15 15:10:32,17320,17320,17320,2,2
2023-06-15 15:10:33,17320,17320,17320,2,0
2023-06-15 15:10:37,17320,17320,17320,2,0
2023-06-15 15:10:40,17320,17320,17320,2,0
2023-06-15 15:10:40,17320,17320,17320,2,0
2023-06-15 15:10:40,17320,17320,17320,2,0
2023-06-15 15:10:40,17320,17320,17320,2,0
2023-06-15 15:10:40,17320,17320,17320,2,0
2023-06-15 15:10:42,17321,17321,17321,2,2
2023-06-15 15:10:45,17320,17320,17320,4,-4
2023-06-15 15:10:50,17320,17320,17320,2,0
2023-06-15 15:10:50,17320,17320,17320,2,0
2023-06-15 15:10:51,17320,17320,17320,2,0
2023-06-15 15:10:52,17320,17320,17320,2,0
2023-06-15 15:10:52,17321,17321,17321,2,2
2023-06-15 15:10:52,17320,17320,17320,2,-2
2023-06-15 15:10:57,17320,17320,17320,2,0
2023-06-15 15:11:02,17320,17320,17320,2,0
2023-06-15 15:11:02,17320,17320,17320,2,0
2023-06-15 15:11:04,17320,17320,17320,2,0
2023-06-15 15:11:10,17321,17321,17321,2,2
2023-06-15 15:11:10,17321,17321,17321,4,0
2023-06-15 15:11:10,17321,17321,17321,2,0
2023-06-15 15:11:10,17320,17320,17320,2,-2
2023-06-15 15:11:10,17322,17322,17322,6,6
2023-06-15 15:11:13,17321,17321,17321,2,-2
2023-06-15 15:11:14,17321,17321,17321,2,0
2023-06-15 15:11:14,17321,17321,17321,2,0
2023-06-15 15:11:17,17321,17321,17321,2,0
2023-06-15 15:11:18,17322,17322,17322,6,6
2023-06-15 15:11:25,17321,17321,17321,10,-10
2023-06-15 15:11:25,17321,17321,17321,2,0
2023-06-15 15:11:25,17321,17321,17321,4,0
2023-06-15 15:11:25,17321,17321,17321,2,0
2023-06-15 15:11:25,17321,17321,17321,2,0
2023-06-15 15:11:25,17321,17321,17321,2,0
2023-06-15 15:11:25,17321,17321,17321,6,0
2023-06-15 15:11:25,17321,17321,17321,2,0
2023-06-15 15:11:26,17323,17323,17323,2,2
2023-06-15 15:11:27,17321,17321,17321,6,-6
2023-06-15 15:11:33,17322,17322,17322,2,2
2023-06-15 15:11:34,17324,17324,17324,2,2
2023-06-15 15:11:35,17322,17322,17322,2,-2
2023-06-15 15:11:35,17322,17322,17322,6,0
2023-06-15 15:11:36,17323,17323,17323,18,18
2023-06-15 15:11:37,17323,17323,17323,2,0
2023-06-15 15:11:38,17323,17323,17323,10,0
2023-06-15 15:11:38,17322,17322,17322,14,-14
2023-06-15 15:11:38,17322,17322,17322,6,0
2023-06-15 15:11:38,17322,17322,17322,4,0
2023-06-15 15:11:38,17322,17322,17322,2,0
2023-06-15 15:11:38,17321,17321,17321,2,-2
2023-06-15 15:11:39,17322,17322,17322,2,2
2023-06-15 15:11:43,17322,17322,17322,2,0
2023-06-15 15:11:46,17321,17321,17321,2,-2
2023-06-15 15:11:47,17321,17321,17321,8,0
2023-06-15 15:11:53,17320,17320,17320,2,-2
2023-06-15 15:11:53,17320,17320,17320,2,0
2023-06-15 15:11:53,17320,17320,17320,2,0
2023-06-15 15:11:53,17320,17320,17320,4,0
2023-06-15 15:11:53,17320,17320,17320,6,0
2023-06-15 15:12:01,17320,17320,17320,2,0
2023-06-15 15:12:01,17320,17320,17320,2,0
2023-06-15 15:12:09,17320,17320,17320,4,0
2023-06-15 15:12:14,17320,17320,17320,2,0
2023-06-15 15:12:14,17320,17320,17320,2,0
2023-06-15 15:12:19,17320,17320,17320,2,0
2023-06-15 15:12:20,17320,17320,17320,2,0
2023-06-15 15:12:21,17320,17320,17320,6,0
2023-06-15 15:12:21,17321,17321,17321,22,22
2023-06-15 15:12:28,17320,17320,17320,2,-2
2023-06-15 15:12:30,17320,17320,17320,2,0
2023-06-15 15:12:34,17319,17319,17319,10,-10
2023-06-15 15:12:34,17319,17319,17319,2,0
2023-06-15 15:12:34,17319,17319,17319,2,0
2023-06-15 15:12:34,17319,17319,17319,2,0
2023-06-15 15:12:34,17319,17319,17319,2,0
2023-06-15 15:12:34,17319,17319,17319,2,0
2023-06-15 15:12:34,17319,17319,17319,18,0
2023-06-15 15:12:34,17319,17319,17319,2,0
2023-06-15 15:12:34,17319,17319,17319,2,0
2023-06-15 15:12:34,17319,17319,17319,2,0
2023-06-15 15:12:34,17319,17319,17319,2,0
2023-06-15 15:12:34,17319,17319,17319,2,0
2023-06-15 15:12:34,17319,17319,17319,2,0
2023-06-15 15:12:34,17319,17319,17319,2,0
2023-06-15 15:12:35,17319,17319,17319,2,0
2023-06-15 15:12:37,17319,17319,17319,2,0
2023-06-15 15:12:41,17319,17319,17319,2,0
2023-06-15 15:12:41,17319,17319,17319,2,0
2023-06-15 15:12:41,17319,17319,17319,2,0
2023-06-15 15:12:44,17320,17320,17320,2,2
2023-06-15 15:12:44,17319,17319,17319,2,-2
2023-06-15 15:12:45,17320,17320,17320,16,16
2023-06-15 15:12:47,17320,17320,17320,6,0
2023-06-15 15:12:48,17319,17319,17319,2,-2
2023-06-15 15:12:50,17320,17320,17320,2,2
2023-06-15 15:12:50,17320,17320,17320,2,0
2023-06-15 15:12:53,17319,17319,17319,6,-6
2023-06-15 15:12:53,17319,17319,17319,2,0
2023-06-15 15:12:53,17319,17319,17319,4,0
2023-06-15 15:12:53,17319,17319,17319,2,0
2023-06-15 15:12:53,17319,17319,17319,2,0
2023-06-15 15:12:54,17320,17320,17320,4,4
2023-06-15 15:12:54,17320,17320,17320,2,0
2023-06-15 15:12:56,17320,17320,17320,2,0
2023-06-15 15:12:56,17320,17320,17320,2,0
2023-06-15 15:12:56,17320,17320,17320,2,0
2023-06-15 15:12:56,17320,17320,17320,4,0
2023-06-15 15:13:04,17321,17321,17321,2,2
2023-06-15 15:13:04,17321,17321,17321,2,0
2023-06-15 15:13:12,17321,17321,17321,2,0
2023-06-15 15:13:17,17321,17321,17321,2,0
2023-06-15 15:13:17,17321,17321,17321,2,0
2023-06-15 15:13:28,17322,17322,17322,2,2
2023-06-15 15:13:28,17322,17322,17322,2,0
2023-06-15 15:13:28,17322,17322,17322,4,0
2023-06-15 15:13:28,17322,17322,17322,2,0
2023-06-15 15:13:35,17322,17322,17322,2,0
2023-06-15 15:13:36,17322,17322,17322,2,0
2023-06-15 15:13:37,17322,17322,17322,2,0
2023-06-15 15:13:42,17322,17322,17322,2,0
2023-06-15 15:13:42,17322,17322,17322,8,0
2023-06-15 15:13:42,17322,17322,17322,2,0
2023-06-15 15:13:44,17321,17321,17321,2,-2
2023-06-15 15:13:47,17322,17322,17322,2,2
2023-06-15 15:13:48,17322,17322,17322,4,0
2023-06-15 15:13:49,17322,17322,17322,4,0
2023-06-15 15:13:50,17322,17322,17322,6,0
2023-06-15 15:13:51,17321,17321,17321,2,-2
2023-06-15 15:13:51,17321,17321,17321,2,0
2023-06-15 15:13:56,17321,17321,17321,2,0
2023-06-15 15:13:58,17321,17321,17321,12,0
2023-06-15 15:13:58,17322,17322,17322,8,8
2023-06-15 15:14:10,17322,17322,17322,10,0
2023-06-15 15:14:18,17322,17322,17322,4,0
2023-06-15 15:14:23,17322,17322,17322,4,0
2023-06-15 15:14:29,17322,17322,17322,2,0
2023-06-15 15:14:39,17322,17322,17322,2,0
2023-06-15 15:14:39,17322,17322,17322,2,0
2023-06-15 15:14:39,17322,17322,17322,4,0
2023-06-15 15:14:39,17322,17322,17322,2,0
2023-06-15 15:14:49,17322,17322,17322,2,0
2023-06-15 15:14:49,17322,17322,17322,2,0
2023-06-15 15:14:52,17321,17321,17321,2,-2
2023-06-15 15:15:00,17322,17322,17322,8,8
2023-06-15 15:15:01,17322,17322,17322,2,0
2023-06-15 15:15:01,17321,17321,17321,2,-2
2023-06-15 15:15:03,17323,17323,17323,2,2
2023-06-15 15:15:08,17323,17323,17323,2,0
2023-06-15 15:15:08,17323,17323,17323,2,0
2023-06-15 15:15:14,17323,17323,17323,8,0
2023-06-15 15:15:26,17324,17324,17324,2,2
2023-06-15 15:15:26,17324,17324,17324,4,0
2023-06-15 15:15:26,17324,17324,17324,4,0
2023-06-15 15:15:26,17324,17324,17324,2,0
2023-06-15 15:15:31,17325,17325,17325,20,20
2023-06-15 15:15:31,17325,17325,17325,2,0
2023-06-15 15:15:31,17325,17325,17325,2,0
2023-06-15 15:15:33,17326,17326,17326,2,2
2023-06-15 15:15:33,17326,17326,17326,4,0
2023-06-15 15:15:34,17327,17327,17327,2,2
2023-06-15 15:15:38,17326,17326,17326,2,-2
2023-06-15 15:15:38,17326,17326,17326,4,0
2023-06-15 15:15:38,17326,17326,17326,2,0
2023-06-15 15:15:42,17326,17326,17326,2,0
2023-06-15 15:15:42,17326,17326,17326,2,0
2023-06-15 15:15:46,17326,17326,17326,2,0
2023-06-15 15:15:46,17326,17326,17326,6,0
2023-06-15 15:15:47,17325,17325,17325,2,-2
2023-06-15 15:15:47,17325,17325,17325,2,0
2023-06-15 15:15:47,17325,17325,17325,2,0
2023-06-15 15:15:47,17325,17325,17325,2,0
2023-06-15 15:15:47,17326,17326,17326,2,2
2023-06-15 15:15:49,17325,17325,17325,2,-2
2023-06-15 15:15:49,17324,17324,17324,4,-4
2023-06-15 15:15:49,17324,17324,17324,2,0
2023-06-15 15:15:49,17326,17326,17326,2,2
2023-06-15 15:15:50,17325,17325,17325,2,-2
2023-06-15 15:15:50,17325,17325,17325,4,0
2023-06-15 15:15:50,17325,17325,17325,2,0
2023-06-15 15:15:55,17326,17326,17326,2,2
2023-06-15 15:15:59,17326,17326,17326,2,0
2023-06-15 15:15:59,17326,17326,17326,6,0
2023-06-15 15:16:00,17326,17326,17326,4,0
2023-06-15 15:16:01,17326,17326,17326,2,0
2023-06-15 15:16:09,17326,17326,17326,2,0
2023-06-15 15:16:18,17327,17327,17327,6,6
2023-06-15 15:16:19,17326,17326,17326,2,-2
2023-06-15 15:16:20,17327,17327,17327,2,2
2023-06-15 15:16:25,17327,17327,17327,4,0
2023-06-15 15:16:26,17327,17327,17327,6,0
2023-06-15 15:16:26,17327,17327,17327,6,0
2023-06-15 15:16:29,17326,17326,17326,2,-2
2023-06-15 15:16:29,17326,17326,17326,2,0
2023-06-15 15:16:29,17326,17326,17326,6,0
2023-06-15 15:16:29,17326,17326,17326,2,0
2023-06-15 15:16:29,17326,17326,17326,2,0
2023-06-15 15:16:29,17326,17326,17326,2,0
2023-06-15 15:16:29,17326,17326,17326,2,0
2023-06-15 15:16:30,17327,17327,17327,4,4
2023-06-15 15:16:31,17327,17327,17327,2,0
2023-06-15 15:16:32,17328,17328,17328,16,16
2023-06-15 15:16:32,17328,17328,17328,2,0
2023-06-15 15:16:32,17328,17328,17328,2,0
2023-06-15 15:16:32,17328,17328,17328,6,0
2023-06-15 15:16:32,17328,17328,17328,4,0
2023-06-15 15:16:36,17330,17330,17330,14,14
2023-06-15 15:16:41,17330,17330,17330,2,0
2023-06-15 15:16:41,17330,17330,17330,2,0
2023-06-15 15:16:42,17330,17330,17330,2,0
2023-06-15 15:16:42,17330,17330,17330,2,0
2023-06-15 15:16:44,17330,17330,17330,2,0
2023-06-15 15:16:44,17329,17329,17329,2,-2
2023-06-15 15:16:45,17330,17330,17330,2,2
2023-06-15 15:16:46,17330,17330,17330,10,0
2023-06-15 15:16:49,17329,17329,17329,2,-2
2023-06-15 15:16:49,17329,17329,17329,2,0
2023-06-15 15:16:49,17329,17329,17329,6,0
2023-06-15 15:16:49,17328,17328,17328,4,-4
2023-06-15 15:16:49,17328,17328,17328,2,0
2023-06-15 15:16:49,17328,17328,17328,4,0
2023-06-15 15:16:54,17329,17329,17329,2,2
2023-06-15 15:16:55,17330,17330,17330,4,4
2023-06-15 15:17:05,17329,17329,17329,2,-2
2023-06-15 15:17:05,17329,17329,17329,2,0
2023-06-15 15:17:05,17330,17330,17330,2,2
2023-06-15 15:17:05,17330,17330,17330,2,0
2023-06-15 15:17:09,17330,17330,17330,2,0
2023-06-15 15:17:11,17330,17330,17330,2,0
2023-06-15 15:17:18,17330,17330,17330,20,0
2023-06-15 15:17:18,17330,17330,17330,2,0
2023-06-15 15:17:25,17330,17330,17330,2,0
2023-06-15 15:17:35,17329,17329,17329,2,-2
2023-06-15 15:17:35,17329,17329,17329,2,0
2023-06-15 15:17:36,17330,17330,17330,2,2
2023-06-15 15:17:38,17329,17329,17329,2,-2
2023-06-15 15:17:39,17329,17329,17329,2,0
2023-06-15 15:17:40,17328,17328,17328,2,-2
2023-06-15 15:17:41,17329,17329,17329,2,2
2023-06-15 15:17:43,17328,17328,17328,2,-2
2023-06-15 15:17:43,17328,17328,17328,2,0
2023-06-15 15:17:43,17328,17328,17328,2,0
2023-06-15 15:17:43,17328,17328,17328,2,0
2023-06-15 15:17:43,17328,17328,17328,4,0
2023-06-15 15:17:43,17328,17328,17328,2,0
2023-06-15 15:17:43,17328,17328,17328,2,0
2023-06-15 15:17:43,17327,17327,17327,2,-2
2023-06-15 15:17:43,17327,17327,17327,2,0
2023-06-15 15:17:44,17326,17326,17326,2,-2
2023-06-15 15:17:44,17326,17326,17326,2,0
2023-06-15 15:17:44,17326,17326,17326,2,0
2023-06-15 15:17:44,17326,17326,17326,2,0
2023-06-15 15:17:44,17326,17326,17326,2,0
2023-06-15 15:17:44,17326,17326,17326,2,0
2023-06-15 15:17:58,17327,17327,17327,4,4
2023-06-15 15:18:09,17327,17327,17327,2,0
2023-06-15 15:18:36,17329,17329,17329,2,2
2023-06-15 15:18:44,17329,17329,17329,2,0
2023-06-15 15:18:44,17329,17329,17329,2,0
2023-06-15 15:18:44,17329,17329,17329,2,0
2023-06-15 15:18:47,17329,17329,17329,2,0
2023-06-15 15:18:49,17329,17329,17329,2,0
2023-06-15 15:18:59,17330,17330,17330,6,6
2023-06-15 15:18:59,17330,17330,17330,2,0
2023-06-15 15:19:00,17330,17330,17330,4,0
2023-06-15 15:19:01,17329,17329,17329,2,-2
2023-06-15 15:19:01,17329,17329,17329,2,0
2023-06-15 15:19:01,17329,17329,17329,4,0
2023-06-15 15:19:05,17330,17330,17330,2,2
2023-06-15 15:19:17,17330,17330,17330,2,0
2023-06-15 15:19:17,17330,17330,17330,2,0
2023-06-15 15:19:17,17330,17330,17330,2,0
2023-06-15 15:19:20,17330,17330,17330,6,0
2023-06-15 15:19:20,17330,17330,17330,2,0
2023-06-15 15:19:24,17330,17330,17330,2,0
2023-06-15 15:19:27,17330,17330,17330,2,0
2023-06-15 15:19:29,17330,17330,17330,2,0
2023-06-15 15:19:29,17331,17331,17331,4,4
2023-06-15 15:19:30,17331,17331,17331,8,0
2023-06-15 15:19:32,17331,17331,17331,6,0
2023-06-15 15:19:33,17330,17330,17330,2,-2
2023-06-15 15:19:33,17330,17330,17330,2,0
2023-06-15 15:19:36,17331,17331,17331,2,2
2023-06-15 15:19:36,17330,17330,17330,2,-2
2023-06-15 15:19:36,17330,17330,17330,2,0
2023-06-15 15:19:36,17330,17330,17330,10,0
2023-06-15 15:19:36,17330,17330,17330,2,0
2023-06-15 15:19:36,17330,17330,17330,2,0
2023-06-15 15:19:36,17330,17330,17330,2,0
2023-06-15 15:19:42,17330,17330,17330,2,0
2023-06-15 15:19:42,17330,17330,17330,2,0
2023-06-15 15:19:49,17332,17332,17332,6,6
2023-06-15 15:19:50,17331,17331,17331,2,-2
2023-06-15 15:20:00,17332,17332,17332,6,6
2023-06-15 15:20:01,17331,17331,17331,2,-2
2023-06-15 15:20:03,17332,17332,17332,20,20
2023-06-15 15:20:04,17333,17333,17333,8,8
2023-06-15 15:20:04,17333,17333,17333,4,0
2023-06-15 15:20:04,17333,17333,17333,2,0
2023-06-15 15:20:04,17333,17333,17333,2,0
2023-06-15 15:20:04,17333,17333,17333,2,0
2023-06-15 15:20:04,17333,17333,17333,2,0
2023-06-15 15:20:04,17333,17333,17333,2,0
2023-06-15 15:20:07,17333,17333,17333,6,0
2023-06-15 15:20:11,17333,17333,17333,2,0
2023-06-15 15:20:11,17333,17333,17333,2,0
2023-06-15 15:20:12,17334,17334,17334,2,2
2023-06-15 15:20:12,17334,17334,17334,2,0
2023-06-15 15:20:12,17334,17334,17334,2,0
2023-06-15 15:20:13,17334,17334,17334,2,0
2023-06-15 15:20:17,17334,17334,17334,4,0
2023-06-15 15:20:20,17334,17334,17334,2,0
2023-06-15 15:20:20,17333,17333,17333,2,-2
2023-06-15 15:20:22,17334,17334,17334,6,6
2023-06-15 15:20:25,17333,17333,17333,2,-2
2023-06-15 15:20:25,17333,17333,17333,2,0
2023-06-15 15:20:26,17333,17333,17333,2,0
2023-06-15 15:20:27,17334,17334,17334,4,4
2023-06-15 15:20:28,17334,17334,17334,2,0
2023-06-15 15:20:30,17334,17334,17334,6,0
2023-06-15 15:20:30,17334,17334,17334,2,0
2023-06-15 15:20:30,17334,17334,17334,2,0
2023-06-15 15:20:31,17334,17334,17334,2,0
2023-06-15 15:20:31,17335,17335,17335,4,4
2023-06-15 15:20:31,17335,17335,17335,10,0
2023-06-15 15:20:31,17336,17336,17336,4,4
2023-06-15 15:20:31,17336,17336,17336,12,0
2023-06-15 15:20:31,17336,17336,17336,2,0
2023-06-15 15:20:31,17336,17336,17336,2,0
2023-06-15 15:20:31,17336,17336,17336,10,0
2023-06-15 15:20:32,17336,17336,17336,2,0
2023-06-15 15:20:32,17336,17336,17336,6,0
2023-06-15 15:20:33,17335,17335,17335,2,-2
2023-06-15 15:20:35,17337,17337,17337,2,2
2023-06-15 15:20:35,17337,17337,17337,6,0
2023-06-15 15:20:36,17337,17337,17337,2,0
2023-06-15 15:20:36,17338,17338,17338,2,2
2023-06-15 15:20:36,17338,17338,17338,2,0
2023-06-15 15:20:36,17337,17337,17337,2,-2
2023-06-15 15:20:36,17338,17338,17338,2,2
2023-06-15 15:20:36,17338,17338,17338,2,0
2023-06-15 15:20:39,17337,17337,17337,2,-2
2023-06-15 15:20:40,17338,17338,17338,2,2
2023-06-15 15:20:40,17337,17337,17337,4,-4
2023-06-15 15:20:40,17337,17337,17337,2,0
2023-06-15 15:20:40,17336,17336,17336,2,-2
2023-06-15 15:20:40,17336,17336,17336,2,0
2023-06-15 15:20:41,17337,17337,17337,4,4
2023-06-15 15:20:41,17338,17338,17338,2,2
2023-06-15 15:20:45,17337,17337,17337,2,-2
2023-06-15 15:20:46,17338,17338,17338,2,2
2023-06-15 15:20:46,17337,17337,17337,2,-2
2023-06-15 15:20:48,17338,17338,17338,2,2
2023-06-15 15:20:53,17338,17338,17338,2,0
2023-06-15 15:20:56,17338,17338,17338,2,0
2023-06-15 15:20:57,17337,17337,17337,2,-2
2023-06-15 15:20:57,17337,17337,17337,2,0
2023-06-15 15:20:57,17337,17337,17337,2,0
2023-06-15 15:20:57,17337,17337,17337,4,0
2023-06-15 15:20:59,17337,17337,17337,2,0
2023-06-15 15:20:59,17337,17337,17337,2,0
2023-06-15 15:20:59,17337,17337,17337,2,0
2023-06-15 15:20:59,17337,17337,17337,4,0
2023-06-15 15:20:59,17337,17337,17337,2,0
2023-06-15 15:20:59,17337,17337,17337,6,0
2023-06-15 15:20:59,17336,17336,17336,8,-8
2023-06-15 15:20:59,17336,17336,17336,2,0
2023-06-15 15:20:59,17336,17336,17336,2,0
2023-06-15 15:20:59,17336,17336,17336,2,0
2023-06-15 15:20:59,17335,17335,17335,2,-2
2023-06-15 15:20:59,17335,17335,17335,2,0
2023-06-15 15:20:59,17335,17335,17335,2,0
2023-06-15 15:21:01,17336,17336,17336,2,2
2023-06-15 15:21:01,17336,17336,17336,2,0
2023-06-15 15:21:01,17337,17337,17337,4,4
2023-06-15 15:21:04,17336,17336,17336,2,-2
2023-06-15 15:21:04,17337,17337,17337,2,2
2023-06-15 15:21:05,17338,17338,17338,2,2
2023-06-15 15:21:05,17338,17338,17338,2,0
2023-06-15 15:21:05,17338,17338,17338,16,0
2023-06-15 15:21:05,17338,17338,17338,4,0
2023-06-15 15:21:05,17338,17338,17338,2,0
2023-06-15 15:21:05,17338,17338,17338,2,0
2023-06-15 15:21:05,17338,17338,17338,26,0
2023-06-15 15:21:05,17339,17339,17339,4,4
2023-06-15 15:21:05,17339,17339,17339,2,0
2023-06-15 15:21:07,17338,17338,17338,2,-2
2023-06-15 15:21:07,17339,17339,17339,2,2
2023-06-15 15:21:14,17338,17338,17338,2,-2
2023-06-15 15:21:14,17338,17338,17338,2,0
2023-06-15 15:21:20,17339,17339,17339,2,2
2023-06-15 15:21:29,17340,17340,17340,2,2
2023-06-15 15:21:29,17340,17340,17340,2,0
2023-06-15 15:21:29,17340,17340,17340,2,0
2023-06-15 15:21:29,17339,17339,17339,2,-2
2023-06-15 15:21:29,17339,17339,17339,2,0
2023-06-15 15:21:29,17339,17339,17339,2,0
2023-06-15 15:21:29,17339,17339,17339,2,0
2023-06-15 15:21:29,17339,17339,17339,2,0
2023-06-15 15:21:29,17338,17338,17338,2,-2
2023-06-15 15:21:32,17338,17338,17338,2,0
2023-06-15 15:21:32,17338,17338,17338,14,0
2023-06-15 15:21:32,17338,17338,17338,8,0
2023-06-15 15:21:32,17338,17338,17338,2,0
2023-06-15 15:21:32,17337,17337,17337,2,-2
2023-06-15 15:21:32,17337,17337,17337,2,0
2023-06-15 15:21:33,17337,17337,17337,2,0
2023-06-15 15:21:34,17338,17338,17338,2,2
2023-06-15 15:21:42,17338,17338,17338,2,0
2023-06-15 15:21:42,17338,17338,17338,2,0
2023-06-15 15:21:47,17338,17338,17338,2,0
2023-06-15 15:21:50,17339,17339,17339,2,2
2023-06-15 15:21:51,17339,17339,17339,2,0
2023-06-15 15:21:52,17339,17339,17339,6,0
2023-06-15 15:21:53,17338,17338,17338,2,-2
2023-06-15 15:21:53,17338,17338,17338,2,0
2023-06-15 15:21:53,17338,17338,17338,2,0
2023-06-15 15:21:53,17338,17338,17338,2,0
2023-06-15 15:21:53,17337,17337,17337,2,-2
2023-06-15 15:21:53,17337,17337,17337,2,0
2023-06-15 15:21:53,17337,17337,17337,4,0
2023-06-15 15:21:53,17337,17337,17337,2,0
2023-06-15 15:21:53,17338,17338,17338,2,2
2023-06-15 15:21:59,17338,17338,17338,2,0
2023-06-15 15:22:07,17338,17338,17338,2,0
2023-06-15 15:22:12,17338,17338,17338,2,0
2023-06-15 15:22:19,17338,17338,17338,2,0
2023-06-15 15:22:19,17337,17337,17337,2,-2
2023-06-15 15:22:19,17337,17337,17337,6,0
2023-06-15 15:22:19,17337,17337,17337,2,0
2023-06-15 15:22:19,17337,17337,17337,2,0
2023-06-15 15:22:19,17337,17337,17337,2,0
2023-06-15 15:22:19,17337,17337,17337,2,0
2023-06-15 15:22:19,17337,17337,17337,2,0
2023-06-15 15:22:19,17337,17337,17337,4,0
2023-06-15 15:22:19,17337,17337,17337,6,0
2023-06-15 15:22:20,17336,17336,17336,2,-2
2023-06-15 15:22:20,17338,17338,17338,2,2
2023-06-15 15:22:24,17336,17336,17336,2,-2
2023-06-15 15:22:24,17336,17336,17336,2,0
2023-06-15 15:22:24,17336,17336,17336,6,0
2023-06-15 15:22:24,17336,17336,17336,4,0
2023-06-15 15:22:24,17336,17336,17336,2,0
2023-06-15 15:22:24,17336,17336,17336,2,0
2023-06-15 15:22:24,17336,17336,17336,4,0
2023-06-15 15:22:24,17336,17336,17336,2,0
2023-06-15 15:22:24,17336,17336,17336,2,0
2023-06-15 15:22:24,17336,17336,17336,2,0
2023-06-15 15:22:24,17336,17336,17336,2,0
2023-06-15 15:22:24,17336,17336,17336,2,0
2023-06-15 15:22:25,17337,17337,17337,4,4
2023-06-15 15:22:25,17338,17338,17338,2,2
2023-06-15 15:22:33,17337,17337,17337,2,-2
2023-06-15 15:22:33,17337,17337,17337,2,0
2023-06-15 15:22:34,17336,17336,17336,2,-2
2023-06-15 15:22:34,17336,17336,17336,2,0
2023-06-15 15:22:41,17336,17336,17336,2,0
2023-06-15 15:22:41,17336,17336,17336,2,0
2023-06-15 15:22:44,17336,17336,17336,2,0
2023-06-15 15:22:45,17336,17336,17336,2,0
2023-06-15 15:22:45,17336,17336,17336,2,0
2023-06-15 15:22:45,17336,17336,17336,2,0
2023-06-15 15:22:45,17336,17336,17336,2,0
2023-06-15 15:22:52,17336,17336,17336,2,0
2023-06-15 15:22:57,17335,17335,17335,2,-2
2023-06-15 15:22:59,17335,17335,17335,6,0
2023-06-15 15:22:59,17335,17335,17335,2,0
2023-06-15 15:22:59,17335,17335,17335,2,0
2023-06-15 15:22:59,17335,17335,17335,8,0
2023-06-15 15:22:59,17335,17335,17335,2,0
2023-06-15 15:22:59,17335,17335,17335,2,0
2023-06-15 15:22:59,17335,17335,17335,2,0
2023-06-15 15:22:59,17335,17335,17335,2,0
2023-06-15 15:22:59,17335,17335,17335,2,0
2023-06-15 15:22:59,17335,17335,17335,2,0
2023-06-15 15:23:01,17334,17334,17334,4,-4
2023-06-15 15:23:01,17334,17334,17334,2,0
2023-06-15 15:23:01,17334,17334,17334,2,0
2023-06-15 15:23:01,17334,17334,17334,2,0
2023-06-15 15:23:01,17334,17334,17334,2,0
2023-06-15 15:23:01,17334,17334,17334,2,0
2023-06-15 15:23:01,17334,17334,17334,6,0
2023-06-15 15:23:01,17334,17334,17334,2,0
2023-06-15 15:23:01,17334,17334,17334,2,0
2023-06-15 15:23:01,17334,17334,17334,2,0
2023-06-15 15:23:01,17334,17334,17334,2,0
2023-06-15 15:23:01,17334,17334,17334,2,0
2023-06-15 15:23:07,17334,17334,17334,2,0
2023-06-15 15:23:09,17334,17334,17334,2,0
2023-06-15 15:23:15,17333,17333,17333,2,-2
2023-06-15 15:23:15,17333,17333,17333,2,0
2023-06-15 15:23:15,17333,17333,17333,2,0
2023-06-15 15:23:15,17333,17333,17333,2,0
2023-06-15 15:23:16,17333,17333,17333,2,0
2023-06-15 15:23:16,17332,17332,17332,2,-2
2023-06-15 15:23:16,17332,17332,17332,2,0
2023-06-15 15:23:16,17332,17332,17332,2,0
2023-06-15 15:23:16,17332,17332,17332,2,0
2023-06-15 15:23:17,17332,17332,17332,4,0
2023-06-15 15:23:21,17332,17332,17332,2,0
2023-06-15 15:23:21,17332,17332,17332,4,0
2023-06-15 15:23:22,17332,17332,17332,2,0
2023-06-15 15:23:28,17332,17332,17332,4,0
2023-06-15 15:23:35,17331,17331,17331,2,-2
2023-06-15 15:23:35,17331,17331,17331,2,0
2023-06-15 15:23:35,17331,17331,17331,2,0
2023-06-15 15:23:36,17331,17331,17331,4,0
2023-06-15 15:23:37,17332,17332,17332,2,2
2023-06-15 15:23:40,17332,17332,17332,18,0
2023-06-15 15:23:40,17333,17333,17333,20,20
2023-06-15 15:23:42,17333,17333,17333,2,0
2023-06-15 15:23:42,17333,17333,17333,2,0
2023-06-15 15:23:44,17332,17332,17332,2,-2
2023-06-15 15:23:44,17332,17332,17332,2,0
2023-06-15 15:23:48,17332,17332,17332,2,0
2023-06-15 15:23:48,17332,17332,17332,2,0
2023-06-15 15:23:48,17331,17331,17331,2,-2
2023-06-15 15:23:48,17332,17332,17332,2,2
2023-06-15 15:23:51,17332,17332,17332,2,0
2023-06-15 15:23:52,17331,17331,17331,2,-2
2023-06-15 15:23:52,17331,17331,17331,2,0
2023-06-15 15:23:56,17332,17332,17332,2,2
2023-06-15 15:23:58,17331,17331,17331,2,-2
2023-06-15 15:23:59,17331,17331,17331,2,0
2023-06-15 15:24:00,17331,17331,17331,4,0
2023-06-15 15:24:02,17330,17330,17330,2,-2
2023-06-15 15:24:02,17330,17330,17330,2,0
2023-06-15 15:24:02,17330,17330,17330,2,0
2023-06-15 15:24:03,17330,17330,17330,6,0
2023-06-15 15:24:03,17330,17330,17330,2,0
2023-06-15 15:24:04,17330,17330,17330,8,0
2023-06-15 15:24:09,17330,17330,17330,2,0
2023-06-15 15:24:12,17330,17330,17330,2,0
2023-06-15 15:24:12,17330,17330,17330,2,0
2023-06-15 15:24:18,17331,17331,17331,2,2
2023-06-15 15:24:18,17331,17331,17331,4,0
2023-06-15 15:24:18,17331,17331,17331,2,0
2023-06-15 15:24:18,17331,17331,17331,6,0
2023-06-15 15:24:21,17332,17332,17332,2,2
2023-06-15 15:24:25,17331,17331,17331,2,-2
2023-06-15 15:24:25,17331,17331,17331,4,0
2023-06-15 15:24:25,17331,17331,17331,2,0
2023-06-15 15:24:33,17331,17331,17331,2,0
2023-06-15 15:24:33,17332,17332,17332,2,2
2023-06-15 15:24:35,17331,17331,17331,2,-2
2023-06-15 15:24:36,17331,17331,17331,4,0
2023-06-15 15:24:36,17330,17330,17330,2,-2
2023-06-15 15:24:37,17330,17330,17330,2,0
2023-06-15 15:24:48,17330,17330,17330,2,0
2023-06-15 15:24:48,17330,17330,17330,2,0
2023-06-15 15:24:48,17330,17330,17330,2,0
2023-06-15 15:24:48,17330,17330,17330,2,0
2023-06-15 15:24:48,17330,17330,17330,6,0
2023-06-15 15:24:48,17330,17330,17330,2,0
2023-06-15 15:24:48,17330,17330,17330,20,0
2023-06-15 15:24:48,17330,17330,17330,2,0
2023-06-15 15:24:48,17330,17330,17330,2,0
2023-06-15 15:24:48,17330,17330,17330,4,0
2023-06-15 15:24:48,17330,17330,17330,2,0
2023-06-15 15:24:53,17328,17328,17328,2,-2
2023-06-15 15:24:53,17328,17328,17328,2,0
2023-06-15 15:24:53,17328,17328,17328,4,0
2023-06-15 15:24:53,17328,17328,17328,2,0
2023-06-15 15:24:53,17328,17328,17328,10,0
2023-06-15 15:24:53,17328,17328,17328,2,0
2023-06-15 15:24:53,17328,17328,17328,2,0
2023-06-15 15:25:20,17327,17327,17327,2,-2
2023-06-15 15:25:32,17328,17328,17328,4,4
2023-06-15 15:25:33,17328,17328,17328,18,0
2023-06-15 15:25:33,17328,17328,17328,2,0
2023-06-15 15:25:33,17328,17328,17328,2,0
2023-06-15 15:25:37,17328,17328,17328,2,0
2023-06-15 15:25:37,17328,17328,17328,2,0
2023-06-15 15:25:47,17328,17328,17328,2,0
2023-06-15 15:25:47,17328,17328,17328,2,0
2023-06-15 15:25:47,17328,17328,17328,6,0
2023-06-15 15:25:52,17329,17329,17329,2,2
2023-06-15 15:25:59,17328,17328,17328,2,-2
2023-06-15 15:26:07,17329,17329,17329,4,4
2023-06-15 15:26:07,17330,17330,17330,2,2
2023-06-15 15:26:21,17330,17330,17330,4,0
2023-06-15 15:26:25,17330,17330,17330,2,0
2023-06-15 15:26:25,17330,17330,17330,2,0
2023-06-15 15:26:25,17330,17330,17330,2,0
2023-06-15 15:26:25,17330,17330,17330,6,0
2023-06-15 15:26:25,17330,17330,17330,2,0
2023-06-15 15:26:28,17332,17332,17332,10,10
2023-06-15 15:26:28,17331,17331,17331,2,-2
2023-06-15 15:26:28,17331,17331,17331,2,0
2023-06-15 15:26:28,17331,17331,17331,2,0
2023-06-15 15:26:28,17331,17331,17331,2,0
2023-06-15 15:26:32,17331,17331,17331,2,0
2023-06-15 15:26:36,17331,17331,17331,2,0
2023-06-15 15:26:38,17331,17331,17331,2,0
2023-06-15 15:26:41,17332,17332,17332,2,2
2023-06-15 15:26:42,17332,17332,17332,2,0
2023-06-15 15:26:43,17332,17332,17332,2,0
2023-06-15 15:26:43,17331,17331,17331,2,-2
2023-06-15 15:26:43,17331,17331,17331,2,0
2023-06-15 15:26:43,17331,17331,17331,2,0
2023-06-15 15:26:44,17331,17331,17331,2,0
2023-06-15 15:26:44,17331,17331,17331,2,0
2023-06-15 15:26:44,17331,17331,17331,2,0
2023-06-15 15:26:47,17332,17332,17332,2,2
2023-06-15 15:26:47,17331,17331,17331,2,-2
2023-06-15 15:26:47,17331,17331,17331,2,0
2023-06-15 15:26:47,17331,17331,17331,2,0
2023-06-15 15:26:47,17331,17331,17331,2,0
2023-06-15 15:26:47,17331,17331,17331,2,0
2023-06-15 15:26:57,17331,17331,17331,2,0
2023-06-15 15:27:14,17332,17332,17332,4,4
2023-06-15 15:27:17,17332,17332,17332,2,0
2023-06-15 15:27:20,17332,17332,17332,4,0
2023-06-15 15:27:27,17332,17332,17332,2,0
2023-06-15 15:27:27,17331,17331,17331,2,-2
2023-06-15 15:27:27,17331,17331,17331,2,0
2023-06-15 15:27:27,17331,17331,17331,2,0
2023-06-15 15:27:43,17331,17331,17331,2,0
2023-06-15 15:27:45,17331,17331,17331,4,0
2023-06-15 15:27:45,17331,17331,17331,2,0
2023-06-15 15:27:45,17331,17331,17331,2,0
2023-06-15 15:27:45,17331,17331,17331,2,0
2023-06-15 15:27:45,17331,17331,17331,2,0
2023-06-15 15:27:45,17331,17331,17331,2,0
2023-06-15 15:27:45,17331,17331,17331,2,0
2023-06-15 15:27:45,17331,17331,17331,2,0
2023-06-15 15:27:45,17331,17331,17331,4,0
2023-06-15 15:27:45,17331,17331,17331,4,0
2023-06-15 15:27:45,17330,17330,17330,2,-2
2023-06-15 15:27:46,17330,17330,17330,2,0
2023-06-15 15:27:46,17330,17330,17330,2,0
2023-06-15 15:27:46,17330,17330,17330,10,0
2023-06-15 15:27:46,17330,17330,17330,2,0
2023-06-15 15:27:46,17330,17330,17330,12,0
2023-06-15 15:27:46,17330,17330,17330,2,0
2023-06-15 15:27:46,17330,17330,17330,2,0
2023-06-15 15:27:46,17330,17330,17330,2,0
2023-06-15 15:27:46,17329,17329,17329,2,-2
2023-06-15 15:27:46,17329,17329,17329,2,0
2023-06-15 15:27:46,17328,17328,17328,2,-2
2023-06-15 15:27:46,17328,17328,17328,2,0
2023-06-15 15:27:46,17328,17328,17328,2,0
2023-06-15 15:27:46,17328,17328,17328,2,0
2023-06-15 15:27:46,17328,17328,17328,2,0
2023-06-15 15:27:46,17328,17328,17328,2,0
2023-06-15 15:27:46,17328,17328,17328,2,0
2023-06-15 15:27:46,17328,17328,17328,2,0
2023-06-15 15:27:46,17327,17327,17327,2,-2
2023-06-15 15:27:47,17327,17327,17327,2,0
2023-06-15 15:27:47,17327,17327,17327,6,0
2023-06-15 15:27:47,17327,17327,17327,2,0
2023-06-15 15:27:51,17327,17327,17327,2,0
2023-06-15 15:27:51,17328,17328,17328,14,14
2023-06-15 15:27:57,17328,17328,17328,2,0
2023-06-15 15:27:57,17328,17328,17328,2,0
2023-06-15 15:27:57,17328,17328,17328,2,0
2023-06-15 15:28:00,17329,17329,17329,2,2
2023-06-15 15:28:05,17328,17328,17328,2,-2
2023-06-15 15:28:13,17328,17328,17328,2,0
2023-06-15 15:28:13,17328,17328,17328,2,0
2023-06-15 15:28:13,17328,17328,17328,4,0
2023-06-15 15:28:13,17328,17328,17328,4,0
2023-06-15 15:28:16,17328,17328,17328,2,0
2023-06-15 15:28:16,17328,17328,17328,2,0
2023-06-15 15:28:16,17328,17328,17328,2,0
2023-06-15 15:28:26,17328,17328,17328,2,0
2023-06-15 15:28:27,17329,17329,17329,4,4
2023-06-15 15:28:48,17330,17330,17330,2,2
2023-06-15 15:28:48,17330,17330,17330,4,0
2023-06-15 15:29:00,17332,17332,17332,2,2
2023-06-15 15:29:00,17332,17332,17332,2,0
2023-06-15 15:29:07,17333,17333,17333,2,2
2023-06-15 15:29:10,17333,17333,17333,2,0
2023-06-15 15:29:14,17333,17333,17333,2,0
2023-06-15 15:29:17,17333,17333,17333,2,0
2023-06-15 15:29:17,17333,17333,17333,2,0
2023-06-15 15:29:17,17333,17333,17333,6,0
2023-06-15 15:29:31,17334,17334,17334,2,2
2023-06-15 15:29:36,17334,17334,17334,2,0
2023-06-15 15:29:37,17334,17334,17334,2,0
2023-06-15 15:29:40,17334,17334,17334,2,0
2023-06-15 15:29:49,17334,17334,17334,6,0
2023-06-15 15:29:50,17335,17335,17335,2,2
2023-06-15 15:29:50,17335,17335,17335,4,0
2023-06-15 15:29:54,17334,17334,17334,2,-2
2023-06-15 15:29:54,17334,17334,17334,2,0
2023-06-15 15:29:54,17334,17334,17334,4,0
2023-06-15 15:29:54,17334,17334,17334,2,0
2023-06-15 15:29:54,17334,17334,17334,2,0
2023-06-15 15:29:54,17334,17334,17334,2,0
2023-06-15 15:29:54,17334,17334,17334,2,0
2023-06-15 15:29:54,17334,17334,17334,2,0
2023-06-15 15:29:54,17335,17335,17335,2,2
2023-06-15 15:29:55,17335,17335,17335,2,0
2023-06-15 15:29:55,17335,17335,17335,2,0
2023-06-15 15:29:59,17335,17335,17335,2,0
2023-06-15 15:29:59,17335,17335,17335,4,0
2023-06-15 15:29:59,17335,17335,17335,2,0
2023-06-15 15:29:59,17334,17334,17334,2,-2
2023-06-15 15:29:59,17334,17334,17334,2,0
2023-06-15 15:29:59,17334,17334,17334,2,0
2023-06-15 15:29:59,17334,17334,17334,2,0
2023-06-15 15:30:01,17334,17334,17334,2,0
2023-06-15 15:30:01,17336,17336,17336,4,4
2023-06-15 15:30:01,17336,17336,17336,4,0
2023-06-15 15:30:04,17335,17335,17335,2,-2
2023-06-15 15:30:04,17336,17336,17336,2,2
2023-06-15 15:30:05,17335,17335,17335,2,-2
2023-06-15 15:30:05,17334,17334,17334,2,-2
2023-06-15 15:30:05,17334,17334,17334,2,0
2023-06-15 15:30:05,17334,17334,17334,2,0
2023-06-15 15:30:05,17334,17334,17334,2,0
2023-06-15 15:30:14,17335,17335,17335,2,2
2023-06-15 15:30:16,17335,17335,17335,8,0
2023-06-15 15:30:16,17334,17334,17334,2,-2
2023-06-15 15:30:16,17334,17334,17334,2,0
2023-06-15 15:30:16,17335,17335,17335,2,2
2023-06-15 15:30:23,17335,17335,17335,4,0
2023-06-15 15:30:27,17335,17335,17335,2,0
2023-06-15 15:30:27,17335,17335,17335,2,0
2023-06-15 15:30:27,17334,17334,17334,2,-2
2023-06-15 15:30:27,17334,17334,17334,2,0
2023-06-15 15:30:50,17336,17336,17336,2,2
2023-06-15 15:30:51,17335,17335,17335,2,-2
2023-06-15 15:30:51,17335,17335,17335,2,0
2023-06-15 15:30:52,17336,17336,17336,2,2
2023-06-15 15:30:56,17336,17336,17336,2,0
2023-06-15 15:31:01,17335,17335,17335,2,-2
2023-06-15 15:31:01,17335,17335,17335,2,0
2023-06-15 15:31:01,17335,17335,17335,2,0
2023-06-15 15:31:01,17335,17335,17335,2,0
2023-06-15 15:31:01,17335,17335,17335,4,0
2023-06-15 15:31:01,17335,17335,17335,2,0
2023-06-15 15:31:01,17335,17335,17335,2,0
2023-06-15 15:31:01,17336,17336,17336,8,8
2023-06-15 15:31:03,17337,17337,17337,12,12
2023-06-15 15:31:03,17337,17337,17337,16,0
2023-06-15 15:31:04,17337,17337,17337,2,0
2023-06-15 15:31:05,17338,17338,17338,4,4
2023-06-15 15:31:05,17338,17338,17338,2,0
2023-06-15 15:31:05,17338,17338,17338,4,0
2023-06-15 15:31:06,17338,17338,17338,2,0
2023-06-15 15:31:06,17338,17338,17338,2,0
2023-06-15 15:31:06,17338,17338,17338,2,0
2023-06-15 15:31:06,17338,17338,17338,2,0
2023-06-15 15:31:06,17338,17338,17338,2,0
2023-06-15 15:31:07,17338,17338,17338,2,0
2023-06-15 15:31:07,17338,17338,17338,4,0
2023-06-15 15:31:08,17339,17339,17339,2,2
2023-06-15 15:31:08,17339,17339,17339,2,0
2023-06-15 15:31:14,17339,17339,17339,2,0
2023-06-15 15:31:18,17339,17339,17339,6,0
2023-06-15 15:31:20,17339,17339,17339,2,0
2023-06-15 15:31:23,17339,17339,17339,2,0
2023-06-15 15:31:24,17339,17339,17339,2,0
2023-06-15 15:31:24,17339,17339,17339,4,0
2023-06-15 15:31:26,17339,17339,17339,4,0
2023-06-15 15:31:26,17338,17338,17338,6,-6
2023-06-15 15:31:31,17338,17338,17338,2,0
2023-06-15 15:31:31,17338,17338,17338,2,0
2023-06-15 15:31:31,17339,17339,17339,2,2
2023-06-15 15:31:36,17339,17339,17339,2,0
2023-06-15 15:31:36,17338,17338,17338,2,-2
2023-06-15 15:31:36,17338,17338,17338,4,0
2023-06-15 15:31:36,17338,17338,17338,2,0
2023-06-15 15:31:44,17339,17339,17339,12,12
2023-06-15 15:31:45,17339,17339,17339,2,0
2023-06-15 15:31:46,17338,17338,17338,2,-2
2023-06-15 15:31:50,17339,17339,17339,4,4
2023-06-15 15:31:55,17339,17339,17339,2,0
2023-06-15 15:32:07,17338,17338,17338,2,-2
2023-06-15 15:32:12,17338,17338,17338,2,0
2023-06-15 15:32:12,17338,17338,17338,2,0
2023-06-15 15:32:12,17338,17338,17338,2,0
2023-06-15 15:32:12,17338,17338,17338,2,0
2023-06-15 15:32:13,17338,17338,17338,2,0
2023-06-15 15:32:19,17337,17337,17337,10,-10
2023-06-15 15:32:19,17337,17337,17337,2,0
2023-06-15 15:32:19,17338,17338,17338,2,2
2023-06-15 15:32:19,17338,17338,17338,2,0
2023-06-15 15:32:20,17338,17338,17338,10,0
2023-06-15 15:32:21,17336,17336,17336,2,-2
2023-06-15 15:32:21,17336,17336,17336,2,0
2023-06-15 15:32:21,17336,17336,17336,2,0
2023-06-15 15:32:23,17335,17335,17335,2,-2
2023-06-15 15:32:23,17335,17335,17335,2,0
2023-06-15 15:32:26,17335,17335,17335,2,0
2023-06-15 15:32:29,17334,17334,17334,2,-2
2023-06-15 15:32:29,17334,17334,17334,4,0
2023-06-15 15:32:36,17334,17334,17334,2,0
2023-06-15 15:32:36,17334,17334,17334,2,0
2023-06-15 15:32:36,17334,17334,17334,2,0
2023-06-15 15:32:36,17334,17334,17334,2,0
2023-06-15 15:32:41,17334,17334,17334,2,0
2023-06-15 15:32:53,17334,17334,17334,2,0
2023-06-15 15:32:58,17335,17335,17335,2,2
2023-06-15 15:33:16,17337,17337,17337,2,2
2023-06-15 15:33:16,17337,17337,17337,2,0
2023-06-15 15:33:25,17336,17336,17336,2,-2
2023-06-15 15:33:26,17337,17337,17337,2,2
2023-06-15 15:33:29,17338,17338,17338,8,8
2023-06-15 15:33:30,17337,17337,17337,2,-2
2023-06-15 15:33:30,17337,17337,17337,4,0
2023-06-15 15:33:33,17338,17338,17338,2,2
2023-06-15 15:33:39,17336,17336,17336,2,-2
2023-06-15 15:33:44,17336,17336,17336,2,0
2023-06-15 15:33:46,17336,17336,17336,2,0
2023-06-15 15:33:49,17336,17336,17336,2,0
2023-06-15 15:33:57,17335,17335,17335,2,-2
2023-06-15 15:34:01,17336,17336,17336,2,2
2023-06-15 15:34:06,17336,17336,17336,2,0
2023-06-15 15:34:07,17335,17335,17335,2,-2
2023-06-15 15:34:31,17335,17335,17335,2,0
2023-06-15 15:34:35,17336,17336,17336,4,4
2023-06-15 15:34:35,17337,17337,17337,4,4
2023-06-15 15:34:41,17337,17337,17337,2,0
2023-06-15 15:34:46,17337,17337,17337,2,0
2023-06-15 15:34:53,17338,17338,17338,2,2
2023-06-15 15:34:53,17338,17338,17338,2,0
2023-06-15 15:35:03,17337,17337,17337,2,-2
2023-06-15 15:35:03,17337,17337,17337,2,0
2023-06-15 15:35:06,17338,17338,17338,2,2
2023-06-15 15:35:16,17336,17336,17336,2,-2
2023-06-15 15:35:20,17336,17336,17336,4,0
2023-06-15 15:35:26,17337,17337,17337,2,2
2023-06-15 15:35:30,17338,17338,17338,10,10
2023-06-15 15:35:40,17337,17337,17337,2,-2
2023-06-15 15:35:55,17336,17336,17336,2,-2
2023-06-15 15:35:59,17336,17336,17336,2,0
2023-06-15 15:35:59,17336,17336,17336,2,0
2023-06-15 15:35:59,17336,17336,17336,4,0
2023-06-15 15:35:59,17335,17335,17335,2,-2
2023-06-15 15:36:03,17335,17335,17335,2,0
2023-06-15 15:36:03,17335,17335,17335,4,0
2023-06-15 15:36:03,17335,17335,17335,2,0
2023-06-15 15:36:03,17336,17336,17336,4,4
2023-06-15 15:36:04,17335,17335,17335,2,-2
2023-06-15 15:36:04,17335,17335,17335,4,0
2023-06-15 15:36:04,17335,17335,17335,2,0
2023-06-15 15:36:16,17335,17335,17335,2,0
2023-06-15 15:36:26,17334,17334,17334,2,-2
2023-06-15 15:36:34,17335,17335,17335,2,2
2023-06-15 15:36:48,17335,17335,17335,2,0
2023-06-15 15:36:52,17336,17336,17336,2,2
2023-06-15 15:37:03,17336,17336,17336,2,0
2023-06-15 15:37:09,17337,17337,17337,2,2
2023-06-15 15:37:12,17337,17337,17337,2,0
2023-06-15 15:37:20,17335,17335,17335,2,-2
2023-06-15 15:37:21,17337,17337,17337,2,2
2023-06-15 15:37:22,17336,17336,17336,2,-2
2023-06-15 15:37:23,17337,17337,17337,2,2
2023-06-15 15:37:26,17335,17335,17335,2,-2
2023-06-15 15:37:26,17335,17335,17335,2,0
2023-06-15 15:37:26,17335,17335,17335,2,0
2023-06-15 15:37:26,17335,17335,17335,2,0
2023-06-15 15:37:26,17335,17335,17335,2,0
2023-06-15 15:37:26,17335,17335,17335,2,0
2023-06-15 15:37:27,17335,17335,17335,2,0
2023-06-15 15:37:27,17335,17335,17335,2,0
2023-06-15 15:37:34,17337,17337,17337,10,10
2023-06-15 15:37:39,17335,17335,17335,2,-2
2023-06-15 15:37:39,17335,17335,17335,2,0
2023-06-15 15:37:39,17335,17335,17335,2,0
2023-06-15 15:37:39,17335,17335,17335,2,0
2023-06-15 15:37:39,17335,17335,17335,34,0
2023-06-15 15:37:39,17335,17335,17335,2,0
2023-06-15 15:37:39,17335,17335,17335,2,0
2023-06-15 15:37:39,17335,17335,17335,6,0
2023-06-15 15:37:49,17334,17334,17334,2,-2
2023-06-15 15:37:49,17334,17334,17334,2,0
2023-06-15 15:37:49,17334,17334,17334,2,0
2023-06-15 15:37:52,17335,17335,17335,12,12
2023-06-15 15:37:52,17334,17334,17334,2,-2
2023-06-15 15:37:52,17334,17334,17334,2,0
2023-06-15 15:37:59,17333,17333,17333,2,-2
2023-06-15 15:38:00,17334,17334,17334,14,14
2023-06-15 15:38:08,17334,17334,17334,2,0
2023-06-15 15:38:09,17334,17334,17334,2,0
2023-06-15 15:38:17,17334,17334,17334,2,0
2023-06-15 15:38:17,17334,17334,17334,2,0
2023-06-15 15:38:25,17333,17333,17333,2,-2
2023-06-15 15:38:30,17333,17333,17333,2,0
2023-06-15 15:38:30,17333,17333,17333,2,0
2023-06-15 15:38:30,17333,17333,17333,2,0
2023-06-15 15:38:30,17333,17333,17333,2,0
2023-06-15 15:38:31,17332,17332,17332,2,-2
2023-06-15 15:38:31,17332,17332,17332,2,0
2023-06-15 15:38:31,17332,17332,17332,4,0
2023-06-15 15:38:31,17331,17331,17331,2,-2
2023-06-15 15:38:31,17331,17331,17331,2,0
2023-06-15 15:38:31,17333,17333,17333,2,2
2023-06-15 15:38:31,17331,17331,17331,2,-2
2023-06-15 15:38:31,17331,17331,17331,2,0
2023-06-15 15:38:31,17331,17331,17331,2,0
2023-06-15 15:38:32,17332,17332,17332,2,2
2023-06-15 15:38:35,17331,17331,17331,2,-2
2023-06-15 15:38:38,17331,17331,17331,2,0
2023-06-15 15:38:38,17331,17331,17331,2,0
2023-06-15 15:38:38,17331,17331,17331,2,0
2023-06-15 15:38:41,17331,17331,17331,4,0
2023-06-15 15:38:41,17331,17331,17331,2,0
2023-06-15 15:38:41,17331,17331,17331,4,0
2023-06-15 15:38:42,17331,17331,17331,2,0
2023-06-15 15:38:42,17330,17330,17330,2,-2
2023-06-15 15:38:42,17330,17330,17330,2,0
2023-06-15 15:38:42,17330,17330,17330,2,0
2023-06-15 15:38:42,17330,17330,17330,2,0
2023-06-15 15:38:45,17331,17331,17331,2,2
2023-06-15 15:38:45,17331,17331,17331,2,0
2023-06-15 15:38:46,17330,17330,17330,2,-2
2023-06-15 15:38:48,17330,17330,17330,2,0
2023-06-15 15:38:55,17330,17330,17330,2,0
2023-06-15 15:38:55,17330,17330,17330,2,0
2023-06-15 15:38:55,17330,17330,17330,4,0
2023-06-15 15:38:55,17330,17330,17330,2,0
2023-06-15 15:38:55,17330,17330,17330,4,0
2023-06-15 15:38:55,17330,17330,17330,2,0
2023-06-15 15:38:55,17330,17330,17330,2,0
2023-06-15 15:38:55,17330,17330,17330,2,0
2023-06-15 15:38:55,17330,17330,17330,2,0
2023-06-15 15:38:55,17330,17330,17330,4,0
2023-06-15 15:38:55,17330,17330,17330,2,0
2023-06-15 15:38:55,17330,17330,17330,12,0
2023-06-15 15:38:55,17330,17330,17330,2,0
2023-06-15 15:38:55,17330,17330,17330,2,0
2023-06-15 15:38:55,17330,17330,17330,2,0
2023-06-15 15:38:55,17330,17330,17330,4,0
2023-06-15 15:38:55,17330,17330,17330,2,0
2023-06-15 15:38:55,17330,17330,17330,2,0
2023-06-15 15:38:55,17330,17330,17330,2,0
2023-06-15 15:38:55,17329,17329,17329,2,-2
2023-06-15 15:38:55,17329,17329,17329,2,0
2023-06-15 15:38:56,17329,17329,17329,2,0
2023-06-15 15:38:56,17329,17329,17329,2,0
2023-06-15 15:38:56,17329,17329,17329,2,0
2023-06-15 15:38:58,17329,17329,17329,2,0
2023-06-15 15:38:58,17329,17329,17329,2,0
2023-06-15 15:39:00,17328,17328,17328,2,-2
2023-06-15 15:39:00,17328,17328,17328,6,0
2023-06-15 15:39:02,17329,17329,17329,2,2
2023-06-15 15:39:04,17329,17329,17329,2,0
2023-06-15 15:39:04,17328,17328,17328,4,-4
2023-06-15 15:39:06,17328,17328,17328,2,0
2023-06-15 15:39:06,17328,17328,17328,2,0
2023-06-15 15:39:06,17328,17328,17328,2,0
2023-06-15 15:39:06,17328,17328,17328,2,0
2023-06-15 15:39:06,17328,17328,17328,2,0
2023-06-15 15:39:08,17328,17328,17328,2,0
2023-06-15 15:39:10,17328,17328,17328,2,0
2023-06-15 15:39:11,17328,17328,17328,2,0
2023-06-15 15:39:11,17328,17328,17328,2,0
2023-06-15 15:39:16,17331,17331,17331,2,2
2023-06-15 15:39:16,17331,17331,17331,2,0
2023-06-15 15:39:20,17331,17331,17331,2,0
2023-06-15 15:39:22,17331,17331,17331,2,0
2023-06-15 15:39:24,17331,17331,17331,2,0
2023-06-15 15:39:26,17332,17332,17332,2,2
2023-06-15 15:39:26,17332,17332,17332,2,0
2023-06-15 15:39:26,17332,17332,17332,2,0
2023-06-15 15:39:27,17332,17332,17332,2,0
2023-06-15 15:39:27,17332,17332,17332,2,0
2023-06-15 15:39:27,17332,17332,17332,2,0
2023-06-15 15:39:28,17331,17331,17331,2,-2
2023-06-15 15:39:32,17332,17332,17332,4,4
2023-06-15 15:39:32,17333,17333,17333,2,2
2023-06-15 15:39:33,17332,17332,17332,2,-2
2023-06-15 15:39:43,17332,17332,17332,2,0
2023-06-15 15:39:43,17331,17331,17331,2,-2
2023-06-15 15:39:47,17332,17332,17332,2,2
2023-06-15 15:39:51,17332,17332,17332,4,0
2023-06-15 15:39:51,17333,17333,17333,6,6
2023-06-15 15:40:41,17332,17332,17332,2,-2
2023-06-15 15:40:45,17333,17333,17333,10,10
2023-06-15 15:41:08,17333,17333,17333,2,0
2023-06-15 15:41:08,17333,17333,17333,2,0
2023-06-15 15:41:18,17333,17333,17333,2,0
2023-06-15 15:41:27,17333,17333,17333,4,0
2023-06-15 15:41:45,17333,17333,17333,2,0
2023-06-15 15:41:54,17334,17334,17334,10,10
2023-06-15 15:41:59,17333,17333,17333,2,-2
2023-06-15 15:42:06,17332,17332,17332,2,-2
2023-06-15 15:42:15,17333,17333,17333,2,2
2023-06-15 15:42:17,17333,17333,17333,2,0
2023-06-15 15:42:17,17333,17333,17333,4,0
2023-06-15 15:42:25,17332,17332,17332,2,-2
2023-06-15 15:42:25,17332,17332,17332,4,0
2023-06-15 15:42:25,17332,17332,17332,2,0
2023-06-15 15:42:27,17331,17331,17331,2,-2
2023-06-15 15:42:29,17331,17331,17331,2,0
2023-06-15 15:42:29,17331,17331,17331,6,0
2023-06-15 15:42:29,17331,17331,17331,2,0
2023-06-15 15:42:29,17331,17331,17331,2,0
2023-06-15 15:42:29,17331,17331,17331,2,0
2023-06-15 15:42:29,17331,17331,17331,2,0
2023-06-15 15:42:29,17331,17331,17331,2,0
2023-06-15 15:42:29,17330,17330,17330,2,-2
2023-06-15 15:42:37,17330,17330,17330,2,0
2023-06-15 15:42:53,17330,17330,17330,2,0
2023-06-15 15:43:04,17330,17330,17330,2,0
2023-06-15 15:43:04,17330,17330,17330,2,0
2023-06-15 15:43:04,17330,17330,17330,2,0
2023-06-15 15:43:04,17330,17330,17330,2,0
2023-06-15 15:43:04,17330,17330,17330,2,0
2023-06-15 15:43:04,17330,17330,17330,2,0
2023-06-15 15:43:04,17330,17330,17330,2,0
2023-06-15 15:43:04,17330,17330,17330,2,0
2023-06-15 15:43:04,17330,17330,17330,2,0
2023-06-15 15:43:05,17329,17329,17329,2,-2
2023-06-15 15:43:05,17329,17329,17329,2,0
2023-06-15 15:43:05,17329,17329,17329,2,0
2023-06-15 15:43:05,17329,17329,17329,2,0
2023-06-15 15:43:05,17329,17329,17329,4,0
2023-06-15 15:43:05,17328,17328,17328,2,-2
2023-06-15 15:43:05,17328,17328,17328,2,0
2023-06-15 15:43:05,17328,17328,17328,2,0
2023-06-15 15:43:05,17328,17328,17328,2,0
2023-06-15 15:43:05,17328,17328,17328,2,0
2023-06-15 15:43:16,17332,17332,17332,10,10
2023-06-15 15:43:47,17331,17331,17331,2,-2
2023-06-15 15:43:48,17331,17331,17331,2,0
2023-06-15 15:43:54,17332,17332,17332,4,4
2023-06-15 15:44:05,17332,17332,17332,2,0
2023-06-15 15:44:20,17331,17331,17331,2,-2
2023-06-15 15:44:20,17330,17330,17330,2,-2
2023-06-15 15:44:21,17332,17332,17332,2,2
2023-06-15 15:44:26,17332,17332,17332,2,0
2023-06-15 15:44:27,17331,17331,17331,2,-2
2023-06-15 15:44:27,17331,17331,17331,2,0
2023-06-15 15:44:27,17331,17331,17331,4,0
2023-06-15 15:44:30,17332,17332,17332,4,4
2023-06-15 15:44:33,17333,17333,17333,2,2
2023-06-15 15:44:33,17334,17334,17334,8,8
2023-06-15 15:44:47,17334,17334,17334,2,0
2023-06-15 15:44:59,17334,17334,17334,2,0
2023-06-15 15:45:04,17333,17333,17333,2,-2
2023-06-15 15:45:04,17333,17333,17333,4,0
2023-06-15 15:45:04,17333,17333,17333,6,0
2023-06-15 15:45:04,17333,17333,17333,2,0
2023-06-15 15:45:04,17333,17333,17333,2,0
2023-06-15 15:45:04,17334,17334,17334,2,2
2023-06-15 15:45:11,17334,17334,17334,2,0
2023-06-15 15:45:19,17334,17334,17334,2,0
2023-06-15 15:45:22,17334,17334,17334,4,0
2023-06-15 15:45:32,17335,17335,17335,2,2
2023-06-15 15:45:32,17334,17334,17334,2,-2
2023-06-15 15:45:32,17335,17335,17335,2,2
2023-06-15 15:45:38,17335,17335,17335,2,0
2023-06-15 15:45:48,17335,17335,17335,2,0
2023-06-15 15:45:56,17335,17335,17335,2,0
2023-06-15 15:45:56,17335,17335,17335,2,0
2023-06-15 15:45:57,17336,17336,17336,2,2
2023-06-15 15:45:57,17336,17336,17336,2,0
2023-06-15 15:45:57,17336,17336,17336,4,0
2023-06-15 15:45:57,17336,17336,17336,2,0
2023-06-15 15:45:57,17336,17336,17336,2,0
2023-06-15 15:46:01,17336,17336,17336,2,0
2023-06-15 15:46:01,17335,17335,17335,2,-2
2023-06-15 15:46:04,17335,17335,17335,2,0
2023-06-15 15:46:07,17335,17335,17335,2,0
2023-06-15 15:46:07,17335,17335,17335,2,0
2023-06-15 15:46:07,17335,17335,17335,12,0
2023-06-15 15:46:07,17335,17335,17335,2,0
2023-06-15 15:46:12,17336,17336,17336,18,18
2023-06-15 15:46:12,17337,17337,17337,2,2
2023-06-15 15:46:17,17336,17336,17336,2,-2
2023-06-15 15:46:30,17337,17337,17337,2,2
2023-06-15 15:46:34,17336,17336,17336,2,-2
2023-06-15 15:46:34,17337,17337,17337,2,2
2023-06-15 15:46:42,17337,17337,17337,10,0
2023-06-15 15:46:47,17337,17337,17337,2,0
2023-06-15 15:46:47,17337,17337,17337,4,0
2023-06-15 15:46:47,17337,17337,17337,2,0
2023-06-15 15:46:56,17338,17338,17338,2,2
2023-06-15 15:46:57,17337,17337,17337,2,-2
2023-06-15 15:46:57,17337,17337,17337,4,0
2023-06-15 15:46:57,17338,17338,17338,2,2
2023-06-15 15:47:00,17338,17338,17338,2,0
2023-06-15 15:47:00,17336,17336,17336,2,-2
2023-06-15 15:47:09,17337,17337,17337,2,2
2023-06-15 15:47:10,17337,17337,17337,2,0
2023-06-15 15:47:11,17337,17337,17337,2,0
2023-06-15 15:47:11,17337,17337,17337,2,0
2023-06-15 15:47:26,17337,17337,17337,2,0
2023-06-15 15:47:26,17337,17337,17337,2,0
2023-06-15 15:47:30,17337,17337,17337,2,0
2023-06-15 15:47:30,17337,17337,17337,4,0
2023-06-15 15:47:39,17338,17338,17338,10,10
2023-06-15 15:47:44,17337,17337,17337,2,-2
2023-06-15 15:47:45,17338,17338,17338,2,2
2023-06-15 15:47:48,17336,17336,17336,2,-2
2023-06-15 15:47:55,17338,17338,17338,2,2
2023-06-15 15:48:01,17337,17337,17337,6,-6
2023-06-15 15:48:01,17337,17337,17337,2,0
2023-06-15 15:48:02,17338,17338,17338,2,2
2023-06-15 15:48:06,17336,17336,17336,2,-2
2023-06-15 15:48:06,17336,17336,17336,2,0
2023-06-15 15:48:06,17336,17336,17336,2,0
2023-06-15 15:48:06,17336,17336,17336,2,0
2023-06-15 15:48:06,17336,17336,17336,4,0
2023-06-15 15:48:06,17336,17336,17336,4,0
2023-06-15 15:48:08,17338,17338,17338,4,4
2023-06-15 15:48:13,17337,17337,17337,2,-2
2023-06-15 15:48:25,17337,17337,17337,2,0
2023-06-15 15:48:44,17337,17337,17337,10,0
2023-06-15 15:48:57,17337,17337,17337,2,0
2023-06-15 15:49:12,17337,17337,17337,2,0
2023-06-15 15:49:12,17337,17337,17337,2,0
2023-06-15 15:49:13,17336,17336,17336,2,-2
2023-06-15 15:49:13,17338,17338,17338,2,2
2023-06-15 15:49:20,17337,17337,17337,2,-2
2023-06-15 15:49:22,17338,17338,17338,2,2
2023-06-15 15:49:22,17338,17338,17338,2,0
2023-06-15 15:49:22,17338,17338,17338,4,0
2023-06-15 15:49:22,17338,17338,17338,32,0
2023-06-15 15:49:24,17338,17338,17338,2,0
2023-06-15 15:49:25,17339,17339,17339,2,2
2023-06-15 15:49:25,17339,17339,17339,2,0
2023-06-15 15:49:28,17339,17339,17339,2,0
2023-06-15 15:49:28,17339,17339,17339,6,0
2023-06-15 15:49:28,17339,17339,17339,6,0
2023-06-15 15:49:28,17339,17339,17339,10,0
2023-06-15 15:49:32,17339,17339,17339,8,0
2023-06-15 15:49:32,17339,17339,17339,2,0
2023-06-15 15:49:35,17340,17340,17340,10,10
2023-06-15 15:49:39,17339,17339,17339,2,-2
2023-06-15 15:49:39,17339,17339,17339,2,0
2023-06-15 15:49:42,17340,17340,17340,2,2
2023-06-15 15:49:51,17340,17340,17340,2,0
2023-06-15 15:49:52,17340,17340,17340,2,0
2023-06-15 15:49:53,17340,17340,17340,2,0
2023-06-15 15:49:54,17340,17340,17340,2,0
2023-06-15 15:49:58,17340,17340,17340,2,0
2023-06-15 15:50:00,17340,17340,17340,2,0
2023-06-15 15:50:00,17340,17340,17340,8,0
2023-06-15 15:50:00,17340,17340,17340,2,0
2023-06-15 15:50:00,17340,17340,17340,2,0
2023-06-15 15:50:00,17340,17340,17340,4,0
2023-06-15 15:50:00,17340,17340,17340,2,0
2023-06-15 15:50:01,17339,17339,17339,2,-2
2023-06-15 15:50:01,17339,17339,17339,2,0
2023-06-15 15:50:01,17339,17339,17339,4,0
2023-06-15 15:50:01,17339,17339,17339,2,0
2023-06-15 15:50:01,17339,17339,17339,4,0
2023-06-15 15:50:01,17339,17339,17339,2,0
2023-06-15 15:50:01,17339,17339,17339,2,0
2023-06-15 15:50:01,17339,17339,17339,2,0
2023-06-15 15:50:01,17338,17338,17338,8,-8
2023-06-15 15:50:01,17338,17338,17338,2,0
2023-06-15 15:50:01,17338,17338,17338,2,0
2023-06-15 15:50:03,17339,17339,17339,2,2
2023-06-15 15:50:06,17338,17338,17338,2,-2
2023-06-15 15:50:06,17338,17338,17338,2,0
2023-06-15 15:50:06,17338,17338,17338,2,0
2023-06-15 15:50:07,17339,17339,17339,2,2
2023-06-15 15:50:10,17339,17339,17339,2,0
2023-06-15 15:50:12,17337,17337,17337,2,-2
2023-06-15 15:50:14,17338,17338,17338,2,2
2023-06-15 15:50:21,17338,17338,17338,4,0
2023-06-15 15:50:28,17339,17339,17339,2,2
2023-06-15 15:50:33,17338,17338,17338,2,-2
2023-06-15 15:50:33,17338,17338,17338,2,0
2023-06-15 15:50:35,17339,17339,17339,10,10
2023-06-15 15:50:36,17339,17339,17339,2,0
2023-06-15 15:50:36,17339,17339,17339,2,0
2023-06-15 15:50:37,17338,17338,17338,2,-2
2023-06-15 15:50:38,17339,17339,17339,2,2
2023-06-15 15:50:42,17339,17339,17339,2,0
2023-06-15 15:50:57,17338,17338,17338,2,-2
2023-06-15 15:50:57,17338,17338,17338,8,0
2023-06-15 15:50:57,17338,17338,17338,8,0
2023-06-15 15:50:57,17338,17338,17338,2,0
2023-06-15 15:50:57,17338,17338,17338,2,0
2023-06-15 15:50:59,17338,17338,17338,2,0
2023-06-15 15:50:59,17338,17338,17338,2,0
2023-06-15 15:50:59,17338,17338,17338,4,0
2023-06-15 15:51:01,17338,17338,17338,2,0
2023-06-15 15:51:08,17337,17337,17337,2,-2
2023-06-15 15:51:08,17337,17337,17337,2,0
2023-06-15 15:51:25,17338,17338,17338,2,2
2023-06-15 15:51:35,17338,17338,17338,2,0
2023-06-15 15:51:40,17338,17338,17338,4,0
2023-06-15 15:51:42,17337,17337,17337,2,-2
2023-06-15 15:51:43,17338,17338,17338,2,2
2023-06-15 15:51:45,17338,17338,17338,2,0
2023-06-15 15:51:50,17338,17338,17338,2,0
2023-06-15 15:52:06,17339,17339,17339,2,2
2023-06-15 15:52:06,17339,17339,17339,2,0
2023-06-15 15:52:07,17338,17338,17338,2,-2
2023-06-15 15:52:07,17338,17338,17338,2,0
2023-06-15 15:52:07,17338,17338,17338,2,0
2023-06-15 15:52:07,17338,17338,17338,2,0
2023-06-15 15:52:07,17338,17338,17338,2,0
2023-06-15 15:52:07,17338,17338,17338,4,0
2023-06-15 15:52:07,17338,17338,17338,6,0
2023-06-15 15:52:07,17338,17338,17338,2,0
2023-06-15 15:52:07,17338,17338,17338,2,0
2023-06-15 15:52:08,17337,17337,17337,2,-2
2023-06-15 15:52:08,17337,17337,17337,2,0
2023-06-15 15:52:08,17337,17337,17337,2,0
2023-06-15 15:52:08,17337,17337,17337,2,0
2023-06-15 15:52:08,17337,17337,17337,4,0
2023-06-15 15:52:09,17336,17336,17336,4,-4
2023-06-15 15:52:09,17336,17336,17336,2,0
2023-06-15 15:52:09,17336,17336,17336,6,0
2023-06-15 15:52:09,17336,17336,17336,2,0
2023-06-15 15:52:09,17336,17336,17336,2,0
2023-06-15 15:52:09,17336,17336,17336,4,0
2023-06-15 15:52:09,17336,17336,17336,2,0
2023-06-15 15:52:09,17336,17336,17336,2,0
2023-06-15 15:52:09,17336,17336,17336,2,0
2023-06-15 15:52:09,17336,17336,17336,4,0
2023-06-15 15:52:09,17336,17336,17336,2,0
2023-06-15 15:52:09,17336,17336,17336,2,0
2023-06-15 15:52:09,17336,17336,17336,2,0
2023-06-15 15:52:09,17336,17336,17336,2,0
2023-06-15 15:52:09,17336,17336,17336,2,0
2023-06-15 15:52:12,17336,17336,17336,2,0
2023-06-15 15:52:12,17336,17336,17336,2,0
2023-06-15 15:52:12,17336,17336,17336,2,0
2023-06-15 15:52:12,17336,17336,17336,2,0
2023-06-15 15:52:14,17335,17335,17335,4,-4
2023-06-15 15:52:14,17335,17335,17335,2,0
2023-06-15 15:52:14,17335,17335,17335,2,0
2023-06-15 15:52:14,17335,17335,17335,2,0
2023-06-15 15:52:14,17335,17335,17335,4,0
2023-06-15 15:52:14,17335,17335,17335,2,0
2023-06-15 15:52:14,17335,17335,17335,6,0
2023-06-15 15:52:14,17335,17335,17335,2,0
2023-06-15 15:52:14,17335,17335,17335,2,0
2023-06-15 15:52:14,17335,17335,17335,2,0
2023-06-15 15:52:14,17335,17335,17335,2,0
2023-06-15 15:52:14,17335,17335,17335,2,0
2023-06-15 15:52:14,17335,17335,17335,2,0
2023-06-15 15:52:19,17335,17335,17335,2,0
2023-06-15 15:52:23,17335,17335,17335,2,0
2023-06-15 15:52:23,17335,17335,17335,2,0
2023-06-15 15:52:26,17335,17335,17335,2,0
2023-06-15 15:52:32,17335,17335,17335,2,0
2023-06-15 15:52:35,17334,17334,17334,2,-2
2023-06-15 15:52:42,17335,17335,17335,10,10
2023-06-15 15:52:46,17335,17335,17335,2,0
2023-06-15 15:52:53,17335,17335,17335,4,0
2023-06-15 15:52:53,17335,17335,17335,2,0
2023-06-15 15:52:53,17335,17335,17335,2,0
2023-06-15 15:52:53,17335,17335,17335,2,0
2023-06-15 15:52:53,17335,17335,17335,2,0
2023-06-15 15:52:53,17335,17335,17335,2,0
2023-06-15 15:52:53,17335,17335,17335,2,0
2023-06-15 15:52:53,17335,17335,17335,2,0
2023-06-15 15:52:53,17335,17335,17335,2,0
2023-06-15 15:52:53,17335,17335,17335,38,0
2023-06-15 15:52:53,17336,17336,17336,2,2
2023-06-15 15:52:58,17335,17335,17335,2,-2
2023-06-15 15:53:06,17337,17337,17337,2,2
2023-06-15 15:53:10,17337,17337,17337,2,0
2023-06-15 15:53:21,17336,17336,17336,4,-4
2023-06-15 15:53:38,17337,17337,17337,20,20
2023-06-15 15:53:42,17337,17337,17337,2,0
2023-06-15 15:54:00,17337,17337,17337,4,0
2023-06-15 15:54:02,17337,17337,17337,2,0
2023-06-15 15:54:02,17337,17337,17337,2,0
2023-06-15 15:54:04,17336,17336,17336,2,-2
2023-06-15 15:54:10,17336,17336,17336,6,0
2023-06-15 15:54:21,17337,17337,17337,2,2
2023-06-15 15:54:28,17335,17335,17335,2,-2
2023-06-15 15:54:28,17335,17335,17335,2,0
2023-06-15 15:54:28,17335,17335,17335,2,0
2023-06-15 15:54:28,17335,17335,17335,2,0
2023-06-15 15:54:36,17336,17336,17336,2,2
2023-06-15 15:54:36,17337,17337,17337,8,8
2023-06-15 15:54:55,17337,17337,17337,2,0
2023-06-15 15:55:00,17337,17337,17337,4,0
2023-06-15 15:55:02,17338,17338,17338,6,6
2023-06-15 15:55:34,17338,17338,17338,2,0
2023-06-15 15:55:43,17337,17337,17337,2,-2
2023-06-15 15:55:43,17337,17337,17337,2,0
2023-06-15 15:55:47,17336,17336,17336,2,-2
2023-06-15 15:55:47,17336,17336,17336,2,0
2023-06-15 15:55:47,17336,17336,17336,2,0
2023-06-15 15:55:55,17337,17337,17337,2,2
2023-06-15 15:56:09,17337,17337,17337,2,0
2023-06-15 15:56:19,17338,17338,17338,2,2
2023-06-15 15:56:27,17338,17338,17338,2,0
2023-06-15 15:56:32,17339,17339,17339,10,10
2023-06-15 15:56:34,17339,17339,17339,2,0
2023-06-15 15:56:34,17339,17339,17339,2,0
2023-06-15 15:56:34,17339,17339,17339,4,0
2023-06-15 15:56:34,17339,17339,17339,6,0
2023-06-15 15:56:35,17339,17339,17339,2,0
2023-06-15 15:56:35,17340,17340,17340,2,2
2023-06-15 15:56:35,17340,17340,17340,2,0
2023-06-15 15:56:35,17340,17340,17340,24,0
2023-06-15 15:56:40,17341,17341,17341,2,2
2023-06-15 15:56:40,17341,17341,17341,4,0
2023-06-15 15:56:40,17341,17341,17341,2,0
2023-06-15 15:56:42,17340,17340,17340,2,-2
2023-06-15 15:56:42,17340,17340,17340,4,0
2023-06-15 15:56:46,17340,17340,17340,2,0
2023-06-15 15:56:53,17340,17340,17340,4,0
2023-06-15 15:56:57,17341,17341,17341,2,2
2023-06-15 15:56:59,17341,17341,17341,2,0
2023-06-15 15:57:00,17341,17341,17341,4,0
2023-06-15 15:57:00,17341,17341,17341,2,0
2023-06-15 15:57:02,17341,17341,17341,2,0
2023-06-15 15:57:11,17341,17341,17341,2,0
2023-06-15 15:57:17,17341,17341,17341,2,0
2023-06-15 15:57:17,17341,17341,17341,2,0
2023-06-15 15:57:18,17340,17340,17340,2,-2
2023-06-15 15:57:18,17341,17341,17341,6,6
2023-06-15 15:57:18,17341,17341,17341,2,0
2023-06-15 15:57:19,17340,17340,17340,2,-2
2023-06-15 15:57:20,17341,17341,17341,4,4
2023-06-15 15:57:22,17340,17340,17340,2,-2
2023-06-15 15:57:27,17340,17340,17340,2,0
2023-06-15 15:57:27,17341,17341,17341,2,2
2023-06-15 15:57:27,17340,17340,17340,2,-2
2023-06-15 15:57:27,17340,17340,17340,2,0
2023-06-15 15:57:29,17340,17340,17340,2,0
2023-06-15 15:57:31,17340,17340,17340,2,0
2023-06-15 15:57:37,17339,17339,17339,4,-4
2023-06-15 15:57:37,17339,17339,17339,2,0
2023-06-15 15:57:38,17340,17340,17340,8,8
2023-06-15 15:57:41,17339,17339,17339,2,-2
2023-06-15 15:57:42,17340,17340,17340,2,2
2023-06-15 15:57:43,17339,17339,17339,2,-2
2023-06-15 15:57:44,17339,17339,17339,2,0
2023-06-15 15:57:44,17339,17339,17339,2,0
2023-06-15 15:57:44,17339,17339,17339,2,0
2023-06-15 15:57:46,17338,17338,17338,2,-2
2023-06-15 15:57:48,17338,17338,17338,2,0
2023-06-15 15:57:51,17339,17339,17339,2,2
2023-06-15 15:57:51,17340,17340,17340,2,2
2023-06-15 15:58:08,17340,17340,17340,10,0
2023-06-15 15:58:18,17339,17339,17339,2,-2
2023-06-15 15:58:23,17338,17338,17338,2,-2
2023-06-15 15:58:25,17338,17338,17338,2,0
2023-06-15 15:58:32,17338,17338,17338,2,0
2023-06-15 15:58:34,17338,17338,17338,2,0
2023-06-15 15:58:45,17339,17339,17339,10,10
2023-06-15 15:58:45,17338,17338,17338,2,-2
2023-06-15 15:58:45,17338,17338,17338,2,0
2023-06-15 15:58:45,17338,17338,17338,2,0
2023-06-15 15:58:45,17338,17338,17338,2,0
2023-06-15 15:58:45,17338,17338,17338,2,0
2023-06-15 15:58:56,17337,17337,17337,2,-2
2023-06-15 15:58:58,17337,17337,17337,2,0
2023-06-15 15:58:58,17337,17337,17337,2,0
2023-06-15 15:59:04,17337,17337,17337,4,0
2023-06-15 15:59:19,17336,17336,17336,2,-2
2023-06-15 15:59:19,17336,17336,17336,2,0
2023-06-15 15:59:19,17336,17336,17336,2,0
2023-06-15 15:59:24,17336,17336,17336,2,0
2023-06-15 15:59:27,17337,17337,17337,2,2
2023-06-15 15:59:34,17338,17338,17338,2,2
2023-06-15 15:59:36,17337,17337,17337,2,-2
2023-06-15 15:59:45,17337,17337,17337,2,0
2023-06-15 15:59:49,17337,17337,17337,4,0
2023-06-15 15:59:58,17337,17337,17337,2,0
2023-06-15 16:00:00,17338,17338,17338,2,2
2023-06-15 16:00:00,17338,17338,17338,2,0
2023-06-15 16:00:00,17338,17338,17338,4,0
2023-06-15 16:00:00,17338,17338,17338,6,0
2023-06-15 16:00:01,17338,17338,17338,4,0
2023-06-15 16:00:14,17337,17337,17337,2,-2
2023-06-15 16:00:15,17338,17338,17338,2,2
2023-06-15 16:00:17,17337,17337,17337,6,-6
2023-06-15 16:00:19,17339,17339,17339,10,10
2023-06-15 16:00:20,17338,17338,17338,2,-2
2023-06-15 16:00:22,17338,17338,17338,2,0
2023-06-15 16:00:27,17339,17339,17339,6,6
2023-06-15 16:00:30,17337,17337,17337,2,-2
2023-06-15 16:00:30,17337,17337,17337,2,0
2023-06-15 16:00:38,17337,17337,17337,2,0
2023-06-15 16:00:40,17337,17337,17337,2,0
2023-06-15 16:00:46,17338,17338,17338,2,2
2023-06-15 16:00:57,17338,17338,17338,4,0
2023-06-15 16:00:57,17339,17339,17339,2,2
2023-06-15 16:01:05,17339,17339,17339,2,0
2023-06-15 16:01:06,17340,17340,17340,10,10
2023-06-15 16:01:07,17340,17340,17340,6,0
2023-06-15 16:01:07,17339,17339,17339,2,-2
2023-06-15 16:01:07,17339,17339,17339,2,0
2023-06-15 16:01:07,17339,17339,17339,4,0
2023-06-15 16:01:07,17339,17339,17339,2,0
2023-06-15 16:01:18,17341,17341,17341,2,2
2023-06-15 16:01:20,17341,17341,17341,4,0
2023-06-15 16:01:21,17341,17341,17341,4,0
2023-06-15 16:01:30,17341,17341,17341,2,0
2023-06-15 16:01:32,17341,17341,17341,2,0
2023-06-15 16:01:33,17340,17340,17340,2,-2
2023-06-15 16:01:38,17340,17340,17340,2,0
2023-06-15 16:01:40,17340,17340,17340,2,0
2023-06-15 16:01:40,17340,17340,17340,6,0
2023-06-15 16:01:40,17340,17340,17340,2,0
2023-06-15 16:01:40,17340,17340,17340,2,0
2023-06-15 16:01:40,17340,17340,17340,2,0
2023-06-15 16:01:40,17339,17339,17339,6,-6
2023-06-15 16:01:40,17339,17339,17339,2,0
2023-06-15 16:01:40,17339,17339,17339,2,0
2023-06-15 16:01:40,17339,17339,17339,2,0
2023-06-15 16:01:40,17339,17339,17339,2,0
2023-06-15 16:01:40,17339,17339,17339,4,0
2023-06-15 16:01:40,17339,17339,17339,6,0
2023-06-15 16:01:40,17339,17339,17339,2,0
2023-06-15 16:01:40,17339,17339,17339,2,0
2023-06-15 16:01:40,17339,17339,17339,2,0
2023-06-15 16:01:40,17339,17339,17339,2,0
2023-06-15 16:01:40,17339,17339,17339,2,0
2023-06-15 16:01:40,17339,17339,17339,4,0
2023-06-15 16:01:40,17339,17339,17339,2,0
2023-06-15 16:01:40,17339,17339,17339,2,0
2023-06-15 16:01:40,17339,17339,17339,2,0
2023-06-15 16:01:40,17339,17339,17339,4,0
2023-06-15 16:01:40,17338,17338,17338,4,-4
2023-06-15 16:01:40,17338,17338,17338,2,0
2023-06-15 16:01:40,17338,17338,17338,2,0
2023-06-15 16:01:40,17338,17338,17338,2,0
2023-06-15 16:01:40,17338,17338,17338,2,0
2023-06-15 16:01:40,17338,17338,17338,6,0
2023-06-15 16:01:40,17338,17338,17338,2,0
2023-06-15 16:01:40,17338,17338,17338,2,0
2023-06-15 16:01:40,17338,17338,17338,2,0
2023-06-15 16:01:40,17338,17338,17338,2,0
2023-06-15 16:01:40,17338,17338,17338,6,0
2023-06-15 16:01:40,17338,17338,17338,2,0
2023-06-15 16:01:40,17338,17338,17338,2,0
2023-06-15 16:01:40,17338,17338,17338,2,0
2023-06-15 16:01:40,17338,17338,17338,2,0
2023-06-15 16:01:40,17338,17338,17338,2,0
2023-06-15 16:01:40,17338,17338,17338,10,0
2023-06-15 16:01:40,17338,17338,17338,10,0
2023-06-15 16:01:40,17338,17338,17338,10,0
2023-06-15 16:01:40,17338,17338,17338,10,0
2023-06-15 16:01:40,17338,17338,17338,6,0
2023-06-15 16:01:40,17338,17338,17338,2,0
2023-06-15 16:01:40,17338,17338,17338,8,0
2023-06-15 16:02:08,17339,17339,17339,2,2
2023-06-15 16:02:13,17339,17339,17339,2,0
2023-06-15 16:02:20,17338,17338,17338,2,-2
2023-06-15 16:02:20,17338,17338,17338,2,0
2023-06-15 16:02:20,17338,17338,17338,2,0
2023-06-15 16:02:20,17338,17338,17338,2,0
2023-06-15 16:02:20,17338,17338,17338,10,0
2023-06-15 16:02:29,17338,17338,17338,6,0
2023-06-15 16:02:35,17338,17338,17338,2,0
2023-06-15 16:02:35,17338,17338,17338,2,0
2023-06-15 16:02:36,17339,17339,17339,16,16
2023-06-15 16:02:36,17339,17339,17339,2,0
2023-06-15 16:02:36,17339,17339,17339,4,0
2023-06-15 16:02:36,17340,17340,17340,2,2
2023-06-15 16:02:36,17340,17340,17340,10,0
2023-06-15 16:02:39,17339,17339,17339,2,-2
2023-06-15 16:02:45,17338,17338,17338,2,-2
2023-06-15 16:02:45,17338,17338,17338,2,0
2023-06-15 16:02:51,17338,17338,17338,2,0
2023-06-15 16:03:04,17339,17339,17339,4,4
2023-06-15 16:03:05,17339,17339,17339,4,0
2023-06-15 16:03:12,17338,17338,17338,2,-2
2023-06-15 16:03:13,17337,17337,17337,2,-2
2023-06-15 16:03:13,17337,17337,17337,8,0
2023-06-15 16:03:13,17337,17337,17337,2,0
2023-06-15 16:03:13,17337,17337,17337,8,0
2023-06-15 16:03:18,17337,17337,17337,4,0
2023-06-15 16:03:25,17336,17336,17336,6,-6
2023-06-15 16:03:25,17336,17336,17336,2,0
2023-06-15 16:03:25,17336,17336,17336,2,0
2023-06-15 16:03:25,17338,17338,17338,4,4
2023-06-15 16:03:30,17338,17338,17338,2,0
2023-06-15 16:03:43,17337,17337,17337,2,-2
2023-06-15 16:03:46,17336,17336,17336,2,-2
2023-06-15 16:03:46,17336,17336,17336,2,0
2023-06-15 16:03:46,17336,17336,17336,4,0
2023-06-15 16:03:52,17337,17337,17337,6,6
2023-06-15 16:03:59,17336,17336,17336,2,-2
2023-06-15 16:03:59,17336,17336,17336,2,0
2023-06-15 16:03:59,17336,17336,17336,4,0
2023-06-15 16:03:59,17336,17336,17336,2,0
2023-06-15 16:04:04,17336,17336,17336,4,0
2023-06-15 16:04:04,17336,17336,17336,2,0
2023-06-15 16:04:05,17336,17336,17336,8,0
2023-06-15 16:04:16,17336,17336,17336,2,0
2023-06-15 16:04:19,17335,17335,17335,2,-2
2023-06-15 16:04:19,17335,17335,17335,2,0
2023-06-15 16:04:19,17335,17335,17335,2,0
2023-06-15 16:04:19,17335,17335,17335,2,0
2023-06-15 16:04:20,17337,17337,17337,2,2
2023-06-15 16:04:25,17337,17337,17337,2,0
2023-06-15 16:04:26,17337,17337,17337,2,0
2023-06-15 16:04:39,17337,17337,17337,4,0
2023-06-15 16:04:40,17337,17337,17337,4,0
2023-06-15 16:04:44,17339,17339,17339,2,2
2023-06-15 16:04:46,17337,17337,17337,2,-2
2023-06-15 16:05:13,17337,17337,17337,6,0
2023-06-15 16:05:13,17336,17336,17336,2,-2
2023-06-15 16:05:13,17336,17336,17336,2,0
2023-06-15 16:05:13,17336,17336,17336,2,0
2023-06-15 16:05:13,17336,17336,17336,2,0
2023-06-15 16:05:22,17336,17336,17336,2,0
2023-06-15 16:05:22,17335,17335,17335,2,-2
2023-06-15 16:05:45,17337,17337,17337,2,2
2023-06-15 16:05:56,17335,17335,17335,2,-2
2023-06-15 16:05:58,17336,17336,17336,2,2
2023-06-15 16:06:00,17336,17336,17336,2,0
2023-06-15 16:06:00,17337,17337,17337,4,4
2023-06-15 16:06:09,17335,17335,17335,2,-2
2023-06-15 16:06:09,17335,17335,17335,2,0
2023-06-15 16:06:09,17335,17335,17335,20,0
2023-06-15 16:06:09,17335,17335,17335,2,0
2023-06-15 16:06:09,17335,17335,17335,2,0
2023-06-15 16:06:09,17335,17335,17335,2,0
2023-06-15 16:06:09,17335,17335,17335,2,0
2023-06-15 16:06:09,17335,17335,17335,2,0
2023-06-15 16:06:14,17335,17335,17335,6,0
2023-06-15 16:06:19,17334,17334,17334,2,-2
2023-06-15 16:06:19,17334,17334,17334,4,0
2023-06-15 16:06:19,17334,17334,17334,2,0
2023-06-15 16:06:19,17334,17334,17334,2,0
2023-06-15 16:06:19,17334,17334,17334,2,0
2023-06-15 16:06:19,17334,17334,17334,2,0
2023-06-15 16:06:19,17334,17334,17334,2,0
2023-06-15 16:06:19,17334,17334,17334,2,0
2023-06-15 16:06:19,17334,17334,17334,2,0
2023-06-15 16:06:22,17333,17333,17333,2,-2
2023-06-15 16:06:26,17333,17333,17333,2,0
2023-06-15 16:06:30,17333,17333,17333,2,0
2023-06-15 16:06:30,17333,17333,17333,2,0
2023-06-15 16:06:33,17333,17333,17333,2,0
2023-06-15 16:06:35,17333,17333,17333,2,0
2023-06-15 16:06:41,17334,17334,17334,2,2
2023-06-15 16:06:47,17335,17335,17335,12,12
2023-06-15 16:06:54,17336,17336,17336,6,6
2023-06-15 16:07:04,17335,17335,17335,4,-4
2023-06-15 16:07:12,17335,17335,17335,2,0
2023-06-15 16:07:13,17336,17336,17336,6,6
2023-06-15 16:07:13,17334,17334,17334,2,-2
2023-06-15 16:07:16,17334,17334,17334,2,0
2023-06-15 16:07:17,17333,17333,17333,2,-2
2023-06-15 16:07:21,17334,17334,17334,2,2
2023-06-15 16:07:22,17334,17334,17334,2,0
2023-06-15 16:07:33,17333,17333,17333,2,-2
2023-06-15 16:07:33,17333,17333,17333,2,0
2023-06-15 16:07:33,17333,17333,17333,2,0
2023-06-15 16:07:33,17333,17333,17333,2,0
2023-06-15 16:07:39,17333,17333,17333,2,0
2023-06-15 16:07:40,17333,17333,17333,2,0
2023-06-15 16:07:40,17333,17333,17333,4,0
2023-06-15 16:07:40,17333,17333,17333,2,0
2023-06-15 16:07:40,17333,17333,17333,2,0
2023-06-15 16:07:40,17333,17333,17333,2,0
2023-06-15 16:07:40,17333,17333,17333,2,0
2023-06-15 16:07:58,17334,17334,17334,2,2
2023-06-15 16:08:01,17334,17334,17334,20,0
2023-06-15 16:08:09,17334,17334,17334,2,0
2023-06-15 16:08:17,17333,17333,17333,2,-2
2023-06-15 16:08:25,17333,17333,17333,2,0
2023-06-15 16:08:29,17335,17335,17335,2,2
2023-06-15 16:08:39,17335,17335,17335,2,0
2023-06-15 16:08:50,17333,17333,17333,2,-2
2023-06-15 16:08:56,17333,17333,17333,2,0
2023-06-15 16:08:56,17335,17335,17335,2,2
2023-06-15 16:09:05,17335,17335,17335,2,0
2023-06-15 16:09:05,17335,17335,17335,2,0
2023-06-15 16:09:05,17335,17335,17335,2,0
2023-06-15 16:09:05,17335,17335,17335,2,0
2023-06-15 16:09:05,17335,17335,17335,4,0
2023-06-15 16:09:05,17335,17335,17335,2,0
2023-06-15 16:09:05,17335,17335,17335,2,0
2023-06-15 16:09:05,17335,17335,17335,10,0
2023-06-15 16:09:06,17336,17336,17336,2,2
2023-06-15 16:09:07,17336,17336,17336,2,0
2023-06-15 16:09:08,17336,17336,17336,2,0
2023-06-15 16:09:11,17337,17337,17337,2,2
2023-06-15 16:09:12,17335,17335,17335,2,-2
2023-06-15 16:09:12,17335,17335,17335,2,0
2023-06-15 16:09:13,17336,17336,17336,4,4
