2021-02-05,15:00:00.021000,15802,15803,15803,30
2021-02-05,15:00:00.091000,15802,15803,15802,2
2021-02-05,15:00:00.091000,15802,15803,15802,1
2021-02-05,15:00:00.217000,15801,15803,15803,1
2021-02-05,15:00:00.238000,15801,15802,15802,1
2021-02-05,15:00:00.258000,15801,15802,15803,1
2021-02-05,15:00:00.278000,15801,15802,15803,1
2021-02-05,15:00:00.295000,15801,15802,15803,1
2021-02-05,15:00:00.316000,15801,15802,15803,1
2021-02-05,15:00:00.347000,15801,15802,15803,1
2021-02-05,15:00:00.353000,15801,15802,15803,1
2021-02-05,15:00:00.369000,15801,15803,15803,1
2021-02-05,15:00:00.401000,15801,15803,15803,1
2021-02-05,15:00:00.441000,15801,15803,15803,1
2021-02-05,15:00:00.446000,15801,15803,15803,1
2021-02-05,15:00:00.460000,15801,15803,15803,1
2021-02-05,15:00:00.485000,15801,15804,15804,1
2021-02-05,15:00:00.517000,15801,15804,15804,1
2021-02-05,15:00:00.579000,15801,15804,15804,1
2021-02-05,15:00:00.620000,15801,15804,15804,1
2021-02-05,15:00:00.637000,15801,15804,15804,1
2021-02-05,15:00:00.691000,15801,15804,15804,1
2021-02-05,15:00:00.975000,15799,15805,15799,1
2021-02-05,15:00:00.975000,15799,15805,15798,1
2021-02-05,15:00:01.012000,15798,15804,15804,1
2021-02-05,15:00:01.027000,15798,15804,15805,1
2021-02-05,15:00:01.233000,15799,15804,15799,1
2021-02-05,15:00:01.492000,15799,15804,15804,1
2021-02-05,15:00:01.492000,15799,15804,15805,1
2021-02-05,15:00:01.672000,15801,15805,15802,2
2021-02-05,15:00:01.672000,15801,15805,15801,1
2021-02-05,15:00:01.672000,15801,15805,15800,1
2021-02-05,15:00:01.733000,15802,15804,15804,1
2021-02-05,15:00:01.860000,15802,15805,15802,1
2021-02-05,15:00:01.930000,15802,15805,15803,1
2021-02-05,15:00:01.987000,15799,15803,15803,1
2021-02-05,15:00:02.042000,15799,15803,15804,1
2021-02-05,15:00:02.154000,15799,15804,15804,4
2021-02-05,15:00:02.206000,15799,15804,15804,1
2021-02-05,15:00:02.269000,15799,15805,15805,1
2021-02-05,15:00:03.233000,15800,15804,15804,4
2021-02-05,15:00:03.872000,15801,15805,15801,1
2021-02-05,15:00:03.872000,15801,15805,15800,4
2021-02-05,15:00:03.928000,15801,15805,15805,2
2021-02-05,15:00:04.155000,15801,15805,15805,2
2021-02-05,15:00:04.268000,15801,15805,15805,1
2021-02-05,15:00:04.983000,15802,15805,15805,1
2021-02-05,15:00:05.108000,15802,15806,15806,2
2021-02-05,15:00:05.716000,15802,15807,15804,1
2021-02-05,15:00:05.852000,15802,15807,15807,1
2021-02-05,15:00:05.852000,15802,15807,15808,1
2021-02-05,15:00:08.108000,15805,15806,15806,5
2021-02-05,15:00:08.233000,15805,15807,15807,5
2021-02-05,15:00:08.286000,15805,15807,15808,3
2021-02-05,15:00:08.286000,15805,15807,15808,3
2021-02-05,15:00:08.286000,15805,15807,15809,12
2021-02-05,15:00:08.286000,15805,15807,15810,12
2021-02-05,15:00:08.286000,15805,15807,15811,3
2021-02-05,15:00:08.302000,15805,15807,15810,1
2021-02-05,15:00:08.302000,15805,15807,15811,2
2021-02-05,15:00:08.302000,15805,15807,15812,6
2021-02-05,15:00:08.302000,15805,15807,15813,6
2021-02-05,15:00:09.177000,15806,15813,15809,2
2021-02-05,15:00:09.293000,15806,15810,15808,1
2021-02-05,15:00:09.675000,15805,15807,15807,1
2021-02-05,15:00:09.733000,15806,15807,15807,1
2021-02-05,15:00:10.762000,15805,15808,15805,1
2021-02-05,15:00:12.181000,15803,15806,15805,1
2021-02-05,15:00:12.525000,15803,15806,15806,9
2021-02-05,15:00:13.354000,15803,15804,15804,1
2021-02-05,15:00:13.531000,15803,15805,15803,1
2021-02-05,15:00:13.680000,15803,15805,15805,3
2021-02-05,15:00:14.426000,15803,15804,15804,1
2021-02-05,15:00:16.432000,15803,15805,15804,1
2021-02-05,15:00:16.872000,15804,15805,15805,2
2021-02-05,15:00:16.872000,15804,15805,15805,4
2021-02-05,15:00:17.733000,15805,15806,15806,7
2021-02-05,15:00:17.982000,15805,15807,15805,1
2021-02-05,15:00:18.132000,15805,15807,15805,1
2021-02-05,15:00:19.031000,15805,15806,15805,2
2021-02-05,15:00:19.844000,15803,15805,15804,1
2021-02-05,15:00:19.983000,15803,15804,15803,1
2021-02-05,15:00:20.108000,15802,15804,15802,3
2021-02-05,15:00:20.608000,15803,15804,15803,1
2021-02-05,15:00:20.686000,15803,15804,15804,2
2021-02-05,15:00:20.983000,15802,15804,15802,1
2021-02-05,15:00:21.280000,15801,15804,15803,1
2021-02-05,15:00:22.861000,15801,15804,15801,1
2021-02-05,15:00:23.128000,15801,15804,15801,1
2021-02-05,15:00:23.281000,15801,15804,15801,2
2021-02-05,15:00:23.679000,15801,15803,15801,1
2021-02-05,15:00:25.344000,15801,15804,15801,1
2021-02-05,15:00:25.344000,15801,15804,15800,3
2021-02-05,15:00:26.858000,15802,15803,15802,1
2021-02-05,15:00:28.106000,15800,15803,15803,1
2021-02-05,15:00:31.167000,15801,15804,15801,2
2021-02-05,15:00:31.358000,15801,15803,15801,5
2021-02-05,15:00:31.483000,15800,15802,15800,3
2021-02-05,15:00:31.608000,15799,15802,15799,11
2021-02-05,15:00:31.715000,15799,15802,15800,1
2021-02-05,15:00:31.733000,15798,15801,15798,6
2021-02-05,15:00:32.016000,15799,15801,15801,1
2021-02-05,15:00:37.081000,15799,15801,15799,1
2021-02-05,15:00:40.402000,15799,15800,15799,1
2021-02-05,15:00:40.403000,15799,15800,15800,1
2021-02-05,15:00:42.798000,15799,15801,15799,1
2021-02-05,15:00:46.790000,15799,15800,15799,3
2021-02-05,15:00:47.455000,15798,15799,15798,2
2021-02-05,15:00:47.992000,15797,15798,15797,2
2021-02-05,15:00:47.992000,15797,15798,15795,3
2021-02-05,15:00:48.527000,15794,15797,15797,1
2021-02-05,15:00:49.053000,15794,15797,15797,1
2021-02-05,15:00:49.720000,15794,15797,15797,1
2021-02-05,15:00:52.810000,15796,15797,15797,1
2021-02-05,15:00:52.839000,15796,15797,15798,1
2021-02-05,15:00:53.263000,15796,15797,15797,1
2021-02-05,15:00:53.263000,15796,15797,15798,1
2021-02-05,15:00:56.055000,15796,15798,15796,1
2021-02-05,15:00:56.639000,15795,15798,15798,1
2021-02-05,15:00:56.953000,15795,15797,15797,1
2021-02-05,15:00:58.778000,15797,15799,15799,1
2021-02-05,15:00:59.327000,15797,15799,15797,2
2021-02-05,15:00:59.327000,15797,15799,15796,2
2021-02-05,15:01:00.027000,15797,15799,15797,2
2021-02-05,15:01:00.137000,15796,15799,15796,1
2021-02-05,15:01:00.474000,15796,15798,15798,1
2021-02-05,15:01:00.474000,15796,15798,15798,2
2021-02-05,15:01:01.197000,15796,15799,15796,1
2021-02-05,15:01:03.763000,15797,15798,15797,1
2021-02-05,15:01:03.763000,15797,15798,15797,1
2021-02-05,15:01:04.359000,15796,15798,15798,1
2021-02-05,15:01:12.925000,15797,15798,15798,1
2021-02-05,15:01:13.002000,15797,15798,15797,1
2021-02-05,15:01:13.692000,15797,15798,15798,1
2021-02-05,15:01:13.771000,15797,15798,15798,1
2021-02-05,15:01:13.771000,15797,15798,15798,1
2021-02-05,15:01:13.771000,15797,15798,15798,1
2021-02-05,15:01:13.771000,15797,15798,15798,1
2021-02-05,15:01:13.771000,15797,15798,15798,2
2021-02-05,15:01:16.020000,15798,15799,15798,1
2021-02-05,15:01:19.135000,15797,15799,15797,1
2021-02-05,15:01:19.234000,15797,15798,15797,1
2021-02-05,15:01:20.310000,15797,15798,15798,1
2021-02-05,15:01:20.374000,15797,15799,15797,1
2021-02-05,15:01:21.186000,15798,15799,15798,1
2021-02-05,15:01:22.539000,15797,15799,15797,1
2021-02-05,15:01:25.255000,15796,15797,15797,1
2021-02-05,15:01:26.680000,15797,15798,15797,1
2021-02-05,15:01:28.602000,15797,15799,15797,1
2021-02-05,15:01:32.734000,15796,15797,15797,1
2021-02-05,15:01:32.875000,15796,15797,15796,1
2021-02-05,15:01:33.374000,15796,15797,15797,1
2021-02-05,15:01:37.054000,15797,15798,15798,3
2021-02-05,15:01:37.060000,15797,15798,15798,1
2021-02-05,15:01:37.249000,15797,15799,15797,3
2021-02-05,15:01:37.249000,15797,15799,15797,2
2021-02-05,15:01:40.823000,15797,15799,15797,1
2021-02-05,15:01:40.874000,15797,15799,15797,1
2021-02-05,15:01:42.215000,15796,15799,15798,1
2021-02-05,15:01:49.100000,15798,15799,15798,1
2021-02-05,15:01:49.500000,15797,15798,15798,2
2021-02-05,15:01:53.461000,15798,15799,15798,4
2021-02-05,15:01:53.501000,15797,15798,15797,1
2021-02-05,15:01:54.057000,15797,15798,15798,1
2021-02-05,15:01:55.105000,15797,15798,15798,5
2021-02-05,15:02:00.216000,15798,15799,15798,1
2021-02-05,15:02:00.218000,15798,15799,15798,1
2021-02-05,15:02:00.251000,15797,15799,15797,1
2021-02-05,15:02:00.459000,15796,15799,15799,2
2021-02-05,15:02:01.729000,15796,15798,15798,1
2021-02-05,15:02:05.206000,15798,15799,15798,1
2021-02-05,15:02:05.206000,15798,15799,15796,9
2021-02-05,15:02:09.533000,15797,15798,15798,1
2021-02-05,15:02:10.521000,15797,15798,15797,3
2021-02-05,15:02:10.623000,15796,15798,15796,1
2021-02-05,15:02:12.930000,15796,15797,15796,1
2021-02-05,15:02:12.930000,15796,15797,15796,1
2021-02-05,15:02:12.930000,15796,15797,15796,1
2021-02-05,15:02:12.930000,15796,15797,15796,3
2021-02-05,15:02:12.930000,15796,15797,15795,4
2021-02-05,15:02:15.600000,15795,15796,15795,1
2021-02-05,15:02:20.485000,15794,15796,15794,1
2021-02-05,15:02:20.625000,15794,15796,15794,1
2021-02-05,15:02:22.233000,15794,15795,15795,1
2021-02-05,15:02:27.358000,15794,15796,15796,1
2021-02-05,15:02:27.608000,15795,15797,15797,1
2021-02-05,15:02:40.248000,15797,15798,15797,1
2021-02-05,15:02:40.375000,15795,15798,15795,1
2021-02-05,15:02:42.396000,15795,15798,15795,1
2021-02-05,15:02:42.411000,15795,15798,15795,1
2021-02-05,15:02:42.501000,15796,15798,15796,1
2021-02-05,15:02:43.147000,15796,15798,15796,2
2021-02-05,15:02:52.445000,15796,15798,15797,6
2021-02-05,15:02:52.512000,15796,15798,15796,1
2021-02-05,15:03:03.631000,15796,15798,15796,1
2021-02-05,15:03:03.751000,15796,15798,15796,1
2021-02-05,15:03:04.751000,15797,15798,15798,1
2021-02-05,15:03:06.837000,15798,15799,15799,1
2021-02-05,15:03:08.468000,15798,15800,15799,1
2021-02-05,15:03:09.148000,15798,15800,15800,11
2021-02-05,15:03:09.148000,15798,15800,15801,2
2021-02-05,15:03:09.149000,15798,15800,15801,2
2021-02-05,15:03:11.436000,15801,15802,15802,3
2021-02-05,15:03:11.501000,15801,15803,15801,1
2021-02-05,15:03:12.021000,15801,15803,15801,2
2021-02-05,15:03:15.959000,15800,15803,15803,1
2021-02-05,15:03:16.072000,15800,15803,15803,1
2021-02-05,15:03:20.199000,15802,15803,15803,1
2021-02-05,15:03:20.199000,15802,15803,15803,1
2021-02-05,15:03:20.211000,15802,15803,15804,1
2021-02-05,15:03:20.250000,15801,15804,15801,1
2021-02-05,15:03:20.263000,15801,15804,15804,1
2021-02-05,15:03:21.177000,15801,15804,15802,1
2021-02-05,15:03:24.719000,15802,15803,15803,1
2021-02-05,15:03:25.429000,15803,15805,15803,1
2021-02-05,15:03:30.072000,15803,15805,15803,1
2021-02-05,15:03:30.125000,15803,15805,15803,1
2021-02-05,15:03:46.233000,15804,15805,15805,12
2021-02-05,15:03:46.358000,15804,15806,15806,7
2021-02-05,15:03:46.377000,15804,15806,15806,1
2021-02-05,15:03:46.483000,15806,15807,15807,2
2021-02-05,15:03:46.608000,15806,15808,15808,1
2021-02-05,15:03:49.670000,15805,15807,15807,1
2021-02-05,15:03:50.608000,15805,15806,15806,1
2021-02-05,15:03:50.801000,15805,15807,15805,1
2021-02-05,15:03:54.268000,15806,15808,15806,1
2021-02-05,15:03:55.360000,15805,15806,15806,4
2021-02-05,15:03:56.085000,15806,15807,15806,1
2021-02-05,15:04:06.089000,15805,15807,15806,1
2021-02-05,15:04:06.126000,15805,15807,15805,1
2021-02-05,15:04:06.440000,15806,15807,15806,1
2021-02-05,15:04:06.573000,15805,15807,15807,1
2021-02-05,15:04:07.856000,15805,15807,15807,4
2021-02-05,15:04:10.048000,15805,15807,15807,1
2021-02-05,15:04:10.125000,15805,15807,15805,1
2021-02-05,15:04:13.190000,15805,15806,15805,1
2021-02-05,15:04:23.062000,15804,15805,15804,1
2021-02-05,15:04:23.125000,15804,15805,15804,1
2021-02-05,15:04:28.266000,15804,15805,15804,1
2021-02-05,15:04:30.501000,15804,15805,15804,1
2021-02-05,15:04:30.625000,15803,15805,15803,1
2021-02-05,15:04:30.626000,15803,15805,15803,1
2021-02-05,15:04:37.971000,15802,15804,15802,1
2021-02-05,15:04:47.733000,15803,15804,15803,1
2021-02-05,15:04:47.875000,15803,15804,15803,1
2021-02-05,15:04:47.983000,15803,15804,15803,2
2021-02-05,15:04:52.810000,15802,15804,15804,1
2021-02-05,15:04:52.875000,15802,15804,15802,1
2021-02-05,15:04:53.223000,15802,15804,15804,1
2021-02-05,15:04:55.986000,15803,15804,15803,1
2021-02-05,15:04:57.264000,15803,15804,15804,1
2021-02-05,15:04:58.032000,15804,15805,15804,1
2021-02-05,15:04:58.714000,15804,15805,15804,1
2021-02-05,15:04:58.858000,15804,15805,15804,1
2021-02-05,15:05:00.696000,15804,15805,15805,2
2021-02-05,15:05:00.750000,15804,15806,15804,1
2021-02-05,15:05:03.997000,15805,15806,15806,3
2021-02-05,15:05:14.506000,15806,15807,15806,1
2021-02-05,15:05:14.625000,15806,15807,15806,1
2021-02-05,15:05:21.104000,15805,15806,15806,1
2021-02-05,15:05:21.124000,15805,15807,15805,1
2021-02-05,15:05:25.056000,15804,15806,15806,1
2021-02-05,15:05:28.483000,15805,15807,15807,1
2021-02-05,15:05:28.608000,15805,15808,15808,5
2021-02-05,15:05:28.733000,15806,15809,15809,2
2021-02-05,15:05:28.828000,15806,15809,15809,1
2021-02-05,15:05:29.400000,15807,15809,15807,5
2021-02-05,15:05:30.906000,15806,15809,15809,3
2021-02-05,15:05:31.002000,15809,15810,15809,1
2021-02-05,15:05:31.456000,15808,15810,15808,3
2021-02-05,15:05:31.456000,15808,15810,15808,1
2021-02-05,15:05:31.456000,15808,15810,15808,1
2021-02-05,15:05:32.681000,15808,15810,15808,1
2021-02-05,15:05:34.757000,15808,15809,15808,1
2021-02-05,15:05:36.464000,15808,15809,15809,5
2021-02-05,15:05:36.464000,15808,15809,15810,1
2021-02-05,15:05:37.628000,15809,15810,15809,5
2021-02-05,15:05:44.262000,15809,15810,15809,1
2021-02-05,15:05:44.376000,15809,15810,15809,1
2021-02-05,15:05:44.484000,15809,15810,15809,1
2021-02-05,15:05:44.686000,15809,15810,15809,1
2021-02-05,15:05:45.503000,15809,15810,15810,2
2021-02-05,15:05:49.670000,15809,15810,15810,5
2021-02-05,15:05:49.734000,15810,15811,15811,1
2021-02-05,15:05:49.734000,15810,15811,15811,1
2021-02-05,15:05:49.735000,15810,15811,15812,5
2021-02-05,15:05:50.515000,15811,15813,15811,1
2021-02-05,15:05:50.516000,15811,15813,15813,1
2021-02-05,15:05:50.625000,15811,15813,15811,1
2021-02-05,15:05:50.755000,15811,15813,15811,1
2021-02-05,15:05:50.769000,15811,15813,15812,1
2021-02-05,15:05:54.185000,15812,15813,15812,1
2021-02-05,15:05:55.397000,15812,15813,15812,1
2021-02-05,15:05:57.423000,15810,15812,15812,2
2021-02-05,15:05:59.715000,15812,15813,15813,3
2021-02-05,15:05:59.717000,15812,15813,15813,2
2021-02-05,15:06:00.597000,15812,15813,15813,1
2021-02-05,15:06:00.616000,15812,15814,15814,1
2021-02-05,15:06:00.627000,15812,15814,15812,1
2021-02-05,15:06:02.518000,15812,15814,15814,1
2021-02-05,15:06:02.912000,15812,15814,15814,1
2021-02-05,15:06:03.442000,15812,15814,15814,1
2021-02-05,15:06:03.470000,15812,15814,15814,1
2021-02-05,15:06:03.471000,15812,15814,15814,1
2021-02-05,15:06:03.982000,15812,15814,15814,1
2021-02-05,15:06:05.666000,15812,15815,15815,1
2021-02-05,15:06:06.452000,15812,15815,15815,1
2021-02-05,15:06:06.462000,15812,15815,15815,1
2021-02-05,15:06:06.649000,15812,15815,15815,1
2021-02-05,15:06:07.222000,15812,15815,15815,1
2021-02-05,15:06:10.940000,15813,15815,15815,1
2021-02-05,15:06:11.001000,15813,15815,15813,1
2021-02-05,15:06:12.708000,15813,15815,15813,1
2021-02-05,15:06:17.788000,15813,15814,15814,1
2021-02-05,15:06:17.789000,15813,15814,15814,1
2021-02-05,15:06:18.409000,15813,15814,15813,4
2021-02-05,15:06:21.019000,15812,15814,15812,1
2021-02-05,15:06:21.024000,15812,15814,15812,1
2021-02-05,15:06:21.136000,15811,15813,15811,1
2021-02-05,15:06:21.994000,15811,15813,15813,3
2021-02-05,15:06:21.994000,15811,15813,15814,2
2021-02-05,15:06:23.034000,15811,15813,15811,1
2021-02-05,15:06:28.605000,15810,15812,15812,1
2021-02-05,15:06:36.998000,15810,15812,15812,1
2021-02-05,15:06:37.125000,15810,15812,15810,1
2021-02-05,15:06:37.519000,15810,15812,15811,1
2021-02-05,15:06:38.384000,15810,15812,15810,10
2021-02-05,15:06:38.399000,15810,15812,15810,2
2021-02-05,15:06:38.608000,15809,15811,15809,4
2021-02-05,15:06:39.034000,15808,15810,15810,1
2021-02-05,15:06:46.478000,15808,15810,15810,2
2021-02-05,15:06:46.500000,15808,15811,15808,1
2021-02-05,15:06:47.449000,15809,15810,15809,1
2021-02-05,15:06:47.450000,15809,15810,15808,3
2021-02-05,15:06:47.983000,15807,15808,15808,1
2021-02-05,15:06:51.704000,15808,15809,15808,1
2021-02-05,15:06:51.704000,15808,15809,15807,1
2021-02-05,15:06:51.750000,15807,15809,15807,1
2021-02-05,15:06:55.849000,15808,15809,15808,1
2021-02-05,15:06:57.857000,15807,15809,15808,1
2021-02-05,15:07:01.763000,15807,15809,15809,2
2021-02-05,15:07:01.764000,15807,15809,15809,1
2021-02-05,15:07:01.874000,15808,15810,15808,1
2021-02-05,15:07:03.042000,15807,15810,15808,1
2021-02-05,15:07:06.747000,15807,15810,15810,2
2021-02-05,15:07:27.863000,15809,15810,15810,1
2021-02-05,15:07:27.999000,15809,15811,15809,1
2021-02-05,15:07:31.740000,15809,15812,15810,5
2021-02-05,15:07:31.875000,15810,15812,15810,1
2021-02-05,15:07:33.489000,15809,15811,15809,3
2021-02-05,15:07:33.625000,15808,15811,15808,1
2021-02-05,15:07:40.045000,15808,15810,15808,1
2021-02-05,15:07:40.125000,15808,15810,15808,1
2021-02-05,15:07:44.337000,15807,15808,15808,1
2021-02-05,15:07:52.211000,15808,15810,15808,1
2021-02-05,15:07:52.250000,15807,15810,15807,1
2021-02-05,15:07:53.858000,15807,15809,15807,1
2021-02-05,15:08:04.555000,15807,15808,15807,1
2021-02-05,15:08:04.555000,15807,15808,15807,1
2021-02-05,15:08:04.626000,15806,15808,15806,1
2021-02-05,15:08:14.989000,15806,15808,15806,1
2021-02-05,15:08:15.126000,15805,15808,15805,1
2021-02-05,15:08:23.288000,15806,15808,15806,1
2021-02-05,15:08:23.375000,15805,15808,15805,1
2021-02-05,15:08:25.664000,15806,15808,15806,1
2021-02-05,15:08:27.315000,15805,15808,15806,1
2021-02-05,15:08:30.641000,15806,15808,15806,1
2021-02-05,15:08:30.749000,15805,15808,15805,1
2021-02-05,15:08:56.727000,15806,15807,15806,1
2021-02-05,15:08:56.727000,15806,15807,15805,1
2021-02-05,15:08:56.750000,15805,15807,15805,1
2021-02-05,15:09:00.717000,15805,15808,15807,1
2021-02-05,15:09:00.749000,15805,15808,15805,1
2021-02-05,15:09:02.329000,15805,15807,15805,1
2021-02-05,15:09:02.374000,15805,15807,15805,1
2021-02-05,15:09:21.272000,15804,15807,15804,1
2021-02-05,15:09:21.375000,15804,15807,15804,1
2021-02-05,15:09:25.521000,15804,15807,15804,1
2021-02-05,15:09:25.624000,15803,15804,15803,1
2021-02-05,15:09:27.498000,15803,15804,15804,2
2021-02-05,15:09:32.476000,15803,15807,15803,1
2021-02-05,15:09:32.501000,15803,15807,15803,1
2021-02-05,15:09:33.960000,15803,15807,15803,2
2021-02-05,15:09:46.837000,15803,15805,15803,1
2021-02-05,15:09:46.874000,15802,15805,15802,1
2021-02-05,15:09:57.024000,15803,15804,15803,1
2021-02-05,15:09:57.125000,15802,15804,15802,1
2021-02-05,15:10:06.057000,15803,15804,15804,1
2021-02-05,15:10:06.127000,15803,15804,15803,1
2021-02-05,15:10:15.973000,15802,15803,15803,1
2021-02-05,15:10:16,15802,15804,15802,1
2021-02-05,15:10:34.913000,15802,15803,15802,1
2021-02-05,15:10:35.002000,15802,15803,15802,1
2021-02-05,15:10:35.077000,15802,15803,15802,1
2021-02-05,15:10:35.125000,15801,15803,15801,1
2021-02-05,15:10:42.358000,15801,15802,15801,4
2021-02-05,15:10:42.502000,15800,15802,15800,1
2021-02-05,15:10:42.633000,15800,15802,15800,1
2021-02-05,15:10:43.087000,15800,15802,15800,1
2021-02-05,15:11:01.059000,15800,15802,15800,2
2021-02-05,15:11:01.128000,15799,15801,15799,1
2021-02-05,15:11:05.686000,15799,15800,15800,1
2021-02-05,15:11:05.750000,15799,15801,15799,1
2021-02-05,15:11:09.261000,15799,15800,15799,1
2021-02-05,15:11:09.262000,15799,15800,15799,1
2021-02-05,15:11:12,15798,15799,15799,1
2021-02-05,15:11:12.126000,15798,15800,15798,1
2021-02-05,15:11:15.482000,15798,15799,15799,1
2021-02-05,15:11:27.667000,15799,15800,15799,1
2021-02-05,15:11:27.750000,15798,15800,15798,1
2021-02-05,15:11:33.219000,15798,15800,15798,1
2021-02-05,15:11:33.251000,15798,15800,15798,1
2021-02-05,15:11:34.297000,15798,15800,15800,2
2021-02-05,15:11:34.539000,15798,15801,15799,1
2021-02-05,15:11:37.684000,15799,15801,15801,1
2021-02-05,15:11:39.420000,15799,15802,15802,1
2021-02-05,15:11:49.228000,15800,15802,15802,1
2021-02-05,15:11:49.249000,15800,15802,15800,1
2021-02-05,15:11:49.305000,15800,15802,15800,1
2021-02-05,15:11:51.155000,15799,15800,15800,2
2021-02-05,15:11:51.155000,15799,15800,15800,3
2021-02-05,15:11:51.251000,15799,15801,15799,1
2021-02-05,15:12:00.172000,15798,15799,15799,1
2021-02-05,15:12:00.251000,15798,15800,15798,1
2021-02-05,15:12:00.501000,15798,15800,15799,1
2021-02-05,15:12:06.937000,15798,15799,15798,1
2021-02-05,15:12:08.197000,15798,15799,15798,1
2021-02-05,15:12:17.031000,15798,15799,15798,1
2021-02-05,15:12:17.126000,15797,15799,15797,1
2021-02-05,15:12:18.307000,15797,15799,15797,1
2021-02-05,15:12:21.510000,15797,15798,15798,1
2021-02-05,15:12:21.624000,15797,15799,15797,1
2021-02-05,15:12:22.013000,15797,15799,15797,1
2021-02-05,15:12:25.624000,15798,15799,15798,1
2021-02-05,15:12:29.479000,15797,15798,15798,1
2021-02-05,15:12:35.192000,15797,15798,15797,1
2021-02-05,15:12:35.252000,15797,15798,15797,1
2021-02-05,15:12:37.401000,15797,15798,15797,2
2021-02-05,15:12:37.583000,15796,15798,15798,2
2021-02-05,15:12:40.727000,15797,15798,15798,1
2021-02-05,15:12:40.749000,15797,15799,15797,1
2021-02-05,15:13:03.584000,15797,15800,15797,9
2021-02-05,15:13:03.584000,15797,15800,15796,16
2021-02-05,15:13:03.585000,15797,15800,15796,1
2021-02-05,15:13:03.585000,15797,15800,15796,1
2021-02-05,15:13:03.585000,15797,15800,15796,3
2021-02-05,15:13:03.625000,15796,15798,15796,1
2021-02-05,15:13:06.153000,15795,15798,15798,1
2021-02-05,15:13:06.250000,15795,15799,15795,1
2021-02-05,15:13:07.031000,15795,15799,15796,1
2021-02-05,15:13:13.734000,15797,15799,15797,1
2021-02-05,15:13:13.877000,15796,15799,15796,1
2021-02-05,15:13:33.381000,15797,15798,15798,1
2021-02-05,15:13:33.381000,15797,15798,15799,5
2021-02-05,15:13:33.501000,15798,15799,15798,1
2021-02-05,15:13:33.773000,15797,15799,15797,1
2021-02-05,15:13:45.560000,15797,15799,15797,1
2021-02-05,15:13:45.626000,15797,15799,15797,1
2021-02-05,15:13:50.407000,15797,15798,15797,1
2021-02-05,15:13:50.502000,15797,15798,15797,1
2021-02-05,15:13:51.436000,15797,15798,15798,1
2021-02-05,15:13:51.500000,15797,15799,15797,1
2021-02-05,15:13:52.779000,15797,15799,15799,1
2021-02-05,15:13:58.116000,15797,15799,15797,1
2021-02-05,15:14:09.995000,15797,15799,15798,1
2021-02-05,15:14:09.996000,15797,15799,15797,1
2021-02-05,15:14:10.126000,15797,15799,15797,1
2021-02-05,15:14:10.258000,15797,15799,15797,1
2021-02-05,15:14:16.614000,15797,15798,15797,1
2021-02-05,15:14:23.485000,15797,15798,15798,1
2021-02-05,15:14:23.625000,15797,15799,15797,1
2021-02-05,15:14:38.247000,15797,15798,15798,1
2021-02-05,15:14:38.375000,15797,15798,15797,1
2021-02-05,15:14:41.672000,15797,15799,15797,1
2021-02-05,15:14:41.750000,15797,15799,15797,1
2021-02-05,15:14:55.676000,15797,15799,15797,1
2021-02-05,15:14:55.750000,15797,15799,15797,1
2021-02-05,15:15:00.895000,15797,15799,15797,3
2021-02-05,15:15:00.895000,15797,15799,15797,2
2021-02-05,15:15:00.998000,15797,15799,15797,1
2021-02-05,15:15:01.293000,15796,15798,15796,1
2021-02-05,15:15:01.427000,15796,15798,15796,5
2021-02-05,15:15:01.622000,15796,15798,15796,5
2021-02-05,15:15:01.622000,15796,15798,15796,5
2021-02-05,15:15:01.623000,15796,15798,15796,1
2021-02-05,15:15:01.623000,15796,15798,15796,1
2021-02-05,15:15:11.146000,15795,15797,15797,1
2021-02-05,15:15:11.250000,15796,15798,15796,1
2021-02-05,15:15:23.238000,15796,15798,15796,1
2021-02-05,15:15:23.374000,15796,15798,15796,1
2021-02-05,15:15:35.565000,15796,15798,15796,2
2021-02-05,15:15:35.626000,15796,15797,15796,1
2021-02-05,15:15:37.159000,15796,15797,15796,3
2021-02-05,15:15:38.564000,15795,15796,15795,2
2021-02-05,15:15:38.565000,15795,15796,15795,3
2021-02-05,15:15:38.608000,15795,15796,15795,22
2021-02-05,15:15:38.608000,15795,15796,15794,21
2021-02-05,15:15:38.794000,15793,15795,15793,1
2021-02-05,15:15:38.883000,15793,15795,15793,1
2021-02-05,15:15:38.983000,15793,15795,15793,3
2021-02-05,15:15:38.991000,15793,15795,15793,2
2021-02-05,15:15:38.992000,15793,15795,15793,1
2021-02-05,15:15:42.335000,15794,15795,15793,1
2021-02-05,15:15:42.377000,15792,15794,15792,1
2021-02-05,15:15:42.629000,15793,15794,15793,1
2021-02-05,15:15:42.629000,15793,15794,15792,1
2021-02-05,15:15:42.789000,15792,15794,15793,1
2021-02-05,15:15:43.317000,15793,15794,15793,1
2021-02-05,15:15:45.991000,15793,15794,15793,1
2021-02-05,15:15:49.246000,15793,15794,15793,1
2021-02-05,15:15:51.489000,15793,15794,15793,1
2021-02-05,15:15:51.625000,15793,15794,15793,1
2021-02-05,15:15:55.445000,15793,15794,15793,1
2021-02-05,15:15:55.445000,15793,15794,15793,1
2021-02-05,15:15:58.059000,15792,15794,15792,1
2021-02-05,15:15:59.761000,15792,15793,15792,1
2021-02-05,15:16:00.495000,15792,15793,15793,1
2021-02-05,15:16:00.626000,15792,15793,15792,1
2021-02-05,15:16:00.739000,15792,15793,15792,1
2021-02-05,15:16:01.979000,15791,15792,15791,1
2021-02-05,15:16:03.330000,15791,15792,15791,1
2021-02-05,15:16:05.030000,15791,15792,15791,2
2021-02-05,15:16:05.075000,15791,15792,15791,1
2021-02-05,15:16:06.615000,15791,15792,15791,1
2021-02-05,15:16:07.635000,15791,15792,15791,1
2021-02-05,15:16:08.231000,15791,15792,15791,2
2021-02-05,15:16:12.858000,15791,15792,15792,1
2021-02-05,15:16:13,15791,15793,15791,1
2021-02-05,15:16:13.903000,15791,15793,15791,2
2021-02-05,15:16:13.983000,15791,15793,15791,1
2021-02-05,15:16:15.366000,15791,15793,15791,4
2021-02-05,15:16:18.137000,15791,15793,15791,4
2021-02-05,15:16:21.006000,15790,15792,15790,1
2021-02-05,15:16:21.108000,15790,15792,15790,1
2021-02-05,15:16:21.109000,15790,15792,15792,1
2021-02-05,15:16:21.126000,15790,15792,15790,1
2021-02-05,15:16:21.903000,15790,15792,15790,5
2021-02-05,15:16:21.983000,15790,15791,15790,2
2021-02-05,15:16:22.093000,15790,15791,15791,1
2021-02-05,15:16:22.108000,15789,15791,15789,1
2021-02-05,15:16:23.117000,15789,15791,15789,1
2021-02-05,15:16:29.193000,15790,15792,15790,3
2021-02-05,15:16:32.438000,15790,15792,15792,1
2021-02-05,15:16:32.500000,15791,15793,15791,1
2021-02-05,15:16:33.769000,15791,15793,15791,2
2021-02-05,15:16:34.841000,15790,15793,15790,1
2021-02-05,15:16:35.921000,15790,15793,15790,1
2021-02-05,15:16:40.911000,15790,15792,15790,1
2021-02-05,15:16:41,15790,15792,15790,1
2021-02-05,15:16:41.005000,15790,15792,15790,2
2021-02-05,15:16:41.108000,15790,15792,15790,1
2021-02-05,15:16:51.140000,15791,15792,15792,1
2021-02-05,15:16:51.141000,15791,15792,15792,1
2021-02-05,15:16:51.249000,15791,15793,15791,1
2021-02-05,15:16:56.379000,15791,15793,15791,1
2021-02-05,15:16:58.949000,15791,15793,15791,1
2021-02-05,15:16:59.042000,15791,15793,15791,1
2021-02-05,15:16:59.042000,15791,15793,15790,1
2021-02-05,15:17:01.521000,15791,15792,15791,2
2021-02-05,15:17:01.626000,15790,15793,15790,1
2021-02-05,15:17:04.851000,15791,15792,15791,1
2021-02-05,15:17:11.618000,15790,15791,15791,1
2021-02-05,15:17:11.764000,15790,15791,15790,1
2021-02-05,15:17:11.858000,15790,15791,15790,1
2021-02-05,15:17:17.180000,15790,15791,15790,2
2021-02-05,15:17:17.180000,15790,15791,15790,1
2021-02-05,15:17:17.181000,15790,15791,15790,4
2021-02-05,15:17:17.181000,15790,15791,15790,1
2021-02-05,15:17:17.191000,15790,15791,15790,1
2021-02-05,15:17:28.474000,15789,15790,15790,1
2021-02-05,15:17:28.501000,15789,15790,15789,1
2021-02-05,15:17:28.897000,15789,15790,15789,1
2021-02-05,15:17:38.728000,15789,15790,15789,1
2021-02-05,15:17:38.751000,15789,15790,15789,1
2021-02-05,15:17:41.069000,15789,15790,15789,2
2021-02-05,15:17:44.918000,15789,15790,15789,1
2021-02-05,15:17:48.492000,15789,15790,15789,1
2021-02-05,15:17:51.453000,15788,15789,15789,1
2021-02-05,15:17:52.527000,15788,15789,15788,3
2021-02-05,15:18:00.278000,15788,15789,15788,9
2021-02-05,15:18:00.553000,15787,15788,15788,1
2021-02-05,15:18:12.370000,15788,15790,15788,1
2021-02-05,15:18:21.954000,15789,15790,15789,1
2021-02-05,15:18:27.178000,15788,15790,15790,6
2021-02-05,15:18:27.233000,15790,15791,15791,9
2021-02-05,15:18:27.234000,15790,15791,15792,6
2021-02-05,15:18:27.257000,15790,15791,15793,1
2021-02-05,15:18:27.341000,15790,15791,15791,3
2021-02-05,15:18:27.358000,15791,15793,15793,3
2021-02-05,15:18:32.440000,15793,15794,15793,1
2021-02-05,15:18:35.831000,15793,15794,15794,1
2021-02-05,15:18:41.358000,15793,15794,15794,7
2021-02-05,15:18:44.831000,15794,15795,15795,1
2021-02-05,15:18:45.186000,15793,15795,15795,2
2021-02-05,15:18:45.905000,15794,15796,15794,1
2021-02-05,15:18:51.186000,15794,15795,15795,1
2021-02-05,15:18:53.411000,15794,15795,15794,2
2021-02-05,15:19:00.450000,15794,15795,15795,3
2021-02-05,15:19:01.541000,15794,15795,15794,2
2021-02-05,15:19:14.773000,15794,15795,15794,2
2021-02-05,15:19:17.061000,15794,15795,15794,2
2021-02-05,15:19:23.653000,15794,15795,15794,1
2021-02-05,15:19:24.373000,15793,15794,15793,1
2021-02-05,15:19:26.383000,15792,15793,15792,1
2021-02-05,15:19:26.835000,15791,15793,15791,1
2021-02-05,15:19:27.838000,15791,15793,15790,1
2021-02-05,15:19:33.692000,15790,15793,15790,2
2021-02-05,15:19:36.476000,15790,15791,15790,1
2021-02-05,15:19:40.127000,15790,15791,15790,5
2021-02-05,15:19:41.226000,15788,15790,15790,1
2021-02-05,15:19:47.207000,15788,15790,15789,1
2021-02-05,15:19:50.722000,15788,15789,15789,1
2021-02-05,15:20:00.796000,15788,15789,15789,1
2021-02-05,15:20:01.116000,15788,15790,15788,1
2021-02-05,15:20:01.136000,15788,15790,15788,1
2021-02-05,15:20:03.119000,15787,15789,15787,1
2021-02-05,15:20:03.156000,15787,15789,15787,1
2021-02-05,15:20:03.162000,15787,15789,15787,1
2021-02-05,15:20:03.283000,15787,15789,15789,1
2021-02-05,15:20:04.130000,15788,15790,15788,1
2021-02-05,15:20:09.829000,15787,15788,15787,2
2021-02-05,15:20:11.184000,15787,15788,15788,2
2021-02-05,15:20:11.379000,15788,15790,15788,2
2021-02-05,15:20:12.714000,15787,15789,15789,1
2021-02-05,15:20:12.782000,15787,15789,15787,1
2021-02-05,15:20:12.794000,15787,15789,15787,1
2021-02-05,15:20:12.823000,15787,15789,15787,7
2021-02-05,15:20:13.493000,15786,15787,15786,3
2021-02-05,15:20:14.610000,15785,15786,15786,2
2021-02-05,15:20:17.920000,15786,15788,15787,1
2021-02-05,15:20:22.358000,15787,15788,15788,2
2021-02-05,15:20:24.190000,15788,15789,15788,1
2021-02-05,15:20:24.190000,15788,15789,15788,1
2021-02-05,15:20:30.215000,15787,15788,15787,1
2021-02-05,15:20:31.770000,15787,15788,15787,1
2021-02-05,15:20:32.483000,15787,15788,15788,2
2021-02-05,15:20:32.608000,15788,15789,15789,5
2021-02-05,15:20:34.278000,15788,15790,15788,1
2021-02-05,15:20:34.858000,15788,15789,15789,2
2021-02-05,15:20:36.483000,15788,15789,15789,2
2021-02-05,15:20:41.040000,15788,15789,15789,1
2021-02-05,15:20:43.654000,15788,15789,15788,2
2021-02-05,15:20:49.929000,15788,15789,15789,1
2021-02-05,15:20:51.466000,15788,15789,15789,1
2021-02-05,15:20:52.382000,15788,15789,15789,1
2021-02-05,15:20:59.794000,15788,15789,15789,1
2021-02-05,15:21:00.592000,15788,15789,15789,2
2021-02-05,15:21:01.668000,15788,15789,15788,1
2021-02-05,15:21:02.311000,15787,15789,15789,1
2021-02-05,15:21:07.064000,15788,15789,15789,1
2021-02-05,15:21:18.605000,15788,15789,15788,2
2021-02-05,15:21:21.401000,15788,15789,15788,4
2021-02-05,15:21:27.074000,15787,15789,15787,2
2021-02-05,15:21:28.114000,15787,15789,15787,2
2021-02-05,15:21:28.114000,15787,15789,15786,13
2021-02-05,15:21:31.211000,15785,15788,15787,1
2021-02-05,15:21:43.377000,15786,15787,15787,5
2021-02-05,15:21:46.293000,15787,15788,15787,2
2021-02-05,15:21:57.122000,15787,15788,15787,2
2021-02-05,15:22:00.545000,15787,15788,15788,1
2021-02-05,15:22:00.545000,15787,15788,15788,1
2021-02-05,15:22:12.520000,15787,15788,15788,1
2021-02-05,15:22:14.255000,15788,15789,15788,1
2021-02-05,15:22:16.067000,15787,15789,15788,2
2021-02-05,15:22:28.243000,15787,15788,15788,1
2021-02-05,15:22:30.578000,15787,15788,15788,2
2021-02-05,15:22:30.579000,15787,15788,15788,1
2021-02-05,15:22:31.827000,15787,15788,15787,2
2021-02-05,15:22:32.057000,15786,15787,15786,1
2021-02-05,15:22:32.108000,15786,15787,15786,16
2021-02-05,15:22:32.108000,15786,15787,15785,16
2021-02-05,15:22:32.109000,15786,15787,15784,1
2021-02-05,15:22:32.305000,15784,15785,15785,1
2021-02-05,15:22:32.309000,15784,15785,15786,1
2021-02-05,15:22:34.520000,15784,15786,15786,2
2021-02-05,15:22:34.520000,15784,15786,15787,3
2021-02-05,15:22:34.623000,15785,15787,15787,2
2021-02-05,15:22:36.668000,15785,15787,15785,1
2021-02-05,15:22:37.345000,15785,15787,15785,1
2021-02-05,15:22:38.962000,15785,15787,15785,2
2021-02-05,15:22:39.312000,15785,15787,15785,1
2021-02-05,15:22:39.608000,15785,15787,15787,1
2021-02-05,15:22:45.160000,15785,15787,15786,1
2021-02-05,15:22:45.351000,15785,15787,15787,1
2021-02-05,15:22:48.979000,15785,15787,15785,1
2021-02-05,15:22:50.289000,15785,15786,15785,1
2021-02-05,15:22:54.754000,15785,15787,15787,1
2021-02-05,15:22:56.135000,15786,15787,15787,1
2021-02-05,15:23:04.407000,15786,15787,15787,2
2021-02-05,15:23:04.725000,15787,15788,15787,1
2021-02-05,15:23:09.172000,15787,15788,15787,2
2021-02-05,15:23:09.172000,15787,15788,15786,3
2021-02-05,15:23:24.837000,15786,15788,15788,4
2021-02-05,15:23:30.072000,15787,15789,15788,1
2021-02-05,15:23:32.778000,15787,15788,15787,2
2021-02-05,15:23:33.095000,15787,15788,15787,1
2021-02-05,15:23:34.514000,15787,15788,15788,1
2021-02-05,15:23:39.115000,15787,15788,15788,1
2021-02-05,15:23:40.006000,15787,15788,15787,2
2021-02-05,15:23:40.392000,15786,15787,15787,1
2021-02-05,15:23:43.720000,15786,15788,15788,3
2021-02-05,15:23:53.587000,15787,15788,15787,1
2021-02-05,15:23:55.981000,15786,15787,15787,1
2021-02-05,15:23:58.465000,15786,15787,15786,4
2021-02-05,15:23:58.779000,15785,15786,15786,1
2021-02-05,15:24:02.665000,15785,15787,15786,1
2021-02-05,15:24:05.899000,15785,15786,15785,2
2021-02-05,15:24:09.690000,15785,15786,15785,1
2021-02-05,15:24:09.691000,15785,15786,15785,1
2021-02-05,15:24:15.551000,15785,15786,15786,1
2021-02-05,15:24:15.809000,15786,15788,15786,1
2021-02-05,15:24:18.527000,15786,15787,15787,1
2021-02-05,15:24:19.251000,15786,15788,15788,2
2021-02-05,15:24:19.251000,15786,15788,15789,8
2021-02-05,15:24:19.253000,15786,15788,15789,1
2021-02-05,15:24:19.253000,15786,15788,15789,1
2021-02-05,15:24:19.253000,15786,15788,15789,1
2021-02-05,15:24:19.253000,15786,15788,15789,3
2021-02-05,15:24:21.803000,15789,15790,15789,1
2021-02-05,15:24:22.144000,15789,15790,15790,2
2021-02-05,15:24:22.256000,15789,15790,15790,1
2021-02-05,15:24:22.257000,15789,15790,15790,1
2021-02-05,15:24:22.258000,15789,15790,15791,1
2021-02-05,15:24:22.370000,15790,15791,15790,1
2021-02-05,15:24:27.249000,15789,15790,15789,1
2021-02-05,15:24:41.552000,15788,15789,15788,2
2021-02-05,15:24:44.266000,15788,15789,15788,2
2021-02-05,15:24:50.127000,15788,15789,15788,6
2021-02-05,15:24:50.233000,15787,15788,15787,1
2021-02-05,15:24:57.492000,15786,15787,15787,2
2021-02-05,15:25:08.846000,15786,15787,15787,1
2021-02-05,15:25:09.117000,15786,15787,15786,1
2021-02-05,15:25:16.935000,15786,15787,15787,1
2021-02-05,15:25:22.815000,15787,15788,15787,3
2021-02-05,15:25:22.832000,15787,15788,15788,5
2021-02-05,15:25:22.845000,15787,15788,15788,1
2021-02-05,15:25:22.845000,15787,15788,15788,1
2021-02-05,15:25:22.845000,15787,15788,15788,1
2021-02-05,15:25:22.845000,15787,15788,15788,1
2021-02-05,15:25:22.846000,15787,15788,15788,5
2021-02-05,15:25:22.933000,15788,15789,15789,2
2021-02-05,15:25:22.970000,15788,15789,15789,4
2021-02-05,15:25:23.048000,15789,15790,15790,5
2021-02-05,15:25:23.048000,15789,15790,15790,1
2021-02-05,15:25:23.048000,15789,15790,15790,1
2021-02-05,15:25:23.048000,15789,15790,15790,1
2021-02-05,15:25:23.182000,15789,15791,15791,2
2021-02-05,15:25:29.027000,15789,15791,15789,1
2021-02-05,15:25:29.762000,15788,15790,15790,1
2021-02-05,15:25:34.076000,15789,15791,15791,1
2021-02-05,15:25:42.020000,15789,15791,15791,1
2021-02-05,15:25:42.270000,15789,15791,15789,1
2021-02-05,15:25:42.270000,15789,15791,15788,6
2021-02-05,15:25:42.270000,15789,15791,15787,3
2021-02-05,15:25:42.403000,15788,15790,15790,2
2021-02-05,15:26:07.617000,15788,15790,15790,1
2021-02-05,15:26:11.345000,15788,15789,15789,1
2021-02-05,15:26:22.622000,15788,15789,15789,1
2021-02-05,15:26:34.106000,15788,15789,15788,1
2021-02-05,15:26:37.079000,15788,15789,15788,1
2021-02-05,15:26:37.108000,15788,15789,15788,1
2021-02-05,15:26:37.358000,15787,15789,15787,4
2021-02-05,15:26:51.233000,15787,15788,15787,2
2021-02-05,15:27:03.567000,15787,15788,15788,1
2021-02-05,15:27:09.775000,15787,15788,15787,2
2021-02-05,15:27:11.698000,15786,15788,15788,1
2021-02-05,15:27:19.766000,15787,15789,15787,1
2021-02-05,15:27:19.766000,15787,15789,15786,1
2021-02-05,15:27:20.141000,15786,15788,15786,2
2021-02-05,15:27:23.608000,15787,15788,15787,1
2021-02-05,15:27:33.302000,15786,15787,15787,1
2021-02-05,15:27:38.239000,15786,15787,15787,1
2021-02-05,15:27:41.063000,15786,15787,15787,1
2021-02-05,15:27:54.676000,15787,15788,15787,1
2021-02-05,15:27:57.985000,15787,15788,15787,1
2021-02-05,15:28:00.551000,15787,15788,15788,3
2021-02-05,15:28:23.498000,15788,15789,15788,1
2021-02-05,15:28:28.938000,15787,15789,15787,1
2021-02-05,15:28:29.643000,15787,15789,15787,1
2021-02-05,15:28:37.629000,15787,15788,15787,1
2021-02-05,15:28:41.872000,15786,15787,15787,1
2021-02-05,15:28:54.305000,15787,15788,15788,5
2021-02-05,15:28:58.585000,15788,15789,15789,1
2021-02-05,15:28:58.623000,15789,15790,15790,1
2021-02-05,15:29:00.332000,15789,15790,15789,1
2021-02-05,15:29:02.943000,15788,15790,15790,1
2021-02-05,15:29:09.903000,15789,15790,15789,2
2021-02-05,15:29:13.551000,15789,15790,15789,1
2021-02-05,15:29:19.891000,15789,15790,15790,4
2021-02-05,15:29:21.761000,15789,15791,15789,1
2021-02-05,15:29:33.880000,15789,15791,15789,2
2021-02-05,15:29:36.807000,15789,15790,15789,2
2021-02-05,15:29:37.309000,15789,15790,15790,1
2021-02-05,15:29:38.264000,15789,15790,15790,1
2021-02-05,15:29:40.479000,15789,15791,15790,1
2021-02-05,15:29:40.479000,15789,15791,15790,1
2021-02-05,15:29:42.184000,15790,15791,15790,1
2021-02-05,15:29:44.382000,15789,15790,15790,1
2021-02-05,15:29:45.735000,15789,15790,15790,1
2021-02-05,15:29:49.864000,15790,15791,15790,2
2021-02-05,15:29:51.299000,15790,15791,15790,1
2021-02-05,15:29:53.481000,15789,15790,15790,1
2021-02-05,15:30:04.851000,15790,15791,15791,1
2021-02-05,15:30:05.143000,15790,15791,15791,1
2021-02-05,15:30:05.199000,15790,15791,15790,3
2021-02-05,15:30:05.279000,15790,15791,15790,1
2021-02-05,15:30:05.279000,15790,15791,15789,1
2021-02-05,15:30:05.298000,15790,15791,15789,2
2021-02-05,15:30:05.310000,15790,15791,15788,2
2021-02-05,15:30:05.331000,15790,15791,15788,2
2021-02-05,15:30:05.879000,15788,15790,15788,1
2021-02-05,15:30:08.391000,15788,15790,15790,3
2021-02-05,15:30:08.391000,15788,15790,15791,2
2021-02-05,15:30:08.523000,15789,15791,15791,2
2021-02-05,15:30:10.029000,15789,15790,15790,1
2021-02-05,15:30:11.236000,15789,15791,15789,2
2021-02-05,15:30:12.136000,15788,15790,15789,2
2021-02-05,15:30:13.652000,15789,15791,15791,1
2021-02-05,15:30:57.809000,15788,15790,15790,3
2021-02-05,15:31:04.883000,15790,15792,15790,2
2021-02-05,15:31:04.984000,15790,15792,15790,1
2021-02-05,15:31:05.046000,15790,15792,15792,1
2021-02-05,15:31:05.058000,15790,15792,15792,1
2021-02-05,15:31:05.305000,15790,15792,15790,1
2021-02-05,15:31:07.060000,15789,15791,15791,1
2021-02-05,15:31:07.111000,15789,15791,15791,1
2021-02-05,15:31:07.542000,15790,15792,15792,1
2021-02-05,15:31:09.561000,15790,15792,15792,1
2021-02-05,15:31:16.937000,15790,15792,15792,2
2021-02-05,15:31:16.938000,15790,15792,15792,2
2021-02-05,15:31:22.897000,15791,15792,15792,2
2021-02-05,15:31:26.071000,15791,15793,15792,1
2021-02-05,15:31:34.031000,15792,15793,15792,2
2021-02-05,15:31:39.474000,15791,15792,15792,1
2021-02-05,15:31:43.663000,15791,15792,15792,1
2021-02-05,15:31:43.664000,15791,15792,15792,1
2021-02-05,15:31:50.592000,15791,15792,15792,1
2021-02-05,15:31:50.593000,15791,15792,15792,1
2021-02-05,15:32:04.741000,15791,15792,15792,1
2021-02-05,15:32:06.367000,15791,15793,15793,1
2021-02-05,15:32:16.962000,15791,15792,15792,1
2021-02-05,15:32:19.662000,15792,15793,15792,1
2021-02-05,15:32:22.483000,15791,15792,15791,6
2021-02-05,15:32:24.064000,15790,15791,15790,2
2021-02-05,15:32:29.738000,15789,15790,15790,1
2021-02-05,15:32:33.231000,15789,15791,15791,1
2021-02-05,15:32:34.165000,15789,15790,15790,1
2021-02-05,15:32:36.749000,15789,15791,15791,1
2021-02-05,15:32:36.761000,15789,15791,15790,1
2021-02-05,15:32:49.034000,15789,15790,15790,1
2021-02-05,15:33:04.209000,15790,15791,15790,1
2021-02-05,15:33:13.415000,15790,15791,15790,1
2021-02-05,15:33:17.639000,15789,15791,15789,1
2021-02-05,15:33:35.450000,15789,15791,15789,3
2021-02-05,15:33:39.649000,15788,15789,15789,1
2021-02-05,15:33:46.967000,15789,15791,15790,1
2021-02-05,15:33:57.692000,15790,15791,15790,1
2021-02-05,15:34:07.748000,15789,15791,15791,3
2021-02-05,15:34:14.567000,15791,15792,15791,1
2021-02-05,15:34:45.250000,15789,15790,15790,1
2021-02-05,15:34:56.866000,15789,15790,15790,1
2021-02-05,15:35:05.108000,15789,15790,15789,3
2021-02-05,15:35:05.232000,15788,15790,15790,4
2021-02-05,15:35:05.232000,15788,15790,15791,4
2021-02-05,15:35:25.382000,15790,15791,15790,2
2021-02-05,15:35:25.382000,15790,15791,15789,5
2021-02-05,15:35:25.383000,15790,15791,15789,2
2021-02-05,15:35:33.623000,15790,15791,15791,5
2021-02-05,15:35:37.771000,15790,15792,15790,1
2021-02-05,15:35:37.935000,15790,15792,15790,1
2021-02-05,15:35:44.303000,15791,15792,15791,1
2021-02-05,15:35:45.981000,15791,15792,15791,1
2021-02-05,15:35:58.502000,15790,15792,15792,1
2021-02-05,15:36:01.367000,15791,15792,15792,1
2021-02-05,15:36:01.942000,15792,15793,15792,2
2021-02-05,15:36:02.624000,15792,15793,15792,2
2021-02-05,15:36:02.624000,15792,15793,15792,5
2021-02-05,15:36:15.477000,15791,15792,15792,1
2021-02-05,15:36:52.185000,15791,15792,15792,1
2021-02-05,15:37:01.315000,15792,15793,15792,1
2021-02-05,15:37:11.707000,15792,15793,15792,1
2021-02-05,15:37:18.242000,15791,15792,15791,1
2021-02-05,15:37:22.163000,15791,15792,15791,1
2021-02-05,15:37:24.023000,15791,15792,15791,1
2021-02-05,15:37:26.247000,15791,15792,15791,1
2021-02-05,15:37:30.834000,15791,15792,15791,1
2021-02-05,15:37:30.834000,15791,15792,15791,1
2021-02-05,15:37:43.467000,15790,15791,15791,1
2021-02-05,15:38:09.864000,15790,15791,15790,1
2021-02-05,15:38:15.794000,15790,15791,15791,1
2021-02-05,15:38:43.425000,15790,15791,15791,1
2021-02-05,15:38:43.521000,15790,15791,15791,2
2021-02-05,15:38:53.085000,15790,15791,15791,1
2021-02-05,15:39:03.551000,15790,15791,15791,1
2021-02-05,15:39:03.910000,15790,15791,15791,1
2021-02-05,15:39:22.845000,15791,15792,15792,1
2021-02-05,15:39:22.845000,15791,15792,15792,1
2021-02-05,15:39:35.565000,15792,15793,15793,2
2021-02-05,15:39:35.565000,15792,15793,15793,2
2021-02-05,15:39:49.864000,15792,15794,15794,1
2021-02-05,15:39:50.009000,15793,15795,15795,1
2021-02-05,15:39:50.671000,15793,15795,15795,1
2021-02-05,15:39:50.893000,15793,15795,15795,1
2021-02-05,15:39:51.743000,15793,15795,15795,1
2021-02-05,15:39:51.744000,15793,15795,15795,6
2021-02-05,15:39:51.900000,15795,15796,15796,1
2021-02-05,15:39:58.514000,15795,15796,15796,1
2021-02-05,15:39:59.211000,15795,15796,15796,1
2021-02-05,15:39:59.283000,15795,15796,15795,1
2021-02-05,15:40:08.887000,15795,15796,15795,1
2021-02-05,15:40:13.459000,15794,15795,15795,1
2021-02-05,15:40:21.893000,15794,15795,15794,1
2021-02-05,15:40:21.955000,15794,15795,15794,1
2021-02-05,15:40:22.002000,15793,15795,15794,2
2021-02-05,15:40:31.692000,15793,15794,15793,1
2021-02-05,15:40:31.719000,15793,15794,15793,1
2021-02-05,15:41:58.125000,15793,15794,15794,1
2021-02-05,15:41:59.728000,15794,15796,15794,1
2021-02-05,15:42:07.583000,15794,15795,15794,1
2021-02-05,15:42:16.644000,15794,15795,15794,1
2021-02-05,15:42:25.408000,15794,15795,15795,1
2021-02-05,15:42:31.846000,15794,15795,15795,1
2021-02-05,15:42:31.847000,15794,15795,15795,2
2021-02-05,15:42:37.430000,15794,15795,15794,1
2021-02-05,15:42:38.893000,15794,15795,15794,1
2021-02-05,15:42:39.261000,15794,15795,15794,1
2021-02-05,15:42:39.261000,15794,15795,15793,1
2021-02-05,15:42:40.631000,15793,15794,15793,8
2021-02-05,15:42:40.955000,15792,15794,15794,2
2021-02-05,15:42:40.955000,15792,15794,15795,2
2021-02-05,15:42:45.216000,15792,15794,15794,1
2021-02-05,15:42:49.878000,15792,15794,15794,3
2021-02-05,15:42:49.879000,15792,15794,15794,1
2021-02-05,15:43:05.771000,15793,15794,15793,1
2021-02-05,15:43:15.885000,15792,15794,15793,1
2021-02-05,15:43:16.499000,15792,15794,15792,1
2021-02-05,15:43:20.948000,15792,15793,15793,2
2021-02-05,15:43:21.807000,15793,15794,15793,1
2021-02-05,15:43:29.925000,15793,15794,15793,1
2021-02-05,15:43:38.528000,15792,15794,15793,1
2021-02-05,15:43:41.735000,15793,15794,15794,2
2021-02-05,15:44:08.564000,15793,15795,15794,1
2021-02-05,15:44:17.173000,15794,15795,15794,1
2021-02-05,15:44:20.525000,15794,15795,15794,1
2021-02-05,15:44:48.824000,15793,15794,15794,1
2021-02-05,15:44:48.824000,15793,15794,15794,2
2021-02-05,15:44:48.824000,15793,15794,15794,2
2021-02-05,15:44:52.279000,15794,15795,15794,1
2021-02-05,15:45:15.003000,15793,15795,15793,1
2021-02-05,15:45:57.573000,15793,15795,15795,2
2021-02-05,15:45:59.573000,15794,15796,15794,1
2021-02-05,15:46:25.483000,15794,15796,15796,1
2021-02-05,15:46:29.842000,15794,15796,15796,1
2021-02-05,15:46:29.859000,15796,15797,15797,1
2021-02-05,15:46:30.401000,15796,15797,15796,1
2021-02-05,15:46:31.727000,15795,15797,15797,1
2021-02-05,15:46:39.656000,15796,15797,15797,2
2021-02-05,15:46:56.261000,15796,15797,15797,3
2021-02-05,15:46:56.262000,15796,15797,15797,1
2021-02-05,15:46:57.949000,15797,15798,15797,1
2021-02-05,15:46:59.858000,15796,15797,15797,1
2021-02-05,15:47:00.794000,15797,15798,15798,1
2021-02-05,15:47:01.073000,15797,15798,15797,1
2021-02-05,15:47:01.073000,15797,15798,15796,1
2021-02-05,15:47:01.733000,15797,15798,15797,1
2021-02-05,15:47:11.247000,15796,15798,15797,1
2021-02-05,15:47:11.261000,15796,15798,15796,1
2021-02-05,15:47:11.484000,15795,15796,15795,1
2021-02-05,15:47:28.229000,15795,15796,15795,2
2021-02-05,15:47:28.309000,15793,15795,15795,2
2021-02-05,15:47:28.930000,15794,15796,15795,4
2021-02-05,15:47:29.608000,15794,15795,15795,1
2021-02-05,15:48:03.754000,15795,15797,15795,6
2021-02-05,15:48:20.655000,15794,15795,15795,1
2021-02-05,15:48:33.895000,15795,15797,15797,1
2021-02-05,15:48:42.399000,15795,15796,15796,1
2021-02-05,15:48:44.349000,15795,15796,15796,1
2021-02-05,15:48:46.788000,15795,15796,15796,1
2021-02-05,15:48:46.858000,15795,15796,15796,1
2021-02-05,15:48:48.386000,15795,15797,15796,1
2021-02-05,15:49:32.755000,15796,15797,15797,2
2021-02-05,15:49:32.755000,15796,15797,15797,5
2021-02-05,15:49:33.091000,15797,15798,15797,3
2021-02-05,15:49:33.091000,15797,15798,15796,2
2021-02-05,15:49:55.279000,15797,15798,15798,1
2021-02-05,15:49:55.380000,15797,15798,15798,1
2021-02-05,15:49:58.483000,15797,15798,15798,1
2021-02-05,15:49:58.483000,15797,15798,15798,3
2021-02-05,15:49:58.483000,15797,15798,15798,3
2021-02-05,15:50:01.053000,15797,15799,15799,1
2021-02-05,15:50:04.002000,15798,15799,15799,1
2021-02-05,15:50:07.187000,15798,15799,15799,1
2021-02-05,15:50:07.233000,15798,15799,15799,1
2021-02-05,15:50:07.902000,15798,15799,15799,2
2021-02-05,15:50:07.903000,15798,15799,15799,7
2021-02-05,15:50:07.983000,15799,15800,15800,1
2021-02-05,15:50:08.131000,15799,15800,15800,1
2021-02-05,15:50:08.151000,15799,15800,15800,1
2021-02-05,15:50:10.185000,15799,15800,15800,2
2021-02-05,15:50:12.871000,15799,15800,15800,1
2021-02-05,15:50:16.043000,15799,15801,15800,2
2021-02-05,15:50:21.476000,15799,15801,15799,3
2021-02-05,15:50:21.578000,15798,15799,15798,1
2021-02-05,15:50:21.578000,15798,15799,15798,2
2021-02-05,15:50:21.579000,15798,15799,15798,2
2021-02-05,15:50:26.712000,15797,15798,15797,1
2021-02-05,15:50:27.653000,15797,15798,15798,1
2021-02-05,15:50:32.098000,15796,15797,15797,1
2021-02-05,15:50:34.544000,15797,15798,15798,1
2021-02-05,15:50:43.628000,15797,15798,15797,1
2021-02-05,15:50:45.096000,15797,15798,15798,1
2021-02-05,15:50:59.699000,15797,15799,15799,2
2021-02-05,15:51:50.982000,15798,15799,15799,1
2021-02-05,15:52:02.733000,15799,15800,15799,1
2021-02-05,15:52:05.229000,15798,15800,15800,1
2021-02-05,15:52:39.766000,15797,15799,15798,1
2021-02-05,15:52:41.071000,15797,15798,15797,2
2021-02-05,15:52:48.910000,15796,15798,15796,2
2021-02-05,15:52:48.911000,15796,15798,15796,1
2021-02-05,15:52:48.911000,15796,15798,15796,1
2021-02-05,15:52:51.078000,15795,15797,15797,1
2021-02-05,15:52:53.413000,15795,15797,15797,1
2021-02-05,15:52:54.897000,15795,15797,15796,1
2021-02-05,15:53:12.173000,15795,15797,15796,1
2021-02-05,15:53:16.317000,15795,15797,15795,1
2021-02-05,15:53:20.249000,15795,15797,15795,2
2021-02-05,15:53:20.591000,15795,15797,15797,2
2021-02-05,15:54:09.442000,15795,15797,15797,1
2021-02-05,15:54:15.088000,15796,15797,15796,1
2021-02-05,15:54:21.620000,15795,15797,15797,2
2021-02-05,15:54:21.620000,15795,15797,15797,1
2021-02-05,15:54:21.621000,15795,15797,15797,1
2021-02-05,15:54:24.969000,15796,15798,15796,1
2021-02-05,15:54:30.394000,15795,15797,15796,1
2021-02-05,15:55:00.734000,15795,15796,15795,1
2021-02-05,15:55:03.140000,15795,15796,15796,3
2021-02-05,15:55:03.233000,15795,15797,15797,1
2021-02-05,15:55:04.614000,15796,15797,15797,1
2021-02-05,15:55:09.865000,15795,15797,15797,1
2021-02-05,15:55:10.250000,15795,15798,15797,1
2021-02-05,15:55:11.401000,15795,15798,15797,1
2021-02-05,15:55:27.020000,15796,15797,15796,2
2021-02-05,15:55:37.277000,15796,15797,15796,1
2021-02-05,15:55:41.227000,15796,15797,15797,1
2021-02-05,15:55:41.227000,15796,15797,15797,2
2021-02-05,15:55:41.982000,15796,15797,15797,1
2021-02-05,15:55:46.101000,15797,15798,15798,1
2021-02-05,15:55:49.953000,15797,15798,15798,1
2021-02-05,15:55:58.108000,15797,15798,15798,1
2021-02-05,15:56:08.543000,15798,15799,15798,1
2021-02-05,15:56:15.958000,15798,15799,15798,1
2021-02-05,15:57:05.512000,15797,15798,15798,1
2021-02-05,15:57:06.393000,15797,15798,15798,1
2021-02-05,15:57:12.891000,15797,15799,15797,2
2021-02-05,15:57:27.128000,15797,15798,15797,2
2021-02-05,15:57:40.654000,15797,15798,15798,1
2021-02-05,15:58:02.087000,15797,15798,15798,1
2021-02-05,15:58:02.313000,15798,15799,15798,1
2021-02-05,15:58:02.313000,15798,15799,15797,4
2021-02-05,15:58:03.205000,15797,15799,15797,1
2021-02-05,15:58:05.653000,15797,15799,15797,1
2021-02-05,15:58:23.302000,15798,15799,15798,1
2021-02-05,15:58:32.175000,15797,15799,15799,1
2021-02-05,15:58:33.166000,15797,15798,15798,1
2021-02-05,15:58:36.514000,15797,15799,15799,1
2021-02-05,15:58:40.803000,15798,15799,15798,1
2021-02-05,15:58:55.425000,15797,15798,15797,9
2021-02-05,15:59:08.999000,15796,15798,15796,1
2021-02-05,15:59:22.445000,15796,15799,15796,1
2021-02-05,15:59:24.813000,15796,15799,15796,1
2021-02-05,15:59:45.733000,15797,15798,15798,1
2021-02-05,15:59:49.241000,15798,15799,15799,1
2021-02-05,15:59:49.241000,15798,15799,15799,1
2021-02-05,15:59:49.241000,15798,15799,15799,3
2021-02-05,15:59:53.566000,15799,15800,15800,1
2021-02-05,15:59:53.566000,15799,15800,15800,1
2021-02-05,15:59:53.566000,15799,15800,15800,1
2021-02-05,15:59:55.860000,15800,15801,15801,1
2021-02-05,15:59:56.010000,15801,15802,15802,1
2021-02-05,15:59:56.255000,15801,15802,15801,1
2021-02-05,15:59:56.277000,15801,15802,15802,6
2021-02-05,15:59:59.679000,15802,15803,15803,1
2021-02-05,15:59:59.680000,15802,15803,15803,1
2021-02-05,15:59:59.983000,15803,15804,15803,1
2021-02-05,16:00:02.753000,15802,15803,15803,1
2021-02-05,16:00:02.753000,15802,15803,15804,1
2021-02-05,16:00:03.010000,15802,15803,15802,3
2021-02-05,16:00:03.109000,15801,15803,15803,1
2021-02-05,16:00:03.152000,15801,15803,15803,1
2021-02-05,16:00:03.247000,15801,15803,15801,1
2021-02-05,16:00:03.294000,15801,15803,15801,2
2021-02-05,16:00:06.519000,15799,15800,15799,1
2021-02-05,16:00:06.829000,15797,15799,15799,1
2021-02-05,16:00:06.834000,15797,15799,15799,1
2021-02-05,16:00:09.609000,15798,15799,15798,1
2021-02-05,16:00:09.610000,15798,15799,15798,1
2021-02-05,16:00:09.610000,15798,15799,15798,1
2021-02-05,16:00:09.610000,15798,15799,15798,1
2021-02-05,16:00:09.610000,15798,15799,15798,1
2021-02-05,16:00:09.808000,15797,15798,15798,1
2021-02-05,16:00:12.233000,15797,15799,15797,1
2021-02-05,16:00:30.548000,15798,15799,15799,2
2021-02-05,16:00:30.958000,15798,15799,15798,1
2021-02-05,16:00:30.958000,15798,15799,15798,1
2021-02-05,16:00:46.476000,15798,15800,15800,1
2021-02-05,16:00:51.148000,15798,15800,15798,1
2021-02-05,16:01:04.187000,15798,15799,15798,2
2021-02-05,16:01:05.991000,15797,15798,15797,2
2021-02-05,16:01:08.629000,15796,15798,15796,2
2021-02-05,16:01:14.995000,15795,15797,15796,1
2021-02-05,16:01:20.712000,15796,15797,15797,2
2021-02-05,16:01:20.723000,15796,15797,15797,2
2021-02-05,16:01:20.723000,15796,15797,15797,1
2021-02-05,16:01:28.010000,15796,15798,15798,1
2021-02-05,16:01:29.845000,15796,15798,15798,1
2021-02-05,16:01:49.058000,15796,15798,15796,1
2021-02-05,16:01:54.097000,15795,15796,15795,1
2021-02-05,16:01:59.391000,15795,15796,15795,37
2021-02-05,16:01:59.392000,15795,15796,15794,5
2021-02-05,16:01:59.393000,15795,15796,15794,1
2021-02-05,16:01:59.484000,15793,15794,15792,1
2021-02-05,16:01:59.529000,15793,15794,15792,1
2021-02-05,16:01:59.822000,15792,15794,15792,1
2021-02-05,16:02:03.866000,15792,15793,15793,1
2021-02-05,16:02:12.429000,15792,15793,15792,2
2021-02-05,16:02:19.237000,15792,15793,15793,3
2021-02-05,16:02:41.194000,15793,15795,15793,1
2021-02-05,16:03:03.838000,15792,15793,15792,1
2021-02-05,16:03:25.404000,15792,15793,15792,1
2021-02-05,16:03:51.888000,15792,15793,15792,1
2021-02-05,16:03:51.952000,15792,15793,15792,6
2021-02-05,16:03:53.631000,15791,15792,15792,2
2021-02-05,16:04:03.184000,15791,15792,15791,1
2021-02-05,16:04:03.452000,15791,15792,15791,1
2021-02-05,16:04:10.610000,15791,15792,15791,2
2021-02-05,16:04:10.615000,15791,15792,15791,5
2021-02-05,16:04:16.097000,15790,15791,15791,1
2021-02-05,16:04:18.897000,15790,15792,15790,4
2021-02-05,16:04:19.003000,15790,15792,15790,1
2021-02-05,16:04:21.323000,15790,15792,15790,5
2021-02-05,16:04:23.535000,15790,15792,15790,3
2021-02-05,16:04:28.150000,15791,15792,15792,1
2021-02-05,16:04:28.150000,15791,15792,15792,1
2021-02-05,16:04:28.150000,15791,15792,15792,1
2021-02-05,16:04:28.150000,15791,15792,15792,1
2021-02-05,16:04:33.253000,15791,15793,15793,1
2021-02-05,16:04:37.677000,15791,15793,15793,1
2021-02-05,16:04:42.485000,15790,15791,15790,1
2021-02-05,16:04:46.631000,15790,15791,15790,2
2021-02-05,16:04:46.994000,15789,15790,15789,2
2021-02-05,16:04:49.151000,15788,15789,15789,1
2021-02-05,16:05:07.931000,15789,15790,15789,4
2021-02-05,16:05:09.207000,15788,15789,15789,1
2021-02-05,16:05:16.261000,15788,15789,15788,2
2021-02-05,16:05:19.315000,15788,15789,15789,3
2021-02-05,16:05:19.404000,15788,15790,15788,3
2021-02-05,16:05:20.879000,15789,15790,15789,1
2021-02-05,16:05:23.645000,15789,15790,15790,1
2021-02-05,16:05:25.111000,15789,15792,15790,1
2021-02-05,16:05:31.985000,15790,15792,15790,1
2021-02-05,16:05:32.757000,15790,15792,15790,1
2021-02-05,16:05:33.056000,15790,15792,15792,1
2021-02-05,16:05:33.319000,15790,15792,15790,3
2021-02-05,16:05:43.398000,15790,15791,15790,2
2021-02-05,16:05:45.378000,15789,15790,15789,2
2021-02-05,16:05:51.109000,15788,15789,15788,1
2021-02-05,16:05:53.259000,15788,15790,15789,1
2021-02-05,16:05:58.372000,15788,15790,15788,1
2021-02-05,16:06:15.905000,15790,15792,15790,1
2021-02-05,16:06:20.534000,15791,15793,15791,1
2021-02-05,16:06:38.609000,15790,15791,15790,1
2021-02-05,16:06:48.055000,15790,15791,15791,1
2021-02-05,16:06:49.587000,15790,15791,15790,1
2021-02-05,16:06:52,15790,15791,15791,1
2021-02-05,16:06:54.792000,15790,15791,15790,1
2021-02-05,16:06:55.496000,15789,15791,15789,1
2021-02-05,16:07:06.023000,15791,15792,15792,1
2021-02-05,16:07:27.330000,15791,15792,15792,1
2021-02-05,16:07:49.925000,15791,15793,15793,10
2021-02-05,16:07:50.273000,15793,15794,15793,3
2021-02-05,16:07:52.947000,15793,15794,15794,10
2021-02-05,16:07:54.424000,15793,15794,15794,2
2021-02-05,16:07:55.975000,15792,15794,15794,5
2021-02-05,16:08:00.892000,15793,15794,15794,1
2021-02-05,16:08:05.047000,15793,15794,15794,5
2021-02-05,16:08:05.737000,15794,15795,15795,1
2021-02-05,16:08:05.737000,15794,15795,15795,1
2021-02-05,16:08:05.737000,15794,15795,15795,1
2021-02-05,16:08:05.737000,15794,15795,15795,1
2021-02-05,16:08:10.385000,15794,15795,15794,1
2021-02-05,16:08:10.442000,15794,15795,15795,1
2021-02-05,16:08:10.442000,15794,15795,15796,1
2021-02-05,16:08:11.269000,15794,15796,15796,1
2021-02-05,16:08:12.336000,15794,15796,15796,2
2021-02-05,16:08:13.396000,15794,15796,15796,1
2021-02-05,16:08:19.889000,15794,15796,15796,1
2021-02-05,16:08:27.030000,15794,15795,15795,1
2021-02-05,16:08:29.653000,15794,15795,15794,1
2021-02-05,16:08:38.441000,15794,15795,15795,1
2021-02-05,16:08:43.887000,15794,15795,15795,1
2021-02-05,16:08:53.330000,15794,15795,15795,1
2021-02-05,16:09:25.112000,15794,15795,15794,1
2021-02-05,16:09:28.070000,15794,15795,15795,1
2021-02-05,16:09:43.571000,15794,15796,15796,7
2021-02-05,16:09:43.572000,15794,15796,15796,1
2021-02-05,16:09:43.572000,15794,15796,15796,2
2021-02-05,16:09:45.476000,15794,15796,15796,10
2021-02-05,16:10:15.248000,15795,15796,15795,1
2021-02-05,16:10:19.716000,15795,15796,15795,1
2021-02-05,16:10:26.318000,15795,15796,15795,1
2021-02-05,16:10:45.239000,15795,15797,15797,1
2021-02-05,16:11:13.258000,15796,15797,15796,1
2021-02-05,16:11:14.577000,15795,15796,15795,2
2021-02-05,16:11:24.573000,15794,15795,15794,1
2021-02-05,16:11:27.489000,15794,15795,15794,1
2021-02-05,16:11:27.489000,15794,15795,15794,1
2021-02-05,16:11:27.489000,15794,15795,15794,1
2021-02-05,16:11:27.489000,15794,15795,15794,1
2021-02-05,16:12:00.191000,15794,15796,15796,1
2021-02-05,16:12:03.360000,15795,15796,15796,1
2021-02-05,16:12:09.253000,15795,15797,15797,5
2021-02-05,16:12:09.253000,15795,15797,15798,5
2021-02-05,16:12:13.977000,15797,15798,15797,1
2021-02-05,16:12:13.984000,15796,15798,15797,1
2021-02-05,16:12:21.198000,15797,15798,15797,1
2021-02-05,16:12:32.511000,15797,15798,15798,2
2021-02-05,16:12:32.511000,15797,15798,15798,3
2021-02-05,16:12:33.314000,15798,15799,15798,1
2021-02-05,16:12:35.192000,15798,15799,15798,1
2021-02-05,16:12:36.409000,15797,15799,15799,1
2021-02-05,16:12:40.610000,15798,15799,15799,1
2021-02-05,16:13:05.614000,15798,15799,15798,1
2021-02-05,16:13:08.841000,15798,15799,15798,1
2021-02-05,16:13:08.841000,15798,15799,15798,1
2021-02-05,16:13:09.260000,15798,15799,15799,2
2021-02-05,16:13:09.260000,15798,15799,15800,3
2021-02-05,16:13:09.262000,15798,15799,15800,1
2021-02-05,16:13:09.811000,15799,15801,15801,2
2021-02-05,16:13:09.811000,15799,15801,15801,1
2021-02-05,16:13:09.811000,15799,15801,15801,2
2021-02-05,16:13:09.815000,15799,15801,15801,1
2021-02-05,16:13:09.884000,15800,15802,15800,1
2021-02-05,16:13:19.507000,15799,15801,15801,1
2021-02-05,16:13:19.880000,15800,15801,15801,4
2021-02-05,16:13:24.353000,15800,15802,15801,1
2021-02-05,16:13:24.477000,15800,15802,15801,1
2021-02-05,16:13:31.117000,15801,15802,15802,1
2021-02-05,16:13:31.463000,15801,15802,15801,1
2021-02-05,16:13:31.926000,15800,15802,15802,1
2021-02-05,16:13:33.424000,15801,15802,15801,1
2021-02-05,16:13:45.108000,15799,15800,15800,1
2021-02-05,16:13:59.917000,15799,15801,15801,1
2021-02-05,16:14:24.911000,15799,15800,15799,1
2021-02-05,16:14:26.906000,15798,15799,15799,2
2021-02-05,16:14:31.008000,15799,15800,15800,1
2021-02-05,16:14:31.009000,15799,15800,15800,1
2021-02-05,16:15:07.073000,15799,15800,15799,1
2021-02-05,16:15:07.073000,15799,15800,15798,4
2021-02-05,16:15:09.378000,15798,15799,15798,1
2021-02-05,16:15:15.572000,15797,15798,15797,1
2021-02-05,16:15:15.572000,15797,15798,15797,1
2021-02-05,16:15:21.663000,15797,15798,15797,1
2021-02-05,16:15:29.913000,15796,15798,15798,2
2021-02-05,16:15:32.287000,15797,15799,15799,1
2021-02-05,16:15:36.636000,15799,15800,15800,1
2021-02-05,16:15:41.230000,15800,15801,15800,1
2021-02-05,16:15:55.230000,15798,15800,15799,1
2021-02-05,16:15:59.813000,15798,15800,15798,1
2021-02-05,16:16:09.587000,15798,15800,15800,1
2021-02-05,16:16:11.531000,15799,15800,15799,1
2021-02-05,16:16:11.531000,15799,15800,15798,2
2021-02-05,16:16:14.067000,15798,15799,15798,2
2021-02-05,16:16:15.192000,15797,15799,15799,1
2021-02-05,16:16:37.800000,15796,15798,15798,2
2021-02-05,16:16:41.239000,15797,15799,15798,1
2021-02-05,16:16:41.359000,15797,15799,15799,1
2021-02-05,16:16:41.360000,15797,15799,15800,1
2021-02-05,16:16:41.360000,15797,15799,15800,1
2021-02-05,16:16:41.360000,15797,15799,15800,1
2021-02-05,16:16:41.360000,15797,15799,15800,1
2021-02-05,16:16:41.360000,15797,15799,15800,1
2021-02-05,16:16:41.361000,15797,15799,15800,1
2021-02-05,16:16:41.361000,15797,15799,15800,1
2021-02-05,16:16:41.361000,15797,15799,15800,1
2021-02-05,16:16:41.361000,15797,15799,15800,1
2021-02-05,16:16:45.733000,15800,15801,15801,1
2021-02-05,16:16:51.710000,15798,15800,15800,1
2021-02-05,16:16:55.564000,15798,15800,15799,1
2021-02-05,16:16:59.931000,15799,15800,15799,3
2021-02-05,16:17:10.882000,15798,15799,15799,1
2021-02-05,16:17:12.583000,15798,15800,15799,1
2021-02-05,16:17:26.144000,15798,15799,15798,1
2021-02-05,16:17:26.822000,15797,15798,15797,1
2021-02-05,16:18:04.470000,15796,15797,15796,2
2021-02-05,16:18:07.123000,15795,15796,15796,1
2021-02-05,16:18:07.986000,15796,15797,15797,1
2021-02-05,16:18:25.326000,15797,15798,15798,2
2021-02-05,16:18:25.359000,15798,15799,15799,1
2021-02-05,16:18:44.163000,15799,15800,15800,1
2021-02-05,16:19:00.259000,15799,15800,15799,1
2021-02-05,16:19:00.530000,15799,15800,15799,4
2021-02-05,16:19:00.530000,15799,15800,15798,1
2021-02-05,16:19:01.487000,15798,15799,15799,1
2021-02-05,16:19:18.480000,15798,15799,15799,2
2021-02-05,16:19:18.481000,15798,15799,15799,1
2021-02-05,16:19:28.721000,15799,15800,15799,1
2021-02-05,16:19:29.485000,15799,15800,15799,1
2021-02-05,16:19:29.486000,15799,15800,15799,1
2021-02-05,16:19:38.006000,15799,15800,15799,1
2021-02-05,16:19:38.391000,15798,15799,15799,1
2021-02-05,16:19:59.704000,15798,15799,15799,1
2021-02-05,16:20:43.673000,15799,15800,15800,9
2021-02-05,16:20:43.673000,15799,15800,15800,3
2021-02-05,16:20:43.674000,15799,15800,15801,2
2021-02-05,16:20:44.200000,15801,15802,15801,2
2021-02-05,16:20:44.328000,15801,15802,15802,12
2021-02-05,16:20:44.329000,15801,15802,15803,1
2021-02-05,16:20:44.330000,15801,15802,15803,2
2021-02-05,16:20:46.003000,15803,15804,15804,3
2021-02-05,16:20:46.003000,15803,15804,15804,1
2021-02-05,16:20:47.371000,15803,15805,15803,1
2021-02-05,16:20:59.673000,15803,15804,15804,1
2021-02-05,16:21:02.538000,15803,15804,15803,1
2021-02-05,16:21:02.596000,15803,15804,15803,2
2021-02-05,16:21:14.328000,15802,15803,15802,1
2021-02-05,16:21:15.287000,15802,15803,15803,1
2021-02-05,16:21:26.794000,15802,15803,15803,1
2021-02-05,16:21:26.797000,15802,15803,15803,1
2021-02-05,16:21:26.797000,15802,15803,15803,2
2021-02-05,16:21:33.426000,15802,15804,15804,1
2021-02-05,16:22:09.848000,15802,15804,15804,1
2021-02-05,16:22:23.981000,15802,15803,15803,1
2021-02-05,16:22:27.350000,15802,15804,15802,1
2021-02-05,16:22:35.738000,15803,15804,15804,1
2021-02-05,16:22:36.040000,15803,15804,15803,1
2021-02-05,16:22:39.017000,15803,15804,15804,1
2021-02-05,16:22:40.797000,15803,15804,15804,3
2021-02-05,16:22:43.118000,15803,15805,15804,1
2021-02-05,16:22:44.687000,15803,15805,15805,1
2021-02-05,16:22:44.758000,15803,15805,15805,1
2021-02-05,16:22:45.127000,15803,15805,15803,1
2021-02-05,16:22:46.972000,15804,15805,15804,1
2021-02-05,16:22:46.972000,15804,15805,15803,2
2021-02-05,16:22:47.846000,15803,15804,15804,1
2021-02-05,16:22:48.969000,15803,15805,15803,3
2021-02-05,16:22:55.399000,15803,15804,15804,1
2021-02-05,16:22:55.810000,15803,15805,15805,2
2021-02-05,16:22:57.394000,15803,15805,15805,1
2021-02-05,16:23:07.778000,15804,15805,15804,1
2021-02-05,16:23:32.027000,15803,15804,15803,1
2021-02-05,16:23:39.354000,15803,15804,15804,3
2021-02-05,16:23:49.991000,15804,15805,15804,1
2021-02-05,16:23:51.737000,15804,15805,15805,1
2021-02-05,16:24:16.398000,15804,15805,15804,1
2021-02-05,16:24:16.733000,15804,15805,15804,5
2021-02-05,16:24:16.734000,15804,15805,15804,2
2021-02-05,16:24:29.591000,15803,15804,15804,2
2021-02-05,16:24:55.494000,15803,15804,15803,5
2021-02-05,16:24:55.494000,15803,15804,15803,1
2021-02-05,16:25:07.420000,15802,15804,15802,1
2021-02-05,16:25:25.202000,15802,15804,15802,1
2021-02-05,16:25:28.321000,15802,15803,15802,5
2021-02-05,16:25:28.321000,15802,15803,15802,2
2021-02-05,16:25:28.322000,15802,15803,15802,1
2021-02-05,16:25:32.232000,15801,15802,15801,2
2021-02-05,16:25:32.232000,15801,15802,15801,1
2021-02-05,16:25:32.232000,15801,15802,15801,1
2021-02-05,16:25:32.232000,15801,15802,15801,1
2021-02-05,16:25:34.347000,15800,15801,15801,1
2021-02-05,16:25:40.168000,15800,15802,15800,3
2021-02-05,16:25:44.192000,15800,15802,15800,1
2021-02-05,16:26:32.607000,15800,15802,15800,1
2021-02-05,16:27:28.666000,15801,15802,15802,2
2021-02-05,16:28:24.485000,15800,15803,15800,4
2021-02-05,16:28:54.279000,15801,15802,15802,6
2021-02-05,16:29:16.053000,15802,15803,15803,2
2021-02-05,16:29:27.775000,15803,15804,15803,1
2021-02-05,16:29:27.775000,15803,15804,15802,4
2021-02-05,16:29:47.616000,15802,15804,15802,1
2021-02-05,16:29:56.881000,15802,15803,15802,1
2021-02-05,16:30:11.537000,15801,15802,15801,1
2021-02-05,16:30:15.983000,15801,15802,15801,1
2021-02-05,16:30:15.983000,15801,15802,15801,2
2021-02-05,16:31:00.511000,15799,15800,15800,1
2021-02-05,16:31:13.556000,15800,15802,15800,3
2021-02-05,16:31:13.556000,15800,15802,15800,4
2021-02-05,16:31:16.647000,15800,15802,15802,2
2021-02-05,16:31:16.734000,15801,15803,15803,1
2021-02-05,16:31:16.735000,15801,15803,15803,1
2021-02-05,16:31:18.472000,15801,15803,15801,1
2021-02-05,16:31:18.870000,15801,15803,15803,4
2021-02-05,16:31:40.924000,15802,15803,15802,1
2021-02-05,16:31:40.966000,15802,15803,15803,1
2021-02-05,16:31:44.553000,15802,15804,15804,3
2021-02-05,16:31:44.801000,15804,15805,15804,1
2021-02-05,16:31:44.829000,15804,15805,15805,2
2021-02-05,16:31:46.817000,15804,15805,15805,8
2021-02-05,16:31:46.820000,15804,15805,15806,2
2021-02-05,16:31:47.052000,15805,15806,15805,2
2021-02-05,16:31:53.891000,15805,15806,15805,1
2021-02-05,16:32:00.518000,15805,15806,15806,1
2021-02-05,16:32:03.483000,15805,15806,15805,1
2021-02-05,16:32:11.627000,15804,15805,15805,2
2021-02-05,16:32:27.642000,15804,15806,15804,1
2021-02-05,16:32:31.895000,15804,15805,15805,1
2021-02-05,16:32:38.207000,15804,15806,15805,1
2021-02-05,16:32:42.797000,15804,15806,15806,10
2021-02-05,16:32:51.608000,15805,15806,15805,1
2021-02-05,16:32:56.945000,15805,15806,15805,1
2021-02-05,16:33:12.323000,15804,15806,15806,1
2021-02-05,16:33:13.772000,15804,15806,15806,1
2021-02-05,16:33:27.130000,15805,15806,15805,1
2021-02-05,16:34:03.254000,15804,15805,15804,4
2021-02-05,16:34:05.408000,15803,15804,15803,1
2021-02-05,16:34:13.089000,15801,15803,15802,2
2021-02-05,16:34:18.300000,15801,15803,15802,1
2021-02-05,16:34:25.889000,15801,15803,15801,1
2021-02-05,16:34:36.968000,15801,15802,15801,1
2021-02-05,16:34:40.682000,15801,15802,15801,2
2021-02-05,16:34:43.059000,15801,15802,15801,1
2021-02-05,16:34:45.488000,15801,15802,15802,1
2021-02-05,16:34:48.559000,15801,15803,15802,1
2021-02-05,16:35:08.961000,15801,15802,15801,1
2021-02-05,16:35:11.731000,15801,15802,15801,2
2021-02-05,16:35:26.410000,15801,15802,15801,1
2021-02-05,16:35:26.410000,15801,15802,15800,4
2021-02-05,16:35:26.414000,15801,15802,15801,2
2021-02-05,16:35:29.360000,15800,15801,15801,1
2021-02-05,16:35:35.284000,15801,15802,15802,5
2021-02-05,16:35:54.483000,15801,15803,15801,1
2021-02-05,16:35:56.459000,15801,15803,15803,1
2021-02-05,16:37:04.487000,15801,15802,15802,1
2021-02-05,16:37:36.233000,15801,15803,15801,1
2021-02-05,16:37:44.619000,15800,15801,15800,1
2021-02-05,16:37:56.105000,15800,15801,15801,1
2021-02-05,16:38:26.971000,15800,15801,15800,2
2021-02-05,16:38:26.972000,15800,15801,15800,2
2021-02-05,16:38:32.299000,15799,15800,15799,1
2021-02-05,16:38:43.790000,15799,15801,15799,1
2021-02-05,16:38:43.906000,15799,15801,15799,1
2021-02-05,16:38:45.228000,15799,15801,15799,1
2021-02-05,16:38:57.065000,15800,15801,15801,1
2021-02-05,16:39:19.233000,15799,15800,15799,1
2021-02-05,16:39:22.355000,15799,15800,15799,1
2021-02-05,16:39:40.288000,15798,15799,15798,1
2021-02-05,16:39:47.639000,15798,15799,15798,1
2021-02-05,16:39:47.639000,15798,15799,15798,1
2021-02-05,16:39:47.639000,15798,15799,15798,9
2021-02-05,16:39:51.409000,15797,15799,15797,1
2021-02-05,16:39:56.858000,15797,15798,15798,1
2021-02-05,16:39:57.215000,15798,15799,15798,1
2021-02-05,16:40:03.670000,15797,15799,15797,2
2021-02-05,16:40:23.979000,15796,15798,15796,1
2021-02-05,16:40:23.979000,15796,15798,15796,1
2021-02-05,16:40:24.168000,15796,15798,15797,3
2021-02-05,16:40:30.882000,15797,15798,15798,1
2021-02-05,16:40:31.322000,15798,15799,15799,2
2021-02-05,16:40:36.323000,15799,15800,15800,1
2021-02-05,16:40:40.606000,15799,15801,15799,1
2021-02-05,16:42:22.587000,15797,15798,15797,1
2021-02-05,16:42:42.858000,15796,15797,15797,1
2021-02-05,16:42:43.880000,15796,15798,15796,1
2021-02-05,16:42:57.956000,15796,15797,15796,2
2021-02-05,16:42:57.956000,15796,15797,15796,1
2021-02-05,16:43:04.489000,15796,15797,15797,2
2021-02-05,16:43:13.390000,15796,15797,15796,1
2021-02-05,16:43:16.705000,15795,15797,15795,1
2021-02-05,16:43:16.872000,15795,15797,15795,1
2021-02-05,16:43:41.389000,15795,15797,15795,3
2021-02-05,16:43:41.390000,15795,15797,15795,4
2021-02-05,16:43:41.390000,15795,15797,15795,1
2021-02-05,16:43:43.033000,15795,15797,15795,1
2021-02-05,16:43:43.442000,15795,15797,15795,1
2021-02-05,16:43:43.442000,15795,15797,15795,2
2021-02-05,16:43:43.443000,15795,15797,15795,1
2021-02-05,16:43:43.443000,15795,15797,15795,1
2021-02-05,16:43:55.487000,15795,15797,15795,1
2021-02-05,16:43:55.488000,15795,15797,15795,1
2021-02-05,16:43:55.490000,15795,15797,15795,4
2021-02-05,16:44:29.696000,15794,15796,15795,1
2021-02-05,16:44:38.755000,15794,15796,15795,1
2021-02-05,16:44:45.533000,15795,15796,15796,1
2021-02-05,16:44:57.108000,15796,15797,15797,1
2021-02-05,16:46:00.935000,15797,15798,15798,1
2021-02-05,16:46:00.935000,15797,15798,15798,1
2021-02-05,16:46:01.366000,15798,15800,15798,2
2021-02-05,16:46:01.366000,15798,15800,15797,2
2021-02-05,16:46:13.009000,15797,15799,15797,1
2021-02-05,16:47:38.275000,15797,15800,15798,2
2021-02-05,16:48:18.998000,15798,15799,15798,1
2021-02-05,16:48:40.733000,15797,15798,15797,1
2021-02-05,16:49:14.350000,15798,15799,15799,1
2021-02-05,16:49:23.423000,15798,15799,15799,1
2021-02-05,16:49:24.733000,15799,15800,15800,2
2021-02-05,16:49:41.355000,15800,15801,15800,1
2021-02-05,16:49:53.395000,15800,15801,15800,1
2021-02-05,16:50:05.406000,15800,15801,15800,2
2021-02-05,16:50:44.020000,15799,15801,15799,3
2021-02-05,16:50:44.021000,15799,15801,15799,3
2021-02-05,16:50:54.741000,15797,15798,15797,1
2021-02-05,16:50:54.741000,15797,15798,15797,1
2021-02-05,16:51:17.733000,15796,15797,15797,2
2021-02-05,16:51:42.404000,15799,15800,15799,1
2021-02-05,16:51:48.182000,15797,15799,15799,1
2021-02-05,16:52:49.779000,15798,15799,15799,1
2021-02-05,16:53:07.608000,15797,15798,15797,1
2021-02-05,16:54:07.797000,15798,15799,15799,1
2021-02-05,16:54:32.584000,15798,15800,15799,1
2021-02-05,16:54:53.570000,15799,15800,15800,2
2021-02-05,16:54:53.705000,15799,15801,15800,1
2021-02-05,16:54:59.931000,15800,15801,15801,2
2021-02-05,16:55:01.244000,15800,15801,15801,1
2021-02-05,16:55:14.954000,15800,15801,15801,1
2021-02-05,16:55:16.533000,15800,15801,15800,2
2021-02-05,16:55:26.045000,15798,15799,15799,2
2021-02-05,16:55:26.105000,15798,15799,15800,1
2021-02-05,16:55:29.310000,15798,15800,15798,2
2021-02-05,16:55:29.335000,15798,15800,15798,1
2021-02-05,16:55:29.335000,15798,15800,15798,1
2021-02-05,16:55:29.460000,15797,15798,15797,2
2021-02-05,16:55:36.871000,15797,15799,15797,1
2021-02-05,16:55:37.015000,15797,15799,15797,1
2021-02-05,16:55:46.751000,15797,15798,15798,1
2021-02-05,16:56:00.897000,15797,15799,15798,1
2021-02-05,16:56:02.814000,15798,15799,15798,1
2021-02-05,16:56:07.289000,15797,15799,15797,3
2021-02-05,16:56:07.289000,15797,15799,15797,1
2021-02-05,16:56:07.289000,15797,15799,15797,2
2021-02-05,16:56:13.419000,15796,15797,15796,1
2021-02-05,16:56:13.419000,15796,15797,15796,1
2021-02-05,16:56:13.419000,15796,15797,15796,1
2021-02-05,16:57:24.367000,15797,15799,15797,2
2021-02-05,16:57:24.367000,15797,15799,15796,4
2021-02-05,16:57:57.615000,15796,15798,15796,1
2021-02-05,16:59:26.266000,15795,15796,15796,1
2021-02-05,16:59:36.785000,15795,15796,15795,1
2021-02-05,16:59:37.122000,15795,15796,15795,1
2021-02-05,16:59:51.146000,15795,15796,15796,1
2021-02-05,16:59:59.664000,15795,15796,15796,1
2021-02-05,16:59:59.682000,15795,15796,15796,1
2021-02-05,16:59:59.682000,15795,15796,15796,1
2021-02-05,16:59:59.683000,15795,15796,15796,2
2021-02-05,16:59:59.683000,15795,15796,15796,1
2021-02-05,16:59:59.683000,15795,15796,15796,1
2021-02-05,16:59:59.683000,15795,15796,15796,1
2021-02-05,16:59:59.683000,15795,15796,15796,3
2021-02-05,17:00:14.108000,15795,15796,15795,6
2021-02-05,17:00:14.108000,15795,15796,15795,2
2021-02-05,17:00:14.109000,15795,15796,15794,5
2021-02-05,17:00:14.110000,15795,15796,15794,1
2021-02-05,17:00:14.266000,15794,15795,15794,1
2021-02-05,17:00:14.372000,15794,15795,15794,1
2021-02-05,17:00:14.373000,15794,15795,15794,1
2021-02-05,17:00:14.581000,15793,15795,15793,1
2021-02-05,17:00:14.678000,15793,15795,15793,2
2021-02-05,17:00:14.733000,15793,15794,15793,1
2021-02-05,17:00:14.796000,15793,15794,15793,1
2021-02-05,17:00:14.812000,15793,15794,15792,1
2021-02-05,17:00:15.012000,15792,15793,15792,1
2021-02-05,17:00:15.030000,15792,15793,15792,2
2021-02-05,17:00:15.465000,15792,15793,15792,1
2021-02-05,17:00:15.580000,15792,15793,15792,11
2021-02-05,17:00:15.753000,15791,15792,15792,1
2021-02-05,17:00:25.155000,15792,15793,15792,1
2021-02-05,17:00:25.455000,15791,15793,15791,8
2021-02-05,17:00:25.456000,15791,15793,15791,9
2021-02-05,17:00:30.641000,15790,15792,15791,1
2021-02-05,17:00:34.652000,15791,15793,15791,4
2021-02-05,17:00:34.983000,15790,15791,15791,2
2021-02-05,17:00:37.233000,15790,15791,15791,1
2021-02-05,17:00:39.347000,15790,15792,15790,1
2021-02-05,17:00:39.702000,15790,15792,15790,1
2021-02-05,17:00:39.721000,15790,15792,15790,1
2021-02-05,17:00:40.858000,15790,15791,15791,1
2021-02-05,17:00:43.428000,15790,15792,15791,1
2021-02-05,17:00:44.510000,15791,15793,15791,3
2021-02-05,17:00:50.519000,15792,15794,15792,1
2021-02-05,17:01:10.838000,15792,15794,15792,1
2021-02-05,17:01:16.287000,15792,15794,15792,1
2021-02-05,17:01:24.685000,15791,15794,15792,2
2021-02-05,17:01:28.394000,15792,15794,15792,1
2021-02-05,17:01:43.346000,15792,15794,15792,1
2021-02-05,17:01:57.509000,15792,15794,15794,1
2021-02-05,17:01:57.509000,15792,15794,15795,1
2021-02-05,17:02:55.483000,15794,15795,15795,1
2021-02-05,17:03:02.707000,15794,15795,15795,1
2021-02-05,17:03:06.774000,15794,15795,15794,1
2021-02-05,17:03:11.149000,15794,15795,15794,2
2021-02-05,17:04:03.149000,15794,15795,15795,1
2021-02-05,17:04:45.270000,15795,15796,15795,1
2021-02-05,17:04:45.344000,15795,15796,15794,1
2021-02-05,17:04:49.642000,15794,15796,15795,1
2021-02-05,17:04:55.512000,15794,15796,15794,2
2021-02-05,17:06:08.367000,15795,15796,15795,1
2021-02-05,17:06:14.973000,15794,15796,15796,2
2021-02-05,17:06:55.483000,15794,15795,15794,1
2021-02-05,17:07:35.233000,15794,15795,15795,1
2021-02-05,17:07:53.579000,15795,15796,15795,1
2021-02-05,17:08:03.107000,15794,15796,15795,1
2021-02-05,17:08:16.046000,15795,15796,15795,1
2021-02-05,17:09:29.637000,15794,15796,15796,3
2021-02-05,17:09:29.733000,15795,15797,15797,12
2021-02-05,17:09:29.782000,15795,15797,15798,2
2021-02-05,17:09:31.661000,15797,15799,15799,5
2021-02-05,17:09:31.661000,15797,15799,15799,2
2021-02-05,17:09:31.766000,15798,15800,15800,2
2021-02-05,17:09:37.545000,15798,15800,15800,1
2021-02-05,17:09:37.845000,15798,15800,15798,2
2021-02-05,17:09:57.108000,15798,15799,15798,1
2021-02-05,17:10:07.689000,15798,15799,15798,4
2021-02-05,17:10:15.126000,15797,15798,15797,1
2021-02-05,17:10:15.302000,15796,15798,15796,1
2021-02-05,17:10:16.785000,15796,15798,15798,1
2021-02-05,17:10:23.654000,15796,15798,15798,1
2021-02-05,17:10:25.177000,15797,15799,15797,1
2021-02-05,17:10:59.307000,15797,15798,15798,1
2021-02-05,17:11:00.606000,15798,15799,15799,1
2021-02-05,17:11:05.601000,15797,15799,15799,1
2021-02-05,17:11:15.342000,15797,15799,15799,4
2021-02-05,17:12:23.731000,15798,15799,15799,1
2021-02-05,17:12:51.088000,15798,15799,15799,2
2021-02-05,17:12:57.979000,15798,15799,15799,1
2021-02-05,17:13:18.858000,15798,15799,15799,2
2021-02-05,17:13:24.358000,15798,15799,15798,1
2021-02-05,17:14:11.752000,15798,15799,15799,1
2021-02-05,17:14:30.472000,15798,15799,15799,1
2021-02-05,17:14:30.472000,15798,15799,15799,1
2021-02-05,17:14:30.472000,15798,15799,15799,1
2021-02-05,17:14:30.472000,15798,15799,15799,1
2021-02-05,17:14:30.472000,15798,15799,15799,1
2021-02-05,17:14:30.472000,15798,15799,15799,3
2021-02-05,17:14:30.472000,15798,15799,15799,1
2021-02-05,17:14:30.472000,15798,15799,15799,13
2021-02-05,17:14:30.483000,15799,15800,15800,8
2021-02-05,17:14:43.005000,15800,15801,15801,1
2021-02-05,17:14:48.775000,15800,15801,15800,3
2021-02-05,17:15:09.544000,15799,15801,15800,1
2021-02-05,17:15:18.977000,15799,15801,15799,1
2021-02-05,17:15:36.957000,15799,15800,15800,1
2021-02-05,17:15:55.733000,15799,15800,15799,1
2021-02-05,17:16:16.072000,15798,15800,15799,1
2021-02-05,17:16:51.671000,15798,15800,15798,2
2021-02-05,17:17:00.309000,15798,15799,15799,1
2021-02-05,17:17:30.431000,15798,15799,15798,1
2021-02-05,17:17:32.831000,15797,15798,15798,1
2021-02-05,17:18:02.364000,15797,15798,15797,2
2021-02-05,17:18:02.364000,15797,15798,15797,1
2021-02-05,17:18:03.057000,15796,15798,15796,1
2021-02-05,17:18:03.057000,15796,15798,15795,1
2021-02-05,17:18:03.259000,15795,15797,15795,1
2021-02-05,17:18:23.929000,15796,15798,15796,2
2021-02-05,17:18:41.822000,15797,15799,15797,1
2021-02-05,17:18:45.531000,15796,15799,15796,2
2021-02-05,17:20:19.503000,15796,15798,15796,1
2021-02-05,17:20:58.867000,15796,15797,15797,1
2021-02-05,17:20:58.867000,15796,15797,15797,1
2021-02-05,17:20:58.867000,15796,15797,15797,1
2021-02-05,17:21:06.757000,15796,15799,15796,1
2021-02-05,17:21:29.221000,15797,15798,15797,1
2021-02-05,17:21:35.637000,15797,15798,15798,1
2021-02-05,17:21:49.445000,15798,15799,15799,1
2021-02-05,17:22:03.108000,15798,15799,15799,1
2021-02-05,17:22:15.775000,15797,15799,15799,1
2021-02-05,17:22:19.461000,15798,15799,15799,2
2021-02-05,17:22:25.233000,15798,15799,15799,1
2021-02-05,17:22:38.196000,15798,15799,15799,2
2021-02-05,17:22:49.249000,15798,15799,15798,1
2021-02-05,17:22:54.151000,15798,15799,15798,1
2021-02-05,17:22:56.996000,15798,15799,15798,1
2021-02-05,17:23:00.906000,15797,15799,15799,10
2021-02-05,17:23:00.906000,15797,15799,15799,2
2021-02-05,17:23:05.110000,15799,15800,15800,1
2021-02-05,17:23:05.233000,15799,15800,15800,1
2021-02-05,17:23:06.245000,15799,15800,15800,1
2021-02-05,17:23:06.246000,15799,15800,15800,2
2021-02-05,17:23:06.246000,15799,15800,15800,3
2021-02-05,17:23:09.934000,15799,15801,15801,1
2021-02-05,17:23:09.935000,15799,15801,15801,3
2021-02-05,17:23:48.615000,15799,15801,15800,1
2021-02-05,17:24:16.236000,15800,15801,15801,1
2021-02-05,17:24:16.549000,15800,15801,15801,1
2021-02-05,17:24:17.570000,15800,15802,15800,1
2021-02-05,17:25:01.358000,15800,15801,15801,1
2021-02-05,17:25:11.212000,15801,15802,15801,1
2021-02-05,17:25:15.241000,15800,15802,15801,1
2021-02-05,17:25:25.094000,15800,15802,15801,1
2021-02-05,17:25:32.069000,15800,15801,15801,1
2021-02-05,17:26:59.411000,15800,15801,15801,1
2021-02-05,17:27:09.228000,15800,15801,15801,1
2021-02-05,17:27:21.501000,15800,15801,15800,2
2021-02-05,17:27:21.501000,15800,15801,15799,5
2021-02-05,17:27:34.007000,15799,15800,15799,1
2021-02-05,17:27:34.007000,15799,15800,15798,1
2021-02-05,17:27:49.576000,15799,15800,15799,1
2021-02-05,17:27:49.980000,15798,15800,15798,1
2021-02-05,17:27:54.233000,15799,15800,15800,1
2021-02-05,17:28:01.108000,15799,15800,15800,4
2021-02-05,17:28:03.733000,15800,15801,15801,1
2021-02-05,17:28:03.733000,15800,15801,15801,1
2021-02-05,17:28:11.292000,15800,15802,15800,2
2021-02-05,17:29:21.080000,15800,15801,15800,1
2021-02-05,17:29:24.733000,15800,15801,15801,1
2021-02-05,17:29:38.100000,15800,15802,15800,1
2021-02-05,17:29:49.004000,15801,15802,15801,1
2021-02-05,17:29:52.364000,15800,15802,15802,1
2021-02-05,17:30:35.971000,15800,15802,15802,1
2021-02-05,17:30:40.484000,15801,15802,15802,1
2021-02-05,17:30:41.505000,15800,15802,15802,3
2021-02-05,17:31:07.542000,15800,15801,15801,1
2021-02-05,17:31:28.753000,15800,15801,15800,4
2021-02-05,17:32:03.547000,15799,15801,15800,1
2021-02-05,17:32:35.198000,15800,15801,15801,2
2021-02-05,17:32:35.199000,15800,15801,15801,1
2021-02-05,17:33:02.024000,15800,15802,15802,1
2021-02-05,17:33:02.024000,15800,15802,15802,1
2021-02-05,17:33:02.024000,15800,15802,15802,3
2021-02-05,17:33:02.024000,15800,15802,15803,4
2021-02-05,17:33:02.024000,15800,15802,15803,4
2021-02-05,17:33:02.024000,15800,15802,15803,9
2021-02-05,17:33:02.024000,15800,15802,15803,6
2021-02-05,17:33:02.025000,15800,15802,15803,1
2021-02-05,17:33:02.025000,15800,15802,15803,4
2021-02-05,17:33:02.025000,15800,15802,15804,2
2021-02-05,17:33:02.025000,15800,15802,15804,1
2021-02-05,17:33:02.025000,15800,15802,15804,1
2021-02-05,17:33:02.026000,15800,15802,15804,3
2021-02-05,17:33:02.987000,15803,15805,15805,1
2021-02-05,17:33:03.296000,15804,15805,15804,1
2021-02-05,17:33:03.307000,15804,15805,15804,1
2021-02-05,17:33:07.323000,15803,15805,15804,1
2021-02-05,17:33:12.325000,15803,15804,15804,1
2021-02-05,17:33:26.166000,15804,15805,15805,1
2021-02-05,17:33:32.007000,15804,15805,15804,2
2021-02-05,17:33:32.198000,15803,15805,15805,1
2021-02-05,17:33:32.768000,15803,15805,15805,1
2021-02-05,17:33:38.913000,15804,15805,15805,1
2021-02-05,17:33:41.565000,15804,15805,15804,1
2021-02-05,17:33:41.905000,15803,15805,15803,1
2021-02-05,17:33:50.715000,15803,15805,15804,1
2021-02-05,17:33:56.560000,15803,15805,15805,12
2021-02-05,17:34:02.030000,15803,15805,15805,2
2021-02-05,17:34:02.030000,15803,15805,15805,1
2021-02-05,17:34:02.030000,15803,15805,15806,3
2021-02-05,17:34:02.030000,15803,15805,15806,1
2021-02-05,17:34:02.030000,15803,15805,15805,1
2021-02-05,17:34:02.550000,15804,15806,15806,1
2021-02-05,17:34:04.134000,15804,15806,15806,1
2021-02-05,17:34:33.108000,15804,15805,15804,1
2021-02-05,17:34:34.853000,15804,15805,15805,1
2021-02-05,17:34:36.216000,15804,15806,15805,1
2021-02-05,17:34:36.473000,15804,15806,15805,1
2021-02-05,17:34:45.960000,15804,15806,15804,1
2021-02-05,17:34:52.170000,15805,15806,15805,1
2021-02-05,17:34:56.605000,15805,15806,15805,1
2021-02-05,17:35:00.342000,15805,15806,15805,1
2021-02-05,17:35:00.474000,15804,15806,15806,1
2021-02-05,17:35:41.745000,15804,15806,15806,1
2021-02-05,17:36:50.317000,15804,15805,15805,1
2021-02-05,17:36:51.518000,15804,15806,15804,2
2021-02-05,17:37:02.923000,15804,15805,15804,1
2021-02-05,17:37:06.709000,15804,15805,15804,1
2021-02-05,17:37:07.841000,15803,15805,15805,1
2021-02-05,17:37:11.691000,15804,15806,15804,1
2021-02-05,17:37:43.859000,15804,15805,15804,1
2021-02-05,17:38:02.915000,15803,15805,15805,1
2021-02-05,17:38:03.303000,15805,15806,15806,1
2021-02-05,17:38:07.910000,15804,15806,15806,1
2021-02-05,17:38:08.109000,15805,15806,15806,1
2021-02-05,17:38:12.384000,15805,15806,15805,1
2021-02-05,17:38:12.507000,15804,15806,15806,1
2021-02-05,17:38:12.616000,15804,15806,15806,1
2021-02-05,17:38:18.923000,15805,15806,15805,1
2021-02-05,17:38:21.670000,15804,15806,15806,1
2021-02-05,17:38:26.448000,15804,15806,15805,1
2021-02-05,17:38:49.681000,15805,15806,15805,1
2021-02-05,17:39:05.051000,15804,15805,15805,1
2021-02-05,17:39:24.033000,15805,15806,15806,1
2021-02-05,17:39:25.891000,15805,15806,15805,1
2021-02-05,17:39:25.891000,15805,15806,15805,2
2021-02-05,17:39:26.075000,15804,15806,15804,1
2021-02-05,17:40:05.358000,15804,15805,15805,1
2021-02-05,17:40:05.358000,15804,15805,15805,1
2021-02-05,17:40:20.143000,15805,15806,15805,1
2021-02-05,17:40:32.984000,15805,15806,15805,2
2021-02-05,17:40:45.550000,15805,15806,15805,1
2021-02-05,17:41:12.009000,15805,15806,15805,1
2021-02-05,17:41:12.553000,15805,15806,15805,1
2021-02-05,17:41:12.728000,15805,15806,15806,1
2021-02-05,17:41:13.088000,15805,15806,15806,2
2021-02-05,17:41:13.108000,15805,15806,15806,1
2021-02-05,17:41:16.875000,15805,15806,15806,1
2021-02-05,17:41:17.981000,15805,15806,15806,1
2021-02-05,17:41:18.094000,15805,15806,15806,3
2021-02-05,17:41:18.094000,15805,15806,15806,1
2021-02-05,17:41:22.042000,15805,15807,15805,1
2021-02-05,17:41:37.438000,15805,15807,15806,1
2021-02-05,17:41:50.129000,15806,15807,15806,1
2021-02-05,17:42:10.608000,15806,15807,15807,1
2021-02-05,17:42:10.609000,15806,15807,15807,7
2021-02-05,17:42:10.610000,15806,15807,15808,12
2021-02-05,17:42:10.915000,15808,15809,15809,1
2021-02-05,17:42:10.915000,15808,15809,15809,2
2021-02-05,17:42:10.915000,15808,15809,15809,10
2021-02-05,17:42:13.529000,15809,15810,15809,1
2021-02-05,17:42:14.849000,15809,15810,15809,1
2021-02-05,17:42:14.849000,15809,15810,15809,1
2021-02-05,17:42:14.850000,15809,15810,15809,1
2021-02-05,17:42:14.850000,15809,15810,15809,1
2021-02-05,17:42:16.801000,15809,15810,15810,1
2021-02-05,17:42:16.954000,15809,15810,15809,1
2021-02-05,17:42:17.862000,15808,15810,15809,1
2021-02-05,17:42:19.496000,15808,15809,15809,1
2021-02-05,17:42:23.761000,15808,15810,15809,1
2021-02-05,17:42:24.900000,15809,15810,15809,1
2021-02-05,17:42:25.941000,15809,15810,15809,1
2021-02-05,17:42:27.232000,15808,15809,15809,1
2021-02-05,17:42:29.433000,15808,15809,15809,2
2021-02-05,17:42:29.772000,15808,15809,15809,1
2021-02-05,17:42:31.392000,15808,15810,15809,1
2021-02-05,17:42:31.804000,15808,15809,15809,1
2021-02-05,17:42:31.805000,15808,15809,15809,1
2021-02-05,17:42:43.873000,15808,15809,15809,1
2021-02-05,17:42:45.806000,15809,15810,15809,1
2021-02-05,17:42:53.475000,15809,15810,15809,1
2021-02-05,17:43:05.060000,15809,15810,15810,23
2021-02-05,17:43:05.061000,15809,15810,15811,1
2021-02-05,17:43:05.061000,15809,15810,15811,1
2021-02-05,17:43:05.061000,15809,15810,15811,2
2021-02-05,17:43:05.061000,15809,15810,15811,4
2021-02-05,17:43:05.140000,15810,15812,15812,1
2021-02-05,17:43:05.207000,15810,15812,15810,1
2021-02-05,17:43:05.215000,15810,15812,15810,1
2021-02-05,17:43:05.298000,15810,15812,15810,1
2021-02-05,17:43:05.394000,15810,15812,15810,1
2021-02-05,17:43:08.485000,15811,15812,15812,1
2021-02-05,17:43:11.659000,15811,15812,15811,4
2021-02-05,17:43:12.613000,15810,15812,15811,1
2021-02-05,17:43:18.326000,15811,15812,15811,1
2021-02-05,17:43:20.570000,15811,15812,15811,1
2021-02-05,17:43:20.717000,15810,15812,15811,1
2021-02-05,17:43:23.795000,15810,15812,15812,1
2021-02-05,17:43:29.739000,15810,15812,15810,1
2021-02-05,17:43:31.858000,15810,15811,15811,1
2021-02-05,17:43:31.859000,15810,15811,15811,1
2021-02-05,17:43:33.317000,15810,15811,15810,1
2021-02-05,17:43:34.345000,15810,15811,15811,3
2021-02-05,17:43:36.654000,15810,15812,15811,1
2021-02-05,17:43:37.216000,15810,15811,15811,1
2021-02-05,17:43:45.770000,15810,15811,15810,4
2021-02-05,17:43:45.771000,15810,15811,15810,4
2021-02-05,17:43:45.771000,15810,15811,15810,3
2021-02-05,17:43:45.787000,15810,15811,15809,1
2021-02-05,17:43:45.788000,15810,15811,15809,1
2021-02-05,17:43:45.788000,15810,15811,15809,2
2021-02-05,17:43:45.789000,15810,15811,15809,5
2021-02-05,17:43:45.789000,15810,15811,15809,1
2021-02-05,17:43:47.314000,15807,15809,15809,1
2021-02-05,17:43:48.752000,15808,15810,15808,2
2021-02-05,17:43:48.877000,15808,15809,15808,1
2021-02-05,17:43:52.550000,15808,15809,15809,1
2021-02-05,17:43:52.608000,15808,15809,15809,1
2021-02-05,17:43:55.889000,15808,15810,15810,1
2021-02-05,17:44:05.730000,15808,15810,15810,1
2021-02-05,17:44:09.918000,15808,15810,15810,1
2021-02-05,17:44:17.891000,15809,15810,15810,5
2021-02-05,17:44:17.894000,15809,15810,15810,5
2021-02-05,17:44:18.948000,15809,15810,15810,1
2021-02-05,17:44:20.762000,15809,15810,15810,2
2021-02-05,17:44:21.886000,15809,15811,15811,1
2021-02-05,17:44:25.457000,15810,15811,15810,1
2021-02-05,17:44:34.305000,15810,15811,15810,2
2021-02-05,17:44:34.305000,15810,15811,15810,1
2021-02-05,17:44:35.658000,15809,15810,15810,1
2021-02-05,17:44:35.827000,15809,15811,15811,1
2021-02-05,17:44:44.577000,15810,15811,15811,1
2021-02-05,17:44:50.576000,15810,15811,15811,2
2021-02-05,17:44:59.595000,15810,15811,15811,1
2021-02-05,17:45:02.185000,15810,15811,15811,3
2021-02-05,17:45:02.186000,15810,15811,15811,1
2021-02-05,17:45:03.184000,15810,15812,15812,1
2021-02-05,17:45:03.185000,15810,15812,15812,1
2021-02-05,17:45:03.185000,15810,15812,15812,1
2021-02-05,17:45:03.783000,15810,15812,15812,1
2021-02-05,17:45:04.283000,15810,15811,15811,1
2021-02-05,17:45:04.283000,15810,15811,15812,2
2021-02-05,17:45:05.910000,15811,15812,15811,2
2021-02-05,17:45:07.081000,15810,15811,15811,1
2021-02-05,17:45:11.671000,15811,15812,15811,1
2021-02-05,17:45:11.734000,15811,15812,15812,1
2021-02-05,17:45:23.158000,15810,15812,15812,2
2021-02-05,17:45:29.933000,15811,15812,15812,1
2021-02-05,17:45:36.705000,15810,15812,15812,4
2021-02-05,17:45:36.738000,15811,15813,15813,3
2021-02-05,17:45:36.738000,15811,15813,15813,5
2021-02-05,17:45:36.777000,15811,15813,15814,1
2021-02-05,17:45:36.777000,15811,15813,15814,1
2021-02-05,17:45:36.779000,15811,15813,15814,1
2021-02-05,17:45:36.932000,15813,15814,15813,1
2021-02-05,17:45:36.946000,15813,15814,15814,5
2021-02-05,17:45:36.946000,15813,15814,15815,5
2021-02-05,17:45:36.960000,15813,15814,15814,1
2021-02-05,17:45:36.961000,15813,15814,15814,1
2021-02-05,17:45:37.002000,15813,15815,15815,1
2021-02-05,17:45:37.022000,15813,15815,15813,1
2021-02-05,17:45:37.189000,15814,15815,15815,1
2021-02-05,17:45:37.193000,15814,15815,15814,1
2021-02-05,17:45:37.380000,15814,15815,15815,1
2021-02-05,17:45:37.532000,15814,15815,15815,1
2021-02-05,17:45:42.173000,15814,15815,15815,1
2021-02-05,17:45:42.323000,15814,15815,15814,2
2021-02-05,17:45:42.325000,15814,15815,15814,1
2021-02-05,17:45:45.090000,15814,15815,15815,1
2021-02-05,17:45:46.269000,15814,15815,15814,1
2021-02-05,17:45:47.098000,15814,15815,15814,1
2021-02-05,17:45:47.423000,15814,15815,15814,1
2021-02-05,17:45:48.094000,15814,15815,15814,1
2021-02-05,17:45:49.489000,15814,15815,15815,1
2021-02-05,17:45:51.016000,15814,15815,15814,1
2021-02-05,17:45:52.426000,15813,15814,15813,3
2021-02-05,17:45:52.881000,15811,15813,15813,1
2021-02-05,17:45:52.937000,15811,15813,15813,4
2021-02-05,17:45:57.427000,15811,15813,15812,2
2021-02-05,17:46:02.538000,15811,15812,15811,1
2021-02-05,17:46:06.994000,15810,15812,15812,1
2021-02-05,17:46:09.045000,15810,15812,15810,5
2021-02-05,17:46:11.767000,15810,15812,15812,1
2021-02-05,17:46:13.183000,15810,15812,15811,2
2021-02-05,17:46:17.869000,15810,15812,15812,1
2021-02-05,17:46:18.634000,15810,15812,15812,1
2021-02-05,17:46:24.732000,15811,15812,15812,1
2021-02-05,17:46:24.732000,15811,15812,15813,2
2021-02-05,17:46:28.617000,15812,15813,15813,1
2021-02-05,17:46:29.898000,15812,15813,15812,1
2021-02-05,17:46:35.331000,15811,15813,15813,4
2021-02-05,17:46:35.331000,15811,15813,15814,8
2021-02-05,17:46:35.923000,15812,15814,15814,1
2021-02-05,17:46:39.198000,15812,15814,15814,1
2021-02-05,17:46:51.053000,15812,15814,15813,1
2021-02-05,17:47:19.984000,15812,15813,15812,4
2021-02-05,17:47:20.177000,15811,15813,15811,1
2021-02-05,17:47:30.480000,15811,15812,15812,1
2021-02-05,17:47:46.597000,15811,15812,15811,1
2021-02-05,17:47:54.648000,15810,15812,15811,1
2021-02-05,17:47:56.702000,15810,15812,15810,1
2021-02-05,17:48:01.907000,15810,15811,15810,1
2021-02-05,17:48:02.090000,15810,15811,15810,1
2021-02-05,17:48:02.209000,15810,15811,15811,1
2021-02-05,17:48:02.248000,15810,15811,15811,2
2021-02-05,17:48:02.248000,15810,15811,15812,4
2021-02-05,17:48:03.773000,15810,15811,15811,1
2021-02-05,17:48:03.773000,15810,15811,15812,2
2021-02-05,17:48:03.773000,15810,15811,15813,1
2021-02-05,17:48:17.642000,15810,15812,15811,1
2021-02-05,17:48:27.529000,15811,15812,15811,1
2021-02-05,17:48:29.036000,15810,15812,15812,1
2021-02-05,17:48:33.323000,15810,15812,15812,4
2021-02-05,17:48:33.323000,15810,15812,15812,1
2021-02-05,17:48:34.483000,15811,15812,15811,1
2021-02-05,17:48:35.108000,15811,15812,15811,1
2021-02-05,17:48:46.041000,15810,15811,15811,2
2021-02-05,17:48:47.180000,15810,15812,15812,2
2021-02-05,17:48:49.858000,15810,15811,15810,4
2021-02-05,17:48:49.858000,15810,15811,15810,1
2021-02-05,17:48:51.281000,15809,15810,15810,1
2021-02-05,17:48:51.706000,15809,15811,15811,2
2021-02-05,17:48:51.729000,15809,15811,15812,5
2021-02-05,17:48:56.594000,15809,15812,15809,1
2021-02-05,17:48:56.746000,15809,15812,15809,1
2021-02-05,17:49:12.547000,15810,15812,15810,2
2021-02-05,17:49:13.199000,15810,15812,15810,1
2021-02-05,17:49:15.618000,15810,15812,15810,1
2021-02-05,17:49:20.946000,15809,15810,15810,1
2021-02-05,17:49:29.930000,15809,15810,15809,1
2021-02-05,17:49:34.058000,15809,15810,15809,1
2021-02-05,17:49:37.237000,15809,15810,15809,1
2021-02-05,17:49:38.937000,15809,15810,15809,1
2021-02-05,17:49:41.234000,15808,15809,15809,3
2021-02-05,17:49:48.823000,15808,15810,15808,10
2021-02-05,17:49:53.599000,15807,15810,15808,1
2021-02-05,17:50:08.722000,15810,15811,15810,1
2021-02-05,17:50:08.722000,15810,15811,15810,1
2021-02-05,17:50:09.103000,15809,15811,15810,2
2021-02-05,17:50:14.322000,15810,15811,15810,2
2021-02-05,17:50:17.256000,15810,15811,15810,1
2021-02-05,17:50:20.171000,15810,15811,15810,1
2021-02-05,17:50:20.171000,15810,15811,15810,1
2021-02-05,17:50:28.307000,15808,15810,15810,1
2021-02-05,17:50:38.552000,15808,15810,15810,1
2021-02-05,17:50:45.061000,15808,15810,15810,1
2021-02-05,17:50:46.818000,15808,15810,15808,1
2021-02-05,17:51:19.261000,15808,15810,15808,9
2021-02-05,17:51:19.264000,15808,15810,15808,1
2021-02-05,17:52:12.483000,15808,15809,15808,1
2021-02-05,17:52:12.483000,15808,15809,15808,1
2021-02-05,17:52:22.590000,15807,15808,15808,3
2021-02-05,17:52:29.866000,15807,15809,15807,1
2021-02-05,17:52:30.256000,15807,15809,15809,1
2021-02-05,17:52:45.378000,15807,15809,15809,2
2021-02-05,17:53:04.212000,15808,15810,15809,1
2021-02-05,17:53:36.628000,15809,15810,15810,1
2021-02-05,17:53:59.701000,15808,15809,15808,1
2021-02-05,17:53:59.702000,15808,15809,15808,2
2021-02-05,17:54:29.177000,15808,15809,15808,1
2021-02-05,17:54:29.530000,15808,15809,15809,1
2021-02-05,17:54:29.530000,15808,15809,15810,5
2021-02-05,17:54:33.380000,15809,15810,15809,1
2021-02-05,17:54:45.282000,15809,15810,15809,1
2021-02-05,17:54:57.769000,15809,15810,15809,1
2021-02-05,17:54:59.374000,15809,15810,15810,1
2021-02-05,17:54:59.374000,15809,15810,15810,6
2021-02-05,17:54:59.375000,15809,15810,15811,4
2021-02-05,17:54:59.375000,15809,15810,15811,2
2021-02-05,17:54:59.376000,15809,15810,15812,1
2021-02-05,17:54:59.376000,15809,15810,15812,2
2021-02-05,17:55:10.108000,15811,15812,15811,1
2021-02-05,17:55:11.087000,15810,15812,15810,1
2021-02-05,17:55:13.293000,15810,15812,15812,5
2021-02-05,17:55:14.579000,15811,15812,15811,1
2021-02-05,17:55:20.393000,15809,15811,15809,1
2021-02-05,17:55:31.922000,15809,15811,15809,1
2021-02-05,17:55:32.733000,15809,15811,15809,1
2021-02-05,17:55:46.107000,15809,15811,15809,4
2021-02-05,17:56:16.630000,15808,15810,15808,2
2021-02-05,17:56:33.953000,15808,15809,15808,1
2021-02-05,17:56:34.610000,15808,15809,15808,2
2021-02-05,17:56:38.546000,15807,15809,15807,1
2021-02-05,17:56:38.628000,15807,15809,15807,1
2021-02-05,17:56:40.564000,15807,15809,15807,2
2021-02-05,17:56:59.657000,15807,15809,15807,1
2021-02-05,17:57:00.921000,15807,15809,15807,1
2021-02-05,17:57:19.312000,15807,15809,15807,1
2021-02-05,17:57:24.983000,15807,15808,15807,1
2021-02-05,17:57:38.455000,15807,15808,15807,1
2021-02-05,17:57:40.509000,15807,15809,15807,3
2021-02-05,17:57:55.579000,15807,15808,15807,6
2021-02-05,17:57:55.608000,15806,15807,15806,1
2021-02-05,17:57:56.624000,15806,15807,15807,1
2021-02-05,17:57:56.624000,15806,15807,15808,1
2021-02-05,17:57:57.608000,15807,15808,15807,1
2021-02-05,17:58:02.602000,15806,15808,15806,1
2021-02-05,17:58:06.634000,15806,15808,15806,1
2021-02-05,17:58:13.789000,15806,15807,15806,2
2021-02-05,17:58:13.861000,15806,15807,15806,1
2021-02-05,17:58:13.861000,15806,15807,15806,1
2021-02-05,17:58:18.475000,15805,15806,15805,1
2021-02-05,17:58:18.744000,15805,15806,15806,1
2021-02-05,17:58:21.561000,15805,15807,15805,1
2021-02-05,17:58:21.729000,15805,15807,15805,1
2021-02-05,17:58:21.907000,15805,15807,15805,1
2021-02-05,17:58:34.823000,15806,15807,15807,1
2021-02-05,17:58:47.225000,15807,15808,15807,1
2021-02-05,17:58:58.921000,15806,15808,15806,1
2021-02-05,17:59:12.263000,15806,15808,15808,1
2021-02-05,17:59:16.971000,15806,15808,15808,2
2021-02-05,17:59:26.049000,15806,15808,15806,1
2021-02-05,17:59:26.209000,15806,15808,15806,1
2021-02-05,17:59:26.369000,15806,15808,15806,1
2021-02-05,17:59:41.674000,15807,15808,15807,1
2021-02-05,17:59:49.913000,15806,15808,15806,1
2021-02-05,18:00:01.765000,15806,15808,15806,1
2021-02-05,18:00:01.989000,15806,15808,15806,1
2021-02-05,18:00:02.116000,15805,15808,15808,4
2021-02-05,18:00:02.261000,15806,15808,15808,4
2021-02-05,18:00:02.304000,15806,15808,15808,1
2021-02-05,18:00:02.306000,15806,15808,15808,1
2021-02-05,18:00:02.306000,15806,15808,15809,1
2021-02-05,18:00:02.495000,15806,15809,15806,1
2021-02-05,18:01:17.772000,15806,15808,15806,1
2021-02-05,18:01:23.328000,15806,15808,15806,1
2021-02-05,18:01:23.359000,15805,15808,15808,1
2021-02-05,18:02:35.083000,15806,15808,15806,1
2021-02-05,18:02:39.781000,15806,15808,15807,1
2021-02-05,18:02:39.860000,15806,15808,15808,1
2021-02-05,18:02:52.673000,15807,15808,15807,1
2021-02-05,18:03:21.612000,15807,15808,15807,1
2021-02-05,18:04:11.710000,15806,15807,15806,4
2021-02-05,18:04:26.147000,15806,15807,15806,2
2021-02-05,18:05:01.450000,15805,15806,15806,3
2021-02-05,18:05:03.400000,15806,15807,15806,1
2021-02-05,18:05:12.001000,15806,15807,15807,2
2021-02-05,18:05:18.556000,15807,15808,15807,1
2021-02-05,18:05:41.795000,15807,15808,15808,1
2021-02-05,18:05:47.210000,15807,15808,15807,1
2021-02-05,18:05:59.698000,15807,15808,15808,1
2021-02-05,18:06:44.101000,15808,15809,15808,1
2021-02-05,18:07:13.858000,15807,15808,15808,1
2021-02-05,18:07:36.152000,15807,15808,15808,1
2021-02-05,18:07:36.328000,15807,15808,15808,1
2021-02-05,18:07:58.854000,15808,15809,15808,2
2021-02-05,18:08:06.224000,15807,15808,15808,2
2021-02-05,18:08:41.865000,15807,15808,15808,1
2021-02-05,18:09:10.742000,15807,15808,15808,1
2021-02-05,18:10:52.747000,15807,15808,15808,1
2021-02-05,18:11:26.250000,15807,15808,15808,1
2021-02-05,18:11:35.906000,15808,15809,15809,2
2021-02-05,18:12:05.675000,15808,15809,15808,1
2021-02-05,18:12:05.954000,15808,15809,15809,1
2021-02-05,18:12:21.764000,15808,15809,15809,1
2021-02-05,18:12:25.017000,15808,15809,15808,1
2021-02-05,18:12:25.017000,15808,15809,15808,1
2021-02-05,18:13:25.501000,15807,15808,15808,2
2021-02-05,18:14:22.983000,15808,15809,15808,1
2021-02-05,18:14:54.092000,15808,15809,15808,1
2021-02-05,18:14:58.822000,15808,15809,15809,1
2021-02-05,18:14:58.904000,15808,15810,15810,5
2021-02-05,18:14:59.109000,15810,15811,15811,3
2021-02-05,18:14:59.109000,15810,15811,15811,3
2021-02-05,18:14:59.307000,15809,15811,15811,2
2021-02-05,18:14:59.307000,15809,15811,15811,1
2021-02-05,18:16:07.858000,15809,15810,15809,2
2021-02-05,18:16:09.842000,15808,15810,15810,1
2021-02-05,18:17:04.054000,15808,15809,15809,1
2021-02-05,18:18:32.899000,15808,15809,15809,1
2021-02-05,18:18:42.148000,15808,15809,15808,2
2021-02-05,18:18:42.148000,15808,15809,15808,1
2021-02-05,18:18:42.149000,15808,15809,15808,3
2021-02-05,18:19:10.032000,15807,15808,15807,1
2021-02-05,18:19:10.033000,15807,15808,15807,3
2021-02-05,18:19:10.129000,15806,15808,15806,7
2021-02-05,18:19:10.129000,15806,15808,15805,8
2021-02-05,18:19:16.562000,15805,15807,15805,2
2021-02-05,18:19:34.411000,15806,15807,15806,1
2021-02-05,18:19:53.285000,15806,15807,15807,1
2021-02-05,18:20:01.051000,15807,15808,15807,1
2021-02-05,18:20:12.672000,15806,15808,15806,1
2021-02-05,18:20:14.564000,15806,15808,15807,1
2021-02-05,18:20:33.282000,15807,15808,15808,2
