2022-02-18 15:00:00.064,18206,18207,18205,157,-157
2022-02-18 15:00:00.065,18205,18207,18207,2,2
2022-02-18 15:00:00.104,18205,18208,18205,4,-4
2022-02-18 15:00:00.104,18205,18208,18208,11,11
2022-02-18 15:00:00.127,18206,18210,18206,2,-2
2022-02-18 15:00:00.127,18206,18210,18205,1,-1
2022-02-18 15:00:00.150,18206,18210,18207,1,-1
2022-02-18 15:00:00.215,18205,18207,18207,2,2
2022-02-18 15:00:00.247,18205,18207,18205,1,-1
2022-02-18 15:00:00.252,18205,18207,18204,1,-1
2022-02-18 15:00:00.268,18205,18207,18204,5,-5
2022-02-18 15:00:00.268,18205,18207,18207,9,9
2022-02-18 15:00:00.315,18204,18210,18204,2,-2
2022-02-18 15:00:00.405,18204,18210,18206,3,-3
2022-02-18 15:00:00.405,18204,18210,18210,5,5
2022-02-18 15:00:00.478,18204,18211,18204,2,-2
2022-02-18 15:00:00.631,18205,18211,18209,2,2
2022-02-18 15:00:00.631,18205,18211,18210,1,1
2022-02-18 15:00:00.631,18205,18211,18211,1,1
2022-02-18 15:00:00.631,18205,18211,18208,1,1
2022-02-18 15:00:00.739,18206,18208,18207,1,1
2022-02-18 15:00:00.739,18206,18208,18206,4,-4
2022-02-18 15:00:00.739,18206,18208,18205,1,-1
2022-02-18 15:00:00.739,18206,18208,18204,4,-4
2022-02-18 15:00:00.740,18206,18208,18207,1,1
2022-02-18 15:00:00.740,18206,18208,18207,1,1
2022-02-18 15:00:00.749,18206,18208,18208,1,1
2022-02-18 15:00:00.811,18207,18209,18207,1,-1
2022-02-18 15:00:00.811,18207,18209,18206,3,-3
2022-02-18 15:00:00.811,18207,18209,18205,1,-1
2022-02-18 15:00:00.811,18207,18209,18206,2,-2
2022-02-18 15:00:00.812,18207,18209,18207,1,-1
2022-02-18 15:00:00.813,18207,18209,18206,2,-2
2022-02-18 15:00:00.845,18207,18209,18207,1,-1
2022-02-18 15:00:00.859,18207,18209,18206,1,-1
2022-02-18 15:00:00.859,18207,18209,18205,2,-2
2022-02-18 15:00:00.859,18207,18209,18204,3,-3
2022-02-18 15:00:00.859,18207,18209,18203,2,-2
2022-02-18 15:00:00.860,18207,18209,18207,1,-1
2022-02-18 15:00:00.942,18204,18208,18208,2,2
2022-02-18 15:00:00.942,18204,18208,18209,1,1
2022-02-18 15:00:00.950,18204,18208,18207,3,3
2022-02-18 15:00:00.951,18204,18208,18208,1,1
2022-02-18 15:00:00.964,18204,18208,18208,1,1
2022-02-18 15:00:01.002,18204,18208,18209,2,2
2022-02-18 15:00:01.013,18204,18208,18210,1,1
2022-02-18 15:00:01.014,18204,18208,18209,1,1
2022-02-18 15:00:01.063,18208,18209,18209,2,2
2022-02-18 15:00:01.125,18208,18209,18210,2,2
2022-02-18 15:00:01.189,18209,18211,18210,2,2
2022-02-18 15:00:01.221,18209,18211,18210,1,1
2022-02-18 15:00:01.224,18209,18211,18209,3,-3
2022-02-18 15:00:01.248,18209,18211,18210,2,2
2022-02-18 15:00:01.280,18209,18211,18209,1,-1
2022-02-18 15:00:01.280,18209,18211,18208,2,-2
2022-02-18 15:00:01.280,18209,18211,18208,3,-3
2022-02-18 15:00:01.281,18209,18211,18209,1,-1
2022-02-18 15:00:01.573,18209,18211,18209,4,-4
2022-02-18 15:00:01.574,18209,18211,18210,2,2
2022-02-18 15:00:01.622,18209,18211,18210,1,1
2022-02-18 15:00:01.622,18209,18211,18210,1,1
2022-02-18 15:00:01.623,18209,18211,18209,4,-4
2022-02-18 15:00:01.640,18209,18211,18209,1,-1
2022-02-18 15:00:01.640,18209,18211,18208,1,-1
2022-02-18 15:00:01.641,18209,18211,18210,1,1
2022-02-18 15:00:01.848,18209,18211,18209,1,-1
2022-02-18 15:00:01.861,18209,18211,18209,2,-2
2022-02-18 15:00:01.862,18209,18211,18210,1,1
2022-02-18 15:00:01.969,18208,18210,18208,1,-1
2022-02-18 15:00:01.970,18208,18210,18209,1,1
2022-02-18 15:00:02.083,18208,18210,18210,1,1
2022-02-18 15:00:02.179,18208,18210,18210,1,1
2022-02-18 15:00:02.189,18208,18210,18210,2,2
2022-02-18 15:00:02.228,18208,18210,18211,1,1
2022-02-18 15:00:02.240,18208,18210,18211,4,4
2022-02-18 15:00:02.240,18208,18210,18211,2,2
2022-02-18 15:00:02.414,18210,18211,18210,1,-1
2022-02-18 15:00:02.485,18210,18211,18211,3,3
2022-02-18 15:00:02.529,18210,18211,18212,1,1
2022-02-18 15:00:03.220,18210,18212,18210,1,-1
2022-02-18 15:00:03.247,18210,18212,18209,1,-1
2022-02-18 15:00:03.642,18208,18210,18207,1,-1
2022-02-18 15:00:04.163,18208,18209,18208,1,-1
2022-02-18 15:00:04.163,18208,18209,18208,1,-1
2022-02-18 15:00:04.650,18208,18209,18208,1,-1
2022-02-18 15:00:04.650,18208,18209,18207,2,-2
2022-02-18 15:00:04.678,18208,18209,18209,1,1
2022-02-18 15:00:05.005,18208,18209,18208,1,-1
2022-02-18 15:00:05.005,18208,18209,18207,4,-4
2022-02-18 15:00:05.141,18208,18209,18209,1,1
2022-02-18 15:00:05.257,18208,18209,18208,1,-1
2022-02-18 15:00:05.257,18208,18209,18207,1,-1
2022-02-18 15:00:05.556,18207,18209,18209,1,1
2022-02-18 15:00:05.652,18207,18209,18208,1,1
2022-02-18 15:00:05.802,18207,18210,18207,1,-1
2022-02-18 15:00:05.818,18207,18210,18209,1,1
2022-02-18 15:00:05.968,18207,18209,18208,1,1
2022-02-18 15:00:06.104,18207,18209,18208,2,2
2022-02-18 15:00:06.277,18207,18209,18207,2,-2
2022-02-18 15:00:06.765,18207,18208,18208,2,2
2022-02-18 15:00:06.921,18207,18209,18207,1,-1
2022-02-18 15:00:07.274,18207,18208,18207,2,-2
2022-02-18 15:00:07.432,18206,18208,18208,3,3
2022-02-18 15:00:08.252,18207,18208,18208,1,1
2022-02-18 15:00:08.273,18207,18208,18208,3,3
2022-02-18 15:00:08.318,18207,18208,18207,1,-1
2022-02-18 15:00:08.915,18207,18208,18208,1,1
2022-02-18 15:00:08.961,18207,18208,18209,3,3
2022-02-18 15:00:09.069,18207,18208,18208,1,1
2022-02-18 15:00:09.925,18208,18209,18209,1,1
2022-02-18 15:00:10.074,18208,18209,18209,1,1
2022-02-18 15:00:10.360,18208,18209,18208,1,-1
2022-02-18 15:00:10.786,18208,18209,18208,2,-2
2022-02-18 15:00:10.881,18208,18209,18208,1,-1
2022-02-18 15:00:11.519,18207,18209,18209,1,1
2022-02-18 15:00:11.740,18207,18209,18207,1,-1
2022-02-18 15:00:11.999,18208,18209,18208,1,-1
2022-02-18 15:00:12.001,18208,18209,18208,1,-1
2022-02-18 15:00:13.081,18207,18209,18208,1,1
2022-02-18 15:00:15.183,18208,18209,18208,1,-1
2022-02-18 15:00:15.401,18208,18209,18208,4,-4
2022-02-18 15:00:16.026,18208,18209,18209,1,1
2022-02-18 15:00:16.026,18208,18209,18209,1,1
2022-02-18 15:00:16.027,18208,18209,18209,2,2
2022-02-18 15:00:16.027,18208,18209,18209,1,1
2022-02-18 15:00:17.274,18208,18210,18208,1,-1
2022-02-18 15:00:17.770,18207,18208,18208,2,2
2022-02-18 15:00:17.770,18207,18208,18208,1,1
2022-02-18 15:00:17.771,18207,18208,18208,1,1
2022-02-18 15:00:17.848,18207,18209,18207,1,-1
2022-02-18 15:00:18.621,18208,18209,18208,3,-3
2022-02-18 15:00:19.143,18208,18209,18209,1,1
2022-02-18 15:00:19.931,18209,18210,18209,1,-1
2022-02-18 15:00:20.072,18209,18210,18209,2,-2
2022-02-18 15:00:21.646,18208,18209,18208,1,-1
2022-02-18 15:00:21.673,18208,18209,18208,1,-1
2022-02-18 15:00:23.230,18208,18209,18208,1,-1
2022-02-18 15:00:23.384,18207,18208,18208,1,1
2022-02-18 15:00:23.720,18208,18209,18209,5,5
2022-02-18 15:00:24.760,18209,18210,18210,1,1
2022-02-18 15:00:24.811,18209,18210,18209,1,-1
2022-02-18 15:00:25.306,18209,18210,18210,1,1
2022-02-18 15:00:25.306,18209,18210,18210,1,1
2022-02-18 15:00:27.112,18209,18210,18210,2,2
2022-02-18 15:00:27.114,18209,18210,18210,5,5
2022-02-18 15:00:27.588,18210,18211,18210,1,-1
2022-02-18 15:00:27.974,18210,18211,18211,1,1
2022-02-18 15:00:29.505,18210,18211,18211,1,1
2022-02-18 15:00:30.194,18210,18211,18211,1,1
2022-02-18 15:00:30.682,18210,18211,18211,1,1
2022-02-18 15:00:31.011,18210,18211,18211,1,1
2022-02-18 15:00:31.041,18210,18211,18211,3,3
2022-02-18 15:00:31.173,18211,18212,18211,1,-1
2022-02-18 15:00:31.372,18210,18211,18211,1,1
2022-02-18 15:00:32.227,18211,18212,18211,1,-1
2022-02-18 15:00:32.229,18211,18212,18211,1,-1
2022-02-18 15:00:32.656,18211,18212,18212,1,1
2022-02-18 15:00:32.859,18211,18212,18212,1,1
2022-02-18 15:00:32.933,18211,18212,18211,1,-1
2022-02-18 15:00:33.235,18211,18212,18211,1,-1
2022-02-18 15:00:34.465,18210,18211,18210,6,-6
2022-02-18 15:00:34.959,18209,18210,18210,1,1
2022-02-18 15:00:35.090,18209,18210,18209,6,-6
2022-02-18 15:00:35.685,18208,18209,18209,1,1
2022-02-18 15:00:35.755,18208,18209,18208,1,-1
2022-02-18 15:00:35.841,18208,18209,18209,1,1
2022-02-18 15:00:36.147,18208,18209,18209,1,1
2022-02-18 15:00:36.195,18209,18210,18210,1,1
2022-02-18 15:00:36.342,18209,18210,18210,1,1
2022-02-18 15:00:36.384,18209,18210,18209,1,-1
2022-02-18 15:00:36.463,18208,18210,18208,1,-1
2022-02-18 15:00:37.855,18208,18209,18208,1,-1
2022-02-18 15:00:38.363,18208,18209,18208,1,-1
2022-02-18 15:00:39.444,18208,18209,18209,2,2
2022-02-18 15:00:39.444,18208,18209,18209,1,1
2022-02-18 15:00:39.604,18209,18210,18210,2,2
2022-02-18 15:00:40.165,18209,18210,18210,1,1
2022-02-18 15:00:40.197,18209,18210,18209,5,-5
2022-02-18 15:00:40.525,18209,18211,18209,1,-1
2022-02-18 15:00:41.533,18209,18210,18210,1,1
2022-02-18 15:00:42.632,18209,18210,18210,1,1
2022-02-18 15:00:44.425,18209,18210,18210,1,1
2022-02-18 15:00:46.273,18209,18210,18209,4,-4
2022-02-18 15:00:46.663,18208,18209,18208,1,-1
2022-02-18 15:00:49.140,18208,18209,18208,5,-5
2022-02-18 15:00:49.863,18208,18209,18208,1,-1
2022-02-18 15:00:51.090,18208,18209,18208,3,-3
2022-02-18 15:00:52.420,18207,18208,18207,5,-5
2022-02-18 15:00:52.435,18207,18208,18208,1,1
2022-02-18 15:00:53.080,18208,18209,18208,1,-1
2022-02-18 15:00:54.215,18208,18209,18209,1,1
2022-02-18 15:00:54.804,18208,18210,18210,1,1
2022-02-18 15:00:56.485,18209,18210,18209,1,-1
2022-02-18 15:00:58.340,18209,18210,18210,3,3
2022-02-18 15:00:59.122,18210,18211,18210,2,-2
2022-02-18 15:01:00.201,18209,18210,18209,2,-2
2022-02-18 15:01:00.288,18208,18209,18208,2,-2
2022-02-18 15:01:00.288,18208,18209,18208,1,-1
2022-02-18 15:01:00.288,18208,18209,18208,2,-2
2022-02-18 15:01:00.288,18208,18209,18208,1,-1
2022-02-18 15:01:00.288,18208,18209,18208,1,-1
2022-02-18 15:01:00.289,18208,18209,18208,1,-1
2022-02-18 15:01:00.289,18208,18209,18207,1,-1
2022-02-18 15:01:00.415,18208,18209,18208,1,-1
2022-02-18 15:01:00.432,18208,18209,18208,1,-1
2022-02-18 15:01:00.432,18208,18209,18207,1,-1
2022-02-18 15:01:00.432,18208,18209,18207,1,-1
2022-02-18 15:01:00.437,18208,18209,18207,1,-1
2022-02-18 15:01:00.437,18208,18209,18207,2,-2
2022-02-18 15:01:00.437,18208,18209,18207,1,-1
2022-02-18 15:01:00.444,18208,18209,18207,1,-1
2022-02-18 15:01:00.444,18208,18209,18206,2,-2
2022-02-18 15:01:00.450,18208,18209,18206,1,-1
2022-02-18 15:01:00.450,18208,18209,18206,1,-1
2022-02-18 15:01:00.457,18208,18209,18209,4,4
2022-02-18 15:01:00.457,18208,18209,18210,2,2
2022-02-18 15:01:00.482,18208,18209,18207,1,-1
2022-02-18 15:01:00.483,18208,18209,18207,1,-1
2022-02-18 15:01:00.488,18208,18209,18207,1,-1
2022-02-18 15:01:00.489,18208,18209,18207,2,-2
2022-02-18 15:01:00.496,18208,18209,18207,1,-1
2022-02-18 15:01:00.497,18208,18209,18207,1,-1
2022-02-18 15:01:00.789,18208,18210,18210,1,1
2022-02-18 15:01:01.201,18208,18210,18208,1,-1
2022-02-18 15:01:01.286,18208,18210,18208,1,-1
2022-02-18 15:01:01.286,18208,18210,18208,1,-1
2022-02-18 15:01:01.286,18208,18210,18208,1,-1
2022-02-18 15:01:01.286,18208,18210,18207,1,-1
2022-02-18 15:01:01.286,18208,18210,18207,1,-1
2022-02-18 15:01:01.286,18208,18210,18207,1,-1
2022-02-18 15:01:01.287,18208,18210,18207,1,-1
2022-02-18 15:01:01.287,18208,18210,18207,1,-1
2022-02-18 15:01:01.287,18208,18210,18207,1,-1
2022-02-18 15:01:01.287,18208,18210,18207,1,-1
2022-02-18 15:01:02.866,18207,18209,18209,1,1
2022-02-18 15:01:03.761,18207,18209,18207,1,-1
2022-02-18 15:01:07.347,18207,18209,18209,3,3
2022-02-18 15:01:07.984,18208,18209,18208,2,-2
2022-02-18 15:01:07.984,18208,18209,18207,2,-2
2022-02-18 15:01:08.674,18207,18209,18207,1,-1
2022-02-18 15:01:08.786,18207,18209,18207,1,-1
2022-02-18 15:01:08.786,18207,18209,18207,1,-1
2022-02-18 15:01:08.786,18207,18209,18207,1,-1
2022-02-18 15:01:08.786,18207,18209,18207,1,-1
2022-02-18 15:01:08.786,18207,18209,18206,1,-1
2022-02-18 15:01:08.786,18207,18209,18206,2,-2
2022-02-18 15:01:08.786,18207,18209,18206,1,-1
2022-02-18 15:01:08.787,18207,18209,18207,1,-1
2022-02-18 15:01:08.788,18207,18209,18206,1,-1
2022-02-18 15:01:09.106,18206,18208,18208,2,2
2022-02-18 15:01:09.530,18207,18208,18207,2,-2
2022-02-18 15:01:09.530,18207,18208,18206,2,-2
2022-02-18 15:01:10.935,18207,18209,18207,1,-1
2022-02-18 15:01:12.598,18207,18209,18209,1,1
2022-02-18 15:01:12.727,18207,18209,18207,1,-1
2022-02-18 15:01:13.169,18207,18209,18207,3,-3
2022-02-18 15:01:15.402,18207,18209,18207,6,-6
2022-02-18 15:01:15.403,18207,18209,18207,4,-4
2022-02-18 15:01:15.446,18207,18209,18207,1,-1
2022-02-18 15:01:15.868,18207,18209,18209,1,1
2022-02-18 15:01:19.262,18207,18209,18209,1,1
2022-02-18 15:01:19.731,18207,18209,18209,1,1
2022-02-18 15:01:19.804,18207,18209,18207,1,-1
2022-02-18 15:01:20.802,18207,18209,18209,9,9
2022-02-18 15:01:20.911,18209,18210,18209,1,-1
2022-02-18 15:01:20.911,18209,18210,18209,1,-1
2022-02-18 15:01:20.911,18209,18210,18209,1,-1
2022-02-18 15:01:20.911,18209,18210,18209,1,-1
2022-02-18 15:01:20.911,18209,18210,18209,1,-1
2022-02-18 15:01:20.912,18209,18210,18209,1,-1
2022-02-18 15:01:20.912,18209,18210,18209,1,-1
2022-02-18 15:01:20.912,18209,18210,18209,1,-1
2022-02-18 15:01:20.912,18209,18210,18209,1,-1
2022-02-18 15:01:20.912,18209,18210,18209,1,-1
2022-02-18 15:01:20.912,18209,18210,18209,1,-1
2022-02-18 15:01:20.913,18209,18210,18209,4,-4
2022-02-18 15:01:20.913,18209,18210,18209,1,-1
2022-02-18 15:01:20.913,18209,18210,18209,1,-1
2022-02-18 15:01:20.913,18209,18210,18209,1,-1
2022-02-18 15:01:20.913,18209,18210,18209,2,-2
2022-02-18 15:01:20.915,18209,18210,18207,1,-1
2022-02-18 15:01:21.656,18207,18208,18208,2,2
2022-02-18 15:01:23.211,18208,18209,18208,1,-1
2022-02-18 15:01:23.875,18208,18209,18209,1,1
2022-02-18 15:01:26.647,18208,18209,18209,1,1
2022-02-18 15:01:26.647,18208,18209,18209,3,3
2022-02-18 15:01:26.648,18208,18209,18209,1,1
2022-02-18 15:01:28.724,18209,18210,18209,1,-1
2022-02-18 15:01:28.786,18209,18210,18209,1,-1
2022-02-18 15:01:28.786,18209,18210,18209,1,-1
2022-02-18 15:01:28.786,18209,18210,18209,1,-1
2022-02-18 15:01:28.786,18209,18210,18208,1,-1
2022-02-18 15:01:28.786,18209,18210,18208,1,-1
2022-02-18 15:01:28.786,18209,18210,18208,1,-1
2022-02-18 15:01:28.786,18209,18210,18208,1,-1
2022-02-18 15:01:28.786,18209,18210,18208,1,-1
2022-02-18 15:01:28.786,18209,18210,18208,1,-1
2022-02-18 15:01:28.786,18209,18210,18208,1,-1
2022-02-18 15:01:28.786,18209,18210,18208,1,-1
2022-02-18 15:01:28.786,18209,18210,18208,1,-1
2022-02-18 15:01:28.787,18209,18210,18208,1,-1
2022-02-18 15:01:28.787,18209,18210,18207,1,-1
2022-02-18 15:01:28.787,18209,18210,18207,1,-1
2022-02-18 15:01:28.787,18209,18210,18207,1,-1
2022-02-18 15:01:28.788,18209,18210,18207,1,-1
2022-02-18 15:01:30.263,18209,18210,18209,2,-2
2022-02-18 15:01:30.264,18209,18210,18209,2,-2
2022-02-18 15:01:31.738,18209,18210,18210,4,4
2022-02-18 15:01:33.213,18210,18211,18210,2,-2
2022-02-18 15:01:34.950,18210,18211,18210,1,-1
2022-02-18 15:01:39.024,18210,18211,18211,5,5
2022-02-18 15:01:39.728,18210,18211,18211,2,2
2022-02-18 15:01:43.293,18210,18211,18211,1,1
2022-02-18 15:01:43.294,18210,18211,18211,2,2
2022-02-18 15:01:43.295,18210,18211,18211,2,2
2022-02-18 15:01:43.295,18210,18211,18211,2,2
2022-02-18 15:01:43.411,18211,18212,18211,1,-1
2022-02-18 15:01:43.411,18211,18212,18211,1,-1
2022-02-18 15:01:43.411,18211,18212,18210,1,-1
2022-02-18 15:01:45.259,18210,18212,18210,1,-1
2022-02-18 15:01:47.501,18211,18212,18212,1,1
2022-02-18 15:01:47.505,18211,18212,18211,4,-4
2022-02-18 15:01:51.224,18211,18212,18212,7,7
2022-02-18 15:01:51.286,18212,18213,18212,1,-1
2022-02-18 15:01:51.286,18212,18213,18211,1,-1
2022-02-18 15:01:54.040,18211,18213,18211,2,-2
2022-02-18 15:01:54.878,18211,18213,18213,1,1
2022-02-18 15:01:55.264,18211,18213,18213,1,1
2022-02-18 15:01:55.973,18212,18213,18212,1,-1
2022-02-18 15:01:58.240,18212,18213,18213,4,4
2022-02-18 15:01:58.240,18212,18213,18214,1,1
2022-02-18 15:01:59.636,18212,18214,18212,2,-2
2022-02-18 15:01:59.636,18212,18214,18211,2,-2
2022-02-18 15:01:59.662,18211,18213,18211,1,-1
2022-02-18 15:02:00.002,18211,18213,18212,1,1
2022-02-18 15:02:00.181,18212,18213,18212,1,-1
2022-02-18 15:02:00.219,18212,18213,18212,1,-1
2022-02-18 15:02:00.297,18212,18213,18212,1,-1
2022-02-18 15:02:00.305,18212,18213,18212,1,-1
2022-02-18 15:02:00.351,18212,18213,18211,1,-1
2022-02-18 15:02:00.411,18211,18213,18211,1,-1
2022-02-18 15:02:00.422,18211,18213,18211,1,-1
2022-02-18 15:02:00.482,18211,18213,18211,1,-1
2022-02-18 15:02:00.504,18211,18213,18211,1,-1
2022-02-18 15:02:00.517,18211,18213,18211,1,-1
2022-02-18 15:02:00.599,18210,18212,18210,1,-1
2022-02-18 15:02:00.626,18210,18212,18210,1,-1
2022-02-18 15:02:01.546,18211,18212,18212,3,3
2022-02-18 15:02:01.546,18211,18212,18213,2,2
2022-02-18 15:02:02.539,18211,18212,18211,1,-1
2022-02-18 15:02:07.521,18211,18212,18212,1,1
2022-02-18 15:02:08.850,18212,18213,18212,1,-1
2022-02-18 15:02:11.130,18212,18213,18213,1,1
2022-02-18 15:02:14.952,18212,18213,18213,1,1
2022-02-18 15:02:19.428,18213,18214,18214,2,2
2022-02-18 15:02:19.429,18213,18214,18214,4,4
2022-02-18 15:02:21.694,18213,18214,18214,1,1
2022-02-18 15:02:21.694,18213,18214,18214,1,1
2022-02-18 15:02:22.582,18213,18215,18214,1,1
2022-02-18 15:02:23.309,18213,18215,18213,1,-1
2022-02-18 15:02:23.531,18213,18215,18215,1,1
2022-02-18 15:02:23.606,18213,18215,18215,1,1
2022-02-18 15:02:24.625,18213,18214,18214,2,2
2022-02-18 15:02:24.626,18213,18214,18215,1,1
2022-02-18 15:02:25.346,18214,18215,18215,1,1
2022-02-18 15:02:26.027,18214,18215,18215,1,1
2022-02-18 15:02:28.345,18214,18215,18215,1,1
2022-02-18 15:02:28.703,18214,18215,18215,5,5
2022-02-18 15:02:28.703,18214,18215,18216,4,4
2022-02-18 15:02:29.368,18214,18215,18215,4,4
2022-02-18 15:02:29.575,18214,18215,18215,1,1
2022-02-18 15:02:31.110,18214,18216,18216,2,2
2022-02-18 15:02:31.610,18214,18216,18214,62,-62
2022-02-18 15:02:31.612,18214,18216,18213,1,-1
2022-02-18 15:02:31.612,18214,18216,18213,1,-1
2022-02-18 15:02:31.612,18214,18216,18213,1,-1
2022-02-18 15:02:31.612,18214,18216,18213,1,-1
2022-02-18 15:02:31.612,18214,18216,18213,1,-1
2022-02-18 15:02:31.612,18214,18216,18213,1,-1
2022-02-18 15:02:31.613,18214,18216,18213,1,-1
2022-02-18 15:02:32.637,18212,18213,18213,2,2
2022-02-18 15:02:32.640,18212,18213,18214,1,1
2022-02-18 15:02:33.670,18213,18214,18213,1,-1
2022-02-18 15:02:35.655,18212,18213,18213,1,1
2022-02-18 15:02:37.090,18212,18213,18213,1,1
2022-02-18 15:02:39.071,18212,18213,18212,1,-1
2022-02-18 15:02:39.157,18212,18213,18212,1,-1
2022-02-18 15:02:40.540,18211,18212,18212,1,1
2022-02-18 15:02:43.786,18211,18212,18211,3,-3
2022-02-18 15:02:44.315,18210,18211,18210,1,-1
2022-02-18 15:02:45.531,18210,18211,18210,17,-17
2022-02-18 15:02:45.533,18209,18210,18209,3,-3
2022-02-18 15:02:45.689,18208,18209,18208,10,-10
2022-02-18 15:02:46.385,18207,18209,18209,1,1
2022-02-18 15:02:47.518,18209,18210,18209,1,-1
2022-02-18 15:02:49.820,18209,18210,18210,3,3
2022-02-18 15:02:49.820,18209,18210,18211,1,1
2022-02-18 15:02:51.211,18209,18211,18209,2,-2
2022-02-18 15:02:51.613,18209,18210,18209,1,-1
2022-02-18 15:02:52.630,18208,18209,18209,1,1
2022-02-18 15:02:55.013,18209,18210,18209,1,-1
2022-02-18 15:02:56.671,18209,18210,18210,1,1
2022-02-18 15:03:00.044,18209,18210,18209,1,-1
2022-02-18 15:03:00.055,18209,18210,18209,1,-1
2022-02-18 15:03:00.077,18209,18210,18209,1,-1
2022-02-18 15:03:00.077,18209,18210,18209,1,-1
2022-02-18 15:03:00.108,18209,18210,18208,1,-1
2022-02-18 15:03:00.443,18208,18209,18209,2,2
2022-02-18 15:03:01.040,18209,18210,18209,1,-1
2022-02-18 15:03:01.161,18209,18210,18209,1,-1
2022-02-18 15:03:02.659,18209,18210,18209,1,-1
2022-02-18 15:03:04.610,18209,18210,18209,1,-1
2022-02-18 15:03:04.855,18209,18210,18209,1,-1
2022-02-18 15:03:09.307,18209,18210,18210,1,1
2022-02-18 15:03:09.391,18209,18210,18210,1,1
2022-02-18 15:03:09.397,18209,18210,18210,1,1
2022-02-18 15:03:10.386,18210,18211,18210,1,-1
2022-02-18 15:03:10.412,18210,18211,18210,1,-1
2022-02-18 15:03:11.508,18210,18211,18210,1,-1
2022-02-18 15:03:21.553,18210,18211,18210,1,-1
2022-02-18 15:03:26.507,18210,18211,18210,1,-1
2022-02-18 15:03:26.537,18210,18211,18210,1,-1
2022-02-18 15:03:26.537,18210,18211,18210,1,-1
2022-02-18 15:03:33.034,18210,18211,18211,5,5
2022-02-18 15:03:33.161,18211,18212,18211,1,-1
2022-02-18 15:03:33.162,18211,18212,18211,1,-1
2022-02-18 15:03:38.095,18211,18212,18211,1,-1
2022-02-18 15:03:38.095,18211,18212,18211,6,-6
2022-02-18 15:03:38.095,18211,18212,18211,21,-21
2022-02-18 15:03:38.097,18211,18212,18210,1,-1
2022-02-18 15:03:38.097,18211,18212,18210,2,-2
2022-02-18 15:03:38.102,18211,18212,18210,5,-5
2022-02-18 15:03:41.059,18209,18210,18209,26,-26
2022-02-18 15:03:41.346,18208,18209,18209,1,1
2022-02-18 15:03:41.346,18208,18209,18209,7,7
2022-02-18 15:03:41.375,18208,18209,18209,1,1
2022-02-18 15:03:41.376,18208,18209,18209,1,1
2022-02-18 15:03:41.376,18208,18209,18209,1,1
2022-02-18 15:03:41.378,18208,18209,18209,2,2
2022-02-18 15:03:43.041,18208,18209,18209,1,1
2022-02-18 15:03:44.299,18208,18209,18209,1,1
2022-02-18 15:03:44.299,18208,18209,18210,1,1
2022-02-18 15:03:52.872,18208,18209,18209,1,1
2022-02-18 15:03:54.942,18208,18209,18209,2,2
2022-02-18 15:03:55.919,18208,18209,18209,1,1
2022-02-18 15:03:55.919,18208,18209,18209,1,1
2022-02-18 15:03:55.927,18208,18209,18210,1,1
2022-02-18 15:03:55.928,18208,18209,18210,1,1
2022-02-18 15:03:55.928,18208,18209,18210,2,2
2022-02-18 15:03:55.928,18208,18209,18210,2,2
2022-02-18 15:03:56.340,18210,18211,18210,1,-1
2022-02-18 15:04:01.997,18210,18211,18210,1,-1
2022-02-18 15:04:03.551,18210,18211,18210,2,-2
2022-02-18 15:04:04.916,18210,18211,18211,1,1
2022-02-18 15:04:05.081,18210,18212,18210,2,-2
2022-02-18 15:04:10.098,18210,18211,18211,6,6
2022-02-18 15:04:18.538,18211,18212,18212,3,3
2022-02-18 15:04:18.539,18211,18212,18212,2,2
2022-02-18 15:04:18.688,18212,18213,18212,1,-1
2022-02-18 15:04:25.763,18212,18213,18212,1,-1
2022-02-18 15:04:26.144,18212,18213,18213,8,8
2022-02-18 15:04:26.246,18213,18214,18214,2,2
2022-02-18 15:04:26.246,18213,18214,18214,4,4
2022-02-18 15:04:26.955,18214,18215,18214,1,-1
2022-02-18 15:04:32.616,18212,18214,18214,1,1
2022-02-18 15:04:34.919,18214,18215,18214,2,-2
2022-02-18 15:04:34.919,18214,18215,18213,7,-7
2022-02-18 15:04:34.920,18214,18215,18213,2,-2
2022-02-18 15:04:35.470,18213,18215,18215,1,1
2022-02-18 15:04:40.142,18214,18215,18214,1,-1
2022-02-18 15:04:43.399,18214,18215,18215,1,1
2022-02-18 15:04:44.163,18214,18215,18215,1,1
2022-02-18 15:04:44.178,18214,18215,18215,1,1
2022-02-18 15:04:44.178,18214,18215,18215,1,1
2022-02-18 15:04:44.871,18214,18216,18216,1,1
2022-02-18 15:04:47.146,18214,18215,18214,1,-1
2022-02-18 15:04:47.153,18214,18215,18215,1,1
2022-02-18 15:04:50.580,18213,18215,18215,1,1
2022-02-18 15:04:50.945,18213,18215,18215,5,5
2022-02-18 15:04:53.104,18215,18216,18215,55,-55
2022-02-18 15:04:53.105,18215,18216,18214,1,-1
2022-02-18 15:04:55.535,18213,18214,18214,2,2
2022-02-18 15:04:56.389,18213,18215,18213,1,-1
2022-02-18 15:04:59.076,18214,18215,18214,1,-1
2022-02-18 15:05:01.076,18213,18214,18213,1,-1
2022-02-18 15:05:01.076,18213,18214,18212,2,-2
2022-02-18 15:05:01.106,18213,18214,18212,3,-3
2022-02-18 15:05:01.563,18212,18214,18212,1,-1
2022-02-18 15:05:05.134,18212,18213,18212,2,-2
2022-02-18 15:05:08.051,18211,18212,18212,1,1
2022-02-18 15:05:09.325,18211,18212,18212,1,1
2022-02-18 15:05:12.837,18211,18212,18212,1,1
2022-02-18 15:05:15.364,18211,18212,18211,2,-2
2022-02-18 15:05:15.428,18211,18212,18212,1,1
2022-02-18 15:05:15.726,18211,18212,18212,1,1
2022-02-18 15:05:16.180,18212,18213,18212,1,-1
2022-02-18 15:05:20.211,18212,18213,18212,1,-1
2022-02-18 15:05:21.483,18212,18213,18212,50,-50
2022-02-18 15:05:21.484,18212,18213,18212,1,-1
2022-02-18 15:05:21.484,18212,18213,18212,1,-1
2022-02-18 15:05:21.484,18212,18213,18212,1,-1
2022-02-18 15:05:21.485,18212,18213,18212,7,-7
2022-02-18 15:05:23.045,18211,18212,18212,1,1
2022-02-18 15:05:24.245,18211,18212,18212,1,1
2022-02-18 15:05:24.937,18211,18212,18212,2,2
2022-02-18 15:05:24.938,18211,18212,18212,6,6
2022-02-18 15:05:24.938,18211,18212,18212,2,2
2022-02-18 15:05:24.938,18211,18212,18212,1,1
2022-02-18 15:05:25.370,18212,18213,18212,1,-1
2022-02-18 15:05:26.133,18212,18213,18212,1,-1
2022-02-18 15:05:29.436,18211,18213,18213,1,1
2022-02-18 15:05:29.537,18212,18213,18212,1,-1
2022-02-18 15:05:31.904,18211,18213,18213,2,2
2022-02-18 15:05:48.707,18212,18213,18213,3,3
2022-02-18 15:05:48.862,18212,18213,18213,1,1
2022-02-18 15:05:49.107,18212,18213,18213,1,1
2022-02-18 15:05:49.107,18212,18213,18213,1,1
2022-02-18 15:05:51.560,18213,18214,18213,1,-1
2022-02-18 15:05:53.284,18213,18214,18213,1,-1
2022-02-18 15:05:53.725,18212,18214,18214,2,2
2022-02-18 15:05:53.822,18213,18214,18214,1,1
2022-02-18 15:05:57.011,18212,18214,18214,1,1
2022-02-18 15:06:01.393,18212,18214,18213,1,1
2022-02-18 15:06:01.412,18213,18214,18213,1,-1
2022-02-18 15:06:03.263,18213,18214,18213,3,-3
2022-02-18 15:06:03.263,18213,18214,18212,4,-4
2022-02-18 15:06:04.974,18213,18214,18213,1,-1
2022-02-18 15:06:10.495,18212,18213,18212,4,-4
2022-02-18 15:06:10.495,18212,18213,18211,45,-45
2022-02-18 15:06:12.919,18210,18211,18211,1,1
2022-02-18 15:06:14.933,18210,18211,18210,1,-1
2022-02-18 15:06:15.409,18210,18211,18211,6,6
2022-02-18 15:06:15.409,18210,18211,18212,6,6
2022-02-18 15:06:15.409,18210,18211,18213,11,11
2022-02-18 15:06:15.410,18210,18211,18213,1,1
2022-02-18 15:06:15.411,18210,18211,18213,2,2
2022-02-18 15:06:15.411,18210,18211,18213,1,1
2022-02-18 15:06:15.411,18210,18211,18213,1,1
2022-02-18 15:06:15.411,18210,18211,18213,7,7
2022-02-18 15:06:15.600,18213,18214,18213,1,-1
2022-02-18 15:06:15.958,18213,18214,18214,1,1
2022-02-18 15:06:15.959,18213,18214,18214,3,3
2022-02-18 15:06:17.888,18213,18215,18213,2,-2
2022-02-18 15:06:21.926,18213,18214,18214,1,1
2022-02-18 15:06:22.036,18213,18214,18214,1,1
2022-02-18 15:06:24.191,18213,18214,18214,1,1
2022-02-18 15:06:24.191,18213,18214,18215,5,5
2022-02-18 15:06:25.726,18214,18215,18215,1,1
2022-02-18 15:06:27.362,18215,18216,18215,3,-3
2022-02-18 15:06:31.548,18215,18216,18215,6,-6
2022-02-18 15:06:31.549,18215,18216,18215,1,-1
2022-02-18 15:06:33.192,18215,18216,18216,1,1
2022-02-18 15:06:33.193,18215,18216,18216,2,2
2022-02-18 15:06:33.203,18215,18216,18216,3,3
2022-02-18 15:06:33.203,18215,18216,18215,2,-2
2022-02-18 15:06:35.858,18216,18217,18217,3,3
2022-02-18 15:06:35.858,18216,18217,18218,7,7
2022-02-18 15:06:36.198,18217,18219,18219,1,1
2022-02-18 15:06:36.318,18217,18219,18219,1,1
2022-02-18 15:06:38.256,18218,18219,18219,2,2
2022-02-18 15:06:42.891,18218,18219,18219,1,1
2022-02-18 15:06:43.326,18218,18219,18218,1,-1
2022-02-18 15:06:44.029,18218,18219,18219,1,1
2022-02-18 15:06:46.628,18218,18219,18219,1,1
2022-02-18 15:06:48.359,18218,18219,18218,2,-2
2022-02-18 15:06:48.374,18218,18219,18216,2,-2
2022-02-18 15:06:56.299,18216,18218,18218,1,1
2022-02-18 15:06:57.165,18217,18218,18218,1,1
2022-02-18 15:07:07.613,18217,18218,18217,6,-6
2022-02-18 15:07:07.614,18217,18218,18217,1,-1
2022-02-18 15:07:09.458,18217,18218,18218,1,1
2022-02-18 15:07:09.536,18218,18219,18218,1,-1
2022-02-18 15:07:12.490,18217,18218,18218,3,3
2022-02-18 15:07:17.804,18218,18219,18219,1,1
2022-02-18 15:07:19.087,18218,18219,18218,2,-2
2022-02-18 15:07:19.162,18218,18219,18218,1,-1
2022-02-18 15:07:19.230,18218,18219,18219,1,1
2022-02-18 15:07:21.076,18218,18219,18219,1,1
2022-02-18 15:07:22.154,18218,18219,18219,1,1
2022-02-18 15:07:22.994,18218,18219,18219,1,1
2022-02-18 15:07:24.266,18218,18219,18219,1,1
2022-02-18 15:07:25.720,18218,18219,18219,2,2
2022-02-18 15:07:25.726,18218,18219,18219,1,1
2022-02-18 15:07:25.834,18218,18219,18219,1,1
2022-02-18 15:07:28.086,18219,18220,18220,1,1
2022-02-18 15:07:29.493,18219,18220,18220,1,1
2022-02-18 15:07:29.833,18219,18220,18220,1,1
2022-02-18 15:07:32.037,18219,18220,18220,1,1
2022-02-18 15:07:33.692,18219,18220,18220,2,2
2022-02-18 15:07:33.840,18219,18220,18220,2,2
2022-02-18 15:07:34.563,18219,18220,18220,2,2
2022-02-18 15:07:35.034,18219,18220,18220,2,2
2022-02-18 15:07:35.034,18219,18220,18220,3,3
2022-02-18 15:07:38.703,18220,18221,18221,4,4
2022-02-18 15:07:38.704,18220,18221,18221,2,2
2022-02-18 15:07:40.358,18220,18222,18220,3,-3
2022-02-18 15:07:48.149,18220,18221,18221,4,4
2022-02-18 15:07:50.096,18221,18222,18222,1,1
2022-02-18 15:07:51.616,18221,18222,18222,4,4
2022-02-18 15:07:52.778,18221,18222,18222,1,1
2022-02-18 15:07:56.059,18221,18222,18222,1,1
2022-02-18 15:07:56.610,18221,18222,18222,1,1
2022-02-18 15:08:00.123,18221,18222,18221,1,-1
2022-02-18 15:08:00.126,18221,18222,18221,1,-1
2022-02-18 15:08:00.443,18221,18222,18222,1,1
2022-02-18 15:08:09.107,18221,18222,18222,1,1
2022-02-18 15:08:09.202,18221,18222,18222,1,1
2022-02-18 15:08:10.402,18221,18222,18221,1,-1
2022-02-18 15:08:12.090,18221,18222,18221,1,-1
2022-02-18 15:08:12.091,18221,18222,18221,5,-5
2022-02-18 15:08:12.091,18221,18222,18221,9,-9
2022-02-18 15:08:12.091,18221,18222,18221,1,-1
2022-02-18 15:08:12.091,18221,18222,18221,25,-25
2022-02-18 15:08:12.092,18221,18222,18220,1,-1
2022-02-18 15:08:12.095,18221,18222,18220,5,-5
2022-02-18 15:08:12.096,18221,18222,18220,2,-2
2022-02-18 15:08:12.096,18221,18222,18220,1,-1
2022-02-18 15:08:12.097,18221,18222,18220,1,-1
2022-02-18 15:08:12.423,18219,18221,18221,1,1
2022-02-18 15:08:12.820,18219,18221,18221,2,2
2022-02-18 15:08:15.863,18219,18221,18221,2,2
2022-02-18 15:08:21.101,18220,18221,18220,1,-1
2022-02-18 15:08:24.168,18219,18220,18220,1,1
2022-02-18 15:08:24.984,18219,18221,18221,1,1
2022-02-18 15:08:26.307,18220,18221,18221,1,1
2022-02-18 15:08:28.511,18220,18221,18220,1,-1
2022-02-18 15:08:32.514,18220,18221,18220,2,-2
2022-02-18 15:08:33.654,18220,18221,18221,1,1
2022-02-18 15:08:36.005,18220,18221,18220,4,-4
2022-02-18 15:08:37.188,18220,18221,18220,1,-1
2022-02-18 15:08:37.840,18220,18221,18221,2,2
2022-02-18 15:08:39.110,18220,18221,18221,2,2
2022-02-18 15:08:39.412,18220,18221,18221,1,1
2022-02-18 15:08:47.206,18221,18222,18222,7,7
2022-02-18 15:08:47.206,18221,18222,18222,1,1
2022-02-18 15:08:47.297,18222,18223,18223,2,2
2022-02-18 15:08:47.298,18222,18223,18223,1,1
2022-02-18 15:08:47.495,18222,18224,18224,3,3
2022-02-18 15:08:47.920,18222,18224,18224,1,1
2022-02-18 15:08:58.022,18223,18224,18224,1,1
2022-02-18 15:08:58.023,18223,18224,18224,2,2
2022-02-18 15:08:58.025,18223,18224,18224,1,1
2022-02-18 15:08:58.025,18223,18224,18224,1,1
2022-02-18 15:08:59.346,18224,18225,18224,1,-1
2022-02-18 15:09:01.192,18224,18225,18224,1,-1
2022-02-18 15:09:02.116,18224,18225,18225,1,1
2022-02-18 15:09:02.120,18224,18225,18225,1,1
2022-02-18 15:09:02.151,18224,18225,18225,1,1
2022-02-18 15:09:02.904,18224,18225,18224,1,-1
2022-02-18 15:09:04.176,18224,18225,18225,1,1
2022-02-18 15:09:04.714,18225,18226,18225,1,-1
2022-02-18 15:09:05.154,18225,18226,18225,1,-1
2022-02-18 15:09:16.999,18225,18226,18226,2,2
2022-02-18 15:09:22.137,18225,18226,18226,1,1
2022-02-18 15:09:23.959,18225,18226,18226,2,2
2022-02-18 15:09:24.710,18225,18226,18226,1,1
2022-02-18 15:09:24.710,18225,18226,18226,1,1
2022-02-18 15:09:24.710,18225,18226,18226,1,1
2022-02-18 15:09:24.711,18225,18226,18226,2,2
2022-02-18 15:09:24.711,18225,18226,18226,1,1
2022-02-18 15:09:24.711,18225,18226,18226,1,1
2022-02-18 15:09:24.711,18225,18226,18226,1,1
2022-02-18 15:09:24.711,18225,18226,18226,1,1
2022-02-18 15:09:28.450,18226,18227,18227,12,12
2022-02-18 15:09:28.451,18226,18227,18227,1,1
2022-02-18 15:09:28.557,18226,18227,18227,5,5
2022-02-18 15:09:30.964,18226,18227,18226,21,-21
2022-02-18 15:09:32.006,18225,18226,18226,1,1
2022-02-18 15:09:32.039,18225,18226,18225,1,-1
2022-02-18 15:09:32.183,18225,18226,18226,1,1
2022-02-18 15:09:32.894,18225,18226,18226,1,1
2022-02-18 15:09:33.031,18225,18226,18225,4,-4
2022-02-18 15:09:35.206,18225,18226,18226,1,1
2022-02-18 15:09:36.157,18225,18226,18226,1,1
2022-02-18 15:09:40.838,18225,18226,18226,1,1
2022-02-18 15:09:40.884,18225,18226,18225,19,-19
2022-02-18 15:09:40.885,18225,18226,18225,1,-1
2022-02-18 15:09:40.885,18225,18226,18225,1,-1
2022-02-18 15:09:40.885,18225,18226,18225,7,-7
2022-02-18 15:09:40.885,18225,18226,18225,10,-10
2022-02-18 15:09:40.897,18225,18226,18224,3,-3
2022-02-18 15:09:40.897,18225,18226,18223,2,-2
2022-02-18 15:09:41.571,18223,18225,18223,1,-1
2022-02-18 15:09:46.510,18222,18224,18222,4,-4
2022-02-18 15:09:47.193,18222,18224,18224,1,1
2022-02-18 15:09:55.726,18222,18223,18223,1,1
2022-02-18 15:09:59.573,18223,18224,18223,1,-1
2022-02-18 15:10:00.813,18222,18223,18222,5,-5
2022-02-18 15:10:01.241,18222,18223,18223,1,1
2022-02-18 15:10:01.284,18223,18224,18223,1,-1
2022-02-18 15:10:01.590,18223,18224,18223,1,-1
2022-02-18 15:10:01.609,18223,18224,18223,1,-1
2022-02-18 15:10:02.755,18223,18224,18222,1,-1
2022-02-18 15:10:10.461,18223,18224,18223,1,-1
2022-02-18 15:10:10.461,18223,18224,18222,2,-2
2022-02-18 15:10:13.113,18222,18224,18224,9,9
2022-02-18 15:10:13.611,18224,18225,18224,1,-1
2022-02-18 15:10:21.850,18224,18225,18225,2,2
2022-02-18 15:10:21.897,18224,18225,18225,1,1
2022-02-18 15:10:26.428,18224,18225,18224,1,-1
2022-02-18 15:10:26.429,18224,18225,18224,1,-1
2022-02-18 15:10:26.429,18224,18225,18224,4,-4
2022-02-18 15:10:26.429,18224,18225,18224,1,-1
2022-02-18 15:10:26.429,18224,18225,18224,1,-1
2022-02-18 15:10:26.429,18224,18225,18224,1,-1
2022-02-18 15:10:26.429,18224,18225,18224,1,-1
2022-02-18 15:10:26.429,18224,18225,18224,1,-1
2022-02-18 15:10:26.429,18224,18225,18224,1,-1
2022-02-18 15:10:26.470,18224,18225,18224,1,-1
2022-02-18 15:10:26.470,18224,18225,18224,5,-5
2022-02-18 15:10:26.470,18224,18225,18224,4,-4
2022-02-18 15:10:26.470,18224,18225,18224,1,-1
2022-02-18 15:10:26.471,18224,18225,18224,1,-1
2022-02-18 15:10:26.471,18224,18225,18224,1,-1
2022-02-18 15:10:26.471,18224,18225,18224,1,-1
2022-02-18 15:10:26.471,18224,18225,18224,10,-10
2022-02-18 15:10:26.471,18224,18225,18224,10,-10
2022-02-18 15:10:26.474,18224,18225,18223,1,-1
2022-02-18 15:10:26.509,18224,18225,18223,1,-1
2022-02-18 15:10:26.572,18223,18224,18223,3,-3
2022-02-18 15:10:26.572,18223,18224,18222,14,-14
2022-02-18 15:10:28.291,18222,18224,18222,1,-1
2022-02-18 15:10:29.107,18222,18223,18223,1,1
2022-02-18 15:10:30.367,18223,18224,18224,1,1
2022-02-18 15:10:36.075,18223,18224,18224,1,1
2022-02-18 15:10:36.766,18223,18225,18225,2,2
2022-02-18 15:10:44.000,18223,18225,18225,4,4
2022-02-18 15:10:49.877,18223,18225,18225,1,1
2022-02-18 15:10:50.894,18224,18225,18224,1,-1
2022-02-18 15:10:51.593,18224,18225,18225,1,1
2022-02-18 15:10:51.861,18224,18225,18225,5,5
2022-02-18 15:10:54.568,18225,18226,18225,3,-3
2022-02-18 15:11:09.572,18224,18225,18224,4,-4
2022-02-18 15:11:12.130,18223,18224,18224,1,1
2022-02-18 15:11:12.519,18224,18225,18224,1,-1
2022-02-18 15:11:13.082,18223,18225,18225,18,18
2022-02-18 15:11:17.872,18225,18226,18226,3,3
2022-02-18 15:11:17.872,18225,18226,18227,3,3
2022-02-18 15:11:17.872,18225,18226,18228,24,24
2022-02-18 15:11:18.021,18227,18228,18228,2,2
2022-02-18 15:11:18.021,18227,18228,18229,1,1
2022-02-18 15:11:18.061,18227,18229,18229,5,5
2022-02-18 15:11:18.071,18227,18229,18229,1,1
2022-02-18 15:11:18.097,18227,18229,18229,2,2
2022-02-18 15:11:20.110,18228,18229,18228,1,-1
2022-02-18 15:11:28.654,18226,18227,18227,1,1
2022-02-18 15:11:33.210,18225,18226,18226,1,1
2022-02-18 15:11:38.477,18226,18227,18226,2,-2
2022-02-18 15:11:39.608,18225,18226,18225,1,-1
2022-02-18 15:11:39.608,18225,18226,18225,1,-1
2022-02-18 15:11:39.608,18225,18226,18225,1,-1
2022-02-18 15:11:39.610,18225,18226,18225,10,-10
2022-02-18 15:11:39.610,18225,18226,18225,4,-4
2022-02-18 15:11:39.610,18225,18226,18225,1,-1
2022-02-18 15:11:39.610,18225,18226,18225,1,-1
2022-02-18 15:11:39.611,18225,18226,18224,1,-1
2022-02-18 15:11:45.044,18223,18224,18224,1,1
2022-02-18 15:12:00.813,18223,18224,18223,3,-3
2022-02-18 15:12:00.813,18223,18224,18222,2,-2
2022-02-18 15:12:02.989,18223,18224,18224,9,9
2022-02-18 15:12:02.990,18223,18224,18224,19,19
2022-02-18 15:12:02.991,18223,18224,18224,1,1
2022-02-18 15:12:03.808,18223,18224,18224,1,1
2022-02-18 15:12:03.808,18223,18224,18224,1,1
2022-02-18 15:12:07.378,18223,18224,18224,1,1
2022-02-18 15:12:08.665,18223,18225,18223,1,-1
2022-02-18 15:12:12.972,18223,18224,18223,1,-1
2022-02-18 15:12:19.251,18222,18223,18222,9,-9
2022-02-18 15:12:19.252,18222,18223,18221,3,-3
2022-02-18 15:12:19.252,18222,18223,18221,3,-3
2022-02-18 15:12:19.317,18220,18222,18220,2,-2
2022-02-18 15:12:20.593,18220,18222,18220,5,-5
2022-02-18 15:12:21.327,18219,18221,18221,1,1
2022-02-18 15:12:22.297,18220,18222,18220,1,-1
2022-02-18 15:12:23.195,18219,18220,18219,1,-1
2022-02-18 15:12:24.454,18219,18220,18220,1,1
2022-02-18 15:12:24.851,18219,18220,18220,1,1
2022-02-18 15:12:26.424,18220,18221,18221,1,1
2022-02-18 15:12:26.683,18220,18221,18220,4,-4
2022-02-18 15:12:30.192,18219,18220,18219,1,-1
2022-02-18 15:12:30.615,18219,18220,18219,2,-2
2022-02-18 15:12:30.615,18219,18220,18219,1,-1
2022-02-18 15:12:30.616,18219,18220,18219,1,-1
2022-02-18 15:12:30.616,18219,18220,18219,1,-1
2022-02-18 15:12:34.515,18218,18219,18218,15,-15
2022-02-18 15:12:34.515,18218,18219,18217,6,-6
2022-02-18 15:12:34.551,18216,18217,18216,1,-1
2022-02-18 15:12:34.551,18216,18217,18216,1,-1
2022-02-18 15:12:34.551,18216,18217,18216,1,-1
2022-02-18 15:12:34.711,18216,18217,18216,3,-3
2022-02-18 15:12:37.915,18216,18217,18216,2,-2
2022-02-18 15:12:38.674,18216,18217,18216,1,-1
2022-02-18 15:12:39.085,18216,18217,18216,1,-1
2022-02-18 15:12:39.225,18216,18217,18216,1,-1
2022-02-18 15:12:40.242,18216,18217,18216,1,-1
2022-02-18 15:12:40.242,18216,18217,18216,1,-1
2022-02-18 15:12:40.519,18215,18216,18215,7,-7
2022-02-18 15:12:44.219,18214,18215,18215,1,1
2022-02-18 15:12:47.854,18214,18215,18214,1,-1
2022-02-18 15:12:47.855,18214,18215,18213,6,-6
2022-02-18 15:12:48.388,18212,18214,18212,2,-2
2022-02-18 15:12:48.389,18212,18214,18212,4,-4
2022-02-18 15:12:48.540,18212,18214,18212,1,-1
2022-02-18 15:12:48.540,18212,18214,18211,1,-1
2022-02-18 15:12:48.626,18212,18214,18211,1,-1
2022-02-18 15:12:48.670,18211,18213,18211,1,-1
2022-02-18 15:12:48.675,18211,18213,18211,1,-1
2022-02-18 15:12:48.675,18211,18213,18211,1,-1
2022-02-18 15:12:48.682,18211,18213,18211,1,-1
2022-02-18 15:12:48.685,18211,18213,18211,1,-1
2022-02-18 15:12:49.418,18211,18213,18213,5,5
2022-02-18 15:12:49.452,18211,18213,18212,1,1
2022-02-18 15:12:49.667,18212,18214,18212,2,-2
2022-02-18 15:12:51.302,18213,18215,18213,1,-1
2022-02-18 15:12:51.357,18213,18215,18213,1,-1
2022-02-18 15:12:51.707,18213,18215,18215,1,1
2022-02-18 15:12:52.028,18214,18215,18214,1,-1
2022-02-18 15:12:52.318,18214,18215,18214,2,-2
2022-02-18 15:12:54.508,18214,18215,18214,2,-2
2022-02-18 15:12:54.977,18213,18214,18214,4,4
2022-02-18 15:12:55.792,18213,18214,18213,1,-1
2022-02-18 15:12:58.253,18212,18213,18212,1,-1
2022-02-18 15:12:58.253,18212,18213,18211,18,-18
2022-02-18 15:12:58.255,18212,18213,18211,1,-1
2022-02-18 15:13:00.199,18211,18212,18211,1,-1
2022-02-18 15:13:02.388,18211,18212,18211,1,-1
2022-02-18 15:13:04.242,18211,18212,18211,5,-5
2022-02-18 15:13:05.442,18210,18212,18211,1,1
2022-02-18 15:13:05.812,18210,18211,18211,1,1
2022-02-18 15:13:06.284,18211,18212,18211,2,-2
2022-02-18 15:13:06.924,18211,18212,18212,1,1
2022-02-18 15:13:07.292,18211,18213,18213,1,1
2022-02-18 15:13:07.437,18211,18213,18213,1,1
2022-02-18 15:13:10.775,18213,18214,18214,4,4
2022-02-18 15:13:13.824,18213,18215,18215,1,1
2022-02-18 15:13:19.720,18214,18215,18215,1,1
2022-02-18 15:13:19.828,18214,18215,18215,1,1
2022-02-18 15:13:23.916,18215,18216,18215,1,-1
2022-02-18 15:13:27.611,18215,18216,18215,1,-1
2022-02-18 15:13:27.838,18214,18216,18214,1,-1
2022-02-18 15:13:32.552,18214,18216,18214,1,-1
2022-02-18 15:13:33.130,18214,18216,18216,1,1
2022-02-18 15:13:40.200,18214,18215,18214,1,-1
2022-02-18 15:13:46.337,18214,18215,18214,1,-1
2022-02-18 15:13:48.705,18214,18215,18214,1,-1
2022-02-18 15:14:02.705,18214,18215,18215,1,1
2022-02-18 15:14:02.705,18214,18215,18215,1,1
2022-02-18 15:14:02.705,18214,18215,18215,4,4
2022-02-18 15:14:06.579,18215,18216,18215,1,-1
2022-02-18 15:14:11.908,18214,18216,18214,3,-3
2022-02-18 15:14:18.669,18214,18215,18215,1,1
2022-02-18 15:14:24.570,18214,18216,18214,1,-1
2022-02-18 15:14:26.256,18215,18216,18216,5,5
2022-02-18 15:14:26.256,18215,18216,18217,10,10
2022-02-18 15:14:26.256,18215,18216,18218,5,5
2022-02-18 15:14:26.312,18216,18218,18218,1,1
2022-02-18 15:14:37.816,18217,18218,18218,2,2
2022-02-18 15:14:38.706,18218,18219,18218,1,-1
2022-02-18 15:14:39.491,18218,18219,18218,1,-1
2022-02-18 15:14:42.101,18218,18219,18219,2,2
2022-02-18 15:14:42.615,18218,18219,18218,1,-1
2022-02-18 15:14:46.270,18218,18219,18219,1,1
2022-02-18 15:14:46.271,18218,18219,18219,1,1
2022-02-18 15:14:53.397,18218,18219,18219,1,1
2022-02-18 15:15:00.083,18218,18219,18218,4,-4
2022-02-18 15:15:00.104,18218,18219,18218,1,-1
2022-02-18 15:15:00.104,18218,18219,18217,3,-3
2022-02-18 15:15:02.352,18218,18219,18218,1,-1
2022-02-18 15:15:02.978,18217,18219,18217,2,-2
2022-02-18 15:15:07.455,18217,18218,18218,1,1
2022-02-18 15:15:07.688,18218,18219,18219,2,2
2022-02-18 15:15:09.107,18219,18220,18219,1,-1
2022-02-18 15:15:10.465,18219,18220,18220,1,1
2022-02-18 15:15:20.854,18218,18220,18220,1,1
2022-02-18 15:15:21.505,18218,18220,18220,1,1
2022-02-18 15:15:26.337,18219,18220,18220,5,5
2022-02-18 15:15:28.732,18220,18221,18221,1,1
2022-02-18 15:15:28.733,18220,18221,18221,3,3
2022-02-18 15:15:33.436,18221,18222,18221,1,-1
2022-02-18 15:15:35.566,18220,18222,18220,5,-5
2022-02-18 15:15:36.412,18220,18221,18221,2,2
2022-02-18 15:15:36.905,18220,18222,18220,5,-5
2022-02-18 15:15:40.762,18221,18222,18221,1,-1
2022-02-18 15:15:43.034,18219,18221,18219,1,-1
2022-02-18 15:16:00.408,18219,18220,18220,1,1
2022-02-18 15:16:00.413,18219,18221,18219,1,-1
2022-02-18 15:16:00.413,18219,18221,18218,2,-2
2022-02-18 15:16:00.413,18219,18221,18218,1,-1
2022-02-18 15:16:00.413,18219,18221,18218,1,-1
2022-02-18 15:16:00.413,18219,18221,18218,1,-1
2022-02-18 15:16:00.414,18219,18221,18220,2,2
2022-02-18 15:16:00.414,18219,18221,18220,2,2
2022-02-18 15:16:00.414,18219,18221,18221,1,1
2022-02-18 15:16:00.414,18219,18221,18221,5,5
2022-02-18 15:16:00.414,18219,18221,18221,2,2
2022-02-18 15:16:00.416,18219,18221,18220,1,1
2022-02-18 15:16:00.416,18219,18221,18220,1,1
2022-02-18 15:16:00.416,18219,18221,18220,1,1
2022-02-18 15:16:04.314,18219,18220,18220,1,1
2022-02-18 15:16:04.411,18219,18220,18220,1,1
2022-02-18 15:16:04.412,18219,18220,18220,1,1
2022-02-18 15:16:08.002,18219,18220,18219,1,-1
2022-02-18 15:16:09.732,18218,18220,18218,2,-2
2022-02-18 15:16:09.785,18217,18220,18220,1,1
2022-02-18 15:16:09.786,18217,18220,18220,1,1
2022-02-18 15:16:09.787,18217,18220,18220,1,1
2022-02-18 15:16:09.787,18217,18220,18220,1,1
2022-02-18 15:16:09.787,18217,18220,18220,1,1
2022-02-18 15:16:10.548,18218,18221,18218,2,-2
2022-02-18 15:16:22.804,18219,18220,18220,1,1
2022-02-18 15:16:22.952,18219,18221,18219,1,-1
2022-02-18 15:16:23.335,18219,18221,18219,1,-1
2022-02-18 15:16:23.411,18219,18221,18221,1,1
2022-02-18 15:16:23.411,18219,18221,18221,1,1
2022-02-18 15:16:23.411,18219,18221,18221,1,1
2022-02-18 15:16:23.411,18219,18221,18221,1,1
2022-02-18 15:16:23.412,18219,18221,18221,1,1
2022-02-18 15:16:27.026,18220,18222,18222,1,1
2022-02-18 15:16:29.099,18220,18222,18220,1,-1
2022-02-18 15:16:44.238,18220,18221,18220,1,-1
2022-02-18 15:16:44.303,18218,18221,18218,10,-10
2022-02-18 15:16:44.303,18218,18221,18217,24,-24
2022-02-18 15:16:44.305,18218,18221,18217,5,-5
2022-02-18 15:16:44.305,18218,18221,18217,1,-1
2022-02-18 15:16:56.217,18217,18218,18218,1,1
2022-02-18 15:16:56.286,18217,18218,18218,1,1
2022-02-18 15:16:56.287,18217,18218,18219,1,1
2022-02-18 15:16:56.287,18217,18218,18219,1,1
2022-02-18 15:17:10.345,18218,18220,18218,2,-2
2022-02-18 15:17:13.520,18217,18219,18219,5,5
2022-02-18 15:17:21.504,18218,18219,18219,1,1
2022-02-18 15:17:25.049,18218,18219,18219,2,2
2022-02-18 15:17:25.050,18218,18219,18219,1,1
2022-02-18 15:17:28.365,18218,18219,18218,1,-1
2022-02-18 15:17:34.671,18217,18219,18217,1,-1
2022-02-18 15:17:41.463,18217,18219,18217,3,-3
2022-02-18 15:17:43.110,18217,18219,18217,1,-1
2022-02-18 15:17:45.171,18217,18218,18217,3,-3
2022-02-18 15:17:59.435,18216,18217,18217,1,1
2022-02-18 15:18:00.079,18216,18218,18218,1,1
2022-02-18 15:18:02.810,18216,18218,18216,2,-2
2022-02-18 15:18:03.510,18216,18218,18216,2,-2
2022-02-18 15:18:03.511,18216,18218,18216,1,-1
2022-02-18 15:18:03.512,18216,18218,18215,10,-10
2022-02-18 15:18:08.682,18214,18215,18215,1,1
2022-02-18 15:18:11.921,18214,18215,18214,2,-2
2022-02-18 15:18:12.647,18214,18215,18214,2,-2
2022-02-18 15:18:12.899,18214,18215,18215,1,1
2022-02-18 15:18:17.825,18214,18216,18214,2,-2
2022-02-18 15:18:18.500,18214,18216,18214,2,-2
2022-02-18 15:18:25.133,18215,18216,18215,1,-1
2022-02-18 15:18:25.276,18215,18216,18215,1,-1
2022-02-18 15:18:25.578,18215,18216,18216,4,4
2022-02-18 15:18:27.661,18217,18219,18217,2,-2
2022-02-18 15:18:28.437,18218,18219,18218,2,-2
2022-02-18 15:18:30.954,18218,18219,18219,1,1
2022-02-18 15:18:33.815,18219,18220,18220,1,1
2022-02-18 15:18:33.940,18220,18221,18221,1,1
2022-02-18 15:18:36.133,18220,18222,18221,1,1
2022-02-18 15:18:39.558,18220,18222,18220,1,-1
2022-02-18 15:18:42.469,18221,18222,18221,2,-2
2022-02-18 15:18:45.470,18220,18222,18220,2,-2
2022-02-18 15:18:50.260,18219,18221,18219,3,-3
2022-02-18 15:18:50.260,18219,18221,18218,2,-2
2022-02-18 15:18:52.520,18218,18220,18218,1,-1
2022-02-18 15:19:19.798,18220,18222,18220,2,-2
2022-02-18 15:19:22.602,18219,18221,18219,2,-2
2022-02-18 15:19:24.665,18219,18220,18219,1,-1
2022-02-18 15:19:30.830,18218,18219,18218,1,-1
2022-02-18 15:19:31.128,18217,18218,18217,1,-1
2022-02-18 15:19:38.270,18216,18218,18216,2,-2
2022-02-18 15:19:39.070,18216,18218,18216,1,-1
2022-02-18 15:19:39.070,18216,18218,18215,1,-1
2022-02-18 15:19:41.627,18215,18217,18215,3,-3
2022-02-18 15:19:41.631,18215,18217,18216,1,1
2022-02-18 15:19:44.923,18213,18215,18213,2,-2
2022-02-18 15:19:45.323,18213,18215,18213,2,-2
2022-02-18 15:19:46.010,18213,18215,18215,1,1
2022-02-18 15:19:46.499,18213,18215,18213,2,-2
2022-02-18 15:19:46.899,18213,18215,18213,2,-2
2022-02-18 15:19:54.402,18213,18215,18213,5,-5
2022-02-18 15:20:06.691,18214,18215,18215,1,1
2022-02-18 15:20:06.691,18214,18215,18215,1,1
2022-02-18 15:20:20.208,18215,18216,18215,1,-1
2022-02-18 15:20:20.930,18215,18216,18215,1,-1
2022-02-18 15:20:31.678,18215,18216,18216,1,1
2022-02-18 15:20:40.880,18215,18217,18217,1,1
2022-02-18 15:20:47.962,18215,18216,18215,1,-1
2022-02-18 15:20:47.962,18215,18216,18215,2,-2
2022-02-18 15:20:47.963,18215,18216,18215,1,-1
2022-02-18 15:20:48.763,18214,18215,18214,2,-2
2022-02-18 15:20:48.763,18214,18215,18213,1,-1
2022-02-18 15:21:00.205,18213,18214,18213,1,-1
2022-02-18 15:21:04.746,18213,18214,18213,1,-1
2022-02-18 15:21:04.746,18213,18214,18213,4,-4
2022-02-18 15:21:06.641,18212,18213,18213,1,1
2022-02-18 15:21:08.263,18212,18213,18212,1,-1
2022-02-18 15:21:08.263,18212,18213,18212,2,-2
2022-02-18 15:21:08.263,18212,18213,18212,3,-3
2022-02-18 15:21:08.327,18211,18212,18211,1,-1
2022-02-18 15:21:08.387,18211,18212,18211,2,-2
2022-02-18 15:21:08.625,18210,18212,18210,1,-1
2022-02-18 15:21:08.738,18210,18212,18210,1,-1
2022-02-18 15:21:08.838,18210,18212,18212,1,1
2022-02-18 15:21:10.916,18211,18212,18211,1,-1
2022-02-18 15:21:11.303,18210,18212,18212,1,1
2022-02-18 15:21:12.215,18210,18212,18210,1,-1
2022-02-18 15:21:14.415,18210,18211,18210,1,-1
2022-02-18 15:21:16.196,18210,18211,18211,1,1
2022-02-18 15:21:16.288,18210,18211,18211,1,1
2022-02-18 15:21:16.450,18211,18212,18211,1,-1
2022-02-18 15:21:24.955,18211,18212,18212,1,1
2022-02-18 15:21:29.579,18211,18212,18211,2,-2
2022-02-18 15:21:31.272,18211,18212,18211,1,-1
2022-02-18 15:21:31.272,18211,18212,18211,1,-1
2022-02-18 15:21:32.028,18210,18211,18210,26,-26
2022-02-18 15:21:32.028,18210,18211,18210,1,-1
2022-02-18 15:21:33.388,18209,18210,18210,1,1
2022-02-18 15:21:39.954,18210,18211,18210,1,-1
2022-02-18 15:21:40.474,18210,18211,18210,1,-1
2022-02-18 15:21:43.138,18210,18211,18210,2,-2
2022-02-18 15:21:46.304,18210,18211,18210,1,-1
2022-02-18 15:21:46.383,18210,18211,18210,1,-1
2022-02-18 15:21:46.383,18210,18211,18210,2,-2
2022-02-18 15:21:49.208,18209,18210,18209,1,-1
2022-02-18 15:21:49.495,18209,18210,18210,2,2
2022-02-18 15:21:50.243,18209,18210,18210,1,1
2022-02-18 15:21:50.243,18209,18210,18211,1,1
2022-02-18 15:21:52.178,18210,18211,18210,3,-3
2022-02-18 15:21:55.358,18209,18210,18210,1,1
2022-02-18 15:21:57.092,18209,18210,18210,1,1
2022-02-18 15:22:00.198,18209,18210,18209,1,-1
2022-02-18 15:22:00.954,18209,18210,18209,3,-3
2022-02-18 15:22:00.954,18209,18210,18209,7,-7
2022-02-18 15:22:00.954,18209,18210,18209,1,-1
2022-02-18 15:22:00.963,18209,18210,18209,6,-6
2022-02-18 15:22:00.963,18209,18210,18209,7,-7
2022-02-18 15:22:02.463,18208,18210,18210,3,3
2022-02-18 15:22:07.119,18209,18211,18210,1,1
2022-02-18 15:22:08.268,18210,18212,18210,1,-1
2022-02-18 15:22:13.742,18209,18212,18210,1,-1
2022-02-18 15:22:18.094,18210,18212,18210,1,-1
2022-02-18 15:22:19.735,18211,18212,18212,1,1
2022-02-18 15:22:23.492,18212,18213,18212,1,-1
2022-02-18 15:22:23.909,18211,18212,18212,1,1
2022-02-18 15:22:24.520,18211,18213,18211,1,-1
2022-02-18 15:22:28.614,18211,18213,18211,4,-4
2022-02-18 15:22:30.260,18211,18213,18211,5,-5
2022-02-18 15:22:30.645,18211,18212,18212,1,1
2022-02-18 15:22:35.488,18211,18212,18212,1,1
2022-02-18 15:22:35.491,18211,18212,18213,1,1
2022-02-18 15:22:35.640,18211,18213,18213,1,1
2022-02-18 15:22:36.061,18211,18213,18213,1,1
2022-02-18 15:22:36.156,18211,18213,18211,1,-1
2022-02-18 15:22:36.156,18211,18213,18211,1,-1
2022-02-18 15:22:36.570,18210,18213,18210,1,-1
2022-02-18 15:22:37.109,18210,18212,18210,1,-1
2022-02-18 15:22:37.530,18210,18212,18210,1,-1
2022-02-18 15:22:37.822,18210,18212,18210,1,-1
2022-02-18 15:22:37.823,18210,18212,18210,1,-1
2022-02-18 15:22:38.010,18210,18212,18210,2,-2
2022-02-18 15:22:39.132,18210,18212,18210,1,-1
2022-02-18 15:22:43.505,18210,18212,18210,1,-1
2022-02-18 15:22:49.480,18211,18213,18211,1,-1
2022-02-18 15:22:50.313,18211,18213,18213,2,2
2022-02-18 15:22:51.483,18212,18213,18213,1,1
2022-02-18 15:22:54.601,18213,18214,18213,1,-1
2022-02-18 15:22:54.925,18212,18214,18213,1,1
2022-02-18 15:23:00.215,18213,18214,18213,2,-2
2022-02-18 15:23:00.241,18213,18214,18214,1,1
2022-02-18 15:23:00.715,18214,18215,18214,1,-1
2022-02-18 15:23:04.081,18214,18215,18214,1,-1
2022-02-18 15:23:13.437,18213,18214,18213,1,-1
2022-02-18 15:23:13.437,18213,18214,18212,2,-2
2022-02-18 15:23:13.437,18213,18214,18212,3,-3
2022-02-18 15:23:14.405,18211,18213,18213,1,1
2022-02-18 15:23:24.423,18211,18212,18211,1,-1
2022-02-18 15:23:24.423,18211,18212,18211,1,-1
2022-02-18 15:23:24.423,18211,18212,18211,1,-1
2022-02-18 15:23:31.354,18211,18212,18211,1,-1
2022-02-18 15:23:42.718,18211,18212,18212,12,12
2022-02-18 15:23:44.576,18212,18213,18212,1,-1
2022-02-18 15:23:47.552,18212,18213,18213,1,1
2022-02-18 15:23:54.437,18213,18214,18213,1,-1
2022-02-18 15:23:57.126,18213,18214,18214,3,3
2022-02-18 15:23:59.248,18213,18214,18213,2,-2
2022-02-18 15:24:00.462,18213,18214,18214,1,1
2022-02-18 15:24:20.197,18213,18214,18213,1,-1
2022-02-18 15:24:20.647,18213,18214,18214,1,1
2022-02-18 15:24:24.771,18213,18214,18213,1,-1
2022-02-18 15:24:24.771,18213,18214,18213,1,-1
2022-02-18 15:24:34.895,18212,18213,18212,1,-1
2022-02-18 15:24:34.895,18212,18213,18212,1,-1
2022-02-18 15:24:34.895,18212,18213,18212,1,-1
2022-02-18 15:24:40.200,18211,18212,18211,1,-1
2022-02-18 15:24:43.057,18211,18212,18211,2,-2
2022-02-18 15:24:43.057,18211,18212,18210,4,-4
2022-02-18 15:24:43.057,18211,18212,18210,5,-5
2022-02-18 15:24:51.448,18210,18211,18210,3,-3
2022-02-18 15:24:51.890,18209,18210,18210,1,1
2022-02-18 15:24:52.199,18209,18210,18209,2,-2
2022-02-18 15:24:55.138,18209,18210,18209,1,-1
2022-02-18 15:24:55.556,18209,18210,18210,3,3
2022-02-18 15:24:56.195,18210,18211,18210,7,-7
2022-02-18 15:24:56.270,18210,18211,18209,1,-1
2022-02-18 15:25:00.203,18209,18210,18209,2,-2
2022-02-18 15:25:00.681,18209,18210,18209,10,-10
2022-02-18 15:25:00.681,18209,18210,18209,6,-6
2022-02-18 15:25:00.721,18209,18210,18208,2,-2
2022-02-18 15:25:00.772,18209,18210,18208,1,-1
2022-02-18 15:25:00.772,18209,18210,18208,1,-1
2022-02-18 15:25:00.772,18209,18210,18208,1,-1
2022-02-18 15:25:00.772,18209,18210,18208,4,-4
2022-02-18 15:25:00.773,18209,18210,18208,1,-1
2022-02-18 15:25:00.773,18209,18210,18208,1,-1
2022-02-18 15:25:00.773,18209,18210,18208,4,-4
2022-02-18 15:25:01.428,18207,18208,18207,1,-1
2022-02-18 15:25:01.608,18207,18208,18207,1,-1
2022-02-18 15:25:02.172,18207,18209,18209,1,1
2022-02-18 15:25:02.274,18207,18209,18209,1,1
2022-02-18 15:25:03.497,18207,18209,18207,1,-1
2022-02-18 15:25:03.572,18207,18209,18209,2,2
2022-02-18 15:25:03.867,18207,18209,18207,1,-1
2022-02-18 15:25:03.943,18207,18209,18207,1,-1
2022-02-18 15:25:05.087,18207,18209,18207,1,-1
2022-02-18 15:25:08.496,18207,18208,18207,1,-1
2022-02-18 15:25:09.367,18207,18208,18207,6,-6
2022-02-18 15:25:10.611,18207,18208,18208,4,4
2022-02-18 15:25:10.611,18207,18208,18209,1,1
2022-02-18 15:25:10.986,18207,18209,18207,9,-9
2022-02-18 15:25:10.986,18207,18209,18206,1,-1
2022-02-18 15:25:11.016,18207,18209,18206,2,-2
2022-02-18 15:25:11.068,18206,18208,18206,8,-8
2022-02-18 15:25:11.150,18206,18208,18206,4,-4
2022-02-18 15:25:11.193,18206,18207,18206,4,-4
2022-02-18 15:25:11.303,18206,18207,18206,9,-9
2022-02-18 15:25:11.303,18206,18207,18205,3,-3
2022-02-18 15:25:11.439,18205,18207,18205,15,-15
2022-02-18 15:25:11.439,18205,18207,18205,2,-2
2022-02-18 15:25:11.481,18205,18207,18205,3,-3
2022-02-18 15:25:11.481,18205,18207,18204,1,-1
2022-02-18 15:25:11.489,18205,18207,18204,1,-1
2022-02-18 15:25:11.526,18205,18207,18204,2,-2
2022-02-18 15:25:11.600,18204,18206,18204,4,-4
2022-02-18 15:25:11.632,18204,18206,18204,1,-1
2022-02-18 15:25:11.879,18204,18206,18204,2,-2
2022-02-18 15:25:11.910,18204,18206,18204,4,-4
2022-02-18 15:25:11.961,18204,18206,18204,3,-3
2022-02-18 15:25:11.961,18204,18206,18203,1,-1
2022-02-18 15:25:12.017,18204,18206,18203,2,-2
2022-02-18 15:25:12.089,18203,18205,18203,2,-2
2022-02-18 15:25:12.126,18203,18205,18203,8,-8
2022-02-18 15:25:12.211,18203,18205,18203,2,-2
2022-02-18 15:25:12.211,18203,18205,18202,2,-2
2022-02-18 15:25:12.242,18203,18205,18202,2,-2
2022-02-18 15:25:12.272,18203,18205,18202,4,-4
2022-02-18 15:25:12.302,18202,18204,18202,2,-2
2022-02-18 15:25:12.302,18202,18204,18201,2,-2
2022-02-18 15:25:12.326,18202,18204,18202,1,-1
2022-02-18 15:25:12.364,18202,18204,18202,1,-1
2022-02-18 15:25:12.389,18202,18204,18202,1,-1
2022-02-18 15:25:12.389,18202,18204,18201,1,-1
2022-02-18 15:25:12.402,18202,18204,18201,1,-1
2022-02-18 15:25:12.414,18201,18204,18202,1,-1
2022-02-18 15:25:12.420,18201,18204,18202,1,-1
2022-02-18 15:25:12.420,18201,18204,18201,4,-4
2022-02-18 15:25:12.423,18201,18204,18201,1,-1
2022-02-18 15:25:12.432,18201,18204,18201,1,-1
2022-02-18 15:25:12.443,18201,18204,18201,3,-3
2022-02-18 15:25:12.449,18201,18204,18201,2,-2
2022-02-18 15:25:12.606,18201,18203,18201,2,-2
2022-02-18 15:25:12.635,18201,18203,18201,2,-2
2022-02-18 15:25:12.726,18201,18203,18201,2,-2
2022-02-18 15:25:12.787,18201,18203,18203,1,1
2022-02-18 15:25:13.084,18203,18205,18205,1,1
2022-02-18 15:25:13.479,18203,18205,18205,1,1
2022-02-18 15:25:13.804,18204,18206,18204,2,-2
2022-02-18 15:25:14.811,18204,18206,18206,1,1
2022-02-18 15:25:15.745,18204,18206,18204,1,-1
2022-02-18 15:25:16.434,18204,18206,18204,1,-1
2022-02-18 15:25:17.353,18204,18205,18205,1,1
2022-02-18 15:25:18.459,18204,18205,18204,2,-2
2022-02-18 15:25:19.044,18202,18204,18204,1,1
2022-02-18 15:25:19.607,18202,18204,18202,5,-5
2022-02-18 15:25:19.684,18202,18203,18203,1,1
2022-02-18 15:25:20.155,18202,18204,18204,1,1
2022-02-18 15:25:23.256,18202,18204,18202,1,-1
2022-02-18 15:25:23.636,18202,18204,18202,2,-2
2022-02-18 15:25:24.528,18203,18204,18203,1,-1
2022-02-18 15:25:24.607,18202,18203,18203,1,1
2022-02-18 15:25:24.638,18202,18203,18202,1,-1
2022-02-18 15:25:25.700,18202,18203,18202,4,-4
2022-02-18 15:25:26.100,18202,18203,18202,1,-1
2022-02-18 15:25:26.362,18202,18203,18202,3,-3
2022-02-18 15:25:26.363,18202,18203,18202,2,-2
2022-02-18 15:25:27.917,18202,18203,18203,1,1
2022-02-18 15:25:28.669,18202,18204,18202,1,-1
2022-02-18 15:25:28.700,18202,18204,18204,1,1
2022-02-18 15:25:29.323,18202,18203,18202,3,-3
2022-02-18 15:25:30.839,18201,18203,18202,3,3
2022-02-18 15:25:31.057,18201,18202,18201,5,-5
2022-02-18 15:25:32.023,18201,18202,18202,2,2
2022-02-18 15:25:32.040,18201,18203,18201,5,-5
2022-02-18 15:25:32.920,18201,18202,18201,3,-3
2022-02-18 15:25:33.074,18201,18202,18201,5,-5
2022-02-18 15:25:33.099,18201,18202,18201,2,-2
2022-02-18 15:25:34.507,18200,18201,18201,1,1
2022-02-18 15:25:34.611,18200,18201,18201,5,5
2022-02-18 15:25:34.765,18200,18202,18201,1,1
2022-02-18 15:25:35.690,18201,18202,18201,1,-1
2022-02-18 15:25:36.043,18201,18202,18201,1,-1
2022-02-18 15:25:36.043,18201,18202,18200,1,-1
2022-02-18 15:25:36.048,18201,18202,18202,1,1
2022-02-18 15:25:36.101,18201,18202,18200,1,-1
2022-02-18 15:25:36.170,18200,18202,18200,1,-1
2022-02-18 15:25:36.223,18200,18202,18200,2,-2
2022-02-18 15:25:36.297,18200,18202,18200,1,-1
2022-02-18 15:25:36.356,18200,18202,18200,1,-1
2022-02-18 15:25:36.381,18200,18202,18200,1,-1
2022-02-18 15:25:36.958,18200,18201,18201,1,1
2022-02-18 15:25:37.369,18200,18202,18202,1,1
2022-02-18 15:25:37.565,18200,18201,18201,1,1
2022-02-18 15:25:37.838,18200,18201,18201,1,1
2022-02-18 15:25:39.974,18201,18202,18202,1,1
2022-02-18 15:25:39.974,18201,18202,18202,1,1
2022-02-18 15:25:39.974,18201,18202,18202,3,3
2022-02-18 15:25:39.974,18201,18202,18202,2,2
2022-02-18 15:25:40.206,18202,18203,18202,1,-1
2022-02-18 15:25:40.206,18202,18203,18201,3,-3
2022-02-18 15:25:40.530,18201,18203,18201,1,-1
2022-02-18 15:25:41.449,18202,18203,18202,1,-1
2022-02-18 15:25:41.931,18201,18203,18201,1,-1
2022-02-18 15:25:42.730,18202,18203,18202,1,-1
2022-02-18 15:25:42.946,18202,18203,18203,1,1
2022-02-18 15:25:43.042,18202,18204,18202,1,-1
2022-02-18 15:25:43.261,18202,18204,18202,1,-1
2022-02-18 15:25:44.721,18202,18204,18202,1,-1
2022-02-18 15:25:46.802,18202,18203,18202,1,-1
2022-02-18 15:25:47.413,18202,18204,18202,1,-1
2022-02-18 15:25:49.775,18202,18203,18203,1,1
2022-02-18 15:25:52.373,18203,18204,18204,3,3
2022-02-18 15:25:52.373,18203,18204,18204,2,2
2022-02-18 15:25:54.514,18203,18205,18203,1,-1
2022-02-18 15:25:55.539,18203,18205,18203,3,-3
2022-02-18 15:25:55.789,18202,18204,18203,1,1
2022-02-18 15:25:58.736,18202,18203,18203,1,1
2022-02-18 15:25:58.805,18202,18203,18203,1,1
2022-02-18 15:26:01.354,18202,18203,18202,5,-5
2022-02-18 15:26:03.154,18201,18202,18202,1,1
2022-02-18 15:26:03.161,18201,18202,18201,1,-1
2022-02-18 15:26:04.325,18201,18202,18202,4,4
2022-02-18 15:26:04.325,18201,18202,18203,1,1
2022-02-18 15:26:04.898,18201,18202,18202,1,1
2022-02-18 15:26:09.943,18201,18203,18203,1,1
2022-02-18 15:26:16.680,18202,18203,18202,1,-1
2022-02-18 15:26:16.738,18202,18203,18202,3,-3
2022-02-18 15:26:17.831,18201,18203,18203,5,5
2022-02-18 15:26:17.912,18202,18203,18202,1,-1
2022-02-18 15:26:17.912,18202,18203,18202,1,-1
2022-02-18 15:26:20.201,18202,18203,18202,2,-2
2022-02-18 15:26:20.723,18202,18203,18202,1,-1
2022-02-18 15:26:21.499,18202,18203,18202,1,-1
2022-02-18 15:26:21.558,18202,18203,18202,1,-1
2022-02-18 15:26:21.558,18202,18203,18201,11,-11
2022-02-18 15:26:21.558,18202,18203,18201,1,-1
2022-02-18 15:26:25.724,18201,18202,18201,1,-1
2022-02-18 15:26:27.747,18201,18203,18203,2,2
2022-02-18 15:26:28.935,18201,18203,18201,1,-1
2022-02-18 15:26:33.190,18202,18203,18202,1,-1
2022-02-18 15:26:33.685,18201,18203,18201,1,-1
2022-02-18 15:26:35.485,18202,18203,18203,1,1
2022-02-18 15:26:38.663,18202,18204,18202,2,-2
2022-02-18 15:26:39.700,18203,18204,18203,1,-1
2022-02-18 15:26:52.364,18203,18204,18203,1,-1
2022-02-18 15:26:52.365,18203,18204,18203,1,-1
2022-02-18 15:26:59.689,18202,18203,18202,2,-2
2022-02-18 15:26:59.689,18202,18203,18202,1,-1
2022-02-18 15:26:59.690,18202,18203,18201,6,-6
2022-02-18 15:27:00.855,18201,18202,18202,1,1
2022-02-18 15:27:01.038,18201,18202,18202,1,1
2022-02-18 15:27:01.626,18201,18202,18201,2,-2
2022-02-18 15:27:01.688,18201,18202,18201,1,-1
2022-02-18 15:27:01.743,18201,18202,18201,1,-1
2022-02-18 15:27:02.028,18201,18202,18201,2,-2
2022-02-18 15:27:02.134,18201,18202,18201,2,-2
2022-02-18 15:27:02.220,18201,18202,18201,2,-2
2022-02-18 15:27:02.220,18201,18202,18200,2,-2
2022-02-18 15:27:02.220,18201,18202,18200,2,-2
2022-02-18 15:27:02.261,18201,18202,18200,4,-4
2022-02-18 15:27:02.726,18200,18202,18200,2,-2
2022-02-18 15:27:02.741,18200,18202,18200,1,-1
2022-02-18 15:27:02.805,18200,18202,18200,1,-1
2022-02-18 15:27:02.855,18200,18202,18200,1,-1
2022-02-18 15:27:03.138,18200,18202,18200,1,-1
2022-02-18 15:27:04.191,18200,18202,18200,2,-2
2022-02-18 15:27:05.004,18201,18202,18201,1,-1
2022-02-18 15:27:05.008,18201,18202,18202,1,1
2022-02-18 15:27:05.411,18201,18203,18201,1,-1
2022-02-18 15:27:10.623,18201,18203,18201,1,-1
2022-02-18 15:27:11.396,18201,18203,18201,3,-3
2022-02-18 15:27:14.408,18201,18203,18201,2,-2
2022-02-18 15:27:15.227,18201,18203,18201,2,-2
2022-02-18 15:27:16.036,18201,18202,18202,1,1
2022-02-18 15:27:20.504,18202,18203,18203,2,2
2022-02-18 15:27:21.312,18203,18204,18203,1,-1
2022-02-18 15:27:24.225,18202,18204,18202,1,-1
2022-02-18 15:27:25.590,18203,18204,18204,2,2
2022-02-18 15:27:25.591,18203,18204,18204,1,1
2022-02-18 15:27:26.817,18203,18204,18203,1,-1
2022-02-18 15:27:33.254,18203,18204,18203,1,-1
2022-02-18 15:27:35.108,18203,18204,18204,1,1
2022-02-18 15:27:35.166,18203,18204,18204,1,1
2022-02-18 15:27:35.966,18203,18204,18204,2,2
2022-02-18 15:27:36.628,18203,18205,18203,1,-1
2022-02-18 15:27:39.643,18203,18205,18205,5,5
2022-02-18 15:27:46.414,18203,18205,18203,7,-7
2022-02-18 15:27:46.414,18203,18205,18202,15,-15
2022-02-18 15:27:46.414,18203,18205,18201,8,-8
2022-02-18 15:27:46.416,18203,18205,18202,1,-1
2022-02-18 15:27:49.040,18201,18203,18203,1,1
2022-02-18 15:27:55.843,18202,18204,18204,5,5
2022-02-18 15:28:00.686,18202,18204,18202,1,-1
2022-02-18 15:28:17.509,18202,18203,18203,3,3
2022-02-18 15:28:17.509,18202,18203,18204,2,2
2022-02-18 15:28:19.359,18202,18203,18202,3,-3
2022-02-18 15:28:19.359,18202,18203,18202,2,-2
2022-02-18 15:28:19.360,18202,18203,18202,2,-2
2022-02-18 15:28:21.622,18202,18203,18202,1,-1
2022-02-18 15:28:23.066,18202,18203,18202,1,-1
2022-02-18 15:28:24.346,18201,18203,18202,1,1
2022-02-18 15:28:24.385,18201,18203,18202,1,1
2022-02-18 15:28:25.358,18201,18202,18202,1,1
2022-02-18 15:28:27.409,18201,18202,18202,1,1
2022-02-18 15:28:29.130,18202,18203,18202,1,-1
2022-02-18 15:28:29.164,18201,18202,18201,2,-2
2022-02-18 15:28:29.165,18201,18202,18201,7,-7
2022-02-18 15:28:34.245,18201,18202,18201,1,-1
2022-02-18 15:28:36.821,18200,18201,18201,2,2
2022-02-18 15:28:37.338,18200,18201,18201,1,1
2022-02-18 15:28:37.655,18200,18201,18200,1,-1
2022-02-18 15:28:38.274,18200,18201,18201,1,1
2022-02-18 15:28:39.570,18200,18201,18200,1,-1
2022-02-18 15:28:41.813,18200,18201,18200,1,-1
2022-02-18 15:28:41.813,18200,18201,18200,2,-2
2022-02-18 15:28:41.813,18200,18201,18200,1,-1
2022-02-18 15:28:41.813,18200,18201,18200,1,-1
2022-02-18 15:28:41.814,18200,18201,18200,1,-1
2022-02-18 15:28:41.814,18200,18201,18200,1,-1
2022-02-18 15:28:41.814,18200,18201,18200,1,-1
2022-02-18 15:28:41.826,18200,18201,18200,1,-1
2022-02-18 15:28:43.735,18200,18201,18201,1,1
2022-02-18 15:28:43.863,18200,18201,18201,1,1
2022-02-18 15:28:44.012,18200,18201,18201,1,1
2022-02-18 15:28:44.903,18200,18201,18201,1,1
2022-02-18 15:28:46.328,18200,18201,18200,2,-2
2022-02-18 15:28:46.544,18200,18201,18201,1,1
2022-02-18 15:28:47.081,18200,18201,18201,1,1
2022-02-18 15:28:47.114,18200,18201,18200,10,-10
2022-02-18 15:28:47.909,18200,18201,18201,1,1
2022-02-18 15:28:48.832,18201,18202,18201,1,-1
2022-02-18 15:28:50.004,18200,18202,18200,1,-1
2022-02-18 15:28:51.897,18200,18202,18200,1,-1
2022-02-18 15:28:56.188,18200,18202,18200,1,-1
2022-02-18 15:28:56.307,18200,18202,18200,1,-1
2022-02-18 15:28:57.429,18200,18201,18201,1,1
2022-02-18 15:28:58.619,18200,18201,18201,2,2
2022-02-18 15:28:58.620,18200,18201,18201,5,5
2022-02-18 15:29:00.473,18200,18202,18200,3,-3
2022-02-18 15:29:01.133,18200,18202,18200,1,-1
2022-02-18 15:29:02.332,18200,18201,18200,1,-1
2022-02-18 15:29:07.474,18199,18200,18199,1,-1
2022-02-18 15:29:07.555,18199,18200,18199,1,-1
2022-02-18 15:29:07.702,18199,18200,18199,1,-1
2022-02-18 15:29:07.724,18199,18200,18199,11,-11
2022-02-18 15:29:10.027,18198,18199,18199,1,1
2022-02-18 15:29:10.561,18198,18199,18198,1,-1
2022-02-18 15:29:10.677,18198,18199,18199,1,1
2022-02-18 15:29:10.677,18198,18199,18198,1,-1
2022-02-18 15:29:11.468,18198,18199,18198,1,-1
2022-02-18 15:29:13.731,18198,18199,18198,1,-1
2022-02-18 15:29:14.125,18198,18199,18198,10,-10
2022-02-18 15:29:16.100,18198,18199,18199,1,1
2022-02-18 15:29:17.299,18198,18199,18198,4,-4
2022-02-18 15:29:18.097,18198,18199,18198,1,-1
2022-02-18 15:29:19.932,18198,18199,18199,1,1
2022-02-18 15:29:20.199,18198,18199,18198,1,-1
2022-02-18 15:29:20.875,18198,18199,18199,3,3
2022-02-18 15:29:20.875,18198,18199,18200,2,2
2022-02-18 15:29:20.981,18198,18200,18198,1,-1
2022-02-18 15:29:24.082,18198,18199,18199,1,1
2022-02-18 15:29:25.196,18198,18200,18198,1,-1
2022-02-18 15:29:27.993,18198,18199,18199,3,3
2022-02-18 15:29:27.997,18198,18199,18199,1,1
2022-02-18 15:29:28.655,18199,18200,18199,1,-1
2022-02-18 15:29:28.964,18199,18200,18200,1,1
2022-02-18 15:29:30.731,18199,18200,18199,1,-1
2022-02-18 15:29:35.003,18199,18200,18200,2,2
2022-02-18 15:29:35.003,18199,18200,18200,1,1
2022-02-18 15:29:35.004,18199,18200,18200,2,2
2022-02-18 15:29:35.004,18199,18200,18200,2,2
2022-02-18 15:29:35.004,18199,18200,18200,1,1
2022-02-18 15:29:39.768,18199,18200,18200,5,5
2022-02-18 15:29:41.662,18199,18200,18200,1,1
2022-02-18 15:29:44.795,18199,18201,18201,1,1
2022-02-18 15:29:49.967,18200,18201,18201,1,1
2022-02-18 15:29:53.625,18200,18201,18201,1,1
2022-02-18 15:29:58.354,18200,18201,18201,1,1
2022-02-18 15:29:58.960,18200,18201,18201,1,1
2022-02-18 15:30:00.203,18200,18201,18200,1,-1
2022-02-18 15:30:00.204,18200,18201,18200,7,-7
2022-02-18 15:30:00.592,18199,18201,18199,1,-1
2022-02-18 15:30:00.651,18199,18201,18199,1,-1
2022-02-18 15:30:00.670,18199,18201,18199,1,-1
2022-02-18 15:30:00.670,18199,18201,18199,1,-1
2022-02-18 15:30:00.671,18199,18201,18199,1,-1
2022-02-18 15:30:00.704,18199,18201,18201,1,1
2022-02-18 15:30:00.704,18199,18201,18201,1,1
2022-02-18 15:30:00.706,18199,18201,18201,1,1
2022-02-18 15:30:00.708,18199,18201,18201,1,1
2022-02-18 15:30:00.714,18199,18201,18201,1,1
2022-02-18 15:30:00.717,18199,18201,18202,5,5
2022-02-18 15:30:00.785,18200,18202,18200,1,-1
2022-02-18 15:30:00.799,18200,18202,18201,1,1
2022-02-18 15:30:00.810,18200,18202,18200,1,-1
2022-02-18 15:30:01.494,18200,18202,18200,1,-1
2022-02-18 15:30:01.494,18200,18202,18199,9,-9
2022-02-18 15:30:01.529,18200,18202,18199,1,-1
2022-02-18 15:30:01.532,18200,18202,18199,1,-1
2022-02-18 15:30:01.552,18198,18200,18198,5,-5
2022-02-18 15:30:01.652,18198,18200,18198,4,-4
2022-02-18 15:30:01.895,18198,18199,18198,1,-1
2022-02-18 15:30:01.974,18198,18199,18198,4,-4
2022-02-18 15:30:01.974,18198,18199,18198,2,-2
2022-02-18 15:30:01.979,18198,18199,18197,1,-1
2022-02-18 15:30:01.979,18198,18199,18197,1,-1
2022-02-18 15:30:01.981,18198,18199,18197,2,-2
2022-02-18 15:30:01.981,18198,18199,18197,1,-1
2022-02-18 15:30:01.982,18198,18199,18197,1,-1
2022-02-18 15:30:01.982,18198,18199,18197,1,-1
2022-02-18 15:30:01.986,18198,18199,18197,1,-1
2022-02-18 15:30:02.038,18197,18198,18197,2,-2
2022-02-18 15:30:02.039,18197,18198,18197,1,-1
2022-02-18 15:30:02.250,18197,18198,18197,2,-2
2022-02-18 15:30:02.251,18197,18198,18197,1,-1
2022-02-18 15:30:02.297,18197,18198,18197,2,-2
2022-02-18 15:30:02.297,18197,18198,18197,1,-1
2022-02-18 15:30:02.332,18197,18198,18197,1,-1
2022-02-18 15:30:02.337,18197,18198,18197,2,-2
2022-02-18 15:30:02.355,18197,18198,18197,4,-4
2022-02-18 15:30:02.355,18197,18198,18197,2,-2
2022-02-18 15:30:02.355,18197,18198,18197,1,-1
2022-02-18 15:30:02.361,18197,18198,18196,2,-2
2022-02-18 15:30:02.503,18196,18197,18196,2,-2
2022-02-18 15:30:02.536,18196,18197,18196,1,-1
2022-02-18 15:30:02.556,18196,18197,18196,2,-2
2022-02-18 15:30:02.668,18196,18197,18196,1,-1
2022-02-18 15:30:02.705,18196,18197,18196,1,-1
2022-02-18 15:30:02.706,18196,18197,18196,1,-1
2022-02-18 15:30:02.927,18196,18197,18196,1,-1
2022-02-18 15:30:02.946,18196,18197,18197,2,2
2022-02-18 15:30:02.946,18196,18197,18198,3,3
2022-02-18 15:30:02.997,18196,18197,18197,1,1
2022-02-18 15:30:02.997,18196,18197,18197,1,1
2022-02-18 15:30:02.999,18196,18197,18197,1,1
2022-02-18 15:30:03.000,18196,18197,18197,1,1
2022-02-18 15:30:03.001,18196,18197,18197,1,1
2022-02-18 15:30:03.050,18197,18198,18197,1,-1
2022-02-18 15:30:03.174,18197,18198,18197,1,-1
2022-02-18 15:30:03.614,18197,18198,18197,1,-1
2022-02-18 15:30:03.740,18197,18198,18197,1,-1
2022-02-18 15:30:03.742,18197,18198,18197,1,-1
2022-02-18 15:30:03.763,18197,18198,18196,1,-1
2022-02-18 15:30:04.640,18196,18197,18196,1,-1
2022-02-18 15:30:05.315,18196,18198,18196,2,-2
2022-02-18 15:30:06.341,18196,18198,18198,1,1
2022-02-18 15:30:08.735,18196,18197,18196,2,-2
2022-02-18 15:30:08.966,18196,18197,18197,1,1
2022-02-18 15:30:10.191,18196,18197,18196,8,-8
2022-02-18 15:30:12.392,18195,18196,18195,1,-1
2022-02-18 15:30:12.439,18195,18196,18196,1,1
2022-02-18 15:30:12.524,18195,18196,18195,2,-2
2022-02-18 15:30:12.816,18195,18196,18195,1,-1
2022-02-18 15:30:13.441,18195,18196,18196,2,2
2022-02-18 15:30:15.610,18195,18196,18196,1,1
2022-02-18 15:30:16.072,18196,18197,18197,6,6
2022-02-18 15:30:16.073,18196,18197,18198,6,6
2022-02-18 15:30:17.096,18197,18198,18197,2,-2
2022-02-18 15:30:17.148,18197,18198,18198,1,1
2022-02-18 15:30:21.533,18197,18198,18198,4,4
2022-02-18 15:30:22.918,18197,18199,18197,1,-1
2022-02-18 15:30:26.308,18198,18199,18198,1,-1
2022-02-18 15:30:26.950,18198,18199,18198,1,-1
2022-02-18 15:30:30.486,18197,18198,18197,1,-1
2022-02-18 15:30:31.642,18197,18198,18198,1,1
2022-02-18 15:30:33.517,18199,18200,18200,2,2
2022-02-18 15:30:40.338,18201,18202,18200,4,-4
2022-02-18 15:30:40.338,18201,18202,18200,3,-3
2022-02-18 15:30:41.033,18200,18202,18200,1,-1
2022-02-18 15:30:43.446,18201,18202,18201,2,-2
2022-02-18 15:30:43.446,18201,18202,18200,8,-8
2022-02-18 15:30:45.050,18201,18202,18201,1,-1
2022-02-18 15:30:46.839,18201,18202,18201,1,-1
2022-02-18 15:30:51.592,18200,18201,18201,1,1
2022-02-18 15:30:51.592,18200,18201,18202,2,2
2022-02-18 15:30:52.646,18200,18202,18202,5,5
2022-02-18 15:30:55.067,18200,18201,18201,1,1
2022-02-18 15:30:56.213,18201,18202,18202,1,1
2022-02-18 15:30:58.365,18201,18202,18201,1,-1
2022-02-18 15:31:00.452,18201,18203,18201,2,-2
2022-02-18 15:31:04.721,18201,18202,18201,1,-1
2022-02-18 15:31:05.020,18201,18202,18202,1,1
2022-02-18 15:31:05.020,18201,18202,18203,1,1
2022-02-18 15:31:05.056,18201,18203,18203,1,1
2022-02-18 15:31:07.401,18201,18202,18202,1,1
2022-02-18 15:31:07.401,18201,18202,18203,1,1
2022-02-18 15:31:13.082,18201,18203,18203,3,3
2022-02-18 15:31:16.575,18201,18202,18201,1,-1
2022-02-18 15:31:17.265,18201,18202,18201,1,-1
2022-02-18 15:31:17.490,18201,18202,18201,1,-1
2022-02-18 15:31:17.877,18201,18202,18201,1,-1
2022-02-18 15:31:18.315,18201,18202,18202,1,1
2022-02-18 15:31:19.871,18201,18203,18201,1,-1
2022-02-18 15:31:25.361,18200,18201,18201,2,2
2022-02-18 15:31:29.687,18201,18202,18201,1,-1
2022-02-18 15:31:29.688,18201,18202,18201,2,-2
2022-02-18 15:31:29.688,18201,18202,18201,1,-1
2022-02-18 15:31:34.267,18200,18201,18201,1,1
2022-02-18 15:31:34.666,18200,18201,18201,1,1
2022-02-18 15:31:36.264,18200,18201,18200,1,-1
2022-02-18 15:31:36.264,18200,18201,18200,4,-4
2022-02-18 15:31:36.264,18200,18201,18200,1,-1
2022-02-18 15:31:36.265,18200,18201,18200,1,-1
2022-02-18 15:31:36.265,18200,18201,18200,5,-5
2022-02-18 15:31:37.718,18199,18200,18200,1,1
2022-02-18 15:31:39.959,18199,18200,18199,2,-2
2022-02-18 15:31:41.136,18198,18199,18198,1,-1
2022-02-18 15:31:43.944,18198,18199,18198,3,-3
2022-02-18 15:31:43.995,18198,18199,18197,2,-2
2022-02-18 15:31:47.799,18197,18198,18197,5,-5
2022-02-18 15:31:54.872,18197,18198,18197,1,-1
2022-02-18 15:31:54.872,18197,18198,18197,1,-1
2022-02-18 15:31:55.633,18196,18198,18196,1,-1
2022-02-18 15:32:00.200,18197,18198,18197,1,-1
2022-02-18 15:32:00.287,18197,18198,18197,1,-1
2022-02-18 15:32:00.287,18197,18198,18197,1,-1
2022-02-18 15:32:00.287,18197,18198,18197,1,-1
2022-02-18 15:32:00.287,18197,18198,18196,2,-2
2022-02-18 15:32:00.287,18197,18198,18196,2,-2
2022-02-18 15:32:00.288,18197,18198,18196,1,-1
2022-02-18 15:32:00.288,18197,18198,18196,1,-1
2022-02-18 15:32:00.288,18197,18198,18196,1,-1
2022-02-18 15:32:01.301,18196,18198,18196,1,-1
2022-02-18 15:32:03.119,18197,18198,18197,1,-1
2022-02-18 15:32:05.450,18197,18198,18197,1,-1
2022-02-18 15:32:10.142,18197,18198,18197,1,-1
2022-02-18 15:32:10.376,18196,18197,18197,1,1
2022-02-18 15:32:12.017,18196,18197,18197,1,1
2022-02-18 15:32:12.017,18196,18197,18197,1,1
2022-02-18 15:32:12.037,18196,18198,18196,1,-1
2022-02-18 15:32:12.037,18196,18198,18196,1,-1
2022-02-18 15:32:12.038,18196,18198,18196,1,-1
2022-02-18 15:32:12.314,18196,18197,18197,1,1
2022-02-18 15:32:14.090,18196,18197,18196,5,-5
2022-02-18 15:32:15.714,18195,18197,18197,1,1
2022-02-18 15:32:17.225,18195,18196,18196,2,2
2022-02-18 15:32:17.411,18195,18196,18196,1,1
2022-02-18 15:32:20.425,18195,18196,18195,1,-1
2022-02-18 15:32:20.426,18195,18196,18195,6,-6
2022-02-18 15:32:20.426,18195,18196,18195,16,-16
2022-02-18 15:32:20.536,18194,18195,18194,1,-1
2022-02-18 15:32:20.536,18194,18195,18194,1,-1
2022-02-18 15:32:20.536,18194,18195,18194,1,-1
2022-02-18 15:32:20.536,18194,18195,18194,1,-1
2022-02-18 15:32:20.536,18194,18195,18194,1,-1
2022-02-18 15:32:20.537,18194,18195,18194,2,-2
2022-02-18 15:32:20.537,18194,18195,18193,1,-1
2022-02-18 15:32:20.660,18193,18195,18193,1,-1
2022-02-18 15:32:20.660,18193,18195,18193,1,-1
2022-02-18 15:32:20.736,18193,18195,18193,1,-1
2022-02-18 15:32:20.744,18193,18195,18193,1,-1
2022-02-18 15:32:20.745,18193,18195,18193,2,-2
2022-02-18 15:32:20.766,18193,18195,18193,1,-1
2022-02-18 15:32:20.770,18193,18195,18193,1,-1
2022-02-18 15:32:20.782,18193,18195,18193,5,-5
2022-02-18 15:32:20.783,18193,18195,18193,1,-1
2022-02-18 15:32:20.787,18193,18194,18193,1,-1
2022-02-18 15:32:20.792,18193,18194,18193,1,-1
2022-02-18 15:32:20.803,18193,18194,18193,1,-1
2022-02-18 15:32:20.818,18193,18194,18193,1,-1
2022-02-18 15:32:20.836,18193,18194,18193,1,-1
2022-02-18 15:32:20.839,18193,18194,18193,1,-1
2022-02-18 15:32:20.851,18193,18194,18193,1,-1
2022-02-18 15:32:20.902,18193,18194,18193,1,-1
2022-02-18 15:32:20.902,18193,18194,18193,1,-1
2022-02-18 15:32:20.946,18193,18194,18193,1,-1
2022-02-18 15:32:20.946,18193,18194,18193,2,-2
2022-02-18 15:32:21.098,18192,18193,18192,1,-1
2022-02-18 15:32:21.956,18193,18194,18193,2,-2
2022-02-18 15:32:22.692,18192,18194,18192,1,-1
2022-02-18 15:32:22.734,18192,18194,18192,2,-2
2022-02-18 15:32:27.726,18193,18195,18193,1,-1
2022-02-18 15:32:28.128,18193,18195,18193,1,-1
2022-02-18 15:32:28.161,18193,18195,18193,1,-1
2022-02-18 15:32:28.161,18193,18195,18193,1,-1
2022-02-18 15:32:28.162,18193,18195,18193,1,-1
2022-02-18 15:32:28.261,18193,18195,18193,1,-1
2022-02-18 15:32:30.474,18193,18194,18193,1,-1
2022-02-18 15:32:36.921,18193,18194,18193,1,-1
2022-02-18 15:32:37.253,18193,18194,18193,1,-1
2022-02-18 15:32:37.253,18193,18194,18193,1,-1
2022-02-18 15:32:37.253,18193,18194,18193,1,-1
2022-02-18 15:32:38.797,18192,18193,18192,1,-1
2022-02-18 15:32:38.855,18192,18193,18193,2,2
2022-02-18 15:32:39.392,18192,18193,18193,1,1
2022-02-18 15:32:42.431,18192,18193,18193,1,1
2022-02-18 15:32:43.601,18192,18194,18192,4,-4
2022-02-18 15:32:44.582,18192,18194,18193,1,1
2022-02-18 15:32:47.160,18192,18193,18192,1,-1
2022-02-18 15:32:47.511,18192,18193,18192,1,-1
2022-02-18 15:32:48.120,18192,18193,18192,1,-1
2022-02-18 15:32:48.120,18192,18193,18191,28,-28
2022-02-18 15:32:48.120,18192,18193,18190,6,-6
2022-02-18 15:32:48.159,18190,18191,18190,1,-1
2022-02-18 15:32:48.159,18190,18191,18190,1,-1
2022-02-18 15:32:48.216,18190,18191,18190,1,-1
2022-02-18 15:32:48.226,18190,18191,18190,1,-1
2022-02-18 15:32:48.240,18190,18191,18190,1,-1
2022-02-18 15:32:48.255,18190,18191,18190,4,-4
2022-02-18 15:32:48.307,18190,18191,18190,1,-1
2022-02-18 15:32:48.316,18190,18191,18190,2,-2
2022-02-18 15:32:48.460,18190,18191,18190,2,-2
2022-02-18 15:32:48.463,18190,18191,18190,1,-1
2022-02-18 15:32:48.471,18190,18191,18190,2,-2
2022-02-18 15:32:48.472,18190,18191,18190,6,-6
2022-02-18 15:32:48.472,18190,18191,18190,1,-1
2022-02-18 15:32:48.472,18190,18191,18190,1,-1
2022-02-18 15:32:48.473,18190,18191,18190,1,-1
2022-02-18 15:32:48.473,18190,18191,18190,1,-1
2022-02-18 15:32:48.473,18190,18191,18190,2,-2
2022-02-18 15:32:48.473,18190,18191,18190,2,-2
2022-02-18 15:32:49.414,18189,18190,18189,1,-1
2022-02-18 15:32:49.545,18189,18190,18189,7,-7
2022-02-18 15:32:49.545,18189,18190,18188,18,-18
2022-02-18 15:32:49.546,18189,18190,18188,2,-2
2022-02-18 15:32:49.546,18189,18190,18188,1,-1
2022-02-18 15:32:49.583,18189,18190,18189,3,-3
2022-02-18 15:32:49.914,18189,18190,18189,1,-1
2022-02-18 15:32:50.057,18189,18190,18189,1,-1
2022-02-18 15:32:51.109,18189,18190,18190,1,1
2022-02-18 15:32:51.133,18189,18190,18189,5,-5
2022-02-18 15:32:51.863,18189,18190,18189,1,-1
2022-02-18 15:32:51.889,18189,18190,18189,1,-1
2022-02-18 15:32:53.287,18189,18190,18189,1,-1
2022-02-18 15:32:53.585,18189,18190,18189,1,-1
2022-02-18 15:32:53.752,18188,18189,18189,1,1
2022-02-18 15:32:54.102,18189,18190,18190,7,7
2022-02-18 15:32:54.394,18190,18191,18190,1,-1
2022-02-18 15:32:56.235,18190,18191,18190,1,-1
2022-02-18 15:32:56.704,18190,18191,18191,2,2
2022-02-18 15:32:56.732,18190,18191,18191,1,1
2022-02-18 15:32:58.344,18191,18192,18191,1,-1
2022-02-18 15:32:58.344,18191,18192,18190,12,-12
2022-02-18 15:32:58.344,18191,18192,18189,2,-2
2022-02-18 15:32:58.902,18190,18192,18191,1,1
2022-02-18 15:32:59.769,18191,18192,18191,1,-1
2022-02-18 15:33:00.303,18191,18192,18191,1,-1
2022-02-18 15:33:00.412,18190,18192,18190,1,-1
2022-02-18 15:33:00.413,18190,18192,18190,2,-2
2022-02-18 15:33:00.413,18190,18192,18190,1,-1
2022-02-18 15:33:00.413,18190,18192,18190,2,-2
2022-02-18 15:33:00.413,18190,18192,18190,2,-2
2022-02-18 15:33:00.413,18190,18192,18189,3,-3
2022-02-18 15:33:00.414,18190,18192,18189,1,-1
2022-02-18 15:33:00.414,18190,18192,18189,1,-1
2022-02-18 15:33:00.414,18190,18192,18189,2,-2
2022-02-18 15:33:00.491,18190,18192,18191,1,1
2022-02-18 15:33:01.230,18190,18191,18191,1,1
2022-02-18 15:33:01.286,18190,18192,18190,1,-1
2022-02-18 15:33:01.286,18190,18192,18190,1,-1
2022-02-18 15:33:01.286,18190,18192,18190,1,-1
2022-02-18 15:33:01.287,18190,18192,18190,1,-1
2022-02-18 15:33:01.596,18190,18192,18190,2,-2
2022-02-18 15:33:01.655,18190,18192,18190,2,-2
2022-02-18 15:33:01.670,18190,18192,18190,2,-2
2022-02-18 15:33:02.480,18190,18192,18190,3,-3
2022-02-18 15:33:02.480,18190,18192,18189,3,-3
2022-02-18 15:33:06.608,18190,18192,18190,1,-1
2022-02-18 15:33:07.386,18190,18192,18192,1,1
2022-02-18 15:33:07.411,18190,18192,18190,1,-1
2022-02-18 15:33:07.411,18190,18192,18190,1,-1
2022-02-18 15:33:07.411,18190,18192,18190,1,-1
2022-02-18 15:33:07.411,18190,18192,18190,1,-1
2022-02-18 15:33:07.411,18190,18192,18190,1,-1
2022-02-18 15:33:07.411,18190,18192,18190,1,-1
2022-02-18 15:33:07.411,18190,18192,18190,1,-1
2022-02-18 15:33:07.412,18190,18192,18189,1,-1
2022-02-18 15:33:07.413,18190,18192,18189,1,-1
2022-02-18 15:33:07.775,18189,18191,18191,1,1
2022-02-18 15:33:09.787,18190,18191,18191,1,1
2022-02-18 15:33:10.173,18190,18192,18190,2,-2
2022-02-18 15:33:11.228,18190,18191,18191,1,1
2022-02-18 15:33:12.255,18191,18192,18191,1,-1
2022-02-18 15:33:12.802,18190,18191,18190,2,-2
2022-02-18 15:33:16.093,18190,18191,18191,5,5
2022-02-18 15:33:16.095,18190,18191,18191,1,1
2022-02-18 15:33:17.372,18191,18192,18191,1,-1
2022-02-18 15:33:17.411,18190,18192,18190,1,-1
2022-02-18 15:33:17.411,18190,18192,18190,1,-1
2022-02-18 15:33:17.411,18190,18192,18190,1,-1
2022-02-18 15:33:17.413,18190,18192,18190,1,-1
2022-02-18 15:33:20.720,18190,18191,18190,1,-1
2022-02-18 15:33:21.187,18189,18191,18190,1,1
2022-02-18 15:33:22.014,18189,18190,18190,1,1
2022-02-18 15:33:22.043,18190,18191,18190,1,-1
2022-02-18 15:33:22.492,18190,18191,18190,1,-1
2022-02-18 15:33:22.999,18190,18191,18190,1,-1
2022-02-18 15:33:24.247,18189,18190,18189,3,-3
2022-02-18 15:33:24.247,18189,18190,18188,2,-2
2022-02-18 15:33:24.411,18188,18190,18188,1,-1
2022-02-18 15:33:24.413,18188,18190,18188,1,-1
2022-02-18 15:33:24.637,18188,18190,18190,30,30
2022-02-18 15:33:24.637,18188,18190,18191,17,17
2022-02-18 15:33:24.639,18188,18190,18191,1,1
2022-02-18 15:33:24.639,18188,18190,18191,1,1
2022-02-18 15:33:24.639,18188,18190,18191,2,2
2022-02-18 15:33:24.639,18188,18190,18190,2,2
2022-02-18 15:33:27.031,18190,18192,18191,1,1
2022-02-18 15:33:27.840,18190,18191,18191,1,1
2022-02-18 15:33:29.997,18191,18192,18191,1,-1
2022-02-18 15:33:30.037,18190,18192,18190,1,-1
2022-02-18 15:33:30.037,18190,18192,18190,1,-1
2022-02-18 15:33:30.038,18190,18192,18190,1,-1
2022-02-18 15:33:30.038,18190,18192,18190,1,-1
2022-02-18 15:33:30.038,18190,18192,18190,1,-1
2022-02-18 15:33:30.039,18190,18192,18190,1,-1
2022-02-18 15:33:32.033,18190,18191,18191,1,1
2022-02-18 15:33:33.753,18190,18192,18190,1,-1
2022-02-18 15:33:35.421,18190,18191,18191,4,4
2022-02-18 15:33:35.421,18190,18191,18192,1,1
2022-02-18 15:33:35.978,18190,18191,18190,1,-1
2022-02-18 15:33:37.034,18190,18191,18191,1,1
2022-02-18 15:33:39.095,18191,18192,18191,1,-1
2022-02-18 15:33:39.161,18190,18192,18190,1,-1
2022-02-18 15:33:44.014,18190,18192,18191,1,1
2022-02-18 15:33:44.175,18190,18191,18190,2,-2
2022-02-18 15:33:45.312,18190,18191,18190,1,-1
2022-02-18 15:33:47.124,18190,18191,18191,1,1
2022-02-18 15:33:47.212,18190,18192,18190,1,-1
2022-02-18 15:33:47.666,18191,18192,18192,2,2
2022-02-18 15:33:47.716,18191,18192,18192,1,1
2022-02-18 15:33:47.926,18191,18192,18192,1,1
2022-02-18 15:33:47.926,18191,18192,18193,4,4
2022-02-18 15:33:53.152,18190,18191,18190,3,-3
2022-02-18 15:33:57.954,18190,18191,18191,1,1
2022-02-18 15:34:00.524,18191,18192,18191,1,-1
2022-02-18 15:34:03.346,18190,18191,18191,1,1
2022-02-18 15:34:05.591,18190,18191,18190,10,-10
2022-02-18 15:34:08.056,18189,18190,18190,1,1
2022-02-18 15:34:16.067,18189,18190,18189,1,-1
2022-02-18 15:34:18.965,18189,18190,18190,5,5
2022-02-18 15:34:18.965,18189,18190,18191,5,5
2022-02-18 15:34:24.215,18189,18191,18191,5,5
2022-02-18 15:34:29.256,18189,18191,18191,4,4
2022-02-18 15:34:29.571,18190,18191,18190,1,-1
2022-02-18 15:34:30.700,18190,18191,18191,1,1
2022-02-18 15:34:31.419,18190,18191,18191,2,2
2022-02-18 15:34:31.819,18190,18191,18191,2,2
2022-02-18 15:34:32.657,18191,18192,18192,5,5
2022-02-18 15:34:32.834,18191,18193,18193,2,2
2022-02-18 15:34:34.227,18192,18193,18193,1,1
2022-02-18 15:34:34.712,18192,18193,18193,2,2
2022-02-18 15:34:34.903,18192,18193,18193,1,1
2022-02-18 15:34:34.903,18192,18193,18193,1,1
2022-02-18 15:34:34.903,18192,18193,18193,3,3
2022-02-18 15:34:34.904,18192,18193,18193,1,1
2022-02-18 15:34:36.097,18192,18194,18194,1,1
2022-02-18 15:34:37.492,18192,18193,18193,1,1
2022-02-18 15:34:37.514,18192,18193,18193,2,2
2022-02-18 15:34:38.102,18193,18194,18194,1,1
2022-02-18 15:34:39.501,18193,18194,18193,1,-1
2022-02-18 15:34:39.502,18193,18194,18193,1,-1
2022-02-18 15:34:39.849,18192,18194,18194,1,1
2022-02-18 15:34:40.638,18193,18194,18193,1,-1
2022-02-18 15:34:41.587,18193,18194,18194,2,2
2022-02-18 15:34:42.144,18193,18194,18194,2,2
2022-02-18 15:34:44.710,18193,18194,18194,1,1
2022-02-18 15:34:47.423,18194,18195,18195,5,5
2022-02-18 15:34:47.875,18194,18195,18194,1,-1
2022-02-18 15:34:47.890,18194,18195,18195,1,1
2022-02-18 15:34:53.449,18194,18195,18195,5,5
2022-02-18 15:34:53.904,18195,18196,18195,3,-3
2022-02-18 15:34:54.020,18194,18196,18195,1,1
2022-02-18 15:34:55.424,18194,18195,18195,2,2
2022-02-18 15:34:55.891,18194,18196,18195,2,2
2022-02-18 15:34:56.259,18194,18195,18195,1,1
2022-02-18 15:34:56.259,18194,18195,18195,1,1
2022-02-18 15:34:57.365,18194,18195,18195,1,1
2022-02-18 15:34:57.366,18194,18195,18195,1,1
2022-02-18 15:34:57.727,18194,18195,18195,1,1
2022-02-18 15:34:57.794,18195,18196,18195,1,-1
2022-02-18 15:34:58.537,18195,18196,18195,2,-2
2022-02-18 15:35:00.326,18194,18195,18195,1,1
2022-02-18 15:35:00.641,18195,18196,18195,1,-1
2022-02-18 15:35:00.669,18194,18196,18194,1,-1
2022-02-18 15:35:00.678,18194,18196,18194,1,-1
2022-02-18 15:35:00.694,18194,18196,18194,1,-1
2022-02-18 15:35:00.694,18194,18196,18194,1,-1
2022-02-18 15:35:00.713,18194,18196,18194,1,-1
2022-02-18 15:35:00.719,18194,18196,18194,1,-1
2022-02-18 15:35:00.719,18194,18196,18194,1,-1
2022-02-18 15:35:00.730,18194,18196,18194,2,-2
2022-02-18 15:35:00.735,18194,18196,18193,1,-1
2022-02-18 15:35:00.744,18194,18196,18193,1,-1
2022-02-18 15:35:00.749,18194,18196,18193,1,-1
2022-02-18 15:35:00.754,18194,18196,18192,1,-1
2022-02-18 15:35:00.779,18194,18196,18192,1,-1
2022-02-18 15:35:00.804,18192,18194,18192,1,-1
2022-02-18 15:35:00.809,18192,18194,18192,1,-1
2022-02-18 15:35:00.812,18192,18194,18192,1,-1
2022-02-18 15:35:00.829,18192,18194,18192,1,-1
2022-02-18 15:35:00.829,18192,18194,18192,1,-1
2022-02-18 15:35:00.836,18192,18194,18192,1,-1
2022-02-18 15:35:00.847,18192,18194,18192,1,-1
2022-02-18 15:35:00.854,18192,18194,18192,1,-1
2022-02-18 15:35:00.897,18192,18194,18192,1,-1
2022-02-18 15:35:00.897,18192,18194,18191,1,-1
2022-02-18 15:35:00.897,18192,18194,18191,1,-1
2022-02-18 15:35:00.897,18192,18194,18191,1,-1
2022-02-18 15:35:00.897,18192,18194,18191,1,-1
2022-02-18 15:35:00.898,18192,18194,18191,1,-1
2022-02-18 15:35:00.922,18192,18194,18192,1,-1
2022-02-18 15:35:00.922,18192,18194,18192,1,-1
2022-02-18 15:35:00.922,18192,18194,18191,1,-1
2022-02-18 15:35:00.923,18192,18194,18191,1,-1
2022-02-18 15:35:00.923,18192,18194,18191,1,-1
2022-02-18 15:35:00.948,18192,18194,18191,1,-1
2022-02-18 15:35:00.973,18192,18194,18191,1,-1
2022-02-18 15:35:00.973,18192,18194,18191,1,-1
2022-02-18 15:35:00.993,18192,18194,18191,1,-1
2022-02-18 15:35:00.998,18192,18194,18191,1,-1
2022-02-18 15:35:01.000,18192,18194,18191,1,-1
2022-02-18 15:35:01.023,18192,18194,18191,1,-1
2022-02-18 15:35:01.048,18191,18193,18191,1,-1
2022-02-18 15:35:01.073,18191,18193,18191,1,-1
2022-02-18 15:35:01.077,18191,18193,18191,1,-1
2022-02-18 15:35:01.214,18191,18193,18191,1,-1
2022-02-18 15:35:01.288,18191,18193,18191,1,-1
2022-02-18 15:35:01.345,18191,18193,18193,1,1
2022-02-18 15:35:01.370,18191,18193,18194,1,1
2022-02-18 15:35:01.489,18192,18194,18192,1,-1
2022-02-18 15:35:03.951,18192,18194,18194,1,1
2022-02-18 15:35:06.546,18194,18196,18196,5,5
2022-02-18 15:35:07.083,18195,18197,18195,1,-1
2022-02-18 15:35:08.483,18196,18197,18197,2,2
2022-02-18 15:35:08.575,18196,18197,18197,2,2
2022-02-18 15:35:12.095,18196,18197,18197,2,2
2022-02-18 15:35:13.391,18197,18198,18198,1,1
2022-02-18 15:35:13.532,18197,18198,18198,1,1
2022-02-18 15:35:13.533,18197,18198,18198,1,1
2022-02-18 15:35:14.918,18197,18199,18199,1,1
2022-02-18 15:35:15.340,18197,18199,18199,1,1
2022-02-18 15:35:16.779,18198,18199,18198,1,-1
2022-02-18 15:35:18.327,18197,18199,18199,1,1
2022-02-18 15:35:20.813,18197,18198,18197,3,-3
2022-02-18 15:35:20.813,18197,18198,18197,2,-2
2022-02-18 15:35:22.890,18194,18196,18196,1,1
2022-02-18 15:35:23.408,18194,18197,18194,1,-1
2022-02-18 15:35:30.536,18196,18198,18198,1,1
2022-02-18 15:35:30.862,18196,18198,18198,3,3
2022-02-18 15:35:30.862,18196,18198,18199,6,6
2022-02-18 15:35:35.758,18197,18198,18197,1,-1
2022-02-18 15:35:35.928,18197,18198,18197,1,-1
2022-02-18 15:35:35.928,18197,18198,18196,2,-2
2022-02-18 15:35:39.338,18197,18198,18198,3,3
2022-02-18 15:35:41.189,18198,18199,18199,1,1
2022-02-18 15:35:43.356,18197,18199,18197,1,-1
2022-02-18 15:35:45.497,18197,18199,18198,1,1
2022-02-18 15:35:46.180,18198,18199,18199,2,2
2022-02-18 15:35:46.180,18198,18199,18199,5,5
2022-02-18 15:35:48.143,18199,18200,18199,1,-1
2022-02-18 15:35:48.347,18198,18200,18199,1,1
2022-02-18 15:35:49.286,18198,18199,18199,3,3
2022-02-18 15:35:50.020,18198,18200,18198,1,-1
2022-02-18 15:35:51.285,18198,18199,18198,3,-3
2022-02-18 15:35:54.268,18198,18199,18199,2,2
2022-02-18 15:35:55.398,18198,18199,18198,3,-3
2022-02-18 15:35:56.741,18197,18198,18198,1,1
2022-02-18 15:36:01.376,18197,18198,18198,1,1
2022-02-18 15:36:02.871,18197,18198,18196,1,-1
2022-02-18 15:36:12.692,18197,18198,18198,2,2
2022-02-18 15:36:12.904,18197,18198,18197,1,-1
2022-02-18 15:36:16.039,18196,18198,18197,1,1
2022-02-18 15:36:22.034,18196,18197,18196,1,-1
2022-02-18 15:36:22.034,18196,18197,18196,3,-3
2022-02-18 15:36:22.112,18196,18197,18196,1,-1
2022-02-18 15:36:25.012,18195,18197,18195,1,-1
2022-02-18 15:36:35.330,18195,18196,18195,1,-1
2022-02-18 15:36:40.657,18195,18196,18195,3,-3
2022-02-18 15:36:42.516,18195,18196,18195,2,-2
2022-02-18 15:36:45.495,18194,18195,18194,1,-1
2022-02-18 15:36:45.495,18194,18195,18194,2,-2
2022-02-18 15:36:48.729,18193,18194,18194,3,3
2022-02-18 15:36:52.786,18194,18196,18194,1,-1
2022-02-18 15:36:53.182,18194,18196,18194,1,-1
2022-02-18 15:36:54.741,18195,18196,18196,7,7
2022-02-18 15:36:56.467,18196,18197,18197,1,1
2022-02-18 15:36:56.467,18196,18197,18197,1,1
2022-02-18 15:36:58.379,18196,18198,18197,1,1
2022-02-18 15:37:01.108,18197,18198,18197,1,-1
2022-02-18 15:37:14.803,18196,18197,18196,1,-1
2022-02-18 15:37:20.377,18195,18197,18195,2,-2
2022-02-18 15:37:20.644,18196,18197,18196,1,-1
2022-02-18 15:37:20.644,18196,18197,18195,1,-1
2022-02-18 15:37:31.164,18195,18196,18195,1,-1
2022-02-18 15:37:31.164,18195,18196,18195,1,-1
2022-02-18 15:37:31.165,18195,18196,18195,1,-1
2022-02-18 15:37:31.635,18194,18195,18194,1,-1
2022-02-18 15:37:31.635,18194,18195,18194,1,-1
2022-02-18 15:37:31.644,18194,18195,18193,1,-1
2022-02-18 15:37:31.651,18194,18195,18193,1,-1
2022-02-18 15:37:31.651,18194,18195,18193,1,-1
2022-02-18 15:37:31.651,18194,18195,18193,2,-2
2022-02-18 15:37:32.168,18193,18194,18194,1,1
2022-02-18 15:37:32.168,18193,18194,18195,1,1
2022-02-18 15:37:36.167,18193,18194,18194,1,1
2022-02-18 15:37:44.415,18193,18194,18193,1,-1
2022-02-18 15:37:47.821,18193,18194,18193,1,-1
2022-02-18 15:37:48.522,18193,18194,18194,2,2
2022-02-18 15:37:48.522,18193,18194,18194,1,1
2022-02-18 15:37:48.523,18193,18194,18194,3,3
2022-02-18 15:37:59.718,18193,18194,18194,1,1
2022-02-18 15:38:01.711,18193,18195,18195,5,5
2022-02-18 15:38:08.805,18193,18195,18195,5,5
2022-02-18 15:38:16.892,18193,18195,18193,2,-2
2022-02-18 15:38:17.136,18193,18195,18193,2,-2
2022-02-18 15:38:17.600,18193,18195,18195,1,1
2022-02-18 15:38:21.350,18193,18195,18195,1,1
2022-02-18 15:38:29.306,18194,18195,18194,1,-1
2022-02-18 15:38:44.960,18194,18195,18194,1,-1
2022-02-18 15:38:51.175,18193,18195,18193,10,-10
2022-02-18 15:39:01.946,18193,18195,18193,1,-1
2022-02-18 15:39:02.156,18193,18194,18194,1,1
2022-02-18 15:39:04.599,18193,18194,18193,2,-2
2022-02-18 15:39:05.588,18193,18194,18194,2,2
2022-02-18 15:39:05.905,18193,18195,18193,1,-1
2022-02-18 15:39:12.711,18194,18195,18194,3,-3
2022-02-18 15:39:12.712,18194,18195,18194,1,-1
2022-02-18 15:39:14.627,18194,18195,18195,7,7
2022-02-18 15:39:14.815,18195,18196,18196,3,3
2022-02-18 15:39:15.758,18195,18197,18195,1,-1
2022-02-18 15:39:16.158,18195,18197,18195,1,-1
2022-02-18 15:39:40.365,18195,18196,18196,2,2
2022-02-18 15:39:44.689,18195,18197,18197,1,1
2022-02-18 15:39:45.166,18196,18197,18197,1,1
2022-02-18 15:39:45.166,18196,18197,18197,6,6
2022-02-18 15:39:46.464,18197,18198,18197,1,-1
2022-02-18 15:39:47.525,18197,18198,18198,3,3
2022-02-18 15:39:47.534,18198,18200,18198,1,-1
2022-02-18 15:39:48.721,18198,18199,18198,1,-1
2022-02-18 15:39:55.765,18197,18198,18197,1,-1
2022-02-18 15:39:57.261,18196,18197,18196,1,-1
2022-02-18 15:39:57.314,18195,18197,18195,1,-1
2022-02-18 15:40:00.192,18196,18198,18198,1,1
2022-02-18 15:40:01.286,18197,18198,18197,1,-1
2022-02-18 15:40:02.297,18197,18198,18197,1,-1
2022-02-18 15:40:04.566,18196,18198,18196,1,-1
2022-02-18 15:40:04.821,18196,18198,18198,2,2
2022-02-18 15:40:06.166,18196,18198,18198,7,7
2022-02-18 15:40:06.166,18196,18198,18199,13,13
2022-02-18 15:40:06.166,18196,18198,18200,10,10
2022-02-18 15:40:06.168,18196,18198,18199,1,1
2022-02-18 15:40:06.306,18197,18199,18199,1,1
2022-02-18 15:40:06.416,18197,18199,18197,1,-1
2022-02-18 15:40:06.626,18197,18198,18198,1,1
2022-02-18 15:40:06.626,18197,18198,18199,1,1
2022-02-18 15:40:07.216,18197,18199,18198,3,3
2022-02-18 15:40:07.474,18196,18198,18198,2,2
2022-02-18 15:40:14.873,18197,18198,18197,1,-1
2022-02-18 15:40:16.361,18197,18198,18198,1,1
2022-02-18 15:40:22.032,18198,18199,18199,1,1
2022-02-18 15:40:25.003,18199,18200,18200,1,1
2022-02-18 15:40:32.353,18199,18200,18200,1,1
2022-02-18 15:40:33.252,18199,18200,18199,1,-1
2022-02-18 15:40:35.880,18198,18199,18199,1,1
2022-02-18 15:40:37.270,18198,18199,18199,1,1
2022-02-18 15:40:37.270,18198,18199,18200,2,2
2022-02-18 15:40:37.736,18198,18200,18200,1,1
2022-02-18 15:40:49.173,18199,18200,18200,1,1
2022-02-18 15:40:49.173,18199,18200,18200,4,4
2022-02-18 15:40:49.174,18199,18200,18200,2,2
2022-02-18 15:40:57.295,18200,18201,18201,1,1
2022-02-18 15:40:57.674,18200,18201,18200,1,-1
2022-02-18 15:41:01.693,18200,18201,18200,1,-1
2022-02-18 15:41:02.590,18200,18201,18201,1,1
2022-02-18 15:41:02.602,18200,18201,18201,1,1
2022-02-18 15:41:03.864,18200,18201,18201,1,1
2022-02-18 15:41:04.184,18200,18201,18201,1,1
2022-02-18 15:41:04.712,18200,18201,18201,1,1
2022-02-18 15:41:06.937,18200,18202,18202,1,1
2022-02-18 15:41:07.055,18200,18202,18202,1,1
2022-02-18 15:41:10.699,18200,18201,18201,1,1
2022-02-18 15:41:12.985,18200,18201,18201,1,1
2022-02-18 15:41:14.617,18200,18202,18201,1,1
2022-02-18 15:41:14.618,18200,18202,18201,1,1
2022-02-18 15:41:20.769,18201,18202,18202,2,2
2022-02-18 15:41:20.769,18201,18202,18201,1,-1
2022-02-18 15:41:32.312,18201,18202,18202,1,1
2022-02-18 15:41:32.312,18201,18202,18201,1,-1
2022-02-18 15:41:34.951,18201,18202,18201,1,-1
2022-02-18 15:41:35.324,18200,18201,18200,2,-2
2022-02-18 15:41:35.415,18200,18201,18201,1,1
2022-02-18 15:41:36.207,18200,18201,18201,1,1
2022-02-18 15:41:36.843,18200,18201,18201,1,1
2022-02-18 15:41:37.178,18200,18201,18201,1,1
2022-02-18 15:41:37.178,18200,18201,18202,1,1
2022-02-18 15:41:37.204,18200,18201,18201,1,1
2022-02-18 15:41:38.287,18201,18202,18201,1,-1
2022-02-18 15:41:38.777,18200,18201,18200,6,-6
2022-02-18 15:41:41.331,18199,18200,18199,2,-2
2022-02-18 15:41:41.332,18199,18200,18199,1,-1
2022-02-18 15:41:42.158,18198,18199,18199,1,1
2022-02-18 15:41:42.242,18198,18200,18200,1,1
2022-02-18 15:41:49.389,18199,18200,18200,2,2
2022-02-18 15:41:49.389,18199,18200,18201,8,8
2022-02-18 15:41:49.569,18200,18201,18201,1,1
2022-02-18 15:41:51.146,18200,18202,18200,1,-1
2022-02-18 15:42:05.483,18199,18200,18199,1,-1
2022-02-18 15:42:23.843,18199,18200,18199,1,-1
2022-02-18 15:42:35.505,18199,18200,18200,1,1
2022-02-18 15:42:35.505,18199,18200,18200,1,1
2022-02-18 15:42:35.505,18199,18200,18200,1,1
2022-02-18 15:42:35.506,18199,18200,18200,1,1
2022-02-18 15:42:35.506,18199,18200,18200,1,1
2022-02-18 15:42:35.506,18199,18200,18200,1,1
2022-02-18 15:42:35.537,18200,18201,18200,1,-1
2022-02-18 15:43:00.160,18199,18200,18200,1,1
2022-02-18 15:43:00.160,18199,18200,18201,14,14
2022-02-18 15:43:13.642,18200,18201,18201,6,6
2022-02-18 15:43:13.643,18200,18201,18201,2,2
2022-02-18 15:43:13.662,18200,18202,18202,1,1
2022-02-18 15:43:14.246,18200,18202,18202,1,1
2022-02-18 15:43:19.599,18200,18201,18201,1,1
2022-02-18 15:43:22.857,18201,18202,18201,1,-1
2022-02-18 15:43:24.391,18201,18202,18201,1,-1
2022-02-18 15:43:25.475,18200,18201,18201,2,2
2022-02-18 15:43:29.863,18200,18202,18200,2,-2
2022-02-18 15:43:34.055,18200,18201,18201,1,1
2022-02-18 15:43:39.871,18200,18201,18200,1,-1
2022-02-18 15:43:40.946,18199,18201,18201,1,1
2022-02-18 15:43:43.724,18198,18200,18198,2,-2
2022-02-18 15:43:53.765,18199,18200,18200,1,1
2022-02-18 15:43:55.504,18199,18200,18200,1,1
2022-02-18 15:43:56.516,18200,18201,18200,2,-2
2022-02-18 15:44:00.367,18200,18201,18201,6,6
2022-02-18 15:44:00.661,18201,18202,18201,1,-1
2022-02-18 15:44:00.672,18201,18202,18201,1,-1
2022-02-18 15:44:02.520,18201,18202,18202,5,5
2022-02-18 15:44:03.839,18201,18203,18201,3,-3
2022-02-18 15:44:03.839,18201,18203,18201,2,-2
2022-02-18 15:44:13.824,18201,18202,18201,1,-1
2022-02-18 15:44:19.319,18201,18202,18202,6,6
2022-02-18 15:44:19.319,18201,18202,18203,22,22
2022-02-18 15:44:19.319,18201,18202,18204,2,2
2022-02-18 15:44:25.188,18201,18203,18203,1,1
2022-02-18 15:44:27.602,18201,18203,18203,2,2
2022-02-18 15:44:31.104,18201,18203,18203,1,1
2022-02-18 15:44:34.141,18201,18202,18202,1,1
2022-02-18 15:44:35.310,18201,18203,18202,1,1
2022-02-18 15:44:35.620,18201,18203,18203,1,1
2022-02-18 15:44:38.462,18202,18203,18203,1,1
2022-02-18 15:44:38.518,18202,18203,18202,1,-1
2022-02-18 15:44:42.629,18202,18203,18202,2,-2
2022-02-18 15:44:44.526,18201,18202,18202,1,1
2022-02-18 15:44:48.154,18201,18202,18202,1,1
2022-02-18 15:44:50.655,18201,18202,18202,1,1
2022-02-18 15:44:51.466,18202,18203,18202,1,-1
2022-02-18 15:44:51.780,18201,18203,18203,1,1
2022-02-18 15:44:56.182,18202,18203,18202,1,-1
2022-02-18 15:45:00.762,18202,18203,18203,1,1
2022-02-18 15:45:03.218,18202,18203,18202,1,-1
2022-02-18 15:45:03.511,18202,18203,18203,2,2
2022-02-18 15:45:03.526,18202,18203,18203,2,2
2022-02-18 15:45:03.542,18202,18203,18203,1,1
2022-02-18 15:45:03.542,18202,18203,18204,1,1
2022-02-18 15:45:08.127,18202,18204,18204,1,1
2022-02-18 15:45:09.875,18203,18204,18204,1,1
2022-02-18 15:45:14.988,18203,18204,18204,1,1
2022-02-18 15:45:15.227,18203,18204,18204,1,1
2022-02-18 15:45:17.455,18203,18204,18204,1,1
2022-02-18 15:45:21.713,18203,18204,18204,2,2
2022-02-18 15:45:21.929,18203,18204,18204,1,1
2022-02-18 15:45:23.582,18203,18204,18204,1,1
2022-02-18 15:45:23.618,18203,18204,18204,1,1
2022-02-18 15:45:27.116,18203,18204,18204,2,2
2022-02-18 15:45:27.642,18203,18204,18204,1,1
2022-02-18 15:45:29.168,18204,18205,18204,1,-1
2022-02-18 15:45:39.003,18204,18205,18204,4,-4
2022-02-18 15:45:39.003,18204,18205,18204,1,-1
2022-02-18 15:45:39.003,18204,18205,18204,1,-1
2022-02-18 15:45:39.003,18204,18205,18204,1,-1
2022-02-18 15:45:41.378,18203,18204,18204,1,1
2022-02-18 15:45:48.644,18203,18204,18203,2,-2
2022-02-18 15:45:52.896,18203,18204,18204,1,1
2022-02-18 15:45:54.377,18204,18205,18204,1,-1
2022-02-18 15:45:54.606,18204,18205,18205,1,1
2022-02-18 15:45:54.689,18204,18205,18205,3,3
2022-02-18 15:45:54.690,18204,18205,18205,13,13
2022-02-18 15:45:54.690,18204,18205,18205,1,1
2022-02-18 15:45:54.690,18204,18205,18205,1,1
2022-02-18 15:45:54.690,18204,18205,18205,1,1
2022-02-18 15:45:54.690,18204,18205,18205,1,1
2022-02-18 15:45:54.690,18204,18205,18205,8,8
2022-02-18 15:45:54.690,18204,18205,18205,2,2
2022-02-18 15:45:54.690,18204,18205,18205,1,1
2022-02-18 15:45:54.691,18204,18205,18205,1,1
2022-02-18 15:45:58.729,18204,18205,18205,1,1
2022-02-18 15:46:14.869,18205,18206,18205,1,-1
2022-02-18 15:46:15.246,18204,18205,18204,1,-1
2022-02-18 15:46:18.954,18204,18205,18204,1,-1
2022-02-18 15:46:22.788,18204,18205,18205,1,1
2022-02-18 15:46:22.911,18204,18205,18205,1,1
2022-02-18 15:46:22.911,18204,18205,18205,1,1
2022-02-18 15:46:22.911,18204,18205,18206,1,1
2022-02-18 15:46:32.536,18204,18205,18205,1,1
2022-02-18 15:46:36.209,18204,18205,18205,2,2
2022-02-18 15:46:36.286,18204,18205,18205,1,1
2022-02-18 15:46:36.287,18204,18205,18205,1,1
2022-02-18 15:46:40.068,18204,18205,18204,1,-1
2022-02-18 15:46:40.069,18204,18205,18204,1,-1
2022-02-18 15:46:40.069,18204,18205,18204,2,-2
2022-02-18 15:46:40.069,18204,18205,18204,1,-1
2022-02-18 15:46:40.069,18204,18205,18204,16,-16
2022-02-18 15:46:40.161,18203,18204,18204,1,1
2022-02-18 15:46:40.161,18203,18204,18204,1,1
2022-02-18 15:46:49.370,18204,18205,18205,2,2
2022-02-18 15:46:50.210,18204,18205,18204,2,-2
2022-02-18 15:46:51.533,18204,18205,18204,1,-1
2022-02-18 15:46:58.316,18203,18204,18204,1,1
2022-02-18 15:46:59.305,18203,18204,18204,1,1
2022-02-18 15:47:00.366,18203,18204,18204,1,1
2022-02-18 15:47:00.469,18203,18204,18204,1,1
2022-02-18 15:47:09.785,18203,18204,18203,1,-1
2022-02-18 15:47:09.785,18203,18204,18203,2,-2
2022-02-18 15:47:09.785,18203,18204,18203,2,-2
