2024-11-19 15:00:00.035,22865,22869,22874,61,61
2024-11-19 15:00:00.037,22874,22875,22874,2,-2
2024-11-19 15:00:00.038,22874,22875,22872,13,-13
2024-11-19 15:00:00.038,22874,22875,22870,1,-1
2024-11-19 15:00:00.048,22874,22875,22875,1,1
2024-11-19 15:00:00.048,22874,22875,22875,1,1
2024-11-19 15:00:00.050,22874,22875,22875,2,2
2024-11-19 15:00:00.050,22874,22875,22875,1,1
2024-11-19 15:00:00.053,22874,22875,22875,1,1
2024-11-19 15:00:00.122,22870,22874,22874,1,1
2024-11-19 15:00:00.123,22870,22874,22871,1,-1
2024-11-19 15:00:00.123,22870,22874,22870,2,-2
2024-11-19 15:00:00.123,22870,22874,22869,2,-2
2024-11-19 15:00:00.265,22865,22870,22871,1,1
2024-11-19 15:00:00.307,22868,22872,22868,1,-1
2024-11-19 15:00:00.374,22868,22872,22868,1,-1
2024-11-19 15:00:00.428,22866,22870,22869,1,1
2024-11-19 15:00:00.432,22866,22870,22866,1,-1
2024-11-19 15:00:00.514,22866,22870,22868,1,-1
2024-11-19 15:00:00.514,22866,22870,22869,1,1
2024-11-19 15:00:00.531,22866,22870,22870,1,1
2024-11-19 15:00:00.546,22866,22870,22870,1,1
2024-11-19 15:00:00.546,22866,22870,22871,1,1
2024-11-19 15:00:00.554,22866,22870,22871,1,1
2024-11-19 15:00:00.565,22866,22870,22871,1,1
2024-11-19 15:00:00.582,22866,22870,22872,1,1
2024-11-19 15:00:00.630,22866,22870,22872,1,1
2024-11-19 15:00:00.646,22866,22873,22873,2,2
2024-11-19 15:00:00.727,22866,22873,22873,1,1
2024-11-19 15:00:00.875,22866,22873,22866,1,-1
2024-11-19 15:00:00.875,22866,22873,22865,1,-1
2024-11-19 15:00:01.002,22866,22870,22870,1,1
2024-11-19 15:00:01.145,22866,22869,22868,1,1
2024-11-19 15:00:01.151,22866,22869,22866,1,-1
2024-11-19 15:00:01.170,22866,22869,22868,1,1
2024-11-19 15:00:01.204,22866,22869,22868,1,1
2024-11-19 15:00:01.204,22866,22869,22868,2,2
2024-11-19 15:00:01.257,22866,22869,22869,2,2
2024-11-19 15:00:01.257,22866,22869,22870,1,1
2024-11-19 15:00:01.299,22867,22869,22867,1,-1
2024-11-19 15:00:01.438,22865,22869,22865,1,-1
2024-11-19 15:00:01.438,22865,22869,22865,1,-1
2024-11-19 15:00:01.462,22865,22869,22866,1,-1
2024-11-19 15:00:01.628,22864,22868,22867,2,2
2024-11-19 15:00:02.356,22864,22866,22866,1,1
2024-11-19 15:00:02.377,22864,22866,22867,3,3
2024-11-19 15:00:02.377,22864,22866,22868,2,2
2024-11-19 15:00:03.667,22865,22869,22869,3,3
2024-11-19 15:00:03.667,22865,22869,22870,2,2
2024-11-19 15:00:04.336,22869,22871,22871,1,1
2024-11-19 15:00:04.336,22869,22871,22872,1,1
2024-11-19 15:00:04.520,22869,22872,22869,1,-1
2024-11-19 15:00:04.520,22869,22872,22866,1,-1
2024-11-19 15:00:04.521,22869,22872,22866,3,-3
2024-11-19 15:00:04.521,22869,22872,22866,1,-1
2024-11-19 15:00:04.815,22865,22871,22865,1,-1
2024-11-19 15:00:04.830,22865,22871,22865,1,-1
2024-11-19 15:00:05.166,22864,22871,22864,1,-1
2024-11-19 15:00:05.308,22865,22871,22865,1,-1
2024-11-19 15:00:05.308,22865,22871,22864,2,-2
2024-11-19 15:00:05.397,22863,22871,22870,1,1
2024-11-19 15:00:05.397,22863,22871,22871,1,1
2024-11-19 15:00:05.397,22863,22871,22872,3,3
2024-11-19 15:00:07.245,22866,22872,22869,1,1
2024-11-19 15:00:07.632,22867,22868,22867,1,-1
2024-11-19 15:00:07.727,22865,22868,22868,1,1
2024-11-19 15:00:07.727,22865,22868,22869,3,3
2024-11-19 15:00:07.727,22865,22868,22872,1,1
2024-11-19 15:00:07.783,22866,22872,22865,1,-1
2024-11-19 15:00:07.783,22866,22872,22866,1,-1
2024-11-19 15:00:09.474,22866,22869,22869,1,1
2024-11-19 15:00:09.474,22866,22869,22870,2,2
2024-11-19 15:00:09.474,22866,22869,22871,1,1
2024-11-19 15:00:09.474,22866,22869,22872,1,1
2024-11-19 15:00:09.648,22866,22871,22866,1,-1
2024-11-19 15:00:10.750,22864,22868,22867,1,1
2024-11-19 15:00:11.657,22865,22867,22867,2,2
2024-11-19 15:00:11.657,22865,22867,22868,1,1
2024-11-19 15:00:11.657,22865,22867,22869,2,2
2024-11-19 15:00:13.124,22865,22866,22865,1,-1
2024-11-19 15:00:13.529,22865,22866,22864,2,-2
2024-11-19 15:00:13.529,22865,22866,22865,1,-1
2024-11-19 15:00:13.575,22865,22866,22865,1,-1
2024-11-19 15:00:13.904,22862,22865,22862,1,-1
2024-11-19 15:00:13.969,22862,22865,22865,1,1
2024-11-19 15:00:14.177,22862,22865,22865,1,1
2024-11-19 15:00:14.264,22862,22865,22862,1,-1
2024-11-19 15:00:14.619,22862,22864,22864,1,1
2024-11-19 15:00:14.907,22863,22865,22863,1,-1
2024-11-19 15:00:14.932,22863,22865,22862,1,-1
2024-11-19 15:00:15.264,22861,22865,22861,4,-4
2024-11-19 15:00:15.289,22861,22865,22861,2,-2
2024-11-19 15:00:15.435,22860,22863,22863,1,1
2024-11-19 15:00:15.435,22860,22863,22864,2,2
2024-11-19 15:00:15.435,22860,22863,22865,2,2
2024-11-19 15:00:15.932,22861,22865,22861,2,-2
2024-11-19 15:00:16.165,22860,22864,22863,1,1
2024-11-19 15:00:16.289,22860,22863,22860,3,-3
2024-11-19 15:00:16.672,22861,22863,22861,1,-1
2024-11-19 15:00:16.934,22859,22863,22859,1,-1
2024-11-19 15:00:17.289,22859,22862,22859,1,-1
2024-11-19 15:00:17.289,22859,22862,22858,2,-2
2024-11-19 15:00:17.486,22859,22862,22862,1,1
2024-11-19 15:00:17.764,22859,22862,22862,1,1
2024-11-19 15:00:17.764,22859,22862,22863,2,2
2024-11-19 15:00:17.764,22859,22862,22864,2,2
2024-11-19 15:00:17.871,22860,22864,22863,1,1
2024-11-19 15:00:17.932,22860,22864,22860,1,-1
2024-11-19 15:00:18.211,22859,22862,22862,1,1
2024-11-19 15:00:18.290,22859,22862,22859,1,-1
2024-11-19 15:00:18.599,22858,22862,22861,3,3
2024-11-19 15:00:19.188,22858,22861,22861,1,1
2024-11-19 15:00:19.768,22859,22862,22859,1,-1
2024-11-19 15:00:19.934,22858,22862,22858,1,-1
2024-11-19 15:00:19.962,22858,22862,22857,1,-1
2024-11-19 15:00:20.944,22858,22862,22862,3,3
2024-11-19 15:00:20.944,22858,22862,22864,2,2
2024-11-19 15:00:20.959,22858,22862,22860,1,1
2024-11-19 15:00:20.959,22858,22862,22859,1,-1
2024-11-19 15:00:21.677,22858,22862,22862,2,2
2024-11-19 15:00:23.734,22862,22864,22864,3,3
2024-11-19 15:00:23.735,22862,22864,22865,1,1
2024-11-19 15:00:23.735,22862,22864,22865,1,1
2024-11-19 15:00:23.735,22862,22864,22865,1,1
2024-11-19 15:00:23.735,22862,22864,22865,2,2
2024-11-19 15:00:23.844,22864,22866,22867,2,2
2024-11-19 15:00:23.844,22864,22866,22866,3,3
2024-11-19 15:00:23.845,22864,22866,22867,1,1
2024-11-19 15:00:24.576,22863,22867,22867,1,1
2024-11-19 15:00:24.717,22864,22868,22864,1,-1
2024-11-19 15:00:24.717,22864,22868,22863,2,-2
2024-11-19 15:00:24.775,22863,22866,22866,1,1
2024-11-19 15:00:24.871,22863,22866,22864,1,-1
2024-11-19 15:00:24.871,22863,22866,22863,10,-10
2024-11-19 15:00:24.960,22862,22865,22862,3,-3
2024-11-19 15:00:24.960,22862,22865,22861,4,-4
2024-11-19 15:00:24.960,22862,22865,22860,4,-4
2024-11-19 15:00:24.984,22862,22865,22860,3,-3
2024-11-19 15:00:25.096,22860,22862,22860,2,-2
2024-11-19 15:00:25.924,22860,22863,22863,1,1
2024-11-19 15:00:26.871,22860,22864,22860,3,-3
2024-11-19 15:00:27.871,22860,22864,22860,2,-2
2024-11-19 15:00:28.452,22860,22862,22862,3,3
2024-11-19 15:00:28.585,22861,22864,22864,1,1
2024-11-19 15:00:28.872,22862,22865,22862,1,-1
2024-11-19 15:00:28.897,22861,22865,22861,1,-1
2024-11-19 15:00:29.897,22861,22865,22861,1,-1
2024-11-19 15:00:31.358,22862,22865,22862,1,-1
2024-11-19 15:00:31.358,22862,22865,22861,3,-3
2024-11-19 15:00:31.358,22862,22865,22860,1,-1
2024-11-19 15:00:31.455,22860,22863,22863,1,1
2024-11-19 15:00:31.455,22860,22863,22864,2,2
2024-11-19 15:00:31.455,22860,22863,22865,2,2
2024-11-19 15:00:32.794,22861,22864,22864,1,1
2024-11-19 15:00:32.897,22861,22864,22861,1,-1
2024-11-19 15:00:33.137,22861,22864,22863,1,1
2024-11-19 15:00:33.998,22861,22864,22864,2,2
2024-11-19 15:00:33.998,22861,22864,22865,1,1
2024-11-19 15:00:33.998,22861,22864,22866,2,2
2024-11-19 15:00:36.428,22864,22866,22866,2,2
2024-11-19 15:00:36.428,22864,22866,22867,3,3
2024-11-19 15:00:38.782,22865,22867,22866,2,2
2024-11-19 15:00:39.451,22865,22867,22865,1,-1
2024-11-19 15:00:39.567,22865,22867,22867,2,2
2024-11-19 15:00:39.567,22865,22867,22868,1,1
2024-11-19 15:00:39.891,22867,22869,22868,2,2
2024-11-19 15:00:39.891,22867,22869,22869,3,3
2024-11-19 15:00:42.151,22867,22868,22868,2,2
2024-11-19 15:00:43.240,22868,22870,22872,1,1
2024-11-19 15:00:43.240,22868,22870,22871,2,2
2024-11-19 15:00:43.240,22868,22870,22870,1,1
2024-11-19 15:00:43.240,22868,22870,22869,1,1
2024-11-19 15:00:43.415,22867,22871,22871,1,1
2024-11-19 15:00:43.613,22868,22871,22871,2,2
2024-11-19 15:00:43.613,22868,22871,22872,1,1
2024-11-19 15:00:43.888,22868,22871,22870,1,1
2024-11-19 15:00:43.917,22868,22871,22868,2,-2
2024-11-19 15:00:44.280,22868,22870,22870,3,3
2024-11-19 15:00:44.281,22868,22870,22870,1,1
2024-11-19 15:00:44.373,22868,22870,22871,1,1
2024-11-19 15:00:44.917,22868,22870,22868,1,-1
2024-11-19 15:00:45.263,22868,22870,22870,2,2
2024-11-19 15:00:45.535,22869,22871,22871,1,1
2024-11-19 15:00:45.818,22869,22871,22869,1,-1
2024-11-19 15:00:45.818,22869,22871,22869,2,-2
2024-11-19 15:00:47.429,22868,22870,22870,1,1
2024-11-19 15:00:47.891,22868,22870,22868,1,-1
2024-11-19 15:00:48.452,22867,22870,22870,1,1
2024-11-19 15:00:48.452,22867,22870,22871,1,1
2024-11-19 15:00:49.717,22869,22872,22872,1,1
2024-11-19 15:00:50.031,22870,22872,22870,2,-2
2024-11-19 15:00:50.590,22870,22872,22870,2,-2
2024-11-19 15:00:50.591,22870,22872,22869,2,-2
2024-11-19 15:00:50.592,22870,22872,22868,1,-1
2024-11-19 15:00:51.182,22868,22872,22869,1,-1
2024-11-19 15:00:51.910,22868,22870,22871,1,1
2024-11-19 15:00:51.910,22868,22870,22870,1,1
2024-11-19 15:00:51.910,22868,22870,22872,1,1
2024-11-19 15:00:51.911,22868,22870,22869,1,1
2024-11-19 15:00:51.913,22868,22870,22868,1,-1
2024-11-19 15:00:52.078,22867,22870,22870,1,1
2024-11-19 15:00:52.742,22867,22870,22870,2,2
2024-11-19 15:00:52.742,22867,22870,22871,2,2
2024-11-19 15:00:52.742,22867,22870,22872,6,6
2024-11-19 15:00:52.743,22867,22870,22869,1,1
2024-11-19 15:00:52.892,22868,22872,22868,1,-1
2024-11-19 15:00:52.970,22866,22869,22868,2,2
2024-11-19 15:00:53.979,22866,22869,22869,3,3
2024-11-19 15:00:53.979,22866,22869,22871,4,4
2024-11-19 15:00:53.979,22866,22869,22872,3,3
2024-11-19 15:00:56.780,22864,22867,22870,1,1
2024-11-19 15:00:56.780,22864,22867,22869,6,6
2024-11-19 15:00:56.780,22864,22867,22867,2,2
2024-11-19 15:00:56.780,22864,22867,22868,1,1
2024-11-19 15:00:56.781,22864,22867,22867,1,1
2024-11-19 15:00:57.177,22865,22868,22867,1,1
2024-11-19 15:00:58.680,22866,22868,22866,1,-1
2024-11-19 15:00:58.946,22864,22868,22864,1,-1
2024-11-19 15:00:58.946,22864,22868,22864,1,-1
2024-11-19 15:01:00.021,22864,22866,22866,1,1
2024-11-19 15:01:00.021,22864,22866,22867,4,4
2024-11-19 15:01:00.021,22864,22866,22868,5,5
2024-11-19 15:01:00.062,22864,22866,22869,1,1
2024-11-19 15:01:00.075,22864,22866,22867,1,1
2024-11-19 15:01:00.075,22864,22866,22867,1,1
2024-11-19 15:01:00.100,22864,22866,22866,1,1
2024-11-19 15:01:00.162,22866,22869,22869,1,1
2024-11-19 15:01:00.163,22866,22869,22869,1,1
2024-11-19 15:01:01.530,22863,22867,22867,1,1
2024-11-19 15:01:01.647,22864,22867,22867,1,1
2024-11-19 15:01:02.813,22863,22866,22866,2,2
2024-11-19 15:01:02.813,22863,22866,22867,3,3
2024-11-19 15:01:02.813,22863,22866,22868,5,5
2024-11-19 15:01:02.854,22863,22866,22869,2,2
2024-11-19 15:01:02.875,22863,22866,22867,1,1
2024-11-19 15:01:02.981,22866,22870,22866,1,-1
2024-11-19 15:01:03.157,22866,22869,22866,1,-1
2024-11-19 15:01:03.287,22866,22869,22866,1,-1
2024-11-19 15:01:03.349,22866,22869,22866,1,-1
2024-11-19 15:01:06.067,22864,22868,22864,2,-2
2024-11-19 15:01:06.209,22862,22866,22863,1,-1
2024-11-19 15:01:07.596,22862,22865,22862,1,-1
2024-11-19 15:01:07.597,22862,22865,22862,16,-16
2024-11-19 15:01:07.597,22862,22865,22861,3,-3
2024-11-19 15:01:07.648,22860,22862,22862,1,1
2024-11-19 15:01:08.143,22860,22862,22860,1,-1
2024-11-19 15:01:08.642,22860,22862,22862,1,1
2024-11-19 15:01:09.120,22861,22863,22861,1,-1
2024-11-19 15:01:10.862,22861,22864,22864,1,1
2024-11-19 15:01:11.809,22862,22864,22862,1,-1
2024-11-19 15:01:15.099,22862,22865,22862,1,-1
2024-11-19 15:01:15.400,22862,22865,22862,2,-2
2024-11-19 15:01:20.533,22861,22862,22861,2,-2
2024-11-19 15:01:20.661,22861,22862,22862,1,1
2024-11-19 15:01:31.609,22862,22864,22864,1,1
2024-11-19 15:01:31.647,22863,22866,22866,1,1
2024-11-19 15:01:31.647,22863,22866,22866,1,1
2024-11-19 15:01:31.919,22864,22867,22867,6,6
2024-11-19 15:01:31.919,22864,22867,22868,1,1
2024-11-19 15:01:31.929,22864,22867,22868,3,3
2024-11-19 15:01:31.929,22864,22867,22869,4,4
2024-11-19 15:01:32.087,22866,22869,22869,5,5
2024-11-19 15:01:32.087,22866,22869,22870,2,2
2024-11-19 15:01:32.108,22866,22869,22870,7,7
2024-11-19 15:01:32.135,22866,22869,22871,6,6
2024-11-19 15:01:32.135,22866,22869,22872,1,1
2024-11-19 15:01:32.291,22869,22872,22872,5,5
2024-11-19 15:01:32.291,22869,22872,22873,2,2
2024-11-19 15:01:32.331,22869,22872,22872,2,2
2024-11-19 15:01:32.516,22870,22873,22870,1,-1
2024-11-19 15:01:32.559,22868,22871,22871,1,1
2024-11-19 15:01:33.364,22868,22870,22870,1,1
2024-11-19 15:01:33.364,22868,22870,22871,4,4
2024-11-19 15:01:40.254,22869,22872,22869,1,-1
2024-11-19 15:01:40.593,22870,22872,22870,2,-2
2024-11-19 15:01:41.322,22868,22871,22871,1,1
2024-11-19 15:01:41.715,22869,22872,22869,1,-1
2024-11-19 15:01:43.981,22870,22872,22870,2,-2
2024-11-19 15:01:45.927,22870,22871,22871,1,1
2024-11-19 15:01:46.289,22870,22872,22870,1,-1
2024-11-19 15:01:51.930,22870,22872,22870,1,-1
2024-11-19 15:01:51.930,22870,22872,22869,4,-4
2024-11-19 15:01:51.931,22870,22872,22869,1,-1
2024-11-19 15:01:51.931,22870,22872,22869,2,-2
2024-11-19 15:01:52.782,22868,22870,22868,1,-1
2024-11-19 15:01:52.782,22868,22870,22867,1,-1
2024-11-19 15:01:56.930,22865,22868,22867,1,1
2024-11-19 15:01:57.709,22865,22867,22867,2,2
2024-11-19 15:01:57.710,22865,22867,22867,1,1
2024-11-19 15:02:00.092,22867,22868,22868,2,2
2024-11-19 15:02:13.215,22866,22868,22866,2,-2
2024-11-19 15:02:13.217,22866,22868,22865,1,-1
2024-11-19 15:02:13.217,22866,22868,22865,1,-1
2024-11-19 15:02:13.473,22864,22867,22864,1,-1
2024-11-19 15:02:13.473,22864,22867,22863,1,-1
2024-11-19 15:02:13.496,22864,22867,22861,2,-2
2024-11-19 15:02:13.496,22864,22867,22862,1,-1
2024-11-19 15:02:13.496,22864,22867,22862,4,-4
2024-11-19 15:02:13.496,22864,22867,22863,1,-1
2024-11-19 15:02:13.746,22861,22864,22861,2,-2
2024-11-19 15:02:13.748,22861,22864,22861,2,-2
2024-11-19 15:02:17.186,22861,22864,22864,1,1
2024-11-19 15:02:18.795,22861,22863,22863,1,1
2024-11-19 15:02:20.021,22862,22863,22862,2,-2
2024-11-19 15:02:20.375,22861,22863,22861,1,-1
2024-11-19 15:02:20.611,22860,22863,22860,1,-1
2024-11-19 15:02:21.023,22860,22863,22860,1,-1
2024-11-19 15:02:23.337,22861,22863,22861,1,-1
2024-11-19 15:02:25.244,22860,22863,22862,3,3
2024-11-19 15:02:25.739,22860,22863,22860,1,-1
2024-11-19 15:02:28.013,22861,22863,22861,1,-1
2024-11-19 15:02:28.138,22860,22862,22862,2,2
2024-11-19 15:02:28.540,22860,22862,22860,1,-1
2024-11-19 15:02:29.242,22860,22862,22860,4,-4
2024-11-19 15:02:30.050,22858,22860,22860,3,3
2024-11-19 15:02:30.050,22858,22860,22861,6,6
2024-11-19 15:02:30.050,22858,22860,22862,1,1
2024-11-19 15:02:30.941,22861,22864,22861,1,-1
2024-11-19 15:02:33.243,22862,22865,22862,1,-1
2024-11-19 15:02:35.544,22861,22864,22861,1,-1
2024-11-19 15:02:36.644,22861,22863,22863,1,1
2024-11-19 15:02:36.645,22861,22863,22863,1,1
2024-11-19 15:02:36.645,22861,22863,22863,1,1
2024-11-19 15:02:36.826,22862,22865,22862,1,-1
2024-11-19 15:02:37.019,22862,22865,22862,1,-1
2024-11-19 15:02:37.725,22862,22865,22865,5,5
2024-11-19 15:02:38.183,22864,22866,22867,1,1
2024-11-19 15:02:43.573,22866,22867,22867,1,1
2024-11-19 15:02:43.573,22866,22867,22868,1,1
2024-11-19 15:02:43.573,22866,22867,22869,3,3
2024-11-19 15:02:47.307,22867,22869,22868,1,1
2024-11-19 15:02:47.333,22867,22869,22868,1,1
2024-11-19 15:02:49.136,22867,22869,22867,2,-2
2024-11-19 15:02:49.771,22864,22867,22864,1,-1
2024-11-19 15:02:55.417,22863,22866,22866,5,5
2024-11-19 15:03:01.019,22863,22867,22866,1,1
2024-11-19 15:03:01.916,22863,22866,22866,3,3
2024-11-19 15:03:01.916,22863,22866,22867,2,2
2024-11-19 15:03:06.111,22862,22865,22862,2,-2
2024-11-19 15:03:06.484,22861,22865,22865,1,1
2024-11-19 15:03:07.767,22863,22865,22863,1,-1
2024-11-19 15:03:12.613,22860,22862,22862,1,1
2024-11-19 15:03:17.048,22860,22863,22860,1,-1
2024-11-19 15:03:19.568,22859,22861,22859,1,-1
2024-11-19 15:03:20.589,22859,22861,22859,1,-1
2024-11-19 15:03:20.645,22858,22860,22858,1,-1
2024-11-19 15:03:21.645,22857,22858,22857,3,-3
2024-11-19 15:03:22.627,22856,22858,22856,1,-1
2024-11-19 15:03:22.931,22856,22859,22856,1,-1
2024-11-19 15:03:24.736,22856,22858,22858,2,2
2024-11-19 15:03:24.786,22857,22860,22857,1,-1
2024-11-19 15:03:27.107,22855,22858,22856,1,-1
2024-11-19 15:03:30.545,22855,22857,22855,1,-1
2024-11-19 15:03:30.545,22855,22857,22855,8,-8
2024-11-19 15:03:30.681,22854,22855,22854,1,-1
2024-11-19 15:03:31.587,22854,22855,22854,2,-2
2024-11-19 15:03:31.588,22854,22855,22854,1,-1
2024-11-19 15:03:37.695,22853,22855,22854,1,-1
2024-11-19 15:03:37.696,22853,22855,22855,5,5
2024-11-19 15:03:38.755,22856,22857,22857,1,1
2024-11-19 15:03:39.163,22857,22859,22859,1,1
2024-11-19 15:03:40.819,22857,22859,22857,1,-1
2024-11-19 15:03:48.759,22854,22856,22854,2,-2
2024-11-19 15:03:49.266,22853,22856,22853,2,-2
2024-11-19 15:03:49.647,22853,22855,22855,1,1
2024-11-19 15:03:50.140,22853,22856,22856,3,3
2024-11-19 15:03:50.140,22853,22856,22857,1,1
2024-11-19 15:03:52.405,22855,22857,22855,2,-2
2024-11-19 15:03:52.965,22854,22857,22854,2,-2
2024-11-19 15:03:54.195,22853,22856,22856,1,1
2024-11-19 15:03:58.803,22855,22857,22857,1,1
2024-11-19 15:04:00.601,22856,22858,22856,1,-1
2024-11-19 15:04:05.968,22857,22858,22858,1,1
2024-11-19 15:04:07.829,22857,22859,22859,2,2
2024-11-19 15:04:09.345,22860,22862,22860,1,-1
2024-11-19 15:04:10.638,22861,22863,22863,1,1
2024-11-19 15:04:11.807,22864,22865,22865,1,1
2024-11-19 15:04:12.449,22864,22866,22864,1,-1
2024-11-19 15:04:12.550,22864,22866,22864,1,-1
2024-11-19 15:04:13.111,22862,22865,22862,1,-1
2024-11-19 15:04:14.391,22860,22863,22863,2,2
2024-11-19 15:04:18.074,22861,22864,22861,2,-2
2024-11-19 15:04:19.275,22861,22863,22861,1,-1
2024-11-19 15:04:19.596,22860,22863,22863,1,1
2024-11-19 15:04:21.058,22860,22864,22864,3,3
2024-11-19 15:04:29.725,22860,22863,22860,1,-1
2024-11-19 15:04:29.725,22860,22863,22860,3,-3
2024-11-19 15:04:39.087,22858,22860,22860,2,2
2024-11-19 15:04:39.141,22858,22860,22860,4,4
2024-11-19 15:04:42.991,22858,22860,22858,2,-2
2024-11-19 15:04:42.993,22858,22860,22857,7,-7
2024-11-19 15:04:43.193,22856,22858,22856,17,-17
2024-11-19 15:04:43.193,22856,22858,22855,1,-1
2024-11-19 15:04:43.372,22854,22856,22854,1,-1
2024-11-19 15:04:43.475,22853,22855,22855,2,2
2024-11-19 15:04:43.672,22854,22856,22856,1,1
2024-11-19 15:04:53.557,22854,22857,22854,1,-1
2024-11-19 15:04:58.437,22853,22855,22855,1,1
2024-11-19 15:05:02.756,22855,22857,22855,3,-3
2024-11-19 15:05:02.756,22855,22857,22854,2,-2
2024-11-19 15:05:04.674,22854,22857,22856,1,1
2024-11-19 15:05:08.910,22854,22856,22856,1,1
2024-11-19 15:05:16.609,22854,22856,22856,2,2
2024-11-19 15:05:19.364,22854,22856,22854,1,-1
2024-11-19 15:05:28.721,22853,22854,22853,1,-1
2024-11-19 15:05:29.128,22853,22854,22853,1,-1
2024-11-19 15:05:30.140,22852,22855,22852,2,-2
2024-11-19 15:05:31.970,22852,22854,22852,1,-1
2024-11-19 15:05:40.058,22852,22854,22852,1,-1
2024-11-19 15:05:41.780,22851,22854,22851,1,-1
2024-11-19 15:05:42.466,22851,22854,22851,1,-1
2024-11-19 15:05:42.713,22851,22854,22851,1,-1
2024-11-19 15:05:46.866,22851,22853,22851,14,-14
2024-11-19 15:05:46.866,22851,22853,22850,1,-1
2024-11-19 15:05:46.867,22851,22853,22850,1,-1
2024-11-19 15:05:46.867,22851,22853,22850,1,-1
2024-11-19 15:05:46.867,22851,22853,22850,5,-5
2024-11-19 15:05:46.867,22851,22853,22850,1,-1
2024-11-19 15:05:46.867,22851,22853,22850,4,-4
2024-11-19 15:05:53.877,22849,22850,22850,1,1
2024-11-19 15:05:55.391,22849,22850,22850,1,1
2024-11-19 15:05:56.368,22849,22851,22849,1,-1
2024-11-19 15:05:58.252,22849,22851,22851,1,1
2024-11-19 15:05:59.616,22852,22855,22853,1,-1
2024-11-19 15:06:00.345,22853,22855,22853,1,-1
2024-11-19 15:06:05.426,22853,22855,22853,1,-1
2024-11-19 15:06:10.492,22851,22854,22851,2,-2
2024-11-19 15:06:16.289,22852,22853,22853,1,1
2024-11-19 15:06:19.510,22852,22854,22854,1,1
2024-11-19 15:06:19.513,22852,22854,22855,2,2
2024-11-19 15:06:21.751,22854,22856,22856,1,1
2024-11-19 15:06:23.232,22856,22857,22856,5,-5
2024-11-19 15:06:23.267,22856,22857,22855,1,-1
2024-11-19 15:06:28.653,22855,22856,22855,1,-1
2024-11-19 15:06:28.746,22855,22856,22854,1,-1
2024-11-19 15:07:03.982,22852,22855,22855,3,3
2024-11-19 15:07:03.982,22852,22855,22856,5,5
2024-11-19 15:07:03.982,22852,22855,22857,2,2
2024-11-19 15:07:06.142,22855,22857,22856,2,2
2024-11-19 15:07:06.162,22855,22857,22857,1,1
2024-11-19 15:07:06.677,22856,22857,22857,2,2
2024-11-19 15:07:06.678,22856,22857,22857,4,4
2024-11-19 15:07:06.678,22856,22857,22857,1,1
2024-11-19 15:07:06.678,22856,22857,22857,5,5
2024-11-19 15:07:06.764,22856,22857,22860,1,1
2024-11-19 15:07:08.151,22858,22861,22858,2,-2
2024-11-19 15:07:09.739,22860,22861,22860,1,-1
2024-11-19 15:07:11.752,22858,22861,22858,1,-1
2024-11-19 15:07:14.840,22856,22859,22856,1,-1
2024-11-19 15:07:14.840,22856,22859,22855,1,-1
2024-11-19 15:07:18.355,22857,22858,22857,1,-1
2024-11-19 15:07:25.903,22856,22859,22856,2,-2
2024-11-19 15:07:28.317,22855,22858,22855,2,-2
2024-11-19 15:07:31.876,22854,22855,22855,1,1
2024-11-19 15:07:37.390,22855,22856,22855,1,-1
2024-11-19 15:07:40.613,22854,22856,22854,1,-1
2024-11-19 15:07:40.826,22854,22856,22854,1,-1
2024-11-19 15:07:52.772,22852,22856,22852,2,-2
2024-11-19 15:07:53.794,22852,22854,22852,1,-1
2024-11-19 15:07:53.841,22852,22854,22851,1,-1
2024-11-19 15:07:54.485,22850,22852,22852,1,1
2024-11-19 15:08:00.371,22852,22855,22852,1,-1
2024-11-19 15:08:04.596,22852,22854,22852,1,-1
2024-11-19 15:08:11.566,22852,22854,22852,1,-1
2024-11-19 15:08:11.569,22852,22854,22854,1,1
2024-11-19 15:08:12.945,22855,22858,22855,1,-1
2024-11-19 15:08:36.454,22851,22853,22851,1,-1
2024-11-19 15:08:41.006,22851,22853,22851,1,-1
2024-11-19 15:08:41.022,22850,22852,22850,13,-13
2024-11-19 15:08:41.639,22849,22850,22849,2,-2
2024-11-19 15:08:41.639,22849,22850,22849,5,-5
2024-11-19 15:08:41.641,22849,22850,22848,1,-1
2024-11-19 15:08:41.680,22847,22848,22847,1,-1
2024-11-19 15:08:41.864,22845,22848,22845,1,-1
2024-11-19 15:08:41.895,22845,22848,22845,1,-1
2024-11-19 15:08:41.895,22845,22848,22845,1,-1
2024-11-19 15:08:41.987,22845,22848,22844,1,-1
2024-11-19 15:08:41.988,22845,22848,22844,2,-2
2024-11-19 15:08:41.999,22845,22848,22843,1,-1
2024-11-19 15:08:42.558,22842,22844,22843,1,-1
2024-11-19 15:08:43.180,22841,22843,22841,1,-1
2024-11-19 15:08:43.290,22841,22843,22841,2,-2
2024-11-19 15:08:43.347,22841,22843,22841,1,-1
2024-11-19 15:08:43.374,22841,22843,22840,1,-1
2024-11-19 15:08:43.382,22841,22843,22840,1,-1
2024-11-19 15:08:43.386,22841,22843,22839,1,-1
2024-11-19 15:08:43.670,22838,22840,22838,1,-1
2024-11-19 15:08:45.303,22840,22842,22840,1,-1
2024-11-19 15:08:45.368,22840,22842,22842,1,1
2024-11-19 15:08:45.368,22840,22842,22843,1,1
2024-11-19 15:08:45.548,22840,22843,22840,1,-1
2024-11-19 15:08:46.589,22841,22843,22843,1,1
2024-11-19 15:08:47.383,22842,22844,22842,1,-1
2024-11-19 15:08:50.963,22841,22843,22841,2,-2
2024-11-19 15:08:53.772,22840,22842,22840,1,-1
2024-11-19 15:08:54.140,22840,22842,22840,1,-1
2024-11-19 15:08:54.327,22840,22842,22840,1,-1
2024-11-19 15:08:55.543,22841,22842,22841,1,-1
2024-11-19 15:08:56.321,22840,22842,22841,1,-1
2024-11-19 15:08:58.126,22840,22842,22840,3,-3
2024-11-19 15:09:03.674,22839,22840,22840,2,2
2024-11-19 15:09:04.000,22839,22841,22839,1,-1
2024-11-19 15:09:04.295,22838,22840,22838,1,-1
2024-11-19 15:09:04.559,22837,22838,22838,1,1
2024-11-19 15:09:05.219,22837,22839,22837,1,-1
2024-11-19 15:09:05.656,22837,22839,22839,3,3
2024-11-19 15:09:05.657,22837,22839,22840,3,3
2024-11-19 15:09:05.732,22837,22839,22842,2,2
2024-11-19 15:09:08.687,22841,22843,22841,1,-1
2024-11-19 15:09:08.687,22841,22843,22840,3,-3
2024-11-19 15:09:16.241,22841,22842,22842,1,1
2024-11-19 15:09:16.242,22841,22842,22843,1,1
2024-11-19 15:09:16.243,22841,22842,22843,1,1
2024-11-19 15:09:16.292,22843,22845,22843,1,-1
2024-11-19 15:09:16.302,22843,22845,22842,1,-1
2024-11-19 15:09:18.217,22843,22846,22843,1,-1
2024-11-19 15:09:22.349,22843,22845,22845,1,1
2024-11-19 15:09:22.448,22843,22846,22843,3,-3
2024-11-19 15:09:22.448,22843,22846,22842,2,-2
2024-11-19 15:09:24.898,22843,22845,22843,1,-1
2024-11-19 15:09:32.451,22844,22846,22846,6,6
2024-11-19 15:09:33.453,22845,22849,22848,1,1
2024-11-19 15:09:33.856,22845,22848,22845,1,-1
2024-11-19 15:09:41.947,22845,22846,22847,1,1
2024-11-19 15:09:41.947,22845,22846,22846,1,1
2024-11-19 15:09:48.316,22845,22847,22847,2,2
2024-11-19 15:09:48.316,22845,22847,22848,3,3
2024-11-19 15:09:48.316,22845,22847,22849,1,1
2024-11-19 15:09:49.693,22846,22848,22847,1,1
2024-11-19 15:09:54.236,22845,22846,22846,1,1
2024-11-19 15:09:54.286,22845,22846,22845,1,-1
2024-11-19 15:09:59.074,22845,22848,22845,1,-1
2024-11-19 15:10:03.807,22845,22847,22845,1,-1
2024-11-19 15:10:03.808,22845,22847,22844,2,-2
2024-11-19 15:10:03.808,22845,22847,22844,1,-1
2024-11-19 15:10:03.809,22845,22847,22843,2,-2
2024-11-19 15:10:04.184,22841,22843,22841,1,-1
2024-11-19 15:10:04.211,22841,22843,22840,4,-4
2024-11-19 15:10:04.226,22841,22843,22838,2,-2
2024-11-19 15:10:04.226,22841,22843,22839,2,-2
2024-11-19 15:10:05.614,22838,22840,22840,1,1
2024-11-19 15:10:07.267,22839,22841,22840,1,1
2024-11-19 15:10:09.035,22840,22843,22840,3,-3
2024-11-19 15:10:10.044,22839,22841,22839,1,-1
2024-11-19 15:10:10.454,22838,22840,22840,1,1
2024-11-19 15:10:11.914,22838,22839,22838,2,-2
2024-11-19 15:10:12.686,22837,22839,22837,1,-1
2024-11-19 15:10:12.725,22837,22839,22837,1,-1
2024-11-19 15:10:12.726,22837,22839,22837,2,-2
2024-11-19 15:10:12.726,22837,22839,22837,1,-1
2024-11-19 15:10:13.808,22836,22837,22836,1,-1
2024-11-19 15:10:13.809,22836,22837,22835,2,-2
2024-11-19 15:10:14.779,22833,22834,22833,1,-1
2024-11-19 15:10:16.449,22833,22834,22834,1,1
2024-11-19 15:10:16.517,22833,22834,22833,1,-1
2024-11-19 15:10:17.815,22833,22835,22833,3,-3
2024-11-19 15:10:18.274,22832,22833,22833,1,1
2024-11-19 15:10:18.396,22832,22833,22832,1,-1
2024-11-19 15:10:20.458,22832,22833,22833,1,1
2024-11-19 15:10:23.122,22832,22833,22833,2,2
2024-11-19 15:10:23.638,22832,22835,22832,3,-3
2024-11-19 15:10:24.819,22831,22833,22832,1,-1
2024-11-19 15:10:25.936,22831,22833,22831,1,-1
2024-11-19 15:10:26.028,22830,22831,22830,1,-1
2024-11-19 15:10:26.028,22830,22831,22830,13,-13
2024-11-19 15:10:26.232,22828,22830,22828,2,-2
2024-11-19 15:10:26.233,22828,22830,22827,1,-1
2024-11-19 15:10:26.233,22828,22830,22826,1,-1
2024-11-19 15:10:26.235,22828,22830,22825,1,-1
2024-11-19 15:10:26.294,22825,22828,22825,1,-1
2024-11-19 15:10:26.307,22825,22828,22825,1,-1
2024-11-19 15:10:26.325,22825,22828,22825,1,-1
2024-11-19 15:10:26.340,22825,22828,22825,1,-1
2024-11-19 15:10:26.376,22825,22828,22825,1,-1
2024-11-19 15:10:26.401,22825,22827,22825,1,-1
2024-11-19 15:10:26.426,22825,22827,22824,1,-1
2024-11-19 15:10:26.450,22825,22827,22824,1,-1
2024-11-19 15:10:26.458,22825,22827,22824,1,-1
2024-11-19 15:10:26.462,22825,22827,22826,1,-1
2024-11-19 15:10:26.521,22824,22826,22823,1,-1
2024-11-19 15:10:26.521,22824,22826,22823,1,-1
2024-11-19 15:10:26.521,22824,22826,22824,1,-1
2024-11-19 15:10:26.521,22824,22826,22823,1,-1
2024-11-19 15:10:26.582,22824,22826,22823,1,-1
2024-11-19 15:10:26.584,22824,22826,22823,1,-1
2024-11-19 15:10:26.584,22824,22826,22822,1,-1
2024-11-19 15:10:26.607,22824,22826,22822,1,-1
2024-11-19 15:10:26.628,22824,22826,22822,1,-1
2024-11-19 15:10:26.696,22822,22824,22822,1,-1
2024-11-19 15:10:26.720,22822,22824,22822,1,-1
2024-11-19 15:10:26.741,22822,22824,22822,4,-4
2024-11-19 15:10:26.750,22822,22824,22821,1,-1
2024-11-19 15:10:26.772,22821,22823,22821,5,-5
2024-11-19 15:10:26.773,22821,22823,22822,3,-3
2024-11-19 15:10:26.773,22821,22823,22822,1,-1
2024-11-19 15:10:26.775,22821,22823,22821,1,-1
2024-11-19 15:10:26.790,22821,22823,22821,1,-1
2024-11-19 15:10:26.840,22821,22823,22821,1,-1
2024-11-19 15:10:26.841,22821,22823,22821,1,-1
2024-11-19 15:10:26.849,22821,22823,22821,1,-1
2024-11-19 15:10:26.884,22821,22823,22820,1,-1
2024-11-19 15:10:26.896,22820,22823,22821,2,-2
2024-11-19 15:10:26.896,22820,22823,22820,2,-2
2024-11-19 15:10:26.897,22820,22823,22820,13,-13
2024-11-19 15:10:26.897,22820,22823,22819,5,-5
2024-11-19 15:10:26.899,22820,22823,22817,1,-1
2024-11-19 15:10:26.900,22820,22823,22817,2,-2
2024-11-19 15:10:26.938,22820,22823,22820,2,-2
2024-11-19 15:10:26.971,22820,22823,22817,1,-1
2024-11-19 15:10:27.022,22817,22820,22817,1,-1
2024-11-19 15:10:27.022,22817,22820,22817,1,-1
2024-11-19 15:10:27.023,22817,22820,22817,1,-1
2024-11-19 15:10:27.024,22817,22820,22817,1,-1
2024-11-19 15:10:27.029,22817,22820,22817,1,-1
2024-11-19 15:10:27.032,22817,22820,22817,1,-1
2024-11-19 15:10:27.047,22817,22820,22816,2,-2
2024-11-19 15:10:27.050,22817,22820,22816,1,-1
2024-11-19 15:10:27.105,22817,22820,22819,1,1
2024-11-19 15:10:27.112,22817,22820,22816,2,-2
2024-11-19 15:10:27.114,22817,22820,22816,1,-1
2024-11-19 15:10:27.114,22817,22820,22815,1,-1
2024-11-19 15:10:27.130,22817,22820,22815,1,-1
2024-11-19 15:10:27.134,22817,22820,22817,2,-2
2024-11-19 15:10:27.134,22817,22820,22818,4,-4
2024-11-19 15:10:27.145,22815,22818,22818,1,1
2024-11-19 15:10:27.147,22815,22818,22815,1,-1
2024-11-19 15:10:27.147,22815,22818,22815,1,-1
2024-11-19 15:10:27.148,22815,22818,22815,1,-1
2024-11-19 15:10:27.149,22815,22818,22815,1,-1
2024-11-19 15:10:27.183,22815,22818,22814,2,-2
2024-11-19 15:10:27.256,22815,22818,22814,1,-1
2024-11-19 15:10:27.273,22813,22815,22813,1,-1
2024-11-19 15:10:27.273,22813,22815,22813,1,-1
2024-11-19 15:10:27.283,22813,22815,22815,1,1
2024-11-19 15:10:27.285,22813,22815,22814,3,3
2024-11-19 15:10:27.286,22813,22815,22814,3,3
2024-11-19 15:10:27.286,22813,22815,22813,1,-1
2024-11-19 15:10:27.348,22813,22815,22812,1,-1
2024-11-19 15:10:27.350,22813,22815,22812,1,-1
2024-11-19 15:10:27.379,22813,22815,22814,1,-1
2024-11-19 15:10:27.398,22812,22814,22812,1,-1
2024-11-19 15:10:27.400,22812,22814,22813,1,-1
2024-11-19 15:10:27.401,22812,22814,22812,1,-1
2024-11-19 15:10:27.406,22812,22814,22812,1,-1
2024-11-19 15:10:27.440,22812,22814,22812,1,-1
2024-11-19 15:10:27.450,22812,22814,22811,1,-1
2024-11-19 15:10:27.472,22812,22814,22811,1,-1
2024-11-19 15:10:27.487,22812,22814,22811,1,-1
2024-11-19 15:10:27.597,22811,22814,22814,1,1
2024-11-19 15:10:27.607,22811,22814,22811,1,-1
2024-11-19 15:10:27.610,22811,22814,22811,1,-1
2024-11-19 15:10:27.699,22812,22814,22812,1,-1
2024-11-19 15:10:27.730,22812,22814,22814,10,10
2024-11-19 15:10:27.735,22812,22814,22816,1,1
2024-11-19 15:10:27.735,22812,22814,22815,1,1
2024-11-19 15:10:27.735,22812,22814,22813,1,1
2024-11-19 15:10:27.735,22812,22814,22814,1,1
2024-11-19 15:10:27.771,22813,22815,22813,1,-1
2024-11-19 15:10:27.794,22813,22815,22814,1,-1
2024-11-19 15:10:27.808,22813,22815,22813,1,-1
2024-11-19 15:10:27.871,22813,22815,22812,1,-1
2024-11-19 15:10:27.897,22812,22814,22812,1,-1
2024-11-19 15:10:27.931,22812,22814,22814,5,5
2024-11-19 15:10:28.004,22812,22814,22815,1,1
2024-11-19 15:10:28.022,22814,22817,22814,1,-1
2024-11-19 15:10:28.086,22814,22817,22814,1,-1
2024-11-19 15:10:28.220,22814,22816,22816,1,1
2024-11-19 15:10:28.325,22814,22816,22814,1,-1
2024-11-19 15:10:28.458,22814,22816,22816,1,1
2024-11-19 15:10:28.458,22814,22816,22816,1,1
2024-11-19 15:10:28.466,22814,22816,22815,1,1
2024-11-19 15:10:28.467,22814,22816,22815,1,1
2024-11-19 15:10:28.959,22816,22818,22816,1,-1
2024-11-19 15:10:28.970,22816,22818,22815,1,-1
2024-11-19 15:10:29.381,22815,22818,22815,1,-1
2024-11-19 15:10:29.584,22815,22818,22815,1,-1
2024-11-19 15:10:29.584,22815,22818,22814,3,-3
2024-11-19 15:10:29.857,22814,22817,22814,1,-1
2024-11-19 15:10:29.861,22814,22817,22814,1,-1
2024-11-19 15:10:31.288,22814,22816,22816,1,1
2024-11-19 15:10:31.430,22814,22817,22817,1,1
2024-11-19 15:10:31.592,22816,22819,22815,1,-1
2024-11-19 15:10:31.592,22816,22819,22816,2,-2
2024-11-19 15:10:32.467,22815,22817,22815,1,-1
2024-11-19 15:10:32.467,22815,22817,22814,2,-2
2024-11-19 15:10:32.522,22813,22816,22813,1,-1
2024-11-19 15:10:32.522,22813,22816,22813,1,-1
2024-11-19 15:10:32.524,22813,22816,22813,1,-1
2024-11-19 15:10:33.246,22812,22814,22814,1,1
2024-11-19 15:10:33.693,22813,22815,22815,1,1
2024-11-19 15:10:34.838,22813,22814,22814,1,1
2024-11-19 15:10:34.977,22813,22815,22815,1,1
2024-11-19 15:10:35.590,22813,22816,22816,1,1
2024-11-19 15:10:35.864,22815,22817,22815,2,-2
2024-11-19 15:10:36.602,22815,22817,22815,1,-1
2024-11-19 15:10:37.028,22814,22816,22814,1,-1
2024-11-19 15:10:37.244,22814,22816,22815,1,-1
2024-11-19 15:10:38.113,22815,22816,22815,1,-1
2024-11-19 15:10:38.113,22815,22816,22814,3,-3
2024-11-19 15:10:38.113,22815,22816,22814,2,-2
2024-11-19 15:10:38.664,22813,22815,22813,1,-1
2024-11-19 15:10:40.222,22813,22815,22815,1,1
2024-11-19 15:10:40.222,22813,22815,22816,2,2
2024-11-19 15:10:40.914,22814,22817,22817,1,1
2024-11-19 15:10:44.948,22814,22816,22814,1,-1
2024-11-19 15:10:44.949,22814,22816,22813,3,-3
2024-11-19 15:10:44.949,22814,22816,22813,2,-2
2024-11-19 15:10:44.950,22814,22816,22812,4,-4
2024-11-19 15:10:44.951,22814,22816,22811,3,-3
2024-11-19 15:10:44.993,22814,22816,22810,1,-1
2024-11-19 15:10:44.994,22814,22816,22810,1,-1
2024-11-19 15:10:44.995,22814,22816,22810,1,-1
2024-11-19 15:10:45.056,22808,22810,22808,1,-1
2024-11-19 15:10:45.312,22808,22810,22808,2,-2
2024-11-19 15:10:45.522,22808,22810,22808,7,-7
2024-11-19 15:10:45.522,22808,22810,22808,1,-1
2024-11-19 15:10:45.522,22808,22810,22808,4,-4
2024-11-19 15:10:45.522,22808,22810,22807,2,-2
2024-11-19 15:10:45.523,22808,22810,22808,5,-5
2024-11-19 15:10:45.647,22807,22808,22807,2,-2
2024-11-19 15:10:45.647,22807,22808,22807,1,-1
2024-11-19 15:10:45.699,22807,22808,22806,1,-1
2024-11-19 15:10:45.831,22806,22809,22809,1,1
2024-11-19 15:10:45.888,22806,22809,22811,1,1
2024-11-19 15:10:47.030,22808,22810,22809,1,1
2024-11-19 15:10:47.288,22808,22809,22808,1,-1
2024-11-19 15:10:47.963,22807,22810,22807,2,-2
2024-11-19 15:10:47.973,22807,22810,22807,1,-1
2024-11-19 15:10:48.130,22807,22809,22807,1,-1
2024-11-19 15:10:49.623,22808,22809,22809,1,1
2024-11-19 15:10:49.676,22808,22810,22808,1,-1
2024-11-19 15:10:50.597,22808,22810,22810,1,1
2024-11-19 15:10:51.615,22808,22810,22810,1,1
2024-11-19 15:10:51.615,22808,22810,22810,3,3
2024-11-19 15:10:51.615,22808,22810,22810,3,3
2024-11-19 15:10:51.616,22808,22810,22810,1,1
2024-11-19 15:10:52.788,22808,22811,22809,1,-1
2024-11-19 15:10:54.562,22808,22810,22810,2,2
2024-11-19 15:10:55.017,22808,22810,22808,1,-1
2024-11-19 15:10:55.422,22808,22810,22808,4,-4
2024-11-19 15:10:55.422,22808,22810,22807,2,-2
2024-11-19 15:10:58.357,22809,22810,22809,1,-1
2024-11-19 15:10:59.406,22809,22810,22810,1,1
2024-11-19 15:11:00.267,22809,22810,22810,1,1
2024-11-19 15:11:00.295,22809,22812,22809,1,-1
2024-11-19 15:11:00.652,22810,22812,22810,1,-1
2024-11-19 15:11:00.653,22810,22812,22812,2,2
2024-11-19 15:11:00.653,22810,22812,22813,1,1
2024-11-19 15:11:00.800,22812,22815,22812,1,-1
2024-11-19 15:11:00.928,22812,22815,22814,1,1
2024-11-19 15:11:00.928,22812,22815,22815,1,1
2024-11-19 15:11:00.939,22812,22815,22813,1,-1
2024-11-19 15:11:00.975,22812,22815,22815,1,1
2024-11-19 15:11:00.988,22812,22815,22815,3,3
2024-11-19 15:11:00.988,22812,22815,22816,3,3
2024-11-19 15:11:00.991,22812,22815,22816,1,1
2024-11-19 15:11:00.991,22812,22815,22817,1,1
2024-11-19 15:11:01.112,22814,22817,22814,1,-1
2024-11-19 15:11:01.136,22814,22817,22814,1,-1
2024-11-19 15:11:01.264,22814,22816,22813,1,-1
2024-11-19 15:11:01.282,22813,22815,22813,2,-2
2024-11-19 15:11:01.436,22812,22814,22812,1,-1
2024-11-19 15:11:01.453,22812,22814,22811,2,-2
2024-11-19 15:11:01.606,22812,22814,22812,1,-1
2024-11-19 15:11:01.753,22811,22813,22811,1,-1
2024-11-19 15:11:01.909,22811,22813,22811,1,-1
2024-11-19 15:11:02.095,22811,22813,22810,1,-1
2024-11-19 15:11:02.249,22810,22813,22810,1,-1
2024-11-19 15:11:02.418,22810,22813,22810,1,-1
2024-11-19 15:11:02.580,22810,22812,22810,1,-1
2024-11-19 15:11:02.731,22810,22812,22810,1,-1
2024-11-19 15:11:02.751,22810,22812,22812,1,1
2024-11-19 15:11:02.838,22810,22813,22810,2,-2
2024-11-19 15:11:02.887,22810,22813,22810,1,-1
2024-11-19 15:11:03.073,22810,22812,22810,1,-1
2024-11-19 15:11:03.206,22810,22812,22810,1,-1
2024-11-19 15:11:03.357,22810,22812,22810,1,-1
2024-11-19 15:11:03.525,22809,22812,22809,1,-1
2024-11-19 15:11:03.688,22809,22812,22809,1,-1
2024-11-19 15:11:04.344,22809,22812,22809,1,-1
2024-11-19 15:11:04.377,22809,22812,22809,1,-1
2024-11-19 15:11:04.574,22809,22812,22809,2,-2
2024-11-19 15:11:04.717,22808,22811,22811,4,4
2024-11-19 15:11:05.159,22809,22812,22809,1,-1
2024-11-19 15:11:05.833,22809,22812,22812,1,1
2024-11-19 15:11:07.364,22811,22813,22811,1,-1
2024-11-19 15:11:08.966,22810,22813,22810,1,-1
2024-11-19 15:11:09.021,22810,22812,22810,1,-1
2024-11-19 15:11:09.021,22810,22812,22809,1,-1
2024-11-19 15:11:09.022,22810,22812,22809,1,-1
2024-11-19 15:11:12.209,22808,22811,22808,1,-1
2024-11-19 15:11:14.022,22809,22811,22809,2,-2
2024-11-19 15:11:14.022,22809,22811,22809,1,-1
2024-11-19 15:11:14.023,22809,22811,22809,1,-1
2024-11-19 15:11:14.023,22809,22811,22809,2,-2
2024-11-19 15:11:14.558,22808,22811,22808,1,-1
2024-11-19 15:11:14.902,22808,22811,22809,1,-1
2024-11-19 15:11:16.788,22809,22811,22811,1,1
2024-11-19 15:11:16.971,22809,22811,22811,1,1
2024-11-19 15:11:18.548,22811,22814,22814,1,1
2024-11-19 15:11:20.516,22811,22815,22811,1,-1
2024-11-19 15:11:20.521,22811,22814,22811,1,-1
2024-11-19 15:11:20.522,22811,22814,22811,1,-1
2024-11-19 15:11:20.522,22811,22814,22811,1,-1
2024-11-19 15:11:20.522,22811,22814,22811,1,-1
2024-11-19 15:11:20.522,22811,22814,22811,1,-1
2024-11-19 15:11:20.522,22811,22814,22811,1,-1
2024-11-19 15:11:20.522,22811,22814,22810,1,-1
2024-11-19 15:11:20.522,22811,22814,22810,1,-1
2024-11-19 15:11:21.070,22809,22811,22811,1,1
2024-11-19 15:11:21.213,22809,22812,22812,1,1
2024-11-19 15:11:23.434,22810,22812,22810,1,-1
2024-11-19 15:11:23.802,22809,22811,22809,5,-5
2024-11-19 15:11:23.803,22809,22811,22808,2,-2
2024-11-19 15:11:23.804,22809,22811,22808,1,-1
2024-11-19 15:11:23.804,22809,22811,22808,1,-1
2024-11-19 15:11:23.804,22809,22811,22808,1,-1
2024-11-19 15:11:24.081,22806,22808,22809,4,4
2024-11-19 15:11:24.112,22806,22808,22808,1,1
2024-11-19 15:11:24.842,22808,22810,22808,1,-1
2024-11-19 15:11:25.572,22807,22810,22807,4,-4
2024-11-19 15:11:26.562,22807,22809,22809,1,1
2024-11-19 15:11:26.783,22808,22811,22808,1,-1
2024-11-19 15:11:30.344,22807,22810,22810,1,1
2024-11-19 15:11:30.397,22807,22810,22807,1,-1
2024-11-19 15:11:30.842,22807,22810,22808,1,-1
2024-11-19 15:11:34.082,22808,22810,22810,1,1
2024-11-19 15:11:35.391,22808,22812,22808,1,-1
2024-11-19 15:11:35.725,22808,22811,22808,1,-1
2024-11-19 15:11:43.700,22808,22811,22811,1,1
2024-11-19 15:11:43.731,22808,22811,22810,4,4
2024-11-19 15:11:44.305,22810,22812,22810,2,-2
2024-11-19 15:11:44.824,22809,22812,22809,4,-4
2024-11-19 15:11:45.031,22808,22811,22808,2,-2
2024-11-19 15:11:45.478,22809,22811,22811,1,1
2024-11-19 15:11:45.479,22809,22811,22811,1,1
2024-11-19 15:11:46.268,22810,22812,22812,1,1
2024-11-19 15:11:46.268,22810,22812,22812,1,1
2024-11-19 15:11:46.269,22810,22813,22813,1,1
2024-11-19 15:11:48.197,22811,22814,22814,1,1
2024-11-19 15:11:48.197,22811,22814,22814,1,1
2024-11-19 15:11:52.833,22813,22815,22815,1,1
2024-11-19 15:11:58.240,22813,22815,22815,1,1
2024-11-19 15:12:01.516,22813,22815,22815,1,1
2024-11-19 15:12:06.176,22813,22815,22815,1,1
2024-11-19 15:12:06.177,22813,22815,22815,2,2
2024-11-19 15:12:06.178,22813,22815,22816,1,1
2024-11-19 15:12:06.271,22815,22818,22815,1,-1
2024-11-19 15:12:06.370,22815,22818,22818,1,1
2024-11-19 15:12:06.492,22815,22819,22819,1,1
2024-11-19 15:12:06.550,22815,22818,22818,1,1
2024-11-19 15:12:06.594,22815,22818,22818,1,1
2024-11-19 15:12:09.540,22816,22819,22816,1,-1
2024-11-19 15:12:11.404,22818,22819,22819,1,1
2024-11-19 15:12:13.073,22819,22820,22820,1,1
2024-11-19 15:12:15.144,22820,22824,22824,1,1
2024-11-19 15:12:17.449,22820,22823,22823,1,1
2024-11-19 15:12:17.839,22820,22824,22824,1,1
2024-11-19 15:12:21.726,22820,22823,22820,1,-1
2024-11-19 15:12:22.056,22819,22821,22821,1,1
2024-11-19 15:12:22.302,22819,22822,22822,1,1
2024-11-19 15:12:24.236,22820,22823,22823,5,5
2024-11-19 15:12:24.236,22820,22823,22824,4,4
2024-11-19 15:12:25.354,22822,22824,22824,1,1
2024-11-19 15:12:26.146,22822,22825,22822,1,-1
2024-11-19 15:12:30.131,22820,22822,22820,1,-1
2024-11-19 15:12:30.131,22820,22822,22820,2,-2
2024-11-19 15:12:30.131,22820,22822,22820,1,-1
2024-11-19 15:12:30.132,22820,22822,22819,1,-1
2024-11-19 15:12:30.133,22820,22822,22819,1,-1
2024-11-19 15:12:30.445,22818,22819,22818,1,-1
2024-11-19 15:12:30.445,22818,22819,22818,2,-2
2024-11-19 15:12:30.445,22818,22819,22818,1,-1
2024-11-19 15:12:30.446,22818,22819,22818,1,-1
2024-11-19 15:12:30.446,22818,22819,22818,1,-1
2024-11-19 15:12:30.446,22818,22819,22818,1,-1
2024-11-19 15:12:34.400,22816,22818,22818,1,1
2024-11-19 15:12:39.392,22818,22819,22818,1,-1
2024-11-19 15:12:39.397,22816,22819,22819,1,1
2024-11-19 15:12:41.939,22815,22818,22818,1,1
2024-11-19 15:12:42.023,22816,22819,22816,1,-1
2024-11-19 15:12:46.461,22816,22818,22818,1,1
2024-11-19 15:12:46.503,22816,22818,22821,1,1
2024-11-19 15:12:47.568,22819,22822,22822,1,1
2024-11-19 15:12:47.568,22819,22822,22823,6,6
2024-11-19 15:12:47.646,22822,22823,22822,1,-1
2024-11-19 15:12:51.269,22821,22823,22821,1,-1
2024-11-19 15:12:51.270,22821,22823,22820,1,-1
2024-11-19 15:12:52.994,22817,22820,22818,2,-2
2024-11-19 15:13:04.503,22815,22816,22816,1,1
2024-11-19 15:13:04.503,22815,22816,22817,2,2
2024-11-19 15:13:04.503,22815,22816,22818,3,3
2024-11-19 15:13:05.966,22816,22817,22815,1,-1
2024-11-19 15:13:08.153,22815,22816,22815,1,-1
2024-11-19 15:13:08.155,22815,22816,22814,1,-1
2024-11-19 15:13:08.631,22812,22815,22815,1,1
2024-11-19 15:13:08.631,22812,22815,22816,2,2
2024-11-19 15:13:12.115,22811,22814,22811,1,-1
2024-11-19 15:13:13.061,22810,22812,22812,1,1
2024-11-19 15:13:15.960,22812,22815,22812,1,-1
2024-11-19 15:13:16.422,22812,22815,22815,1,1
2024-11-19 15:13:17.064,22812,22815,22812,1,-1
2024-11-19 15:13:17.536,22813,22815,22813,3,-3
2024-11-19 15:13:17.536,22813,22815,22813,1,-1
2024-11-19 15:13:17.825,22812,22815,22815,2,2
2024-11-19 15:13:31.724,22812,22814,22814,1,1
2024-11-19 15:13:31.727,22812,22814,22816,1,1
2024-11-19 15:13:31.774,22815,22818,22818,2,2
2024-11-19 15:13:31.950,22816,22818,22818,1,1
2024-11-19 15:13:35.823,22815,22818,22818,1,1
2024-11-19 15:13:36.453,22815,22818,22818,1,1
2024-11-19 15:13:39.149,22818,22820,22818,1,-1
2024-11-19 15:13:44.220,22818,22819,22818,1,-1
2024-11-19 15:13:44.221,22818,22819,22818,1,-1
2024-11-19 15:13:44.221,22818,22819,22818,1,-1
2024-11-19 15:13:44.222,22818,22819,22818,6,-6
2024-11-19 15:13:46.455,22817,22820,22820,4,4
2024-11-19 15:13:46.457,22817,22820,22821,1,1
2024-11-19 15:13:46.464,22817,22820,22820,1,1
2024-11-19 15:13:46.464,22817,22820,22819,3,3
2024-11-19 15:13:47.168,22819,22822,22819,1,-1
2024-11-19 15:13:48.879,22819,22822,22819,2,-2
2024-11-19 15:13:48.981,22818,22821,22821,1,1
2024-11-19 15:13:55.620,22818,22819,22818,1,-1
2024-11-19 15:13:55.621,22818,22819,22817,1,-1
2024-11-19 15:13:56.591,22816,22817,22816,1,-1
2024-11-19 15:14:05.146,22812,22814,22813,1,-1
2024-11-19 15:14:05.147,22812,22814,22813,1,-1
2024-11-19 15:14:06.547,22813,22814,22813,1,-1
2024-11-19 15:14:06.582,22813,22814,22812,3,-3
2024-11-19 15:14:08.689,22811,22813,22811,3,-3
2024-11-19 15:14:09.188,22810,22812,22812,1,1
2024-11-19 15:14:09.939,22813,22815,22813,1,-1
2024-11-19 15:14:10.718,22813,22815,22815,1,1
2024-11-19 15:14:11.337,22815,22818,22818,1,1
2024-11-19 15:14:14.131,22816,22820,22820,1,1
2024-11-19 15:14:19.119,22819,22820,22820,1,1
2024-11-19 15:14:25.164,22819,22820,22822,9,9
2024-11-19 15:14:25.164,22819,22820,22820,4,4
2024-11-19 15:14:25.164,22819,22820,22821,1,1
2024-11-19 15:14:27.306,22821,22824,22824,1,1
2024-11-19 15:14:29.569,22822,22823,22823,1,1
2024-11-19 15:14:30.212,22822,22824,22824,1,1
2024-11-19 15:14:30.212,22822,22824,22824,1,1
2024-11-19 15:14:30.238,22822,22824,22825,2,2
2024-11-19 15:14:33.458,22823,22824,22824,1,1
2024-11-19 15:14:37.717,22823,22824,22823,1,-1
2024-11-19 15:14:38.092,22822,22824,22824,1,1
2024-11-19 15:14:40.445,22823,22825,22825,1,1
2024-11-19 15:14:42.068,22823,22824,22826,1,1
2024-11-19 15:14:42.068,22823,22824,22825,1,1
2024-11-19 15:14:42.068,22823,22824,22824,1,1
2024-11-19 15:14:43.137,22823,22824,22823,1,-1
2024-11-19 15:14:46.191,22822,22824,22824,1,1
2024-11-19 15:14:46.716,22823,22826,22826,1,1
2024-11-19 15:14:48.336,22823,22826,22826,3,3
2024-11-19 15:14:56.407,22823,22825,22825,5,5
2024-11-19 15:14:58.205,22823,22826,22823,1,-1
2024-11-19 15:14:58.613,22823,22826,22826,3,3
2024-11-19 15:14:58.614,22823,22826,22826,6,6
2024-11-19 15:15:00.261,22825,22827,22827,2,2
2024-11-19 15:15:00.261,22825,22827,22828,1,1
2024-11-19 15:15:00.322,22826,22828,22826,1,-1
2024-11-19 15:15:00.464,22825,22827,22827,3,3
2024-11-19 15:15:00.464,22825,22827,22828,2,2
2024-11-19 15:15:00.774,22826,22829,22826,2,-2
2024-11-19 15:15:02.248,22826,22828,22826,1,-1
2024-11-19 15:15:02.271,22824,22827,22827,1,1
2024-11-19 15:15:02.272,22824,22827,22828,1,1
2024-11-19 15:15:02.489,22825,22828,22825,1,-1
2024-11-19 15:15:04.077,22825,22827,22827,1,1
2024-11-19 15:15:08.265,22827,22829,22827,2,-2
2024-11-19 15:15:11.805,22825,22827,22827,1,1
2024-11-19 15:15:12.166,22826,22829,22827,1,-1
2024-11-19 15:15:12.842,22826,22829,22826,1,-1
2024-11-19 15:15:14.669,22825,22826,22825,1,-1
2024-11-19 15:15:16.358,22823,22826,22826,1,1
2024-11-19 15:15:17.078,22823,22826,22826,1,1
2024-11-19 15:15:18.320,22823,22825,22825,2,2
2024-11-19 15:15:18.396,22824,22826,22826,1,1
2024-11-19 15:15:18.396,22824,22826,22826,1,1
2024-11-19 15:15:21.794,22824,22826,22826,2,2
2024-11-19 15:15:22.506,22826,22827,22827,3,3
2024-11-19 15:15:22.680,22828,22830,22828,1,-1
2024-11-19 15:15:26.761,22826,22828,22828,1,1
2024-11-19 15:15:26.761,22826,22828,22830,1,1
2024-11-19 15:15:26.827,22827,22830,22830,1,1
2024-11-19 15:15:26.910,22827,22830,22830,1,1
2024-11-19 15:15:29.151,22828,22830,22830,1,1
2024-11-19 15:15:29.271,22829,22831,22832,1,1
2024-11-19 15:15:29.271,22829,22831,22832,1,1
2024-11-19 15:15:29.271,22829,22831,22832,1,1
2024-11-19 15:15:29.271,22829,22831,22831,1,1
2024-11-19 15:15:29.271,22829,22831,22831,1,1
2024-11-19 15:15:29.272,22829,22831,22832,1,1
2024-11-19 15:15:29.272,22829,22831,22832,1,1
2024-11-19 15:15:29.273,22829,22831,22834,1,1
2024-11-19 15:15:33.846,22832,22833,22832,1,-1
2024-11-19 15:15:33.850,22832,22833,22833,2,2
2024-11-19 15:15:35.424,22832,22834,22834,1,1
2024-11-19 15:15:35.722,22832,22834,22833,1,1
2024-11-19 15:15:35.742,22832,22834,22833,1,1
2024-11-19 15:15:37.721,22832,22834,22834,1,1
2024-11-19 15:15:37.771,22832,22834,22834,1,1
2024-11-19 15:15:37.772,22832,22834,22834,1,1
2024-11-19 15:15:37.772,22832,22834,22834,2,2
2024-11-19 15:15:38.050,22833,22835,22833,4,-4
2024-11-19 15:15:38.051,22833,22835,22833,1,-1
2024-11-19 15:15:41.260,22832,22834,22834,1,1
2024-11-19 15:15:43.833,22832,22835,22835,2,2
2024-11-19 15:15:43.834,22832,22835,22836,2,2
2024-11-19 15:15:43.835,22832,22835,22835,2,2
2024-11-19 15:15:43.886,22832,22835,22836,1,1
2024-11-19 15:15:43.886,22832,22835,22835,1,1
2024-11-19 15:15:43.924,22835,22837,22835,1,-1
2024-11-19 15:15:44.103,22835,22837,22835,1,-1
2024-11-19 15:15:45.140,22835,22837,22835,1,-1
2024-11-19 15:15:45.146,22835,22837,22837,1,1
2024-11-19 15:15:47.274,22839,22840,22839,1,-1
2024-11-19 15:15:47.997,22837,22839,22839,2,2
2024-11-19 15:15:51.610,22837,22840,22840,1,1
2024-11-19 15:15:51.648,22838,22840,22839,1,1
2024-11-19 15:15:52.376,22836,22839,22836,2,-2
2024-11-19 15:15:52.900,22836,22839,22839,3,3
2024-11-19 15:15:54.823,22836,22839,22836,1,-1
2024-11-19 15:15:56.128,22835,22838,22838,4,4
2024-11-19 15:15:56.128,22835,22838,22839,1,1
2024-11-19 15:15:56.748,22836,22839,22839,1,1
2024-11-19 15:16:03.793,22836,22837,22837,1,1
2024-11-19 15:16:03.909,22836,22838,22838,1,1
2024-11-19 15:16:05.126,22836,22838,22838,1,1
2024-11-19 15:16:05.951,22836,22838,22836,1,-1
2024-11-19 15:16:05.951,22836,22838,22835,2,-2
2024-11-19 15:16:05.951,22836,22838,22834,1,-1
2024-11-19 15:16:06.111,22835,22837,22835,1,-1
2024-11-19 15:16:08.844,22837,22839,22837,1,-1
2024-11-19 15:16:08.896,22835,22838,22838,1,1
2024-11-19 15:16:08.896,22835,22838,22838,1,1
2024-11-19 15:16:09.348,22835,22838,22835,1,-1
2024-11-19 15:16:12.304,22835,22838,22835,2,-2
2024-11-19 15:16:12.482,22835,22838,22835,1,-1
2024-11-19 15:16:12.482,22835,22838,22834,6,-6
2024-11-19 15:16:12.485,22835,22838,22835,2,-2
2024-11-19 15:16:12.485,22835,22838,22834,48,-48
2024-11-19 15:16:12.485,22835,22838,22834,1,-1
2024-11-19 15:16:12.486,22835,22838,22833,2,-2
2024-11-19 15:16:12.488,22835,22838,22832,2,-2
2024-11-19 15:16:12.488,22835,22838,22832,1,-1
2024-11-19 15:16:12.488,22835,22838,22832,1,-1
2024-11-19 15:16:12.488,22835,22838,22832,1,-1
2024-11-19 15:16:12.489,22835,22838,22832,1,-1
2024-11-19 15:16:13.810,22831,22832,22832,1,1
2024-11-19 15:16:13.810,22831,22832,22833,3,3
2024-11-19 15:16:18.106,22836,22838,22836,2,-2
2024-11-19 15:16:20.893,22836,22838,22836,2,-2
2024-11-19 15:16:20.893,22836,22838,22835,3,-3
2024-11-19 15:16:20.899,22835,22838,22837,1,1
2024-11-19 15:16:20.899,22835,22838,22837,1,1
2024-11-19 15:16:22.008,22834,22837,22834,1,-1
2024-11-19 15:16:22.990,22834,22836,22836,1,1
2024-11-19 15:16:24.646,22836,22838,22838,1,1
2024-11-19 15:16:28.280,22836,22838,22836,1,-1
2024-11-19 15:16:30.942,22836,22838,22838,2,2
2024-11-19 15:16:30.942,22836,22838,22839,1,1
2024-11-19 15:16:31.022,22836,22839,22839,1,1
2024-11-19 15:16:31.023,22836,22839,22839,1,1
2024-11-19 15:16:42.249,22834,22836,22836,3,3
2024-11-19 15:16:49.162,22836,22838,22836,1,-1
2024-11-19 15:16:52.903,22836,22838,22836,3,-3
2024-11-19 15:16:52.903,22836,22838,22835,1,-1
2024-11-19 15:16:53.022,22835,22838,22838,1,1
2024-11-19 15:16:54.295,22835,22837,22837,1,1
2024-11-19 15:17:00.597,22836,22838,22838,1,1
2024-11-19 15:17:05.722,22837,22839,22839,1,1
2024-11-19 15:17:05.771,22838,22840,22838,2,-2
2024-11-19 15:17:08.504,22838,22840,22840,5,5
2024-11-19 15:17:08.530,22840,22842,22840,2,-2
2024-11-19 15:17:09.425,22838,22840,22840,1,1
2024-11-19 15:17:10.385,22839,22842,22839,1,-1
2024-11-19 15:17:12.540,22840,22842,22842,1,1
2024-11-19 15:17:12.739,22840,22842,22840,1,-1
2024-11-19 15:17:15.399,22839,22841,22841,1,1
2024-11-19 15:17:17.073,22839,22842,22842,2,2
2024-11-19 15:17:18.460,22841,22843,22841,1,-1
2024-11-19 15:17:18.822,22840,22843,22843,5,5
2024-11-19 15:17:19.021,22841,22842,22842,1,1
2024-11-19 15:17:19.021,22841,22842,22844,1,1
2024-11-19 15:17:20.236,22843,22845,22845,3,3
2024-11-19 15:17:20.237,22843,22845,22845,1,1
2024-11-19 15:17:20.316,22843,22845,22845,1,1
2024-11-19 15:17:21.474,22843,22846,22846,3,3
2024-11-19 15:17:22.630,22843,22845,22845,1,1
2024-11-19 15:17:23.228,22844,22846,22847,1,1
2024-11-19 15:17:23.228,22844,22846,22846,1,1
2024-11-19 15:17:24.543,22845,22848,22848,1,1
2024-11-19 15:17:25.185,22845,22848,22848,1,1
2024-11-19 15:17:25.855,22846,22848,22848,1,1
2024-11-19 15:17:27.368,22845,22848,22848,1,1
2024-11-19 15:17:28.228,22845,22847,22847,2,2
2024-11-19 15:17:29.145,22843,22846,22845,1,1
2024-11-19 15:17:29.552,22843,22845,22843,1,-1
2024-11-19 15:17:29.764,22841,22844,22841,1,-1
2024-11-19 15:17:29.806,22840,22842,22840,1,-1
2024-11-19 15:17:29.954,22839,22841,22839,2,-2
2024-11-19 15:17:30.198,22838,22840,22838,1,-1
2024-11-19 15:17:30.199,22838,22840,22837,1,-1
2024-11-19 15:17:31.224,22836,22838,22839,1,1
2024-11-19 15:17:31.224,22836,22838,22838,1,1
2024-11-19 15:17:32.243,22837,22839,22839,1,1
2024-11-19 15:17:34.468,22836,22838,22838,1,1
2024-11-19 15:17:35.004,22836,22838,22838,1,1
2024-11-19 15:17:36.105,22836,22838,22838,1,1
2024-11-19 15:17:37.916,22839,22841,22839,1,-1
2024-11-19 15:17:38.084,22836,22839,22838,3,3
2024-11-19 15:17:38.084,22836,22839,22838,1,1
2024-11-19 15:17:41.034,22838,22841,22841,1,1
2024-11-19 15:17:42.636,22839,22842,22842,1,1
2024-11-19 15:17:44.250,22840,22843,22843,1,1
2024-11-19 15:17:45.429,22841,22844,22844,1,1
2024-11-19 15:17:55.079,22846,22848,22848,1,1
2024-11-19 15:17:56.288,22845,22848,22847,1,1
2024-11-19 15:17:56.533,22843,22846,22848,4,4
2024-11-19 15:17:56.533,22843,22846,22846,2,2
2024-11-19 15:17:56.533,22843,22846,22847,2,2
2024-11-19 15:17:56.534,22843,22846,22848,2,2
2024-11-19 15:17:58.929,22847,22849,22847,1,-1
2024-11-19 15:17:59.328,22846,22849,22849,2,2
2024-11-19 15:17:59.721,22847,22849,22849,1,1
2024-11-19 15:17:59.987,22847,22850,22849,1,1
2024-11-19 15:18:00.143,22849,22850,22849,2,-2
2024-11-19 15:18:01.195,22849,22850,22850,4,4
2024-11-19 15:18:01.195,22849,22850,22852,3,3
2024-11-19 15:18:01.326,22850,22853,22853,1,1
2024-11-19 15:18:01.337,22850,22853,22853,1,1
2024-11-19 15:18:01.827,22851,22853,22851,1,-1
2024-11-19 15:18:02.492,22849,22852,22852,1,1
2024-11-19 15:18:05.297,22847,22850,22850,1,1
2024-11-19 15:18:05.652,22848,22851,22851,1,1
2024-11-19 15:18:06.410,22849,22851,22850,1,1
2024-11-19 15:18:12.212,22848,22851,22848,1,-1
2024-11-19 15:18:21.418,22846,22847,22847,1,1
2024-11-19 15:18:24.802,22845,22848,22845,1,-1
2024-11-19 15:18:27.527,22845,22846,22845,1,-1
2024-11-19 15:18:28.623,22845,22847,22847,1,1
2024-11-19 15:18:28.677,22845,22847,22847,3,3
2024-11-19 15:18:28.677,22845,22847,22848,4,4
2024-11-19 15:18:42.181,22846,22848,22848,6,6
2024-11-19 15:18:44.221,22847,22848,22848,1,1
2024-11-19 15:18:45.126,22848,22850,22848,2,-2
2024-11-19 15:18:46.051,22848,22850,22848,1,-1
2024-11-19 15:18:50.773,22848,22850,22850,1,1
2024-11-19 15:18:50.804,22848,22850,22850,1,1
2024-11-19 15:18:50.804,22848,22850,22849,1,1
2024-11-19 15:19:06.279,22850,22851,22851,1,1
2024-11-19 15:19:06.329,22850,22851,22851,2,2
2024-11-19 15:19:07.865,22849,22851,22849,1,-1
2024-11-19 15:19:12.866,22848,22849,22848,1,-1
2024-11-19 15:19:12.866,22848,22849,22847,1,-1
2024-11-19 15:19:12.960,22847,22849,22849,1,1
2024-11-19 15:19:17.098,22847,22848,22848,2,2
2024-11-19 15:19:17.099,22847,22848,22849,1,1
2024-11-19 15:19:17.141,22847,22848,22850,1,1
2024-11-19 15:19:20.104,22849,22851,22851,1,1
2024-11-19 15:19:29.970,22850,22851,22850,1,-1
2024-11-19 15:19:35.594,22850,22851,22851,1,1
2024-11-19 15:19:39.215,22850,22852,22852,2,2
2024-11-19 15:19:39.249,22850,22852,22853,1,1
2024-11-19 15:19:39.249,22850,22852,22853,1,1
2024-11-19 15:19:39.337,22852,22854,22853,2,2
2024-11-19 15:19:40.948,22852,22854,22852,1,-1
2024-11-19 15:19:46.174,22851,22852,22852,1,1
2024-11-19 15:19:47.341,22851,22852,22852,1,1
2024-11-19 15:19:47.580,22852,22853,22853,2,2
2024-11-19 15:19:48.790,22852,22853,22853,3,3
2024-11-19 15:19:49.007,22852,22854,22854,3,3
2024-11-19 15:19:49.009,22852,22854,22854,1,1
2024-11-19 15:19:49.009,22852,22854,22854,4,4
2024-11-19 15:19:49.009,22852,22854,22854,1,1
2024-11-19 15:19:49.011,22852,22854,22854,2,2
2024-11-19 15:19:49.031,22853,22855,22853,1,-1
2024-11-19 15:19:50.493,22852,22855,22855,1,1
2024-11-19 15:19:52.047,22852,22854,22853,3,3
2024-11-19 15:19:53.122,22852,22854,22852,1,-1
2024-11-19 15:19:55.257,22852,22853,22853,1,1
2024-11-19 15:19:56.546,22852,22854,22854,3,3
2024-11-19 15:19:57.263,22852,22854,22854,1,1
2024-11-19 15:19:57.264,22852,22854,22854,1,1
2024-11-19 15:19:59.208,22853,22854,22853,1,-1
2024-11-19 15:20:00.649,22852,22853,22852,1,-1
2024-11-19 15:20:00.650,22852,22853,22852,5,-5
2024-11-19 15:20:00.650,22852,22853,22852,1,-1
2024-11-19 15:20:01.540,22851,22852,22852,1,1
2024-11-19 15:20:02.781,22851,22853,22853,2,2
2024-11-19 15:20:05.727,22852,22853,22853,1,1
2024-11-19 15:20:05.727,22852,22853,22853,1,1
2024-11-19 15:20:05.728,22852,22853,22854,7,7
2024-11-19 15:20:05.729,22852,22853,22854,1,1
2024-11-19 15:20:05.911,22854,22855,22855,5,5
2024-11-19 15:20:05.953,22854,22855,22857,2,2
2024-11-19 15:20:05.953,22854,22855,22857,2,2
2024-11-19 15:20:06.609,22856,22858,22858,1,1
2024-11-19 15:20:06.677,22858,22859,22859,1,1
2024-11-19 15:20:06.677,22858,22859,22860,1,1
2024-11-19 15:20:10.023,22857,22860,22860,1,1
2024-11-19 15:20:11.680,22857,22859,22857,2,-2
2024-11-19 15:20:11.680,22857,22859,22856,3,-3
2024-11-19 15:20:13.828,22855,22858,22858,1,1
2024-11-19 15:20:18.638,22857,22859,22859,1,1
2024-11-19 15:20:20.091,22859,22860,22860,1,1
2024-11-19 15:20:20.533,22859,22860,22860,2,2
2024-11-19 15:20:20.618,22859,22860,22861,2,2
2024-11-19 15:20:20.618,22859,22860,22863,4,4
2024-11-19 15:20:20.681,22861,22863,22863,1,1
2024-11-19 15:20:21.062,22861,22863,22863,1,1
2024-11-19 15:20:22.134,22862,22863,22863,3,3
2024-11-19 15:20:22.297,22862,22863,22863,4,4
2024-11-19 15:20:23.458,22863,22864,22864,1,1
2024-11-19 15:20:24.236,22863,22864,22864,2,2
2024-11-19 15:20:24.236,22863,22864,22864,1,1
2024-11-19 15:20:24.236,22863,22864,22864,4,4
2024-11-19 15:20:24.236,22863,22864,22864,3,3
2024-11-19 15:20:24.338,22864,22865,22865,10,10
2024-11-19 15:20:24.338,22864,22865,22865,2,2
2024-11-19 15:20:24.433,22865,22866,22866,1,1
2024-11-19 15:20:25.890,22865,22866,22865,1,-1
2024-11-19 15:20:26.332,22865,22866,22866,1,1
2024-11-19 15:20:27.154,22865,22866,22866,2,2
2024-11-19 15:20:27.751,22865,22866,22866,1,1
2024-11-19 15:20:28.534,22865,22866,22866,1,1
2024-11-19 15:20:28.657,22865,22866,22865,1,-1
2024-11-19 15:20:28.662,22865,22866,22866,1,1
2024-11-19 15:20:29.093,22865,22866,22865,1,-1
2024-11-19 15:20:30.216,22865,22866,22865,1,-1
2024-11-19 15:20:31.515,22865,22866,22866,1,1
2024-11-19 15:20:31.695,22865,22866,22866,2,2
2024-11-19 15:20:31.854,22865,22866,22866,1,1
2024-11-19 15:20:31.854,22865,22866,22866,1,1
2024-11-19 15:20:32.927,22865,22866,22865,2,-2
2024-11-19 15:20:33.069,22865,22866,22865,1,-1
2024-11-19 15:20:33.864,22865,22866,22866,1,1
2024-11-19 15:20:33.864,22865,22866,22867,2,2
2024-11-19 15:20:34.386,22866,22868,22866,1,-1
2024-11-19 15:20:34.386,22866,22868,22865,4,-4
2024-11-19 15:20:34.388,22866,22868,22865,2,-2
2024-11-19 15:20:34.874,22864,22866,22866,1,1
2024-11-19 15:20:35.458,22864,22866,22866,1,1
2024-11-19 15:20:37.340,22864,22865,22865,1,1
2024-11-19 15:20:38.557,22864,22866,22866,1,1
2024-11-19 15:20:39.962,22865,22866,22865,1,-1
2024-11-19 15:20:41.311,22864,22865,22864,3,-3
2024-11-19 15:20:41.312,22864,22865,22863,1,-1
2024-11-19 15:20:41.312,22864,22865,22863,4,-4
2024-11-19 15:20:42.358,22861,22863,22863,1,1
2024-11-19 15:20:42.424,22861,22863,22863,1,1
2024-11-19 15:20:45.510,22861,22863,22863,1,1
2024-11-19 15:20:46.789,22861,22863,22863,1,1
2024-11-19 15:20:46.816,22861,22863,22864,2,2
2024-11-19 15:20:46.816,22861,22863,22864,2,2
2024-11-19 15:20:48.132,22863,22865,22865,1,1
2024-11-19 15:20:48.132,22863,22865,22865,1,1
2024-11-19 15:20:48.328,22864,22866,22866,1,1
2024-11-19 15:20:48.328,22864,22866,22867,2,2
2024-11-19 15:20:48.328,22864,22866,22868,1,1
2024-11-19 15:20:48.708,22865,22868,22868,2,2
2024-11-19 15:20:48.717,22865,22868,22865,4,-4
2024-11-19 15:20:48.717,22865,22868,22866,1,-1
2024-11-19 15:20:49.712,22864,22867,22867,1,1
2024-11-19 15:20:51.302,22864,22866,22866,1,1
2024-11-19 15:20:51.302,22864,22866,22866,1,1
2024-11-19 15:20:52.047,22867,22868,22868,1,1
2024-11-19 15:20:52.047,22867,22868,22869,1,1
2024-11-19 15:20:52.656,22867,22869,22867,1,-1
2024-11-19 15:20:53.434,22867,22869,22867,1,-1
2024-11-19 15:20:54.657,22867,22869,22869,1,1
2024-11-19 15:20:57.940,22865,22867,22867,1,1
2024-11-19 15:20:58.597,22865,22867,22867,1,1
2024-11-19 15:20:58.849,22865,22867,22867,1,1
2024-11-19 15:20:59.053,22865,22867,22867,1,1
2024-11-19 15:20:59.250,22865,22867,22867,1,1
2024-11-19 15:20:59.286,22865,22867,22867,1,1
2024-11-19 15:21:01.171,22867,22869,22869,1,1
2024-11-19 15:21:01.299,22867,22869,22869,1,1
2024-11-19 15:21:03.443,22868,22869,22869,1,1
2024-11-19 15:21:03.444,22868,22869,22869,1,1
2024-11-19 15:21:03.444,22868,22869,22869,1,1
2024-11-19 15:21:03.823,22869,22870,22869,2,-2
2024-11-19 15:21:06.078,22868,22870,22870,5,5
2024-11-19 15:21:06.192,22869,22870,22870,4,4
2024-11-19 15:21:06.192,22869,22870,22871,1,1
2024-11-19 15:21:06.194,22869,22870,22872,2,2
2024-11-19 15:21:06.194,22869,22870,22872,1,1
2024-11-19 15:21:06.194,22869,22870,22872,1,1
2024-11-19 15:21:07.650,22871,22873,22873,5,5
2024-11-19 15:21:08.236,22871,22872,22871,1,-1
2024-11-19 15:21:10.328,22871,22872,22872,1,1
2024-11-19 15:21:12.137,22871,22872,22872,1,1
2024-11-19 15:21:12.137,22871,22872,22873,1,1
2024-11-19 15:21:15.698,22871,22873,22873,1,1
2024-11-19 15:21:16.419,22871,22873,22871,8,-8
2024-11-19 15:21:16.422,22871,22873,22870,1,-1
2024-11-19 15:21:16.427,22871,22873,22869,1,-1
2024-11-19 15:21:17.128,22867,22870,22870,1,1
2024-11-19 15:21:17.176,22867,22870,22870,1,1
2024-11-19 15:21:17.176,22867,22870,22871,1,1
2024-11-19 15:21:18.511,22869,22872,22872,1,1
2024-11-19 15:21:19.144,22870,22872,22870,1,-1
2024-11-19 15:21:19.213,22870,22872,22872,2,2
2024-11-19 15:21:20.776,22869,22872,22872,2,2
2024-11-19 15:21:26.756,22869,22871,22869,1,-1
2024-11-19 15:21:26.787,22869,22871,22869,1,-1
2024-11-19 15:21:29.478,22868,22871,22871,2,2
2024-11-19 15:21:29.522,22868,22871,22871,1,1
2024-11-19 15:21:31.940,22869,22871,22869,1,-1
2024-11-19 15:21:33.709,22869,22871,22871,3,3
2024-11-19 15:21:35.312,22869,22872,22872,2,2
2024-11-19 15:21:36.784,22869,22872,22869,1,-1
2024-11-19 15:21:36.897,22869,22872,22872,1,1
2024-11-19 15:21:39.348,22869,22871,22871,1,1
2024-11-19 15:21:45.130,22870,22872,22872,3,3
2024-11-19 15:21:46.852,22871,22873,22873,5,5
2024-11-19 15:21:46.852,22871,22873,22873,2,2
2024-11-19 15:21:46.852,22871,22873,22873,2,2
2024-11-19 15:21:46.853,22871,22873,22874,3,3
2024-11-19 15:21:46.853,22871,22873,22874,2,2
2024-11-19 15:21:46.954,22874,22875,22875,1,1
2024-11-19 15:21:46.954,22874,22875,22875,1,1
2024-11-19 15:21:46.954,22874,22875,22875,3,3
2024-11-19 15:21:47.033,22875,22876,22876,1,1
2024-11-19 15:21:47.036,22875,22876,22876,1,1
2024-11-19 15:21:47.043,22875,22876,22876,1,1
2024-11-19 15:21:47.046,22875,22876,22876,9,9
2024-11-19 15:21:47.047,22875,22876,22877,2,2
2024-11-19 15:21:47.047,22875,22876,22877,1,1
2024-11-19 15:21:47.048,22875,22876,22878,6,6
2024-11-19 15:21:47.049,22875,22876,22878,1,1
2024-11-19 15:21:47.051,22875,22876,22880,1,1
2024-11-19 15:21:47.051,22875,22876,22879,8,8
2024-11-19 15:21:47.052,22875,22876,22880,3,3
2024-11-19 15:21:47.052,22875,22876,22880,6,6
2024-11-19 15:21:47.052,22875,22876,22880,3,3
2024-11-19 15:21:47.052,22875,22876,22881,3,3
2024-11-19 15:21:47.052,22875,22876,22882,3,3
2024-11-19 15:21:47.053,22875,22876,22881,1,1
2024-11-19 15:21:47.053,22875,22876,22882,6,6
2024-11-19 15:21:47.054,22875,22876,22882,1,1
2024-11-19 15:21:47.054,22875,22876,22882,6,6
2024-11-19 15:21:47.056,22875,22876,22881,3,3
2024-11-19 15:21:47.058,22875,22876,22883,4,4
2024-11-19 15:21:47.059,22875,22876,22883,4,4
2024-11-19 15:21:47.061,22875,22876,22886,8,8
2024-11-19 15:21:47.061,22875,22876,22885,5,5
2024-11-19 15:21:47.061,22875,22876,22884,5,5
2024-11-19 15:21:47.062,22875,22876,22886,4,4
2024-11-19 15:21:47.063,22875,22876,22886,1,1
2024-11-19 15:21:47.064,22875,22876,22886,4,4
2024-11-19 15:21:47.065,22875,22876,22885,1,1
2024-11-19 15:21:47.066,22875,22876,22885,1,1
2024-11-19 15:21:47.117,22875,22876,22883,1,1
2024-11-19 15:21:47.144,22880,22884,22884,1,1
2024-11-19 15:21:47.144,22880,22884,22884,1,1
2024-11-19 15:21:47.209,22880,22884,22884,2,2
2024-11-19 15:21:47.219,22880,22884,22880,1,-1
2024-11-19 15:21:47.223,22880,22884,22884,2,2
2024-11-19 15:21:47.243,22880,22884,22880,1,-1
2024-11-19 15:21:47.243,22880,22884,22880,4,-4
2024-11-19 15:21:47.243,22880,22884,22880,2,-2
2024-11-19 15:21:47.260,22880,22884,22879,1,-1
2024-11-19 15:21:47.292,22878,22880,22880,1,1
2024-11-19 15:21:47.331,22878,22880,22880,1,1
2024-11-19 15:21:47.336,22878,22880,22880,1,1
2024-11-19 15:21:47.339,22878,22880,22880,1,1
2024-11-19 15:21:47.370,22878,22880,22880,1,1
2024-11-19 15:21:47.414,22878,22880,22880,1,1
2024-11-19 15:21:47.481,22878,22880,22881,2,2
2024-11-19 15:21:47.507,22878,22880,22881,1,1
2024-11-19 15:21:47.508,22878,22880,22881,1,1
2024-11-19 15:21:47.509,22878,22880,22881,1,1
2024-11-19 15:21:47.599,22878,22881,22881,1,1
2024-11-19 15:21:47.780,22878,22881,22881,1,1
2024-11-19 15:21:47.924,22878,22881,22881,2,2
2024-11-19 15:21:48.236,22878,22880,22878,1,-1
2024-11-19 15:21:48.237,22878,22880,22877,1,-1
2024-11-19 15:21:48.238,22878,22880,22877,2,-2
2024-11-19 15:21:48.597,22876,22878,22878,1,1
2024-11-19 15:21:48.802,22876,22878,22876,1,-1
2024-11-19 15:21:49.725,22875,22876,22875,1,-1
2024-11-19 15:21:53.697,22872,22874,22874,2,2
2024-11-19 15:21:53.802,22872,22874,22874,1,1
2024-11-19 15:21:53.802,22872,22874,22874,2,2
2024-11-19 15:21:59.627,22875,22877,22882,7,7
2024-11-19 15:21:59.627,22875,22877,22881,10,10
2024-11-19 15:21:59.627,22875,22877,22880,13,13
2024-11-19 15:21:59.627,22875,22877,22878,1,1
2024-11-19 15:21:59.627,22875,22877,22877,1,1
2024-11-19 15:21:59.627,22875,22877,22879,4,4
2024-11-19 15:21:59.630,22875,22877,22882,1,1
2024-11-19 15:21:59.630,22875,22877,22883,2,2
2024-11-19 15:22:01.180,22880,22883,22883,1,1
2024-11-19 15:22:01.443,22882,22885,22884,1,1
2024-11-19 15:22:01.443,22882,22885,22885,1,1
2024-11-19 15:22:01.687,22882,22885,22885,1,1
2024-11-19 15:22:01.851,22882,22885,22885,1,1
2024-11-19 15:22:02.020,22882,22885,22885,1,1
2024-11-19 15:22:02.053,22882,22885,22882,3,-3
2024-11-19 15:22:02.184,22882,22885,22885,1,1
2024-11-19 15:22:02.327,22882,22885,22885,1,1
2024-11-19 15:22:02.474,22884,22886,22886,1,1
2024-11-19 15:22:02.631,22884,22886,22886,1,1
2024-11-19 15:22:02.795,22884,22886,22886,1,1
2024-11-19 15:22:02.947,22884,22886,22886,1,1
2024-11-19 15:22:03.046,22884,22886,22884,1,-1
2024-11-19 15:22:03.111,22884,22886,22884,1,-1
2024-11-19 15:22:03.120,22884,22886,22886,1,1
2024-11-19 15:22:03.283,22883,22886,22886,1,1
2024-11-19 15:22:03.438,22884,22887,22887,1,1
2024-11-19 15:22:03.541,22884,22887,22887,2,2
2024-11-19 15:22:03.599,22884,22887,22887,1,1
2024-11-19 15:22:03.761,22884,22887,22887,1,1
2024-11-19 15:22:03.789,22884,22887,22887,2,2
2024-11-19 15:22:03.901,22884,22888,22888,1,1
2024-11-19 15:22:04.067,22884,22888,22888,1,1
2024-11-19 15:22:04.218,22885,22888,22888,1,1
2024-11-19 15:22:04.371,22885,22888,22888,1,1
2024-11-19 15:22:04.522,22885,22888,22888,1,1
2024-11-19 15:22:04.674,22885,22888,22888,1,1
2024-11-19 15:22:04.899,22885,22888,22888,3,3
2024-11-19 15:22:05.079,22886,22889,22888,2,2
2024-11-19 15:22:05.079,22886,22889,22889,1,1
2024-11-19 15:22:07.301,22886,22889,22889,1,1
2024-11-19 15:22:07.344,22886,22889,22887,1,-1
2024-11-19 15:22:07.411,22886,22889,22889,1,1
2024-11-19 15:22:08.295,22887,22888,22887,4,-4
2024-11-19 15:22:08.396,22886,22888,22888,1,1
2024-11-19 15:22:08.397,22886,22888,22889,1,1
2024-11-19 15:22:08.898,22887,22889,22889,2,2
2024-11-19 15:22:08.898,22887,22889,22889,1,1
2024-11-19 15:22:08.898,22887,22889,22889,2,2
2024-11-19 15:22:08.899,22887,22889,22890,1,1
2024-11-19 15:22:08.899,22887,22889,22890,1,1
2024-11-19 15:22:08.899,22887,22889,22890,6,6
2024-11-19 15:22:08.945,22887,22889,22890,1,1
2024-11-19 15:22:10.254,22889,22891,22891,1,1
2024-11-19 15:22:10.314,22890,22892,22890,1,-1
2024-11-19 15:22:10.943,22890,22892,22892,1,1
2024-11-19 15:22:11.121,22891,22892,22892,1,1
2024-11-19 15:22:11.305,22891,22893,22891,1,-1
2024-11-19 15:22:11.429,22890,22892,22890,1,-1
2024-11-19 15:22:11.499,22890,22892,22889,2,-2
2024-11-19 15:22:12.091,22889,22891,22889,1,-1
2024-11-19 15:22:12.235,22889,22890,22890,1,1
2024-11-19 15:22:13.867,22889,22891,22891,2,2
2024-11-19 15:22:14.163,22890,22892,22891,2,2
2024-11-19 15:22:14.246,22890,22892,22892,1,1
2024-11-19 15:22:14.371,22890,22892,22890,1,-1
2024-11-19 15:22:14.940,22889,22892,22892,1,1
2024-11-19 15:22:16.027,22891,22892,22891,3,-3
2024-11-19 15:22:16.133,22891,22892,22890,1,-1
2024-11-19 15:22:16.133,22891,22892,22889,1,-1
2024-11-19 15:22:16.252,22889,22891,22891,1,1
2024-11-19 15:22:16.409,22889,22892,22891,1,1
2024-11-19 15:22:16.427,22889,22892,22891,1,1
2024-11-19 15:22:16.540,22889,22892,22892,1,1
2024-11-19 15:22:16.704,22889,22892,22889,1,-1
2024-11-19 15:22:16.733,22889,22892,22887,2,-2
2024-11-19 15:22:16.980,22887,22889,22889,1,1
2024-11-19 15:22:17.024,22887,22890,22890,1,1
2024-11-19 15:22:17.704,22887,22890,22890,1,1
2024-11-19 15:22:19.506,22888,22890,22890,1,1
2024-11-19 15:22:19.774,22888,22890,22888,1,-1
2024-11-19 15:22:19.774,22888,22890,22887,1,-1
2024-11-19 15:22:20.574,22886,22888,22886,1,-1
2024-11-19 15:22:20.575,22886,22888,22886,1,-1
2024-11-19 15:22:20.575,22886,22888,22886,1,-1
2024-11-19 15:22:20.576,22886,22888,22886,3,-3
2024-11-19 15:22:20.576,22886,22888,22886,1,-1
2024-11-19 15:22:20.623,22886,22888,22887,2,-2
2024-11-19 15:22:21.947,22885,22888,22888,2,2
2024-11-19 15:22:24.866,22886,22888,22886,1,-1
2024-11-19 15:22:25.762,22886,22888,22888,1,1
2024-11-19 15:22:27.255,22886,22888,22887,1,1
2024-11-19 15:22:29.100,22886,22888,22886,3,-3
2024-11-19 15:22:29.146,22885,22887,22887,1,1
2024-11-19 15:22:29.147,22885,22887,22887,1,1
2024-11-19 15:22:29.151,22885,22887,22888,1,1
2024-11-19 15:22:29.299,22885,22888,22885,1,-1
2024-11-19 15:22:29.485,22885,22888,22885,1,-1
2024-11-19 15:22:29.738,22885,22888,22888,1,1
2024-11-19 15:22:33.577,22886,22887,22887,1,1
2024-11-19 15:22:34.204,22886,22888,22888,4,4
2024-11-19 15:22:34.204,22886,22888,22889,1,1
2024-11-19 15:22:37.012,22886,22889,22889,1,1
2024-11-19 15:22:37.282,22886,22889,22886,1,-1
2024-11-19 15:22:38.090,22886,22889,22888,1,1
2024-11-19 15:22:39.906,22886,22888,22888,1,1
2024-11-19 15:22:39.907,22886,22888,22888,2,2
2024-11-19 15:22:40.651,22887,22889,22889,1,1
2024-11-19 15:22:41.715,22887,22889,22889,1,1
2024-11-19 15:22:41.740,22887,22889,22889,1,1
2024-11-19 15:22:41.740,22887,22889,22889,1,1
2024-11-19 15:22:45.866,22888,22890,22890,1,1
2024-11-19 15:22:46.384,22888,22889,22888,1,-1
2024-11-19 15:22:46.505,22886,22888,22886,6,-6
2024-11-19 15:22:46.836,22885,22887,22887,1,1
2024-11-19 15:22:48.734,22885,22887,22885,1,-1
2024-11-19 15:22:49.725,22886,22887,22886,1,-1
2024-11-19 15:22:49.934,22885,22887,22885,1,-1
2024-11-19 15:22:51.015,22885,22888,22885,1,-1
2024-11-19 15:22:56.180,22885,22887,22887,1,1
2024-11-19 15:22:56.235,22885,22887,22886,3,3
2024-11-19 15:22:57.127,22886,22888,22886,1,-1
2024-11-19 15:22:57.127,22886,22888,22885,5,-5
2024-11-19 15:22:57.523,22884,22885,22884,3,-3
2024-11-19 15:22:57.524,22884,22885,22883,1,-1
2024-11-19 15:22:57.525,22884,22885,22883,3,-3
2024-11-19 15:22:57.637,22884,22885,22883,1,-1
2024-11-19 15:23:02.132,22881,22883,22881,1,-1
2024-11-19 15:23:08.318,22881,22883,22883,1,1
2024-11-19 15:23:09.744,22881,22882,22882,1,1
2024-11-19 15:23:11.237,22881,22882,22881,1,-1
2024-11-19 15:23:11.601,22880,22882,22880,1,-1
2024-11-19 15:23:11.654,22880,22882,22885,1,1
2024-11-19 15:23:11.654,22880,22882,22884,4,4
2024-11-19 15:23:11.654,22880,22882,22882,3,3
2024-11-19 15:23:11.654,22880,22882,22883,2,2
2024-11-19 15:23:12.992,22882,22885,22882,1,-1
2024-11-19 15:23:13.974,22884,22885,22884,1,-1
2024-11-19 15:23:18.962,22883,22884,22884,1,1
2024-11-19 15:23:19.542,22883,22885,22883,1,-1
2024-11-19 15:23:19.821,22882,22884,22884,1,1
2024-11-19 15:23:20.835,22882,22885,22885,3,3
2024-11-19 15:23:20.836,22882,22885,22885,2,2
2024-11-19 15:23:21.118,22885,22888,22888,1,1
2024-11-19 15:23:21.118,22885,22888,22888,3,3
2024-11-19 15:23:21.168,22888,22889,22886,2,-2
2024-11-19 15:23:21.168,22888,22889,22887,1,-1
2024-11-19 15:23:21.168,22888,22889,22887,2,-2
2024-11-19 15:23:21.168,22888,22889,22888,1,-1
2024-11-19 15:23:24.270,22887,22888,22887,1,-1
2024-11-19 15:23:26.136,22887,22888,22887,1,-1
2024-11-19 15:23:26.136,22887,22888,22886,1,-1
2024-11-19 15:23:27.845,22884,22886,22884,1,-1
2024-11-19 15:23:34.343,22883,22885,22882,2,-2
2024-11-19 15:23:37.352,22882,22883,22882,1,-1
2024-11-19 15:23:37.844,22882,22883,22882,2,-2
2024-11-19 15:23:37.844,22882,22883,22881,1,-1
2024-11-19 15:23:37.844,22882,22883,22880,1,-1
2024-11-19 15:23:43.798,22881,22883,22883,1,1
2024-11-19 15:23:43.834,22881,22883,22882,3,3
2024-11-19 15:23:47.677,22881,22883,22883,1,1
2024-11-19 15:23:52.953,22881,22883,22881,1,-1
2024-11-19 15:23:55.165,22881,22883,22883,1,1
2024-11-19 15:23:55.364,22884,22886,22884,1,-1
2024-11-19 15:23:59.247,22884,22886,22884,1,-1
2024-11-19 15:24:02.598,22885,22886,22886,3,3
2024-11-19 15:24:02.602,22885,22886,22888,1,1
2024-11-19 15:24:02.602,22885,22886,22888,4,4
2024-11-19 15:24:02.798,22888,22889,22888,1,-1
2024-11-19 15:24:02.944,22888,22889,22889,1,1
2024-11-19 15:24:04.164,22888,22889,22889,1,1
2024-11-19 15:24:04.165,22888,22889,22889,1,1
2024-11-19 15:24:04.728,22889,22890,22890,2,2
2024-11-19 15:24:04.851,22889,22890,22890,2,2
2024-11-19 15:24:04.851,22889,22890,22890,1,1
2024-11-19 15:24:04.871,22889,22890,22892,1,1
2024-11-19 15:24:04.884,22889,22890,22892,1,1
2024-11-19 15:24:04.884,22889,22890,22893,1,1
2024-11-19 15:24:04.884,22889,22890,22893,1,1
2024-11-19 15:24:04.884,22889,22890,22894,1,1
2024-11-19 15:24:04.910,22892,22894,22893,1,1
2024-11-19 15:24:04.926,22892,22894,22894,1,1
2024-11-19 15:24:04.950,22892,22894,22894,2,2
2024-11-19 15:24:04.950,22892,22894,22895,4,4
2024-11-19 15:24:04.955,22892,22894,22895,1,1
2024-11-19 15:24:05.033,22894,22896,22894,1,-1
2024-11-19 15:24:05.095,22894,22896,22894,1,-1
2024-11-19 15:24:05.311,22892,22893,22892,1,-1
2024-11-19 15:24:05.312,22892,22893,22891,2,-2
2024-11-19 15:24:05.621,22890,22891,22888,2,-2
2024-11-19 15:24:05.621,22890,22891,22890,1,-1
2024-11-19 15:24:05.621,22890,22891,22889,3,-3
2024-11-19 15:24:06.082,22885,22888,22888,1,1
2024-11-19 15:24:06.220,22885,22888,22888,2,2
2024-11-19 15:24:08.269,22886,22887,22886,1,-1
2024-11-19 15:24:08.339,22886,22887,22887,1,1
2024-11-19 15:24:11.321,22885,22888,22888,3,3
2024-11-19 15:24:15.568,22884,22887,22887,1,1
2024-11-19 15:24:16.352,22884,22888,22888,1,1
2024-11-19 15:24:16.801,22885,22888,22885,1,-1
2024-11-19 15:24:18.027,22884,22888,22885,1,-1
2024-11-19 15:24:19.404,22884,22888,22884,1,-1
2024-11-19 15:24:19.673,22884,22887,22887,1,1
2024-11-19 15:24:22.767,22888,22889,22889,1,1
2024-11-19 15:24:23.098,22888,22889,22889,2,2
2024-11-19 15:24:27.829,22890,22892,22890,1,-1
2024-11-19 15:24:30.260,22891,22892,22891,1,-1
2024-11-19 15:24:31.150,22891,22892,22892,1,1
2024-11-19 15:24:31.454,22891,22892,22892,1,1
2024-11-19 15:24:31.726,22891,22892,22892,1,1
2024-11-19 15:24:32.904,22891,22892,22892,2,2
2024-11-19 15:24:32.905,22891,22892,22893,6,6
2024-11-19 15:24:33.602,22893,22896,22896,1,1
2024-11-19 15:24:33.673,22893,22896,22896,1,1
2024-11-19 15:24:33.753,22893,22896,22894,1,-1
2024-11-19 15:24:33.775,22894,22896,22896,1,1
2024-11-19 15:24:34.067,22894,22896,22894,1,-1
2024-11-19 15:24:36.756,22893,22896,22896,1,1
2024-11-19 15:24:38.901,22893,22896,22896,1,1
2024-11-19 15:24:43.894,22891,22893,22893,1,1
2024-11-19 15:24:44.067,22891,22893,22893,1,1
2024-11-19 15:24:44.277,22893,22896,22896,2,2
2024-11-19 15:24:44.740,22893,22897,22897,2,2
2024-11-19 15:24:44.898,22894,22897,22897,6,6
2024-11-19 15:24:45.303,22895,22897,22897,1,1
2024-11-19 15:24:45.677,22895,22896,22895,1,-1
2024-11-19 15:24:45.677,22895,22896,22894,4,-4
2024-11-19 15:24:48.234,22893,22895,22893,2,-2
2024-11-19 15:24:48.234,22893,22895,22892,1,-1
2024-11-19 15:24:50.443,22892,22895,22892,1,-1
2024-11-19 15:24:51.946,22892,22895,22894,1,1
2024-11-19 15:24:52.260,22892,22894,22894,1,1
2024-11-19 15:24:52.398,22892,22894,22894,1,1
2024-11-19 15:24:53.043,22893,22894,22894,1,1
2024-11-19 15:24:53.100,22893,22894,22893,1,-1
2024-11-19 15:24:53.245,22892,22894,22894,1,1
2024-11-19 15:24:53.770,22892,22894,22894,1,1
2024-11-19 15:24:53.770,22892,22894,22895,6,6
2024-11-19 15:24:53.770,22892,22894,22896,8,8
2024-11-19 15:24:53.771,22892,22894,22896,2,2
2024-11-19 15:24:53.772,22892,22894,22896,1,1
2024-11-19 15:24:53.772,22892,22894,22896,4,4
2024-11-19 15:24:53.772,22892,22894,22896,10,10
2024-11-19 15:24:53.772,22892,22894,22896,18,18
2024-11-19 15:24:53.802,22892,22894,22897,4,4
2024-11-19 15:24:53.802,22892,22894,22896,2,2
2024-11-19 15:24:54.067,22894,22897,22894,1,-1
2024-11-19 15:24:54.316,22894,22897,22894,1,-1
2024-11-19 15:24:56.283,22894,22896,22896,2,2
2024-11-19 15:24:59.064,22895,22896,22895,1,-1
2024-11-19 15:25:00.307,22895,22896,22896,1,1
2024-11-19 15:25:00.655,22895,22898,22898,1,1
2024-11-19 15:25:00.680,22895,22898,22898,1,1
2024-11-19 15:25:00.879,22896,22897,22895,1,-1
2024-11-19 15:25:00.965,22894,22895,22895,1,1
2024-11-19 15:25:00.965,22894,22895,22897,1,1
2024-11-19 15:25:03.038,22893,22896,22899,1,1
2024-11-19 15:25:03.730,22896,22898,22896,3,-3
2024-11-19 15:25:06.176,22896,22898,22897,1,-1
2024-11-19 15:25:07.375,22897,22898,22897,1,-1
2024-11-19 15:25:09.541,22896,22898,22896,1,-1
2024-11-19 15:25:10.198,22896,22898,22898,7,7
2024-11-19 15:25:10.199,22896,22898,22899,2,2
2024-11-19 15:25:10.199,22896,22898,22899,3,3
2024-11-19 15:25:10.200,22896,22898,22899,1,1
2024-11-19 15:25:10.200,22896,22898,22899,1,1
2024-11-19 15:25:10.200,22896,22898,22899,2,2
2024-11-19 15:25:10.200,22896,22898,22899,1,1
2024-11-19 15:25:10.200,22896,22898,22899,1,1
2024-11-19 15:25:10.200,22896,22898,22898,2,2
2024-11-19 15:25:10.200,22896,22898,22899,1,1
2024-11-19 15:25:10.200,22896,22898,22899,2,2
2024-11-19 15:25:10.200,22896,22898,22899,1,1
2024-11-19 15:25:10.200,22896,22898,22899,1,1
2024-11-19 15:25:10.200,22896,22898,22899,1,1
2024-11-19 15:25:10.201,22896,22898,22898,2,2
2024-11-19 15:25:10.201,22896,22898,22899,1,1
2024-11-19 15:25:10.201,22896,22898,22899,1,1
2024-11-19 15:25:10.201,22896,22898,22899,1,1
2024-11-19 15:25:10.244,22896,22898,22897,1,1
2024-11-19 15:25:10.248,22896,22898,22896,2,-2
2024-11-19 15:25:10.967,22893,22896,22896,1,1
2024-11-19 15:25:11.454,22893,22896,22896,1,1
2024-11-19 15:25:13.506,22893,22895,22895,1,1
2024-11-19 15:25:15.231,22893,22895,22895,5,5
2024-11-19 15:25:18.891,22893,22896,22893,1,-1
2024-11-19 15:25:19.209,22893,22896,22894,1,-1
2024-11-19 15:25:21.432,22895,22896,22895,3,-3
2024-11-19 15:25:22.768,22895,22896,22895,1,-1
2024-11-19 15:25:22.772,22895,22896,22895,1,-1
2024-11-19 15:25:22.773,22895,22896,22895,5,-5
2024-11-19 15:25:25.567,22894,22895,22894,1,-1
2024-11-19 15:25:26.071,22893,22895,22895,1,1
2024-11-19 15:25:26.898,22893,22895,22895,1,1
2024-11-19 15:25:27.675,22894,22896,22894,1,-1
2024-11-19 15:25:28.434,22893,22896,22893,1,-1
2024-11-19 15:25:31.216,22892,22894,22892,1,-1
2024-11-19 15:25:34.547,22892,22894,22892,1,-1
2024-11-19 15:25:34.547,22892,22894,22892,1,-1
2024-11-19 15:25:34.547,22892,22894,22892,15,-15
2024-11-19 15:25:36.356,22890,22891,22890,1,-1
2024-11-19 15:25:36.356,22890,22891,22890,1,-1
2024-11-19 15:25:36.357,22890,22891,22890,1,-1
2024-11-19 15:25:36.357,22890,22891,22890,1,-1
2024-11-19 15:25:36.358,22890,22891,22890,1,-1
2024-11-19 15:25:36.362,22890,22891,22890,1,-1
2024-11-19 15:25:36.362,22890,22891,22890,1,-1
2024-11-19 15:25:36.367,22890,22891,22890,1,-1
2024-11-19 15:25:36.375,22890,22891,22890,15,-15
2024-11-19 15:25:36.375,22890,22891,22890,1,-1
2024-11-19 15:25:36.375,22890,22891,22890,1,-1
2024-11-19 15:25:36.856,22888,22891,22891,6,6
2024-11-19 15:25:37.319,22889,22891,22889,1,-1
2024-11-19 15:25:39.826,22889,22891,22889,1,-1
2024-11-19 15:25:40.411,22889,22891,22891,1,1
2024-11-19 15:25:43.895,22890,22891,22891,1,1
2024-11-19 15:25:44.698,22891,22892,22891,1,-1
2024-11-19 15:25:45.998,22891,22892,22891,1,-1
2024-11-19 15:25:48.958,22889,22891,22889,4,-4
2024-11-19 15:25:49.236,22888,22890,22888,1,-1
2024-11-19 15:25:51.725,22887,22889,22887,1,-1
2024-11-19 15:25:51.832,22887,22889,22887,1,-1
2024-11-19 15:25:52.463,22886,22889,22886,1,-1
2024-11-19 15:25:53.997,22886,22889,22886,1,-1
2024-11-19 15:25:54.431,22886,22889,22886,1,-1
2024-11-19 15:25:54.497,22886,22889,22886,1,-1
2024-11-19 15:25:55.665,22887,22888,22887,1,-1
2024-11-19 15:25:56.621,22885,22888,22885,1,-1
2024-11-19 15:25:57.222,22885,22887,22885,1,-1
2024-11-19 15:25:58.247,22885,22887,22885,1,-1
2024-11-19 15:25:59.288,22885,22886,22885,1,-1
2024-11-19 15:26:00.600,22885,22888,22888,3,3
2024-11-19 15:26:02.196,22884,22887,22887,1,1
2024-11-19 15:26:05.092,22885,22887,22885,1,-1
2024-11-19 15:26:07.482,22885,22887,22885,1,-1
2024-11-19 15:26:10.519,22885,22887,22885,3,-3
2024-11-19 15:26:10.689,22885,22887,22885,1,-1
2024-11-19 15:26:11.685,22884,22885,22884,1,-1
2024-11-19 15:26:13.791,22884,22885,22884,1,-1
2024-11-19 15:26:14.864,22883,22884,22884,1,1
2024-11-19 15:26:14.976,22883,22885,22885,1,1
2024-11-19 15:26:16.628,22883,22885,22885,4,4
2024-11-19 15:26:18.674,22885,22887,22887,2,2
2024-11-19 15:26:19.443,22885,22887,22885,1,-1
2024-11-19 15:26:19.817,22885,22887,22884,4,-4
2024-11-19 15:26:19.817,22885,22887,22885,1,-1
2024-11-19 15:26:20.033,22884,22886,22884,1,-1
2024-11-19 15:26:22.081,22884,22886,22884,1,-1
2024-11-19 15:26:23.495,22884,22886,22884,1,-1
2024-11-19 15:26:24.205,22884,22886,22886,1,1
2024-11-19 15:26:25.139,22885,22887,22885,1,-1
2024-11-19 15:26:27.220,22885,22887,22885,2,-2
2024-11-19 15:26:27.559,22885,22887,22887,3,3
2024-11-19 15:26:27.559,22885,22887,22888,1,1
2024-11-19 15:26:29.367,22888,22889,22889,2,2
2024-11-19 15:26:29.367,22888,22889,22890,3,3
2024-11-19 15:26:32.447,22890,22891,22890,1,-1
2024-11-19 15:26:33.087,22890,22891,22891,1,1
2024-11-19 15:26:34.867,22890,22891,22891,1,1
2024-11-19 15:26:35.508,22890,22892,22890,1,-1
2024-11-19 15:26:39.259,22890,22891,22890,1,-1
2024-11-19 15:26:39.499,22890,22891,22890,1,-1
2024-11-19 15:26:42.366,22889,22891,22889,1,-1
2024-11-19 15:26:42.479,22889,22891,22889,1,-1
2024-11-19 15:26:42.719,22888,22891,22888,2,-2
2024-11-19 15:26:50.723,22888,22890,22888,1,-1
2024-11-19 15:26:50.824,22887,22889,22887,1,-1
2024-11-19 15:27:00.873,22884,22886,22884,1,-1
2024-11-19 15:27:01.260,22883,22886,22886,1,1
2024-11-19 15:27:05.823,22883,22885,22883,11,-11
2024-11-19 15:27:05.823,22883,22885,22882,3,-3
2024-11-19 15:27:05.823,22883,22885,22882,1,-1
2024-11-19 15:27:06.298,22881,22883,22881,1,-1
2024-11-19 15:27:06.298,22881,22883,22881,2,-2
2024-11-19 15:27:08.341,22880,22882,22880,3,-3
2024-11-19 15:27:09.715,22880,22881,22880,1,-1
2024-11-19 15:27:09.715,22880,22881,22879,4,-4
2024-11-19 15:27:12.408,22878,22880,22878,1,-1
2024-11-19 15:27:14.872,22878,22880,22878,4,-4
2024-11-19 15:27:15.675,22879,22880,22880,1,1
2024-11-19 15:27:15.954,22879,22880,22880,1,1
2024-11-19 15:27:15.954,22879,22880,22881,1,1
2024-11-19 15:27:17.266,22879,22880,22879,1,-1
2024-11-19 15:27:18.464,22878,22879,22879,2,2
2024-11-19 15:27:26.584,22879,22880,22880,1,1
2024-11-19 15:27:26.975,22879,22880,22880,1,1
2024-11-19 15:27:26.980,22879,22880,22880,1,1
2024-11-19 15:27:27.187,22879,22881,22879,1,-1
2024-11-19 15:27:27.533,22879,22880,22879,1,-1
2024-11-19 15:27:27.533,22879,22880,22879,1,-1
2024-11-19 15:27:27.534,22879,22880,22879,1,-1
2024-11-19 15:27:27.535,22879,22880,22878,1,-1
2024-11-19 15:27:27.535,22879,22880,22878,2,-2
2024-11-19 15:27:28.545,22876,22879,22876,1,-1
2024-11-19 15:27:29.869,22875,22877,22875,1,-1
2024-11-19 15:27:30.013,22875,22877,22875,1,-1
2024-11-19 15:27:30.916,22875,22877,22875,1,-1
2024-11-19 15:27:31.366,22875,22878,22877,1,1
2024-11-19 15:27:31.381,22875,22878,22876,1,-1
2024-11-19 15:27:31.719,22876,22879,22876,2,-2
2024-11-19 15:27:31.909,22876,22878,22876,1,-1
2024-11-19 15:27:31.951,22876,22878,22876,1,-1
2024-11-19 15:27:34.843,22877,22878,22877,1,-1
2024-11-19 15:27:34.933,22876,22878,22876,1,-1
2024-11-19 15:27:37.484,22875,22878,22876,1,-1
2024-11-19 15:27:38.576,22875,22877,22875,1,-1
2024-11-19 15:27:40.625,22875,22877,22875,2,-2
2024-11-19 15:27:43.614,22875,22878,22875,1,-1
2024-11-19 15:27:44.766,22875,22878,22876,3,-3
2024-11-19 15:27:45.609,22876,22878,22876,2,-2
2024-11-19 15:27:45.609,22876,22878,22875,2,-2
2024-11-19 15:27:46.089,22875,22878,22875,1,-1
2024-11-19 15:27:46.254,22875,22877,22875,1,-1
2024-11-19 15:27:48.746,22875,22877,22877,1,1
2024-11-19 15:27:50.236,22876,22878,22876,1,-1
2024-11-19 15:27:52.613,22875,22878,22875,1,-1
2024-11-19 15:27:52.869,22875,22878,22876,1,-1
2024-11-19 15:27:53.186,22876,22878,22878,1,1
2024-11-19 15:27:53.186,22876,22878,22878,6,6
2024-11-19 15:27:53.210,22876,22878,22879,2,2
2024-11-19 15:27:54.253,22878,22881,22878,2,-2
2024-11-19 15:27:58.196,22878,22881,22881,2,2
2024-11-19 15:27:58.199,22878,22881,22881,1,1
2024-11-19 15:27:58.256,22878,22881,22881,1,1
2024-11-19 15:28:00.856,22880,22883,22880,2,-2
2024-11-19 15:28:01.178,22880,22882,22883,4,4
2024-11-19 15:28:01.178,22880,22882,22884,1,1
2024-11-19 15:28:01.196,22880,22882,22884,1,1
2024-11-19 15:28:01.196,22880,22882,22885,2,2
2024-11-19 15:28:01.211,22880,22882,22886,1,1
2024-11-19 15:28:01.273,22885,22887,22888,4,4
2024-11-19 15:28:01.273,22885,22887,22887,1,1
2024-11-19 15:28:01.388,22885,22887,22886,3,3
2024-11-19 15:28:01.388,22885,22887,22885,2,-2
2024-11-19 15:28:01.388,22885,22887,22884,1,-1
2024-11-19 15:28:01.900,22883,22884,22883,1,-1
2024-11-19 15:28:09.767,22876,22879,22879,1,1
2024-11-19 15:28:18.021,22877,22880,22880,1,1
2024-11-19 15:28:20.593,22877,22880,22880,5,5
2024-11-19 15:28:20.596,22877,22880,22880,1,1
2024-11-19 15:28:20.733,22880,22881,22881,1,1
2024-11-19 15:28:21.142,22880,22883,22880,1,-1
2024-11-19 15:28:21.465,22880,22882,22880,1,-1
2024-11-19 15:28:23.321,22879,22882,22882,1,1
2024-11-19 15:28:23.724,22879,22882,22879,1,-1
2024-11-19 15:28:27.584,22879,22881,22881,1,1
2024-11-19 15:28:28.443,22882,22883,22883,1,1
2024-11-19 15:28:44.763,22883,22885,22883,1,-1
2024-11-19 15:29:05.009,22883,22885,22885,1,1
2024-11-19 15:29:05.009,22883,22885,22885,1,1
2024-11-19 15:29:06.606,22885,22886,22886,1,1
2024-11-19 15:29:07.449,22885,22886,22886,1,1
2024-11-19 15:29:07.449,22885,22886,22886,2,2
2024-11-19 15:29:12.867,22886,22887,22886,1,-1
2024-11-19 15:29:17.340,22885,22887,22886,1,-1
2024-11-19 15:29:21.062,22887,22889,22889,1,1
2024-11-19 15:29:21.147,22886,22889,22889,1,1
2024-11-19 15:29:21.147,22886,22889,22889,1,1
2024-11-19 15:29:23.952,22887,22889,22890,3,3
2024-11-19 15:29:23.952,22887,22889,22889,2,2
2024-11-19 15:29:24.911,22888,22889,22889,1,1
2024-11-19 15:29:24.911,22888,22889,22890,1,1
2024-11-19 15:29:24.911,22888,22889,22891,3,3
2024-11-19 15:29:25.857,22887,22890,22887,1,-1
2024-11-19 15:29:27.159,22885,22888,22888,1,1
2024-11-19 15:29:27.916,22886,22889,22889,1,1
2024-11-19 15:29:30.247,22886,22889,22889,1,1
2024-11-19 15:29:33.259,22887,22889,22889,1,1
2024-11-19 15:29:34.958,22887,22889,22887,1,-1
2024-11-19 15:29:34.960,22887,22889,22886,1,-1
2024-11-19 15:29:35.717,22885,22888,22888,1,1
2024-11-19 15:29:36.629,22885,22887,22888,1,1
2024-11-19 15:29:36.646,22885,22888,22888,1,1
2024-11-19 15:29:39.424,22885,22888,22885,2,-2
2024-11-19 15:29:39.424,22885,22888,22884,3,-3
2024-11-19 15:29:40.365,22883,22886,22886,1,1
2024-11-19 15:29:40.536,22883,22886,22883,4,-4
2024-11-19 15:29:40.536,22883,22886,22882,1,-1
2024-11-19 15:29:41.155,22882,22885,22882,1,-1
2024-11-19 15:29:41.426,22882,22885,22882,1,-1
2024-11-19 15:29:55.884,22883,22886,22883,2,-2
2024-11-19 15:29:56.264,22883,22885,22883,1,-1
2024-11-19 15:30:01.138,22885,22888,22886,2,-2
2024-11-19 15:30:01.432,22886,22889,22889,1,1
2024-11-19 15:30:01.458,22886,22889,22890,3,3
2024-11-19 15:30:01.458,22886,22889,22889,1,1
2024-11-19 15:30:01.466,22886,22889,22891,4,4
2024-11-19 15:30:01.489,22886,22889,22891,3,3
2024-11-19 15:30:01.489,22886,22889,22891,1,1
2024-11-19 15:30:01.569,22891,22892,22892,2,2
2024-11-19 15:30:01.592,22891,22892,22893,1,1
2024-11-19 15:30:01.707,22892,22894,22894,1,1
2024-11-19 15:30:01.901,22892,22894,22892,1,-1
2024-11-19 15:30:02.463,22891,22893,22891,1,-1
2024-11-19 15:30:04.617,22892,22894,22894,3,3
2024-11-19 15:30:06.991,22891,22893,22891,1,-1
2024-11-19 15:30:07.033,22891,22893,22891,1,-1
2024-11-19 15:30:07.395,22889,22892,22892,5,5
2024-11-19 15:30:11.070,22890,22893,22890,1,-1
2024-11-19 15:30:11.172,22890,22893,22893,5,5
2024-11-19 15:30:14.997,22892,22894,22894,2,2
2024-11-19 15:30:15.032,22893,22894,22893,1,-1
2024-11-19 15:30:16.366,22892,22894,22893,1,-1
2024-11-19 15:30:18.409,22892,22894,22892,2,-2
2024-11-19 15:30:18.781,22890,22893,22892,1,1
2024-11-19 15:30:20.314,22890,22893,22893,1,1
2024-11-19 15:30:20.971,22891,22893,22891,1,-1
2024-11-19 15:30:21.166,22890,22893,22893,1,1
2024-11-19 15:30:21.801,22891,22893,22893,1,1
2024-11-19 15:30:21.801,22891,22893,22894,1,1
2024-11-19 15:30:23.753,22892,22894,22892,1,-1
2024-11-19 15:30:24.377,22892,22894,22894,1,1
2024-11-19 15:30:25.702,22892,22894,22894,2,2
2024-11-19 15:30:27.033,22894,22895,22894,2,-2
2024-11-19 15:30:28.362,22894,22895,22899,14,14
2024-11-19 15:30:28.362,22894,22895,22898,13,13
2024-11-19 15:30:28.362,22894,22895,22897,10,10
2024-11-19 15:30:28.362,22894,22895,22896,11,11
2024-11-19 15:30:28.362,22894,22895,22895,7,7
2024-11-19 15:30:28.364,22894,22895,22898,1,1
2024-11-19 15:30:28.364,22894,22895,22899,5,5
2024-11-19 15:30:28.364,22894,22895,22899,3,3
2024-11-19 15:30:28.364,22894,22895,22899,5,5
2024-11-19 15:30:28.364,22894,22895,22899,6,6
2024-11-19 15:30:28.364,22894,22895,22899,1,1
2024-11-19 15:30:28.365,22894,22895,22899,7,7
2024-11-19 15:30:28.367,22894,22895,22900,9,9
2024-11-19 15:30:28.368,22894,22895,22901,1,1
2024-11-19 15:30:28.368,22894,22895,22901,1,1
2024-11-19 15:30:28.371,22894,22895,22901,2,2
2024-11-19 15:30:28.478,22900,22902,22901,1,1
2024-11-19 15:30:28.478,22900,22902,22901,2,2
2024-11-19 15:30:28.554,22900,22901,22901,2,2
2024-11-19 15:30:28.621,22900,22901,22900,2,-2
2024-11-19 15:30:29.062,22899,22901,22899,2,-2
2024-11-19 15:30:30.464,22898,22899,22899,1,1
2024-11-19 15:30:30.511,22898,22899,22899,1,1
2024-11-19 15:30:36.236,22897,22899,22897,1,-1
2024-11-19 15:30:36.735,22897,22899,22899,2,2
2024-11-19 15:30:36.923,22898,22900,22900,1,1
2024-11-19 15:30:36.976,22898,22900,22899,1,1
2024-11-19 15:30:37.139,22899,22900,22899,1,-1
2024-11-19 15:30:38.139,22899,22902,22899,1,-1
2024-11-19 15:30:40.130,22899,22902,22900,1,-1
2024-11-19 15:30:41.046,22899,22902,22899,1,-1
2024-11-19 15:30:42.125,22899,22901,22899,2,-2
2024-11-19 15:30:42.308,22897,22898,22897,2,-2
2024-11-19 15:30:44.275,22895,22896,22895,2,-2
2024-11-19 15:30:44.863,22894,22896,22896,1,1
2024-11-19 15:30:44.864,22894,22896,22896,3,3
2024-11-19 15:30:48.618,22892,22894,22894,1,1
2024-11-19 15:30:48.802,22892,22894,22892,1,-1
2024-11-19 15:30:53.058,22892,22894,22892,1,-1
2024-11-19 15:30:53.831,22892,22893,22893,1,1
2024-11-19 15:30:57.903,22893,22895,22895,1,1
2024-11-19 15:30:57.903,22893,22895,22896,2,2
2024-11-19 15:31:02.508,22896,22898,22896,3,-3
2024-11-19 15:31:02.546,22894,22896,22896,1,1
2024-11-19 15:31:09.475,22895,22896,22896,1,1
2024-11-19 15:31:09.521,22895,22898,22898,1,1
2024-11-19 15:31:09.521,22895,22898,22898,1,1
2024-11-19 15:31:09.522,22895,22898,22898,1,1
2024-11-19 15:31:09.522,22895,22898,22898,1,1
2024-11-19 15:31:09.522,22895,22898,22898,1,1
2024-11-19 15:31:12.934,22897,22900,22900,1,1
2024-11-19 15:31:13.022,22899,22901,22901,1,1
2024-11-19 15:31:13.023,22899,22901,22901,1,1
2024-11-19 15:31:13.023,22899,22901,22901,1,1
2024-11-19 15:31:13.030,22899,22901,22901,1,1
2024-11-19 15:31:15.623,22898,22900,22900,1,1
2024-11-19 15:31:21.322,22900,22901,22900,1,-1
2024-11-19 15:31:26.787,22900,22902,22902,1,1
2024-11-19 15:31:26.896,22900,22902,22902,1,1
2024-11-19 15:31:26.897,22900,22902,22902,1,1
2024-11-19 15:31:26.898,22900,22902,22902,1,1
2024-11-19 15:31:26.898,22900,22902,22902,1,1
2024-11-19 15:31:26.916,22900,22902,22903,1,1
2024-11-19 15:31:26.951,22900,22902,22902,1,1
2024-11-19 15:31:26.951,22900,22902,22903,1,1
2024-11-19 15:31:26.951,22900,22902,22904,3,3
2024-11-19 15:31:27.055,22901,22904,22904,1,1
2024-11-19 15:31:27.147,22901,22904,22904,1,1
2024-11-19 15:31:27.148,22901,22904,22904,1,1
2024-11-19 15:31:28.612,22901,22903,22901,1,-1
2024-11-19 15:31:35.313,22901,22902,22902,1,1
2024-11-19 15:31:37.063,22901,22902,22902,1,1
2024-11-19 15:31:37.080,22901,22902,22901,1,-1
2024-11-19 15:31:37.146,22901,22902,22902,1,1
2024-11-19 15:31:37.147,22901,22902,22902,1,1
2024-11-19 15:31:37.147,22901,22902,22902,1,1
2024-11-19 15:31:38.698,22901,22902,22902,2,2
2024-11-19 15:31:38.805,22902,22903,22902,1,-1
2024-11-19 15:31:39.486,22901,22903,22903,1,1
2024-11-19 15:31:40.038,22902,22904,22904,1,1
2024-11-19 15:31:40.141,22902,22904,22905,1,1
2024-11-19 15:31:40.172,22902,22905,22905,1,1
2024-11-19 15:31:41.756,22902,22905,22905,2,2
2024-11-19 15:31:42.533,22902,22904,22904,1,1
2024-11-19 15:31:43.453,22903,22905,22905,3,3
2024-11-19 15:31:43.912,22903,22906,22903,1,-1
2024-11-19 15:31:45.806,22902,22905,22902,1,-1
2024-11-19 15:31:46.537,22903,22905,22905,1,1
2024-11-19 15:31:49.782,22903,22905,22905,1,1
2024-11-19 15:31:54.579,22904,22905,22904,1,-1
2024-11-19 15:31:55.869,22903,22905,22903,1,-1
2024-11-19 15:31:55.869,22903,22905,22902,1,-1
2024-11-19 15:32:00.292,22902,22903,22903,2,2
2024-11-19 15:32:00.712,22902,22904,22904,1,1
2024-11-19 15:32:00.759,22902,22904,22904,2,2
2024-11-19 15:32:03.324,22902,22903,22902,3,-3
2024-11-19 15:32:05.616,22901,22903,22901,1,-1
2024-11-19 15:32:08.522,22901,22902,22901,1,-1
2024-11-19 15:32:08.523,22901,22902,22901,1,-1
2024-11-19 15:32:08.523,22901,22902,22901,1,-1
2024-11-19 15:32:08.523,22901,22902,22901,1,-1
2024-11-19 15:32:08.523,22901,22902,22901,1,-1
2024-11-19 15:32:08.751,22900,22901,22900,5,-5
2024-11-19 15:32:08.783,22899,22900,22899,1,-1
2024-11-19 15:32:08.793,22899,22900,22898,1,-1
2024-11-19 15:32:09.748,22897,22899,22897,1,-1
2024-11-19 15:32:13.961,22896,22898,22896,2,-2
2024-11-19 15:32:14.044,22894,22897,22897,1,1
2024-11-19 15:32:14.332,22894,22897,22897,1,1
2024-11-19 15:32:26.726,22895,22896,22896,5,5
2024-11-19 15:32:26.726,22895,22896,22897,1,1
2024-11-19 15:32:26.726,22895,22896,22898,1,1
2024-11-19 15:32:26.726,22895,22896,22898,4,4
2024-11-19 15:32:26.727,22895,22896,22899,1,1
2024-11-19 15:32:26.729,22895,22896,22900,1,1
2024-11-19 15:32:27.482,22901,22903,22903,2,2
2024-11-19 15:32:27.482,22901,22903,22904,2,2
2024-11-19 15:32:30.661,22902,22903,22902,1,-1
2024-11-19 15:32:38.398,22900,22903,22903,3,3
2024-11-19 15:32:44.834,22901,22903,22903,4,4
2024-11-19 15:32:44.834,22901,22903,22904,3,3
2024-11-19 15:32:44.834,22901,22903,22905,8,8
2024-11-19 15:32:44.834,22901,22903,22906,18,18
2024-11-19 15:32:44.834,22901,22903,22907,7,7
2024-11-19 15:32:44.837,22901,22903,22908,1,1
2024-11-19 15:32:44.838,22901,22903,22908,2,2
2024-11-19 15:32:44.838,22901,22903,22908,2,2
2024-11-19 15:32:44.838,22901,22903,22908,2,2
2024-11-19 15:32:44.838,22901,22903,22908,2,2
2024-11-19 15:32:44.839,22901,22903,22908,1,1
2024-11-19 15:32:44.883,22901,22903,22909,1,1
2024-11-19 15:32:44.905,22908,22910,22910,1,1
2024-11-19 15:32:44.927,22908,22910,22910,1,1
2024-11-19 15:32:45.037,22907,22909,22909,1,1
2024-11-19 15:32:45.618,22907,22909,22909,1,1
2024-11-19 15:32:45.676,22908,22910,22910,1,1
2024-11-19 15:32:45.937,22908,22910,22910,1,1
2024-11-19 15:32:46.109,22908,22910,22908,1,-1
2024-11-19 15:32:46.388,22907,22910,22910,1,1
2024-11-19 15:32:48.765,22908,22909,22908,1,-1
2024-11-19 15:32:49.076,22907,22909,22909,1,1
2024-11-19 15:32:49.278,22907,22909,22909,1,1
2024-11-19 15:32:49.300,22907,22909,22910,1,1
2024-11-19 15:32:50.886,22907,22909,22910,1,1
2024-11-19 15:32:51.673,22907,22909,22907,14,-14
2024-11-19 15:32:51.673,22907,22909,22907,1,-1
2024-11-19 15:32:51.673,22907,22909,22907,1,-1
2024-11-19 15:32:51.673,22907,22909,22907,1,-1
2024-11-19 15:32:51.674,22907,22909,22906,1,-1
2024-11-19 15:32:51.701,22907,22909,22907,1,-1
2024-11-19 15:32:51.701,22907,22909,22908,1,-1
2024-11-19 15:32:53.785,22907,22908,22907,1,-1
2024-11-19 15:32:54.270,22904,22906,22906,1,1
2024-11-19 15:32:54.566,22905,22906,22906,1,1
2024-11-19 15:32:54.610,22905,22906,22906,1,1
2024-11-19 15:32:54.610,22905,22906,22906,1,1
2024-11-19 15:32:54.610,22905,22906,22906,1,1
2024-11-19 15:32:54.610,22905,22906,22906,1,1
2024-11-19 15:32:56.837,22906,22908,22908,2,2
2024-11-19 15:32:57.272,22907,22908,22908,1,1
2024-11-19 15:32:57.408,22908,22909,22909,1,1
2024-11-19 15:32:58.891,22907,22908,22907,1,-1
2024-11-19 15:33:07.384,22906,22907,22907,1,1
2024-11-19 15:33:08.330,22906,22908,22906,2,-2
2024-11-19 15:33:10.445,22907,22908,22907,2,-2
2024-11-19 15:33:10.452,22907,22908,22906,1,-1
2024-11-19 15:33:10.452,22907,22908,22906,1,-1
2024-11-19 15:33:10.453,22907,22908,22906,1,-1
2024-11-19 15:33:11.840,22906,22908,22908,3,3
2024-11-19 15:33:17.809,22907,22908,22908,1,1
2024-11-19 15:33:17.809,22907,22908,22908,1,1
2024-11-19 15:33:17.810,22907,22908,22908,1,1
2024-11-19 15:33:17.878,22907,22908,22908,1,1
2024-11-19 15:33:20.197,22907,22908,22907,2,-2
2024-11-19 15:33:20.240,22907,22908,22906,1,-1
2024-11-19 15:33:26.356,22904,22906,22904,1,-1
2024-11-19 15:33:30.590,22905,22906,22905,1,-1
2024-11-19 15:33:39.407,22905,22906,22906,1,1
2024-11-19 15:33:41.783,22904,22906,22904,2,-2
2024-11-19 15:33:41.784,22904,22906,22904,2,-2
2024-11-19 15:33:41.786,22904,22906,22903,1,-1
2024-11-19 15:33:41.786,22904,22906,22903,1,-1
2024-11-19 15:33:41.786,22904,22906,22903,1,-1
2024-11-19 15:33:46.150,22902,22904,22902,1,-1
2024-11-19 15:33:47.755,22901,22903,22903,1,1
2024-11-19 15:33:50.036,22903,22905,22903,1,-1
2024-11-19 15:33:51.077,22903,22905,22905,1,1
2024-11-19 15:33:52.959,22904,22906,22904,5,-5
2024-11-19 15:33:58.884,22902,22903,22904,2,2
2024-11-19 15:33:58.884,22902,22903,22903,1,1
2024-11-19 15:33:58.908,22904,22905,22904,1,-1
2024-11-19 15:33:59.366,22902,22905,22902,1,-1
2024-11-19 15:34:07.093,22903,22904,22904,2,2
2024-11-19 15:34:07.093,22903,22904,22905,1,1
2024-11-19 15:34:07.168,22903,22905,22905,1,1
2024-11-19 15:34:07.210,22903,22905,22904,1,1
2024-11-19 15:34:07.211,22903,22905,22905,2,2
2024-11-19 15:34:09.614,22903,22905,22903,2,-2
2024-11-19 15:34:09.614,22903,22905,22902,3,-3
2024-11-19 15:34:11.804,22905,22907,22907,4,4
2024-11-19 15:34:11.804,22905,22907,22908,1,1
2024-11-19 15:34:12.185,22905,22908,22908,1,1
2024-11-19 15:34:14.844,22905,22907,22905,4,-4
2024-11-19 15:34:14.848,22905,22907,22905,2,-2
2024-11-19 15:34:14.848,22905,22907,22906,2,-2
2024-11-19 15:34:16.252,22905,22908,22908,1,1
2024-11-19 15:34:21.687,22906,22907,22906,3,-3
2024-11-19 15:34:21.687,22906,22907,22906,2,-2
2024-11-19 15:34:23.517,22905,22907,22907,1,1
2024-11-19 15:34:23.621,22906,22907,22906,1,-1
2024-11-19 15:34:31.095,22902,22903,22903,1,1
2024-11-19 15:34:31.237,22902,22903,22903,1,1
2024-11-19 15:34:31.398,22902,22903,22903,1,1
2024-11-19 15:34:40.446,22902,22904,22902,4,-4
2024-11-19 15:34:40.446,22902,22904,22901,1,-1
2024-11-19 15:34:44.861,22902,22903,22902,1,-1
2024-11-19 15:34:48.837,22902,22903,22902,1,-1
2024-11-19 15:34:54.789,22902,22903,22902,3,-3
2024-11-19 15:34:58.413,22901,22902,22901,1,-1
2024-11-19 15:34:58.413,22901,22902,22901,3,-3
2024-11-19 15:34:59.271,22900,22902,22900,2,-2
2024-11-19 15:34:59.271,22900,22902,22899,1,-1
2024-11-19 15:35:01.827,22898,22899,22898,1,-1
2024-11-19 15:35:04.269,22898,22901,22901,2,2
2024-11-19 15:35:04.620,22900,22901,22900,1,-1
2024-11-19 15:35:10.404,22900,22901,22901,1,1
2024-11-19 15:35:10.404,22900,22901,22901,1,1
2024-11-19 15:35:10.834,22901,22902,22901,1,-1
2024-11-19 15:35:12.975,22901,22902,22902,9,9
2024-11-19 15:35:12.976,22901,22902,22903,1,1
2024-11-19 15:35:13.025,22903,22905,22903,3,-3
2024-11-19 15:35:13.027,22903,22905,22903,1,-1
2024-11-19 15:35:13.027,22903,22905,22902,2,-2
2024-11-19 15:35:13.034,22903,22905,22904,1,-1
2024-11-19 15:35:13.034,22903,22905,22905,6,6
2024-11-19 15:35:13.034,22903,22905,22905,1,1
2024-11-19 15:35:13.035,22903,22905,22905,1,1
2024-11-19 15:35:13.035,22903,22905,22905,1,1
2024-11-19 15:35:13.035,22903,22905,22905,5,5
2024-11-19 15:35:13.581,22902,22905,22905,1,1
2024-11-19 15:35:15.250,22903,22905,22905,1,1
2024-11-19 15:35:15.250,22903,22905,22905,9,9
2024-11-19 15:35:17.213,22902,22904,22904,1,1
2024-11-19 15:35:21.152,22904,22906,22906,1,1
2024-11-19 15:35:26.299,22905,22907,22906,1,1
2024-11-19 15:35:26.300,22905,22907,22906,1,1
2024-11-19 15:35:26.825,22905,22907,22905,1,-1
2024-11-19 15:35:26.825,22905,22907,22905,3,-3
2024-11-19 15:35:26.859,22905,22907,22906,2,-2
