2024-09-25 15:00:00.057,22770,22771,22766,93,-93
2024-09-25 15:00:00.059,22765,22766,22765,2,-2
2024-09-25 15:00:00.060,22765,22766,22766,4,4
2024-09-25 15:00:00.060,22765,22766,22767,6,6
2024-09-25 15:00:00.119,22763,22767,22763,4,-4
2024-09-25 15:00:00.119,22763,22767,22761,1,-1
2024-09-25 15:00:00.119,22763,22767,22760,2,-2
2024-09-25 15:00:00.126,22763,22767,22763,1,-1
2024-09-25 15:00:00.151,22762,22766,22762,1,-1
2024-09-25 15:00:00.164,22762,22766,22760,2,-2
2024-09-25 15:00:00.165,22762,22766,22760,2,-2
2024-09-25 15:00:00.288,22759,22761,22759,1,-1
2024-09-25 15:00:00.301,22759,22761,22759,1,-1
2024-09-25 15:00:00.301,22759,22761,22759,3,-3
2024-09-25 15:00:00.333,22759,22761,22759,3,-3
2024-09-25 15:00:00.333,22759,22761,22759,1,-1
2024-09-25 15:00:00.333,22759,22761,22759,1,-1
2024-09-25 15:00:00.355,22759,22761,22758,1,-1
2024-09-25 15:00:00.355,22759,22761,22757,1,-1
2024-09-25 15:00:00.355,22759,22761,22759,2,-2
2024-09-25 15:00:00.357,22759,22761,22760,2,-2
2024-09-25 15:00:00.359,22759,22761,22762,1,1
2024-09-25 15:00:00.360,22759,22761,22760,1,1
2024-09-25 15:00:00.367,22759,22761,22759,1,-1
2024-09-25 15:00:00.428,22759,22763,22760,1,-1
2024-09-25 15:00:00.429,22759,22763,22760,1,-1
2024-09-25 15:00:00.429,22759,22763,22759,1,-1
2024-09-25 15:00:00.429,22759,22763,22758,1,-1
2024-09-25 15:00:00.434,22759,22763,22759,1,-1
2024-09-25 15:00:00.449,22759,22763,22759,1,-1
2024-09-25 15:00:00.460,22759,22763,22762,1,1
2024-09-25 15:00:00.461,22759,22763,22759,1,-1
2024-09-25 15:00:00.461,22759,22763,22758,1,-1
2024-09-25 15:00:00.461,22759,22763,22760,1,-1
2024-09-25 15:00:00.462,22759,22763,22759,1,-1
2024-09-25 15:00:00.468,22759,22763,22758,1,-1
2024-09-25 15:00:00.473,22759,22763,22757,1,-1
2024-09-25 15:00:00.474,22759,22763,22761,1,-1
2024-09-25 15:00:00.483,22759,22763,22762,1,1
2024-09-25 15:00:00.501,22759,22763,22758,1,-1
2024-09-25 15:00:00.501,22759,22763,22758,3,-3
2024-09-25 15:00:00.501,22759,22763,22759,3,-3
2024-09-25 15:00:00.546,22758,22761,22761,1,1
2024-09-25 15:00:00.546,22758,22761,22762,4,4
2024-09-25 15:00:00.546,22758,22761,22763,2,2
2024-09-25 15:00:00.546,22758,22761,22763,2,2
2024-09-25 15:00:00.546,22758,22761,22764,3,3
2024-09-25 15:00:00.546,22758,22761,22765,2,2
2024-09-25 15:00:00.559,22758,22761,22761,1,1
2024-09-25 15:00:00.559,22758,22761,22760,1,1
2024-09-25 15:00:00.581,22758,22761,22759,2,-2
2024-09-25 15:00:00.581,22758,22761,22760,1,1
2024-09-25 15:00:00.585,22758,22761,22759,1,-1
2024-09-25 15:00:00.629,22758,22761,22763,1,1
2024-09-25 15:00:00.629,22758,22761,22764,2,2
2024-09-25 15:00:00.629,22758,22761,22765,4,4
2024-09-25 15:00:00.668,22760,22764,22760,2,-2
2024-09-25 15:00:00.686,22760,22764,22759,1,-1
2024-09-25 15:00:00.699,22760,22764,22759,1,-1
2024-09-25 15:00:00.749,22760,22764,22761,1,-1
2024-09-25 15:00:00.842,22758,22762,22757,1,-1
2024-09-25 15:00:00.844,22758,22762,22758,1,-1
2024-09-25 15:00:00.861,22758,22762,22759,1,-1
2024-09-25 15:00:00.862,22758,22762,22757,2,-2
2024-09-25 15:00:00.897,22756,22759,22759,1,1
2024-09-25 15:00:01.093,22756,22759,22757,1,-1
2024-09-25 15:00:01.097,22756,22759,22756,3,-3
2024-09-25 15:00:01.186,22756,22758,22757,1,-1
2024-09-25 15:00:01.214,22756,22758,22757,1,-1
2024-09-25 15:00:01.230,22756,22758,22757,1,-1
2024-09-25 15:00:01.252,22756,22758,22756,1,-1
2024-09-25 15:00:01.256,22756,22758,22756,1,-1
2024-09-25 15:00:01.313,22756,22758,22756,7,-7
2024-09-25 15:00:01.328,22756,22758,22757,1,-1
2024-09-25 15:00:01.366,22756,22758,22755,2,-2
2024-09-25 15:00:01.671,22755,22757,22756,1,-1
2024-09-25 15:00:01.689,22755,22757,22757,1,1
2024-09-25 15:00:01.778,22755,22756,22755,1,-1
2024-09-25 15:00:01.909,22755,22756,22755,1,-1
2024-09-25 15:00:02.032,22754,22757,22754,1,-1
2024-09-25 15:00:02.033,22754,22757,22756,1,1
2024-09-25 15:00:02.034,22754,22757,22754,2,-2
2024-09-25 15:00:02.308,22755,22757,22755,1,-1
2024-09-25 15:00:02.347,22755,22757,22757,1,1
2024-09-25 15:00:02.405,22756,22757,22756,1,-1
2024-09-25 15:00:02.406,22756,22757,22755,2,-2
2024-09-25 15:00:02.498,22756,22757,22754,1,-1
2024-09-25 15:00:02.718,22755,22757,22756,2,-2
2024-09-25 15:00:03.014,22755,22757,22755,2,-2
2024-09-25 15:00:03.085,22755,22757,22755,1,-1
2024-09-25 15:00:03.088,22755,22757,22755,1,-1
2024-09-25 15:00:03.088,22755,22757,22755,14,-14
2024-09-25 15:00:03.089,22755,22757,22755,13,-13
2024-09-25 15:00:03.089,22755,22757,22755,8,-8
2024-09-25 15:00:03.089,22755,22757,22755,1,-1
2024-09-25 15:00:03.253,22755,22757,22756,10,-10
2024-09-25 15:00:03.254,22755,22757,22755,2,-2
2024-09-25 15:00:03.569,22755,22757,22756,1,-1
2024-09-25 15:00:03.634,22755,22757,22755,2,-2
2024-09-25 15:00:03.634,22755,22757,22754,4,-4
2024-09-25 15:00:03.823,22756,22757,22756,1,-1
2024-09-25 15:00:03.965,22755,22757,22757,1,1
2024-09-25 15:00:03.966,22755,22757,22757,5,5
2024-09-25 15:00:04.075,22756,22758,22758,2,2
2024-09-25 15:00:04.076,22756,22758,22758,2,2
2024-09-25 15:00:04.097,22756,22758,22757,1,1
2024-09-25 15:00:04.335,22756,22758,22758,1,1
2024-09-25 15:00:04.532,22756,22758,22758,3,3
2024-09-25 15:00:04.554,22756,22758,22757,1,1
2024-09-25 15:00:04.696,22757,22759,22757,2,-2
2024-09-25 15:00:04.896,22756,22759,22759,1,1
2024-09-25 15:00:05.878,22757,22759,22757,1,-1
2024-09-25 15:00:05.931,22757,22759,22759,4,4
2024-09-25 15:00:05.952,22757,22759,22758,1,1
2024-09-25 15:00:06.039,22758,22759,22759,2,2
2024-09-25 15:00:06.391,22759,22760,22759,1,-1
2024-09-25 15:00:06.990,22759,22760,22760,1,1
2024-09-25 15:00:07.036,22759,22760,22760,2,2
2024-09-25 15:00:07.545,22759,22761,22760,2,2
2024-09-25 15:00:07.771,22759,22761,22761,1,1
2024-09-25 15:00:08.583,22759,22760,22760,1,1
2024-09-25 15:00:09.930,22759,22760,22759,1,-1
2024-09-25 15:00:09.931,22759,22760,22759,3,-3
2024-09-25 15:00:10.050,22759,22760,22759,1,-1
2024-09-25 15:00:10.050,22759,22760,22759,1,-1
2024-09-25 15:00:10.122,22759,22760,22759,1,-1
2024-09-25 15:00:10.305,22758,22760,22758,3,-3
2024-09-25 15:00:10.306,22758,22760,22757,2,-2
2024-09-25 15:00:11.411,22756,22759,22759,1,1
2024-09-25 15:00:11.510,22756,22759,22759,2,2
2024-09-25 15:00:11.575,22756,22759,22757,1,-1
2024-09-25 15:00:11.577,22756,22759,22756,2,-2
2024-09-25 15:00:11.761,22755,22757,22756,2,-2
2024-09-25 15:00:11.762,22755,22757,22756,2,-2
2024-09-25 15:00:11.763,22755,22757,22756,2,-2
2024-09-25 15:00:11.764,22755,22757,22757,1,1
2024-09-25 15:00:11.914,22756,22757,22757,2,2
2024-09-25 15:00:11.981,22756,22757,22760,7,7
2024-09-25 15:00:11.981,22756,22757,22758,4,4
2024-09-25 15:00:11.981,22756,22757,22759,7,7
2024-09-25 15:00:11.982,22756,22757,22760,1,1
2024-09-25 15:00:11.982,22756,22757,22760,2,2
2024-09-25 15:00:11.982,22756,22757,22760,9,9
2024-09-25 15:00:12.119,22758,22761,22758,2,-2
2024-09-25 15:00:12.141,22757,22760,22759,1,1
2024-09-25 15:00:12.940,22758,22761,22759,2,-2
2024-09-25 15:00:12.940,22758,22761,22758,3,-3
2024-09-25 15:00:13.117,22758,22761,22761,2,2
2024-09-25 15:00:13.587,22759,22761,22761,1,1
2024-09-25 15:00:13.785,22760,22761,22761,3,3
2024-09-25 15:00:13.786,22760,22761,22761,1,1
2024-09-25 15:00:13.786,22760,22761,22761,2,2
2024-09-25 15:00:13.807,22760,22761,22761,1,1
2024-09-25 15:00:14.165,22761,22762,22762,4,4
2024-09-25 15:00:14.282,22761,22762,22761,1,-1
2024-09-25 15:00:14.332,22761,22762,22762,3,3
2024-09-25 15:00:14.354,22761,22762,22761,1,-1
2024-09-25 15:00:14.372,22761,22762,22762,1,1
2024-09-25 15:00:16.301,22761,22763,22763,1,1
2024-09-25 15:00:16.324,22761,22763,22763,1,1
2024-09-25 15:00:16.485,22761,22763,22763,1,1
2024-09-25 15:00:16.541,22761,22764,22764,1,1
2024-09-25 15:00:16.705,22761,22764,22764,1,1
2024-09-25 15:00:16.727,22761,22764,22762,1,-1
2024-09-25 15:00:16.977,22761,22764,22764,1,1
2024-09-25 15:00:17.955,22763,22765,22763,1,-1
2024-09-25 15:00:18.951,22761,22762,22761,1,-1
2024-09-25 15:00:18.951,22761,22762,22761,1,-1
2024-09-25 15:00:19.943,22759,22761,22760,2,-2
2024-09-25 15:00:19.946,22759,22761,22760,1,-1
2024-09-25 15:00:20.784,22759,22760,22760,1,1
2024-09-25 15:00:20.917,22759,22761,22761,1,1
2024-09-25 15:00:22.058,22758,22761,22761,1,1
2024-09-25 15:00:24.068,22760,22761,22760,1,-1
2024-09-25 15:00:24.258,22760,22761,22761,1,1
2024-09-25 15:00:25.244,22760,22761,22761,9,9
2024-09-25 15:00:25.965,22760,22762,22762,1,1
2024-09-25 15:00:26.203,22760,22762,22760,1,-1
2024-09-25 15:00:26.357,22760,22762,22761,1,-1
2024-09-25 15:00:26.649,22761,22762,22761,1,-1
2024-09-25 15:00:27.285,22761,22762,22762,4,4
2024-09-25 15:00:28.082,22761,22763,22761,2,-2
2024-09-25 15:00:28.086,22761,22763,22761,1,-1
2024-09-25 15:00:28.240,22761,22763,22761,1,-1
2024-09-25 15:00:28.591,22761,22763,22761,2,-2
2024-09-25 15:00:30.749,22761,22763,22762,1,-1
2024-09-25 15:00:31.295,22761,22763,22763,1,1
2024-09-25 15:00:31.890,22761,22763,22761,1,-1
2024-09-25 15:00:31.919,22761,22763,22759,5,-5
2024-09-25 15:00:31.919,22761,22763,22760,7,-7
2024-09-25 15:00:31.919,22761,22763,22761,16,-16
2024-09-25 15:00:31.920,22761,22763,22759,1,-1
2024-09-25 15:00:31.920,22761,22763,22759,1,-1
2024-09-25 15:00:32.094,22759,22762,22762,1,1
2024-09-25 15:00:32.383,22759,22762,22759,1,-1
2024-09-25 15:00:32.456,22758,22761,22761,1,1
2024-09-25 15:00:33.244,22758,22761,22761,1,1
2024-09-25 15:00:35.168,22759,22761,22760,1,1
2024-09-25 15:00:35.169,22759,22761,22759,1,-1
2024-09-25 15:00:35.171,22759,22761,22759,2,-2
2024-09-25 15:00:35.172,22759,22761,22759,2,-2
2024-09-25 15:00:35.458,22759,22760,22760,1,1
2024-09-25 15:00:35.856,22759,22760,22761,1,1
2024-09-25 15:00:36.111,22759,22760,22760,3,3
2024-09-25 15:00:36.111,22759,22760,22761,6,6
2024-09-25 15:00:36.112,22759,22760,22761,2,2
2024-09-25 15:00:36.112,22759,22760,22761,9,9
2024-09-25 15:00:36.671,22759,22761,22761,1,1
2024-09-25 15:00:38.023,22759,22761,22759,4,-4
2024-09-25 15:00:38.166,22759,22760,22760,1,1
2024-09-25 15:00:39.491,22759,22761,22761,1,1
2024-09-25 15:00:40.462,22759,22760,22760,1,1
2024-09-25 15:00:40.638,22759,22761,22761,2,2
2024-09-25 15:00:41.834,22759,22761,22760,1,1
2024-09-25 15:00:42.315,22760,22761,22760,2,-2
2024-09-25 15:00:42.342,22760,22761,22761,1,1
2024-09-25 15:00:43.648,22760,22761,22761,1,1
2024-09-25 15:00:44.238,22760,22761,22761,4,4
2024-09-25 15:00:44.259,22760,22761,22761,5,5
2024-09-25 15:00:45.539,22761,22762,22762,3,3
2024-09-25 15:00:45.561,22761,22762,22762,3,3
2024-09-25 15:00:45.562,22761,22762,22762,2,2
2024-09-25 15:00:45.808,22761,22763,22761,2,-2
2024-09-25 15:00:46.151,22762,22763,22763,1,1
2024-09-25 15:00:46.743,22762,22763,22763,1,1
2024-09-25 15:00:47.187,22762,22764,22763,2,2
2024-09-25 15:00:48.030,22762,22763,22763,1,1
2024-09-25 15:00:48.219,22762,22764,22762,2,-2
2024-09-25 15:00:48.413,22763,22764,22764,1,1
2024-09-25 15:00:49.919,22763,22764,22763,1,-1
2024-09-25 15:00:50.213,22763,22764,22763,1,-1
2024-09-25 15:00:50.788,22763,22764,22764,1,1
2024-09-25 15:00:50.965,22763,22764,22763,1,-1
2024-09-25 15:00:51.540,22763,22764,22764,4,4
2024-09-25 15:00:51.893,22764,22765,22765,4,4
2024-09-25 15:00:51.893,22764,22765,22765,4,4
2024-09-25 15:00:52.723,22764,22766,22764,1,-1
2024-09-25 15:00:54.245,22764,22765,22764,1,-1
2024-09-25 15:00:54.669,22764,22765,22765,1,1
2024-09-25 15:00:57.040,22765,22766,22766,5,5
2024-09-25 15:00:59.523,22765,22767,22765,3,-3
2024-09-25 15:00:59.716,22764,22766,22766,1,1
2024-09-25 15:01:00.051,22764,22767,22764,2,-2
2024-09-25 15:01:00.051,22764,22767,22764,2,-2
2024-09-25 15:01:00.061,22764,22767,22763,3,-3
2024-09-25 15:01:00.071,22764,22767,22763,2,-2
2024-09-25 15:01:00.102,22764,22767,22763,1,-1
2024-09-25 15:01:00.102,22764,22767,22762,1,-1
2024-09-25 15:01:00.113,22764,22767,22762,7,-7
2024-09-25 15:01:00.113,22764,22767,22761,13,-13
2024-09-25 15:01:00.113,22764,22767,22760,2,-2
2024-09-25 15:01:00.124,22764,22767,22761,2,-2
2024-09-25 15:01:00.124,22764,22767,22760,1,-1
2024-09-25 15:01:00.129,22764,22767,22760,2,-2
2024-09-25 15:01:00.133,22764,22767,22759,1,-1
2024-09-25 15:01:00.133,22764,22767,22759,1,-1
2024-09-25 15:01:00.135,22758,22761,22758,2,-2
2024-09-25 15:01:00.141,22758,22761,22758,2,-2
2024-09-25 15:01:00.144,22758,22761,22758,2,-2
2024-09-25 15:01:00.152,22758,22761,22758,1,-1
2024-09-25 15:01:00.154,22758,22761,22758,2,-2
2024-09-25 15:01:00.156,22758,22761,22758,3,-3
2024-09-25 15:01:00.156,22758,22761,22758,5,-5
2024-09-25 15:01:00.156,22758,22761,22758,1,-1
2024-09-25 15:01:00.157,22758,22761,22758,4,-4
2024-09-25 15:01:00.157,22758,22761,22758,2,-2
2024-09-25 15:01:00.157,22758,22761,22758,1,-1
2024-09-25 15:01:00.157,22758,22761,22757,1,-1
2024-09-25 15:01:00.157,22758,22761,22757,2,-2
2024-09-25 15:01:00.157,22758,22761,22757,3,-3
2024-09-25 15:01:00.158,22758,22761,22756,5,-5
2024-09-25 15:01:00.169,22758,22761,22756,1,-1
2024-09-25 15:01:00.169,22758,22761,22755,3,-3
2024-09-25 15:01:00.170,22758,22761,22754,1,-1
2024-09-25 15:01:00.170,22758,22761,22754,1,-1
2024-09-25 15:01:00.170,22758,22761,22754,2,-2
2024-09-25 15:01:00.170,22758,22761,22755,3,-3
2024-09-25 15:01:00.170,22758,22761,22755,4,-4
2024-09-25 15:01:00.171,22758,22761,22754,4,-4
2024-09-25 15:01:00.171,22758,22761,22754,3,-3
2024-09-25 15:01:00.171,22758,22761,22754,2,-2
2024-09-25 15:01:00.171,22758,22761,22753,2,-2
2024-09-25 15:01:00.171,22758,22761,22754,1,-1
2024-09-25 15:01:00.171,22758,22761,22755,3,-3
2024-09-25 15:01:00.171,22758,22761,22756,1,-1
2024-09-25 15:01:00.171,22758,22761,22753,3,-3
2024-09-25 15:01:00.172,22758,22761,22754,2,-2
2024-09-25 15:01:00.182,22758,22761,22755,1,-1
2024-09-25 15:01:00.206,22758,22761,22754,2,-2
2024-09-25 15:01:00.282,22754,22757,22757,1,1
2024-09-25 15:01:00.283,22754,22757,22756,1,1
2024-09-25 15:01:00.283,22754,22757,22755,1,-1
2024-09-25 15:01:00.314,22754,22757,22756,2,2
2024-09-25 15:01:00.358,22754,22757,22758,1,1
2024-09-25 15:01:00.418,22756,22759,22756,1,-1
2024-09-25 15:01:00.418,22756,22759,22755,2,-2
2024-09-25 15:01:00.539,22756,22758,22758,1,1
2024-09-25 15:01:00.540,22756,22758,22759,1,1
2024-09-25 15:01:00.576,22756,22758,22757,2,2
2024-09-25 15:01:00.692,22756,22759,22757,3,-3
2024-09-25 15:01:00.738,22756,22759,22757,1,-1
2024-09-25 15:01:00.797,22757,22760,22757,1,-1
2024-09-25 15:01:01.129,22756,22760,22759,1,1
2024-09-25 15:01:01.138,22757,22760,22760,1,1
2024-09-25 15:01:01.477,22756,22759,22757,1,-1
2024-09-25 15:01:01.665,22756,22758,22756,1,-1
2024-09-25 15:01:02.599,22755,22758,22758,1,1
2024-09-25 15:01:03.211,22755,22758,22757,1,1
2024-09-25 15:01:03.253,22755,22758,22755,3,-3
2024-09-25 15:01:03.379,22754,22757,22754,1,-1
2024-09-25 15:01:03.475,22753,22756,22753,2,-2
2024-09-25 15:01:03.583,22752,22756,22756,1,1
2024-09-25 15:01:03.644,22754,22756,22754,1,-1
2024-09-25 15:01:03.663,22754,22756,22756,1,1
2024-09-25 15:01:04.434,22754,22757,22757,1,1
2024-09-25 15:01:05.406,22754,22757,22754,3,-3
2024-09-25 15:01:07.139,22753,22756,22753,1,-1
2024-09-25 15:01:08.597,22754,22755,22754,1,-1
2024-09-25 15:01:08.638,22752,22755,22755,1,1
2024-09-25 15:01:08.761,22753,22754,22754,1,1
2024-09-25 15:01:09.415,22753,22754,22754,10,10
2024-09-25 15:01:10.335,22753,22756,22756,1,1
2024-09-25 15:01:12.809,22753,22755,22755,3,3
2024-09-25 15:01:13.015,22753,22755,22755,3,3
2024-09-25 15:01:13.732,22755,22756,22755,1,-1
2024-09-25 15:01:13.732,22755,22756,22755,2,-2
2024-09-25 15:01:13.760,22755,22756,22755,1,-1
2024-09-25 15:01:14.360,22753,22755,22753,1,-1
2024-09-25 15:01:15.011,22753,22755,22753,4,-4
2024-09-25 15:01:15.011,22753,22755,22752,14,-14
2024-09-25 15:01:15.011,22753,22755,22751,9,-9
2024-09-25 15:01:15.011,22753,22755,22750,2,-2
2024-09-25 15:01:15.012,22753,22755,22751,1,-1
2024-09-25 15:01:15.012,22753,22755,22749,1,-1
2024-09-25 15:01:15.012,22753,22755,22750,8,-8
2024-09-25 15:01:15.012,22753,22755,22750,1,-1
2024-09-25 15:01:15.013,22753,22755,22749,1,-1
2024-09-25 15:01:15.013,22753,22755,22748,7,-7
2024-09-25 15:01:15.013,22753,22755,22747,2,-2
2024-09-25 15:01:15.015,22753,22755,22747,1,-1
2024-09-25 15:01:15.016,22753,22755,22747,1,-1
2024-09-25 15:01:15.016,22753,22755,22747,1,-1
2024-09-25 15:01:15.166,22746,22749,22747,1,-1
2024-09-25 15:01:15.201,22746,22749,22749,1,1
2024-09-25 15:01:15.300,22747,22749,22747,1,-1
2024-09-25 15:01:15.341,22747,22749,22749,1,1
2024-09-25 15:01:15.375,22747,22749,22747,1,-1
2024-09-25 15:01:15.381,22747,22749,22747,1,-1
2024-09-25 15:01:15.389,22747,22750,22747,1,-1
2024-09-25 15:01:15.423,22747,22750,22750,1,1
2024-09-25 15:01:15.539,22747,22750,22750,1,1
2024-09-25 15:01:15.564,22747,22750,22750,6,6
2024-09-25 15:01:16.087,22748,22751,22751,9,9
2024-09-25 15:01:16.087,22748,22751,22751,4,4
2024-09-25 15:01:16.088,22748,22751,22751,4,4
2024-09-25 15:01:16.088,22748,22751,22751,4,4
2024-09-25 15:01:16.088,22748,22751,22751,12,12
2024-09-25 15:01:16.089,22748,22751,22751,1,1
2024-09-25 15:01:16.089,22748,22751,22751,10,10
2024-09-25 15:01:16.089,22748,22751,22751,4,4
2024-09-25 15:01:16.089,22748,22751,22751,1,1
2024-09-25 15:01:16.089,22748,22751,22751,12,12
2024-09-25 15:01:16.089,22748,22751,22751,2,2
2024-09-25 15:01:17.228,22749,22751,22751,1,1
2024-09-25 15:01:19.130,22750,22751,22751,4,4
2024-09-25 15:01:19.139,22751,22752,22752,1,1
2024-09-25 15:01:19.140,22751,22752,22753,1,1
2024-09-25 15:01:20.226,22751,22752,22752,1,1
2024-09-25 15:01:20.226,22751,22752,22752,1,1
2024-09-25 15:01:20.227,22751,22752,22752,2,2
2024-09-25 15:01:20.567,22751,22754,22753,2,2
2024-09-25 15:01:21.273,22753,22755,22753,1,-1
2024-09-25 15:01:21.734,22753,22755,22753,2,-2
2024-09-25 15:01:24.613,22752,22754,22752,3,-3
2024-09-25 15:01:24.661,22751,22752,22752,2,2
2024-09-25 15:01:25.464,22751,22752,22752,5,5
2024-09-25 15:01:27.175,22752,22753,22753,1,1
2024-09-25 15:01:27.175,22752,22753,22753,1,1
2024-09-25 15:01:27.386,22753,22755,22755,1,1
2024-09-25 15:01:27.823,22754,22756,22756,11,11
2024-09-25 15:01:27.824,22754,22756,22757,3,3
2024-09-25 15:01:27.826,22754,22756,22758,1,1
2024-09-25 15:01:27.904,22756,22759,22759,4,4
2024-09-25 15:01:27.905,22756,22759,22760,1,1
2024-09-25 15:01:27.908,22756,22759,22760,1,1
2024-09-25 15:01:29.457,22758,22760,22758,3,-3
2024-09-25 15:01:32.387,22758,22760,22760,3,3
2024-09-25 15:01:32.909,22760,22762,22762,3,3
2024-09-25 15:01:33.073,22760,22763,22760,1,-1
2024-09-25 15:01:33.081,22760,22763,22763,1,1
2024-09-25 15:01:33.911,22761,22764,22764,2,2
2024-09-25 15:01:34.788,22763,22765,22763,1,-1
2024-09-25 15:01:35.111,22763,22765,22763,1,-1
2024-09-25 15:01:35.812,22763,22765,22765,2,2
2024-09-25 15:01:36.631,22763,22766,22766,1,1
2024-09-25 15:01:36.890,22764,22767,22767,1,1
2024-09-25 15:01:37.033,22764,22767,22768,1,1
2024-09-25 15:01:37.033,22764,22767,22767,3,3
2024-09-25 15:01:37.042,22764,22767,22767,1,1
2024-09-25 15:01:37.131,22764,22767,22765,1,-1
2024-09-25 15:01:37.487,22764,22767,22764,5,-5
2024-09-25 15:01:37.487,22764,22767,22763,5,-5
2024-09-25 15:01:39.942,22763,22767,22767,1,1
2024-09-25 15:01:40.251,22764,22767,22764,1,-1
2024-09-25 15:01:40.397,22764,22766,22764,1,-1
2024-09-25 15:01:40.476,22764,22766,22767,1,1
2024-09-25 15:01:40.932,22764,22767,22764,1,-1
2024-09-25 15:01:42.034,22763,22766,22766,1,1
2024-09-25 15:01:43.136,22763,22766,22766,1,1
2024-09-25 15:01:43.190,22763,22766,22763,1,-1
2024-09-25 15:01:43.281,22764,22765,22765,1,1
2024-09-25 15:01:43.281,22764,22765,22766,3,3
2024-09-25 15:01:43.780,22765,22766,22765,1,-1
2024-09-25 15:01:43.788,22765,22766,22766,2,2
2024-09-25 15:01:43.788,22765,22766,22765,2,-2
2024-09-25 15:01:44.471,22764,22765,22765,1,1
2024-09-25 15:01:45.478,22764,22765,22764,1,-1
2024-09-25 15:01:45.559,22764,22765,22764,1,-1
2024-09-25 15:01:45.821,22763,22765,22765,1,1
2024-09-25 15:01:46.698,22763,22764,22763,1,-1
2024-09-25 15:01:46.816,22762,22764,22764,1,1
2024-09-25 15:01:46.876,22762,22764,22764,6,6
2024-09-25 15:01:47.494,22762,22764,22762,1,-1
2024-09-25 15:01:47.494,22762,22764,22761,5,-5
2024-09-25 15:01:49.059,22758,22761,22761,20,20
2024-09-25 15:01:49.080,22758,22761,22761,1,1
2024-09-25 15:01:49.100,22758,22761,22761,1,1
2024-09-25 15:01:49.335,22759,22761,22761,2,2
2024-09-25 15:01:49.335,22759,22761,22762,1,1
2024-09-25 15:01:49.336,22759,22761,22762,2,2
2024-09-25 15:01:49.336,22759,22761,22762,1,1
2024-09-25 15:01:50.269,22761,22764,22761,1,-1
2024-09-25 15:01:51.647,22763,22764,22764,1,1
2024-09-25 15:01:52.875,22763,22764,22764,1,1
2024-09-25 15:01:53.070,22763,22764,22764,3,3
2024-09-25 15:01:54.207,22763,22766,22763,1,-1
2024-09-25 15:01:56.415,22763,22765,22763,1,-1
2024-09-25 15:01:57.725,22762,22764,22762,2,-2
2024-09-25 15:01:58.516,22759,22762,22762,1,1
2024-09-25 15:02:00.782,22758,22759,22759,1,1
2024-09-25 15:02:00.902,22758,22759,22759,1,1
2024-09-25 15:02:01.169,22758,22759,22759,4,4
2024-09-25 15:02:01.169,22758,22759,22760,6,6
2024-09-25 15:02:04.162,22758,22759,22758,3,-3
2024-09-25 15:02:05.937,22758,22759,22758,1,-1
2024-09-25 15:02:06.585,22758,22759,22758,1,-1
2024-09-25 15:02:06.930,22758,22759,22759,2,2
2024-09-25 15:02:08.956,22758,22760,22760,1,1
2024-09-25 15:02:09.823,22758,22759,22759,1,1
2024-09-25 15:02:10.842,22758,22759,22758,4,-4
2024-09-25 15:02:10.842,22758,22759,22758,1,-1
2024-09-25 15:02:10.842,22758,22759,22758,1,-1
2024-09-25 15:02:10.842,22758,22759,22758,12,-12
2024-09-25 15:02:11.022,22757,22758,22757,1,-1
2024-09-25 15:02:11.023,22757,22758,22757,1,-1
2024-09-25 15:02:11.845,22755,22757,22757,2,2
2024-09-25 15:02:11.985,22756,22758,22756,3,-3
2024-09-25 15:02:12.415,22756,22758,22756,3,-3
2024-09-25 15:02:13.197,22754,22757,22757,4,4
2024-09-25 15:02:13.197,22754,22757,22758,3,3
2024-09-25 15:02:13.277,22756,22758,22756,1,-1
2024-09-25 15:02:13.562,22757,22758,22757,2,-2
2024-09-25 15:02:13.562,22757,22758,22756,1,-1
2024-09-25 15:02:13.996,22755,22758,22755,2,-2
2024-09-25 15:02:14.785,22755,22756,22755,1,-1
2024-09-25 15:02:15.160,22754,22756,22754,1,-1
2024-09-25 15:02:16.576,22753,22754,22753,1,-1
2024-09-25 15:02:16.980,22753,22754,22754,1,1
2024-09-25 15:02:17.244,22753,22754,22754,3,3
2024-09-25 15:02:20.780,22755,22756,22756,1,1
2024-09-25 15:02:20.887,22755,22756,22755,1,-1
2024-09-25 15:02:20.888,22755,22756,22755,1,-1
2024-09-25 15:02:20.888,22755,22756,22753,1,-1
2024-09-25 15:02:20.937,22755,22756,22755,1,-1
2024-09-25 15:02:21.063,22753,22755,22753,2,-2
2024-09-25 15:02:22.135,22753,22755,22755,2,2
2024-09-25 15:02:22.135,22753,22755,22756,7,7
2024-09-25 15:02:22.136,22753,22755,22756,1,1
2024-09-25 15:02:22.530,22753,22756,22756,2,2
2024-09-25 15:02:23.386,22753,22754,22753,1,-1
2024-09-25 15:02:23.387,22753,22754,22753,4,-4
2024-09-25 15:02:23.387,22753,22754,22753,2,-2
2024-09-25 15:02:23.387,22753,22754,22753,1,-1
2024-09-25 15:02:23.387,22753,22754,22753,1,-1
2024-09-25 15:02:23.389,22753,22754,22753,2,-2
2024-09-25 15:02:27.029,22753,22755,22753,3,-3
2024-09-25 15:02:27.029,22753,22755,22752,7,-7
2024-09-25 15:02:27.029,22753,22755,22751,8,-8
2024-09-25 15:02:28.225,22751,22754,22754,4,4
2024-09-25 15:02:28.829,22751,22753,22751,10,-10
2024-09-25 15:02:28.830,22751,22753,22750,3,-3
2024-09-25 15:02:30.453,22750,22753,22753,2,2
2024-09-25 15:02:32.717,22750,22752,22750,1,-1
2024-09-25 15:02:35.740,22751,22752,22751,1,-1
2024-09-25 15:02:36.413,22750,22751,22751,2,2
2024-09-25 15:02:36.418,22750,22751,22750,2,-2
2024-09-25 15:02:36.589,22750,22752,22750,1,-1
2024-09-25 15:02:37.582,22750,22752,22750,1,-1
2024-09-25 15:02:38.557,22750,22752,22752,7,7
2024-09-25 15:02:38.557,22750,22752,22752,1,1
2024-09-25 15:02:38.557,22750,22752,22752,2,2
2024-09-25 15:02:39.516,22751,22753,22753,1,1
2024-09-25 15:02:40.216,22751,22753,22751,1,-1
2024-09-25 15:02:42.941,22751,22753,22753,1,1
2024-09-25 15:02:42.985,22751,22753,22753,1,1
2024-09-25 15:02:43.038,22752,22755,22754,2,2
2024-09-25 15:02:43.114,22752,22755,22754,1,1
2024-09-25 15:02:43.115,22752,22755,22755,1,1
2024-09-25 15:02:43.159,22753,22755,22755,1,1
2024-09-25 15:02:43.161,22753,22755,22755,2,2
2024-09-25 15:02:43.165,22753,22755,22755,1,1
2024-09-25 15:02:43.166,22753,22755,22754,1,1
2024-09-25 15:02:43.166,22753,22755,22753,2,-2
2024-09-25 15:02:43.260,22755,22756,22755,2,-2
2024-09-25 15:02:43.260,22755,22756,22753,5,-5
2024-09-25 15:02:43.323,22755,22756,22755,1,-1
2024-09-25 15:02:44.533,22754,22756,22756,1,1
2024-09-25 15:02:44.533,22754,22756,22756,1,1
2024-09-25 15:02:47.541,22756,22757,22756,1,-1
2024-09-25 15:02:50.146,22755,22757,22755,1,-1
2024-09-25 15:02:50.702,22755,22757,22757,1,1
2024-09-25 15:02:50.702,22755,22757,22757,1,1
2024-09-25 15:02:55.606,22757,22758,22757,1,-1
2024-09-25 15:02:55.607,22757,22758,22757,1,-1
2024-09-25 15:03:00.031,22756,22757,22756,3,-3
2024-09-25 15:03:00.061,22756,22757,22756,1,-1
2024-09-25 15:03:00.208,22755,22757,22755,1,-1
2024-09-25 15:03:00.744,22755,22757,22757,1,1
2024-09-25 15:03:06.362,22756,22758,22756,3,-3
2024-09-25 15:03:07.174,22757,22758,22758,1,1
2024-09-25 15:03:07.174,22757,22758,22758,2,2
2024-09-25 15:03:07.569,22758,22759,22759,1,1
2024-09-25 15:03:07.611,22758,22759,22759,1,1
2024-09-25 15:03:07.716,22758,22759,22759,1,1
2024-09-25 15:03:09.210,22758,22760,22760,1,1
2024-09-25 15:03:10.324,22757,22759,22757,8,-8
2024-09-25 15:03:10.385,22756,22757,22756,1,-1
2024-09-25 15:03:10.537,22755,22757,22757,1,1
2024-09-25 15:03:11.659,22756,22757,22757,1,1
2024-09-25 15:03:12.955,22757,22759,22757,1,-1
2024-09-25 15:03:12.955,22757,22759,22757,1,-1
2024-09-25 15:03:12.955,22757,22759,22758,1,-1
2024-09-25 15:03:12.956,22757,22759,22757,1,-1
2024-09-25 15:03:13.393,22755,22758,22758,1,1
2024-09-25 15:03:13.514,22756,22758,22758,1,1
2024-09-25 15:03:15.549,22756,22759,22759,2,2
2024-09-25 15:03:20.553,22757,22758,22757,1,-1
2024-09-25 15:03:21.204,22757,22758,22757,1,-1
2024-09-25 15:03:24.683,22756,22757,22757,4,4
2024-09-25 15:03:26.235,22757,22758,22757,1,-1
2024-09-25 15:03:27.737,22757,22758,22758,1,1
2024-09-25 15:03:34.561,22757,22758,22758,1,1
2024-09-25 15:03:36.388,22757,22758,22757,1,-1
2024-09-25 15:03:36.389,22757,22758,22757,2,-2
2024-09-25 15:03:37.255,22756,22758,22756,1,-1
2024-09-25 15:03:37.255,22756,22758,22756,1,-1
2024-09-25 15:03:37.255,22756,22758,22756,1,-1
2024-09-25 15:03:37.386,22755,22756,22755,3,-3
2024-09-25 15:03:37.387,22755,22756,22755,1,-1
2024-09-25 15:03:37.387,22755,22756,22755,1,-1
2024-09-25 15:03:37.387,22755,22756,22755,1,-1
2024-09-25 15:03:37.387,22755,22756,22755,2,-2
2024-09-25 15:03:43.104,22756,22757,22757,1,1
2024-09-25 15:03:44.140,22756,22757,22756,1,-1
2024-09-25 15:03:47.023,22755,22758,22755,5,-5
2024-09-25 15:03:53.387,22756,22758,22758,1,1
2024-09-25 15:03:54.506,22756,22758,22758,1,1
2024-09-25 15:03:55.034,22758,22759,22758,1,-1
2024-09-25 15:03:55.292,22757,22759,22759,1,1
2024-09-25 15:03:58.073,22756,22759,22756,3,-3
2024-09-25 15:04:00.035,22756,22758,22756,1,-1
2024-09-25 15:04:00.142,22756,22758,22756,1,-1
2024-09-25 15:04:03.574,22756,22758,22758,1,1
2024-09-25 15:04:03.637,22756,22758,22756,1,-1
2024-09-25 15:04:03.638,22756,22758,22756,1,-1
2024-09-25 15:04:08.178,22756,22758,22758,1,1
2024-09-25 15:04:08.179,22756,22758,22759,3,3
2024-09-25 15:04:08.528,22758,22760,22758,3,-3
2024-09-25 15:04:08.773,22758,22760,22760,2,2
2024-09-25 15:04:11.340,22758,22760,22760,1,1
2024-09-25 15:04:11.340,22758,22760,22760,3,3
2024-09-25 15:04:11.340,22758,22760,22760,2,2
2024-09-25 15:04:11.340,22758,22760,22760,6,6
2024-09-25 15:04:11.342,22758,22760,22761,1,1
2024-09-25 15:04:11.388,22760,22761,22760,1,-1
2024-09-25 15:04:11.388,22760,22761,22759,1,-1
2024-09-25 15:04:15.666,22757,22759,22759,1,1
2024-09-25 15:04:15.712,22757,22759,22759,1,1
2024-09-25 15:04:19.779,22758,22761,22758,2,-2
2024-09-25 15:04:21.475,22758,22759,22759,1,1
2024-09-25 15:04:21.513,22758,22761,22758,1,-1
2024-09-25 15:04:21.513,22758,22761,22758,1,-1
2024-09-25 15:04:21.514,22758,22761,22758,1,-1
2024-09-25 15:04:21.514,22758,22761,22758,1,-1
2024-09-25 15:04:22.198,22757,22760,22760,5,5
2024-09-25 15:04:22.485,22760,22761,22760,1,-1
2024-09-25 15:04:23.890,22760,22761,22760,3,-3
2024-09-25 15:04:24.932,22760,22761,22761,4,4
2024-09-25 15:04:24.932,22760,22761,22762,9,9
2024-09-25 15:04:24.955,22760,22761,22762,6,6
2024-09-25 15:04:24.955,22760,22761,22762,6,6
2024-09-25 15:04:26.014,22760,22762,22760,1,-1
2024-09-25 15:04:26.879,22760,22761,22761,1,1
2024-09-25 15:04:28.443,22761,22763,22763,1,1
2024-09-25 15:04:28.443,22761,22763,22763,1,1
2024-09-25 15:04:28.514,22762,22764,22762,1,-1
2024-09-25 15:04:32.857,22762,22764,22762,1,-1
2024-09-25 15:04:34.461,22762,22764,22762,1,-1
2024-09-25 15:04:34.848,22763,22764,22763,1,-1
2024-09-25 15:04:35.102,22762,22764,22762,1,-1
2024-09-25 15:04:35.354,22762,22764,22762,1,-1
2024-09-25 15:04:35.847,22761,22764,22761,4,-4
2024-09-25 15:04:41.257,22760,22761,22760,4,-4
2024-09-25 15:04:41.257,22760,22761,22760,2,-2
2024-09-25 15:04:50.662,22759,22760,22759,1,-1
2024-09-25 15:04:50.983,22759,22760,22758,1,-1
2024-09-25 15:04:51.896,22759,22760,22760,1,1
2024-09-25 15:04:54.126,22760,22761,22761,1,1
2024-09-25 15:04:54.127,22760,22761,22761,1,1
2024-09-25 15:04:55.956,22760,22762,22762,1,1
2024-09-25 15:04:55.956,22760,22762,22762,2,2
2024-09-25 15:04:55.956,22760,22762,22762,2,2
2024-09-25 15:04:55.956,22760,22762,22762,5,5
2024-09-25 15:04:56.269,22762,22763,22762,1,-1
2024-09-25 15:04:56.380,22762,22763,22761,1,-1
2024-09-25 15:04:58.353,22761,22763,22763,1,1
2024-09-25 15:05:10.471,22760,22762,22760,3,-3
2024-09-25 15:05:10.516,22759,22760,22759,1,-1
2024-09-25 15:05:10.517,22759,22760,22758,1,-1
2024-09-25 15:05:10.518,22759,22760,22758,1,-1
2024-09-25 15:05:10.575,22759,22760,22759,1,-1
2024-09-25 15:05:10.653,22758,22759,22759,2,2
2024-09-25 15:05:10.926,22758,22759,22759,1,1
2024-09-25 15:05:11.030,22759,22761,22761,1,1
2024-09-25 15:05:11.138,22761,22763,22759,1,-1
2024-09-25 15:05:11.138,22761,22763,22760,1,-1
2024-09-25 15:05:11.138,22761,22763,22760,1,-1
2024-09-25 15:05:11.138,22761,22763,22761,1,-1
2024-09-25 15:05:11.138,22761,22763,22760,1,-1
2024-09-25 15:05:11.143,22761,22763,22759,1,-1
2024-09-25 15:05:11.264,22759,22761,22761,2,2
2024-09-25 15:05:11.264,22759,22761,22762,1,1
2024-09-25 15:05:11.277,22759,22761,22760,1,1
2024-09-25 15:05:11.517,22759,22762,22759,1,-1
2024-09-25 15:05:11.691,22759,22761,22759,1,-1
2024-09-25 15:05:11.860,22759,22762,22759,1,-1
2024-09-25 15:05:12.999,22758,22761,22761,1,1
2024-09-25 15:05:14.900,22758,22760,22760,2,2
2024-09-25 15:05:15.191,22759,22760,22759,1,-1
2024-09-25 15:05:15.322,22758,22759,22759,1,1
2024-09-25 15:05:17.266,22759,22760,22759,1,-1
2024-09-25 15:05:18.664,22758,22760,22760,1,1
2024-09-25 15:05:18.763,22758,22760,22758,1,-1
2024-09-25 15:05:18.764,22758,22760,22758,1,-1
2024-09-25 15:05:21.693,22758,22759,22759,1,1
2024-09-25 15:05:30.630,22762,22763,22763,1,1
2024-09-25 15:05:32.998,22761,22762,22762,4,4
2024-09-25 15:05:33.013,22762,22764,22762,1,-1
2024-09-25 15:05:33.013,22762,22764,22762,1,-1
2024-09-25 15:05:33.013,22762,22764,22761,1,-1
2024-09-25 15:05:33.013,22762,22764,22761,1,-1
2024-09-25 15:05:33.014,22762,22764,22761,1,-1
2024-09-25 15:05:33.014,22762,22764,22760,1,-1
2024-09-25 15:05:35.144,22761,22762,22762,1,1
2024-09-25 15:05:35.614,22761,22762,22762,2,2
2024-09-25 15:05:40.727,22763,22764,22763,1,-1
2024-09-25 15:05:40.765,22762,22763,22762,1,-1
2024-09-25 15:05:40.788,22762,22763,22762,1,-1
2024-09-25 15:05:43.282,22762,22763,22762,1,-1
2024-09-25 15:05:43.282,22762,22763,22761,1,-1
2024-09-25 15:05:43.681,22761,22762,22761,1,-1
2024-09-25 15:05:44.324,22761,22763,22763,1,1
2024-09-25 15:05:47.659,22762,22763,22762,1,-1
2024-09-25 15:05:47.763,22761,22763,22761,1,-1
2024-09-25 15:05:47.764,22761,22763,22761,1,-1
2024-09-25 15:05:50.494,22761,22764,22764,3,3
2024-09-25 15:05:50.494,22761,22764,22764,1,1
2024-09-25 15:05:52.932,22763,22765,22765,3,3
2024-09-25 15:05:52.933,22763,22765,22766,8,8
2024-09-25 15:05:54.933,22764,22766,22766,1,1
2024-09-25 15:05:56.567,22763,22765,22765,3,3
2024-09-25 15:05:58.582,22763,22765,22766,2,2
2024-09-25 15:05:58.582,22763,22765,22765,2,2
2024-09-25 15:06:00.380,22764,22767,22764,1,-1
2024-09-25 15:06:00.809,22764,22766,22766,1,1
2024-09-25 15:06:02.474,22764,22767,22767,1,1
2024-09-25 15:06:03.826,22765,22767,22767,1,1
2024-09-25 15:06:03.826,22765,22767,22767,1,1
2024-09-25 15:06:03.827,22765,22767,22767,2,2
2024-09-25 15:06:03.830,22765,22767,22767,1,1
2024-09-25 15:06:04.117,22766,22768,22768,1,1
2024-09-25 15:06:04.118,22766,22768,22768,1,1
2024-09-25 15:06:04.118,22766,22768,22768,1,1
2024-09-25 15:06:04.182,22767,22769,22769,2,2
2024-09-25 15:06:04.301,22768,22770,22770,3,3
2024-09-25 15:06:04.301,22768,22770,22771,1,1
2024-09-25 15:06:04.301,22768,22770,22771,1,1
2024-09-25 15:06:04.301,22768,22770,22772,2,2
2024-09-25 15:06:04.425,22770,22773,22773,4,4
2024-09-25 15:06:04.529,22770,22772,22772,1,1
2024-09-25 15:06:05.032,22770,22773,22773,1,1
2024-09-25 15:06:05.039,22770,22773,22771,3,-3
2024-09-25 15:06:05.964,22771,22773,22772,1,-1
2024-09-25 15:06:05.964,22771,22773,22773,1,1
2024-09-25 15:06:05.964,22771,22773,22774,8,8
2024-09-25 15:06:06.047,22771,22773,22773,2,2
2024-09-25 15:06:06.047,22771,22773,22774,2,2
2024-09-25 15:06:06.354,22771,22773,22773,4,4
2024-09-25 15:06:07.304,22773,22774,22774,1,1
2024-09-25 15:06:07.413,22773,22774,22774,1,1
2024-09-25 15:06:07.598,22773,22774,22774,1,1
2024-09-25 15:06:07.605,22773,22774,22775,1,1
2024-09-25 15:06:07.829,22773,22775,22775,1,1
2024-09-25 15:06:07.922,22773,22775,22773,6,-6
2024-09-25 15:06:09.087,22771,22773,22771,1,-1
2024-09-25 15:06:09.955,22770,22771,22771,1,1
2024-09-25 15:06:10.216,22770,22771,22770,1,-1
2024-09-25 15:06:14.054,22768,22770,22770,1,1
2024-09-25 15:06:16.215,22770,22772,22772,2,2
2024-09-25 15:06:16.241,22770,22772,22773,1,1
2024-09-25 15:06:19.009,22772,22773,22773,1,1
2024-09-25 15:06:19.270,22772,22774,22774,1,1
2024-09-25 15:06:19.270,22772,22774,22775,11,11
2024-09-25 15:06:19.270,22772,22774,22776,3,3
2024-09-25 15:06:22.019,22773,22775,22773,1,-1
2024-09-25 15:06:22.822,22773,22774,22773,1,-1
2024-09-25 15:06:24.302,22772,22774,22774,1,1
2024-09-25 15:06:24.758,22772,22775,22775,1,1
2024-09-25 15:06:25.495,22772,22775,22775,7,7
2024-09-25 15:06:25.497,22772,22775,22776,1,1
2024-09-25 15:06:25.497,22772,22775,22776,1,1
2024-09-25 15:06:27.005,22775,22776,22775,1,-1
2024-09-25 15:06:29.568,22775,22776,22776,2,2
2024-09-25 15:06:29.569,22775,22776,22776,2,2
2024-09-25 15:06:29.987,22776,22777,22777,1,1
2024-09-25 15:06:29.987,22776,22777,22777,1,1
2024-09-25 15:06:29.987,22776,22777,22777,1,1
2024-09-25 15:06:30.076,22776,22777,22777,4,4
2024-09-25 15:06:30.455,22776,22777,22776,1,-1
2024-09-25 15:06:30.957,22775,22777,22777,1,1
2024-09-25 15:06:31.976,22775,22776,22776,1,1
2024-09-25 15:06:31.977,22775,22776,22776,1,1
2024-09-25 15:06:31.977,22775,22776,22776,2,2
2024-09-25 15:06:32.646,22775,22777,22777,1,1
2024-09-25 15:06:33.060,22776,22778,22776,1,-1
2024-09-25 15:06:33.512,22776,22778,22778,1,1
2024-09-25 15:06:33.759,22776,22778,22778,1,1
2024-09-25 15:06:35.697,22776,22777,22777,1,1
2024-09-25 15:06:38.254,22776,22777,22777,1,1
2024-09-25 15:06:38.379,22776,22778,22776,1,-1
2024-09-25 15:06:38.379,22776,22778,22776,1,-1
2024-09-25 15:06:38.379,22776,22778,22776,1,-1
2024-09-25 15:06:39.176,22775,22776,22776,1,1
2024-09-25 15:06:39.259,22775,22776,22776,1,1
2024-09-25 15:06:40.234,22775,22778,22778,5,5
2024-09-25 15:06:40.235,22775,22778,22779,4,4
2024-09-25 15:06:40.297,22778,22780,22778,1,-1
2024-09-25 15:06:40.297,22778,22780,22780,4,4
2024-09-25 15:06:40.489,22778,22780,22780,1,1
2024-09-25 15:06:40.499,22778,22780,22780,1,1
2024-09-25 15:06:40.503,22778,22780,22780,1,1
2024-09-25 15:06:40.507,22778,22780,22780,1,1
2024-09-25 15:06:40.507,22778,22780,22780,1,1
2024-09-25 15:06:40.508,22778,22780,22781,1,1
2024-09-25 15:06:40.530,22780,22781,22780,1,-1
2024-09-25 15:06:40.701,22779,22781,22781,1,1
2024-09-25 15:06:40.919,22779,22781,22781,1,1
2024-09-25 15:06:41.211,22779,22781,22782,1,1
2024-09-25 15:06:42.564,22779,22781,22781,1,1
2024-09-25 15:06:44.124,22779,22781,22781,1,1
2024-09-25 15:06:44.199,22779,22782,22782,1,1
2024-09-25 15:06:44.223,22779,22782,22782,1,1
2024-09-25 15:06:44.745,22781,22783,22781,1,-1
2024-09-25 15:06:46.251,22781,22782,22782,1,1
2024-09-25 15:06:46.865,22781,22783,22783,1,1
2024-09-25 15:06:46.865,22781,22783,22783,4,4
2024-09-25 15:06:48.151,22783,22784,22783,1,-1
2024-09-25 15:06:48.275,22783,22784,22784,2,2
2024-09-25 15:06:48.374,22783,22784,22785,13,13
2024-09-25 15:06:48.375,22783,22784,22786,1,1
2024-09-25 15:06:48.395,22785,22787,22785,1,-1
2024-09-25 15:06:48.431,22785,22787,22786,1,-1
2024-09-25 15:06:48.431,22785,22787,22787,2,2
2024-09-25 15:06:48.653,22785,22786,22786,1,1
2024-09-25 15:06:49.026,22785,22788,22785,1,-1
2024-09-25 15:06:49.106,22785,22788,22787,1,1
2024-09-25 15:06:49.447,22785,22788,22786,3,-3
2024-09-25 15:06:49.447,22785,22788,22786,2,-2
2024-09-25 15:06:50.123,22785,22788,22785,1,-1
2024-09-25 15:06:50.379,22784,22787,22784,1,-1
2024-09-25 15:06:50.818,22784,22787,22787,2,2
2024-09-25 15:06:51.484,22785,22786,22786,1,1
2024-09-25 15:06:52.192,22786,22788,22788,1,1
2024-09-25 15:06:52.202,22786,22788,22788,1,1
2024-09-25 15:06:53.309,22786,22788,22786,1,-1
2024-09-25 15:06:53.954,22786,22788,22787,1,-1
2024-09-25 15:06:54.516,22787,22788,22788,3,3
2024-09-25 15:06:54.950,22787,22788,22788,1,1
2024-09-25 15:06:54.950,22787,22788,22788,1,1
2024-09-25 15:06:54.972,22787,22788,22788,3,3
2024-09-25 15:06:55.846,22788,22789,22788,1,-1
2024-09-25 15:06:56.165,22787,22788,22788,1,1
2024-09-25 15:06:56.456,22787,22789,22787,1,-1
2024-09-25 15:06:56.680,22787,22789,22787,1,-1
2024-09-25 15:06:57.220,22787,22788,22787,1,-1
2024-09-25 15:06:57.439,22786,22787,22788,1,1
2024-09-25 15:06:57.904,22786,22787,22787,2,2
2024-09-25 15:06:58.040,22786,22787,22787,1,1
2024-09-25 15:06:58.461,22786,22787,22787,1,1
2024-09-25 15:06:59.297,22786,22787,22787,1,1
2024-09-25 15:06:59.682,22786,22788,22786,1,-1
2024-09-25 15:07:00.139,22786,22788,22788,4,4
2024-09-25 15:07:00.206,22786,22788,22786,1,-1
2024-09-25 15:07:00.265,22786,22788,22788,1,1
2024-09-25 15:07:00.265,22786,22788,22789,1,1
2024-09-25 15:07:00.265,22786,22788,22789,1,1
2024-09-25 15:07:01.296,22788,22789,22788,1,-1
2024-09-25 15:07:01.387,22788,22789,22789,1,1
2024-09-25 15:07:01.389,22788,22789,22789,1,1
2024-09-25 15:07:01.389,22788,22789,22789,1,1
2024-09-25 15:07:01.390,22788,22789,22790,1,1
2024-09-25 15:07:01.390,22788,22789,22790,1,1
2024-09-25 15:07:01.391,22788,22789,22790,1,1
2024-09-25 15:07:01.391,22788,22789,22791,1,1
2024-09-25 15:07:01.507,22788,22789,22790,1,1
2024-09-25 15:07:01.532,22790,22791,22790,2,-2
2024-09-25 15:07:01.633,22790,22791,22790,1,-1
2024-09-25 15:07:02.045,22789,22791,22791,1,1
2024-09-25 15:07:02.274,22789,22790,22789,1,-1
2024-09-25 15:07:02.625,22789,22790,22790,1,1
2024-09-25 15:07:02.674,22789,22791,22788,2,-2
2024-09-25 15:07:02.674,22789,22791,22789,1,-1
2024-09-25 15:07:03.328,22788,22790,22790,1,1
2024-09-25 15:07:03.676,22788,22790,22790,2,2
2024-09-25 15:07:03.965,22788,22790,22788,1,-1
2024-09-25 15:07:03.982,22788,22790,22790,2,2
2024-09-25 15:07:04.186,22788,22791,22791,2,2
2024-09-25 15:07:05.923,22791,22792,22792,1,1
2024-09-25 15:07:06.089,22791,22792,22792,2,2
2024-09-25 15:07:06.253,22791,22792,22792,1,1
2024-09-25 15:07:06.312,22791,22792,22792,2,2
2024-09-25 15:07:06.534,22791,22793,22791,1,-1
2024-09-25 15:07:07.109,22791,22793,22793,1,1
2024-09-25 15:07:07.138,22791,22793,22793,1,1
2024-09-25 15:07:07.138,22791,22793,22793,1,1
2024-09-25 15:07:07.138,22791,22793,22793,1,1
2024-09-25 15:07:07.138,22791,22793,22794,1,1
2024-09-25 15:07:07.138,22791,22793,22794,1,1
2024-09-25 15:07:07.139,22791,22793,22794,1,1
2024-09-25 15:07:07.140,22791,22793,22795,1,1
2024-09-25 15:07:07.155,22791,22793,22795,1,1
2024-09-25 15:07:07.293,22792,22795,22795,4,4
2024-09-25 15:07:07.478,22792,22795,22792,3,-3
2024-09-25 15:07:08.888,22791,22793,22793,1,1
2024-09-25 15:07:08.889,22791,22793,22791,1,-1
2024-09-25 15:07:08.889,22791,22793,22791,3,-3
2024-09-25 15:07:08.889,22791,22793,22791,1,-1
2024-09-25 15:07:08.930,22791,22793,22789,1,-1
2024-09-25 15:07:09.160,22789,22791,22791,1,1
2024-09-25 15:07:09.710,22790,22791,22790,1,-1
2024-09-25 15:07:11.086,22789,22791,22791,1,1
2024-09-25 15:07:11.470,22789,22792,22791,1,1
2024-09-25 15:07:12.238,22789,22791,22791,1,1
2024-09-25 15:07:12.307,22789,22791,22789,1,-1
2024-09-25 15:07:12.556,22789,22791,22789,2,-2
2024-09-25 15:07:13.000,22788,22791,22790,1,1
2024-09-25 15:07:13.687,22789,22790,22789,1,-1
2024-09-25 15:07:13.712,22789,22790,22788,3,-3
2024-09-25 15:07:14.502,22787,22789,22787,2,-2
2024-09-25 15:07:14.606,22787,22789,22787,2,-2
2024-09-25 15:07:14.874,22786,22788,22788,1,1
2024-09-25 15:07:14.908,22786,22788,22788,1,1
2024-09-25 15:07:14.908,22786,22788,22789,6,6
2024-09-25 15:07:14.908,22786,22788,22790,3,3
2024-09-25 15:07:17.362,22786,22788,22788,1,1
2024-09-25 15:07:18.252,22786,22788,22787,1,1
2024-09-25 15:07:18.263,22786,22788,22788,1,1
2024-09-25 15:07:18.263,22786,22788,22788,1,1
2024-09-25 15:07:18.264,22786,22788,22788,1,1
2024-09-25 15:07:18.264,22786,22788,22789,1,1
2024-09-25 15:07:18.264,22786,22788,22789,1,1
2024-09-25 15:07:18.268,22786,22788,22789,1,1
2024-09-25 15:07:18.566,22786,22788,22790,9,9
2024-09-25 15:07:18.566,22786,22788,22788,4,4
2024-09-25 15:07:18.566,22786,22788,22789,5,5
2024-09-25 15:07:18.567,22786,22788,22791,5,5
2024-09-25 15:07:18.567,22786,22788,22791,1,1
2024-09-25 15:07:19.267,22791,22792,22791,1,-1
2024-09-25 15:07:20.207,22791,22792,22792,1,1
2024-09-25 15:07:20.208,22791,22792,22792,1,1
2024-09-25 15:07:20.873,22791,22792,22791,1,-1
2024-09-25 15:07:21.101,22791,22792,22791,1,-1
2024-09-25 15:07:21.591,22790,22791,22790,2,-2
2024-09-25 15:07:21.592,22790,22791,22790,4,-4
2024-09-25 15:07:21.592,22790,22791,22790,1,-1
2024-09-25 15:07:21.592,22790,22791,22790,1,-1
2024-09-25 15:07:21.821,22790,22791,22790,1,-1
2024-09-25 15:07:22.524,22790,22791,22790,1,-1
2024-09-25 15:07:22.850,22790,22791,22790,2,-2
2024-09-25 15:07:22.902,22790,22791,22790,1,-1
2024-09-25 15:07:22.902,22790,22791,22790,3,-3
2024-09-25 15:07:22.902,22790,22791,22790,1,-1
2024-09-25 15:07:23.047,22790,22791,22791,1,1
2024-09-25 15:07:23.253,22790,22791,22790,37,-37
2024-09-25 15:07:23.253,22790,22791,22790,3,-3
2024-09-25 15:07:23.253,22790,22791,22790,1,-1
2024-09-25 15:07:23.253,22790,22791,22790,1,-1
2024-09-25 15:07:23.253,22790,22791,22790,3,-3
2024-09-25 15:07:23.253,22790,22791,22790,2,-2
2024-09-25 15:07:23.253,22790,22791,22790,1,-1
2024-09-25 15:07:23.253,22790,22791,22790,1,-1
2024-09-25 15:07:23.253,22790,22791,22790,1,-1
2024-09-25 15:07:23.253,22790,22791,22790,3,-3
2024-09-25 15:07:23.727,22788,22791,22788,1,-1
2024-09-25 15:07:26.704,22788,22790,22788,1,-1
2024-09-25 15:07:27.002,22787,22789,22789,1,1
2024-09-25 15:07:27.013,22787,22790,22790,1,1
2024-09-25 15:07:29.039,22787,22789,22787,1,-1
2024-09-25 15:07:31.695,22786,22787,22787,1,1
2024-09-25 15:07:31.977,22786,22787,22787,1,1
2024-09-25 15:07:32.364,22786,22787,22787,1,1
2024-09-25 15:07:32.364,22786,22787,22787,2,2
2024-09-25 15:07:32.998,22786,22788,22787,1,1
2024-09-25 15:07:33.696,22786,22788,22788,1,1
2024-09-25 15:07:36.620,22786,22789,22786,1,-1
2024-09-25 15:07:40.192,22786,22787,22787,1,1
2024-09-25 15:07:40.263,22786,22788,22788,1,1
2024-09-25 15:07:40.263,22786,22788,22788,1,1
2024-09-25 15:07:40.264,22786,22788,22788,1,1
2024-09-25 15:07:40.264,22786,22788,22788,1,1
2024-09-25 15:07:40.264,22786,22788,22789,1,1
2024-09-25 15:07:40.393,22787,22789,22787,10,-10
2024-09-25 15:07:41.264,22787,22789,22787,1,-1
2024-09-25 15:07:41.367,22787,22789,22789,1,1
2024-09-25 15:07:42.691,22788,22790,22788,1,-1
2024-09-25 15:07:44.851,22787,22789,22787,1,-1
2024-09-25 15:07:45.102,22787,22789,22789,1,1
2024-09-25 15:07:45.137,22787,22789,22789,1,1
2024-09-25 15:07:46.340,22786,22789,22789,2,2
2024-09-25 15:07:48.032,22787,22789,22787,6,-6
2024-09-25 15:07:48.032,22787,22789,22786,4,-4
2024-09-25 15:07:48.251,22786,22789,22788,1,1
2024-09-25 15:07:50.280,22786,22788,22788,2,2
2024-09-25 15:07:51.471,22786,22787,22786,6,-6
2024-09-25 15:07:51.472,22786,22787,22785,1,-1
2024-09-25 15:07:53.244,22783,22784,22783,1,-1
2024-09-25 15:07:53.244,22783,22784,22783,1,-1
2024-09-25 15:07:53.244,22783,22784,22783,1,-1
2024-09-25 15:07:56.920,22784,22786,22784,2,-2
2024-09-25 15:07:59.584,22784,22785,22785,1,1
2024-09-25 15:08:04.087,22782,22785,22782,8,-8
2024-09-25 15:08:04.088,22782,22785,22782,3,-3
2024-09-25 15:08:04.088,22782,22785,22782,1,-1
2024-09-25 15:08:04.088,22782,22785,22782,3,-3
2024-09-25 15:08:04.426,22781,22783,22783,1,1
2024-09-25 15:08:08.476,22782,22784,22782,1,-1
2024-09-25 15:08:08.670,22782,22784,22782,2,-2
2024-09-25 15:08:08.856,22782,22784,22782,1,-1
2024-09-25 15:08:12.743,22781,22782,22782,1,1
2024-09-25 15:08:18.082,22781,22782,22781,1,-1
2024-09-25 15:08:21.793,22781,22782,22782,1,1
2024-09-25 15:08:22.949,22781,22782,22782,2,2
2024-09-25 15:08:24.101,22782,22783,22783,1,1
2024-09-25 15:08:26.175,22782,22784,22782,1,-1
2024-09-25 15:08:26.776,22783,22784,22783,1,-1
2024-09-25 15:08:29.593,22782,22783,22782,1,-1
2024-09-25 15:08:29.593,22782,22783,22782,2,-2
2024-09-25 15:08:29.593,22782,22783,22782,1,-1
2024-09-25 15:08:30.076,22781,22782,22781,2,-2
2024-09-25 15:08:30.316,22781,22782,22781,4,-4
2024-09-25 15:08:31.113,22780,22781,22781,1,1
2024-09-25 15:08:32.800,22780,22782,22780,1,-1
2024-09-25 15:08:34.737,22780,22782,22781,1,-1
2024-09-25 15:08:36.700,22780,22782,22780,1,-1
2024-09-25 15:08:37.321,22780,22782,22780,1,-1
2024-09-25 15:08:39.002,22780,22781,22780,1,-1
2024-09-25 15:08:39.280,22780,22781,22781,1,1
2024-09-25 15:08:41.658,22780,22781,22781,1,1
2024-09-25 15:08:41.659,22780,22781,22781,4,4
2024-09-25 15:08:41.681,22780,22781,22781,2,2
2024-09-25 15:08:41.684,22780,22781,22781,1,1
2024-09-25 15:08:42.033,22780,22782,22780,2,-2
2024-09-25 15:08:44.672,22781,22782,22782,2,2
2024-09-25 15:08:44.672,22781,22782,22783,2,2
2024-09-25 15:08:46.832,22781,22783,22781,1,-1
2024-09-25 15:08:48.682,22782,22783,22783,2,2
2024-09-25 15:08:48.818,22782,22785,22782,1,-1
2024-09-25 15:08:49.080,22783,22785,22783,1,-1
2024-09-25 15:08:50.442,22782,22785,22782,1,-1
2024-09-25 15:08:58.528,22782,22783,22783,1,1
2024-09-25 15:08:59.648,22783,22785,22785,2,2
2024-09-25 15:09:09.743,22786,22787,22786,1,-1
2024-09-25 15:09:09.743,22786,22787,22786,1,-1
2024-09-25 15:09:10.260,22784,22785,22784,1,-1
2024-09-25 15:09:16.274,22784,22785,22784,1,-1
2024-09-25 15:09:16.962,22783,22785,22785,1,1
2024-09-25 15:09:16.962,22783,22785,22786,1,1
2024-09-25 15:09:42.895,22783,22784,22784,1,1
2024-09-25 15:09:45.748,22783,22784,22784,1,1
2024-09-25 15:09:48.287,22783,22784,22784,1,1
2024-09-25 15:09:50.649,22783,22785,22785,1,1
2024-09-25 15:09:50.902,22784,22786,22786,2,2
2024-09-25 15:09:54.458,22786,22787,22788,1,1
2024-09-25 15:09:54.458,22786,22787,22787,2,2
2024-09-25 15:09:58.365,22786,22787,22787,1,1
2024-09-25 15:09:58.409,22787,22788,22788,1,1
2024-09-25 15:09:58.409,22787,22788,22788,3,3
2024-09-25 15:09:58.409,22787,22788,22788,1,1
2024-09-25 15:09:58.409,22787,22788,22788,6,6
2024-09-25 15:09:58.855,22788,22789,22789,1,1
2024-09-25 15:09:59.444,22788,22789,22789,1,1
2024-09-25 15:10:00.289,22789,22790,22790,2,2
2024-09-25 15:10:00.289,22789,22790,22790,1,1
2024-09-25 15:10:00.289,22789,22790,22790,7,7
2024-09-25 15:10:00.290,22789,22790,22790,3,3
2024-09-25 15:10:00.290,22789,22790,22790,3,3
2024-09-25 15:10:00.290,22789,22790,22790,9,9
2024-09-25 15:10:00.731,22790,22791,22791,1,1
2024-09-25 15:10:00.896,22790,22791,22791,1,1
2024-09-25 15:10:01.071,22790,22791,22791,1,1
2024-09-25 15:10:01.131,22790,22791,22791,1,1
2024-09-25 15:10:01.131,22790,22791,22791,1,1
2024-09-25 15:10:01.132,22790,22791,22791,2,2
2024-09-25 15:10:01.132,22790,22791,22791,3,3
2024-09-25 15:10:01.133,22790,22791,22792,2,2
2024-09-25 15:10:01.151,22791,22792,22792,1,1
2024-09-25 15:10:01.188,22791,22792,22792,3,3
2024-09-25 15:10:01.189,22791,22792,22793,1,1
2024-09-25 15:10:01.211,22791,22792,22793,1,1
2024-09-25 15:10:01.223,22791,22792,22792,1,1
2024-09-25 15:10:01.699,22791,22793,22793,1,1
2024-09-25 15:10:02.349,22789,22792,22789,4,-4
2024-09-25 15:10:02.905,22789,22792,22792,1,1
2024-09-25 15:10:03.845,22790,22793,22793,3,3
2024-09-25 15:10:04.815,22791,22793,22793,1,1
2024-09-25 15:10:05.001,22792,22794,22794,2,2
2024-09-25 15:10:05.083,22792,22794,22792,1,-1
2024-09-25 15:10:05.294,22791,22793,22794,1,1
2024-09-25 15:10:05.979,22793,22794,22793,1,-1
2024-09-25 15:10:08.175,22791,22792,22792,1,1
2024-09-25 15:10:11.959,22791,22792,22792,1,1
2024-09-25 15:10:11.959,22791,22792,22793,1,1
2024-09-25 15:10:12.298,22791,22793,22791,1,-1
2024-09-25 15:10:13.646,22792,22793,22792,1,-1
2024-09-25 15:10:15.071,22791,22793,22792,1,-1
2024-09-25 15:10:15.999,22792,22793,22793,1,1
2024-09-25 15:10:17.889,22792,22793,22792,1,-1
2024-09-25 15:10:22.110,22790,22792,22791,1,-1
2024-09-25 15:10:22.112,22790,22792,22790,2,-2
2024-09-25 15:10:24.024,22790,22791,22790,1,-1
2024-09-25 15:10:24.603,22789,22790,22790,1,1
2024-09-25 15:10:24.603,22789,22790,22791,2,2
2024-09-25 15:10:27.024,22789,22790,22790,1,1
2024-09-25 15:10:27.709,22789,22791,22789,1,-1
2024-09-25 15:10:29.876,22790,22791,22790,1,-1
2024-09-25 15:10:30.939,22789,22791,22791,1,1
2024-09-25 15:10:37.788,22788,22790,22788,1,-1
2024-09-25 15:10:37.832,22788,22790,22788,2,-2
2024-09-25 15:10:37.832,22788,22790,22788,2,-2
2024-09-25 15:10:39.753,22787,22788,22788,1,1
2024-09-25 15:10:40.720,22787,22789,22789,1,1
2024-09-25 15:10:41.232,22787,22788,22788,1,1
2024-09-25 15:10:42.208,22788,22789,22789,1,1
2024-09-25 15:10:43.056,22788,22790,22790,1,1
2024-09-25 15:10:43.902,22788,22790,22790,2,2
2024-09-25 15:10:50.572,22788,22789,22788,2,-2
2024-09-25 15:10:50.572,22788,22789,22788,1,-1
2024-09-25 15:10:50.572,22788,22789,22788,1,-1
2024-09-25 15:10:51.151,22787,22789,22789,3,3
2024-09-25 15:10:54.857,22787,22789,22788,1,1
2024-09-25 15:10:54.990,22787,22788,22787,2,-2
2024-09-25 15:10:56.673,22785,22786,22785,1,-1
2024-09-25 15:10:56.673,22785,22786,22785,1,-1
2024-09-25 15:10:57.178,22784,22785,22784,1,-1
2024-09-25 15:11:01.837,22783,22784,22783,1,-1
2024-09-25 15:11:01.838,22783,22784,22783,1,-1
2024-09-25 15:11:01.838,22783,22784,22783,1,-1
2024-09-25 15:11:01.865,22783,22784,22782,2,-2
2024-09-25 15:11:02.681,22781,22782,22781,1,-1
2024-09-25 15:11:03.357,22780,22782,22781,1,-1
2024-09-25 15:11:03.788,22780,22781,22781,1,1
2024-09-25 15:11:04.105,22780,22781,22780,4,-4
2024-09-25 15:11:04.553,22779,22780,22779,3,-3
2024-09-25 15:11:05.778,22778,22779,22778,2,-2
2024-09-25 15:11:06.055,22777,22778,22777,1,-1
2024-09-25 15:11:06.140,22776,22777,22776,1,-1
2024-09-25 15:11:07.099,22776,22777,22776,1,-1
2024-09-25 15:11:09.286,22778,22779,22778,1,-1
2024-09-25 15:11:10.321,22776,22778,22776,1,-1
2024-09-25 15:11:11.058,22777,22779,22779,2,2
2024-09-25 15:11:12.166,22776,22778,22776,1,-1
2024-09-25 15:11:13.855,22776,22777,22776,1,-1
2024-09-25 15:11:14.073,22775,22776,22775,1,-1
2024-09-25 15:11:14.170,22773,22775,22774,1,-1
2024-09-25 15:11:14.551,22773,22774,22773,1,-1
2024-09-25 15:11:14.551,22773,22774,22773,1,-1
2024-09-25 15:11:14.551,22773,22774,22773,1,-1
2024-09-25 15:11:14.551,22773,22774,22773,2,-2
2024-09-25 15:11:14.960,22772,22773,22773,1,1
2024-09-25 15:11:15.794,22772,22773,22772,1,-1
2024-09-25 15:11:15.894,22771,22772,22771,1,-1
2024-09-25 15:11:15.952,22771,22772,22772,1,1
2024-09-25 15:11:16.887,22770,22771,22770,2,-2
2024-09-25 15:11:18.409,22770,22771,22771,1,1
2024-09-25 15:11:18.884,22770,22771,22771,1,1
2024-09-25 15:11:18.946,22770,22771,22770,3,-3
2024-09-25 15:11:18.946,22770,22771,22769,2,-2
2024-09-25 15:11:18.947,22770,22771,22769,1,-1
2024-09-25 15:11:18.948,22770,22771,22769,3,-3
2024-09-25 15:11:19.142,22768,22769,22769,9,9
2024-09-25 15:11:19.781,22771,22772,22772,1,1
2024-09-25 15:11:19.971,22772,22774,22772,1,-1
2024-09-25 15:11:20.730,22774,22776,22774,1,-1
2024-09-25 15:11:22.347,22772,22774,22771,7,-7
2024-09-25 15:11:22.616,22769,22771,22771,1,1
2024-09-25 15:11:23.414,22769,22770,22770,2,2
2024-09-25 15:11:24.415,22770,22771,22771,10,10
2024-09-25 15:11:24.684,22771,22772,22771,2,-2
2024-09-25 15:11:24.684,22771,22772,22770,3,-3
2024-09-25 15:11:25.072,22771,22772,22771,1,-1
2024-09-25 15:11:25.722,22771,22772,22771,1,-1
2024-09-25 15:11:26.752,22771,22772,22772,1,1
2024-09-25 15:11:27.284,22771,22772,22771,1,-1
2024-09-25 15:11:27.327,22771,22772,22772,1,1
2024-09-25 15:11:27.882,22771,22772,22772,1,1
2024-09-25 15:11:29.189,22770,22772,22772,1,1
2024-09-25 15:11:29.389,22771,22772,22772,1,1
2024-09-25 15:11:31.776,22772,22774,22772,3,-3
2024-09-25 15:11:31.801,22772,22774,22774,1,1
2024-09-25 15:11:38.740,22774,22775,22775,1,1
2024-09-25 15:11:39.258,22774,22776,22776,1,1
2024-09-25 15:11:48.009,22774,22775,22775,1,1
2024-09-25 15:11:48.011,22774,22776,22776,2,2
2024-09-25 15:11:53.763,22774,22775,22774,1,-1
2024-09-25 15:12:01.769,22773,22774,22773,4,-4
2024-09-25 15:12:01.770,22773,22774,22772,1,-1
2024-09-25 15:12:02.137,22771,22773,22773,1,1
2024-09-25 15:12:09.100,22772,22774,22774,1,1
2024-09-25 15:12:12.950,22772,22774,22774,1,1
2024-09-25 15:12:13.236,22774,22777,22775,1,-1
2024-09-25 15:12:13.884,22775,22776,22775,1,-1
2024-09-25 15:12:15.876,22772,22774,22772,1,-1
2024-09-25 15:12:15.877,22772,22774,22772,2,-2
2024-09-25 15:12:15.877,22772,22774,22772,2,-2
2024-09-25 15:12:16.003,22771,22773,22771,1,-1
2024-09-25 15:12:16.198,22771,22772,22771,1,-1
2024-09-25 15:12:17.834,22771,22772,22771,1,-1
2024-09-25 15:12:17.855,22771,22772,22771,1,-1
2024-09-25 15:12:17.887,22770,22771,22770,1,-1
2024-09-25 15:12:17.887,22770,22771,22770,1,-1
2024-09-25 15:12:17.888,22770,22771,22770,1,-1
2024-09-25 15:12:17.888,22770,22771,22770,1,-1
2024-09-25 15:12:17.888,22770,22771,22770,2,-2
2024-09-25 15:12:17.888,22770,22771,22770,1,-1
2024-09-25 15:12:17.888,22770,22771,22770,1,-1
2024-09-25 15:12:17.888,22770,22771,22770,1,-1
2024-09-25 15:12:17.888,22770,22771,22770,1,-1
2024-09-25 15:12:17.889,22770,22771,22770,3,-3
2024-09-25 15:12:17.889,22770,22771,22770,1,-1
2024-09-25 15:12:17.935,22770,22771,22770,2,-2
2024-09-25 15:12:17.977,22770,22771,22771,3,3
2024-09-25 15:12:18.223,22770,22772,22770,3,-3
2024-09-25 15:12:21.733,22775,22778,22775,1,-1
2024-09-25 15:12:24.955,22775,22778,22778,2,2
2024-09-25 15:12:26.814,22776,22778,22778,5,5
2024-09-25 15:12:30.065,22778,22779,22779,1,1
2024-09-25 15:12:31.140,22778,22779,22779,1,1
2024-09-25 15:12:31.761,22779,22780,22779,1,-1
2024-09-25 15:12:33.884,22779,22780,22780,2,2
2024-09-25 15:12:34.401,22780,22783,22780,2,-2
2024-09-25 15:12:40.544,22781,22782,22781,1,-1
2024-09-25 15:12:43.205,22780,22782,22780,1,-1
2024-09-25 15:12:44.979,22780,22781,22781,1,1
2024-09-25 15:12:45.871,22781,22782,22781,1,-1
2024-09-25 15:12:47.942,22781,22782,22782,1,1
2024-09-25 15:12:47.963,22781,22782,22782,1,1
2024-09-25 15:12:48.689,22782,22783,22781,1,-1
2024-09-25 15:12:48.689,22782,22783,22782,3,-3
2024-09-25 15:12:49.750,22782,22783,22783,1,1
2024-09-25 15:12:49.981,22782,22785,22783,1,-1
2024-09-25 15:12:50.282,22782,22785,22782,1,-1
2024-09-25 15:12:53.742,22782,22784,22782,1,-1
2024-09-25 15:12:55.159,22782,22784,22782,1,-1
2024-09-25 15:12:55.322,22781,22784,22784,1,1
2024-09-25 15:13:00.486,22782,22784,22782,1,-1
2024-09-25 15:13:01.383,22783,22785,22784,1,-1
2024-09-25 15:13:01.383,22783,22785,22784,1,-1
2024-09-25 15:13:03.069,22783,22785,22785,1,1
2024-09-25 15:13:03.294,22785,22786,22786,1,1
2024-09-25 15:13:03.294,22785,22786,22788,1,1
2024-09-25 15:13:11.216,22787,22788,22788,1,1
2024-09-25 15:13:11.217,22787,22788,22788,1,1
2024-09-25 15:13:11.956,22788,22789,22789,1,1
2024-09-25 15:13:11.957,22788,22789,22789,1,1
2024-09-25 15:13:12.211,22788,22790,22788,1,-1
2024-09-25 15:13:18.676,22788,22789,22788,1,-1
2024-09-25 15:13:24.944,22788,22790,22788,1,-1
2024-09-25 15:13:27.679,22787,22790,22790,2,2
2024-09-25 15:13:27.987,22789,22791,22790,2,2
2024-09-25 15:13:28.332,22789,22791,22789,1,-1
2024-09-25 15:13:34.135,22790,22791,22790,2,-2
2024-09-25 15:13:34.746,22790,22791,22789,1,-1
2024-09-25 15:13:38.300,22788,22790,22788,1,-1
2024-09-25 15:13:39.811,22788,22791,22789,1,-1
2024-09-25 15:13:43.396,22788,22790,22788,1,-1
2024-09-25 15:13:57.333,22786,22787,22786,2,-2
2024-09-25 15:13:58.800,22785,22787,22785,1,-1
2024-09-25 15:14:08.078,22784,22785,22784,1,-1
2024-09-25 15:14:12.419,22783,22784,22783,1,-1
2024-09-25 15:14:15.401,22782,22783,22783,1,1
2024-09-25 15:14:19.847,22781,22782,22781,6,-6
2024-09-25 15:14:28.656,22779,22781,22779,1,-1
2024-09-25 15:14:32.518,22780,22781,22780,1,-1
2024-09-25 15:14:46.180,22781,22783,22781,1,-1
2024-09-25 15:14:46.406,22780,22782,22782,1,1
2024-09-25 15:14:59.609,22783,22784,22784,1,1
2024-09-25 15:14:59.609,22783,22784,22784,1,1
2024-09-25 15:15:03.053,22784,22786,22784,1,-1
2024-09-25 15:15:03.156,22783,22785,22783,1,-1
2024-09-25 15:15:03.157,22783,22785,22783,1,-1
2024-09-25 15:15:03.171,22783,22785,22784,1,-1
2024-09-25 15:15:03.171,22783,22785,22784,1,-1
2024-09-25 15:15:03.171,22783,22785,22785,1,1
2024-09-25 15:15:03.247,22783,22785,22785,3,3
2024-09-25 15:15:03.448,22784,22787,22787,3,3
2024-09-25 15:15:03.602,22785,22788,22784,2,-2
2024-09-25 15:15:03.675,22783,22786,22783,1,-1
2024-09-25 15:15:05.076,22784,22787,22787,3,3
2024-09-25 15:15:05.137,22785,22788,22788,1,1
2024-09-25 15:15:05.138,22785,22788,22788,1,1
2024-09-25 15:15:05.987,22786,22788,22786,1,-1
2024-09-25 15:15:06.033,22785,22788,22785,1,-1
2024-09-25 15:15:07.050,22786,22788,22788,20,20
2024-09-25 15:15:07.055,22786,22788,22790,2,2
2024-09-25 15:15:07.070,22786,22788,22789,1,1
2024-09-25 15:15:07.071,22786,22788,22789,1,1
2024-09-25 15:15:07.071,22786,22788,22788,5,5
2024-09-25 15:15:07.139,22787,22790,22790,1,1
2024-09-25 15:15:07.139,22787,22790,22790,1,1
2024-09-25 15:15:09.555,22790,22791,22790,4,-4
2024-09-25 15:15:12.259,22790,22791,22791,10,10
2024-09-25 15:15:12.261,22790,22792,22792,3,3
2024-09-25 15:15:14.032,22791,22793,22791,2,-2
2024-09-25 15:15:14.559,22790,22793,22793,1,1
2024-09-25 15:15:15.438,22791,22792,22792,1,1
2024-09-25 15:15:16.606,22791,22792,22791,1,-1
2024-09-25 15:15:19.555,22789,22792,22789,1,-1
2024-09-25 15:15:20.533,22790,22792,22790,1,-1
2024-09-25 15:15:25.381,22789,22791,22789,1,-1
2024-09-25 15:15:25.422,22789,22790,22789,1,-1
2024-09-25 15:15:27.725,22788,22789,22788,1,-1
2024-09-25 15:15:30.599,22786,22787,22787,1,1
2024-09-25 15:15:32.160,22786,22787,22786,1,-1
2024-09-25 15:15:35.577,22785,22787,22785,1,-1
2024-09-25 15:15:38.452,22786,22789,22786,1,-1
2024-09-25 15:15:38.937,22786,22788,22786,1,-1
2024-09-25 15:15:40.563,22785,22788,22785,1,-1
2024-09-25 15:15:58.394,22785,22786,22785,3,-3
2024-09-25 15:16:00.658,22785,22786,22785,1,-1
2024-09-25 15:16:00.767,22784,22785,22785,1,1
2024-09-25 15:16:00.768,22784,22785,22785,1,1
2024-09-25 15:16:00.768,22784,22785,22786,1,1
2024-09-25 15:16:00.773,22784,22785,22787,1,1
2024-09-25 15:16:12.565,22788,22789,22789,2,2
2024-09-25 15:16:12.639,22789,22790,22790,1,1
2024-09-25 15:16:12.639,22789,22790,22790,1,1
2024-09-25 15:16:18.401,22789,22790,22790,5,5
2024-09-25 15:16:18.401,22789,22790,22791,9,9
2024-09-25 15:16:18.514,22791,22792,22792,1,1
2024-09-25 15:16:18.514,22791,22792,22792,1,1
2024-09-25 15:16:18.514,22791,22792,22793,1,1
2024-09-25 15:16:18.514,22791,22792,22793,1,1
2024-09-25 15:16:18.515,22791,22792,22793,2,2
2024-09-25 15:16:18.515,22791,22792,22793,1,1
2024-09-25 15:16:20.618,22791,22794,22791,1,-1
2024-09-25 15:16:20.637,22791,22794,22794,1,1
2024-09-25 15:16:20.637,22791,22794,22794,1,1
2024-09-25 15:16:20.637,22791,22794,22794,1,1
2024-09-25 15:16:20.637,22791,22794,22794,1,1
2024-09-25 15:16:20.638,22791,22794,22795,1,1
2024-09-25 15:16:20.638,22791,22794,22795,1,1
2024-09-25 15:16:20.638,22791,22794,22795,1,1
2024-09-25 15:16:20.638,22791,22794,22795,1,1
2024-09-25 15:16:20.638,22791,22794,22795,1,1
2024-09-25 15:16:20.639,22791,22794,22795,1,1
2024-09-25 15:16:20.639,22791,22794,22795,1,1
2024-09-25 15:16:20.639,22791,22794,22795,1,1
2024-09-25 15:16:20.639,22791,22794,22795,1,1
2024-09-25 15:16:20.639,22791,22794,22795,1,1
2024-09-25 15:16:20.646,22791,22794,22796,1,1
2024-09-25 15:16:20.817,22794,22796,22796,1,1
2024-09-25 15:16:20.827,22794,22796,22797,1,1
2024-09-25 15:16:22.738,22793,22796,22796,1,1
2024-09-25 15:16:25.729,22792,22794,22792,1,-1
2024-09-25 15:16:25.892,22792,22795,22795,1,1
2024-09-25 15:16:30.342,22793,22795,22793,2,-2
2024-09-25 15:16:31.049,22793,22795,22793,1,-1
2024-09-25 15:16:31.138,22792,22794,22794,1,1
2024-09-25 15:16:31.139,22792,22794,22794,1,1
2024-09-25 15:16:31.140,22792,22794,22794,1,1
2024-09-25 15:16:31.140,22792,22794,22794,1,1
2024-09-25 15:16:31.140,22792,22794,22795,1,1
2024-09-25 15:16:31.140,22792,22794,22795,1,1
2024-09-25 15:16:31.140,22792,22794,22795,1,1
2024-09-25 15:16:31.678,22793,22795,22795,1,1
2024-09-25 15:16:32.579,22794,22795,22794,1,-1
2024-09-25 15:16:33.135,22794,22795,22795,1,1
2024-09-25 15:16:35.371,22794,22795,22795,1,1
2024-09-25 15:16:35.372,22794,22795,22795,1,1
2024-09-25 15:16:35.372,22794,22795,22795,1,1
2024-09-25 15:16:35.438,22795,22796,22795,1,-1
2024-09-25 15:16:36.905,22794,22795,22794,2,-2
2024-09-25 15:16:36.905,22794,22795,22793,1,-1
2024-09-25 15:16:36.972,22794,22795,22793,1,-1
2024-09-25 15:16:37.013,22793,22795,22795,1,1
2024-09-25 15:16:37.014,22793,22795,22796,1,1
2024-09-25 15:16:37.014,22793,22795,22795,1,1
2024-09-25 15:16:37.014,22793,22795,22796,1,1
2024-09-25 15:16:38.054,22795,22796,22795,1,-1
2024-09-25 15:16:39.021,22795,22796,22795,3,-3
2024-09-25 15:16:39.257,22793,22795,22793,1,-1
2024-09-25 15:16:40.082,22794,22795,22795,13,13
2024-09-25 15:16:41.080,22795,22796,22795,1,-1
2024-09-25 15:16:48.300,22795,22796,22796,1,1
2024-09-25 15:16:48.405,22795,22796,22796,1,1
2024-09-25 15:16:48.405,22795,22796,22796,1,1
2024-09-25 15:16:48.405,22795,22796,22796,1,1
2024-09-25 15:16:49.505,22796,22797,22797,3,3
2024-09-25 15:16:49.505,22796,22797,22797,2,2
2024-09-25 15:16:49.514,22796,22798,22798,1,1
2024-09-25 15:16:49.673,22796,22798,22796,2,-2
2024-09-25 15:16:50.197,22796,22797,22796,1,-1
2024-09-25 15:16:50.974,22796,22797,22798,4,4
2024-09-25 15:16:50.974,22796,22797,22797,1,1
2024-09-25 15:16:51.028,22796,22798,22796,1,-1
2024-09-25 15:16:51.146,22796,22798,22798,3,3
2024-09-25 15:16:52.901,22797,22798,22798,1,1
2024-09-25 15:16:53.196,22797,22798,22798,2,2
2024-09-25 15:16:53.329,22797,22798,22798,2,2
2024-09-25 15:16:53.332,22797,22798,22799,6,6
2024-09-25 15:16:53.332,22797,22798,22799,3,3
2024-09-25 15:16:53.558,22798,22800,22800,1,1
2024-09-25 15:16:53.655,22798,22800,22800,1,1
2024-09-25 15:16:54.339,22796,22799,22796,3,-3
2024-09-25 15:16:56.871,22798,22800,22798,3,-3
2024-09-25 15:16:58.202,22799,22800,22799,1,-1
2024-09-25 15:16:58.202,22799,22800,22798,2,-2
2024-09-25 15:16:59.097,22798,22799,22799,1,1
2024-09-25 15:16:59.097,22798,22799,22800,3,3
2024-09-25 15:17:00.407,22798,22799,22802,11,11
2024-09-25 15:17:00.407,22798,22799,22800,15,15
2024-09-25 15:17:00.407,22798,22799,22799,1,1
2024-09-25 15:17:00.407,22798,22799,22801,11,11
2024-09-25 15:17:00.409,22798,22799,22802,1,1
2024-09-25 15:17:00.409,22798,22799,22802,9,9
2024-09-25 15:17:00.519,22802,22803,22803,1,1
2024-09-25 15:17:00.541,22802,22803,22803,1,1
2024-09-25 15:17:00.550,22802,22803,22804,1,1
2024-09-25 15:17:00.559,22802,22803,22804,7,7
2024-09-25 15:17:00.560,22802,22803,22804,1,1
2024-09-25 15:17:00.561,22802,22803,22804,1,1
2024-09-25 15:17:00.561,22802,22803,22804,2,2
2024-09-25 15:17:00.561,22802,22803,22804,4,4
2024-09-25 15:17:00.561,22802,22803,22804,2,2
2024-09-25 15:17:00.561,22802,22803,22804,6,6
2024-09-25 15:17:00.561,22802,22803,22804,1,1
2024-09-25 15:17:00.561,22802,22803,22804,2,2
2024-09-25 15:17:00.562,22802,22803,22804,7,7
2024-09-25 15:17:00.562,22802,22803,22804,1,1
2024-09-25 15:17:00.562,22802,22803,22804,1,1
2024-09-25 15:17:00.563,22802,22803,22805,4,4
2024-09-25 15:17:00.563,22802,22803,22805,1,1
2024-09-25 15:17:00.563,22802,22803,22805,1,1
2024-09-25 15:17:00.563,22802,22803,22805,1,1
2024-09-25 15:17:00.565,22802,22803,22805,2,2
2024-09-25 15:17:00.656,22803,22805,22803,1,-1
2024-09-25 15:17:00.657,22803,22805,22803,1,-1
2024-09-25 15:17:00.659,22803,22805,22802,1,-1
2024-09-25 15:17:00.660,22803,22805,22802,1,-1
2024-09-25 15:17:00.660,22803,22805,22801,1,-1
2024-09-25 15:17:00.686,22803,22805,22804,2,-2
2024-09-25 15:17:01.021,22801,22804,22804,1,1
2024-09-25 15:17:01.782,22801,22803,22802,1,1
2024-09-25 15:17:01.871,22801,22803,22802,1,1
2024-09-25 15:17:02.372,22800,22803,22803,1,1
2024-09-25 15:17:02.529,22800,22803,22800,2,-2
2024-09-25 15:17:03.116,22801,22803,22801,1,-1
2024-09-25 15:17:03.116,22801,22803,22800,1,-1
2024-09-25 15:17:03.155,22800,22803,22803,1,1
2024-09-25 15:17:07.555,22800,22801,22800,1,-1
2024-09-25 15:17:08.173,22798,22800,22800,1,1
2024-09-25 15:17:10.850,22799,22800,22799,1,-1
2024-09-25 15:17:14.798,22798,22799,22798,1,-1
2024-09-25 15:17:14.798,22798,22799,22798,1,-1
2024-09-25 15:17:15.444,22797,22798,22797,1,-1
2024-09-25 15:17:18.595,22795,22796,22796,1,1
2024-09-25 15:17:19.403,22796,22797,22797,1,1
2024-09-25 15:17:20.927,22796,22797,22796,1,-1
2024-09-25 15:17:23.896,22796,22798,22798,1,1
2024-09-25 15:17:24.686,22797,22798,22797,1,-1
2024-09-25 15:17:24.790,22796,22797,22797,1,1
2024-09-25 15:17:30.673,22796,22798,22796,6,-6
2024-09-25 15:17:30.674,22796,22798,22795,2,-2
2024-09-25 15:17:44.580,22794,22795,22794,1,-1
2024-09-25 15:17:44.639,22793,22795,22795,1,1
2024-09-25 15:17:50.445,22793,22795,22793,1,-1
2024-09-25 15:17:51.158,22793,22795,22793,1,-1
2024-09-25 15:17:54.950,22793,22795,22794,1,-1
2024-09-25 15:17:56.576,22794,22795,22795,1,1
2024-09-25 15:17:59.291,22794,22795,22794,3,-3
2024-09-25 15:18:00.679,22794,22795,22794,3,-3
2024-09-25 15:18:00.768,22793,22795,22795,1,1
2024-09-25 15:18:00.769,22793,22795,22795,1,1
2024-09-25 15:18:00.769,22793,22795,22795,10,10
2024-09-25 15:18:00.865,22793,22795,22797,1,1
2024-09-25 15:18:01.961,22795,22797,22795,3,-3
2024-09-25 15:18:02.013,22795,22797,22797,1,1
2024-09-25 15:18:02.014,22795,22797,22797,1,1
2024-09-25 15:18:09.406,22796,22797,22798,8,8
2024-09-25 15:18:09.406,22796,22797,22797,2,2
2024-09-25 15:18:09.924,22797,22798,22797,1,-1
2024-09-25 15:18:11.260,22797,22798,22798,2,2
2024-09-25 15:18:11.261,22797,22798,22798,1,1
2024-09-25 15:18:11.389,22797,22799,22799,1,1
2024-09-25 15:18:11.389,22797,22799,22799,1,1
2024-09-25 15:18:11.389,22797,22799,22800,1,1
2024-09-25 15:18:11.713,22798,22800,22798,1,-1
2024-09-25 15:18:16.955,22799,22800,22800,1,1
2024-09-25 15:18:16.955,22799,22800,22800,1,1
2024-09-25 15:18:17.297,22800,22801,22801,1,1
2024-09-25 15:18:17.703,22801,22802,22802,5,5
2024-09-25 15:18:18.523,22801,22803,22803,1,1
2024-09-25 15:18:18.544,22801,22803,22803,3,3
2024-09-25 15:18:18.544,22801,22803,22803,3,3
2024-09-25 15:18:18.610,22801,22803,22801,1,-1
2024-09-25 15:18:18.639,22800,22802,22802,1,1
2024-09-25 15:18:18.894,22801,22804,22804,2,2
2024-09-25 15:18:21.259,22801,22804,22804,1,1
2024-09-25 15:18:24.257,22801,22802,22802,1,1
2024-09-25 15:18:30.796,22802,22803,22802,1,-1
2024-09-25 15:18:31.438,22802,22803,22803,2,2
2024-09-25 15:18:31.438,22802,22803,22804,2,2
2024-09-25 15:18:31.514,22803,22805,22805,1,1
2024-09-25 15:18:31.514,22803,22805,22805,1,1
2024-09-25 15:18:31.654,22803,22806,22803,1,-1
2024-09-25 15:18:33.922,22804,22806,22806,1,1
2024-09-25 15:18:34.242,22804,22806,22806,1,1
2024-09-25 15:18:34.271,22804,22806,22806,1,1
2024-09-25 15:18:34.271,22804,22806,22807,1,1
2024-09-25 15:18:34.695,22804,22807,22807,1,1
2024-09-25 15:18:37.893,22804,22807,22804,1,-1
2024-09-25 15:18:37.893,22804,22807,22803,1,-1
2024-09-25 15:18:38.590,22801,22803,22803,1,1
2024-09-25 15:18:38.895,22801,22803,22801,1,-1
2024-09-25 15:18:39.163,22801,22803,22801,1,-1
2024-09-25 15:18:41.830,22800,22803,22802,2,2
2024-09-25 15:18:42.819,22801,22803,22803,1,1
2024-09-25 15:18:48.655,22801,22803,22803,1,1
2024-09-25 15:18:51.557,22802,22804,22804,18,18
2024-09-25 15:18:51.637,22803,22804,22804,1,1
2024-09-25 15:18:51.638,22803,22804,22804,1,1
2024-09-25 15:18:56.398,22804,22806,22804,1,-1
2024-09-25 15:18:57.401,22802,22803,22802,1,-1
2024-09-25 15:19:00.000,22801,22802,22801,2,-2
2024-09-25 15:19:00.132,22800,22801,22800,1,-1
2024-09-25 15:19:00.132,22800,22801,22800,1,-1
2024-09-25 15:19:00.132,22800,22801,22800,2,-2
2024-09-25 15:19:00.505,22799,22801,22801,2,2
2024-09-25 15:19:02.972,22799,22800,22800,3,3
2024-09-25 15:19:05.953,22800,22801,22800,4,-4
2024-09-25 15:19:06.105,22799,22800,22799,1,-1
2024-09-25 15:19:06.306,22798,22799,22798,1,-1
2024-09-25 15:19:08.646,22797,22798,22797,1,-1
2024-09-25 15:19:08.646,22797,22798,22796,4,-4
2024-09-25 15:19:08.754,22797,22798,22796,2,-2
2024-09-25 15:19:08.754,22797,22798,22795,1,-1
2024-09-25 15:19:09.011,22796,22797,22797,1,1
2024-09-25 15:19:10.501,22796,22799,22798,1,1
2024-09-25 15:19:13.142,22796,22797,22797,1,1
2024-09-25 15:19:14.970,22796,22797,22796,1,-1
2024-09-25 15:19:14.971,22796,22797,22796,1,-1
2024-09-25 15:19:14.971,22796,22797,22796,1,-1
2024-09-25 15:19:16.397,22795,22797,22795,1,-1
2024-09-25 15:19:18.429,22796,22797,22796,1,-1
2024-09-25 15:19:18.680,22795,22797,22795,1,-1
2024-09-25 15:19:21.771,22796,22797,22797,3,3
2024-09-25 15:19:32.741,22797,22798,22798,1,1
2024-09-25 15:19:32.741,22797,22798,22798,2,2
2024-09-25 15:19:32.741,22797,22798,22798,1,1
2024-09-25 15:19:33.090,22797,22799,22799,1,1
2024-09-25 15:19:38.818,22799,22801,22800,1,1
2024-09-25 15:19:38.824,22799,22801,22799,1,-1
2024-09-25 15:19:42.467,22800,22802,22800,1,-1
2024-09-25 15:19:46.300,22800,22801,22800,1,-1
2024-09-25 15:19:46.300,22800,22801,22800,2,-2
2024-09-25 15:19:48.909,22798,22799,22799,1,1
2024-09-25 15:19:50.141,22798,22800,22798,2,-2
2024-09-25 15:19:50.722,22797,22799,22798,1,-1
2024-09-25 15:19:52.463,22797,22798,22797,3,-3
2024-09-25 15:19:52.464,22797,22798,22797,2,-2
2024-09-25 15:19:52.464,22797,22798,22797,1,-1
2024-09-25 15:19:52.464,22797,22798,22797,1,-1
2024-09-25 15:19:53.425,22796,22798,22796,1,-1
2024-09-25 15:19:54.091,22795,22797,22797,1,1
2024-09-25 15:19:54.219,22795,22797,22795,1,-1
2024-09-25 15:19:55.910,22795,22798,22798,1,1
2024-09-25 15:19:56.565,22796,22798,22797,1,1
2024-09-25 15:19:58.712,22796,22798,22798,1,1
2024-09-25 15:20:00.904,22797,22799,22797,1,-1
2024-09-25 15:20:01.408,22796,22799,22796,2,-2
2024-09-25 15:20:01.791,22796,22799,22799,1,1
2024-09-25 15:20:07.205,22796,22797,22797,1,1
2024-09-25 15:20:07.835,22796,22797,22796,3,-3
2024-09-25 15:20:08.050,22795,22796,22796,1,1
2024-09-25 15:20:12.241,22795,22797,22795,2,-2
2024-09-25 15:20:12.373,22795,22797,22797,5,5
2024-09-25 15:20:12.373,22795,22797,22798,1,1
2024-09-25 15:20:14.326,22795,22798,22795,1,-1
2024-09-25 15:20:15.632,22795,22797,22797,3,3
2024-09-25 15:20:15.632,22795,22797,22798,3,3
2024-09-25 15:20:19.541,22796,22797,22796,2,-2
2024-09-25 15:20:19.541,22796,22797,22795,2,-2
2024-09-25 15:20:20.152,22794,22797,22794,2,-2
2024-09-25 15:20:20.833,22793,22795,22793,1,-1
2024-09-25 15:20:25.530,22794,22795,22795,1,1
2024-09-25 15:20:29.534,22795,22796,22795,1,-1
2024-09-25 15:20:31.171,22794,22795,22795,2,2
2024-09-25 15:20:36.320,22795,22796,22796,1,1
2024-09-25 15:20:36.517,22795,22796,22795,1,-1
2024-09-25 15:20:36.517,22795,22796,22795,1,-1
2024-09-25 15:20:36.517,22795,22796,22795,1,-1
2024-09-25 15:20:36.518,22795,22796,22795,1,-1
2024-09-25 15:20:36.518,22795,22796,22795,1,-1
2024-09-25 15:20:36.518,22795,22796,22795,1,-1
2024-09-25 15:20:36.518,22795,22796,22795,3,-3
2024-09-25 15:20:36.518,22795,22796,22795,1,-1
2024-09-25 15:20:37.288,22794,22795,22794,1,-1
2024-09-25 15:20:37.289,22794,22795,22794,1,-1
2024-09-25 15:20:40.754,22793,22796,22793,1,-1
2024-09-25 15:20:43.213,22793,22795,22793,1,-1
2024-09-25 15:20:45.937,22793,22795,22795,1,1
2024-09-25 15:20:46.546,22795,22798,22795,1,-1
2024-09-25 15:20:47.402,22796,22798,22798,1,1
2024-09-25 15:20:47.422,22796,22798,22797,3,3
2024-09-25 15:20:55.979,22798,22799,22799,1,1
2024-09-25 15:21:01.813,22799,22800,22800,2,2
2024-09-25 15:21:01.814,22799,22800,22801,1,1
2024-09-25 15:21:02.164,22800,22802,22802,1,1
2024-09-25 15:21:05.300,22801,22802,22801,1,-1
2024-09-25 15:21:05.300,22801,22802,22800,2,-2
2024-09-25 15:21:05.956,22799,22802,22799,1,-1
2024-09-25 15:21:09.076,22800,22801,22801,1,1
2024-09-25 15:21:15.093,22801,22802,22802,2,2
2024-09-25 15:21:15.810,22802,22803,22803,1,1
2024-09-25 15:21:16.143,22802,22804,22802,2,-2
2024-09-25 15:21:16.144,22802,22804,22801,3,-3
2024-09-25 15:21:16.195,22802,22804,22800,2,-2
2024-09-25 15:21:23.729,22801,22803,22801,1,-1
2024-09-25 15:21:27.610,22801,22803,22801,1,-1
2024-09-25 15:21:28.016,22800,22803,22800,1,-1
2024-09-25 15:21:33.340,22801,22802,22801,1,-1
2024-09-25 15:21:36.390,22800,22801,22801,1,1
2024-09-25 15:21:40.073,22800,22801,22801,1,1
2024-09-25 15:21:41.074,22800,22802,22802,1,1
2024-09-25 15:21:41.134,22800,22802,22800,1,-1
2024-09-25 15:21:48.077,22801,22802,22801,1,-1
2024-09-25 15:21:48.696,22801,22802,22801,1,-1
2024-09-25 15:21:51.071,22801,22802,22802,1,1
2024-09-25 15:21:51.667,22802,22803,22803,1,1
2024-09-25 15:21:55.853,22803,22804,22804,1,1
2024-09-25 15:21:55.866,22803,22804,22805,2,2
2024-09-25 15:21:55.874,22803,22804,22804,3,3
2024-09-25 15:21:55.895,22804,22806,22804,3,-3
2024-09-25 15:21:56.088,22804,22806,22804,1,-1
2024-09-25 15:21:56.494,22803,22804,22804,1,1
2024-09-25 15:21:56.892,22804,22806,22804,1,-1
2024-09-25 15:21:58.987,22804,22805,22805,1,1
2024-09-25 15:22:00.597,22803,22805,22805,1,1
2024-09-25 15:22:01.277,22803,22804,22804,1,1
2024-09-25 15:22:01.278,22803,22804,22804,1,1
2024-09-25 15:22:01.298,22803,22804,22805,1,1
2024-09-25 15:22:04.083,22804,22806,22806,1,1
2024-09-25 15:22:06.894,22805,22806,22805,1,-1
2024-09-25 15:22:07.366,22804,22805,22805,1,1
2024-09-25 15:22:07.483,22804,22806,22804,1,-1
2024-09-25 15:22:08.531,22804,22806,22806,1,1
2024-09-25 15:22:08.531,22804,22806,22807,2,2
2024-09-25 15:22:10.706,22803,22805,22805,1,1
2024-09-25 15:22:11.080,22804,22806,22806,1,1
2024-09-25 15:22:14.862,22802,22804,22803,2,2
2024-09-25 15:22:14.958,22802,22803,22805,1,1
2024-09-25 15:22:14.958,22802,22803,22804,6,6
2024-09-25 15:22:14.958,22802,22803,22803,3,3
2024-09-25 15:22:20.174,22802,22804,22804,1,1
2024-09-25 15:22:21.619,22802,22804,22802,2,-2
2024-09-25 15:22:30.234,22801,22802,22802,1,1
2024-09-25 15:22:31.858,22801,22803,22801,1,-1
2024-09-25 15:22:31.859,22801,22803,22801,3,-3
2024-09-25 15:22:31.859,22801,22803,22801,1,-1
2024-09-25 15:22:31.859,22801,22803,22801,3,-3
2024-09-25 15:22:40.618,22802,22804,22802,1,-1
2024-09-25 15:22:42.542,22801,22803,22801,1,-1
2024-09-25 15:22:44.196,22802,22803,22802,1,-1
2024-09-25 15:22:49.971,22801,22802,22802,1,1
2024-09-25 15:22:51.482,22802,22803,22803,2,2
2024-09-25 15:22:51.917,22803,22804,22804,3,3
2024-09-25 15:22:52.421,22804,22805,22805,3,3
2024-09-25 15:22:52.635,22805,22806,22805,1,-1
2024-09-25 15:22:52.656,22805,22806,22806,3,3
2024-09-25 15:22:53.425,22804,22806,22805,1,1
2024-09-25 15:22:56.711,22805,22807,22807,8,8
2024-09-25 15:22:56.733,22805,22807,22806,3,3
2024-09-25 15:22:56.733,22805,22807,22806,3,3
2024-09-25 15:22:58.930,22806,22807,22807,1,1
2024-09-25 15:22:58.930,22806,22807,22808,13,13
2024-09-25 15:22:59.035,22808,22809,22808,1,-1
2024-09-25 15:22:59.093,22808,22809,22808,2,-2
2024-09-25 15:23:00.357,22807,22809,22807,2,-2
2024-09-25 15:23:01.599,22808,22809,22809,1,1
2024-09-25 15:23:03.356,22807,22809,22807,2,-2
2024-09-25 15:23:11.855,22808,22809,22809,1,1
2024-09-25 15:23:12.074,22808,22809,22809,2,2
2024-09-25 15:23:12.138,22808,22809,22809,1,1
2024-09-25 15:23:12.139,22808,22809,22810,1,1
2024-09-25 15:23:12.142,22808,22809,22810,16,16
2024-09-25 15:23:12.529,22810,22811,22811,1,1
2024-09-25 15:23:13.797,22810,22811,22810,1,-1
2024-09-25 15:23:14.889,22808,22810,22808,2,-2
2024-09-25 15:23:14.988,22808,22810,22810,2,2
2024-09-25 15:23:20.376,22810,22812,22810,1,-1
2024-09-25 15:23:20.721,22808,22809,22809,2,2
2024-09-25 15:23:20.780,22809,22811,22809,1,-1
2024-09-25 15:23:22.557,22808,22810,22810,1,1
2024-09-25 15:23:22.637,22808,22810,22810,1,1
2024-09-25 15:23:22.637,22808,22810,22810,1,1
2024-09-25 15:23:27.315,22809,22810,22810,1,1
2024-09-25 15:23:28.262,22809,22810,22810,1,1
2024-09-25 15:23:28.389,22810,22812,22812,1,1
2024-09-25 15:23:28.390,22810,22812,22812,1,1
2024-09-25 15:23:33.425,22810,22811,22810,1,-1
2024-09-25 15:23:34.282,22809,22811,22810,1,-1
2024-09-25 15:23:41.250,22810,22811,22811,1,1
2024-09-25 15:23:42.832,22809,22810,22810,1,1
2024-09-25 15:23:45.744,22810,22811,22811,1,1
2024-09-25 15:23:45.744,22810,22811,22812,1,1
2024-09-25 15:23:46.683,22810,22812,22810,4,-4
2024-09-25 15:23:46.911,22809,22811,22810,1,-1
2024-09-25 15:23:51.074,22809,22810,22810,2,2
2024-09-25 15:23:52.244,22810,22812,22811,1,1
2024-09-25 15:23:53.378,22810,22812,22810,1,-1
2024-09-25 15:24:01.443,22810,22811,22811,3,3
2024-09-25 15:24:01.670,22810,22811,22811,1,1
2024-09-25 15:24:02.219,22810,22812,22812,1,1
2024-09-25 15:24:04.707,22811,22812,22812,1,1
2024-09-25 15:24:04.707,22811,22812,22812,2,2
2024-09-25 15:24:04.707,22811,22812,22812,2,2
2024-09-25 15:24:04.750,22811,22812,22813,1,1
2024-09-25 15:24:04.750,22811,22812,22813,1,1
2024-09-25 15:24:04.751,22811,22812,22813,1,1
2024-09-25 15:24:04.751,22811,22812,22813,1,1
2024-09-25 15:24:04.751,22811,22812,22813,1,1
2024-09-25 15:24:04.751,22811,22812,22813,1,1
2024-09-25 15:24:04.751,22811,22812,22813,1,1
2024-09-25 15:24:04.772,22813,22814,22813,2,-2
2024-09-25 15:24:10.462,22813,22814,22814,1,1
2024-09-25 15:24:10.715,22813,22814,22814,1,1
2024-09-25 15:24:10.907,22813,22814,22813,1,-1
2024-09-25 15:24:11.062,22813,22814,22813,2,-2
2024-09-25 15:24:11.630,22813,22814,22814,1,1
2024-09-25 15:24:11.630,22813,22814,22814,1,1
2024-09-25 15:24:11.630,22813,22814,22814,1,1
2024-09-25 15:24:11.630,22813,22814,22814,1,1
2024-09-25 15:24:11.630,22813,22814,22814,1,1
2024-09-25 15:24:11.630,22813,22814,22814,1,1
2024-09-25 15:24:11.630,22813,22814,22814,1,1
2024-09-25 15:24:11.630,22813,22814,22814,2,2
2024-09-25 15:24:11.630,22813,22814,22814,2,2
2024-09-25 15:24:11.652,22814,22815,22814,5,-5
2024-09-25 15:24:11.652,22814,22815,22814,3,-3
2024-09-25 15:24:12.429,22814,22815,22815,11,11
2024-09-25 15:24:12.559,22815,22816,22816,15,15
2024-09-25 15:24:12.660,22816,22817,22817,1,1
2024-09-25 15:24:12.661,22816,22817,22817,3,3
2024-09-25 15:24:12.705,22816,22817,22816,1,-1
2024-09-25 15:24:12.825,22816,22818,22816,1,-1
2024-09-25 15:24:14.381,22815,22817,22817,1,1
2024-09-25 15:24:14.687,22815,22817,22817,2,2
2024-09-25 15:24:15.158,22815,22818,22815,1,-1
2024-09-25 15:24:15.523,22815,22816,22816,1,1
2024-09-25 15:24:16.624,22816,22818,22818,1,1
2024-09-25 15:24:16.664,22816,22818,22818,2,2
2024-09-25 15:24:16.696,22816,22818,22816,2,-2
2024-09-25 15:24:17.051,22816,22818,22818,2,2
2024-09-25 15:24:17.205,22816,22818,22816,1,-1
2024-09-25 15:24:18.179,22815,22818,22818,2,2
2024-09-25 15:24:20.660,22817,22818,22818,4,4
2024-09-25 15:24:20.660,22817,22818,22819,4,4
2024-09-25 15:24:25.297,22818,22819,22818,3,-3
2024-09-25 15:24:25.297,22818,22819,22817,2,-2
2024-09-25 15:24:25.681,22817,22819,22819,1,1
2024-09-25 15:24:26.467,22816,22819,22819,1,1
2024-09-25 15:24:27.010,22816,22819,22819,1,1
2024-09-25 15:24:27.436,22816,22819,22819,1,1
2024-09-25 15:24:28.183,22817,22819,22816,1,-1
2024-09-25 15:24:29.944,22816,22817,22816,1,-1
2024-09-25 15:24:33.221,22816,22817,22816,2,-2
2024-09-25 15:24:33.222,22816,22817,22816,1,-1
2024-09-25 15:24:33.222,22816,22817,22816,1,-1
2024-09-25 15:24:33.925,22815,22817,22815,1,-1
2024-09-25 15:24:34.074,22815,22817,22817,5,5
2024-09-25 15:24:35.569,22815,22817,22817,1,1
2024-09-25 15:24:36.606,22816,22818,22819,4,4
2024-09-25 15:24:36.606,22816,22818,22818,2,2
2024-09-25 15:24:38.475,22818,22819,22818,4,-4
2024-09-25 15:24:38.475,22818,22819,22817,1,-1
2024-09-25 15:24:39.983,22817,22818,22818,1,1
2024-09-25 15:24:42.370,22818,22819,22819,1,1
2024-09-25 15:24:44.429,22818,22819,22818,2,-2
2024-09-25 15:24:49.431,22818,22819,22818,1,-1
2024-09-25 15:24:49.450,22818,22819,22819,3,3
2024-09-25 15:24:51.860,22817,22818,22818,2,2
2024-09-25 15:24:51.860,22817,22818,22819,1,1
2024-09-25 15:24:54.486,22817,22819,22817,2,-2
2024-09-25 15:24:54.486,22817,22819,22817,3,-3
2024-09-25 15:24:55.941,22817,22818,22818,1,1
2024-09-25 15:24:56.698,22817,22818,22818,1,1
2024-09-25 15:24:56.698,22817,22818,22819,1,1
2024-09-25 15:25:00.400,22817,22819,22817,1,-1
2024-09-25 15:25:01.046,22816,22818,22818,1,1
2024-09-25 15:25:01.222,22817,22818,22818,1,1
2024-09-25 15:25:01.376,22817,22819,22819,1,1
2024-09-25 15:25:01.435,22817,22819,22819,1,1
2024-09-25 15:25:01.437,22817,22819,22819,1,1
2024-09-25 15:25:01.535,22817,22819,22819,1,1
2024-09-25 15:25:01.698,22817,22819,22819,1,1
2024-09-25 15:25:01.858,22817,22819,22819,1,1
2024-09-25 15:25:02.056,22817,22819,22819,1,1
2024-09-25 15:25:02.251,22817,22819,22819,1,1
2024-09-25 15:25:02.443,22817,22819,22819,1,1
2024-09-25 15:25:02.595,22817,22819,22819,1,1
2024-09-25 15:25:02.810,22817,22819,22819,1,1
2024-09-25 15:25:02.997,22818,22820,22820,1,1
2024-09-25 15:25:03.207,22818,22820,22820,1,1
2024-09-25 15:25:03.386,22818,22820,22820,1,1
2024-09-25 15:25:03.594,22818,22820,22820,1,1
2024-09-25 15:25:03.828,22818,22820,22820,1,1
2024-09-25 15:25:04.062,22818,22820,22820,1,1
2024-09-25 15:25:04.252,22818,22820,22820,1,1
2024-09-25 15:25:04.509,22819,22820,22820,1,1
2024-09-25 15:25:04.749,22819,22820,22820,1,1
2024-09-25 15:25:05.735,22819,22820,22820,2,2
2024-09-25 15:25:05.736,22819,22820,22820,2,2
2024-09-25 15:25:05.739,22819,22820,22820,1,1
2024-09-25 15:25:06.594,22819,22820,22820,9,9
2024-09-25 15:25:06.595,22819,22820,22821,1,1
2024-09-25 15:25:06.596,22819,22820,22821,2,2
2024-09-25 15:25:06.653,22820,22821,22821,1,1
2024-09-25 15:25:07.294,22820,22821,22821,1,1
2024-09-25 15:25:07.388,22820,22821,22821,1,1
2024-09-25 15:25:08.348,22821,22822,22822,3,3
2024-09-25 15:25:08.348,22821,22822,22823,1,1
2024-09-25 15:25:08.348,22821,22822,22824,4,4
2024-09-25 15:25:10.110,22822,22823,22823,1,1
2024-09-25 15:25:12.518,22822,22825,22825,2,2
2024-09-25 15:25:13.873,22823,22825,22823,1,-1
2024-09-25 15:25:15.302,22823,22825,22825,1,1
2024-09-25 15:25:16.807,22823,22825,22823,2,-2
2024-09-25 15:25:17.278,22822,22824,22822,1,-1
2024-09-25 15:25:17.278,22822,22824,22822,1,-1
2024-09-25 15:25:17.382,22822,22824,22823,1,-1
2024-09-25 15:25:21.124,22823,22825,22823,14,-14
2024-09-25 15:25:21.251,22821,22823,22821,2,-2
2024-09-25 15:25:21.427,22820,22823,22823,3,3
2024-09-25 15:25:21.665,22821,22823,22823,1,1
2024-09-25 15:25:22.618,22821,22823,22822,1,1
2024-09-25 15:25:26.047,22820,22823,22823,1,1
2024-09-25 15:25:27.607,22820,22822,22820,3,-3
2024-09-25 15:25:27.607,22820,22822,22820,1,-1
2024-09-25 15:25:27.607,22820,22822,22820,1,-1
2024-09-25 15:25:27.639,22819,22820,22821,1,1
2024-09-25 15:25:27.639,22819,22820,22821,1,1
2024-09-25 15:25:27.838,22819,22820,22820,1,1
2024-09-25 15:25:27.846,22819,22820,22820,1,1
2024-09-25 15:25:28.973,22819,22820,22820,1,1
2024-09-25 15:25:33.137,22819,22820,22820,1,1
2024-09-25 15:25:37.248,22819,22820,22819,1,-1
2024-09-25 15:25:38.010,22818,22819,22819,1,1
2024-09-25 15:25:38.248,22818,22820,22820,3,3
2024-09-25 15:25:38.308,22818,22820,22820,1,1
2024-09-25 15:25:39.572,22818,22820,22817,6,-6
2024-09-25 15:25:39.572,22818,22820,22818,3,-3
2024-09-25 15:25:39.600,22818,22820,22816,11,-11
2024-09-25 15:25:40.293,22816,22819,22817,2,-2
2024-09-25 15:25:41.746,22816,22819,22816,6,-6
2024-09-25 15:25:44.596,22815,22816,22815,3,-3
2024-09-25 15:25:44.716,22814,22816,22814,1,-1
2024-09-25 15:25:44.913,22814,22815,22815,1,1
2024-09-25 15:25:45.802,22814,22816,22814,1,-1
2024-09-25 15:25:46.467,22813,22815,22814,1,-1
2024-09-25 15:25:46.646,22813,22816,22813,1,-1
2024-09-25 15:25:47.570,22813,22815,22815,1,1
2024-09-25 15:25:47.641,22814,22816,22814,1,-1
2024-09-25 15:25:48.472,22813,22815,22814,2,-2
2024-09-25 15:25:48.910,22813,22815,22813,3,-3
2024-09-25 15:25:49.107,22812,22815,22814,1,1
2024-09-25 15:25:49.366,22813,22815,22813,2,-2
2024-09-25 15:25:49.767,22812,22815,22812,8,-8
2024-09-25 15:25:51.580,22813,22814,22813,2,-2
2024-09-25 15:25:54.925,22812,22814,22814,1,1
2024-09-25 15:25:55.019,22812,22814,22814,1,1
2024-09-25 15:25:55.647,22812,22814,22814,1,1
2024-09-25 15:25:57.414,22812,22814,22813,1,1
2024-09-25 15:25:59.050,22812,22814,22814,1,1
2024-09-25 15:26:00.481,22812,22814,22814,3,3
2024-09-25 15:26:00.503,22812,22814,22814,1,1
2024-09-25 15:26:01.475,22813,22816,22814,2,-2
2024-09-25 15:26:04.355,22813,22815,22813,2,-2
2024-09-25 15:26:05.373,22812,22815,22814,1,1
2024-09-25 15:26:06.036,22814,22816,22814,2,-2
2024-09-25 15:26:06.036,22814,22816,22813,5,-5
2024-09-25 15:26:06.036,22814,22816,22812,1,-1
2024-09-25 15:26:09.494,22813,22815,22813,1,-1
2024-09-25 15:26:10.479,22813,22816,22815,1,1
2024-09-25 15:26:13.667,22814,22816,22815,1,1
2024-09-25 15:26:15.545,22815,22816,22815,1,-1
2024-09-25 15:26:19.157,22814,22815,22814,1,-1
2024-09-25 15:26:19.244,22814,22815,22815,2,2
2024-09-25 15:26:28.091,22814,22816,22816,1,1
2024-09-25 15:26:29.531,22815,22818,22815,1,-1
2024-09-25 15:26:37.559,22815,22817,22815,3,-3
2024-09-25 15:26:39.807,22814,22815,22814,1,-1
2024-09-25 15:26:40.228,22814,22815,22814,1,-1
2024-09-25 15:26:40.336,22814,22815,22815,1,1
2024-09-25 15:26:44.701,22814,22815,22814,1,-1
2024-09-25 15:26:45.030,22814,22815,22815,2,2
2024-09-25 15:26:45.890,22814,22815,22815,1,1
2024-09-25 15:26:50.372,22815,22817,22815,1,-1
2024-09-25 15:27:00.178,22816,22818,22818,1,1
2024-09-25 15:27:01.102,22816,22818,22818,5,5
2024-09-25 15:27:01.103,22816,22818,22819,2,2
2024-09-25 15:27:01.103,22816,22818,22819,1,1
2024-09-25 15:27:01.124,22816,22818,22818,3,3
2024-09-25 15:27:01.124,22816,22818,22818,5,5
2024-09-25 15:27:01.138,22817,22820,22820,1,1
2024-09-25 15:27:01.139,22817,22820,22820,1,1
2024-09-25 15:27:02.365,22817,22820,22820,1,1
2024-09-25 15:27:02.876,22817,22820,22820,1,1
2024-09-25 15:27:03.230,22818,22820,22820,2,2
2024-09-25 15:27:08.407,22818,22820,22820,1,1
2024-09-25 15:27:10.194,22818,22820,22820,1,1
2024-09-25 15:27:10.268,22818,22821,22821,1,1
2024-09-25 15:27:10.289,22818,22821,22819,1,-1
2024-09-25 15:27:10.295,22818,22821,22820,1,1
2024-09-25 15:27:12.106,22818,22820,22820,1,1
2024-09-25 15:27:14.682,22818,22820,22820,1,1
2024-09-25 15:27:15.106,22818,22820,22820,2,2
2024-09-25 15:27:15.130,22818,22820,22820,1,1
2024-09-25 15:27:15.152,22819,22821,22819,3,-3
2024-09-25 15:27:20.166,22818,22819,22819,1,1
2024-09-25 15:27:24.105,22819,22820,22819,1,-1
2024-09-25 15:27:29.396,22819,22820,22819,1,-1
2024-09-25 15:27:29.558,22818,22820,22818,1,-1
2024-09-25 15:27:29.667,22818,22820,22820,1,1
2024-09-25 15:27:29.683,22818,22820,22818,2,-2
2024-09-25 15:27:30.279,22818,22820,22820,1,1
2024-09-25 15:27:30.388,22818,22820,22820,1,1
2024-09-25 15:27:30.388,22818,22820,22820,1,1
2024-09-25 15:27:30.388,22818,22820,22821,1,1
2024-09-25 15:27:30.410,22818,22820,22819,3,3
2024-09-25 15:27:33.907,22818,22819,22818,11,-11
2024-09-25 15:27:33.954,22818,22819,22817,1,-1
2024-09-25 15:27:34.064,22816,22818,22816,1,-1
2024-09-25 15:27:34.064,22816,22818,22816,3,-3
2024-09-25 15:27:34.576,22815,22816,22816,1,1
2024-09-25 15:27:38.163,22815,22816,22815,3,-3
2024-09-25 15:27:38.164,22815,22816,22815,3,-3
2024-09-25 15:27:38.164,22815,22816,22815,1,-1
2024-09-25 15:27:38.164,22815,22816,22815,2,-2
2024-09-25 15:27:38.164,22815,22816,22815,1,-1
2024-09-25 15:27:38.326,22814,22816,22814,1,-1
2024-09-25 15:27:38.327,22814,22816,22814,1,-1
2024-09-25 15:27:42.463,22814,22815,22814,1,-1
2024-09-25 15:27:42.915,22814,22815,22814,2,-2
2024-09-25 15:27:44.870,22814,22815,22814,1,-1
2024-09-25 15:27:45.372,22814,22815,22815,1,1
2024-09-25 15:27:46.773,22814,22815,22815,1,1
2024-09-25 15:27:46.774,22814,22815,22815,1,1
2024-09-25 15:27:50.271,22815,22817,22815,1,-1
2024-09-25 15:27:53.226,22814,22817,22815,1,-1
2024-09-25 15:28:00.583,22815,22816,22816,1,1
2024-09-25 15:28:00.583,22815,22816,22816,1,1
2024-09-25 15:28:01.034,22815,22817,22817,5,5
2024-09-25 15:28:01.050,22815,22817,22818,1,1
2024-09-25 15:28:01.062,22815,22817,22818,1,1
2024-09-25 15:28:01.073,22815,22817,22819,4,4
2024-09-25 15:28:01.073,22815,22817,22818,1,1
2024-09-25 15:28:01.129,22815,22817,22817,1,1
2024-09-25 15:28:01.403,22816,22819,22819,1,1
2024-09-25 15:28:04.899,22816,22819,22819,4,4
2024-09-25 15:28:04.900,22816,22819,22819,1,1
2024-09-25 15:28:09.913,22816,22818,22816,1,-1
2024-09-25 15:28:12.826,22816,22817,22816,1,-1
2024-09-25 15:28:19.392,22816,22817,22817,3,3
2024-09-25 15:28:19.414,22816,22817,22817,1,1
2024-09-25 15:28:19.890,22816,22818,22816,1,-1
2024-09-25 15:28:24.606,22815,22817,22815,1,-1
2024-09-25 15:28:36.390,22816,22817,22817,1,1
2024-09-25 15:28:36.391,22816,22817,22817,1,1
2024-09-25 15:28:37.923,22818,22819,22818,3,-3
2024-09-25 15:28:41.233,22816,22819,22817,1,-1
2024-09-25 15:28:48.352,22816,22819,22817,2,-2
2024-09-25 15:28:56.209,22816,22818,22816,1,-1
2024-09-25 15:28:57.541,22816,22818,22818,3,3
2024-09-25 15:28:57.546,22816,22818,22819,5,5
2024-09-25 15:28:57.567,22816,22818,22819,2,2
2024-09-25 15:28:58.514,22819,22820,22820,8,8
2024-09-25 15:28:58.515,22819,22820,22821,6,6
2024-09-25 15:28:59.712,22820,22822,22821,2,2
2024-09-25 15:29:00.776,22821,22822,22822,3,3
2024-09-25 15:29:00.800,22821,22822,22821,2,-2
2024-09-25 15:29:01.109,22820,22822,22820,1,-1
2024-09-25 15:29:01.135,22820,22822,22820,1,-1
2024-09-25 15:29:01.201,22820,22822,22820,1,-1
2024-09-25 15:29:01.201,22820,22822,22820,1,-1
2024-09-25 15:29:02.154,22821,22822,22821,2,-2
2024-09-25 15:29:06.790,22820,22821,22821,1,1
2024-09-25 15:29:08.650,22820,22822,22822,2,2
2024-09-25 15:29:09.139,22821,22822,22821,1,-1
2024-09-25 15:29:11.022,22820,22822,22820,3,-3
2024-09-25 15:29:14.294,22820,22821,22821,2,2
2024-09-25 15:29:20.473,22820,22822,22821,1,1
2024-09-25 15:29:24.611,22820,22822,22822,1,1
2024-09-25 15:29:26.586,22820,22822,22821,1,1
2024-09-25 15:29:31.956,22820,22821,22820,1,-1
2024-09-25 15:29:32.420,22820,22821,22821,1,1
2024-09-25 15:29:32.420,22820,22821,22822,2,2
2024-09-25 15:29:35.022,22820,22822,22820,3,-3
2024-09-25 15:29:39.453,22820,22822,22820,2,-2
2024-09-25 15:29:40.989,22820,22821,22820,3,-3
2024-09-25 15:29:44.712,22821,22822,22821,1,-1
2024-09-25 15:29:52.113,22820,22821,22820,5,-5
2024-09-25 15:29:52.253,22818,22820,22819,1,-1
2024-09-25 15:29:54.011,22818,22820,22818,2,-2
2024-09-25 15:29:56.412,22817,22819,22817,2,-2
2024-09-25 15:30:00.679,22816,22817,22817,1,1
2024-09-25 15:30:00.680,22816,22817,22817,7,7
2024-09-25 15:30:01.081,22817,22818,22817,2,-2
2024-09-25 15:30:01.149,22816,22818,22816,1,-1
2024-09-25 15:30:01.149,22816,22818,22815,1,-1
2024-09-25 15:30:01.321,22816,22817,22816,1,-1
2024-09-25 15:30:01.492,22816,22817,22817,1,1
2024-09-25 15:30:04.286,22816,22818,22818,2,2
2024-09-25 15:30:05.373,22816,22817,22816,1,-1
2024-09-25 15:30:09.086,22815,22816,22816,1,1
2024-09-25 15:30:10.780,22816,22818,22816,3,-3
2024-09-25 15:30:11.019,22816,22818,22816,1,-1
2024-09-25 15:30:11.577,22815,22817,22815,1,-1
2024-09-25 15:30:11.723,22815,22817,22815,1,-1
2024-09-25 15:30:12.033,22815,22817,22815,1,-1
2024-09-25 15:30:13.712,22815,22817,22815,1,-1
2024-09-25 15:30:17.856,22816,22817,22816,1,-1
2024-09-25 15:30:21.594,22816,22817,22817,1,1
2024-09-25 15:30:22.758,22816,22817,22816,1,-1
2024-09-25 15:30:22.759,22816,22817,22816,3,-3
2024-09-25 15:30:25.270,22815,22816,22816,1,1
2024-09-25 15:30:26.001,22815,22816,22815,5,-5
2024-09-25 15:30:26.870,22813,22814,22814,2,2
2024-09-25 15:30:33.815,22813,22814,22814,1,1
2024-09-25 15:30:35.814,22813,22814,22812,1,-1
2024-09-25 15:30:35.965,22812,22814,22814,1,1
2024-09-25 15:30:39.029,22812,22814,22814,1,1
2024-09-25 15:30:39.447,22812,22814,22814,1,1
2024-09-25 15:30:41.416,22812,22814,22812,1,-1
2024-09-25 15:30:42.131,22812,22814,22814,1,1
2024-09-25 15:30:44.052,22812,22813,22812,1,-1
2024-09-25 15:30:44.052,22812,22813,22812,5,-5
2024-09-25 15:30:44.052,22812,22813,22812,2,-2
2024-09-25 15:30:44.498,22811,22813,22813,1,1
2024-09-25 15:30:47.801,22812,22814,22814,1,1
2024-09-25 15:30:50.005,22812,22814,22814,1,1
2024-09-25 15:30:55.093,22812,22814,22814,1,1
2024-09-25 15:30:55.568,22812,22814,22814,1,1
2024-09-25 15:30:56.374,22813,22814,22814,1,1
2024-09-25 15:30:57.425,22813,22814,22814,1,1
2024-09-25 15:30:58.421,22813,22815,22815,1,1
2024-09-25 15:30:59.625,22813,22815,22813,1,-1
2024-09-25 15:31:00.812,22813,22815,22815,1,1
2024-09-25 15:31:00.892,22813,22815,22815,1,1
2024-09-25 15:31:00.892,22813,22815,22815,1,1
2024-09-25 15:31:01.230,22814,22815,22814,1,-1
2024-09-25 15:31:01.778,22814,22815,22815,1,1
2024-09-25 15:31:01.779,22814,22815,22815,7,7
2024-09-25 15:31:07.050,22815,22816,22815,1,-1
2024-09-25 15:31:15.840,22815,22816,22816,1,1
2024-09-25 15:31:20.006,22816,22818,22818,1,1
2024-09-25 15:31:20.493,22817,22819,22819,1,1
2024-09-25 15:31:21.016,22819,22820,22820,3,3
2024-09-25 15:31:21.139,22819,22821,22821,1,1
2024-09-25 15:31:21.623,22818,22820,22820,1,1
2024-09-25 15:31:22.010,22819,22821,22821,1,1
2024-09-25 15:31:22.053,22819,22821,22822,13,13
2024-09-25 15:31:22.143,22822,22823,22823,1,1
2024-09-25 15:31:22.143,22822,22823,22823,1,1
2024-09-25 15:31:22.143,22822,22823,22823,1,1
2024-09-25 15:31:22.269,22822,22823,22823,1,1
2024-09-25 15:31:22.270,22822,22823,22823,1,1
2024-09-25 15:31:22.324,22822,22823,22823,1,1
2024-09-25 15:31:23.696,22822,22823,22823,1,1
2024-09-25 15:31:24.422,22822,22823,22822,3,-3
2024-09-25 15:31:25.036,22820,22822,22822,2,2
2024-09-25 15:31:30.695,22822,22823,22823,1,1
2024-09-25 15:31:30.696,22822,22823,22823,1,1
2024-09-25 15:31:31.524,22822,22824,22824,2,2
2024-09-25 15:31:31.524,22822,22824,22825,1,1
2024-09-25 15:31:31.639,22823,22825,22825,1,1
2024-09-25 15:31:31.689,22823,22825,22825,2,2
2024-09-25 15:31:31.690,22823,22825,22825,1,1
2024-09-25 15:31:31.690,22823,22825,22825,1,1
2024-09-25 15:31:31.690,22823,22825,22825,1,1
2024-09-25 15:31:31.690,22823,22825,22825,2,2
2024-09-25 15:31:31.690,22823,22825,22825,1,1
2024-09-25 15:31:31.690,22823,22825,22825,7,7
2024-09-25 15:31:31.690,22823,22825,22825,1,1
2024-09-25 15:31:31.690,22823,22825,22825,4,4
2024-09-25 15:31:31.726,22823,22825,22826,1,1
2024-09-25 15:31:31.726,22823,22825,22825,1,1
2024-09-25 15:31:31.732,22823,22825,22826,2,2
2024-09-25 15:31:31.748,22823,22825,22826,2,2
2024-09-25 15:31:32.014,22825,22826,22826,2,2
2024-09-25 15:31:32.134,22825,22826,22827,4,4
2024-09-25 15:31:32.158,22826,22827,22827,2,2
2024-09-25 15:31:32.392,22826,22827,22827,2,2
2024-09-25 15:31:32.392,22826,22827,22827,3,3
2024-09-25 15:31:32.392,22826,22827,22827,1,1
2024-09-25 15:31:32.393,22826,22827,22828,4,4
2024-09-25 15:31:32.588,22826,22828,22826,1,-1
2024-09-25 15:31:32.590,22826,22828,22826,1,-1
2024-09-25 15:31:32.702,22826,22828,22827,1,-1
2024-09-25 15:31:32.879,22827,22828,22827,2,-2
2024-09-25 15:31:36.007,22826,22828,22828,1,1
2024-09-25 15:31:36.598,22826,22828,22828,1,1
2024-09-25 15:31:37.913,22827,22828,22828,1,1
2024-09-25 15:31:38.014,22827,22828,22828,1,1
2024-09-25 15:31:38.049,22827,22828,22829,1,1
2024-09-25 15:31:38.178,22827,22829,22828,1,1
2024-09-25 15:31:38.225,22827,22829,22829,1,1
2024-09-25 15:31:38.289,22827,22829,22827,1,-1
2024-09-25 15:31:40.287,22827,22829,22827,1,-1
2024-09-25 15:31:41.304,22827,22829,22829,2,2
2024-09-25 15:31:41.305,22827,22829,22827,1,-1
2024-09-25 15:31:43.958,22827,22829,22829,1,1
2024-09-25 15:31:45.478,22827,22828,22828,1,1
2024-09-25 15:31:46.820,22827,22828,22827,1,-1
2024-09-25 15:31:46.820,22827,22828,22827,1,-1
2024-09-25 15:31:52.724,22825,22827,22826,1,-1
2024-09-25 15:31:54.891,22825,22827,22827,1,1
2024-09-25 15:31:57.876,22825,22826,22825,3,-3
2024-09-25 15:31:58.948,22824,22825,22825,2,2
2024-09-25 15:32:00.931,22824,22825,22824,2,-2
2024-09-25 15:32:01.281,22822,22823,22822,1,-1
2024-09-25 15:32:01.281,22822,22823,22822,1,-1
2024-09-25 15:32:01.786,22820,22822,22822,1,1
2024-09-25 15:32:02.348,22821,22822,22821,1,-1
2024-09-25 15:32:03.076,22820,22821,22821,1,1
2024-09-25 15:32:06.105,22820,22822,22820,1,-1
2024-09-25 15:32:06.105,22820,22822,22819,1,-1
2024-09-25 15:32:09.809,22821,22823,22823,1,1
2024-09-25 15:32:09.845,22821,22823,22824,5,5
2024-09-25 15:32:09.845,22821,22823,22825,1,1
2024-09-25 15:32:09.960,22823,22825,22823,1,-1
2024-09-25 15:32:11.503,22823,22825,22825,1,1
2024-09-25 15:32:24.207,22824,22826,22824,1,-1
2024-09-25 15:32:25.223,22825,22827,22825,3,-3
2024-09-25 15:32:25.330,22824,22825,22825,3,3
2024-09-25 15:32:27.341,22825,22827,22827,3,3
2024-09-25 15:32:27.363,22825,22827,22827,1,1
2024-09-25 15:32:27.384,22827,22828,22828,5,5
2024-09-25 15:32:27.532,22828,22829,22828,1,-1
2024-09-25 15:32:27.832,22827,22829,22827,1,-1
2024-09-25 15:32:28.488,22827,22829,22827,1,-1
2024-09-25 15:32:28.488,22827,22829,22826,4,-4
2024-09-25 15:32:28.488,22827,22829,22825,8,-8
2024-09-25 15:32:28.488,22827,22829,22824,1,-1
2024-09-25 15:32:30.947,22824,22826,22826,1,1
2024-09-25 15:32:32.876,22824,22826,22826,1,1
2024-09-25 15:32:33.496,22824,22826,22826,1,1
2024-09-25 15:32:34.085,22824,22825,22825,1,1
2024-09-25 15:32:34.730,22824,22826,22826,1,1
2024-09-25 15:32:42.600,22824,22825,22825,1,1
2024-09-25 15:32:42.621,22824,22825,22824,3,-3
2024-09-25 15:32:45.200,22822,22824,22822,1,-1
2024-09-25 15:32:49.003,22822,22824,22823,3,-3
2024-09-25 15:32:54.318,22822,22824,22824,1,1
2024-09-25 15:33:00.972,22822,22824,22824,1,1
2024-09-25 15:33:00.973,22822,22824,22825,9,9
2024-09-25 15:33:06.161,22823,22826,22826,1,1
2024-09-25 15:33:12.883,22823,22824,22823,1,-1
2024-09-25 15:33:13.128,22822,22823,22822,1,-1
2024-09-25 15:33:13.128,22822,22823,22822,1,-1
2024-09-25 15:33:17.282,22821,22822,22821,2,-2
2024-09-25 15:33:17.902,22821,22822,22822,1,1
2024-09-25 15:33:22.123,22821,22823,22821,2,-2
2024-09-25 15:33:25.744,22822,22823,22823,2,2
2024-09-25 15:33:29.620,22822,22823,22822,1,-1
2024-09-25 15:33:30.866,22822,22823,22823,1,1
2024-09-25 15:33:30.888,22823,22824,22823,1,-1
2024-09-25 15:33:31.215,22822,22823,22823,1,1
2024-09-25 15:33:31.415,22823,22826,22824,1,-1
2024-09-25 15:33:34.348,22824,22826,22826,4,4
2024-09-25 15:33:34.349,22824,22826,22827,5,5
2024-09-25 15:33:35.914,22828,22829,22828,1,-1
2024-09-25 15:33:36.055,22828,22829,22828,1,-1
2024-09-25 15:33:36.742,22828,22829,22829,1,1
2024-09-25 15:33:36.743,22828,22829,22829,1,1
2024-09-25 15:33:36.744,22828,22829,22830,24,24
2024-09-25 15:33:36.766,22830,22831,22830,6,-6
2024-09-25 15:33:36.766,22830,22831,22830,3,-3
2024-09-25 15:33:36.788,22830,22831,22831,1,1
2024-09-25 15:33:36.794,22830,22831,22831,1,1
2024-09-25 15:33:36.812,22830,22831,22831,1,1
2024-09-25 15:33:36.852,22830,22831,22829,1,-1
2024-09-25 15:33:39.231,22828,22830,22830,2,2
2024-09-25 15:33:39.351,22828,22830,22830,1,1
2024-09-25 15:33:40.272,22829,22830,22829,1,-1
2024-09-25 15:33:42.576,22828,22830,22828,2,-2
2024-09-25 15:33:45.571,22826,22827,22827,2,2
2024-09-25 15:33:45.571,22826,22827,22828,1,1
2024-09-25 15:33:49.800,22826,22827,22826,1,-1
2024-09-25 15:33:53.120,22824,22825,22824,1,-1
2024-09-25 15:33:53.120,22824,22825,22824,1,-1
2024-09-25 15:33:53.727,22823,22824,22823,1,-1
2024-09-25 15:33:53.727,22823,22824,22823,1,-1
2024-09-25 15:33:53.727,22823,22824,22823,1,-1
2024-09-25 15:33:54.541,22822,22824,22824,3,3
2024-09-25 15:33:58.467,22822,22825,22825,4,4
2024-09-25 15:33:59.455,22823,22825,22825,1,1
2024-09-25 15:33:59.831,22825,22826,22825,2,-2
2024-09-25 15:34:00.499,22823,22825,22825,1,1
2024-09-25 15:34:03.763,22823,22825,22825,2,2
2024-09-25 15:34:07.518,22823,22824,22823,1,-1
2024-09-25 15:34:15.733,22822,22823,22822,4,-4
2024-09-25 15:34:21.267,22822,22823,22823,1,1
2024-09-25 15:34:21.762,22822,22824,22822,3,-3
2024-09-25 15:34:23.738,22821,22822,22822,2,2
2024-09-25 15:34:25.575,22822,22824,22822,1,-1
2024-09-25 15:34:25.575,22822,22824,22822,2,-2
2024-09-25 15:34:28.346,22822,22824,22823,1,-1
2024-09-25 15:34:28.482,22823,22825,22822,1,-1
2024-09-25 15:34:35.148,22821,22823,22823,3,3
2024-09-25 15:34:37.196,22822,22823,22823,1,1
