2020-01-08,15:00:00.081000,11807,11808,11808,177
2020-01-08,15:00:00.193000,11807,11808,11808,1
2020-01-08,15:00:00.260000,11807,11808,11807,1
2020-01-08,15:00:00.315000,11807,11808,11807,8
2020-01-08,15:00:00.315000,11807,11808,11806,2
2020-01-08,15:00:00.367000,11807,11808,11806,3
2020-01-08,15:00:00.403000,11807,11808,11806,2
2020-01-08,15:00:00.640000,11806,11807,11806,2
2020-01-08,15:00:00.692000,11806,11807,11807,1
2020-01-08,15:00:00.714000,11806,11807,11806,3
2020-01-08,15:00:00.798000,11806,11807,11806,4
2020-01-08,15:00:00.798000,11806,11807,11805,1
2020-01-08,15:00:00.863000,11806,11807,11805,2
2020-01-08,15:00:00.943000,11805,11807,11805,2
2020-01-08,15:00:00.972000,11805,11807,11805,2
2020-01-08,15:00:00.985000,11805,11807,11805,1
2020-01-08,15:00:00.990000,11805,11807,11805,1
2020-01-08,15:00:01.008000,11805,11807,11805,1
2020-01-08,15:00:01.020000,11805,11807,11805,1
2020-01-08,15:00:01.052000,11805,11807,11805,2
2020-01-08,15:00:01.062000,11805,11807,11806,2
2020-01-08,15:00:01.062000,11805,11807,11807,8
2020-01-08,15:00:01.062000,11805,11807,11808,4
2020-01-08,15:00:01.145000,11805,11807,11805,6
2020-01-08,15:00:01.238000,11804,11808,11804,1
2020-01-08,15:00:01.418000,11804,11806,11806,1
2020-01-08,15:00:01.547000,11804,11806,11804,1
2020-01-08,15:00:01.671000,11805,11806,11806,2
2020-01-08,15:00:01.681000,11805,11806,11806,7
2020-01-08,15:00:01.686000,11805,11806,11805,1
2020-01-08,15:00:01.724000,11805,11806,11805,1
2020-01-08,15:00:01.884000,11805,11807,11805,1
2020-01-08,15:00:01.893000,11805,11807,11807,1
2020-01-08,15:00:02,11805,11807,11806,2
2020-01-08,15:00:02.056000,11806,11807,11807,5
2020-01-08,15:00:02.120000,11806,11807,11808,1
2020-01-08,15:00:02.124000,11806,11807,11806,1
2020-01-08,15:00:02.501000,11807,11808,11807,1
2020-01-08,15:00:02.775000,11807,11808,11807,1
2020-01-08,15:00:02.779000,11807,11808,11807,1
2020-01-08,15:00:02.791000,11806,11808,11806,1
2020-01-08,15:00:03.056000,11806,11807,11807,1
2020-01-08,15:00:03.165000,11806,11807,11807,1
2020-01-08,15:00:03.290000,11806,11808,11808,1
2020-01-08,15:00:03.375000,11806,11808,11808,2
2020-01-08,15:00:03.930000,11807,11808,11808,32
2020-01-08,15:00:04.206000,11808,11809,11809,12
2020-01-08,15:00:04.289000,11808,11809,11809,3
2020-01-08,15:00:04.310000,11808,11809,11809,2
2020-01-08,15:00:05.044000,11809,11810,11809,1
2020-01-08,15:00:05.188000,11809,11810,11810,14
2020-01-08,15:00:05.404000,11809,11810,11810,2
2020-01-08,15:00:05.525000,11809,11810,11809,2
2020-01-08,15:00:06.555000,11809,11810,11810,6
2020-01-08,15:00:06.749000,11809,11811,11810,1
2020-01-08,15:00:07.664000,11810,11811,11810,1
2020-01-08,15:00:07.675000,11810,11811,11810,1
2020-01-08,15:00:07.684000,11810,11811,11810,1
2020-01-08,15:00:08.139000,11810,11811,11810,1
2020-01-08,15:00:08.846000,11810,11811,11810,1
2020-01-08,15:00:09.218000,11810,11811,11810,1
2020-01-08,15:00:09.308000,11810,11811,11810,1
2020-01-08,15:00:09.860000,11810,11811,11811,2
2020-01-08,15:00:09.960000,11810,11811,11810,1
2020-01-08,15:00:10.049000,11809,11811,11809,1
2020-01-08,15:00:10.072000,11809,11811,11809,1
2020-01-08,15:00:10.421000,11810,11811,11810,1
2020-01-08,15:00:10.558000,11810,11811,11810,1
2020-01-08,15:00:10.558000,11810,11811,11809,11
2020-01-08,15:00:10.569000,11810,11811,11811,2
2020-01-08,15:00:11.182000,11810,11811,11810,2
2020-01-08,15:00:11.289000,11810,11811,11810,1
2020-01-08,15:00:11.499000,11809,11811,11810,1
2020-01-08,15:00:12.065000,11809,11810,11810,1
2020-01-08,15:00:12.747000,11809,11810,11810,2
2020-01-08,15:00:14.503000,11809,11810,11810,16
2020-01-08,15:00:14.521000,11809,11810,11810,2
2020-01-08,15:00:14.696000,11810,11811,11810,1
2020-01-08,15:00:14.883000,11810,11811,11810,1
2020-01-08,15:00:14.926000,11810,11811,11810,1
2020-01-08,15:00:15.242000,11810,11811,11811,1
2020-01-08,15:00:15.442000,11810,11811,11810,1
2020-01-08,15:00:15.576000,11810,11811,11811,1
2020-01-08,15:00:15.635000,11810,11811,11810,7
2020-01-08,15:00:15.835000,11810,11811,11810,1
2020-01-08,15:00:15.937000,11810,11811,11811,1
2020-01-08,15:00:16.892000,11810,11811,11810,10
2020-01-08,15:00:17.140000,11810,11811,11810,1
2020-01-08,15:00:18.169000,11810,11811,11810,14
2020-01-08,15:00:18.372000,11809,11811,11810,1
2020-01-08,15:00:18.477000,11809,11810,11810,1
2020-01-08,15:00:18.542000,11809,11810,11809,1
2020-01-08,15:00:18.878000,11809,11810,11809,1
2020-01-08,15:00:19.160000,11809,11810,11810,1
2020-01-08,15:00:19.620000,11809,11810,11810,1
2020-01-08,15:00:20.952000,11809,11810,11810,5
2020-01-08,15:00:21.160000,11809,11810,11810,1
2020-01-08,15:00:21.664000,11809,11810,11810,2
2020-01-08,15:00:21.767000,11809,11810,11810,9
2020-01-08,15:00:21.841000,11810,11811,11810,1
2020-01-08,15:00:22.429000,11809,11810,11810,1
2020-01-08,15:00:22.495000,11809,11810,11809,1
2020-01-08,15:00:23.080000,11810,11811,11810,1
2020-01-08,15:00:23.260000,11809,11811,11811,1
2020-01-08,15:00:23.630000,11810,11811,11810,1
2020-01-08,15:00:24.551000,11810,11811,11810,1
2020-01-08,15:00:24.962000,11810,11811,11810,1
2020-01-08,15:00:25.028000,11810,11811,11811,1
2020-01-08,15:00:26.078000,11810,11811,11810,1
2020-01-08,15:00:26.682000,11810,11811,11810,2
2020-01-08,15:00:26.870000,11810,11811,11810,1
2020-01-08,15:00:28.154000,11810,11811,11811,1
2020-01-08,15:00:29.340000,11810,11811,11810,1
2020-01-08,15:00:30.258000,11810,11811,11811,1
2020-01-08,15:00:30.289000,11810,11811,11810,2
2020-01-08,15:00:30.330000,11810,11811,11810,1
2020-01-08,15:00:30.372000,11810,11811,11810,1
2020-01-08,15:00:30.414000,11810,11811,11810,3
2020-01-08,15:00:30.415000,11810,11811,11810,1
2020-01-08,15:00:31.087000,11809,11810,11810,1
2020-01-08,15:00:31.208000,11809,11810,11810,1
2020-01-08,15:00:31.798000,11809,11810,11810,1
2020-01-08,15:00:32.365000,11809,11810,11810,1
2020-01-08,15:00:32.439000,11809,11810,11810,3
2020-01-08,15:00:34.844000,11809,11810,11809,2
2020-01-08,15:00:35.322000,11809,11810,11810,4
2020-01-08,15:00:35.323000,11809,11810,11809,13
2020-01-08,15:00:35.681000,11808,11809,11808,4
2020-01-08,15:00:37.273000,11808,11809,11808,1
2020-01-08,15:00:37.273000,11808,11809,11807,1
2020-01-08,15:00:37.540000,11807,11809,11808,5
2020-01-08,15:00:39.019000,11807,11808,11808,1
2020-01-08,15:00:39.132000,11807,11808,11807,1
2020-01-08,15:00:40.799000,11807,11808,11807,2
2020-01-08,15:00:40.799000,11807,11808,11806,3
2020-01-08,15:00:41.398000,11807,11808,11807,1
2020-01-08,15:00:41.431000,11806,11807,11807,1
2020-01-08,15:00:41.781000,11806,11808,11806,1
2020-01-08,15:00:43.692000,11807,11808,11807,1
2020-01-08,15:00:43.892000,11806,11808,11808,4
2020-01-08,15:00:45.457000,11807,11808,11807,1
2020-01-08,15:00:45.555000,11807,11808,11807,1
2020-01-08,15:00:45.717000,11806,11807,11807,4
2020-01-08,15:00:45.873000,11806,11807,11807,1
2020-01-08,15:00:45.925000,11806,11807,11807,1
2020-01-08,15:00:47.863000,11807,11808,11807,1
2020-01-08,15:00:47.965000,11807,11808,11807,1
2020-01-08,15:00:48.056000,11806,11807,11807,4
2020-01-08,15:00:48.079000,11806,11807,11808,1
2020-01-08,15:00:48.345000,11806,11808,11806,1
2020-01-08,15:00:48.518000,11806,11808,11806,12
2020-01-08,15:00:48.555000,11805,11806,11806,3
2020-01-08,15:00:49.099000,11805,11806,11806,1
2020-01-08,15:00:49.309000,11805,11806,11806,4
2020-01-08,15:00:49.414000,11806,11807,11806,1
2020-01-08,15:00:49.622000,11805,11806,11806,1
2020-01-08,15:00:50.772000,11805,11807,11807,1
2020-01-08,15:00:52.481000,11806,11807,11806,1
2020-01-08,15:00:52.699000,11805,11807,11805,1
2020-01-08,15:00:52.884000,11805,11807,11805,1
2020-01-08,15:00:53.603000,11805,11807,11806,1
2020-01-08,15:00:54.109000,11806,11807,11807,1
2020-01-08,15:00:54.710000,11806,11807,11806,2
2020-01-08,15:00:57.756000,11806,11807,11806,1
2020-01-08,15:00:58.185000,11806,11807,11807,1
2020-01-08,15:01:00.187000,11806,11807,11806,1
2020-01-08,15:01:00.381000,11806,11807,11806,2
2020-01-08,15:01:00.381000,11806,11807,11806,2
2020-01-08,15:01:00.915000,11805,11806,11805,1
2020-01-08,15:01:01.183000,11804,11806,11806,1
2020-01-08,15:01:01.991000,11805,11806,11806,1
2020-01-08,15:01:02.313000,11805,11806,11806,3
2020-01-08,15:01:05.594000,11805,11806,11806,2
2020-01-08,15:01:06.890000,11805,11806,11805,2
2020-01-08,15:01:07.013000,11805,11806,11806,1
2020-01-08,15:01:07.200000,11805,11806,11805,1
2020-01-08,15:01:07.806000,11804,11806,11804,1
2020-01-08,15:01:07.905000,11804,11806,11806,1
2020-01-08,15:01:08.180000,11804,11805,11805,1
2020-01-08,15:01:09.697000,11804,11805,11805,1
2020-01-08,15:01:10.161000,11804,11805,11805,4
2020-01-08,15:01:13.081000,11804,11805,11805,1
2020-01-08,15:01:13.181000,11804,11805,11805,2
2020-01-08,15:01:13.312000,11804,11806,11805,1
2020-01-08,15:01:13.683000,11805,11806,11805,1
2020-01-08,15:01:14.623000,11804,11805,11804,1
2020-01-08,15:01:15.405000,11804,11805,11805,1
2020-01-08,15:01:16.059000,11804,11805,11805,1
2020-01-08,15:01:16.963000,11804,11805,11805,1
2020-01-08,15:01:18.404000,11804,11805,11804,1
2020-01-08,15:01:19.695000,11804,11805,11805,1
2020-01-08,15:01:20.598000,11804,11805,11804,1
2020-01-08,15:01:20.654000,11804,11805,11804,1
2020-01-08,15:01:21.940000,11804,11805,11804,2
2020-01-08,15:01:23.310000,11804,11805,11804,2
2020-01-08,15:01:23.504000,11804,11805,11804,2
2020-01-08,15:01:23.974000,11804,11805,11805,2
2020-01-08,15:01:24.229000,11804,11805,11804,1
2020-01-08,15:01:24.472000,11804,11805,11804,1
2020-01-08,15:01:26.644000,11804,11805,11804,4
2020-01-08,15:01:27.132000,11804,11805,11805,1
2020-01-08,15:01:28.599000,11804,11805,11804,1
2020-01-08,15:01:29.149000,11804,11805,11804,1
2020-01-08,15:01:29.416000,11804,11805,11804,1
2020-01-08,15:01:31.773000,11804,11805,11805,15
2020-01-08,15:01:32.993000,11805,11806,11805,1
2020-01-08,15:01:33.654000,11805,11806,11805,2
2020-01-08,15:01:33.990000,11805,11806,11805,1
2020-01-08,15:01:34.690000,11805,11806,11805,1
2020-01-08,15:01:35.458000,11805,11806,11805,1
2020-01-08,15:01:36.003000,11805,11806,11805,8
2020-01-08,15:01:36.781000,11804,11805,11805,3
2020-01-08,15:01:37.151000,11805,11806,11805,1
2020-01-08,15:01:38.199000,11805,11806,11805,2
2020-01-08,15:01:38.403000,11805,11806,11805,1
2020-01-08,15:01:41.754000,11805,11806,11805,1
2020-01-08,15:01:42.490000,11805,11806,11805,1
2020-01-08,15:01:43.780000,11805,11806,11806,3
2020-01-08,15:01:44.065000,11805,11806,11805,1
2020-01-08,15:01:44.512000,11805,11806,11805,1
2020-01-08,15:01:45.365000,11805,11806,11805,1
2020-01-08,15:01:46.415000,11805,11806,11806,6
2020-01-08,15:01:46.540000,11805,11806,11806,12
2020-01-08,15:01:46.540000,11805,11806,11806,1
2020-01-08,15:01:46.914000,11806,11807,11806,5
2020-01-08,15:01:47.040000,11806,11807,11806,3
2020-01-08,15:01:48.122000,11805,11807,11807,12
2020-01-08,15:01:49.463000,11805,11807,11807,1
2020-01-08,15:01:49.928000,11805,11807,11807,1
2020-01-08,15:01:51.909000,11806,11807,11807,1
2020-01-08,15:01:56.272000,11806,11807,11806,4
2020-01-08,15:01:56.292000,11806,11807,11807,1
2020-01-08,15:01:56.301000,11806,11807,11807,1
2020-01-08,15:01:58.500000,11806,11807,11807,5
2020-01-08,15:01:58.622000,11806,11807,11806,2
2020-01-08,15:02:00.924000,11806,11807,11806,2
2020-01-08,15:02:01.039000,11806,11807,11807,7
2020-01-08,15:02:01.039000,11806,11807,11808,43
2020-01-08,15:02:01.414000,11807,11808,11807,2
2020-01-08,15:02:07.244000,11807,11808,11807,1
2020-01-08,15:02:10.177000,11807,11808,11807,1
2020-01-08,15:02:11.189000,11807,11808,11807,2
2020-01-08,15:02:13.694000,11807,11808,11808,4
2020-01-08,15:02:14.919000,11807,11808,11808,1
2020-01-08,15:02:17.826000,11807,11808,11808,1
2020-01-08,15:02:17.918000,11807,11808,11808,1
2020-01-08,15:02:17.995000,11807,11808,11808,1
2020-01-08,15:02:19.086000,11807,11808,11808,1
2020-01-08,15:02:20.422000,11807,11808,11808,1
2020-01-08,15:02:20.435000,11807,11808,11808,1
2020-01-08,15:02:20.687000,11807,11808,11808,5
2020-01-08,15:02:20.861000,11807,11808,11808,1
2020-01-08,15:02:21.095000,11807,11808,11807,5
2020-01-08,15:02:21.142000,11807,11808,11808,1
2020-01-08,15:02:22.978000,11807,11808,11808,1
2020-01-08,15:02:23.602000,11807,11808,11808,1
2020-01-08,15:02:24.006000,11807,11808,11808,10
2020-01-08,15:02:24.837000,11807,11808,11808,3
2020-01-08,15:02:25.369000,11808,11809,11809,1
2020-01-08,15:02:25.515000,11808,11809,11809,3
2020-01-08,15:02:26.431000,11808,11809,11809,5
2020-01-08,15:02:26.556000,11808,11809,11809,19
2020-01-08,15:02:26.872000,11809,11810,11809,1
2020-01-08,15:02:27.694000,11809,11810,11810,27
2020-01-08,15:02:27.873000,11810,11811,11810,1
2020-01-08,15:02:28.149000,11810,11811,11810,5
2020-01-08,15:02:28.356000,11810,11811,11810,1
2020-01-08,15:02:28.714000,11810,11811,11811,5
2020-01-08,15:02:29.033000,11810,11811,11810,1
2020-01-08,15:02:29.113000,11810,11811,11810,1
2020-01-08,15:02:30.808000,11810,11811,11811,1
2020-01-08,15:02:31.058000,11810,11811,11811,5
2020-01-08,15:02:32.022000,11810,11811,11811,2
2020-01-08,15:02:32.048000,11810,11811,11811,1
2020-01-08,15:02:32.846000,11810,11811,11811,1
2020-01-08,15:02:33.130000,11810,11811,11811,1
2020-01-08,15:02:33.213000,11810,11811,11810,1
2020-01-08,15:02:33.384000,11810,11811,11810,15
2020-01-08,15:02:33.582000,11810,11811,11811,2
2020-01-08,15:02:33.672000,11810,11811,11810,1
2020-01-08,15:02:34.264000,11809,11810,11810,5
2020-01-08,15:02:35.366000,11809,11811,11809,1
2020-01-08,15:02:35.446000,11809,11811,11811,1
2020-01-08,15:02:36.123000,11809,11810,11810,2
2020-01-08,15:02:36.294000,11809,11810,11810,1
2020-01-08,15:02:37.814000,11809,11810,11810,1
2020-01-08,15:02:38.234000,11809,11810,11810,3
2020-01-08,15:02:38.617000,11810,11811,11811,1
2020-01-08,15:02:39.065000,11810,11811,11810,1
2020-01-08,15:02:42.014000,11810,11811,11810,2
2020-01-08,15:02:42.527000,11810,11811,11810,2
2020-01-08,15:02:44.199000,11810,11811,11811,2
2020-01-08,15:02:44.414000,11810,11811,11811,4
2020-01-08,15:02:44.430000,11810,11811,11811,22
2020-01-08,15:02:46.141000,11811,11812,11811,1
2020-01-08,15:02:46.412000,11811,11812,11811,2
2020-01-08,15:02:46.570000,11811,11812,11812,5
2020-01-08,15:02:47.016000,11811,11812,11812,1
2020-01-08,15:02:47.642000,11811,11812,11812,1
2020-01-08,15:02:47.936000,11811,11812,11812,1
2020-01-08,15:02:48.315000,11811,11812,11812,9
2020-01-08,15:02:48.315000,11811,11812,11812,3
2020-01-08,15:02:48.572000,11812,11813,11812,2
2020-01-08,15:02:48.793000,11812,11813,11812,1
2020-01-08,15:02:48.915000,11812,11813,11813,3
2020-01-08,15:02:49.039000,11812,11813,11813,7
2020-01-08,15:02:49.085000,11812,11813,11813,1
2020-01-08,15:02:49.164000,11812,11813,11813,3
2020-01-08,15:02:49.165000,11812,11813,11813,3
2020-01-08,15:02:49.165000,11812,11813,11813,2
2020-01-08,15:02:49.627000,11813,11814,11814,1
2020-01-08,15:02:49.886000,11813,11814,11814,1
2020-01-08,15:02:49.916000,11813,11814,11814,1
2020-01-08,15:02:49.921000,11813,11814,11814,1
2020-01-08,15:02:50.010000,11813,11814,11814,1
2020-01-08,15:02:50.047000,11813,11814,11814,1
2020-01-08,15:02:50.102000,11813,11814,11814,1
2020-01-08,15:02:50.125000,11813,11814,11814,1
2020-01-08,15:02:50.182000,11813,11814,11814,1
2020-01-08,15:02:51.139000,11813,11814,11814,1
2020-01-08,15:02:52.819000,11813,11814,11813,1
2020-01-08,15:02:53.830000,11813,11814,11814,1
2020-01-08,15:02:54.303000,11813,11814,11814,2
2020-01-08,15:02:54.768000,11813,11814,11814,15
2020-01-08,15:02:55.221000,11813,11815,11815,1
2020-01-08,15:02:55.319000,11813,11815,11815,2
2020-01-08,15:02:55.323000,11813,11815,11815,1
2020-01-08,15:02:55.399000,11813,11815,11815,1
2020-01-08,15:02:55.679000,11813,11814,11814,1
2020-01-08,15:02:55.802000,11813,11814,11814,1
2020-01-08,15:02:55.932000,11813,11814,11814,2
2020-01-08,15:02:55.996000,11813,11814,11814,1
2020-01-08,15:02:55.996000,11813,11814,11815,5
2020-01-08,15:02:56.600000,11813,11814,11814,2
2020-01-08,15:02:56.600000,11813,11814,11815,1
2020-01-08,15:02:57.210000,11814,11815,11815,1
2020-01-08,15:02:57.453000,11814,11815,11815,1
2020-01-08,15:02:57.518000,11814,11815,11814,4
2020-01-08,15:02:57.609000,11814,11815,11814,1
2020-01-08,15:02:57.917000,11814,11815,11814,1
2020-01-08,15:02:58.925000,11814,11815,11815,10
2020-01-08,15:02:59.170000,11814,11816,11816,10
2020-01-08,15:02:59.604000,11814,11816,11814,1
2020-01-08,15:02:59.818000,11814,11816,11814,4
2020-01-08,15:02:59.969000,11814,11816,11816,1
2020-01-08,15:03:00.642000,11815,11816,11815,1
2020-01-08,15:03:01.117000,11815,11816,11816,1
2020-01-08,15:03:01.354000,11815,11816,11815,4
2020-01-08,15:03:01.396000,11815,11816,11816,11
2020-01-08,15:03:01.414000,11816,11817,11816,2
2020-01-08,15:03:01.742000,11815,11816,11816,1
2020-01-08,15:03:01.971000,11815,11816,11815,1
2020-01-08,15:03:02.128000,11815,11816,11816,5
2020-01-08,15:03:02.241000,11815,11816,11815,8
2020-01-08,15:03:02.319000,11815,11816,11816,2
2020-01-08,15:03:03.196000,11815,11816,11815,4
2020-01-08,15:03:03.306000,11815,11816,11815,1
2020-01-08,15:03:03.665000,11814,11815,11815,5
2020-01-08,15:03:03.676000,11814,11815,11815,1
2020-01-08,15:03:03.875000,11814,11815,11815,1
2020-01-08,15:03:04.009000,11814,11815,11814,1
2020-01-08,15:03:06.913000,11814,11815,11815,1
2020-01-08,15:03:08.734000,11814,11815,11814,1
2020-01-08,15:03:08.927000,11814,11815,11815,2
2020-01-08,15:03:09.530000,11814,11815,11814,1
2020-01-08,15:03:09.873000,11814,11815,11815,1
2020-01-08,15:03:10.154000,11814,11815,11814,3
2020-01-08,15:03:10.588000,11814,11815,11815,15
2020-01-08,15:03:11.440000,11814,11815,11815,1
2020-01-08,15:03:11.871000,11814,11815,11815,1
2020-01-08,15:03:11.946000,11814,11815,11814,5
2020-01-08,15:03:12.055000,11814,11815,11814,6
2020-01-08,15:03:12.068000,11814,11815,11815,1
2020-01-08,15:03:12.525000,11813,11814,11814,1
2020-01-08,15:03:12.554000,11813,11814,11813,1
2020-01-08,15:03:12.774000,11813,11814,11813,12
2020-01-08,15:03:12.792000,11812,11814,11814,1
2020-01-08,15:03:12.932000,11813,11814,11813,1
2020-01-08,15:03:12.988000,11813,11814,11814,2
2020-01-08,15:03:13.108000,11812,11814,11814,1
2020-01-08,15:03:13.313000,11813,11814,11813,1
2020-01-08,15:03:13.676000,11812,11814,11813,1
2020-01-08,15:03:14.859000,11813,11814,11813,1
2020-01-08,15:03:14.859000,11813,11814,11812,3
2020-01-08,15:03:16.063000,11813,11814,11814,1
2020-01-08,15:03:16.265000,11813,11814,11813,1
2020-01-08,15:03:18.437000,11813,11814,11814,1
2020-01-08,15:03:20.801000,11813,11814,11813,1
2020-01-08,15:03:21.223000,11813,11814,11813,1
2020-01-08,15:03:21.495000,11813,11814,11813,1
2020-01-08,15:03:21.811000,11812,11813,11813,1
2020-01-08,15:03:23.107000,11812,11813,11813,1
2020-01-08,15:03:23.781000,11812,11813,11813,2
2020-01-08,15:03:24.610000,11812,11813,11813,3
2020-01-08,15:03:24.610000,11812,11813,11814,7
2020-01-08,15:03:29.426000,11813,11814,11813,2
2020-01-08,15:03:30.391000,11813,11814,11813,5
2020-01-08,15:03:31.706000,11813,11814,11814,2
2020-01-08,15:03:32.061000,11813,11814,11813,1
2020-01-08,15:03:32.533000,11813,11814,11813,2
2020-01-08,15:03:33.266000,11813,11814,11814,1
2020-01-08,15:03:35.154000,11813,11814,11814,1
2020-01-08,15:03:38.571000,11813,11814,11814,1
2020-01-08,15:03:44.411000,11813,11814,11814,1
2020-01-08,15:03:48.603000,11813,11814,11813,1
2020-01-08,15:03:48.681000,11813,11814,11813,1
2020-01-08,15:03:50.681000,11813,11814,11813,1
2020-01-08,15:03:52.680000,11813,11814,11813,10
2020-01-08,15:03:52.760000,11813,11814,11813,1
2020-01-08,15:03:52.789000,11813,11814,11813,16
2020-01-08,15:03:57.082000,11812,11813,11813,1
2020-01-08,15:03:59.039000,11812,11813,11812,7
2020-01-08,15:03:59.055000,11812,11813,11812,11
2020-01-08,15:03:59.081000,11812,11813,11812,2
2020-01-08,15:03:59.106000,11812,11813,11812,2
2020-01-08,15:03:59.131000,11812,11813,11812,2
2020-01-08,15:03:59.499000,11811,11812,11812,1
2020-01-08,15:04:00.567000,11811,11813,11811,4
2020-01-08,15:04:01.665000,11812,11813,11812,5
2020-01-08,15:04:01.898000,11812,11813,11812,1
2020-01-08,15:04:04.482000,11812,11813,11812,1
2020-01-08,15:04:05.271000,11812,11813,11813,1
2020-01-08,15:04:05.971000,11812,11813,11812,3
2020-01-08,15:04:08.396000,11812,11813,11812,1
2020-01-08,15:04:09.040000,11812,11813,11812,5
2020-01-08,15:04:14.704000,11812,11813,11812,2
2020-01-08,15:04:15.059000,11812,11813,11813,5
2020-01-08,15:04:15.059000,11812,11813,11813,5
2020-01-08,15:04:15.059000,11812,11813,11813,5
2020-01-08,15:04:15.059000,11812,11813,11813,5
2020-01-08,15:04:15.059000,11812,11813,11813,5
2020-01-08,15:04:15.166000,11813,11814,11814,25
2020-01-08,15:04:15.166000,11813,11814,11814,4
2020-01-08,15:04:15.166000,11813,11814,11814,3
2020-01-08,15:04:15.432000,11814,11815,11815,20
2020-01-08,15:04:15.819000,11815,11816,11815,1
2020-01-08,15:04:16.511000,11815,11816,11815,1
2020-01-08,15:04:17.784000,11815,11816,11815,1
2020-01-08,15:04:20.434000,11815,11816,11816,11
2020-01-08,15:04:22.529000,11816,11817,11816,3
2020-01-08,15:04:24.156000,11816,11817,11817,11
2020-01-08,15:04:24.205000,11816,11817,11817,7
2020-01-08,15:04:24.205000,11816,11817,11818,2
2020-01-08,15:04:24.265000,11816,11817,11818,2
2020-01-08,15:04:24.275000,11816,11817,11818,2
2020-01-08,15:04:24.284000,11816,11817,11818,2
2020-01-08,15:04:24.889000,11817,11818,11817,1
2020-01-08,15:04:25.177000,11817,11818,11818,4
2020-01-08,15:04:25.178000,11817,11818,11818,1
2020-01-08,15:04:25.911000,11818,11819,11819,1
2020-01-08,15:04:25.970000,11818,11819,11819,1
2020-01-08,15:04:25.974000,11818,11819,11819,18
2020-01-08,15:04:26.276000,11819,11820,11820,1
2020-01-08,15:04:26.409000,11819,11820,11820,16
2020-01-08,15:04:26.578000,11819,11820,11820,3
2020-01-08,15:04:26.672000,11820,11821,11821,2
2020-01-08,15:04:26.673000,11820,11821,11821,8
2020-01-08,15:04:26.673000,11820,11821,11821,1
2020-01-08,15:04:26.673000,11820,11821,11821,1
2020-01-08,15:04:26.673000,11820,11821,11821,3
2020-01-08,15:04:26.673000,11820,11821,11821,3
2020-01-08,15:04:26.674000,11820,11821,11821,1
2020-01-08,15:04:26.796000,11821,11822,11822,5
2020-01-08,15:04:26.805000,11821,11822,11822,4
2020-01-08,15:04:26.878000,11821,11822,11822,5
2020-01-08,15:04:26.915000,11821,11823,11822,3
2020-01-08,15:04:27.374000,11822,11823,11823,2
2020-01-08,15:04:27.575000,11822,11823,11823,5
2020-01-08,15:04:27.791000,11822,11823,11823,2
2020-01-08,15:04:27.927000,11823,11824,11823,1
2020-01-08,15:04:28.250000,11823,11824,11823,2
2020-01-08,15:04:28.289000,11823,11824,11823,1
2020-01-08,15:04:28.331000,11823,11824,11823,1
2020-01-08,15:04:28.414000,11823,11824,11823,1
2020-01-08,15:04:28.416000,11823,11824,11823,4
2020-01-08,15:04:28.418000,11823,11824,11823,2
2020-01-08,15:04:28.782000,11822,11823,11823,1
2020-01-08,15:04:29.058000,11822,11823,11823,1
2020-01-08,15:04:30.508000,11822,11823,11823,12
2020-01-08,15:04:31.066000,11822,11823,11823,2
2020-01-08,15:04:31.789000,11822,11823,11822,5
2020-01-08,15:04:32.088000,11821,11822,11822,1
2020-01-08,15:04:32.133000,11821,11822,11822,1
2020-01-08,15:04:32.291000,11821,11822,11822,1
2020-01-08,15:04:32.601000,11821,11822,11822,3
2020-01-08,15:04:32.601000,11821,11822,11823,2
2020-01-08,15:04:33.390000,11821,11823,11823,1
2020-01-08,15:04:33.394000,11821,11823,11823,1
2020-01-08,15:04:33.488000,11822,11823,11823,4
2020-01-08,15:04:33.488000,11822,11823,11823,1
2020-01-08,15:04:34.046000,11823,11824,11823,1
2020-01-08,15:04:34.140000,11823,11824,11824,1
2020-01-08,15:04:34.431000,11823,11824,11824,2
2020-01-08,15:04:34.431000,11823,11824,11823,1
2020-01-08,15:04:34.846000,11823,11824,11824,1
2020-01-08,15:04:35.217000,11823,11824,11824,3
2020-01-08,15:04:35.843000,11823,11824,11824,1
2020-01-08,15:04:36.559000,11823,11824,11824,3
2020-01-08,15:04:37.584000,11823,11824,11824,17
2020-01-08,15:04:37.584000,11823,11824,11824,2
2020-01-08,15:04:37.772000,11824,11825,11824,1
2020-01-08,15:04:37.934000,11824,11825,11824,1
2020-01-08,15:04:38.490000,11824,11825,11825,1
2020-01-08,15:04:38.551000,11824,11825,11825,2
2020-01-08,15:04:40.664000,11824,11825,11824,11
2020-01-08,15:04:40.665000,11824,11825,11824,2
2020-01-08,15:04:40.665000,11824,11825,11825,1
2020-01-08,15:04:40.789000,11824,11825,11824,3
2020-01-08,15:04:40.789000,11824,11825,11824,3
2020-01-08,15:04:40.789000,11824,11825,11824,1
2020-01-08,15:04:40.790000,11824,11825,11824,1
2020-01-08,15:04:40.875000,11824,11825,11823,3
2020-01-08,15:04:40.915000,11823,11825,11824,1
2020-01-08,15:04:41.458000,11823,11824,11824,1
2020-01-08,15:04:41.548000,11823,11824,11823,2
2020-01-08,15:04:41.580000,11823,11824,11823,1
2020-01-08,15:04:42.078000,11822,11824,11824,1
2020-01-08,15:04:42.478000,11822,11823,11822,1
2020-01-08,15:04:42.617000,11822,11823,11822,1
2020-01-08,15:04:43.389000,11822,11823,11823,1
2020-01-08,15:04:46.417000,11822,11823,11822,1
2020-01-08,15:04:46.580000,11822,11823,11822,7
2020-01-08,15:04:47.129000,11821,11822,11822,1
2020-01-08,15:04:47.416000,11821,11822,11822,1
2020-01-08,15:04:47.747000,11821,11822,11822,1
2020-01-08,15:04:48.300000,11821,11822,11821,1
2020-01-08,15:04:48.395000,11821,11822,11821,1
2020-01-08,15:04:48.450000,11821,11822,11821,1
2020-01-08,15:04:48.904000,11821,11822,11822,1
2020-01-08,15:04:49.465000,11821,11822,11821,1
2020-01-08,15:04:50.371000,11821,11822,11822,1
2020-01-08,15:04:50.503000,11821,11822,11821,1
2020-01-08,15:04:51.009000,11821,11823,11821,2
2020-01-08,15:04:52.088000,11822,11823,11822,1
2020-01-08,15:04:52.593000,11821,11822,11822,1
2020-01-08,15:04:52.875000,11821,11823,11822,1
2020-01-08,15:04:53.592000,11821,11822,11822,4
2020-01-08,15:04:53.672000,11821,11822,11822,1
2020-01-08,15:04:53.867000,11821,11822,11822,3
2020-01-08,15:04:53.899000,11821,11822,11822,1
2020-01-08,15:04:54.759000,11821,11822,11822,2
2020-01-08,15:04:55.409000,11821,11822,11822,2
2020-01-08,15:04:55.409000,11821,11822,11823,1
2020-01-08,15:04:56.244000,11822,11823,11822,2
2020-01-08,15:04:56.797000,11821,11822,11821,5
2020-01-08,15:04:56.887000,11821,11822,11821,2
2020-01-08,15:04:56.887000,11821,11822,11821,1
2020-01-08,15:04:57.090000,11820,11821,11820,7
2020-01-08,15:04:57.202000,11819,11821,11819,1
2020-01-08,15:04:57.364000,11819,11820,11820,1
2020-01-08,15:04:57.714000,11819,11820,11820,1
2020-01-08,15:04:58.193000,11820,11821,11820,1
2020-01-08,15:04:58.449000,11819,11821,11821,3
2020-01-08,15:04:58.533000,11819,11821,11821,4
2020-01-08,15:04:59.411000,11819,11820,11820,4
2020-01-08,15:04:59.412000,11819,11820,11820,1
2020-01-08,15:04:59.824000,11819,11820,11820,2
2020-01-08,15:04:59.838000,11819,11820,11821,10
2020-01-08,15:05:00.066000,11819,11821,11819,8
2020-01-08,15:05:02.186000,11819,11820,11820,3
2020-01-08,15:05:02.443000,11819,11820,11820,3
2020-01-08,15:05:02.485000,11819,11820,11820,1
2020-01-08,15:05:02.579000,11819,11820,11821,1
2020-01-08,15:05:02.738000,11819,11821,11821,1
2020-01-08,15:05:02.812000,11819,11821,11821,1
2020-01-08,15:05:02.991000,11819,11820,11820,1
2020-01-08,15:05:03.488000,11820,11821,11820,1
2020-01-08,15:05:04.389000,11820,11821,11820,1
2020-01-08,15:05:07.086000,11820,11821,11821,1
2020-01-08,15:05:07.147000,11820,11821,11821,1
2020-01-08,15:05:08.274000,11821,11822,11821,1
2020-01-08,15:05:09.376000,11821,11822,11821,1
2020-01-08,15:05:09.377000,11821,11822,11821,3
2020-01-08,15:05:09.377000,11821,11822,11821,1
2020-01-08,15:05:09.774000,11820,11822,11821,1
2020-01-08,15:05:09.774000,11820,11822,11822,2
2020-01-08,15:05:09.874000,11820,11822,11820,1
2020-01-08,15:05:09.948000,11821,11822,11822,3
2020-01-08,15:05:10.840000,11821,11822,11822,3
2020-01-08,15:05:11.997000,11822,11823,11822,5
2020-01-08,15:05:12.217000,11821,11823,11821,2
2020-01-08,15:05:12.655000,11821,11822,11821,1
2020-01-08,15:05:12.864000,11821,11822,11821,1
2020-01-08,15:05:13.540000,11820,11821,11820,5
2020-01-08,15:05:14.108000,11819,11821,11821,1
2020-01-08,15:05:15.082000,11819,11820,11820,1
2020-01-08,15:05:15.273000,11819,11820,11820,1
2020-01-08,15:05:15.319000,11819,11820,11820,1
2020-01-08,15:05:15.370000,11819,11820,11820,2
2020-01-08,15:05:15.370000,11819,11820,11821,1
2020-01-08,15:05:18.189000,11819,11820,11819,5
2020-01-08,15:05:18.363000,11818,11819,11819,1
2020-01-08,15:05:21.594000,11818,11819,11819,1
2020-01-08,15:05:21.596000,11818,11819,11819,1
2020-01-08,15:05:21.596000,11818,11819,11819,1
2020-01-08,15:05:21.596000,11818,11819,11819,1
2020-01-08,15:05:21.596000,11818,11819,11819,1
2020-01-08,15:05:22.503000,11819,11820,11820,4
2020-01-08,15:05:22.665000,11819,11820,11820,1
2020-01-08,15:05:26.115000,11820,11821,11820,1
2020-01-08,15:05:26.336000,11820,11821,11821,5
2020-01-08,15:05:26.414000,11820,11821,11821,2
2020-01-08,15:05:27.457000,11820,11821,11821,5
2020-01-08,15:05:28.784000,11820,11821,11821,5
2020-01-08,15:05:28.924000,11820,11821,11821,1
2020-01-08,15:05:29.688000,11820,11821,11821,1
2020-01-08,15:05:29.698000,11820,11821,11821,1
2020-01-08,15:05:30.431000,11821,11822,11822,1
2020-01-08,15:05:33.698000,11821,11822,11822,1
2020-01-08,15:05:35.452000,11821,11822,11821,2
2020-01-08,15:05:36.251000,11821,11822,11821,1
2020-01-08,15:05:40.787000,11821,11822,11822,1
2020-01-08,15:05:41.577000,11821,11822,11822,2
2020-01-08,15:05:43.212000,11821,11822,11822,5
2020-01-08,15:05:46.307000,11821,11822,11822,1
2020-01-08,15:05:48.720000,11821,11822,11822,1
2020-01-08,15:05:52.645000,11821,11822,11822,1
2020-01-08,15:05:54.626000,11821,11822,11822,1
2020-01-08,15:05:55.594000,11821,11822,11822,5
2020-01-08,15:05:59.711000,11821,11822,11821,12
2020-01-08,15:06:00.075000,11820,11821,11820,1
2020-01-08,15:06:01.695000,11820,11821,11821,2
2020-01-08,15:06:02.019000,11820,11822,11821,1
2020-01-08,15:06:02.019000,11820,11822,11822,4
2020-01-08,15:06:03.578000,11820,11821,11821,1
2020-01-08,15:06:06.617000,11820,11821,11821,1
2020-01-08,15:06:10.834000,11820,11821,11821,1
2020-01-08,15:06:11.116000,11820,11821,11821,1
2020-01-08,15:06:14.726000,11820,11821,11821,5
2020-01-08,15:06:15.259000,11820,11821,11821,1
2020-01-08,15:06:15.663000,11820,11821,11821,1
2020-01-08,15:06:16.606000,11820,11821,11820,1
2020-01-08,15:06:16.689000,11820,11821,11821,1
2020-01-08,15:06:17.627000,11820,11821,11821,2
2020-01-08,15:06:17.627000,11820,11821,11822,3
2020-01-08,15:06:18.486000,11821,11822,11821,1
2020-01-08,15:06:20.314000,11821,11822,11821,2
2020-01-08,15:06:20.566000,11821,11822,11822,2
2020-01-08,15:06:23.857000,11821,11822,11821,3
2020-01-08,15:06:27.184000,11821,11822,11821,1
2020-01-08,15:06:28.308000,11821,11822,11822,1
2020-01-08,15:06:28.414000,11821,11822,11822,12
2020-01-08,15:06:28.414000,11821,11822,11822,4
2020-01-08,15:06:28.414000,11821,11822,11822,6
2020-01-08,15:06:28.464000,11821,11822,11821,2
2020-01-08,15:06:28.539000,11821,11822,11822,3
2020-01-08,15:06:28.780000,11822,11823,11822,1
2020-01-08,15:06:29.676000,11821,11823,11821,2
2020-01-08,15:06:30.277000,11821,11822,11822,1
2020-01-08,15:06:30.745000,11822,11823,11823,12
2020-01-08,15:06:30.791000,11822,11823,11823,10
2020-01-08,15:06:31.052000,11823,11824,11823,1
2020-01-08,15:06:31.176000,11823,11824,11823,2
2020-01-08,15:06:31.201000,11823,11824,11823,3
2020-01-08,15:06:31.229000,11823,11824,11823,1
2020-01-08,15:06:32.754000,11823,11824,11823,1
2020-01-08,15:06:34.341000,11823,11824,11824,1
2020-01-08,15:06:34.341000,11823,11824,11824,1
2020-01-08,15:06:34.568000,11823,11824,11823,3
2020-01-08,15:06:34.881000,11823,11824,11824,1
2020-01-08,15:06:34.881000,11823,11824,11824,1
2020-01-08,15:06:34.882000,11823,11824,11824,2
2020-01-08,15:06:34.882000,11823,11824,11824,1
2020-01-08,15:06:34.882000,11823,11824,11824,1
2020-01-08,15:06:34.940000,11824,11825,11824,1
2020-01-08,15:06:35.105000,11824,11825,11825,10
2020-01-08,15:06:35.350000,11824,11825,11825,4
2020-01-08,15:06:35.388000,11824,11825,11825,3
2020-01-08,15:06:35.730000,11824,11825,11825,5
2020-01-08,15:06:35.753000,11824,11825,11824,1
2020-01-08,15:06:35.920000,11824,11825,11824,1
2020-01-08,15:06:39.530000,11824,11825,11824,1
2020-01-08,15:06:42.716000,11824,11825,11825,1
2020-01-08,15:06:43.208000,11824,11825,11824,1
2020-01-08,15:06:43.344000,11824,11825,11825,3
2020-01-08,15:06:46.128000,11824,11825,11824,1
2020-01-08,15:06:47.513000,11824,11825,11824,1
2020-01-08,15:06:47.581000,11824,11825,11824,1
2020-01-08,15:06:48.455000,11824,11825,11825,1
2020-01-08,15:06:48.645000,11824,11825,11825,1
2020-01-08,15:06:49.657000,11824,11825,11825,5
2020-01-08,15:06:50.395000,11824,11825,11825,1
2020-01-08,15:06:51.143000,11824,11825,11825,2
2020-01-08,15:06:54.553000,11824,11825,11824,2
2020-01-08,15:06:55.368000,11824,11825,11824,1
2020-01-08,15:06:56.251000,11824,11825,11825,2
2020-01-08,15:07:00.364000,11824,11825,11825,1
2020-01-08,15:07:00.406000,11824,11825,11825,1
2020-01-08,15:07:00.687000,11824,11825,11825,5
2020-01-08,15:07:00.990000,11824,11825,11825,3
2020-01-08,15:07:01.004000,11824,11825,11825,3
2020-01-08,15:07:01.004000,11824,11825,11825,2
2020-01-08,15:07:01.004000,11824,11825,11825,3
2020-01-08,15:07:01.004000,11824,11825,11825,3
2020-01-08,15:07:01.004000,11824,11825,11825,1
2020-01-08,15:07:01.005000,11824,11825,11825,2
2020-01-08,15:07:01.215000,11825,11826,11826,10
2020-01-08,15:07:01.215000,11825,11826,11827,24
2020-01-08,15:07:01.264000,11825,11826,11825,1
2020-01-08,15:07:01.306000,11825,11827,11827,1
2020-01-08,15:07:01.419000,11826,11827,11828,1
2020-01-08,15:07:01.479000,11826,11827,11828,33
2020-01-08,15:07:01.479000,11826,11827,11829,1
2020-01-08,15:07:01.540000,11827,11828,11828,3
2020-01-08,15:07:01.698000,11827,11828,11828,2
2020-01-08,15:07:01.921000,11827,11828,11828,2
2020-01-08,15:07:01.940000,11827,11828,11828,3
2020-01-08,15:07:02.088000,11827,11828,11828,2
2020-01-08,15:07:02.112000,11827,11828,11828,1
2020-01-08,15:07:02.112000,11827,11828,11829,2
2020-01-08,15:07:02.226000,11827,11829,11828,1
2020-01-08,15:07:02.364000,11827,11829,11829,1
2020-01-08,15:07:03.334000,11828,11829,11828,1
2020-01-08,15:07:03.524000,11828,11829,11829,3
2020-01-08,15:07:03.945000,11828,11829,11829,3
2020-01-08,15:07:04.478000,11828,11829,11829,2
2020-01-08,15:07:04.872000,11828,11829,11829,2
2020-01-08,15:07:05.685000,11828,11829,11829,1
2020-01-08,15:07:07.475000,11828,11829,11829,1
2020-01-08,15:07:07.781000,11828,11829,11829,9
2020-01-08,15:07:08.028000,11828,11829,11829,1
2020-01-08,15:07:08.351000,11828,11829,11828,1
2020-01-08,15:07:08.557000,11828,11829,11829,2
2020-01-08,15:07:08.735000,11828,11829,11829,2
2020-01-08,15:07:08.875000,11828,11829,11829,1
2020-01-08,15:07:09.873000,11828,11829,11828,2
2020-01-08,15:07:09.974000,11827,11829,11829,6
2020-01-08,15:07:10.187000,11828,11829,11828,2
2020-01-08,15:07:10.604000,11828,11829,11828,3
2020-01-08,15:07:10.629000,11828,11829,11827,6
2020-01-08,15:07:10.676000,11827,11828,11828,5
2020-01-08,15:07:11.558000,11827,11828,11827,2
2020-01-08,15:07:11.594000,11827,11828,11828,1
2020-01-08,15:07:12.330000,11827,11828,11828,2
2020-01-08,15:07:12.859000,11827,11828,11828,5
2020-01-08,15:07:12.973000,11827,11828,11828,9
2020-01-08,15:07:14.035000,11827,11828,11828,1
2020-01-08,15:07:14.271000,11827,11828,11828,1
2020-01-08,15:07:14.821000,11827,11828,11828,7
2020-01-08,15:07:14.902000,11827,11828,11828,1
2020-01-08,15:07:15.792000,11827,11828,11828,1
2020-01-08,15:07:16.002000,11827,11828,11828,2
2020-01-08,15:07:16.014000,11827,11828,11828,1
2020-01-08,15:07:16.540000,11827,11828,11827,13
2020-01-08,15:07:17.183000,11826,11827,11827,3
2020-01-08,15:07:17.248000,11826,11827,11827,5
2020-01-08,15:07:17.535000,11826,11827,11827,1
2020-01-08,15:07:18.701000,11827,11828,11828,1
2020-01-08,15:07:18.766000,11827,11828,11828,10
2020-01-08,15:07:21.542000,11827,11828,11827,7
2020-01-08,15:07:22.219000,11826,11828,11828,1
2020-01-08,15:07:23.553000,11826,11828,11828,1
2020-01-08,15:07:24.184000,11826,11828,11828,2
2020-01-08,15:07:25.211000,11826,11828,11828,2
2020-01-08,15:07:25.542000,11826,11828,11828,1
2020-01-08,15:07:29.820000,11827,11828,11827,2
2020-01-08,15:07:31.691000,11827,11828,11828,4
2020-01-08,15:07:32.293000,11827,11828,11827,1
2020-01-08,15:07:33.066000,11827,11828,11828,1
2020-01-08,15:07:36.241000,11827,11828,11828,1
2020-01-08,15:07:37.210000,11827,11828,11828,1
2020-01-08,15:07:37.562000,11827,11828,11828,1
2020-01-08,15:07:37.770000,11827,11828,11828,2
2020-01-08,15:07:37.937000,11827,11828,11827,5
2020-01-08,15:07:37.969000,11827,11828,11828,1
2020-01-08,15:07:40.853000,11827,11828,11828,2
2020-01-08,15:07:42.082000,11827,11828,11827,2
2020-01-08,15:07:42.945000,11827,11828,11828,2
2020-01-08,15:07:45.630000,11827,11828,11827,1
2020-01-08,15:07:46.078000,11827,11828,11828,2
2020-01-08,15:07:46.450000,11827,11828,11828,2
2020-01-08,15:07:46.864000,11827,11828,11827,5
2020-01-08,15:07:47.177000,11827,11828,11828,6
2020-01-08,15:07:47.637000,11827,11828,11828,1
2020-01-08,15:07:47.671000,11827,11828,11828,1
2020-01-08,15:07:49.691000,11827,11828,11827,1
2020-01-08,15:07:51.680000,11827,11828,11828,1
2020-01-08,15:07:53.272000,11827,11828,11827,1
2020-01-08,15:07:55.162000,11827,11828,11827,2
2020-01-08,15:07:56.042000,11827,11828,11827,1
2020-01-08,15:07:56.887000,11827,11828,11827,2
2020-01-08,15:07:59.407000,11827,11828,11827,15
2020-01-08,15:08:00.978000,11827,11828,11827,5
2020-01-08,15:08:01.410000,11827,11828,11827,3
2020-01-08,15:08:02.807000,11826,11827,11827,3
2020-01-08,15:08:03.651000,11826,11827,11826,1
2020-01-08,15:08:04.181000,11826,11827,11827,1
2020-01-08,15:08:05.588000,11826,11827,11827,1
2020-01-08,15:08:05.796000,11826,11827,11827,4
2020-01-08,15:08:06.904000,11826,11827,11826,1
2020-01-08,15:08:07.013000,11826,11827,11826,2
2020-01-08,15:08:08.510000,11826,11827,11827,1
2020-01-08,15:08:09.228000,11826,11827,11827,5
2020-01-08,15:08:09.899000,11826,11827,11826,1
2020-01-08,15:08:11.290000,11826,11827,11826,14
2020-01-08,15:08:11.789000,11825,11826,11825,12
2020-01-08,15:08:11.914000,11825,11826,11825,12
2020-01-08,15:08:12.039000,11825,11826,11825,6
2020-01-08,15:08:12.040000,11825,11826,11825,22
2020-01-08,15:08:12.165000,11825,11826,11825,3
2020-01-08,15:08:12.165000,11825,11826,11825,1
2020-01-08,15:08:12.165000,11825,11826,11825,7
2020-01-08,15:08:12.165000,11825,11826,11825,3
2020-01-08,15:08:12.165000,11825,11826,11825,5
2020-01-08,15:08:12.165000,11825,11826,11825,3
2020-01-08,15:08:12.206000,11825,11826,11825,1
2020-01-08,15:08:12.208000,11825,11826,11825,1
2020-01-08,15:08:12.290000,11825,11826,11825,2
2020-01-08,15:08:12.290000,11825,11826,11825,1
2020-01-08,15:08:12.290000,11825,11826,11825,6
2020-01-08,15:08:12.290000,11825,11826,11825,2
2020-01-08,15:08:12.290000,11825,11826,11825,4
2020-01-08,15:08:12.290000,11825,11826,11825,1
2020-01-08,15:08:12.290000,11825,11826,11825,1
2020-01-08,15:08:12.290000,11825,11826,11825,1
2020-01-08,15:08:12.522000,11824,11825,11825,2
2020-01-08,15:08:16.108000,11824,11825,11824,1
2020-01-08,15:08:16.454000,11824,11825,11824,1
2020-01-08,15:08:16.535000,11824,11825,11825,1
2020-01-08,15:08:17.497000,11824,11825,11824,8
2020-01-08,15:08:17.609000,11823,11825,11824,1
2020-01-08,15:08:23.962000,11823,11824,11824,1
2020-01-08,15:08:24.908000,11824,11825,11824,1
2020-01-08,15:08:27.607000,11824,11825,11824,1
2020-01-08,15:08:29.657000,11824,11825,11824,1
2020-01-08,15:08:29.795000,11824,11825,11824,1
2020-01-08,15:08:30.022000,11824,11825,11825,1
2020-01-08,15:08:30.843000,11824,11825,11824,1
2020-01-08,15:08:34.455000,11824,11825,11824,5
2020-01-08,15:08:37.621000,11824,11825,11824,10
2020-01-08,15:08:37.637000,11824,11825,11823,10
2020-01-08,15:08:37.637000,11824,11825,11823,2
2020-01-08,15:08:37.664000,11823,11824,11823,32
2020-01-08,15:08:37.790000,11822,11823,11822,4
2020-01-08,15:08:37.852000,11822,11823,11823,8
2020-01-08,15:08:38.228000,11822,11823,11823,1
2020-01-08,15:08:38.828000,11822,11823,11823,5
2020-01-08,15:08:38.943000,11822,11823,11822,1
2020-01-08,15:08:39.497000,11822,11823,11822,1
2020-01-08,15:08:40.547000,11822,11823,11822,1
2020-01-08,15:08:41.665000,11822,11823,11823,4
2020-01-08,15:08:41.815000,11823,11824,11823,3
2020-01-08,15:08:42.928000,11823,11824,11823,2
2020-01-08,15:08:42.935000,11823,11824,11823,1
2020-01-08,15:08:45.932000,11823,11824,11823,1
2020-01-08,15:08:46.677000,11823,11824,11823,2
2020-01-08,15:08:48.164000,11823,11824,11824,2
2020-01-08,15:08:48.304000,11823,11825,11824,1
2020-01-08,15:08:48.305000,11823,11825,11824,1
2020-01-08,15:08:48.681000,11824,11825,11824,2
2020-01-08,15:08:48.681000,11824,11825,11823,3
2020-01-08,15:08:53.177000,11823,11824,11823,1
2020-01-08,15:08:54.754000,11823,11824,11823,1
2020-01-08,15:08:55.348000,11823,11824,11823,1
2020-01-08,15:08:55.833000,11823,11824,11823,1
2020-01-08,15:08:59.288000,11823,11824,11823,1
2020-01-08,15:09:04.006000,11823,11824,11823,1
2020-01-08,15:09:07.623000,11823,11824,11823,1
2020-01-08,15:09:08.595000,11823,11824,11823,1
2020-01-08,15:09:09.117000,11823,11824,11823,4
2020-01-08,15:09:09.479000,11823,11824,11823,1
2020-01-08,15:09:12.201000,11823,11824,11824,1
2020-01-08,15:09:13.300000,11823,11824,11823,1
2020-01-08,15:09:13.332000,11823,11824,11824,11
2020-01-08,15:09:13.414000,11823,11824,11824,1
2020-01-08,15:09:16.784000,11823,11824,11823,1
2020-01-08,15:09:20.956000,11823,11824,11823,2
2020-01-08,15:09:21.378000,11823,11824,11824,1
2020-01-08,15:09:22.539000,11823,11824,11823,4
2020-01-08,15:09:22.664000,11823,11824,11823,9
2020-01-08,15:09:23.222000,11822,11823,11823,1
2020-01-08,15:09:25.876000,11822,11823,11823,1
2020-01-08,15:09:28.078000,11822,11823,11822,1
2020-01-08,15:09:32.289000,11822,11823,11823,2
2020-01-08,15:09:32.897000,11822,11824,11822,3
2020-01-08,15:09:34.321000,11822,11824,11822,3
2020-01-08,15:09:36.683000,11823,11824,11824,1
2020-01-08,15:09:38.475000,11823,11824,11823,1
2020-01-08,15:09:41.273000,11823,11824,11823,2
2020-01-08,15:09:47.340000,11822,11823,11822,1
2020-01-08,15:09:49.189000,11822,11823,11823,10
2020-01-08,15:09:53.403000,11823,11824,11823,2
2020-01-08,15:09:55.039000,11822,11823,11823,1
2020-01-08,15:09:57.039000,11823,11824,11824,20
2020-01-08,15:09:57.040000,11823,11824,11824,1
2020-01-08,15:09:57.165000,11823,11824,11824,1
2020-01-08,15:09:57.189000,11823,11824,11824,1
2020-01-08,15:09:57.289000,11823,11824,11824,4
2020-01-08,15:09:57.290000,11823,11824,11824,2
2020-01-08,15:09:57.290000,11823,11824,11824,5
2020-01-08,15:09:58.090000,11824,11825,11824,2
2020-01-08,15:10:00.174000,11823,11825,11825,2
2020-01-08,15:10:04.847000,11824,11825,11824,1
2020-01-08,15:10:04.932000,11823,11824,11823,1
2020-01-08,15:10:05.414000,11823,11824,11823,1
2020-01-08,15:10:06.679000,11822,11823,11823,1
2020-01-08,15:10:07.280000,11822,11823,11823,1
2020-01-08,15:10:07.428000,11822,11823,11822,1
2020-01-08,15:10:11.246000,11822,11823,11823,1
2020-01-08,15:10:11.247000,11822,11823,11823,1
2020-01-08,15:10:11.427000,11823,11824,11823,1
2020-01-08,15:10:12.325000,11823,11824,11823,2
2020-01-08,15:10:22.032000,11823,11824,11823,4
2020-01-08,15:10:23.233000,11823,11824,11823,1
2020-01-08,15:10:25.306000,11823,11824,11823,1
2020-01-08,15:10:25.319000,11823,11824,11823,1
2020-01-08,15:10:28.954000,11823,11824,11823,1
2020-01-08,15:10:31.047000,11823,11824,11823,1
2020-01-08,15:10:33.243000,11822,11823,11823,1
2020-01-08,15:10:36.450000,11822,11823,11823,7
2020-01-08,15:10:38.486000,11823,11824,11823,1
2020-01-08,15:10:44.014000,11823,11824,11823,1
2020-01-08,15:10:52.619000,11823,11824,11823,1
2020-01-08,15:10:56.533000,11823,11824,11823,1
2020-01-08,15:10:58.543000,11823,11824,11823,2
2020-01-08,15:11:07.039000,11823,11824,11824,4
2020-01-08,15:11:07.061000,11823,11824,11824,6
2020-01-08,15:11:07.816000,11824,11825,11824,1
2020-01-08,15:11:08.103000,11824,11825,11824,3
2020-01-08,15:11:15.301000,11823,11825,11823,1
2020-01-08,15:11:16.931000,11823,11825,11823,1
2020-01-08,15:11:21.017000,11823,11824,11823,3
2020-01-08,15:11:21.018000,11823,11824,11823,2
2020-01-08,15:11:21.018000,11823,11824,11823,7
2020-01-08,15:11:21.058000,11822,11823,11822,1
2020-01-08,15:11:25.420000,11822,11823,11822,1
2020-01-08,15:11:29.244000,11822,11823,11823,1
2020-01-08,15:11:29.843000,11822,11823,11822,1
2020-01-08,15:11:34.314000,11822,11823,11823,1
2020-01-08,15:11:36.774000,11822,11823,11822,3
2020-01-08,15:11:42.164000,11822,11823,11822,17
2020-01-08,15:11:42.289000,11822,11823,11822,3
2020-01-08,15:11:42.290000,11822,11823,11822,3
2020-01-08,15:11:43.414000,11821,11822,11821,9
2020-01-08,15:11:43.414000,11821,11822,11821,4
2020-01-08,15:11:43.457000,11821,11822,11821,2
2020-01-08,15:11:43.539000,11821,11822,11821,4
2020-01-08,15:11:43.540000,11821,11822,11821,7
2020-01-08,15:11:43.540000,11821,11822,11821,1
2020-01-08,15:11:43.540000,11821,11822,11821,1
2020-01-08,15:11:44.164000,11820,11821,11820,4
2020-01-08,15:11:45.189000,11820,11821,11820,1
2020-01-08,15:11:45.682000,11820,11821,11820,5
2020-01-08,15:11:45.953000,11820,11821,11820,2
2020-01-08,15:11:45.953000,11820,11821,11819,3
2020-01-08,15:11:46.141000,11819,11820,11819,1
2020-01-08,15:11:46.142000,11819,11820,11819,1
2020-01-08,15:11:46.473000,11819,11820,11820,5
2020-01-08,15:11:46.643000,11819,11820,11819,5
2020-01-08,15:11:46.823000,11819,11820,11819,1
2020-01-08,15:11:46.823000,11819,11820,11818,4
2020-01-08,15:11:46.950000,11818,11820,11818,2
2020-01-08,15:11:46.977000,11818,11820,11818,5
2020-01-08,15:11:47.062000,11818,11820,11818,6
2020-01-08,15:11:47.929000,11818,11819,11819,1
2020-01-08,15:11:48.003000,11818,11819,11818,5
2020-01-08,15:11:48.203000,11818,11819,11818,1
2020-01-08,15:11:48.203000,11818,11819,11817,4
2020-01-08,15:11:49.041000,11817,11818,11818,1
2020-01-08,15:11:50.051000,11818,11819,11818,5
2020-01-08,15:11:50.596000,11817,11819,11819,1
2020-01-08,15:11:50.717000,11817,11819,11817,1
2020-01-08,15:11:53.518000,11817,11818,11818,1
2020-01-08,15:11:53.791000,11817,11818,11818,1
2020-01-08,15:11:55.290000,11818,11819,11819,6
2020-01-08,15:11:55.583000,11818,11820,11818,1
2020-01-08,15:11:55.693000,11818,11820,11818,1
2020-01-08,15:11:57.737000,11819,11820,11819,1
2020-01-08,15:12:00.291000,11819,11820,11820,3
2020-01-08,15:12:01.209000,11820,11821,11820,1
2020-01-08,15:12:01.228000,11820,11821,11820,1
2020-01-08,15:12:05.790000,11820,11821,11821,1
2020-01-08,15:12:05.849000,11820,11821,11820,1
2020-01-08,15:12:05.973000,11820,11822,11821,1
2020-01-08,15:12:06.046000,11820,11821,11821,1
2020-01-08,15:12:06.046000,11820,11821,11820,1
2020-01-08,15:12:07.687000,11820,11822,11820,1
2020-01-08,15:12:12.972000,11819,11821,11821,1
2020-01-08,15:12:15.175000,11820,11821,11820,1
2020-01-08,15:12:16.052000,11820,11821,11820,1
2020-01-08,15:12:22.082000,11820,11821,11820,1
2020-01-08,15:12:24.581000,11820,11821,11820,1
2020-01-08,15:12:25.156000,11820,11821,11820,2
2020-01-08,15:12:25.156000,11820,11821,11819,2
2020-01-08,15:12:26.184000,11819,11820,11820,1
2020-01-08,15:12:26.372000,11819,11820,11820,1
2020-01-08,15:12:31.485000,11819,11820,11819,1
2020-01-08,15:12:32.526000,11819,11820,11819,1
2020-01-08,15:12:33.586000,11818,11819,11819,2
2020-01-08,15:12:33.840000,11818,11820,11819,1
2020-01-08,15:12:35.288000,11818,11819,11818,3
2020-01-08,15:12:35.638000,11818,11819,11818,3
2020-01-08,15:12:40.794000,11818,11819,11818,2
2020-01-08,15:12:42.839000,11818,11819,11819,1
2020-01-08,15:12:43.410000,11818,11819,11818,1
2020-01-08,15:12:44.004000,11818,11819,11818,1
2020-01-08,15:12:44.250000,11818,11819,11818,2
2020-01-08,15:12:45.784000,11818,11819,11818,1
2020-01-08,15:12:47.563000,11818,11819,11818,1
2020-01-08,15:12:53.879000,11818,11819,11818,1
2020-01-08,15:12:57.302000,11818,11819,11818,1
2020-01-08,15:12:58.418000,11818,11819,11818,5
2020-01-08,15:12:58.458000,11818,11819,11818,1
2020-01-08,15:13:00.996000,11818,11819,11818,1
2020-01-08,15:13:00.996000,11818,11819,11818,1
2020-01-08,15:13:05.833000,11817,11818,11818,1
2020-01-08,15:13:16.132000,11818,11819,11819,5
2020-01-08,15:13:16.751000,11818,11819,11819,3
2020-01-08,15:13:16.790000,11818,11819,11819,17
2020-01-08,15:13:17,11818,11820,11819,1
2020-01-08,15:13:20.192000,11819,11820,11819,1
2020-01-08,15:13:20.549000,11819,11820,11820,1
2020-01-08,15:13:28.582000,11819,11820,11820,7
2020-01-08,15:13:28.826000,11820,11821,11820,2
2020-01-08,15:13:29.175000,11820,11821,11820,1
2020-01-08,15:13:33.658000,11820,11821,11820,1
2020-01-08,15:13:33.851000,11820,11821,11820,1
2020-01-08,15:13:35.665000,11820,11821,11821,6
2020-01-08,15:13:40.664000,11821,11822,11821,1
2020-01-08,15:13:41.956000,11821,11822,11821,1
2020-01-08,15:13:43.053000,11820,11821,11821,1
2020-01-08,15:13:49.362000,11820,11821,11821,1
2020-01-08,15:13:52.270000,11820,11821,11821,1
2020-01-08,15:13:52.575000,11820,11821,11821,2
2020-01-08,15:13:58.596000,11821,11822,11822,19
2020-01-08,15:13:58.665000,11821,11822,11822,2
2020-01-08,15:13:58.789000,11821,11822,11822,2
2020-01-08,15:13:58.815000,11821,11822,11822,2
2020-01-08,15:13:59.064000,11821,11822,11822,2
2020-01-08,15:14:02.164000,11822,11823,11822,3
2020-01-08,15:14:03.269000,11821,11822,11822,5
2020-01-08,15:14:04.900000,11821,11823,11823,1
2020-01-08,15:14:09.852000,11822,11823,11823,15
2020-01-08,15:14:09.940000,11822,11823,11823,12
2020-01-08,15:14:12.307000,11822,11823,11823,1
2020-01-08,15:14:14.778000,11822,11823,11823,1
2020-01-08,15:14:21.241000,11822,11823,11823,1
2020-01-08,15:14:25.305000,11822,11823,11823,8
2020-01-08,15:14:25.452000,11822,11823,11823,4
2020-01-08,15:14:27.070000,11822,11823,11822,3
2020-01-08,15:14:27.315000,11822,11823,11823,5
2020-01-08,15:14:28.010000,11822,11823,11823,1
2020-01-08,15:14:29.769000,11822,11823,11823,1
2020-01-08,15:14:30.942000,11822,11823,11823,3
2020-01-08,15:14:30.944000,11822,11823,11823,4
2020-01-08,15:14:30.946000,11822,11823,11823,3
2020-01-08,15:14:31.064000,11822,11823,11823,1
2020-01-08,15:14:38.169000,11822,11823,11822,1
2020-01-08,15:14:46.560000,11822,11823,11822,7
2020-01-08,15:14:46.948000,11821,11822,11821,1
2020-01-08,15:14:53.831000,11821,11822,11821,1
2020-01-08,15:14:55.286000,11821,11822,11821,2
2020-01-08,15:14:57.287000,11821,11822,11821,1
2020-01-08,15:14:58.839000,11821,11822,11821,1
2020-01-08,15:15:03.514000,11820,11821,11821,1
2020-01-08,15:15:03.605000,11820,11821,11821,1
2020-01-08,15:15:03.685000,11820,11821,11821,1
2020-01-08,15:15:03.878000,11820,11821,11820,1
2020-01-08,15:15:05.407000,11820,11821,11821,1
2020-01-08,15:15:14.336000,11820,11821,11821,1
2020-01-08,15:15:14.516000,11820,11821,11821,1
2020-01-08,15:15:19.165000,11820,11821,11820,1
2020-01-08,15:15:22.124000,11820,11821,11820,1
2020-01-08,15:15:23.425000,11820,11821,11820,1
2020-01-08,15:15:26.992000,11820,11821,11820,5
2020-01-08,15:15:27.607000,11820,11821,11820,1
2020-01-08,15:15:27.807000,11820,11821,11820,3
2020-01-08,15:15:30.594000,11820,11821,11821,1
2020-01-08,15:15:30.935000,11820,11821,11820,1
2020-01-08,15:15:31.039000,11820,11821,11820,4
2020-01-08,15:15:31.087000,11820,11821,11820,2
2020-01-08,15:15:31.165000,11819,11820,11820,4
2020-01-08,15:15:31.414000,11819,11820,11820,1
2020-01-08,15:15:33.567000,11819,11820,11820,2
2020-01-08,15:15:34.790000,11819,11820,11819,10
2020-01-08,15:15:43.850000,11818,11819,11818,1
2020-01-08,15:15:44.767000,11818,11819,11819,3
2020-01-08,15:15:47.976000,11818,11819,11819,1
2020-01-08,15:15:48.332000,11818,11819,11819,1
2020-01-08,15:15:53.332000,11819,11820,11820,1
2020-01-08,15:15:53.539000,11819,11820,11820,1
2020-01-08,15:15:59.503000,11820,11821,11820,5
2020-01-08,15:16:04.949000,11820,11821,11820,1
2020-01-08,15:16:05.652000,11820,11821,11821,2
2020-01-08,15:16:06.524000,11820,11821,11820,1
2020-01-08,15:16:08.239000,11820,11821,11820,3
2020-01-08,15:16:09.397000,11820,11821,11821,2
2020-01-08,15:16:12.495000,11820,11821,11821,16
2020-01-08,15:16:13.665000,11821,11822,11822,1
2020-01-08,15:16:13.860000,11821,11823,11822,1
2020-01-08,15:16:22.709000,11821,11822,11822,1
2020-01-08,15:16:24.744000,11821,11822,11822,1
2020-01-08,15:16:29.402000,11821,11822,11822,1
2020-01-08,15:16:33.472000,11821,11822,11822,1
2020-01-08,15:16:37.595000,11821,11822,11822,5
2020-01-08,15:16:52.025000,11821,11822,11821,1
2020-01-08,15:16:52.040000,11821,11822,11821,1
2020-01-08,15:16:52.461000,11820,11822,11822,2
2020-01-08,15:16:59.995000,11820,11822,11822,1
2020-01-08,15:17:04.522000,11821,11822,11821,1
2020-01-08,15:17:05.758000,11820,11822,11820,12
2020-01-08,15:17:06.478000,11819,11821,11821,1
2020-01-08,15:17:09.551000,11820,11821,11820,1
2020-01-08,15:17:09.551000,11820,11821,11819,4
2020-01-08,15:17:13.529000,11819,11820,11820,1
2020-01-08,15:17:15.622000,11819,11820,11820,10
2020-01-08,15:17:22.275000,11820,11821,11820,1
2020-01-08,15:17:22.849000,11820,11821,11820,1
2020-01-08,15:17:26.633000,11820,11821,11820,1
2020-01-08,15:17:30.141000,11820,11821,11820,1
2020-01-08,15:17:33.164000,11819,11820,11820,3
2020-01-08,15:17:39.988000,11820,11821,11820,1
2020-01-08,15:17:42.456000,11820,11821,11820,1
2020-01-08,15:17:54.137000,11819,11820,11820,1
2020-01-08,15:17:55.290000,11819,11820,11819,11
2020-01-08,15:17:55.315000,11819,11820,11819,2
2020-01-08,15:17:55.341000,11819,11820,11819,2
2020-01-08,15:17:55.366000,11819,11820,11819,2
2020-01-08,15:18:00.273000,11818,11819,11819,1
2020-01-08,15:18:04.375000,11819,11820,11819,4
2020-01-08,15:18:14.044000,11818,11819,11819,1
2020-01-08,15:18:21.708000,11818,11819,11819,1
2020-01-08,15:18:41.254000,11818,11819,11819,3
2020-01-08,15:18:43.859000,11818,11819,11819,1
2020-01-08,15:18:50.385000,11818,11819,11819,2
2020-01-08,15:18:50.385000,11818,11819,11819,1
2020-01-08,15:18:50.385000,11818,11819,11819,2
2020-01-08,15:18:50.385000,11818,11819,11819,1
2020-01-08,15:18:50.385000,11818,11819,11819,1
2020-01-08,15:18:50.385000,11818,11819,11819,2
2020-01-08,15:18:50.385000,11818,11819,11819,2
2020-01-08,15:18:50.385000,11818,11819,11819,1
2020-01-08,15:18:50.385000,11818,11819,11819,1
2020-01-08,15:18:50.634000,11819,11820,11819,1
2020-01-08,15:18:50.975000,11819,11820,11819,1
2020-01-08,15:18:56.782000,11819,11820,11819,2
2020-01-08,15:19:02.992000,11819,11820,11819,1
2020-01-08,15:19:03.334000,11819,11820,11819,3
2020-01-08,15:19:05.896000,11819,11820,11819,5
2020-01-08,15:19:09.425000,11819,11820,11819,1
2020-01-08,15:19:15.544000,11819,11820,11819,4
2020-01-08,15:19:17.190000,11819,11820,11820,15
2020-01-08,15:19:17.290000,11819,11820,11820,9
2020-01-08,15:19:17.441000,11820,11821,11820,1
2020-01-08,15:19:18.208000,11820,11821,11820,1
2020-01-08,15:19:29.056000,11820,11821,11820,1
2020-01-08,15:19:30.154000,11820,11821,11820,2
2020-01-08,15:19:37.068000,11819,11820,11820,1
2020-01-08,15:19:55.491000,11819,11820,11819,1
2020-01-08,15:20:02.118000,11819,11820,11819,1
2020-01-08,15:20:02.519000,11819,11820,11820,1
2020-01-08,15:20:05.229000,11819,11820,11819,1
2020-01-08,15:20:23.678000,11819,11820,11819,1
2020-01-08,15:20:27.282000,11819,11820,11819,4
2020-01-08,15:20:31.209000,11819,11820,11819,1
2020-01-08,15:20:31.536000,11819,11820,11819,1
2020-01-08,15:20:33.608000,11818,11819,11819,1
2020-01-08,15:20:33.642000,11818,11819,11819,2
2020-01-08,15:20:38.414000,11818,11820,11818,1
2020-01-08,15:20:51.415000,11819,11820,11820,12
2020-01-08,15:20:51.664000,11819,11820,11820,3
2020-01-08,15:20:51.664000,11819,11820,11820,2
2020-01-08,15:20:51.789000,11819,11820,11820,1
2020-01-08,15:20:51.789000,11819,11820,11820,1
2020-01-08,15:20:51.789000,11819,11820,11820,4
2020-01-08,15:20:51.789000,11819,11820,11820,4
2020-01-08,15:20:51.790000,11819,11820,11820,1
2020-01-08,15:20:51.914000,11819,11820,11820,3
2020-01-08,15:20:51.915000,11819,11820,11820,3
2020-01-08,15:20:51.915000,11819,11820,11820,3
2020-01-08,15:20:51.916000,11819,11820,11820,6
2020-01-08,15:20:53.106000,11820,11821,11820,1
2020-01-08,15:20:56.020000,11820,11821,11820,1
2020-01-08,15:20:57.792000,11820,11821,11820,1
2020-01-08,15:21:00.838000,11820,11821,11821,1
2020-01-08,15:21:04.814000,11820,11821,11820,7
2020-01-08,15:21:11.825000,11820,11821,11820,1
2020-01-08,15:21:13.288000,11820,11821,11820,2
2020-01-08,15:21:15.552000,11820,11821,11820,1
2020-01-08,15:21:23.267000,11820,11821,11820,4
2020-01-08,15:21:28.195000,11819,11820,11820,1
2020-01-08,15:21:30.460000,11819,11820,11820,1
2020-01-08,15:21:31.526000,11819,11820,11820,1
2020-01-08,15:21:31.643000,11819,11820,11820,1
2020-01-08,15:21:31.907000,11819,11820,11820,1
2020-01-08,15:21:32.428000,11819,11820,11820,1
2020-01-08,15:21:32.428000,11819,11820,11821,1
2020-01-08,15:21:36.536000,11819,11820,11820,2
2020-01-08,15:21:36.536000,11819,11820,11821,1
2020-01-08,15:21:53.299000,11819,11821,11821,1
2020-01-08,15:21:53.515000,11819,11821,11821,3
2020-01-08,15:21:56.033000,11819,11820,11820,1
2020-01-08,15:21:56.081000,11819,11820,11820,2
2020-01-08,15:21:58.364000,11819,11820,11820,5
2020-01-08,15:22:13.491000,11820,11821,11821,1
2020-01-08,15:22:29.642000,11820,11821,11821,1
2020-01-08,15:22:32.363000,11820,11821,11820,1
2020-01-08,15:22:37.874000,11820,11821,11820,1
2020-01-08,15:22:44.508000,11820,11821,11820,1
2020-01-08,15:22:49.477000,11820,11821,11820,5
2020-01-08,15:22:51.538000,11819,11820,11820,1
2020-01-08,15:22:51.641000,11819,11820,11820,5
2020-01-08,15:22:53.454000,11819,11820,11820,1
2020-01-08,15:22:58.346000,11819,11820,11820,1
2020-01-08,15:23:02.760000,11819,11820,11819,15
2020-01-08,15:23:07.131000,11819,11820,11820,1
2020-01-08,15:23:15.302000,11818,11819,11819,1
2020-01-08,15:23:15.302000,11818,11819,11819,2
2020-01-08,15:23:28.201000,11819,11820,11820,1
2020-01-08,15:23:28.730000,11819,11820,11819,1
2020-01-08,15:23:30.451000,11819,11820,11819,1
2020-01-08,15:23:32.416000,11819,11820,11820,15
2020-01-08,15:23:36.371000,11820,11821,11820,1
2020-01-08,15:23:45.650000,11820,11821,11820,1
2020-01-08,15:23:47.887000,11820,11821,11820,5
2020-01-08,15:23:48.905000,11820,11821,11820,2
2020-01-08,15:23:50.451000,11819,11820,11820,1
2020-01-08,15:23:58.722000,11819,11820,11819,3
2020-01-08,15:24:00.203000,11818,11819,11818,1
2020-01-08,15:24:01.414000,11818,11819,11818,14
2020-01-08,15:24:01.539000,11818,11819,11818,8
2020-01-08,15:24:01.540000,11818,11819,11818,2
2020-01-08,15:24:02.677000,11817,11818,11817,2
2020-01-08,15:24:07.263000,11817,11818,11818,1
2020-01-08,15:24:07.454000,11817,11818,11818,3
2020-01-08,15:24:09.988000,11818,11819,11819,1
2020-01-08,15:24:19.768000,11818,11819,11818,1
2020-01-08,15:24:20.203000,11818,11819,11818,1
2020-01-08,15:24:23.270000,11818,11819,11818,1
2020-01-08,15:24:28.991000,11817,11818,11818,4
2020-01-08,15:24:31.246000,11818,11819,11818,1
2020-01-08,15:24:43.105000,11818,11819,11818,2
2020-01-08,15:24:51.207000,11817,11818,11818,1
2020-01-08,15:24:51.552000,11817,11818,11818,1
2020-01-08,15:24:59.967000,11818,11819,11818,1
2020-01-08,15:25:00.521000,11817,11819,11817,5
2020-01-08,15:25:01.149000,11817,11819,11818,2
2020-01-08,15:25:04.513000,11818,11819,11818,1
2020-01-08,15:25:16.982000,11818,11819,11818,5
2020-01-08,15:25:21.441000,11818,11819,11818,1
2020-01-08,15:25:25.224000,11818,11819,11818,1
2020-01-08,15:25:32.007000,11818,11819,11819,5
2020-01-08,15:25:33.623000,11818,11819,11818,1
2020-01-08,15:25:47.856000,11818,11819,11819,5
2020-01-08,15:25:49.596000,11818,11819,11818,1
2020-01-08,15:25:50.600000,11817,11819,11819,5
2020-01-08,15:25:54.074000,11818,11819,11819,1
2020-01-08,15:26:04.255000,11819,11820,11820,5
2020-01-08,15:26:06.177000,11819,11820,11819,6
2020-01-08,15:26:08.394000,11819,11820,11819,3
2020-01-08,15:26:22.439000,11819,11820,11819,1
2020-01-08,15:26:23.295000,11819,11820,11819,2
2020-01-08,15:26:23.296000,11819,11820,11819,1
2020-01-08,15:26:23.297000,11819,11820,11819,2
2020-01-08,15:26:23.414000,11819,11820,11819,2
2020-01-08,15:26:38.523000,11818,11819,11819,1
2020-01-08,15:26:38.982000,11818,11819,11819,1
2020-01-08,15:26:40.547000,11818,11820,11820,1
2020-01-08,15:26:40.770000,11818,11820,11820,1
2020-01-08,15:26:50.089000,11818,11819,11819,5
2020-01-08,15:26:53.283000,11818,11819,11818,1
2020-01-08,15:27:06.539000,11818,11819,11819,1
2020-01-08,15:27:11.045000,11819,11820,11819,1
2020-01-08,15:27:11.507000,11819,11820,11819,3
2020-01-08,15:27:16.937000,11818,11819,11818,2
2020-01-08,15:27:18.951000,11818,11819,11818,5
2020-01-08,15:27:19.039000,11818,11819,11818,8
2020-01-08,15:27:19.039000,11818,11819,11818,4
2020-01-08,15:27:19.039000,11818,11819,11818,1
2020-01-08,15:27:19.164000,11818,11819,11818,1
2020-01-08,15:27:24.441000,11817,11818,11818,7
2020-01-08,15:27:36.268000,11817,11818,11817,2
2020-01-08,15:27:41.461000,11817,11818,11817,2
2020-01-08,15:27:42.466000,11817,11818,11817,1
2020-01-08,15:27:44.558000,11817,11818,11817,1
2020-01-08,15:27:58.103000,11817,11818,11817,1
2020-01-08,15:27:58.321000,11817,11818,11817,1
2020-01-08,15:28:08.904000,11817,11818,11817,1
2020-01-08,15:28:09.760000,11817,11818,11817,1
2020-01-08,15:28:09.875000,11817,11818,11817,1
2020-01-08,15:28:18.137000,11817,11818,11817,1
2020-01-08,15:28:19.581000,11817,11818,11817,5
2020-01-08,15:28:22.769000,11817,11818,11817,1
2020-01-08,15:28:28.058000,11817,11818,11817,1
2020-01-08,15:28:29.891000,11817,11818,11817,1
2020-01-08,15:28:32.327000,11817,11818,11817,2
2020-01-08,15:28:39.693000,11817,11818,11817,3
2020-01-08,15:28:47.248000,11817,11818,11817,12
2020-01-08,15:28:49.339000,11817,11818,11817,1
2020-01-08,15:28:53.766000,11817,11818,11817,1
2020-01-08,15:29:01.123000,11817,11818,11817,1
2020-01-08,15:29:02.479000,11817,11818,11817,1
2020-01-08,15:29:03.389000,11817,11818,11817,1
2020-01-08,15:29:06.935000,11817,11818,11817,1
2020-01-08,15:29:11.315000,11816,11817,11817,1
2020-01-08,15:29:12.613000,11816,11817,11816,4
2020-01-08,15:29:12.760000,11816,11817,11816,1
2020-01-08,15:29:24.914000,11816,11817,11817,2
2020-01-08,15:29:34.691000,11817,11818,11817,1
2020-01-08,15:29:34.787000,11817,11818,11817,1
2020-01-08,15:29:35.705000,11817,11818,11817,2
2020-01-08,15:29:39.486000,11816,11817,11816,1
2020-01-08,15:29:50.604000,11816,11817,11817,1
2020-01-08,15:29:50.664000,11816,11817,11817,1
2020-01-08,15:29:53.196000,11816,11817,11816,1
2020-01-08,15:30:01.124000,11816,11817,11817,1
2020-01-08,15:30:01.126000,11816,11817,11817,1
2020-01-08,15:30:01.453000,11816,11817,11816,1
2020-01-08,15:30:01.559000,11816,11817,11816,5
2020-01-08,15:30:01.985000,11816,11817,11816,1
2020-01-08,15:30:04.100000,11816,11817,11816,1
2020-01-08,15:30:08.862000,11816,11817,11816,2
2020-01-08,15:30:13.759000,11816,11817,11816,1
2020-01-08,15:30:14.661000,11816,11817,11817,2
2020-01-08,15:30:14.662000,11816,11817,11817,8
2020-01-08,15:30:15.955000,11817,11818,11818,4
2020-01-08,15:30:16.041000,11817,11818,11818,21
2020-01-08,15:30:16.120000,11817,11818,11817,1
2020-01-08,15:30:16.734000,11818,11819,11819,16
2020-01-08,15:30:16.741000,11818,11819,11819,4
2020-01-08,15:30:16.741000,11818,11819,11819,4
2020-01-08,15:30:16.741000,11818,11819,11819,4
2020-01-08,15:30:16.749000,11818,11819,11819,3
2020-01-08,15:30:16.821000,11819,11820,11819,1
2020-01-08,15:30:16.914000,11819,11820,11820,2
2020-01-08,15:30:16.914000,11819,11820,11820,20
2020-01-08,15:30:16.914000,11819,11820,11820,4
2020-01-08,15:30:17.040000,11819,11820,11820,4
2020-01-08,15:30:17.040000,11819,11820,11820,3
2020-01-08,15:30:18.289000,11820,11821,11821,4
2020-01-08,15:30:18.414000,11820,11821,11821,2
2020-01-08,15:30:18.414000,11820,11821,11821,2
2020-01-08,15:30:18.415000,11820,11821,11821,2
2020-01-08,15:30:18.497000,11820,11821,11820,1
2020-01-08,15:30:20.143000,11821,11822,11822,9
2020-01-08,15:30:20.290000,11822,11823,11823,2
2020-01-08,15:30:20.484000,11822,11823,11823,1
2020-01-08,15:30:22.323000,11822,11823,11823,1
2020-01-08,15:30:23.168000,11822,11823,11823,3
2020-01-08,15:30:23.169000,11822,11823,11823,3
2020-01-08,15:30:23.290000,11823,11824,11824,43
2020-01-08,15:30:23.323000,11823,11824,11825,4
2020-01-08,15:30:23.324000,11823,11824,11825,1
2020-01-08,15:30:23.324000,11823,11824,11825,2
2020-01-08,15:30:23.324000,11823,11824,11825,2
2020-01-08,15:30:23.415000,11824,11825,11825,4
2020-01-08,15:30:23.416000,11824,11825,11825,8
2020-01-08,15:30:23.584000,11825,11826,11826,1
2020-01-08,15:30:23.747000,11825,11826,11826,1
2020-01-08,15:30:23.790000,11825,11826,11826,8
2020-01-08,15:30:23.970000,11825,11827,11827,1
2020-01-08,15:30:24.079000,11826,11827,11827,2
2020-01-08,15:30:24.100000,11826,11827,11827,2
2020-01-08,15:30:24.120000,11826,11827,11827,1
2020-01-08,15:30:24.289000,11826,11827,11827,5
2020-01-08,15:30:24.376000,11826,11827,11827,1
2020-01-08,15:30:24.920000,11827,11828,11827,3
2020-01-08,15:30:26.286000,11826,11828,11826,5
2020-01-08,15:30:26.888000,11826,11827,11827,1
2020-01-08,15:30:28.159000,11827,11828,11828,1
2020-01-08,15:30:28.471000,11827,11828,11828,1
2020-01-08,15:30:28.621000,11827,11828,11827,1
2020-01-08,15:30:29.483000,11827,11828,11827,1
2020-01-08,15:30:29.556000,11827,11828,11828,2
2020-01-08,15:30:30.286000,11827,11828,11827,1
2020-01-08,15:30:30.339000,11826,11827,11827,3
2020-01-08,15:30:30.501000,11826,11827,11827,1
2020-01-08,15:30:30.529000,11826,11827,11827,3
2020-01-08,15:30:31.500000,11826,11827,11827,1
2020-01-08,15:30:31.835000,11825,11827,11827,2
2020-01-08,15:30:31.914000,11825,11827,11826,1
2020-01-08,15:30:33.734000,11826,11827,11826,2
2020-01-08,15:30:34.245000,11825,11826,11826,1
2020-01-08,15:30:34.333000,11825,11826,11826,2
2020-01-08,15:30:35.730000,11825,11826,11826,1
2020-01-08,15:30:36.904000,11825,11826,11826,1
2020-01-08,15:30:37.777000,11825,11826,11826,8
2020-01-08,15:30:40.572000,11825,11826,11825,1
2020-01-08,15:30:40.664000,11825,11826,11825,1
2020-01-08,15:30:41.465000,11824,11826,11826,1
2020-01-08,15:30:42.157000,11824,11825,11825,2
2020-01-08,15:30:42.541000,11824,11825,11825,1
2020-01-08,15:30:42.789000,11824,11825,11824,2
2020-01-08,15:30:42.790000,11824,11825,11824,4
2020-01-08,15:30:43.977000,11823,11825,11823,3
2020-01-08,15:30:43.977000,11823,11825,11823,16
2020-01-08,15:30:43.977000,11823,11825,11823,1
2020-01-08,15:30:43.978000,11823,11825,11823,4
2020-01-08,15:30:44.028000,11823,11825,11823,1
2020-01-08,15:30:44.029000,11823,11825,11823,5
2020-01-08,15:30:44.040000,11823,11824,11823,9
2020-01-08,15:30:44.065000,11823,11824,11823,2
2020-01-08,15:30:44.294000,11822,11823,11823,4
2020-01-08,15:30:44.560000,11822,11823,11823,1
2020-01-08,15:30:47.920000,11822,11823,11823,1
2020-01-08,15:30:50.536000,11822,11823,11822,1
2020-01-08,15:30:51.352000,11822,11823,11823,1
2020-01-08,15:30:51.494000,11822,11823,11823,1
2020-01-08,15:30:54.827000,11823,11824,11824,1
2020-01-08,15:31:00.169000,11823,11824,11823,2
2020-01-08,15:31:01.810000,11823,11824,11824,2
2020-01-08,15:31:01.930000,11824,11825,11824,2
2020-01-08,15:31:01.930000,11824,11825,11824,1
2020-01-08,15:31:01.930000,11824,11825,11824,1
2020-01-08,15:31:02.048000,11823,11825,11823,2
2020-01-08,15:31:02.048000,11823,11825,11823,5
2020-01-08,15:31:02.050000,11823,11825,11823,5
2020-01-08,15:31:02.050000,11823,11825,11823,1
2020-01-08,15:31:02.051000,11823,11825,11823,1
2020-01-08,15:31:02.051000,11823,11825,11823,5
2020-01-08,15:31:02.051000,11823,11825,11822,5
2020-01-08,15:31:02.052000,11823,11825,11822,8
2020-01-08,15:31:02.052000,11823,11825,11822,5
2020-01-08,15:31:02.052000,11823,11825,11822,1
2020-01-08,15:31:02.052000,11823,11825,11822,5
2020-01-08,15:31:02.053000,11823,11825,11822,5
2020-01-08,15:31:02.065000,11823,11825,11822,2
2020-01-08,15:31:02.065000,11823,11825,11822,1
2020-01-08,15:31:02.065000,11823,11825,11822,5
2020-01-08,15:31:02.066000,11823,11825,11822,5
2020-01-08,15:31:02.066000,11823,11825,11821,5
2020-01-08,15:31:02.066000,11823,11825,11821,17
2020-01-08,15:31:02.113000,11823,11825,11822,3
2020-01-08,15:31:02.701000,11821,11822,11821,2
2020-01-08,15:31:02.791000,11821,11822,11821,4
2020-01-08,15:31:03.747000,11821,11822,11822,1
2020-01-08,15:31:04.009000,11821,11822,11822,1
2020-01-08,15:31:04.560000,11821,11822,11821,1
2020-01-08,15:31:05.560000,11821,11822,11822,1
2020-01-08,15:31:08.249000,11821,11822,11822,5
2020-01-08,15:31:08.580000,11821,11823,11823,1
2020-01-08,15:31:11.616000,11822,11823,11823,1
2020-01-08,15:31:12.748000,11822,11823,11822,2
2020-01-08,15:31:13.306000,11822,11823,11823,1
2020-01-08,15:31:14.335000,11822,11823,11823,1
2020-01-08,15:31:15.221000,11822,11823,11823,3
2020-01-08,15:31:15.291000,11822,11823,11823,2
2020-01-08,15:31:15.415000,11822,11823,11823,2
2020-01-08,15:31:16.910000,11822,11823,11823,3
2020-01-08,15:31:17.767000,11823,11824,11823,1
2020-01-08,15:31:18.415000,11823,11824,11824,3
2020-01-08,15:31:22.086000,11823,11824,11824,1
2020-01-08,15:31:23.088000,11824,11825,11825,2
2020-01-08,15:31:23.222000,11824,11825,11824,1
2020-01-08,15:31:28.845000,11824,11825,11825,3
2020-01-08,15:31:30.113000,11824,11826,11826,1
2020-01-08,15:31:31.159000,11825,11826,11826,1
2020-01-08,15:31:32.807000,11825,11826,11825,1
2020-01-08,15:31:32.914000,11825,11826,11825,1
2020-01-08,15:31:33.006000,11825,11826,11825,1
2020-01-08,15:31:33.508000,11824,11826,11826,1
2020-01-08,15:31:33.998000,11825,11826,11825,1
2020-01-08,15:31:35.036000,11825,11826,11826,1
2020-01-08,15:31:35.602000,11825,11826,11826,1
2020-01-08,15:31:37.041000,11825,11826,11826,1
2020-01-08,15:31:37.258000,11825,11826,11826,1
2020-01-08,15:31:39.355000,11825,11826,11826,6
2020-01-08,15:31:39.355000,11825,11826,11827,31
2020-01-08,15:31:39.786000,11826,11827,11826,5
2020-01-08,15:31:41.429000,11826,11827,11827,1
2020-01-08,15:31:42.312000,11826,11827,11827,1
2020-01-08,15:31:42.312000,11826,11827,11828,32
2020-01-08,15:31:42.503000,11827,11828,11827,1
2020-01-08,15:31:42.508000,11827,11828,11828,1
2020-01-08,15:31:43.314000,11827,11828,11828,1
2020-01-08,15:31:46.039000,11827,11828,11827,1
2020-01-08,15:31:47.082000,11826,11827,11827,1
2020-01-08,15:31:47.578000,11826,11827,11827,1
2020-01-08,15:31:49.820000,11826,11827,11827,1
2020-01-08,15:31:51.086000,11826,11827,11827,2
2020-01-08,15:31:52.271000,11826,11827,11827,2
2020-01-08,15:31:52.824000,11826,11827,11827,1
2020-01-08,15:31:53.467000,11826,11827,11827,1
2020-01-08,15:31:53.680000,11826,11827,11827,1
2020-01-08,15:31:53.994000,11826,11827,11827,3
2020-01-08,15:31:54.853000,11826,11827,11827,2
2020-01-08,15:31:55.285000,11826,11827,11827,1
2020-01-08,15:31:56.970000,11826,11827,11826,6
2020-01-08,15:31:58.987000,11825,11826,11826,1
2020-01-08,15:32:01.162000,11825,11826,11825,3
2020-01-08,15:32:05.299000,11825,11826,11826,1
2020-01-08,15:32:07.547000,11825,11826,11826,1
2020-01-08,15:32:08.909000,11825,11826,11826,1
2020-01-08,15:32:09.275000,11825,11826,11826,1
2020-01-08,15:32:09.840000,11825,11826,11826,2
2020-01-08,15:32:10.105000,11825,11826,11826,3
2020-01-08,15:32:11.233000,11825,11826,11826,1
2020-01-08,15:32:11.678000,11825,11826,11825,9
2020-01-08,15:32:13.249000,11824,11825,11824,2
2020-01-08,15:32:13.257000,11824,11825,11824,2
2020-01-08,15:32:13.900000,11823,11825,11825,1
2020-01-08,15:32:15.398000,11823,11825,11825,1
2020-01-08,15:32:23.181000,11823,11824,11823,9
2020-01-08,15:32:23.229000,11823,11824,11823,2
2020-01-08,15:32:23.540000,11822,11823,11822,8
2020-01-08,15:32:47.415000,11822,11823,11823,2
2020-01-08,15:32:49.734000,11823,11824,11823,1
2020-01-08,15:32:51.439000,11823,11824,11824,1
2020-01-08,15:32:56.533000,11824,11825,11824,1
2020-01-08,15:32:56.592000,11823,11825,11823,2
2020-01-08,15:32:56.760000,11823,11825,11823,1
2020-01-08,15:33:01.495000,11823,11824,11823,1
2020-01-08,15:33:16.468000,11823,11824,11824,2
2020-01-08,15:33:23.263000,11823,11824,11824,1
2020-01-08,15:33:24.342000,11823,11824,11823,4
2020-01-08,15:33:24.415000,11823,11824,11823,4
2020-01-08,15:33:29.502000,11822,11823,11823,1
2020-01-08,15:33:34.943000,11822,11823,11823,1
2020-01-08,15:33:40.865000,11822,11823,11823,2
2020-01-08,15:33:50.437000,11823,11824,11823,3
2020-01-08,15:33:58.533000,11823,11824,11823,1
2020-01-08,15:34:02.797000,11823,11824,11823,1
2020-01-08,15:34:06.058000,11823,11824,11823,1
2020-01-08,15:34:06.947000,11823,11824,11823,1
2020-01-08,15:34:10.050000,11823,11824,11823,1
2020-01-08,15:34:21.731000,11823,11824,11823,5
2020-01-08,15:34:22.263000,11823,11824,11823,1
2020-01-08,15:34:22.263000,11823,11824,11823,1
2020-01-08,15:34:22.266000,11823,11824,11823,2
2020-01-08,15:34:27.226000,11822,11823,11823,5
2020-01-08,15:34:28.428000,11822,11823,11823,1
2020-01-08,15:34:54.273000,11822,11823,11822,1
2020-01-08,15:35:01.093000,11822,11823,11823,1
2020-01-08,15:35:01.763000,11822,11823,11822,2
2020-01-08,15:35:01.825000,11822,11823,11822,1
2020-01-08,15:35:02.014000,11822,11823,11822,2
2020-01-08,15:35:02.530000,11822,11823,11822,2
2020-01-08,15:35:03.946000,11822,11823,11823,3
2020-01-08,15:35:03.946000,11822,11823,11823,1
2020-01-08,15:35:04.492000,11823,11824,11823,1
2020-01-08,15:35:04.534000,11823,11824,11823,1
2020-01-08,15:35:09.920000,11823,11824,11823,2
2020-01-08,15:35:14.782000,11823,11824,11824,2
2020-01-08,15:35:14.782000,11823,11824,11824,1
2020-01-08,15:35:14.782000,11823,11824,11824,11
2020-01-08,15:35:16.518000,11824,11825,11824,1
2020-01-08,15:35:17,11824,11825,11824,2
2020-01-08,15:35:17.453000,11824,11825,11824,5
2020-01-08,15:35:20.117000,11824,11825,11825,4
2020-01-08,15:35:21.058000,11824,11825,11825,1
2020-01-08,15:35:21.431000,11824,11825,11825,1
2020-01-08,15:35:22.202000,11824,11825,11824,1
2020-01-08,15:35:22.738000,11824,11825,11824,4
2020-01-08,15:35:23.613000,11823,11824,11824,1
2020-01-08,15:35:24.505000,11823,11824,11824,1
2020-01-08,15:35:26.033000,11823,11824,11824,2
2020-01-08,15:35:27.890000,11823,11824,11824,2
2020-01-08,15:35:33.403000,11823,11824,11823,1
2020-01-08,15:35:35.091000,11823,11824,11824,1
2020-01-08,15:35:36.486000,11823,11824,11824,1
2020-01-08,15:35:36.539000,11823,11824,11824,1
2020-01-08,15:35:46.164000,11824,11825,11824,2
2020-01-08,15:35:48.591000,11823,11824,11823,1
2020-01-08,15:35:49.366000,11823,11824,11824,1
2020-01-08,15:35:54.061000,11823,11824,11824,1
2020-01-08,15:35:59.124000,11823,11824,11824,3
2020-01-08,15:36:01.278000,11824,11825,11824,1
2020-01-08,15:36:01.348000,11823,11824,11824,1
2020-01-08,15:36:03.616000,11824,11825,11824,1
2020-01-08,15:36:03.876000,11823,11824,11824,1
2020-01-08,15:36:08.957000,11823,11824,11824,1
2020-01-08,15:36:17.928000,11824,11825,11824,1
2020-01-08,15:36:19.123000,11824,11825,11824,3
2020-01-08,15:36:25.733000,11823,11824,11824,1
2020-01-08,15:36:29.358000,11823,11824,11824,2
2020-01-08,15:36:45.678000,11823,11824,11824,1
2020-01-08,15:36:46.363000,11823,11824,11823,18
2020-01-08,15:36:46.673000,11822,11823,11823,1
2020-01-08,15:36:51.541000,11822,11823,11823,2
2020-01-08,15:37:00.217000,11822,11823,11822,1
2020-01-08,15:37:01.175000,11822,11823,11823,1
2020-01-08,15:37:02.620000,11822,11823,11823,1
2020-01-08,15:37:07.256000,11822,11823,11823,5
2020-01-08,15:37:09.841000,11822,11823,11823,1
2020-01-08,15:37:11.917000,11822,11823,11823,1
2020-01-08,15:37:17.403000,11822,11823,11823,5
2020-01-08,15:37:20.095000,11822,11823,11823,1
2020-01-08,15:37:25.906000,11822,11823,11823,1
2020-01-08,15:37:36.542000,11822,11823,11823,1
2020-01-08,15:37:46.294000,11822,11823,11823,6
2020-01-08,15:37:47.314000,11822,11823,11823,1
2020-01-08,15:37:50.738000,11822,11823,11823,1
2020-01-08,15:38:00.008000,11822,11823,11823,2
2020-01-08,15:38:02.314000,11822,11823,11823,1
2020-01-08,15:38:15.271000,11822,11823,11823,1
2020-01-08,15:38:34.029000,11822,11823,11823,1
2020-01-08,15:38:38.969000,11822,11823,11823,1
2020-01-08,15:38:43.934000,11822,11823,11823,5
2020-01-08,15:38:49.258000,11823,11824,11823,2
2020-01-08,15:38:56.285000,11822,11823,11822,6
2020-01-08,15:38:56.289000,11822,11823,11822,11
2020-01-08,15:39:12.586000,11821,11822,11822,3
2020-01-08,15:39:23.411000,11821,11822,11822,1
2020-01-08,15:39:37.975000,11822,11823,11822,2
2020-01-08,15:39:43.894000,11821,11822,11822,1
2020-01-08,15:40:01.657000,11822,11823,11823,7
2020-01-08,15:40:01.658000,11822,11823,11823,2
2020-01-08,15:40:01.658000,11822,11823,11823,12
2020-01-08,15:40:01.658000,11822,11823,11823,1
2020-01-08,15:40:01.659000,11822,11823,11823,3
2020-01-08,15:40:02.202000,11823,11824,11823,1
2020-01-08,15:40:06.015000,11823,11824,11824,9
2020-01-08,15:40:06.039000,11823,11824,11824,6
2020-01-08,15:40:10.685000,11824,11825,11825,2
2020-01-08,15:40:10.685000,11824,11825,11825,1
2020-01-08,15:40:10.908000,11825,11826,11825,1
2020-01-08,15:40:18.702000,11824,11826,11825,1
2020-01-08,15:40:22.638000,11823,11824,11824,1
2020-01-08,15:40:33.943000,11822,11824,11824,1
2020-01-08,15:40:35.009000,11822,11824,11824,2
2020-01-08,15:40:37.784000,11822,11823,11822,8
2020-01-08,15:40:48.914000,11821,11822,11821,3
2020-01-08,15:40:49.039000,11821,11822,11821,4
2020-01-08,15:40:51.600000,11820,11821,11821,1
2020-01-08,15:41:02.206000,11821,11822,11821,1
2020-01-08,15:41:08.419000,11820,11821,11820,5
2020-01-08,15:41:08.819000,11820,11821,11820,1
2020-01-08,15:41:08.916000,11820,11821,11820,12
2020-01-08,15:41:09.040000,11820,11821,11820,4
2020-01-08,15:41:16.476000,11819,11820,11819,1
2020-01-08,15:41:21.475000,11819,11820,11819,6
2020-01-08,15:41:24.261000,11819,11820,11819,1
2020-01-08,15:41:30.406000,11819,11820,11819,1
2020-01-08,15:41:34.369000,11819,11820,11819,1
2020-01-08,15:41:42.936000,11819,11820,11820,1
2020-01-08,15:41:46.302000,11819,11820,11819,1
2020-01-08,15:41:52.107000,11819,11820,11820,5
2020-01-08,15:42:10.013000,11820,11822,11820,2
2020-01-08,15:42:14.203000,11820,11821,11820,3
2020-01-08,15:42:24.964000,11820,11821,11821,1
2020-01-08,15:42:42.032000,11820,11821,11820,1
2020-01-08,15:42:51.746000,11820,11821,11820,2
2020-01-08,15:43:02.414000,11820,11821,11821,7
2020-01-08,15:43:02.414000,11820,11821,11821,1
2020-01-08,15:43:06.841000,11821,11822,11822,1
2020-01-08,15:43:10.990000,11821,11822,11822,1
2020-01-08,15:43:24.498000,11822,11823,11822,2
2020-01-08,15:43:31.397000,11820,11821,11821,1
2020-01-08,15:43:31.414000,11821,11822,11821,1
2020-01-08,15:43:31.415000,11821,11822,11821,1
2020-01-08,15:43:39.481000,11820,11821,11821,1
2020-01-08,15:43:51.522000,11820,11821,11820,12
2020-01-08,15:43:58.687000,11820,11821,11820,2
2020-01-08,15:44:13.804000,11820,11821,11821,2
2020-01-08,15:44:14.595000,11820,11821,11820,1
2020-01-08,15:44:18.139000,11820,11821,11820,1
2020-01-08,15:44:18.951000,11820,11821,11821,2
2020-01-08,15:44:46.913000,11820,11821,11820,1
2020-01-08,15:44:47.472000,11820,11821,11821,4
2020-01-08,15:44:51.218000,11820,11821,11821,1
2020-01-08,15:44:53.377000,11820,11821,11820,1
2020-01-08,15:44:55.445000,11820,11821,11821,1
2020-01-08,15:45:13.129000,11820,11821,11821,4
2020-01-08,15:45:14.491000,11820,11822,11822,1
2020-01-08,15:45:14.559000,11820,11822,11822,1
2020-01-08,15:45:14.708000,11820,11822,11822,1
2020-01-08,15:45:14.781000,11820,11822,11822,1
2020-01-08,15:45:14.827000,11820,11822,11822,1
2020-01-08,15:45:14.921000,11821,11822,11822,1
2020-01-08,15:45:14.986000,11821,11822,11822,2
2020-01-08,15:45:15.023000,11821,11822,11822,1
2020-01-08,15:45:15.157000,11821,11822,11822,2
2020-01-08,15:45:15.166000,11821,11822,11822,2
2020-01-08,15:45:15.191000,11821,11822,11821,1
2020-01-08,15:45:16.040000,11821,11822,11822,2
2020-01-08,15:45:17.289000,11821,11822,11821,1
2020-01-08,15:45:17.314000,11821,11822,11820,1
2020-01-08,15:45:17.327000,11821,11822,11820,4
2020-01-08,15:45:22.082000,11820,11821,11821,1
2020-01-08,15:45:25.964000,11820,11821,11821,1
2020-01-08,15:45:27.824000,11820,11821,11821,1
2020-01-08,15:45:28.241000,11820,11821,11821,1
2020-01-08,15:46:26.011000,11820,11821,11821,1
2020-01-08,15:46:30.937000,11820,11821,11821,1
2020-01-08,15:46:31.453000,11820,11821,11821,1
2020-01-08,15:46:48.190000,11820,11821,11821,1
2020-01-08,15:47:02.568000,11820,11821,11821,1
2020-01-08,15:47:11.160000,11820,11821,11821,5
2020-01-08,15:47:11.165000,11821,11822,11821,5
2020-01-08,15:47:17.153000,11821,11822,11821,1
2020-01-08,15:48:03.587000,11820,11821,11820,1
2020-01-08,15:48:14.385000,11820,11821,11821,5
2020-01-08,15:48:14.547000,11820,11821,11820,1
2020-01-08,15:48:34.039000,11820,11821,11821,3
2020-01-08,15:48:35.952000,11821,11822,11821,1
2020-01-08,15:48:46.815000,11821,11822,11822,1
2020-01-08,15:49:30.306000,11821,11822,11822,1
2020-01-08,15:49:43.532000,11821,11822,11822,6
2020-01-08,15:49:43.532000,11821,11822,11822,13
2020-01-08,15:49:45.833000,11822,11823,11823,1
2020-01-08,15:49:47.840000,11822,11823,11823,1
2020-01-08,15:49:49.846000,11822,11823,11823,1
2020-01-08,15:50:00.665000,11822,11823,11823,10
2020-01-08,15:50:00.668000,11822,11823,11823,1
2020-01-08,15:50:01.290000,11823,11824,11824,2
2020-01-08,15:50:01.293000,11823,11824,11824,2
2020-01-08,15:50:07.063000,11823,11824,11824,1
2020-01-08,15:50:07.361000,11823,11824,11824,3
2020-01-08,15:50:07.547000,11823,11824,11824,1
2020-01-08,15:50:07.547000,11823,11824,11825,2
2020-01-08,15:50:12.201000,11823,11824,11823,2
2020-01-08,15:50:45.031000,11823,11824,11823,1
2020-01-08,15:51:08.109000,11823,11824,11823,7
2020-01-08,15:51:08.383000,11822,11823,11822,2
2020-01-08,15:51:29.419000,11822,11823,11822,1
2020-01-08,15:51:31.073000,11822,11823,11822,1
2020-01-08,15:51:41.698000,11822,11823,11822,1
2020-01-08,15:51:47.400000,11822,11823,11822,2
2020-01-08,15:51:47.630000,11822,11823,11823,4
2020-01-08,15:51:47.630000,11822,11823,11823,1
2020-01-08,15:51:51.329000,11823,11824,11824,1
2020-01-08,15:52:03.084000,11823,11824,11823,2
2020-01-08,15:52:08.947000,11823,11824,11823,1
2020-01-08,15:52:13.820000,11823,11824,11823,2
2020-01-08,15:52:22.462000,11823,11824,11823,1
2020-01-08,15:52:22.790000,11823,11824,11824,19
2020-01-08,15:52:26.227000,11824,11825,11824,3
2020-01-08,15:52:26.975000,11824,11825,11825,1
2020-01-08,15:52:28.982000,11824,11825,11825,1
2020-01-08,15:52:31.361000,11823,11825,11825,1
2020-01-08,15:52:32.022000,11823,11825,11825,15
2020-01-08,15:52:32.805000,11823,11825,11823,1
2020-01-08,15:52:32.994000,11823,11825,11824,1
2020-01-08,15:52:35.002000,11823,11824,11824,1
2020-01-08,15:52:38.540000,11824,11825,11824,1
2020-01-08,15:52:44.673000,11824,11825,11824,1
2020-01-08,15:52:55.979000,11824,11825,11824,1
2020-01-08,15:52:58.415000,11824,11825,11825,2
2020-01-08,15:52:59.499000,11824,11825,11825,1
2020-01-08,15:53:01.421000,11824,11825,11825,12
2020-01-08,15:53:01.539000,11824,11825,11825,8
2020-01-08,15:53:05.818000,11825,11826,11826,2
2020-01-08,15:53:06.311000,11825,11826,11825,1
2020-01-08,15:53:06.825000,11825,11826,11826,12
2020-01-08,15:53:09.495000,11825,11826,11826,1
2020-01-08,15:53:12.610000,11825,11826,11826,1
2020-01-08,15:53:14.192000,11825,11826,11826,2
2020-01-08,15:53:21.897000,11825,11826,11826,1
2020-01-08,15:53:24.760000,11825,11826,11826,1
2020-01-08,15:53:26.435000,11825,11826,11826,1
2020-01-08,15:53:30.409000,11825,11826,11826,1
2020-01-08,15:53:33.188000,11825,11826,11826,1
2020-01-08,15:53:37.054000,11825,11826,11826,1
2020-01-08,15:53:38.558000,11825,11826,11825,1
2020-01-08,15:53:54.427000,11825,11826,11825,12
2020-01-08,15:53:58.166000,11824,11825,11825,2
2020-01-08,15:54:01.425000,11824,11825,11825,1
2020-01-08,15:54:02.334000,11824,11825,11824,2
2020-01-08,15:54:02.441000,11824,11825,11824,2
2020-01-08,15:54:02.539000,11824,11825,11824,5
2020-01-08,15:54:02.589000,11824,11825,11823,2
2020-01-08,15:54:02.733000,11823,11824,11824,1
2020-01-08,15:54:14.637000,11824,11825,11825,1
2020-01-08,15:54:14.972000,11824,11825,11824,1
2020-01-08,15:54:37.081000,11823,11824,11823,11
2020-01-08,15:54:46.133000,11822,11823,11823,1
2020-01-08,15:54:46.837000,11822,11823,11822,6
2020-01-08,15:54:51.016000,11822,11823,11822,1
2020-01-08,15:54:56.546000,11821,11822,11822,1
2020-01-08,15:55:03.299000,11821,11822,11822,1
2020-01-08,15:55:09.756000,11823,11824,11823,1
2020-01-08,15:55:10.362000,11823,11824,11823,4
2020-01-08,15:55:20.373000,11822,11823,11822,2
2020-01-08,15:55:24.604000,11822,11823,11822,1
2020-01-08,15:55:28.355000,11821,11823,11821,1
2020-01-08,15:55:36.124000,11822,11823,11822,1
2020-01-08,15:55:49.132000,11821,11822,11822,2
2020-01-08,15:55:49.171000,11821,11822,11822,1
2020-01-08,15:55:51.559000,11821,11822,11822,5
2020-01-08,15:55:54.512000,11821,11822,11822,1
2020-01-08,15:56:30.819000,11821,11822,11822,10
2020-01-08,15:56:30.819000,11821,11822,11823,5
2020-01-08,15:56:31.034000,11821,11822,11823,4
2020-01-08,15:56:32.247000,11821,11823,11823,6
2020-01-08,15:56:59.894000,11822,11823,11823,4
2020-01-08,15:57:01.620000,11823,11824,11823,2
2020-01-08,15:57:04.285000,11823,11824,11823,10
2020-01-08,15:57:04.295000,11823,11824,11823,1
2020-01-08,15:57:04.989000,11823,11824,11823,1
2020-01-08,15:57:15.766000,11823,11824,11823,1
2020-01-08,15:57:25.596000,11823,11824,11824,3
2020-01-08,15:57:33.360000,11823,11824,11823,2
2020-01-08,15:57:33.360000,11823,11824,11823,2
2020-01-08,15:57:39.602000,11822,11823,11823,1
2020-01-08,15:57:51.696000,11822,11823,11823,1
2020-01-08,15:57:53.474000,11822,11823,11822,1
2020-01-08,15:57:57.059000,11822,11823,11823,1
2020-01-08,15:57:59.067000,11822,11823,11823,1
2020-01-08,15:58:02.271000,11822,11823,11822,3
2020-01-08,15:58:02.289000,11822,11823,11822,2
2020-01-08,15:58:02.414000,11822,11823,11822,5
2020-01-08,15:58:02.414000,11822,11823,11822,1
2020-01-08,15:58:02.539000,11822,11823,11822,6
2020-01-08,15:58:04.620000,11821,11823,11823,3
2020-01-08,15:58:20.691000,11821,11822,11822,3
2020-01-08,15:58:50.052000,11822,11823,11823,1
2020-01-08,15:58:52.059000,11822,11823,11823,1
2020-01-08,15:58:54.066000,11822,11823,11823,1
2020-01-08,15:58:54.873000,11822,11823,11823,1
2020-01-08,15:58:56.072000,11822,11823,11823,1
2020-01-08,15:59:02.176000,11822,11823,11822,4
2020-01-08,15:59:10.382000,11822,11823,11822,7
2020-01-08,15:59:22.270000,11821,11822,11822,1
2020-01-08,15:59:31.999000,11822,11823,11822,1
2020-01-08,15:59:36.202000,11822,11823,11823,12
2020-01-08,15:59:36.202000,11822,11823,11823,2
2020-01-08,15:59:36.202000,11822,11823,11823,6
2020-01-08,15:59:36.289000,11822,11823,11823,1
2020-01-08,15:59:36.289000,11822,11823,11823,4
2020-01-08,15:59:36.289000,11822,11823,11823,31
2020-01-08,15:59:36.415000,11823,11824,11824,3
2020-01-08,15:59:36.664000,11823,11824,11824,1
2020-01-08,15:59:37.069000,11824,11825,11824,1
2020-01-08,15:59:40.691000,11823,11825,11823,1
2020-01-08,15:59:49.925000,11822,11824,11824,2
2020-01-08,15:59:56.491000,11823,11824,11823,1
2020-01-08,15:59:56.664000,11823,11824,11823,1
2020-01-08,15:59:57.164000,11823,11824,11823,1
2020-01-08,15:59:59.789000,11823,11824,11823,1
2020-01-08,16:00:15.621000,11822,11823,11822,4
2020-01-08,16:00:16.143000,11821,11822,11823,1
2020-01-08,16:00:16.174000,11821,11823,11823,1
2020-01-08,16:00:22.231000,11822,11823,11823,1
2020-01-08,16:00:22.290000,11822,11823,11822,1
2020-01-08,16:00:28.256000,11822,11823,11823,1
2020-01-08,16:00:30.325000,11823,11824,11824,3
2020-01-08,16:00:40.361000,11823,11824,11823,1
2020-01-08,16:00:50.081000,11822,11823,11823,1
2020-01-08,16:00:59.732000,11823,11824,11823,2
2020-01-08,16:01:02.253000,11822,11823,11822,5
2020-01-08,16:01:02.915000,11822,11823,11822,7
2020-01-08,16:01:04.139000,11821,11822,11822,5
2020-01-08,16:01:05.346000,11821,11822,11822,2
2020-01-08,16:01:29.816000,11821,11822,11821,23
2020-01-08,16:01:30.887000,11820,11821,11821,1
2020-01-08,16:01:31.560000,11820,11821,11820,2
2020-01-08,16:01:31.585000,11820,11821,11820,1
2020-01-08,16:01:31.664000,11820,11821,11820,8
2020-01-08,16:01:31.664000,11820,11821,11820,4
2020-01-08,16:01:31.664000,11820,11821,11820,3
2020-01-08,16:01:31.790000,11820,11821,11820,2
2020-01-08,16:01:31.790000,11820,11821,11820,2
2020-01-08,16:01:39.834000,11819,11820,11820,1
2020-01-08,16:01:43.040000,11819,11820,11819,3
2020-01-08,16:01:43.053000,11819,11820,11819,1
2020-01-08,16:01:43.957000,11818,11819,11818,10
2020-01-08,16:01:44.284000,11817,11818,11817,1
2020-01-08,16:01:44.370000,11817,11818,11817,1
2020-01-08,16:01:44.507000,11817,11818,11817,1
2020-01-08,16:01:44.507000,11817,11818,11817,1
2020-01-08,16:01:44.507000,11817,11818,11817,1
2020-01-08,16:01:44.790000,11817,11818,11817,3
2020-01-08,16:01:44.944000,11817,11818,11817,2
2020-01-08,16:01:45.013000,11817,11818,11817,2
2020-01-08,16:01:45.040000,11817,11818,11817,2
2020-01-08,16:01:49.460000,11816,11817,11816,3
2020-01-08,16:01:49.624000,11816,11817,11816,1
2020-01-08,16:01:49.837000,11816,11817,11816,1
2020-01-08,16:01:49.872000,11816,11817,11816,1
2020-01-08,16:01:51.807000,11816,11817,11816,1
2020-01-08,16:01:52.158000,11816,11817,11816,6
2020-01-08,16:01:53.123000,11816,11817,11816,1
2020-01-08,16:01:53.986000,11816,11817,11817,1
2020-01-08,16:01:54.021000,11816,11817,11816,1
2020-01-08,16:01:55.083000,11816,11817,11816,1
2020-01-08,16:01:56.461000,11816,11817,11816,1
2020-01-08,16:01:56.793000,11816,11817,11816,1
2020-01-08,16:01:59.057000,11816,11817,11816,1
2020-01-08,16:01:59.170000,11816,11817,11817,1
2020-01-08,16:01:59.429000,11816,11817,11816,1
2020-01-08,16:02:03.090000,11816,11817,11816,1
2020-01-08,16:02:06.234000,11816,11817,11816,1
2020-01-08,16:02:08.409000,11816,11817,11817,1
2020-01-08,16:02:14.656000,11817,11818,11817,1
2020-01-08,16:02:20.223000,11817,11818,11817,1
2020-01-08,16:02:22.211000,11817,11818,11817,1
2020-01-08,16:02:28.676000,11816,11817,11816,1
2020-01-08,16:02:29.586000,11816,11817,11817,1
2020-01-08,16:02:34.316000,11816,11817,11817,1
2020-01-08,16:02:34.316000,11816,11817,11818,2
2020-01-08,16:02:35.237000,11817,11818,11817,1
2020-01-08,16:02:38.738000,11817,11818,11818,1
2020-01-08,16:02:38.738000,11817,11818,11818,7
2020-01-08,16:02:38.738000,11817,11818,11818,3
2020-01-08,16:02:38.738000,11817,11818,11818,1
2020-01-08,16:02:38.790000,11818,11819,11819,2
2020-01-08,16:02:38.791000,11818,11819,11819,4
2020-01-08,16:02:38.793000,11818,11819,11819,3
2020-01-08,16:02:38.793000,11818,11819,11819,3
2020-01-08,16:02:38.794000,11818,11819,11819,3
2020-01-08,16:02:38.794000,11818,11819,11819,3
2020-01-08,16:02:38.794000,11818,11819,11819,3
2020-01-08,16:02:38.794000,11818,11819,11819,1
2020-01-08,16:02:40.590000,11819,11820,11820,2
2020-01-08,16:02:40.590000,11819,11820,11820,1
2020-01-08,16:02:42.164000,11820,11821,11820,1
2020-01-08,16:02:44.742000,11819,11821,11819,1
2020-01-08,16:02:46.797000,11820,11821,11820,1
2020-01-08,16:02:47.239000,11820,11821,11820,3
2020-01-08,16:02:54.025000,11819,11820,11820,1
2020-01-08,16:03:09.665000,11818,11819,11818,12
2020-01-08,16:03:11.477000,11817,11818,11818,5
2020-01-08,16:03:11.477000,11817,11818,11818,5
2020-01-08,16:03:11.477000,11817,11818,11818,2
2020-01-08,16:03:16.674000,11817,11818,11817,6
2020-01-08,16:03:16.781000,11817,11818,11816,3
2020-01-08,16:03:17.072000,11816,11817,11816,1
2020-01-08,16:03:17.165000,11816,11817,11816,3
2020-01-08,16:03:17.270000,11816,11817,11817,1
2020-01-08,16:03:22.741000,11816,11817,11817,5
2020-01-08,16:03:26.736000,11817,11818,11818,1
2020-01-08,16:03:31.620000,11819,11820,11820,2
2020-01-08,16:03:31.620000,11819,11820,11820,1
2020-01-08,16:03:31.791000,11820,11821,11820,1
2020-01-08,16:03:32.078000,11820,11821,11821,5
2020-01-08,16:03:34.410000,11820,11821,11821,1
2020-01-08,16:03:35.281000,11820,11821,11821,2
2020-01-08,16:03:35.730000,11821,11822,11821,2
2020-01-08,16:03:36.666000,11821,11822,11822,4
2020-01-08,16:03:36.995000,11822,11823,11822,1
2020-01-08,16:03:37.145000,11822,11823,11823,1
2020-01-08,16:03:37.146000,11822,11823,11823,1
2020-01-08,16:03:37.242000,11822,11823,11823,1
2020-01-08,16:03:37.289000,11822,11823,11823,2
2020-01-08,16:03:37.290000,11822,11823,11823,2
2020-01-08,16:03:37.411000,11822,11823,11823,1
2020-01-08,16:03:37.905000,11823,11824,11823,1
2020-01-08,16:03:38.109000,11823,11824,11824,4
2020-01-08,16:03:38.110000,11823,11824,11824,8
2020-01-08,16:03:38.110000,11823,11824,11824,2
2020-01-08,16:03:38.179000,11824,11825,11825,18
2020-01-08,16:03:38.232000,11824,11825,11824,1
2020-01-08,16:03:38.542000,11825,11826,11826,9
2020-01-08,16:03:38.805000,11825,11826,11826,1
2020-01-08,16:03:39.049000,11825,11826,11826,2
2020-01-08,16:03:39.105000,11825,11826,11826,2
2020-01-08,16:03:39.120000,11825,11826,11826,4
2020-01-08,16:03:39.164000,11825,11826,11826,1
2020-01-08,16:03:39.164000,11825,11826,11826,1
2020-01-08,16:03:39.172000,11825,11826,11825,1
2020-01-08,16:03:39.269000,11825,11826,11826,6
2020-01-08,16:03:39.269000,11825,11826,11826,1
2020-01-08,16:03:39.289000,11825,11826,11826,3
2020-01-08,16:03:39.289000,11825,11826,11826,2
2020-01-08,16:03:39.415000,11826,11827,11827,13
2020-01-08,16:03:39.415000,11826,11827,11827,3
2020-01-08,16:03:39.415000,11826,11827,11827,11
2020-01-08,16:03:39.415000,11826,11827,11827,2
2020-01-08,16:03:39.540000,11827,11828,11828,11
2020-01-08,16:03:39.668000,11828,11829,11828,2
2020-01-08,16:03:39.669000,11828,11829,11828,2
2020-01-08,16:03:39.670000,11828,11829,11828,2
2020-01-08,16:03:39.672000,11828,11829,11828,1
2020-01-08,16:03:39.880000,11828,11829,11828,1
2020-01-08,16:03:39.914000,11828,11829,11829,11
2020-01-08,16:03:40.082000,11828,11829,11829,5
2020-01-08,16:03:40.083000,11828,11829,11829,5
2020-01-08,16:03:40.094000,11828,11829,11829,1
2020-01-08,16:03:40.129000,11828,11829,11829,1
2020-01-08,16:03:40.164000,11828,11829,11829,3
2020-01-08,16:03:40.195000,11828,11829,11828,5
2020-01-08,16:03:40.195000,11828,11829,11828,5
2020-01-08,16:03:40.609000,11829,11830,11830,2
2020-01-08,16:03:40.709000,11829,11830,11830,10
2020-01-08,16:03:40.712000,11829,11830,11830,1
2020-01-08,16:03:40.734000,11829,11830,11830,5
2020-01-08,16:03:40.790000,11829,11830,11830,17
2020-01-08,16:03:40.816000,11829,11830,11830,2
2020-01-08,16:03:40.841000,11829,11830,11830,2
2020-01-08,16:03:40.866000,11829,11830,11830,2
2020-01-08,16:03:40.874000,11829,11830,11831,1
2020-01-08,16:03:40.891000,11829,11830,11830,2
2020-01-08,16:03:40.952000,11830,11831,11831,1
2020-01-08,16:03:40.983000,11830,11831,11831,1
2020-01-08,16:03:40.994000,11830,11831,11831,1
2020-01-08,16:03:41.003000,11830,11831,11831,6
2020-01-08,16:03:41.003000,11830,11831,11832,4
2020-01-08,16:03:41.067000,11830,11832,11831,1
2020-01-08,16:03:41.068000,11830,11832,11831,1
2020-01-08,16:03:41.069000,11830,11832,11831,1
2020-01-08,16:03:41.086000,11830,11832,11832,10
2020-01-08,16:03:41.181000,11831,11832,11832,1
2020-01-08,16:03:41.194000,11831,11832,11831,5
2020-01-08,16:03:41.384000,11831,11833,11832,4
2020-01-08,16:03:41.412000,11831,11833,11832,1
2020-01-08,16:03:41.558000,11831,11833,11832,1
2020-01-08,16:03:41.645000,11831,11833,11832,1
2020-01-08,16:03:41.665000,11831,11832,11832,1
2020-01-08,16:03:41.778000,11831,11832,11833,1
2020-01-08,16:03:41.813000,11832,11833,11833,1
2020-01-08,16:03:41.944000,11832,11833,11833,1
2020-01-08,16:03:41.951000,11832,11833,11833,5
2020-01-08,16:03:42.092000,11832,11833,11833,3
2020-01-08,16:03:42.693000,11832,11833,11833,1
2020-01-08,16:03:42.763000,11832,11833,11833,14
2020-01-08,16:03:42.790000,11832,11834,11833,3
2020-01-08,16:03:42.792000,11832,11834,11833,1
2020-01-08,16:03:42.914000,11833,11834,11833,4
2020-01-08,16:03:43.539000,11832,11833,11832,3
2020-01-08,16:03:43.664000,11832,11833,11832,1
2020-01-08,16:03:43.789000,11832,11833,11832,1
2020-01-08,16:03:43.834000,11832,11833,11832,1
2020-01-08,16:03:43.915000,11831,11832,11831,12
2020-01-08,16:03:44.164000,11830,11831,11831,1
2020-01-08,16:03:44.494000,11830,11831,11831,5
2020-01-08,16:03:45.596000,11830,11831,11831,7
2020-01-08,16:03:45.791000,11831,11832,11832,1
2020-01-08,16:03:45.842000,11831,11832,11832,1
2020-01-08,16:03:46.289000,11831,11832,11832,7
2020-01-08,16:03:46.289000,11831,11832,11832,1
2020-01-08,16:03:46.700000,11832,11833,11833,1
2020-01-08,16:03:46.847000,11832,11833,11832,1
2020-01-08,16:03:46.956000,11832,11833,11832,2
2020-01-08,16:03:46.956000,11832,11833,11832,3
2020-01-08,16:03:47.324000,11831,11832,11832,2
2020-01-08,16:03:47.735000,11831,11832,11831,7
2020-01-08,16:03:47.736000,11831,11832,11831,1
2020-01-08,16:03:49.663000,11831,11832,11832,2
2020-01-08,16:03:49.939000,11831,11832,11832,1
2020-01-08,16:03:50.664000,11831,11832,11831,2
2020-01-08,16:03:50.665000,11831,11832,11831,4
2020-01-08,16:03:52.686000,11830,11831,11831,1
2020-01-08,16:03:53.221000,11830,11831,11831,1
2020-01-08,16:03:53.361000,11830,11831,11830,2
2020-01-08,16:03:53.361000,11830,11831,11830,1
2020-01-08,16:03:53.361000,11830,11831,11830,1
2020-01-08,16:03:53.361000,11830,11831,11830,1
2020-01-08,16:03:53.361000,11830,11831,11830,1
2020-01-08,16:03:53.361000,11830,11831,11830,10
2020-01-08,16:03:53.724000,11829,11830,11830,1
2020-01-08,16:03:55.730000,11828,11829,11829,1
2020-01-08,16:03:58.266000,11829,11830,11829,1
2020-01-08,16:04:00.417000,11829,11830,11829,4
2020-01-08,16:04:00.418000,11829,11830,11829,1
2020-01-08,16:04:00.418000,11829,11830,11829,1
2020-01-08,16:04:01.171000,11828,11829,11828,4
2020-01-08,16:04:01.455000,11828,11829,11829,1
2020-01-08,16:04:03.585000,11826,11828,11826,3
2020-01-08,16:04:04.217000,11826,11827,11827,1
2020-01-08,16:04:04.407000,11826,11827,11827,1
2020-01-08,16:04:05.779000,11825,11827,11827,1
2020-01-08,16:04:10.562000,11826,11827,11827,1
2020-01-08,16:04:12.349000,11826,11827,11826,3
2020-01-08,16:04:13.965000,11825,11827,11827,1
2020-01-08,16:04:15.029000,11825,11826,11826,1
2020-01-08,16:04:20.086000,11826,11827,11826,1
2020-01-08,16:04:23.991000,11826,11827,11827,1
2020-01-08,16:04:24.293000,11826,11827,11827,1
2020-01-08,16:04:24.433000,11826,11827,11826,1
2020-01-08,16:04:25.998000,11826,11827,11827,1
2020-01-08,16:04:27.574000,11826,11827,11827,1
2020-01-08,16:04:29.672000,11826,11827,11827,2
2020-01-08,16:04:32.295000,11827,11828,11827,2
2020-01-08,16:04:33.895000,11826,11827,11827,1
2020-01-08,16:04:36.904000,11827,11828,11828,4
2020-01-08,16:04:40.036000,11828,11829,11829,1
2020-01-08,16:04:40.411000,11828,11829,11828,1
2020-01-08,16:04:40.639000,11827,11829,11828,2
2020-01-08,16:04:41.565000,11827,11828,11828,1
2020-01-08,16:04:43.055000,11827,11828,11827,2
2020-01-08,16:04:43.056000,11827,11828,11827,2
2020-01-08,16:04:48.430000,11826,11827,11826,1
2020-01-08,16:04:48.769000,11826,11827,11826,1
2020-01-08,16:04:51.824000,11825,11826,11826,1
2020-01-08,16:04:58.087000,11826,11827,11827,1
2020-01-08,16:04:58.925000,11826,11827,11827,1
2020-01-08,16:04:59.368000,11825,11827,11827,1
2020-01-08,16:05:00.093000,11825,11827,11827,1
2020-01-08,16:05:01.182000,11826,11827,11827,1
2020-01-08,16:05:01.374000,11826,11827,11827,1
2020-01-08,16:05:01.394000,11826,11827,11826,1
2020-01-08,16:05:02.008000,11825,11826,11826,1
2020-01-08,16:05:02.644000,11825,11826,11826,1
2020-01-08,16:05:02.654000,11825,11826,11825,2
2020-01-08,16:05:06.110000,11824,11825,11825,1
2020-01-08,16:05:06.924000,11824,11825,11825,1
2020-01-08,16:05:08.227000,11824,11825,11825,1
2020-01-08,16:05:12.396000,11824,11825,11825,2
2020-01-08,16:05:12.844000,11825,11826,11825,1
2020-01-08,16:05:16.140000,11826,11827,11827,1
2020-01-08,16:05:17.591000,11825,11827,11827,1
2020-01-08,16:05:18.147000,11826,11827,11826,1
2020-01-08,16:05:19.824000,11825,11826,11825,2
2020-01-08,16:05:19.854000,11825,11826,11825,1
2020-01-08,16:05:28.230000,11824,11825,11825,1
2020-01-08,16:05:36.591000,11824,11825,11824,2
2020-01-08,16:05:36.592000,11824,11825,11824,4
2020-01-08,16:05:36.592000,11824,11825,11824,2
2020-01-08,16:05:36.592000,11824,11825,11824,8
2020-01-08,16:05:36.592000,11824,11825,11824,2
2020-01-08,16:05:36.592000,11824,11825,11824,2
2020-01-08,16:05:38.113000,11823,11824,11823,11
2020-01-08,16:05:39.638000,11822,11823,11823,4
2020-01-08,16:05:39.664000,11822,11823,11823,2
2020-01-08,16:05:40.053000,11823,11824,11824,2
2020-01-08,16:05:54.162000,11824,11825,11825,3
2020-01-08,16:05:54.213000,11824,11825,11825,1
2020-01-08,16:05:54.345000,11824,11825,11825,3
2020-01-08,16:05:57.478000,11824,11825,11825,1
2020-01-08,16:05:57.849000,11824,11825,11825,8
2020-01-08,16:05:57.849000,11824,11825,11825,5
2020-01-08,16:05:57.849000,11824,11825,11825,3
2020-01-08,16:05:58.727000,11825,11826,11826,1
2020-01-08,16:06:04.069000,11825,11826,11826,1
2020-01-08,16:06:07.664000,11825,11826,11826,1
2020-01-08,16:06:11.577000,11826,11827,11827,1
2020-01-08,16:06:14.318000,11826,11827,11827,1
2020-01-08,16:06:17.994000,11825,11826,11825,1
2020-01-08,16:06:17.994000,11825,11826,11825,6
2020-01-08,16:06:17.995000,11825,11826,11825,8
2020-01-08,16:06:19.297000,11824,11825,11824,2
2020-01-08,16:06:34.110000,11824,11825,11825,1
2020-01-08,16:06:34.164000,11824,11825,11825,4
2020-01-08,16:06:53.785000,11824,11825,11825,1
2020-01-08,16:06:54.532000,11825,11826,11825,1
2020-01-08,16:06:57.541000,11825,11826,11825,5
2020-01-08,16:07:01.787000,11824,11825,11824,1
2020-01-08,16:07:01.787000,11824,11825,11824,6
2020-01-08,16:07:01.787000,11824,11825,11824,2
2020-01-08,16:07:01.787000,11824,11825,11824,2
2020-01-08,16:07:09.790000,11823,11824,11823,8
2020-01-08,16:07:10.926000,11822,11823,11822,10
2020-01-08,16:07:10.988000,11822,11823,11822,1
2020-01-08,16:07:12.055000,11821,11822,11821,14
2020-01-08,16:07:12.165000,11820,11821,11821,2
