2019-12-09 15:00:00.073,11673,11675,11673,30
2019-12-09 15:00:00.136,11673,11675,11675,4
2019-12-09 15:00:00.146,11673,11675,11673,3
2019-12-09 15:00:00.147,11673,11675,11675,2
2019-12-09 15:00:00.253,11673,11676,11674,2
2019-12-09 15:00:00.258,11673,11676,11673,4
2019-12-09 15:00:00.341,11673,11676,11675,1
2019-12-09 15:00:00.591,11674,11676,11675,1
2019-12-09 15:00:00.997,11674,11675,11675,1
2019-12-09 15:00:00.999,11674,11675,11675,1
2019-12-09 15:00:01.380,11675,11676,11675,6
2019-12-09 15:00:03.300,11675,11676,11675,1
2019-12-09 15:00:05.454,11675,11676,11675,1
2019-12-09 15:00:08.330,11675,11676,11675,1
2019-12-09 15:00:08.834,11675,11676,11675,1
2019-12-09 15:00:09.463,11675,11676,11675,1
2019-12-09 15:00:11.532,11675,11676,11675,1
2019-12-09 15:00:11.730,11675,11676,11675,1
2019-12-09 15:00:20.252,11675,11676,11676,1
2019-12-09 15:00:22.754,11675,11676,11675,1
2019-12-09 15:00:24.347,11675,11676,11675,12
2019-12-09 15:00:24.865,11675,11676,11676,1
2019-12-09 15:00:24.958,11675,11676,11675,1
2019-12-09 15:00:26.251,11675,11676,11675,2
2019-12-09 15:00:26.368,11674,11675,11675,3
2019-12-09 15:00:26.385,11674,11675,11674,1
2019-12-09 15:00:26.476,11674,11675,11675,1
2019-12-09 15:00:30.283,11674,11675,11674,1
2019-12-09 15:00:31.838,11674,11675,11675,1
2019-12-09 15:00:35.363,11674,11675,11675,1
2019-12-09 15:00:43.007,11674,11675,11675,1
2019-12-09 15:00:44.581,11674,11675,11675,2
2019-12-09 15:00:45.181,11674,11675,11675,2
2019-12-09 15:00:47.062,11674,11675,11675,1
2019-12-09 15:00:51.311,11674,11675,11674,1
2019-12-09 15:00:52.192,11674,11675,11674,5
2019-12-09 15:00:52.247,11674,11675,11674,12
2019-12-09 15:00:52.351,11674,11675,11674,1
2019-12-09 15:00:52.351,11674,11675,11674,1
2019-12-09 15:00:53.068,11673,11674,11674,5
2019-12-09 15:00:54.442,11673,11674,11674,2
2019-12-09 15:00:59.863,11673,11674,11673,1
2019-12-09 15:00:59.911,11673,11674,11674,1
2019-12-09 15:00:59.984,11673,11674,11674,1
2019-12-09 15:01:00.102,11673,11674,11674,2
2019-12-09 15:01:00.102,11673,11674,11674,2
2019-12-09 15:01:00.168,11673,11674,11673,1
2019-12-09 15:01:00.196,11673,11674,11673,1
2019-12-09 15:01:01.003,11673,11675,11675,1
2019-12-09 15:01:02.939,11674,11675,11674,5
2019-12-09 15:01:02.984,11674,11675,11675,1
2019-12-09 15:01:02.984,11674,11675,11675,1
2019-12-09 15:01:02.984,11674,11675,11675,2
2019-12-09 15:01:02.985,11674,11675,11675,1
2019-12-09 15:01:02.991,11674,11675,11675,2
2019-12-09 15:01:02.991,11674,11675,11675,1
2019-12-09 15:01:02.993,11674,11675,11675,1
2019-12-09 15:01:02.993,11674,11675,11675,1
2019-12-09 15:01:02.993,11674,11675,11675,1
2019-12-09 15:01:02.994,11674,11675,11675,1
2019-12-09 15:01:03.001,11674,11675,11675,2
2019-12-09 15:01:03.102,11674,11675,11675,1
2019-12-09 15:01:03.102,11674,11675,11675,1
2019-12-09 15:01:13.566,11674,11675,11674,1
2019-12-09 15:01:15.367,11674,11675,11675,1
2019-12-09 15:01:16.507,11674,11675,11675,1
2019-12-09 15:01:17.748,11674,11675,11675,2
2019-12-09 15:01:22.639,11675,11676,11675,1
2019-12-09 15:01:24.300,11675,11676,11675,1
2019-12-09 15:01:24.628,11675,11676,11675,9
2019-12-09 15:01:24.744,11674,11675,11675,3
2019-12-09 15:01:25.640,11675,11676,11675,1
2019-12-09 15:01:32.754,11675,11676,11675,5
2019-12-09 15:01:33.761,11675,11676,11675,1
2019-12-09 15:01:38.134,11675,11676,11675,2
2019-12-09 15:01:39.793,11675,11676,11676,1
2019-12-09 15:01:53.312,11675,11676,11676,1
2019-12-09 15:01:56.424,11675,11676,11676,9
2019-12-09 15:01:57.984,11676,11677,11676,2
2019-12-09 15:01:58.680,11676,11677,11677,1
2019-12-09 15:01:59.741,11676,11677,11676,1
2019-12-09 15:01:59.894,11676,11677,11676,3
2019-12-09 15:02:01.242,11676,11677,11676,2
2019-12-09 15:02:01.507,11676,11677,11676,1
2019-12-09 15:02:02.660,11676,11677,11677,10
2019-12-09 15:02:02.976,11676,11677,11677,2
2019-12-09 15:02:03.076,11676,11677,11676,1
2019-12-09 15:02:03.226,11676,11677,11677,1
2019-12-09 15:02:03.577,11677,11678,11677,1
2019-12-09 15:02:05.601,11677,11678,11677,1
2019-12-09 15:02:10.064,11676,11677,11676,1
2019-12-09 15:02:14.859,11676,11677,11676,1
2019-12-09 15:02:21.909,11676,11677,11677,1
2019-12-09 15:02:26.398,11676,11677,11677,1
2019-12-09 15:02:28.944,11676,11677,11677,1
2019-12-09 15:02:29.417,11676,11677,11676,4
2019-12-09 15:02:31.454,11676,11677,11677,5
2019-12-09 15:02:34.376,11676,11677,11677,1
2019-12-09 15:02:37.077,11676,11677,11676,1
2019-12-09 15:02:41.518,11676,11677,11676,1
2019-12-09 15:02:45.926,11676,11677,11676,1
2019-12-09 15:02:45.976,11676,11677,11676,1
2019-12-09 15:02:48.135,11676,11677,11676,1
2019-12-09 15:02:52.482,11676,11677,11676,1
2019-12-09 15:02:53.066,11676,11677,11676,1
2019-12-09 15:03:00.127,11676,11677,11677,2
2019-12-09 15:03:00.743,11676,11677,11676,1
2019-12-09 15:03:06.344,11676,11677,11676,1
2019-12-09 15:03:06.344,11676,11677,11676,2
2019-12-09 15:03:06.345,11676,11677,11676,1
2019-12-09 15:03:06.634,11675,11677,11675,2
2019-12-09 15:03:14.120,11675,11676,11675,2
2019-12-09 15:03:15.265,11675,11676,11675,1
2019-12-09 15:03:15.898,11675,11676,11675,1
2019-12-09 15:03:17.585,11675,11676,11676,1
2019-12-09 15:03:18.526,11675,11676,11675,1
2019-12-09 15:03:32.953,11675,11676,11676,2
2019-12-09 15:03:34.302,11675,11676,11675,2
2019-12-09 15:03:56.369,11675,11676,11675,10
2019-12-09 15:04:01.477,11674,11675,11674,2
2019-12-09 15:04:02.226,11674,11675,11674,1
2019-12-09 15:04:02.227,11674,11675,11674,2
2019-12-09 15:04:02.337,11674,11675,11675,1
2019-12-09 15:04:02.374,11674,11675,11674,1
2019-12-09 15:04:02.494,11674,11675,11674,1
2019-12-09 15:04:04.557,11674,11675,11674,3
2019-12-09 15:04:04.620,11673,11674,11674,3
2019-12-09 15:04:11.528,11673,11674,11674,1
2019-12-09 15:04:12.015,11673,11674,11673,1
2019-12-09 15:04:14.822,11673,11674,11673,1
2019-12-09 15:04:16.068,11673,11674,11673,17
2019-12-09 15:04:23.127,11673,11674,11673,3
2019-12-09 15:04:27.406,11673,11674,11674,28
2019-12-09 15:04:31.692,11674,11675,11675,1
2019-12-09 15:04:31.732,11674,11675,11675,2
2019-12-09 15:04:31.823,11674,11675,11675,1
2019-12-09 15:04:38.145,11675,11676,11676,1
2019-12-09 15:04:39.323,11675,11676,11675,1
2019-12-09 15:04:47.811,11675,11676,11675,6
2019-12-09 15:04:56.362,11675,11676,11675,1
2019-12-09 15:04:58.123,11675,11676,11675,1
2019-12-09 15:04:58.232,11675,11676,11675,3
2019-12-09 15:04:59.488,11674,11675,11674,3
2019-12-09 15:05:01.250,11673,11675,11675,1
2019-12-09 15:05:01.444,11673,11675,11675,1
2019-12-09 15:05:01.620,11673,11675,11674,1
2019-12-09 15:05:01.626,11673,11675,11673,2
2019-12-09 15:05:01.631,11673,11675,11673,1
2019-12-09 15:05:01.814,11673,11675,11673,1
2019-12-09 15:05:01.825,11673,11675,11673,1
2019-12-09 15:05:19.605,11674,11675,11675,1
2019-12-09 15:05:44.886,11674,11675,11675,1
2019-12-09 15:05:45.771,11674,11675,11674,2
2019-12-09 15:05:55.133,11674,11675,11674,1
2019-12-09 15:05:56.288,11674,11675,11674,1
2019-12-09 15:06:00.041,11674,11675,11674,1
2019-12-09 15:06:00.455,11674,11675,11675,1
2019-12-09 15:06:00.994,11674,11675,11675,1
2019-12-09 15:06:12.396,11674,11675,11674,1
2019-12-09 15:06:25.803,11674,11675,11674,6
2019-12-09 15:06:28.018,11674,11675,11674,1
2019-12-09 15:06:28.789,11674,11675,11674,1
2019-12-09 15:06:29.357,11674,11675,11674,6
2019-12-09 15:06:31.250,11674,11675,11674,1
2019-12-09 15:06:32.616,11674,11675,11674,1
2019-12-09 15:06:33.448,11674,11675,11674,1
2019-12-09 15:06:42.427,11674,11675,11674,1
2019-12-09 15:06:52.085,11674,11675,11674,2
2019-12-09 15:07:08.692,11674,11675,11674,2
2019-12-09 15:07:18.272,11674,11675,11674,2
2019-12-09 15:07:29.096,11674,11675,11675,3
2019-12-09 15:07:29.099,11674,11675,11675,2
2019-12-09 15:07:29.102,11674,11675,11675,1
2019-12-09 15:07:43.237,11674,11675,11675,1
2019-12-09 15:07:48.753,11674,11675,11675,1
2019-12-09 15:08:02.194,11674,11675,11675,5
2019-12-09 15:08:08.844,11674,11675,11675,1
2019-12-09 15:08:27.777,11674,11675,11675,1
2019-12-09 15:08:42.300,11674,11675,11674,1
2019-12-09 15:08:59.949,11674,11675,11674,1
2019-12-09 15:09:10.344,11674,11675,11674,1
2019-12-09 15:09:14.810,11674,11675,11674,1
2019-12-09 15:09:19.726,11674,11675,11674,2
2019-12-09 15:09:20.358,11674,11675,11674,2
2019-12-09 15:09:23.573,11674,11675,11674,1
2019-12-09 15:09:53.022,11674,11675,11674,3
2019-12-09 15:10:11.365,11674,11675,11674,1
2019-12-09 15:10:11.872,11674,11675,11674,5
2019-12-09 15:10:43.391,11673,11674,11673,5
2019-12-09 15:10:48.920,11673,11674,11673,1
2019-12-09 15:11:02.869,11673,11674,11673,1
2019-12-09 15:11:33.512,11673,11674,11673,5
2019-12-09 15:11:35.945,11673,11674,11673,1
2019-12-09 15:11:43.517,11673,11674,11673,1
2019-12-09 15:11:48.731,11673,11674,11673,1
2019-12-09 15:11:58.958,11673,11674,11673,1
2019-12-09 15:12:03.481,11673,11674,11673,1
2019-12-09 15:12:34.997,11673,11674,11673,7
2019-12-09 15:12:36.721,11673,11674,11673,2
2019-12-09 15:12:37.421,11673,11674,11673,1
2019-12-09 15:12:42.803,11672,11673,11672,1
2019-12-09 15:12:42.817,11672,11673,11672,2
2019-12-09 15:12:50.793,11672,11673,11672,1
2019-12-09 15:12:56.201,11672,11673,11673,1
2019-12-09 15:13:15.247,11672,11673,11672,1
2019-12-09 15:13:18.967,11672,11673,11672,7
2019-12-09 15:13:20.031,11672,11673,11672,1
2019-12-09 15:13:20.222,11672,11673,11672,1
2019-12-09 15:13:20.227,11672,11673,11672,2
2019-12-09 15:13:23.150,11671,11672,11671,14
2019-12-09 15:13:24.158,11671,11672,11671,1
2019-12-09 15:13:24.309,11671,11672,11671,1
2019-12-09 15:13:25.770,11671,11672,11671,1
2019-12-09 15:13:28.450,11671,11672,11671,1
2019-12-09 15:13:30.092,11671,11672,11671,1
2019-12-09 15:13:31.108,11671,11672,11671,1
2019-12-09 15:13:34.540,11671,11672,11671,1
2019-12-09 15:13:35.467,11671,11672,11671,1
2019-12-09 15:13:38.921,11671,11672,11671,1
2019-12-09 15:13:40.771,11671,11672,11671,1
2019-12-09 15:13:41.610,11671,11672,11671,1
2019-12-09 15:13:42.938,11671,11672,11671,6
2019-12-09 15:13:51.577,11671,11672,11672,1
2019-12-09 15:13:57.394,11671,11672,11672,6
2019-12-09 15:13:59.884,11671,11672,11672,2
2019-12-09 15:14:13.247,11672,11673,11672,1
2019-12-09 15:14:15.674,11672,11673,11672,1
2019-12-09 15:14:30.114,11672,11673,11672,1
2019-12-09 15:15:00.505,11672,11673,11673,1
2019-12-09 15:15:18.228,11672,11673,11673,1
2019-12-09 15:15:23.445,11672,11673,11673,2
2019-12-09 15:15:40.040,11672,11673,11673,8
2019-12-09 15:15:40.278,11673,11674,11673,2
2019-12-09 15:15:49.741,11672,11674,11672,1
2019-12-09 15:15:57.516,11672,11674,11672,5
2019-12-09 15:16:11.110,11672,11673,11672,2
2019-12-09 15:16:27.307,11672,11673,11673,1
2019-12-09 15:17:01.514,11672,11673,11672,1
2019-12-09 15:17:01.612,11672,11673,11673,1
2019-12-09 15:17:01.620,11672,11673,11674,1
2019-12-09 15:17:01.621,11672,11673,11674,1
2019-12-09 15:17:03.843,11672,11674,11672,1
2019-12-09 15:17:05.720,11672,11674,11672,1
2019-12-09 15:17:18.476,11673,11674,11673,1
2019-12-09 15:18:25.412,11672,11673,11673,1
2019-12-09 15:18:26.133,11672,11673,11672,13
2019-12-09 15:18:27.358,11672,11673,11672,1
2019-12-09 15:18:27.478,11671,11672,11672,1
2019-12-09 15:18:30.119,11672,11673,11672,1
2019-12-09 15:18:52.907,11672,11673,11672,2
2019-12-09 15:19:14.815,11672,11673,11672,1
2019-12-09 15:19:21.896,11672,11673,11672,1
2019-12-09 15:19:49.291,11672,11673,11672,1
2019-12-09 15:19:52.641,11672,11673,11672,5
2019-12-09 15:19:52.975,11672,11673,11672,1
2019-12-09 15:19:52.994,11672,11673,11672,1
2019-12-09 15:19:56.504,11672,11673,11672,1
2019-12-09 15:20:06.352,11672,11673,11672,1
2019-12-09 15:20:07.157,11671,11672,11671,2
2019-12-09 15:20:11.533,11671,11672,11672,1
2019-12-09 15:20:23.291,11671,11672,11672,1
2019-12-09 15:20:27.717,11671,11672,11672,1
2019-12-09 15:20:34.071,11671,11672,11672,1
2019-12-09 15:20:40.524,11671,11672,11672,1
2019-12-09 15:22:24.537,11671,11672,11671,33
2019-12-09 15:22:24.537,11671,11672,11670,34
2019-12-09 15:22:24.729,11670,11671,11670,3
2019-12-09 15:22:24.851,11669,11671,11670,1
2019-12-09 15:22:24.950,11669,11671,11670,1
2019-12-09 15:22:24.976,11669,11670,11670,1
2019-12-09 15:22:24.978,11669,11670,11670,4
2019-12-09 15:22:33.640,11669,11670,11670,1
2019-12-09 15:22:35.716,11669,11670,11670,1
2019-12-09 15:22:36.352,11669,11670,11670,6
2019-12-09 15:22:36.688,11670,11671,11671,1
2019-12-09 15:22:36.692,11670,11671,11671,1
2019-12-09 15:22:36.696,11670,11671,11671,1
2019-12-09 15:22:37.010,11670,11671,11671,1
2019-12-09 15:22:46.866,11670,11671,11671,2
2019-12-09 15:22:54.054,11670,11671,11670,2
2019-12-09 15:22:59.837,11670,11671,11670,1
2019-12-09 15:23:00.465,11670,11671,11670,1
2019-12-09 15:23:16.076,11670,11671,11671,1
2019-12-09 15:23:22.597,11670,11671,11671,1
2019-12-09 15:23:31.476,11670,11671,11670,1
2019-12-09 15:23:36.074,11670,11671,11670,1
2019-12-09 15:23:39.391,11670,11671,11671,2
2019-12-09 15:23:40.891,11670,11671,11670,1
2019-12-09 15:23:42.385,11670,11671,11671,2
2019-12-09 15:23:45.264,11670,11671,11671,9
2019-12-09 15:23:45.502,11670,11672,11671,1
2019-12-09 15:23:47.353,11670,11671,11670,1
2019-12-09 15:23:53.985,11670,11671,11671,1
2019-12-09 15:24:09.160,11670,11671,11671,2
2019-12-09 15:24:12.376,11670,11671,11671,1
2019-12-09 15:24:21.474,11670,11671,11671,2
2019-12-09 15:24:26.605,11671,11672,11671,3
2019-12-09 15:24:26.605,11671,11672,11670,39
2019-12-09 15:24:26.727,11670,11671,11670,5
2019-12-09 15:24:27.254,11670,11671,11670,1
2019-12-09 15:24:27.420,11669,11671,11670,1
2019-12-09 15:24:42.801,11669,11670,11670,1
2019-12-09 15:24:45.300,11670,11671,11670,3
2019-12-09 15:24:58.840,11670,11671,11670,8
2019-12-09 15:25:01.245,11669,11670,11669,1
2019-12-09 15:25:01.398,11669,11670,11669,1
2019-12-09 15:25:01.455,11669,11670,11669,1
2019-12-09 15:25:01.758,11669,11670,11669,2
2019-12-09 15:25:01.892,11669,11670,11669,3
2019-12-09 15:25:08.062,11669,11670,11670,1
2019-12-09 15:25:12.218,11669,11670,11669,1
2019-12-09 15:25:22.204,11669,11670,11670,1
2019-12-09 15:25:26.571,11669,11670,11670,1
2019-12-09 15:25:35.696,11669,11670,11670,1
2019-12-09 15:25:36.612,11669,11670,11670,1
2019-12-09 15:25:41.469,11669,11670,11670,1
2019-12-09 15:25:42.409,11669,11670,11670,1
2019-12-09 15:25:43.902,11669,11670,11669,1
2019-12-09 15:26:10.584,11669,11670,11670,1
2019-12-09 15:26:33.308,11669,11670,11670,1
2019-12-09 15:26:51.355,11669,11670,11670,1
2019-12-09 15:26:56.239,11669,11670,11670,2
2019-12-09 15:26:58.863,11669,11670,11670,1
2019-12-09 15:26:58.935,11669,11670,11670,2
2019-12-09 15:26:58.978,11669,11670,11670,3
2019-12-09 15:27:03.799,11669,11670,11670,1
2019-12-09 15:27:04.103,11669,11670,11670,1
2019-12-09 15:27:13.535,11670,11671,11670,1
2019-12-09 15:27:22.861,11670,11671,11670,1
2019-12-09 15:27:30.227,11670,11671,11671,4
2019-12-09 15:27:45.278,11671,11672,11671,1
2019-12-09 15:27:45.789,11671,11672,11672,2
2019-12-09 15:28:03.971,11671,11672,11672,1
2019-12-09 15:28:31.130,11671,11672,11672,1
2019-12-09 15:28:33.217,11671,11672,11672,1
2019-12-09 15:28:51.170,11671,11672,11672,1
2019-12-09 15:28:52.843,11671,11672,11672,1
2019-12-09 15:28:53.833,11671,11672,11672,1
2019-12-09 15:29:00.859,11671,11672,11672,9
2019-12-09 15:29:01.717,11671,11672,11672,2
2019-12-09 15:29:22.089,11672,11673,11672,1
2019-12-09 15:29:34.484,11672,11673,11672,1
2019-12-09 15:29:48.818,11672,11673,11672,2
2019-12-09 15:29:51.889,11672,11673,11673,2
2019-12-09 15:30:07.872,11672,11673,11673,2
2019-12-09 15:30:07.919,11672,11673,11673,2
2019-12-09 15:30:07.977,11672,11673,11673,3
2019-12-09 15:30:08.348,11672,11673,11672,2
2019-12-09 15:30:08.424,11672,11673,11672,2
2019-12-09 15:30:08.536,11672,11673,11672,1
2019-12-09 15:30:08.537,11672,11673,11673,5
2019-12-09 15:30:09.853,11672,11673,11673,3
2019-12-09 15:30:09.976,11673,11674,11673,2
2019-12-09 15:30:11.398,11672,11673,11673,5
2019-12-09 15:30:12.607,11672,11673,11673,5
2019-12-09 15:30:20.064,11672,11673,11673,1
2019-12-09 15:30:31.894,11672,11673,11673,1
2019-12-09 15:30:36.274,11672,11673,11673,3
2019-12-09 15:30:37.537,11672,11673,11673,2
2019-12-09 15:30:58.818,11672,11673,11673,1
2019-12-09 15:31:02.410,11672,11673,11673,1
2019-12-09 15:31:17.606,11672,11673,11673,1
2019-12-09 15:31:18.453,11672,11673,11673,2
2019-12-09 15:31:18.484,11673,11674,11674,1
2019-12-09 15:31:18.485,11673,11674,11674,1
2019-12-09 15:31:18.486,11673,11674,11674,1
2019-12-09 15:31:18.488,11673,11674,11674,1
2019-12-09 15:31:18.489,11673,11674,11674,1
2019-12-09 15:31:18.491,11673,11674,11674,1
2019-12-09 15:31:29.086,11673,11674,11673,1
2019-12-09 15:32:06.747,11673,11674,11674,4
2019-12-09 15:32:35.090,11673,11674,11674,16
2019-12-09 15:32:35.234,11673,11674,11674,16
2019-12-09 15:32:35.352,11673,11674,11674,2
2019-12-09 15:32:35.352,11673,11674,11674,1
2019-12-09 15:32:37.648,11674,11675,11675,5
2019-12-09 15:32:43.695,11674,11675,11674,2
2019-12-09 15:32:44.302,11674,11675,11675,8
2019-12-09 15:32:44.788,11674,11675,11675,8
2019-12-09 15:32:45.938,11674,11675,11675,4
2019-12-09 15:32:46.113,11675,11676,11675,1
2019-12-09 15:32:46.718,11675,11676,11675,1
2019-12-09 15:32:49.839,11675,11676,11676,1
2019-12-09 15:32:50.186,11675,11676,11675,1
2019-12-09 15:32:52.644,11675,11676,11676,1
2019-12-09 15:32:53.590,11675,11676,11675,2
2019-12-09 15:32:55.622,11674,11675,11675,1
2019-12-09 15:32:55.757,11674,11675,11675,1
2019-12-09 15:32:56.071,11674,11675,11674,1
2019-12-09 15:32:57.133,11674,11675,11675,1
2019-12-09 15:33:01.178,11674,11675,11675,1
2019-12-09 15:33:08.970,11674,11675,11675,1
2019-12-09 15:33:10.759,11674,11675,11675,1
2019-12-09 15:33:11.436,11674,11675,11675,1
2019-12-09 15:33:12.081,11675,11676,11676,1
2019-12-09 15:33:14.828,11675,11676,11675,1
2019-12-09 15:33:15.345,11675,11676,11676,1
2019-12-09 15:33:15.855,11675,11676,11676,1
2019-12-09 15:33:17.200,11675,11676,11676,1
2019-12-09 15:33:22.480,11675,11676,11676,1
2019-12-09 15:33:27.364,11675,11676,11676,1
2019-12-09 15:33:31.334,11675,11676,11676,1
2019-12-09 15:33:36.145,11675,11676,11675,1
2019-12-09 15:33:37.427,11675,11676,11676,6
2019-12-09 15:34:13.741,11675,11676,11676,2
2019-12-09 15:34:26.446,11675,11676,11676,3
2019-12-09 15:34:29.996,11675,11676,11676,4
2019-12-09 15:34:35.668,11675,11676,11676,2
2019-12-09 15:34:35.668,11675,11676,11676,4
2019-12-09 15:34:35.668,11675,11676,11676,3
2019-12-09 15:34:35.668,11675,11676,11676,7
2019-12-09 15:34:50.135,11676,11677,11677,2
2019-12-09 15:34:54.236,11676,11677,11676,1
2019-12-09 15:35:01.229,11676,11677,11677,1
2019-12-09 15:35:01.444,11676,11677,11677,1
2019-12-09 15:35:03.727,11676,11677,11677,1
2019-12-09 15:35:03.728,11676,11677,11677,17
2019-12-09 15:35:15.072,11677,11678,11678,1
2019-12-09 15:35:15.124,11677,11678,11678,1
2019-12-09 15:35:15.193,11677,11678,11678,3
2019-12-09 15:35:15.266,11677,11678,11678,2
2019-12-09 15:35:15.367,11677,11678,11678,2
2019-12-09 15:35:15.762,11677,11678,11678,1
2019-12-09 15:35:15.887,11677,11678,11678,1
2019-12-09 15:35:17.743,11677,11678,11678,1
2019-12-09 15:35:17.997,11677,11678,11678,1
2019-12-09 15:35:18.271,11677,11678,11678,1
2019-12-09 15:35:18.493,11677,11678,11678,4
2019-12-09 15:35:18.719,11677,11678,11678,14
2019-12-09 15:35:18.727,11677,11678,11678,5
2019-12-09 15:35:18.727,11677,11678,11678,2
2019-12-09 15:35:18.727,11677,11678,11678,2
2019-12-09 15:35:18.727,11677,11678,11678,5
2019-12-09 15:35:21.948,11678,11679,11679,2
2019-12-09 15:35:22.200,11678,11679,11679,1
2019-12-09 15:35:22.537,11678,11679,11678,1
2019-12-09 15:35:22.724,11678,11679,11679,1
2019-12-09 15:35:22.727,11678,11679,11679,13
2019-12-09 15:35:24.201,11679,11680,11680,1
2019-12-09 15:35:24.304,11679,11680,11680,3
2019-12-09 15:35:24.795,11679,11680,11680,4
2019-12-09 15:35:25.324,11679,11680,11680,1
2019-12-09 15:35:27.234,11679,11680,11680,1
2019-12-09 15:35:28.566,11679,11680,11680,8
2019-12-09 15:35:28.636,11679,11680,11680,1
2019-12-09 15:35:29.367,11679,11680,11680,1
2019-12-09 15:35:29.614,11679,11680,11680,5
2019-12-09 15:35:30.638,11679,11680,11680,11
2019-12-09 15:35:31.257,11680,11681,11680,1
2019-12-09 15:35:31.779,11680,11681,11681,1
2019-12-09 15:35:32.289,11680,11681,11681,2
2019-12-09 15:35:32.887,11680,11681,11680,1
2019-12-09 15:35:33.161,11680,11681,11680,1
2019-12-09 15:35:38.385,11680,11681,11681,1
2019-12-09 15:35:39.158,11680,11681,11681,1
2019-12-09 15:35:40.433,11680,11681,11681,1
2019-12-09 15:35:40.933,11680,11681,11681,1
2019-12-09 15:35:42.495,11680,11681,11681,7
2019-12-09 15:35:45.884,11680,11681,11681,1
2019-12-09 15:35:50.299,11680,11681,11681,2
2019-12-09 15:35:50.531,11680,11681,11681,2
2019-12-09 15:35:52.016,11680,11681,11681,3
2019-12-09 15:35:53.527,11680,11681,11680,1
2019-12-09 15:35:56.793,11680,11681,11681,2
2019-12-09 15:35:57.366,11680,11681,11681,1
2019-12-09 15:35:59.343,11680,11681,11681,1
2019-12-09 15:36:00.527,11680,11681,11680,1
2019-12-09 15:36:00.527,11680,11681,11680,16
2019-12-09 15:36:00.527,11680,11681,11680,6
2019-12-09 15:36:00.528,11680,11681,11680,5
2019-12-09 15:36:00.529,11680,11681,11680,4
2019-12-09 15:36:00.602,11680,11681,11680,3
2019-12-09 15:36:00.602,11680,11681,11680,1
2019-12-09 15:36:00.602,11680,11681,11680,2
2019-12-09 15:36:00.602,11680,11681,11680,7
2019-12-09 15:36:03.615,11679,11680,11679,1
2019-12-09 15:36:11.867,11679,11680,11680,1
2019-12-09 15:36:12.086,11679,11680,11680,1
2019-12-09 15:36:12.095,11679,11680,11680,1
2019-12-09 15:36:14.800,11679,11680,11680,5
2019-12-09 15:36:27.027,11679,11680,11680,3
2019-12-09 15:36:40.672,11679,11680,11679,1
2019-12-09 15:36:40.743,11679,11680,11679,5
2019-12-09 15:36:40.744,11679,11680,11679,3
2019-12-09 15:36:40.744,11679,11680,11679,1
2019-12-09 15:36:40.744,11679,11680,11679,2
2019-12-09 15:36:40.744,11679,11680,11679,1
2019-12-09 15:36:40.745,11679,11680,11679,1
2019-12-09 15:36:45.681,11678,11679,11678,4
2019-12-09 15:36:48.995,11678,11679,11678,2
2019-12-09 15:36:49.438,11678,11679,11678,1
2019-12-09 15:36:52.118,11678,11679,11678,1
2019-12-09 15:36:52.702,11678,11679,11678,1
2019-12-09 15:36:53.119,11678,11679,11678,4
2019-12-09 15:36:57.518,11678,11679,11678,1
2019-12-09 15:37:08.040,11678,11679,11678,1
2019-12-09 15:37:08.531,11678,11679,11678,1
2019-12-09 15:37:09.881,11678,11679,11678,1
2019-12-09 15:37:10.779,11678,11679,11678,1
2019-12-09 15:37:23.330,11678,11679,11678,2
2019-12-09 15:37:27.877,11678,11679,11678,1
2019-12-09 15:37:29.151,11678,11679,11678,1
2019-12-09 15:37:29.955,11678,11679,11678,1
2019-12-09 15:37:33.805,11678,11679,11678,1
2019-12-09 15:37:34.576,11678,11679,11678,1
2019-12-09 15:37:35.383,11677,11679,11677,1
2019-12-09 15:37:44.443,11678,11679,11678,1
2019-12-09 15:37:48.906,11678,11679,11678,1
2019-12-09 15:37:50.397,11678,11679,11679,1
2019-12-09 15:37:50.822,11678,11679,11679,5
2019-12-09 15:37:50.972,11679,11680,11679,2
2019-12-09 15:37:53.715,11679,11680,11679,1
2019-12-09 15:37:54.753,11679,11680,11680,1
2019-12-09 15:37:56.714,11679,11680,11679,1
2019-12-09 15:37:57.922,11679,11680,11680,7
2019-12-09 15:38:03.702,11679,11680,11680,1
2019-12-09 15:38:05.139,11679,11680,11680,9
2019-12-09 15:38:07.705,11680,11681,11680,1
2019-12-09 15:38:10.232,11679,11680,11680,1
2019-12-09 15:38:10.232,11679,11680,11681,4
2019-12-09 15:38:11.144,11680,11681,11680,1
2019-12-09 15:38:19.885,11680,11681,11681,1
2019-12-09 15:38:20.420,11680,11681,11681,5
2019-12-09 15:38:20.477,11680,11681,11681,3
2019-12-09 15:38:22.201,11681,11682,11682,1
2019-12-09 15:38:22.260,11681,11682,11682,2
2019-12-09 15:38:22.307,11681,11682,11682,2
2019-12-09 15:38:22.388,11681,11682,11681,2
2019-12-09 15:38:22.499,11681,11682,11682,1
2019-12-09 15:38:22.505,11681,11682,11682,5
2019-12-09 15:38:22.695,11681,11682,11682,5
2019-12-09 15:38:23.111,11681,11682,11681,1
2019-12-09 15:38:27.670,11681,11682,11681,1
2019-12-09 15:38:28.252,11681,11682,11681,1
2019-12-09 15:38:28.477,11680,11682,11682,4
2019-12-09 15:38:29.305,11680,11682,11682,1
2019-12-09 15:38:30.748,11681,11682,11681,1
2019-12-09 15:38:31.748,11680,11681,11681,4
2019-12-09 15:38:33.141,11681,11682,11682,1
2019-12-09 15:38:35.424,11681,11682,11681,4
2019-12-09 15:38:38.476,11681,11682,11681,1
2019-12-09 15:38:39.859,11681,11682,11681,1
2019-12-09 15:38:46.223,11681,11682,11682,1
2019-12-09 15:38:47.297,11681,11682,11682,1
2019-12-09 15:38:47.729,11681,11682,11682,14
2019-12-09 15:38:53.693,11681,11682,11681,1
2019-12-09 15:38:53.999,11681,11682,11681,23
2019-12-09 15:38:54.755,11680,11681,11680,2
2019-12-09 15:38:55.178,11680,11681,11680,1
2019-12-09 15:38:58.094,11680,11681,11681,1
2019-12-09 15:39:05.241,11680,11681,11680,1
2019-12-09 15:39:05.328,11680,11681,11681,2
2019-12-09 15:39:06.007,11681,11682,11681,1
2019-12-09 15:39:06.497,11681,11682,11682,2
2019-12-09 15:39:06.896,11681,11682,11681,1
2019-12-09 15:39:08.789,11681,11682,11681,1
2019-12-09 15:39:13.450,11680,11681,11681,2
2019-12-09 15:39:16.163,11680,11681,11681,1
2019-12-09 15:39:16.175,11680,11681,11681,2
2019-12-09 15:39:19.245,11680,11681,11681,1
2019-12-09 15:39:38.526,11680,11681,11681,1
2019-12-09 15:39:38.651,11680,11681,11681,1
2019-12-09 15:39:39.172,11680,11681,11680,1
2019-12-09 15:39:41.180,11680,11681,11681,10
2019-12-09 15:39:43.244,11680,11681,11680,1
2019-12-09 15:39:47.226,11680,11681,11681,3
2019-12-09 15:39:47.226,11680,11681,11681,2
2019-12-09 15:39:47.226,11680,11681,11681,4
2019-12-09 15:39:47.226,11680,11681,11681,1
2019-12-09 15:39:49.307,11681,11682,11681,1
2019-12-09 15:39:51.948,11681,11682,11681,1
2019-12-09 15:39:54.638,11681,11682,11682,5
2019-12-09 15:40:00.315,11681,11682,11682,1
2019-12-09 15:40:00.546,11681,11682,11682,1
2019-12-09 15:40:00.547,11681,11682,11682,1
2019-12-09 15:40:00.698,11681,11682,11682,2
2019-12-09 15:40:00.744,11681,11682,11682,3
2019-12-09 15:40:01.212,11681,11682,11682,1
2019-12-09 15:40:03.725,11681,11682,11682,1
2019-12-09 15:40:03.934,11681,11682,11682,1
2019-12-09 15:40:05.568,11681,11682,11681,1
2019-12-09 15:40:07.502,11681,11682,11681,2
2019-12-09 15:40:08.526,11681,11682,11681,1
2019-12-09 15:40:10.960,11681,11682,11682,1
2019-12-09 15:40:16.520,11681,11682,11681,3
2019-12-09 15:40:17.884,11681,11682,11681,2
2019-12-09 15:40:21.651,11681,11682,11681,1
2019-12-09 15:40:48.396,11681,11682,11681,1
2019-12-09 15:40:57.124,11681,11682,11681,1
2019-12-09 15:40:59.024,11681,11682,11681,2
2019-12-09 15:41:09.142,11681,11682,11681,1
2019-12-09 15:41:09.588,11681,11682,11681,1
2019-12-09 15:41:12.451,11681,11682,11681,1
2019-12-09 15:41:13.418,11681,11682,11681,1
2019-12-09 15:41:20.000,11681,11682,11681,1
2019-12-09 15:41:20.659,11681,11682,11681,1
2019-12-09 15:41:23.761,11681,11682,11681,1
2019-12-09 15:41:43.842,11681,11682,11681,1
2019-12-09 15:41:57.812,11681,11682,11681,3
2019-12-09 15:42:03.185,11681,11682,11681,2
2019-12-09 15:42:03.832,11681,11682,11682,2
2019-12-09 15:42:03.833,11681,11682,11682,2
2019-12-09 15:42:05.602,11681,11682,11681,2
2019-12-09 15:42:05.836,11681,11682,11681,1
2019-12-09 15:42:08.223,11680,11682,11680,1
2019-12-09 15:42:18.238,11680,11681,11681,1
2019-12-09 15:42:31.119,11681,11682,11681,10
2019-12-09 15:42:37.136,11681,11682,11681,1
2019-12-09 15:42:45.506,11680,11681,11681,3
2019-12-09 15:42:47.386,11680,11681,11681,2
2019-12-09 15:42:49.276,11681,11682,11681,1
2019-12-09 15:42:51.936,11681,11682,11681,2
2019-12-09 15:43:05.643,11681,11682,11681,1
2019-12-09 15:43:06.310,11681,11682,11681,1
2019-12-09 15:43:08.467,11681,11682,11681,5
2019-12-09 15:43:09.772,11681,11682,11681,2
2019-12-09 15:43:13.498,11681,11682,11681,1
2019-12-09 15:43:18.243,11681,11682,11681,1
2019-12-09 15:43:21.350,11681,11682,11681,1
2019-12-09 15:43:26.116,11681,11682,11681,1
2019-12-09 15:43:28.299,11681,11682,11681,2
2019-12-09 15:43:28.324,11681,11682,11681,2
2019-12-09 15:43:28.351,11681,11682,11681,2
2019-12-09 15:43:28.476,11681,11682,11681,1
2019-12-09 15:43:46.699,11681,11682,11681,1
2019-12-09 15:43:49.378,11681,11682,11681,1
2019-12-09 15:43:57.294,11681,11682,11681,1
2019-12-09 15:43:58.158,11681,11682,11681,1
2019-12-09 15:44:00.518,11681,11682,11681,1
2019-12-09 15:44:00.848,11681,11682,11681,1
2019-12-09 15:44:01.209,11681,11682,11681,1
2019-12-09 15:44:03.877,11681,11682,11681,3
2019-12-09 15:44:11.506,11681,11682,11681,2
2019-12-09 15:44:14.061,11681,11682,11681,1
2019-12-09 15:44:19.361,11681,11682,11681,2
2019-12-09 15:44:19.605,11681,11682,11681,1
2019-12-09 15:44:19.716,11681,11682,11682,1
2019-12-09 15:44:26.349,11681,11682,11682,1
2019-12-09 15:44:27.061,11681,11682,11682,2
2019-12-09 15:44:29.907,11681,11682,11681,1
2019-12-09 15:44:35.094,11681,11682,11681,1
2019-12-09 15:44:44.003,11681,11682,11682,10
2019-12-09 15:44:44.101,11681,11682,11682,8
2019-12-09 15:44:44.227,11681,11682,11682,20
2019-12-09 15:44:44.227,11681,11682,11682,4
2019-12-09 15:44:44.352,11681,11682,11682,1
2019-12-09 15:44:44.352,11681,11682,11682,2
2019-12-09 15:44:44.352,11681,11682,11682,3
2019-12-09 15:44:44.352,11681,11682,11682,1
2019-12-09 15:44:44.859,11682,11683,11683,1
2019-12-09 15:44:45.057,11682,11683,11683,1
2019-12-09 15:44:48.841,11682,11683,11683,1
2019-12-09 15:44:49.620,11682,11683,11683,3
2019-12-09 15:44:49.830,11682,11683,11683,1
2019-12-09 15:44:54.848,11682,11683,11683,1
2019-12-09 15:44:55.618,11682,11683,11682,1
2019-12-09 15:44:56.899,11682,11683,11683,1
2019-12-09 15:45:00.599,11682,11683,11683,2
2019-12-09 15:45:00.892,11682,11683,11683,5
2019-12-09 15:45:00.892,11682,11683,11683,5
2019-12-09 15:45:02.618,11682,11683,11683,1
2019-12-09 15:45:03.457,11682,11683,11683,1
2019-12-09 15:45:05.555,11682,11683,11683,10
2019-12-09 15:45:06.678,11682,11683,11683,2
2019-12-09 15:45:07.210,11682,11683,11683,1
2019-12-09 15:45:09.773,11682,11683,11682,1
2019-12-09 15:45:15.429,11682,11683,11683,1
2019-12-09 15:45:16.677,11682,11683,11683,1
2019-12-09 15:45:17.739,11682,11683,11683,1
2019-12-09 15:45:20.958,11682,11683,11682,2
2019-12-09 15:45:21.058,11682,11683,11683,1
2019-12-09 15:45:23.873,11682,11683,11683,7
2019-12-09 15:45:25.432,11682,11683,11682,1
2019-12-09 15:45:33.432,11682,11683,11682,1
2019-12-09 15:45:45.583,11682,11683,11682,1
2019-12-09 15:45:50.844,11682,11683,11682,1
2019-12-09 15:45:55.994,11682,11683,11682,1
2019-12-09 15:46:12.819,11682,11683,11683,1
2019-12-09 15:46:13.115,11682,11683,11682,1
2019-12-09 15:46:20.200,11682,11683,11683,1
2019-12-09 15:46:21.094,11682,11683,11683,1
2019-12-09 15:46:22.133,11682,11683,11683,2
2019-12-09 15:46:25.652,11682,11683,11683,1
2019-12-09 15:46:25.992,11682,11683,11683,1
2019-12-09 15:46:26.634,11682,11683,11682,1
2019-12-09 15:46:30.075,11682,11683,11683,1
2019-12-09 15:46:30.137,11682,11683,11683,3
2019-12-09 15:46:37.371,11682,11683,11683,2
2019-12-09 15:46:39.528,11682,11683,11683,1
2019-12-09 15:46:44.262,11682,11683,11683,1
2019-12-09 15:46:44.924,11682,11683,11683,1
2019-12-09 15:46:47.700,11682,11683,11683,1
2019-12-09 15:46:50.495,11682,11683,11683,1
2019-12-09 15:46:50.584,11682,11683,11683,1
2019-12-09 15:46:50.886,11683,11684,11683,2
2019-12-09 15:47:08.599,11682,11683,11683,1
2019-12-09 15:47:08.918,11682,11683,11682,20
2019-12-09 15:47:09.412,11681,11683,11682,1
2019-12-09 15:47:15.358,11682,11683,11682,1
2019-12-09 15:47:25.048,11682,11683,11682,10
2019-12-09 15:47:26.153,11682,11683,11682,1
2019-12-09 15:47:40.219,11682,11683,11683,1
2019-12-09 15:47:58.355,11682,11683,11682,2
2019-12-09 15:48:04.890,11682,11683,11682,1
2019-12-09 15:48:08.408,11682,11683,11683,1
2019-12-09 15:48:10.135,11682,11683,11682,1
2019-12-09 15:48:17.662,11682,11683,11683,1
2019-12-09 15:48:22.368,11682,11683,11682,1
2019-12-09 15:48:23.198,11682,11683,11683,1
2019-12-09 15:48:47.677,11682,11683,11682,1
2019-12-09 15:48:47.941,11682,11683,11682,1
2019-12-09 15:49:03.848,11682,11683,11682,5
2019-12-09 15:49:03.851,11682,11683,11682,5
2019-12-09 15:49:32.368,11681,11682,11681,2
2019-12-09 15:50:11.452,11681,11682,11682,2
2019-12-09 15:50:11.976,11681,11682,11681,1
2019-12-09 15:50:20.210,11681,11682,11681,5
2019-12-09 15:50:21.361,11681,11682,11681,17
2019-12-09 15:50:32.588,11680,11681,11680,1
2019-12-09 15:50:32.589,11680,11681,11680,1
2019-12-09 15:50:34.666,11680,11681,11680,1
2019-12-09 15:50:35.476,11680,11681,11680,4
2019-12-09 15:50:35.601,11680,11681,11680,15
2019-12-09 15:50:35.601,11680,11681,11680,4
2019-12-09 15:50:35.602,11680,11681,11680,4
2019-12-09 15:50:35.726,11680,11681,11680,10
2019-12-09 15:50:37.189,11679,11680,11679,1
2019-12-09 15:50:39.280,11679,11680,11679,1
2019-12-09 15:50:40.274,11679,11680,11679,1
2019-12-09 15:50:41.619,11679,11680,11679,1
2019-12-09 15:51:33.925,11678,11680,11678,1
2019-12-09 15:51:39.118,11678,11680,11678,1
2019-12-09 15:51:44.298,11678,11679,11678,1
2019-12-09 15:51:45.245,11678,11679,11678,5
2019-12-09 15:52:22.739,11678,11679,11678,1
2019-12-09 15:52:46.750,11678,11679,11678,1
2019-12-09 15:52:52.254,11678,11679,11678,1
2019-12-09 15:53:12.883,11678,11679,11679,1
2019-12-09 15:53:33.110,11678,11679,11679,1
2019-12-09 15:53:45.509,11678,11679,11679,1
2019-12-09 15:54:04.107,11678,11679,11679,1
2019-12-09 15:54:05.589,11678,11679,11679,1
2019-12-09 15:54:17.365,11678,11679,11679,1
2019-12-09 15:54:40.999,11678,11679,11678,1
2019-12-09 15:54:51.387,11678,11679,11679,1
2019-12-09 15:55:20.594,11678,11679,11679,2
2019-12-09 15:55:44.198,11678,11679,11678,1
2019-12-09 15:56:48.236,11678,11679,11678,1
2019-12-09 15:56:53.124,11678,11679,11678,2
2019-12-09 15:56:54.276,11678,11679,11678,2
2019-12-09 15:57:05.898,11678,11679,11678,1
2019-12-09 15:57:18.893,11678,11679,11678,44
2019-12-09 15:57:18.894,11678,11679,11678,2
2019-12-09 15:57:30.080,11677,11678,11677,2
2019-12-09 15:57:30.466,11677,11678,11677,2
2019-12-09 15:57:42.546,11677,11678,11677,4
2019-12-09 15:57:45.710,11677,11678,11677,1
2019-12-09 15:57:46.166,11677,11678,11678,1
2019-12-09 15:57:52.324,11677,11678,11677,1
2019-12-09 15:58:01.083,11677,11678,11677,1
2019-12-09 15:58:02.424,11677,11678,11677,1
2019-12-09 15:58:05.034,11677,11678,11677,2
2019-12-09 15:58:06.741,11677,11678,11677,1
2019-12-09 15:58:12.597,11677,11678,11677,1
2019-12-09 15:58:13.224,11677,11678,11677,5
2019-12-09 15:58:14.232,11677,11678,11677,1
2019-12-09 15:58:16.464,11677,11678,11677,1
2019-12-09 15:58:18.174,11677,11678,11677,1
2019-12-09 15:58:25.884,11677,11678,11677,1
2019-12-09 15:58:26.956,11677,11678,11678,1
2019-12-09 15:58:27.101,11677,11678,11678,4
2019-12-09 15:58:54.726,11677,11678,11678,3
2019-12-09 15:58:55.483,11678,11679,11679,1
2019-12-09 15:58:59.011,11678,11679,11679,1
2019-12-09 15:59:03.738,11678,11679,11679,1
2019-12-09 15:59:08.992,11678,11679,11679,1
2019-12-09 15:59:10.789,11678,11679,11679,1
2019-12-09 15:59:15.683,11678,11679,11678,1
2019-12-09 15:59:30.803,11678,11679,11678,1
2019-12-09 15:59:59.504,11678,11679,11679,1
2019-12-09 16:00:01.819,11678,11679,11679,10
2019-12-09 16:00:02.433,11678,11679,11679,12
2019-12-09 16:00:02.587,11678,11679,11678,5
2019-12-09 16:00:02.655,11678,11679,11679,1
2019-12-09 16:00:02.658,11678,11679,11679,2
2019-12-09 16:00:05.728,11678,11679,11678,2
2019-12-09 16:00:06.455,11677,11678,11678,1
2019-12-09 16:00:07.077,11677,11678,11677,4
2019-12-09 16:00:07.077,11677,11678,11677,1
2019-12-09 16:00:07.077,11677,11678,11677,2
2019-12-09 16:00:07.077,11677,11678,11677,1
2019-12-09 16:00:07.101,11677,11678,11677,6
2019-12-09 16:00:07.101,11677,11678,11677,4
2019-12-09 16:00:07.102,11677,11678,11677,2
2019-12-09 16:00:07.284,11676,11677,11676,5
2019-12-09 16:00:07.304,11676,11677,11676,2
2019-12-09 16:00:07.605,11676,11677,11676,1
2019-12-09 16:00:07.605,11676,11677,11676,2
2019-12-09 16:00:08.093,11676,11677,11676,2
2019-12-09 16:00:13.424,11676,11677,11677,2
2019-12-09 16:00:18.943,11677,11678,11677,1
2019-12-09 16:00:38.950,11677,11678,11677,1
2019-12-09 16:00:55.312,11677,11678,11677,1
2019-12-09 16:01:15.167,11677,11678,11677,4
2019-12-09 16:01:15.405,11677,11678,11677,4
2019-12-09 16:01:18.541,11676,11677,11676,2
2019-12-09 16:01:20.197,11676,11677,11676,1
2019-12-09 16:01:20.433,11676,11677,11676,1
2019-12-09 16:01:21.422,11676,11677,11676,1
2019-12-09 16:01:23.901,11676,11677,11676,2
2019-12-09 16:01:29.722,11676,11677,11676,1
2019-12-09 16:01:30.149,11676,11677,11676,1
2019-12-09 16:01:31.887,11676,11677,11676,1
2019-12-09 16:01:33.089,11676,11677,11676,1
2019-12-09 16:01:43.535,11676,11677,11676,1
2019-12-09 16:01:46.943,11676,11677,11677,2
2019-12-09 16:01:46.943,11676,11677,11677,4
2019-12-09 16:01:46.943,11676,11677,11677,1
2019-12-09 16:01:53.526,11677,11678,11678,1
2019-12-09 16:01:56.228,11677,11678,11677,1
2019-12-09 16:01:56.381,11677,11678,11677,1
2019-12-09 16:01:57.819,11677,11678,11677,1
2019-12-09 16:01:58.841,11677,11678,11677,18
2019-12-09 16:02:00.338,11676,11677,11676,1
2019-12-09 16:02:22.682,11676,11677,11676,1
2019-12-09 16:02:37.709,11676,11677,11676,1
2019-12-09 16:02:42.773,11676,11677,11676,1
2019-12-09 16:03:04.662,11676,11677,11676,2
2019-12-09 16:03:21.191,11676,11677,11677,2
2019-12-09 16:03:21.192,11676,11677,11677,11
2019-12-09 16:03:21.192,11676,11677,11677,1
2019-12-09 16:03:21.192,11676,11677,11677,7
2019-12-09 16:03:21.572,11677,11678,11677,1
2019-12-09 16:03:22.167,11677,11678,11678,2
2019-12-09 16:03:22.226,11677,11678,11678,10
2019-12-09 16:03:32.147,11677,11679,11677,3
2019-12-09 16:03:48.228,11678,11679,11678,2
2019-12-09 16:03:59.958,11677,11678,11678,1
2019-12-09 16:04:02.303,11677,11678,11678,1
2019-12-09 16:04:13.832,11678,11679,11678,2
2019-12-09 16:04:16.080,11678,11679,11678,1
2019-12-09 16:04:19.196,11678,11679,11679,1
2019-12-09 16:04:32.299,11678,11679,11679,3
2019-12-09 16:04:35.006,11678,11679,11679,5
2019-12-09 16:05:00.569,11678,11679,11679,1
2019-12-09 16:05:32.247,11678,11679,11678,1
2019-12-09 16:05:32.352,11678,11679,11678,7
2019-12-09 16:05:35.126,11677,11678,11677,12
2019-12-09 16:05:35.469,11676,11678,11678,1
2019-12-09 16:05:46.708,11676,11677,11677,1
2019-12-09 16:05:58.461,11676,11677,11676,1
2019-12-09 16:06:08.392,11676,11677,11677,1
2019-12-09 16:06:11.952,11676,11677,11676,26
2019-12-09 16:06:13.580,11675,11676,11675,2
2019-12-09 16:06:13.638,11675,11676,11675,1
2019-12-09 16:06:14.142,11675,11676,11675,1
2019-12-09 16:06:14.369,11675,11676,11675,2
2019-12-09 16:06:15.221,11675,11676,11675,1
2019-12-09 16:06:18.892,11674,11675,11674,3
2019-12-09 16:06:19.293,11674,11675,11674,1
2019-12-09 16:06:19.896,11674,11675,11674,1
2019-12-09 16:06:24.217,11674,11675,11675,2
2019-12-09 16:06:25.562,11675,11676,11675,1
2019-12-09 16:06:25.657,11675,11676,11675,2
2019-12-09 16:06:40.010,11674,11675,11675,1
2019-12-09 16:06:45.726,11674,11675,11675,9
2019-12-09 16:06:45.836,11674,11675,11675,1
2019-12-09 16:06:53.598,11675,11676,11675,1
2019-12-09 16:06:59.034,11675,11676,11675,1
2019-12-09 16:07:02.244,11675,11676,11675,1
2019-12-09 16:07:03.038,11675,11676,11675,1
2019-12-09 16:07:05.037,11674,11675,11674,1
2019-12-09 16:07:05.678,11674,11675,11674,1
2019-12-09 16:07:07.475,11674,11675,11675,1
2019-12-09 16:07:21.525,11674,11675,11675,1
2019-12-09 16:07:21.609,11675,11676,11675,1
2019-12-09 16:07:28.227,11675,11676,11675,1
2019-12-09 16:07:28.628,11675,11676,11675,1
2019-12-09 16:07:30.372,11675,11676,11675,1
2019-12-09 16:07:33.103,11675,11676,11675,1
2019-12-09 16:07:35.700,11675,11676,11676,6
2019-12-09 16:07:36.289,11676,11677,11676,5
2019-12-09 16:07:52.722,11676,11677,11676,9
2019-12-09 16:07:54.364,11675,11676,11676,2
2019-12-09 16:08:02.272,11675,11676,11676,14
2019-12-09 16:08:02.412,11676,11677,11676,6
2019-12-09 16:08:08.380,11675,11676,11676,5
2019-12-09 16:08:29.233,11676,11677,11676,2
2019-12-09 16:08:32.285,11676,11677,11676,10
2019-12-09 16:08:39.536,11676,11677,11676,1
2019-12-09 16:08:48.063,11676,11677,11676,1
2019-12-09 16:09:00.855,11676,11677,11676,1
2019-12-09 16:09:04.520,11676,11677,11676,1
2019-12-09 16:09:09.372,11676,11677,11676,1
2019-12-09 16:09:09.376,11676,11677,11676,1
2019-12-09 16:09:24.399,11675,11676,11676,6
2019-12-09 16:09:24.920,11676,11677,11676,1
2019-12-09 16:09:27.513,11676,11677,11676,1
2019-12-09 16:09:55.412,11676,11677,11676,2
2019-12-09 16:10:01.261,11676,11677,11676,1
2019-12-09 16:10:01.479,11676,11677,11676,1
2019-12-09 16:10:13.902,11676,11677,11677,6
2019-12-09 16:10:13.902,11676,11677,11677,8
2019-12-09 16:10:13.902,11676,11677,11677,1
2019-12-09 16:10:13.976,11676,11677,11677,1
2019-12-09 16:11:04.554,11676,11677,11677,1
2019-12-09 16:11:12.613,11676,11677,11676,2
2019-12-09 16:11:13.786,11676,11677,11676,1
2019-12-09 16:11:16.880,11676,11677,11676,2
2019-12-09 16:11:22.523,11676,11677,11677,5
2019-12-09 16:11:26.405,11676,11677,11676,1
2019-12-09 16:11:39.101,11676,11677,11676,4
2019-12-09 16:11:51.762,11676,11677,11676,1
2019-12-09 16:12:58.692,11676,11677,11677,2
2019-12-09 16:13:02.585,11676,11677,11676,2
2019-12-09 16:13:35.424,11676,11677,11676,1
2019-12-09 16:13:48.601,11676,11677,11676,1
2019-12-09 16:13:48.617,11676,11677,11676,1
2019-12-09 16:13:48.726,11676,11677,11676,7
2019-12-09 16:14:00.206,11675,11676,11676,1
2019-12-09 16:14:02.297,11675,11676,11676,19
2019-12-09 16:14:02.548,11676,11677,11676,1
2019-12-09 16:14:07.304,11675,11676,11675,7
2019-12-09 16:14:10.645,11675,11676,11676,18
2019-12-09 16:14:16.075,11676,11677,11676,2
2019-12-09 16:14:23.759,11675,11676,11676,1
2019-12-09 16:14:30.931,11675,11676,11676,2
2019-12-09 16:14:33.599,11676,11677,11676,1
2019-12-09 16:14:38.331,11676,11677,11676,7
2019-12-09 16:14:47.600,11676,11677,11676,5
2019-12-09 16:14:50.467,11676,11677,11676,5
2019-12-09 16:14:56.929,11675,11676,11676,4
2019-12-09 16:14:56.930,11675,11676,11676,4
2019-12-09 16:14:56.932,11675,11676,11676,4
2019-12-09 16:14:56.935,11675,11676,11676,1
2019-12-09 16:14:58.691,11676,11677,11676,2
2019-12-09 16:15:01.240,11676,11677,11676,1
2019-12-09 16:15:02.199,11676,11677,11676,3
2019-12-09 16:15:02.930,11676,11677,11676,1
2019-12-09 16:15:06.015,11676,11677,11676,1
2019-12-09 16:15:15.093,11676,11677,11676,2
2019-12-09 16:16:01.904,11676,11677,11676,1
2019-12-09 16:17:26.248,11676,11677,11677,10
2019-12-09 16:17:33.595,11677,11678,11678,4
2019-12-09 16:17:33.608,11677,11679,11679,1
2019-12-09 16:17:33.612,11677,11679,11679,1
2019-12-09 16:17:49.288,11678,11679,11679,2
2019-12-09 16:18:03.759,11678,11679,11679,1
2019-12-09 16:18:03.851,11678,11679,11679,1
2019-12-09 16:18:03.851,11678,11679,11679,1
2019-12-09 16:18:03.868,11678,11679,11679,4
2019-12-09 16:18:03.883,11678,11679,11679,2
2019-12-09 16:18:03.884,11678,11679,11679,5
2019-12-09 16:18:04.006,11679,11680,11680,1
2019-12-09 16:18:12.292,11679,11680,11680,24
2019-12-09 16:18:12.292,11679,11680,11681,76
2019-12-09 16:18:12.294,11679,11680,11680,1
2019-12-09 16:18:12.294,11679,11680,11680,1
2019-12-09 16:18:12.312,11679,11680,11681,3
2019-12-09 16:18:12.352,11680,11681,11681,2
2019-12-09 16:18:12.352,11680,11681,11681,3
2019-12-09 16:18:12.449,11680,11681,11681,2
2019-12-09 16:18:12.477,11681,11682,11681,1
2019-12-09 16:18:12.602,11681,11682,11681,2
2019-12-09 16:18:12.602,11681,11682,11681,2
2019-12-09 16:18:19.952,11680,11681,11681,1
2019-12-09 16:18:34.172,11680,11681,11681,10
2019-12-09 16:18:36.018,11680,11681,11681,1
2019-12-09 16:18:38.687,11680,11681,11681,10
2019-12-09 16:18:46.590,11680,11681,11681,2
2019-12-09 16:18:49.603,11680,11681,11681,1
2019-12-09 16:18:49.728,11681,11682,11681,6
2019-12-09 16:19:10.216,11680,11681,11681,1
2019-12-09 16:19:20.685,11680,11681,11681,1
2019-12-09 16:20:01.257,11680,11681,11681,1
2019-12-09 16:20:01.560,11680,11681,11681,1
2019-12-09 16:20:42.220,11680,11681,11680,1
2019-12-09 16:20:47.326,11680,11681,11680,1
2019-12-09 16:20:47.352,11680,11681,11680,17
2019-12-09 16:20:47.864,11679,11680,11679,2
2019-12-09 16:20:48.660,11679,11680,11679,1
2019-12-09 16:20:52.402,11679,11680,11679,1
2019-12-09 16:21:00.607,11679,11680,11679,1
2019-12-09 16:21:18.210,11679,11680,11679,2
2019-12-09 16:21:19.574,11679,11680,11679,1
2019-12-09 16:22:47.970,11678,11679,11679,1
2019-12-09 16:22:48.217,11678,11679,11679,1
2019-12-09 16:23:07.542,11678,11679,11678,1
2019-12-09 16:23:11.948,11678,11679,11678,3
2019-12-09 16:23:45.109,11677,11678,11677,1
2019-12-09 16:24:04.540,11677,11678,11677,1
2019-12-09 16:24:14.052,11677,11678,11677,3
2019-12-09 16:24:27.275,11677,11678,11677,1
2019-12-09 16:25:29.101,11677,11678,11678,2
2019-12-09 16:25:29.102,11677,11678,11678,2
2019-12-09 16:25:29.102,11677,11678,11678,2
2019-12-09 16:25:29.102,11677,11678,11678,1
2019-12-09 16:25:29.102,11677,11678,11678,1
2019-12-09 16:25:29.102,11677,11678,11678,2
2019-12-09 16:25:29.102,11677,11678,11678,1
2019-12-09 16:25:29.102,11677,11678,11678,2
2019-12-09 16:25:29.256,11678,11679,11679,1
2019-12-09 16:25:47.731,11678,11679,11679,1
2019-12-09 16:25:52.476,11678,11679,11678,2
2019-12-09 16:26:25.647,11677,11678,11677,4
2019-12-09 16:27:41.267,11677,11678,11677,1
2019-12-09 16:27:48.331,11677,11678,11677,2
2019-12-09 16:28:07.599,11677,11678,11677,1
2019-12-09 16:28:07.861,11677,11678,11678,8
2019-12-09 16:28:57.949,11677,11678,11678,3
2019-12-09 16:28:59.293,11677,11678,11678,3
2019-12-09 16:29:08.147,11677,11678,11678,1
2019-12-09 16:29:16.380,11677,11678,11678,1
2019-12-09 16:29:36.977,11677,11678,11678,1
2019-12-09 16:29:40.245,11677,11678,11678,1
2019-12-09 16:29:42.085,11677,11678,11678,1
2019-12-09 16:29:42.086,11677,11678,11678,1
2019-12-09 16:29:42.087,11677,11678,11678,3
2019-12-09 16:29:42.087,11677,11678,11678,1
2019-12-09 16:29:42.101,11677,11678,11678,5
2019-12-09 16:30:00.267,11678,11679,11678,2
2019-12-09 16:30:29.237,11678,11679,11678,6
2019-12-09 16:30:49.212,11677,11678,11678,1
2019-12-09 16:31:02.266,11677,11678,11678,2
2019-12-09 16:31:16.413,11677,11678,11678,1
2019-12-09 16:31:43.316,11677,11678,11678,1
2019-12-09 16:31:59.638,11678,11679,11679,1
2019-12-09 16:32:05.456,11678,11679,11679,1
2019-12-09 16:32:52.577,11678,11679,11678,5
2019-12-09 16:33:39.665,11678,11679,11679,3
2019-12-09 16:33:48.139,11678,11679,11678,1
2019-12-09 16:34:11.100,11678,11679,11678,6
2019-12-09 16:34:37.358,11677,11678,11678,1
2019-12-09 16:34:47.636,11677,11678,11677,1
2019-12-09 16:35:05.945,11677,11678,11677,1
2019-12-09 16:35:15.384,11677,11678,11678,1
2019-12-09 16:35:27.992,11677,11678,11678,1
2019-12-09 16:36:01.347,11677,11678,11677,2
2019-12-09 16:36:15.908,11677,11678,11677,2
2019-12-09 16:36:29.712,11677,11678,11678,1
2019-12-09 16:36:36.237,11677,11678,11678,1
2019-12-09 16:36:37.823,11677,11678,11678,2
2019-12-09 16:37:04.762,11677,11678,11678,1
2019-12-09 16:37:12.253,11677,11678,11678,1
2019-12-09 16:37:44.225,11677,11678,11678,2
2019-12-09 16:38:19.837,11677,11679,11677,1
2019-12-09 16:38:27.979,11678,11679,11678,1
2019-12-09 16:38:37.730,11677,11679,11677,1
2019-12-09 16:38:44.764,11677,11679,11677,1
2019-12-09 16:38:53.671,11677,11679,11677,1
2019-12-09 16:39:00.236,11677,11679,11677,1
2019-12-09 16:40:01.271,11677,11678,11677,1
2019-12-09 16:40:01.581,11677,11678,11677,1
2019-12-09 16:40:07.703,11677,11678,11677,1
2019-12-09 16:40:20.443,11676,11677,11676,1
2019-12-09 16:40:32.768,11676,11677,11676,1
2019-12-09 16:40:36.625,11676,11677,11677,1
2019-12-09 16:40:59.950,11676,11677,11676,1
2019-12-09 16:41:13.347,11676,11677,11676,1
2019-12-09 16:41:14.106,11676,11677,11677,1
2019-12-09 16:41:20.452,11676,11677,11676,1
2019-12-09 16:41:31.773,11676,11677,11676,1
2019-12-09 16:41:40.069,11676,11677,11676,1
2019-12-09 16:41:42.039,11676,11677,11676,7
2019-12-09 16:42:00.161,11676,11677,11677,5
2019-12-09 16:42:03.309,11676,11677,11676,1
2019-12-09 16:42:11.506,11676,11677,11676,23
2019-12-09 16:42:11.601,11676,11677,11676,1
2019-12-09 16:42:30.125,11675,11676,11675,5
2019-12-09 16:42:30.714,11675,11676,11675,4
2019-12-09 16:42:30.714,11675,11676,11674,3
2019-12-09 16:42:31.251,11674,11675,11674,1
2019-12-09 16:42:35.102,11674,11675,11674,4
2019-12-09 16:42:38.188,11674,11675,11674,1
2019-12-09 16:42:38.559,11674,11675,11674,1
2019-12-09 16:42:39.602,11674,11675,11674,1
2019-12-09 16:42:39.942,11674,11675,11674,1
2019-12-09 16:42:40.329,11674,11675,11674,1
2019-12-09 16:42:42.491,11674,11675,11674,1
2019-12-09 16:42:54.029,11674,11675,11674,1
2019-12-09 16:42:54.728,11674,11675,11674,1
2019-12-09 16:42:55.439,11674,11675,11674,1
2019-12-09 16:42:59.279,11674,11675,11674,1
2019-12-09 16:43:03.991,11674,11675,11674,1
2019-12-09 16:43:04.792,11674,11675,11674,5
2019-12-09 16:43:06.036,11674,11675,11674,1
2019-12-09 16:43:07.941,11674,11675,11674,1
2019-12-09 16:43:08.633,11674,11675,11674,2
2019-12-09 16:43:14.159,11674,11675,11675,4
2019-12-09 16:43:19.329,11674,11675,11674,1
2019-12-09 16:43:33.526,11674,11675,11674,5
2019-12-09 16:43:39.275,11674,11675,11674,1
2019-12-09 16:43:40.655,11674,11675,11674,1
2019-12-09 16:44:02.356,11674,11675,11674,1
2019-12-09 16:44:02.948,11674,11675,11674,1
2019-12-09 16:44:20.967,11674,11675,11675,1
2019-12-09 16:44:21.490,11674,11675,11674,1
2019-12-09 16:44:24.865,11674,11675,11675,1
2019-12-09 16:44:25.532,11674,11675,11675,1
2019-12-09 16:44:48.489,11674,11675,11675,3
2019-12-09 16:44:58.092,11674,11675,11675,1
2019-12-09 16:45:01.523,11674,11675,11675,1
2019-12-09 16:45:07.915,11674,11675,11675,1
2019-12-09 16:45:07.915,11674,11675,11676,3
2019-12-09 16:45:35.875,11674,11675,11675,1
2019-12-09 16:45:44.110,11675,11676,11676,3
2019-12-09 16:45:47.156,11675,11676,11676,2
2019-12-09 16:46:17.306,11676,11677,11676,1
2019-12-09 16:47:18.469,11676,11677,11676,1
2019-12-09 16:47:20.165,11676,11677,11676,1
2019-12-09 16:47:20.165,11676,11677,11675,4
2019-12-09 16:47:33.071,11675,11676,11675,1
2019-12-09 16:47:39.935,11675,11676,11675,2
2019-12-09 16:48:11.024,11675,11676,11676,1
2019-12-09 16:48:19.376,11675,11676,11675,2
2019-12-09 16:48:23.850,11675,11676,11675,1
2019-12-09 16:48:37.518,11675,11676,11675,2
2019-12-09 16:48:38.225,11675,11676,11676,2
2019-12-09 16:49:46.870,11675,11676,11676,1
2019-12-09 16:50:15.405,11675,11676,11676,1
2019-12-09 16:50:15.405,11675,11676,11676,1
2019-12-09 16:50:15.709,11676,11677,11676,2
2019-12-09 16:50:15.716,11676,11677,11676,2
2019-12-09 16:50:15.719,11676,11677,11676,2
2019-12-09 16:50:16.331,11676,11677,11676,2
2019-12-09 16:50:17.231,11676,11677,11676,1
2019-12-09 16:50:17.351,11675,11676,11676,1
2019-12-09 16:50:17.829,11676,11677,11676,1
2019-12-09 16:50:18.336,11676,11677,11676,1
2019-12-09 16:50:20.111,11676,11677,11677,1
2019-12-09 16:50:27.396,11676,11677,11677,6
2019-12-09 16:50:27.641,11676,11677,11677,2
2019-12-09 16:50:28.642,11676,11677,11677,2
2019-12-09 16:50:28.852,11676,11677,11677,2
2019-12-09 16:50:28.976,11676,11677,11677,2
2019-12-09 16:50:30.602,11676,11677,11677,2
2019-12-09 16:50:36.802,11677,11678,11678,9
2019-12-09 16:51:27.116,11678,11679,11678,2
2019-12-09 16:52:13.907,11676,11677,11676,2
2019-12-09 16:52:13.908,11676,11677,11676,2
2019-12-09 16:52:13.908,11676,11677,11676,2
2019-12-09 16:54:02.138,11675,11676,11675,4
2019-12-09 16:54:02.623,11675,11676,11675,2
2019-12-09 16:54:02.720,11675,11676,11675,2
2019-12-09 16:55:58.543,11674,11675,11675,1
2019-12-09 16:56:14.763,11674,11675,11675,1
2019-12-09 16:56:54.504,11674,11675,11675,1
2019-12-09 16:57:52.915,11674,11675,11675,2
2019-12-09 16:57:52.934,11674,11675,11675,1
2019-12-09 16:57:52.976,11674,11675,11675,5
2019-12-09 16:57:55.213,11675,11676,11675,1
2019-12-09 16:59:09.554,11674,11675,11675,1
2019-12-09 16:59:37.178,11674,11675,11675,1
2019-12-09 16:59:54.938,11674,11675,11675,2
2019-12-09 17:00:03.048,11674,11675,11674,3
2019-12-09 17:00:03.844,11674,11675,11674,1
2019-12-09 17:00:06.908,11674,11675,11674,2
2019-12-09 17:00:26.903,11674,11675,11675,1
2019-12-09 17:01:41.194,11674,11675,11675,1
2019-12-09 17:02:10.788,11674,11675,11674,1
2019-12-09 17:02:10.793,11674,11675,11674,6
2019-12-09 17:02:10.793,11674,11675,11674,6
2019-12-09 17:02:10.793,11674,11675,11674,2
2019-12-09 17:02:10.852,11674,11675,11674,1
2019-12-09 17:02:10.852,11674,11675,11674,3
2019-12-09 17:02:10.852,11674,11675,11674,4
2019-12-09 17:02:30.810,11673,11674,11673,1
2019-12-09 17:02:30.903,11673,11674,11673,1
2019-12-09 17:02:31.022,11673,11674,11673,1
2019-12-09 17:02:31.058,11673,11674,11673,5
2019-12-09 17:02:31.062,11673,11674,11673,2
2019-12-09 17:02:33.917,11673,11674,11673,3
2019-12-09 17:02:34.297,11673,11674,11673,2
2019-12-09 17:02:34.532,11673,11674,11673,1
2019-12-09 17:02:34.553,11673,11674,11673,2
2019-12-09 17:02:35.895,11673,11674,11673,2
2019-12-09 17:02:36.410,11673,11674,11673,7
2019-12-09 17:02:39.918,11672,11673,11673,1
2019-12-09 17:02:48.756,11672,11673,11673,1
2019-12-09 17:02:56.401,11672,11673,11672,1
2019-12-09 17:02:56.505,11672,11673,11672,2
2019-12-09 17:02:56.757,11672,11673,11672,1
2019-12-09 17:02:56.790,11672,11673,11672,1
2019-12-09 17:02:56.891,11672,11673,11672,1
2019-12-09 17:02:57.321,11672,11673,11672,3
2019-12-09 17:03:01.120,11672,11673,11673,8
2019-12-09 17:03:01.140,11672,11673,11673,1
2019-12-09 17:03:01.357,11673,11674,11673,1
2019-12-09 17:03:18.812,11673,11674,11674,1
2019-12-09 17:03:35.638,11673,11674,11674,1
2019-12-09 17:03:42.963,11673,11674,11674,2
2019-12-09 17:03:48.245,11673,11674,11674,1
2019-12-09 17:03:48.351,11673,11674,11674,2
2019-12-09 17:04:15.832,11673,11674,11674,1
2019-12-09 17:05:07.136,11673,11674,11674,1
2019-12-09 17:05:07.499,11673,11674,11673,2
2019-12-09 17:05:07.523,11673,11674,11673,2
2019-12-09 17:06:18.230,11673,11674,11674,2
2019-12-09 17:06:33.055,11673,11674,11674,2
2019-12-09 17:06:38.201,11673,11674,11674,1
2019-12-09 17:06:39.991,11673,11674,11674,2
2019-12-09 17:07:19.394,11673,11674,11673,2
2019-12-09 17:07:30.922,11673,11674,11673,11
2019-12-09 17:07:49.138,11672,11673,11673,1
2019-12-09 17:08:12.855,11672,11673,11672,15
2019-12-09 17:08:23.093,11671,11672,11671,3
2019-12-09 17:08:23.114,11671,11672,11672,1
2019-12-09 17:08:23.249,11671,11672,11671,2
2019-12-09 17:08:23.312,11671,11672,11671,1
2019-12-09 17:08:23.356,11671,11672,11671,1
2019-12-09 17:08:23.356,11671,11672,11671,1
2019-12-09 17:08:23.425,11671,11672,11671,1
2019-12-09 17:08:24.046,11671,11672,11671,1
2019-12-09 17:08:30.092,11671,11672,11671,4
2019-12-09 17:08:35.396,11671,11672,11671,6
2019-12-09 17:08:36.424,11671,11672,11671,2
2019-12-09 17:08:42.034,11671,11672,11671,1
2019-12-09 17:08:43.925,11671,11672,11671,3
2019-12-09 17:08:44.397,11671,11672,11671,25
2019-12-09 17:08:45.300,11671,11672,11671,2
2019-12-09 17:08:52.041,11670,11671,11671,1
2019-12-09 17:08:52.302,11670,11671,11671,1
2019-12-09 17:08:58.180,11671,11672,11671,6
2019-12-09 17:08:58.515,11671,11672,11671,1
2019-12-09 17:09:02.523,11671,11672,11671,1
2019-12-09 17:09:03.516,11671,11672,11671,2
2019-12-09 17:09:04.569,11670,11671,11671,1
2019-12-09 17:09:14.406,11670,11671,11671,1
2019-12-09 17:09:22.364,11670,11671,11671,1
2019-12-09 17:09:30.489,11670,11671,11670,1
2019-12-09 17:09:31.568,11670,11671,11670,20
2019-12-09 17:09:49.544,11670,11671,11670,1
2019-12-09 17:09:51.071,11670,11671,11670,2
2019-12-09 17:09:52.822,11670,11671,11670,19
2019-12-09 17:09:53.065,11669,11670,11670,5
2019-12-09 17:09:57.717,11669,11670,11669,2
2019-12-09 17:09:57.747,11669,11670,11669,5
2019-12-09 17:09:57.777,11669,11670,11669,1
2019-12-09 17:09:57.804,11669,11670,11669,1
2019-12-09 17:09:57.824,11669,11670,11669,1
2019-12-09 17:09:57.882,11669,11670,11669,1
2019-12-09 17:09:58.121,11669,11670,11669,1
2019-12-09 17:09:58.473,11669,11670,11669,1
2019-12-09 17:10:01.120,11669,11670,11669,1
2019-12-09 17:10:02.381,11669,11670,11669,2
2019-12-09 17:10:04.031,11669,11670,11669,1
2019-12-09 17:10:06.699,11669,11670,11669,1
2019-12-09 17:10:07.467,11669,11670,11669,1
2019-12-09 17:10:11.602,11669,11670,11669,3
2019-12-09 17:10:14.918,11668,11669,11669,1
2019-12-09 17:10:18.530,11668,11669,11668,1
2019-12-09 17:10:18.548,11668,11669,11668,1
2019-12-09 17:10:18.665,11668,11669,11668,1
2019-12-09 17:10:18.709,11668,11669,11668,1
2019-12-09 17:10:18.941,11668,11669,11668,1
2019-12-09 17:10:19.032,11668,11669,11668,1
2019-12-09 17:10:23.148,11668,11669,11668,2
2019-12-09 17:10:24.550,11668,11669,11668,1
2019-12-09 17:10:26.470,11668,11669,11668,1
2019-12-09 17:10:34.205,11668,11669,11668,7
2019-12-09 17:10:38.284,11668,11669,11668,1
2019-12-09 17:10:47.758,11668,11669,11669,2
2019-12-09 17:10:47.852,11668,11669,11669,7
2019-12-09 17:10:49.543,11669,11670,11669,5
2019-12-09 17:10:50.289,11669,11670,11669,1
2019-12-09 17:11:07.174,11669,11670,11669,1
2019-12-09 17:11:07.621,11669,11670,11669,1
2019-12-09 17:11:10.524,11669,11670,11669,1
2019-12-09 17:11:21.413,11669,11670,11669,1
2019-12-09 17:11:21.436,11669,11670,11669,1
2019-12-09 17:11:21.437,11669,11670,11669,3
2019-12-09 17:11:23.903,11668,11669,11669,2
2019-12-09 17:11:24.409,11668,11669,11668,1
2019-12-09 17:11:25.217,11668,11669,11668,2
2019-12-09 17:11:29.505,11668,11669,11669,1
2019-12-09 17:11:49.622,11668,11669,11668,13
2019-12-09 17:11:52.146,11667,11668,11668,2
2019-12-09 17:11:57.602,11667,11668,11667,26
2019-12-09 17:11:57.797,11666,11668,11666,1
2019-12-09 17:11:57.902,11666,11667,11666,1
2019-12-09 17:11:57.920,11666,11667,11666,1
2019-12-09 17:11:57.922,11666,11667,11666,1
2019-12-09 17:12:03.372,11666,11667,11666,1
2019-12-09 17:12:03.519,11666,11667,11667,1
2019-12-09 17:12:04.074,11666,11667,11666,1
2019-12-09 17:12:04.409,11666,11667,11666,1
2019-12-09 17:12:05.952,11666,11667,11666,1
2019-12-09 17:12:07.710,11666,11667,11666,1
2019-12-09 17:12:18.182,11666,11667,11667,5
2019-12-09 17:12:18.404,11667,11668,11667,1
2019-12-09 17:12:18.999,11667,11668,11667,6
2019-12-09 17:12:21.532,11667,11668,11667,1
2019-12-09 17:12:26.314,11667,11668,11668,3
2019-12-09 17:12:26.476,11667,11668,11668,1
2019-12-09 17:12:32.230,11668,11669,11668,1
2019-12-09 17:12:36.486,11668,11669,11668,1
2019-12-09 17:12:39.187,11668,11669,11668,2
2019-12-09 17:12:53.623,11668,11669,11668,7
2019-12-09 17:12:58.307,11667,11668,11667,1
2019-12-09 17:13:03.684,11667,11668,11667,1
2019-12-09 17:13:04.140,11667,11668,11668,2
2019-12-09 17:13:13.988,11668,11669,11668,1
2019-12-09 17:13:21.560,11667,11668,11668,1
2019-12-09 17:13:29.665,11667,11668,11667,1
2019-12-09 17:13:46.104,11667,11668,11668,2
2019-12-09 17:14:06.655,11667,11668,11667,2
2019-12-09 17:14:12.392,11667,11668,11668,1
2019-12-09 17:14:20.367,11667,11668,11667,1
2019-12-09 17:14:31.012,11667,11668,11668,4
2019-12-09 17:14:33.058,11667,11668,11667,5
2019-12-09 17:14:35.144,11667,11668,11667,4
2019-12-09 17:14:42.686,11667,11668,11667,1
2019-12-09 17:14:50.559,11667,11668,11668,1
2019-12-09 17:14:51.504,11667,11668,11667,2
2019-12-09 17:14:55.314,11667,11668,11668,1
2019-12-09 17:14:56.690,11667,11668,11668,5
2019-12-09 17:15:03.017,11667,11668,11668,4
2019-12-09 17:15:03.343,11667,11668,11667,12
2019-12-09 17:15:03.902,11667,11668,11667,2
2019-12-09 17:15:09.409,11667,11668,11668,4
2019-12-09 17:15:21.550,11667,11668,11668,1
2019-12-09 17:15:22.831,11667,11668,11667,3
2019-12-09 17:15:23.216,11667,11668,11668,1
2019-12-09 17:15:27.296,11667,11668,11668,1
2019-12-09 17:15:28.102,11667,11668,11668,56
2019-12-09 17:15:28.378,11668,11669,11669,3
2019-12-09 17:15:34.124,11669,11670,11670,1
2019-12-09 17:15:34.651,11669,11670,11670,1
2019-12-09 17:15:37.121,11669,11670,11670,1
2019-12-09 17:15:37.322,11669,11670,11670,1
2019-12-09 17:15:38.299,11669,11670,11670,1
2019-12-09 17:15:39.375,11670,11671,11671,1
2019-12-09 17:15:39.628,11670,11671,11671,1
2019-12-09 17:15:39.983,11670,11671,11671,2
2019-12-09 17:15:44.048,11670,11671,11671,1
2019-12-09 17:15:44.985,11670,11671,11671,1
2019-12-09 17:15:47.525,11670,11671,11671,1
2019-12-09 17:15:50.861,11670,11671,11671,1
2019-12-09 17:15:52.817,11670,11671,11670,7
2019-12-09 17:15:53.226,11669,11670,11669,1
2019-12-09 17:15:54.729,11668,11670,11670,1
2019-12-09 17:15:55.121,11668,11670,11670,1
2019-12-09 17:15:55.585,11668,11670,11670,1
2019-12-09 17:15:55.697,11668,11670,11670,1
2019-12-09 17:16:02.228,11669,11670,11670,1
2019-12-09 17:16:04.657,11669,11670,11670,2
2019-12-09 17:16:06.402,11669,11670,11670,1
2019-12-09 17:16:07.181,11669,11670,11669,1
2019-12-09 17:16:11.630,11669,11670,11670,1
2019-12-09 17:16:16.482,11669,11670,11670,1
2019-12-09 17:16:22.589,11669,11670,11670,1
2019-12-09 17:16:29.111,11669,11670,11670,1
2019-12-09 17:16:33.265,11669,11670,11670,1
2019-12-09 17:16:38.901,11669,11670,11669,8
2019-12-09 17:16:39.898,11668,11669,11669,1
2019-12-09 17:16:40.628,11668,11669,11669,1
2019-12-09 17:16:41.604,11668,11669,11669,2
2019-12-09 17:16:43.356,11668,11669,11669,1
2019-12-09 17:16:45.765,11668,11669,11669,1
2019-12-09 17:16:45.825,11668,11669,11669,1
2019-12-09 17:16:48.120,11668,11669,11669,1
2019-12-09 17:17:02.216,11668,11669,11668,1
2019-12-09 17:17:09.269,11668,11669,11668,15
2019-12-09 17:17:28.726,11667,11668,11668,4
2019-12-09 17:17:28.851,11667,11668,11668,12
2019-12-09 17:17:29.174,11668,11669,11669,1
2019-12-09 17:17:50.894,11668,11669,11668,2
2019-12-09 17:18:06.969,11667,11668,11668,1
2019-12-09 17:18:19.510,11667,11668,11668,1
2019-12-09 17:18:24.772,11667,11668,11668,1
2019-12-09 17:18:27.972,11667,11668,11667,1
2019-12-09 17:18:40.954,11667,11668,11667,1
2019-12-09 17:18:44.343,11667,11668,11667,3
2019-12-09 17:18:45.380,11667,11668,11668,1
2019-12-09 17:18:55.666,11667,11668,11668,1
2019-12-09 17:18:56.005,11667,11668,11668,1
2019-12-09 17:19:04.260,11667,11668,11668,1
2019-12-09 17:19:07.770,11667,11668,11668,1
2019-12-09 17:19:08.179,11667,11668,11668,1
2019-12-09 17:19:11.492,11667,11668,11667,1
2019-12-09 17:19:41.521,11667,11668,11668,1
2019-12-09 17:19:42.267,11667,11668,11668,2
2019-12-09 17:19:44.817,11667,11668,11668,1
2019-12-09 17:19:59.892,11667,11668,11668,1
2019-12-09 17:20:00.101,11667,11668,11668,2
2019-12-09 17:20:02.784,11668,11669,11668,1
2019-12-09 17:20:34.436,11668,11669,11669,3
2019-12-09 17:20:34.796,11668,11669,11669,13
2019-12-09 17:20:35.149,11669,11670,11669,1
2019-12-09 17:20:44.389,11669,11670,11670,1
2019-12-09 17:20:44.742,11669,11670,11669,1
2019-12-09 17:20:59.204,11669,11670,11669,4
2019-12-09 17:21:04.221,11668,11669,11669,2
2019-12-09 17:21:04.402,11668,11669,11668,1
2019-12-09 17:21:07.429,11668,11669,11669,1
2019-12-09 17:21:16.643,11668,11669,11669,1
2019-12-09 17:21:21.646,11668,11669,11669,1
2019-12-09 17:21:22.962,11668,11669,11669,1
2019-12-09 17:21:23.726,11668,11669,11669,1
2019-12-09 17:21:32.773,11668,11669,11669,1
2019-12-09 17:21:33.945,11668,11669,11669,4
2019-12-09 17:21:38.337,11668,11669,11669,1
2019-12-09 17:21:38.727,11668,11669,11669,1
2019-12-09 17:21:39.842,11668,11669,11669,1
2019-12-09 17:21:42.148,11668,11669,11669,1
2019-12-09 17:21:44.482,11669,11670,11670,1
2019-12-09 17:21:50.122,11669,11670,11670,1
2019-12-09 17:22:01.625,11669,11670,11670,1
2019-12-09 17:22:09.536,11669,11670,11670,1
2019-12-09 17:22:09.765,11669,11670,11670,2
2019-12-09 17:22:14.035,11669,11670,11670,1
2019-12-09 17:22:14.616,11669,11670,11670,1
2019-12-09 17:22:15.689,11669,11671,11671,1
2019-12-09 17:22:15.762,11669,11671,11671,2
2019-12-09 17:22:18.686,11670,11671,11671,1
2019-12-09 17:22:22.884,11670,11671,11670,3
2019-12-09 17:22:27.549,11669,11671,11671,1
2019-12-09 17:22:32.215,11669,11671,11671,2
2019-12-09 17:22:42.602,11670,11671,11670,1
2019-12-09 17:22:45.203,11670,11671,11670,1
2019-12-09 17:22:45.203,11670,11671,11670,1
2019-12-09 17:22:46.725,11669,11670,11670,1
2019-12-09 17:23:00.278,11669,11670,11670,1
2019-12-09 17:23:02.609,11670,11671,11670,1
2019-12-09 17:23:06.162,11669,11670,11670,1
2019-12-09 17:23:17.958,11670,11671,11670,2
2019-12-09 17:23:21.771,11670,11671,11670,1
2019-12-09 17:24:02.280,11670,11671,11670,3
2019-12-09 17:24:06.948,11670,11671,11671,1
2019-12-09 17:24:17.857,11670,11671,11671,1
2019-12-09 17:24:26.409,11670,11671,11671,1
2019-12-09 17:24:30.287,11670,11671,11671,1
2019-12-09 17:25:21.078,11670,11671,11670,1
2019-12-09 17:25:53.091,11670,11671,11670,1
2019-12-09 17:25:55.868,11670,11671,11670,5
2019-12-09 17:27:06.860,11670,11671,11670,5
2019-12-09 17:27:18.623,11670,11671,11671,1
2019-12-09 17:27:18.728,11670,11671,11671,14
2019-12-09 17:27:18.852,11670,11671,11671,1
2019-12-09 17:27:19.821,11671,11672,11671,1
2019-12-09 17:27:32.255,11671,11672,11672,1
2019-12-09 17:27:32.373,11671,11672,11672,1
2019-12-09 17:27:32.414,11671,11672,11671,5
2019-12-09 17:27:32.520,11671,11672,11672,1
2019-12-09 17:27:36.180,11671,11672,11672,1
2019-12-09 17:27:37.824,11671,11672,11672,1
2019-12-09 17:27:37.973,11671,11672,11672,1
2019-12-09 17:27:40.800,11671,11672,11672,1
2019-12-09 17:27:43.954,11671,11672,11672,1
2019-12-09 17:27:44.071,11671,11672,11672,1
2019-12-09 17:27:47.517,11671,11672,11672,1
2019-12-09 17:27:49.375,11671,11672,11672,1
2019-12-09 17:27:52.081,11671,11672,11672,2
2019-12-09 17:27:53.639,11671,11672,11672,7
2019-12-09 17:27:55.794,11671,11672,11672,1
2019-12-09 17:28:08.004,11671,11672,11672,2
2019-12-09 17:28:08.154,11671,11672,11672,1
2019-12-09 17:28:08.292,11671,11672,11672,1
2019-12-09 17:28:08.785,11671,11672,11672,1
2019-12-09 17:28:10.446,11671,11672,11672,1
2019-12-09 17:28:11.539,11671,11672,11672,1
2019-12-09 17:28:12.201,11671,11672,11672,1
2019-12-09 17:29:15.270,11672,11673,11673,1
2019-12-09 17:29:15.444,11672,11673,11673,1
2019-12-09 17:29:15.511,11672,11673,11673,1
2019-12-09 17:29:24.357,11672,11673,11672,3
2019-12-09 17:29:26.363,11672,11673,11673,5
2019-12-09 17:29:26.459,11672,11673,11673,8
2019-12-09 17:29:30.027,11672,11673,11673,18
2019-12-09 17:29:30.028,11672,11673,11673,1
2019-12-09 17:29:42.848,11673,11674,11673,1
2019-12-09 17:29:54.321,11672,11673,11673,5
2019-12-09 17:30:49.179,11672,11673,11672,6
2019-12-09 17:30:49.448,11671,11672,11672,1
2019-12-09 17:30:49.881,11671,11672,11671,2
2019-12-09 17:30:50.139,11670,11672,11671,1
2019-12-09 17:30:58.812,11670,11671,11671,1
2019-12-09 17:31:00.067,11670,11671,11671,1
2019-12-09 17:31:00.173,11670,11671,11671,1
2019-12-09 17:31:00.439,11670,11671,11671,1
2019-12-09 17:31:00.966,11670,11671,11671,1
2019-12-09 17:31:03.450,11670,11671,11671,1
2019-12-09 17:31:05.196,11670,11671,11671,1
2019-12-09 17:31:10.002,11670,11671,11671,1
2019-12-09 17:31:37.166,11670,11671,11671,1
2019-12-09 17:31:53.083,11670,11671,11670,1
2019-12-09 17:31:53.179,11670,11671,11670,5
2019-12-09 17:32:05.916,11670,11671,11670,1
2019-12-09 17:32:08.543,11670,11671,11670,4
2019-12-09 17:32:09.741,11670,11671,11670,2
2019-12-09 17:32:11.661,11670,11671,11670,2
2019-12-09 17:32:14.905,11670,11671,11670,4
2019-12-09 17:32:35.974,11670,11671,11671,1
2019-12-09 17:32:36.039,11670,11671,11671,8
2019-12-09 17:32:36.138,11671,11672,11672,1
2019-12-09 17:32:36.200,11671,11672,11672,1
2019-12-09 17:32:36.210,11671,11672,11672,3
2019-12-09 17:32:50.653,11671,11672,11672,5
2019-12-09 17:33:04.303,11671,11672,11672,1
2019-12-09 17:33:04.303,11671,11672,11673,1
2019-12-09 17:33:04.477,11672,11673,11673,3
2019-12-09 17:33:04.479,11672,11673,11673,3
2019-12-09 17:34:09.707,11671,11672,11672,1
2019-12-09 17:35:01.387,11671,11672,11672,1
2019-12-09 17:35:01.654,11671,11672,11672,1
2019-12-09 17:35:10.218,11671,11672,11672,1
2019-12-09 17:35:21.672,11671,11672,11671,2
2019-12-09 17:35:40.817,11670,11671,11671,2
2019-12-09 17:36:07.237,11671,11672,11672,1
2019-12-09 17:36:13.050,11671,11672,11671,1
2019-12-09 17:36:16.376,11671,11672,11672,1
2019-12-09 17:37:22.443,11671,11672,11672,1
2019-12-09 17:37:35.936,11671,11672,11672,2
2019-12-09 17:39:01.597,11671,11672,11672,9
2019-12-09 17:39:50.850,11671,11672,11672,1
2019-12-09 17:40:40.118,11671,11672,11671,1
2019-12-09 17:41:18.180,11671,11672,11671,1
2019-12-09 17:41:46.914,11671,11672,11671,2
2019-12-09 17:42:10.173,11671,11672,11671,1
2019-12-09 17:42:49.456,11671,11672,11671,1
2019-12-09 17:43:18.979,11671,11672,11671,1
2019-12-09 17:43:46.139,11671,11672,11671,1
2019-12-09 17:44:21.101,11671,11672,11672,12
2019-12-09 17:44:21.411,11671,11672,11672,1
2019-12-09 17:44:59.694,11671,11672,11672,2
2019-12-09 17:44:59.937,11671,11672,11672,1
2019-12-09 17:45:04.382,11671,11672,11672,1
2019-12-09 17:45:07.925,11671,11672,11672,1
2019-12-09 17:45:10.450,11671,11672,11672,1
2019-12-09 17:45:20.588,11671,11672,11672,2
2019-12-09 17:45:36.382,11671,11672,11672,2
2019-12-09 17:45:41.483,11671,11672,11672,1
2019-12-09 17:45:45.604,11671,11672,11672,1
2019-12-09 17:45:47.726,11671,11672,11672,2
2019-12-09 17:45:48.153,11671,11672,11672,3
2019-12-09 17:45:48.153,11671,11672,11672,1
2019-12-09 17:46:29.094,11672,11673,11673,1
2019-12-09 17:46:30.328,11672,11673,11672,1
2019-12-09 17:46:39.209,11672,11673,11672,1
2019-12-09 17:47:12.666,11672,11673,11672,1
2019-12-09 17:47:26.563,11671,11672,11672,1
2019-12-09 17:48:06.163,11671,11672,11672,4
2019-12-09 17:48:11.122,11672,11673,11673,1
2019-12-09 17:48:42.999,11672,11673,11672,5
2019-12-09 17:48:46.358,11672,11673,11672,5
2019-12-09 17:48:57.138,11672,11673,11672,5
2019-12-09 17:49:09.202,11672,11673,11672,5
2019-12-09 17:49:12.347,11671,11673,11671,1
2019-12-09 17:49:28.412,11672,11673,11673,1
2019-12-09 17:51:21.423,11672,11673,11672,5
2019-12-09 17:51:21.477,11672,11673,11672,2
2019-12-09 17:51:34.540,11671,11672,11672,1
2019-12-09 17:51:39.973,11671,11672,11672,1
2019-12-09 17:51:46.572,11671,11672,11672,2
2019-12-09 17:51:49.474,11671,11672,11672,2
2019-12-09 17:52:01.647,11671,11672,11672,5
2019-12-09 17:52:37.489,11671,11672,11672,1
2019-12-09 17:52:39.650,11671,11672,11671,1
2019-12-09 17:52:59.024,11671,11672,11671,5
2019-12-09 17:52:59.817,11671,11672,11671,5
2019-12-09 17:53:02.872,11671,11672,11671,5
2019-12-09 17:53:03.599,11671,11672,11671,5
2019-12-09 17:53:03.601,11671,11672,11671,17
2019-12-09 17:53:03.726,11671,11672,11671,8
2019-12-09 17:53:05.495,11670,11671,11671,1
2019-12-09 17:53:58.580,11670,11671,11670,1
2019-12-09 17:54:02.808,11670,11671,11670,1
2019-12-09 17:54:04.106,11670,11671,11670,12
2019-12-09 17:54:07.887,11670,11671,11670,2
2019-12-09 17:54:07.977,11670,11671,11670,3
2019-12-09 17:54:15.894,11669,11670,11670,1
2019-12-09 17:54:35.004,11670,11671,11670,1
2019-12-09 17:54:42.222,11670,11671,11670,1
2019-12-09 17:54:54.542,11669,11670,11670,1
2019-12-09 17:55:12.326,11669,11670,11669,1
2019-12-09 17:55:12.408,11669,11670,11669,2
2019-12-09 17:55:12.415,11669,11670,11669,4
2019-12-09 17:55:12.696,11669,11670,11669,4
2019-12-09 17:55:39.263,11669,11670,11669,1
2019-12-09 17:55:54.982,11669,11670,11670,1
2019-12-09 17:56:02.179,11669,11670,11670,4
2019-12-09 17:56:41.924,11669,11670,11670,1
2019-12-09 17:56:58.810,11669,11670,11670,1
2019-12-09 17:57:01.950,11669,11670,11670,4
2019-12-09 17:57:02.531,11670,11671,11670,1
2019-12-09 17:57:02.973,11669,11670,11669,15
2019-12-09 17:57:10.420,11669,11670,11669,1
2019-12-09 17:57:13.439,11669,11670,11669,1
2019-12-09 17:57:15.061,11669,11670,11669,3
2019-12-09 17:57:15.102,11669,11670,11669,1
2019-12-09 17:57:15.916,11668,11669,11668,1
2019-12-09 17:57:15.923,11668,11669,11668,1
2019-12-09 17:57:15.929,11668,11669,11668,1
2019-12-09 17:57:15.935,11668,11669,11668,1
2019-12-09 17:57:15.995,11668,11669,11668,10
2019-12-09 17:57:16.079,11668,11669,11668,1
2019-12-09 17:57:33.610,11668,11669,11668,1
2019-12-09 17:57:38.435,11668,11669,11668,1
2019-12-09 17:57:55.339,11668,11669,11669,5
2019-12-09 17:57:56.932,11668,11670,11668,1
2019-12-09 17:57:59.194,11668,11669,11669,1
2019-12-09 17:58:04.606,11668,11669,11669,1
2019-12-09 17:58:09.472,11668,11669,11669,1
2019-12-09 17:58:15.467,11669,11670,11669,1
2019-12-09 17:58:30.040,11670,11671,11670,1
2019-12-09 17:58:35.557,11670,11671,11671,1
2019-12-09 17:59:11.293,11670,11671,11670,1
2019-12-09 17:59:31.004,11670,11671,11670,2
2019-12-09 17:59:32.681,11670,11671,11671,1
2019-12-09 17:59:53.082,11670,11671,11671,1
2019-12-09 17:59:58.772,11670,11671,11671,1
2019-12-09 18:00:00.773,11670,11671,11670,1
2019-12-09 18:00:01.285,11670,11671,11670,1
2019-12-09 18:00:01.503,11670,11671,11670,1
2019-12-09 18:00:02.293,11670,11671,11671,2
2019-12-09 18:00:02.345,11670,11671,11670,2
2019-12-09 18:00:02.544,11670,11671,11670,2
2019-12-09 18:00:02.732,11670,11671,11671,2
2019-12-09 18:00:02.742,11670,11671,11670,2
2019-12-09 18:00:02.791,11670,11671,11671,1
2019-12-09 18:00:02.896,11670,11671,11671,1
2019-12-09 18:00:02.908,11670,11671,11671,1
2019-12-09 18:00:02.921,11670,11671,11671,1
2019-12-09 18:00:02.951,11670,11671,11671,1
2019-12-09 18:00:02.977,11670,11671,11671,1
2019-12-09 18:00:02.983,11670,11671,11671,1
2019-12-09 18:00:03.034,11670,11671,11671,2
2019-12-09 18:00:03.061,11670,11671,11671,1
2019-12-09 18:00:03.251,11670,11671,11670,2
2019-12-09 18:00:03.452,11670,11671,11670,2
2019-12-09 18:00:03.555,11670,11671,11671,2
2019-12-09 18:00:05.459,11670,11671,11670,4
2019-12-09 18:00:05.660,11669,11671,11669,2
2019-12-09 18:00:05.861,11669,11671,11669,20
2019-12-09 18:00:06.061,11669,11670,11669,2
2019-12-09 18:00:06.261,11669,11670,11669,1
2019-12-09 18:00:06.261,11669,11670,11668,1
2019-12-09 18:00:06.349,11669,11670,11668,4
2019-12-09 18:00:06.420,11668,11670,11669,1
2019-12-09 18:00:06.476,11668,11669,11669,1
2019-12-09 18:00:06.484,11668,11669,11668,2
2019-12-09 18:00:06.484,11668,11669,11668,2
2019-12-09 18:00:06.484,11668,11669,11668,1
2019-12-09 18:00:06.502,11668,11669,11668,2
2019-12-09 18:00:06.518,11668,11669,11668,2
2019-12-09 18:00:06.536,11668,11669,11668,4
2019-12-09 18:00:06.553,11668,11669,11668,2
2019-12-09 18:00:06.968,11668,11669,11668,1
2019-12-09 18:00:06.985,11668,11669,11668,3
2019-12-09 18:00:07.428,11668,11669,11668,1
2019-12-09 18:00:09.555,11668,11669,11668,1
2019-12-09 18:00:10.491,11668,11669,11668,2
2019-12-09 18:00:16.732,11668,11669,11668,1
2019-12-09 18:00:24.770,11668,11669,11668,1
2019-12-09 18:00:33.683,11668,11669,11669,1
2019-12-09 18:00:33.726,11668,11669,11669,1
2019-12-09 18:00:47.726,11669,11670,11669,1
2019-12-09 18:01:17.163,11669,11670,11669,2
2019-12-09 18:02:02.354,11668,11669,11669,3
2019-12-09 18:03:06.286,11669,11670,11670,1
2019-12-09 18:03:17.415,11669,11670,11670,2
2019-12-09 18:03:19.473,11670,11671,11670,1
2019-12-09 18:03:19.474,11670,11671,11670,3
2019-12-09 18:03:19.474,11670,11671,11670,1
2019-12-09 18:03:34.281,11669,11670,11670,1
2019-12-09 18:03:47.512,11669,11670,11670,1
2019-12-09 18:04:31.658,11669,11670,11670,2
2019-12-09 18:04:31.726,11669,11670,11670,1
2019-12-09 18:04:52.019,11669,11670,11670,2
2019-12-09 18:06:12.489,11669,11670,11669,5
2019-12-09 18:06:12.489,11669,11670,11669,5
2019-12-09 18:06:12.547,11669,11670,11669,2
2019-12-09 18:06:27.243,11668,11670,11668,1
2019-12-09 18:06:27.807,11669,11670,11669,3
2019-12-09 18:07:20.308,11668,11669,11669,1
2019-12-09 18:07:46.928,11668,11670,11670,1
2019-12-09 18:08:19.750,11669,11670,11670,1
2019-12-09 18:08:37.619,11669,11670,11669,1
2019-12-09 18:09:29.565,11668,11669,11669,1
2019-12-09 18:09:30.290,11668,11669,11669,1
2019-12-09 18:09:38.294,11668,11669,11669,1
2019-12-09 18:09:51.353,11669,11670,11669,2
2019-12-09 18:10:06.871,11669,11670,11669,1
2019-12-09 18:10:36.199,11669,11670,11669,1
2019-12-09 18:10:39.272,11669,11670,11669,1
2019-12-09 18:11:18.476,11669,11670,11669,1
2019-12-09 18:12:06.841,11669,11670,11669,1
2019-12-09 18:12:07.980,11669,11670,11669,2
2019-12-09 18:12:36.348,11669,11670,11669,1
2019-12-09 18:13:10.121,11669,11670,11669,3
2019-12-09 18:14:11.635,11669,11670,11670,1
2019-12-09 18:14:18.722,11669,11670,11669,1
2019-12-09 18:14:28.547,11669,11670,11669,1
2019-12-09 18:14:30.888,11669,11670,11670,2
2019-12-09 18:15:17.424,11669,11670,11670,1
2019-12-09 18:15:43.652,11669,11670,11669,1
2019-12-09 18:15:50.254,11669,11670,11670,1
2019-12-09 18:15:53.601,11669,11670,11670,1
2019-12-09 18:15:53.602,11669,11670,11670,2
2019-12-09 18:15:53.602,11669,11670,11670,3
2019-12-09 18:15:53.726,11669,11670,11670,3
2019-12-09 18:15:55.830,11670,11671,11670,2
2019-12-09 18:16:02.339,11670,11671,11670,1
2019-12-09 18:16:52.398,11670,11671,11670,2
2019-12-09 18:17:00.152,11670,11671,11670,1
2019-12-09 18:17:06.262,11670,11671,11670,1
2019-12-09 18:17:17.351,11670,11671,11671,6
2019-12-09 18:17:17.476,11670,11671,11671,14
2019-12-09 18:17:17.476,11670,11671,11671,3
2019-12-09 18:17:17.476,11670,11671,11671,4
2019-12-09 18:17:17.477,11670,11671,11671,1
2019-12-09 18:17:17.477,11670,11671,11671,3
2019-12-09 18:17:32.770,11671,11672,11672,1
2019-12-09 18:17:35.759,11671,11672,11672,1
2019-12-09 18:17:39.714,11671,11672,11672,2
2019-12-09 18:17:41.350,11671,11672,11672,10
2019-12-09 18:17:41.350,11671,11672,11673,15
2019-12-09 18:17:42.242,11672,11673,11672,1
2019-12-09 18:18:03.159,11672,11673,11672,1
2019-12-09 18:18:17.428,11672,11673,11673,18
2019-12-09 18:18:17.476,11672,11673,11673,1
2019-12-09 18:18:17.477,11672,11673,11673,3
2019-12-09 18:18:17.484,11672,11673,11673,1
2019-12-09 18:18:17.488,11672,11673,11673,1
2019-12-09 18:18:17.601,11672,11673,11673,4
2019-12-09 18:18:17.603,11672,11673,11673,84
2019-12-09 18:18:17.727,11672,11674,11673,3
2019-12-09 18:18:17.727,11672,11674,11673,2
2019-12-09 18:18:17.852,11673,11674,11674,2
2019-12-09 18:18:17.852,11673,11674,11674,4
2019-12-09 18:18:17.982,11674,11675,11675,2
2019-12-09 18:18:17.982,11674,11675,11675,2
2019-12-09 18:18:18.078,11674,11675,11675,2
2019-12-09 18:18:18.159,11674,11675,11675,4
2019-12-09 18:18:18.198,11674,11675,11675,8
2019-12-09 18:18:18.241,11674,11675,11675,1
2019-12-09 18:18:18.251,11674,11675,11675,2
2019-12-09 18:18:25.727,11674,11675,11675,1
2019-12-09 18:18:26.803,11674,11675,11675,1
2019-12-09 18:18:27.586,11674,11675,11675,1
2019-12-09 18:18:28.112,11674,11675,11675,1
2019-12-09 18:18:28.483,11674,11675,11675,1
2019-12-09 18:18:28.569,11674,11675,11675,2
2019-12-09 18:18:28.750,11674,11675,11675,1
2019-12-09 18:18:32.705,11674,11675,11675,1
2019-12-09 18:18:33.401,11674,11675,11674,1
2019-12-09 18:18:42.045,11674,11675,11675,1
2019-12-09 18:18:43.511,11674,11675,11675,2
2019-12-09 18:19:01.354,11674,11675,11674,1
2019-12-09 18:19:02.089,11674,11675,11674,13
2019-12-09 18:19:16.742,11673,11674,11674,1
2019-12-09 18:19:30.997,11673,11674,11674,1
2019-12-09 18:19:49.486,11674,11675,11674,1
2019-12-09 18:19:54.826,11674,11675,11675,1
2019-12-09 18:20:01.259,11674,11675,11675,1
2019-12-09 18:20:01.676,11674,11675,11675,1
2019-12-09 18:20:03.297,11674,11675,11675,1
2019-12-09 18:20:04.910,11674,11675,11675,5
2019-12-09 18:20:19.771,11674,11675,11675,1
2019-12-09 18:20:26.001,11674,11675,11675,1
2019-12-09 18:20:27.497,11674,11675,11675,1
2019-12-09 18:20:31.044,11674,11675,11675,1
2019-12-09 18:20:36.787,11674,11675,11675,1
2019-12-09 18:20:41.244,11674,11675,11675,1
2019-12-09 18:20:44.941,11674,11675,11674,3
2019-12-09 18:20:45.689,11673,11674,11674,1
2019-12-09 18:20:56.629,11674,11675,11674,2
2019-12-09 18:21:07.214,11673,11674,11674,1
2019-12-09 18:21:20.645,11674,11675,11675,2
2019-12-09 18:21:28.106,11674,11675,11675,1
2019-12-09 18:21:29.836,11674,11675,11674,1
2019-12-09 18:21:29.836,11674,11675,11673,6
2019-12-09 18:21:42.023,11673,11674,11673,1
2019-12-09 18:22:05.895,11673,11674,11674,3
2019-12-09 18:22:17.946,11674,11675,11674,1
2019-12-09 18:22:23.082,11674,11675,11675,3
2019-12-09 18:22:31.164,11674,11675,11675,15
2019-12-09 18:22:55.104,11675,11676,11676,1
2019-12-09 18:22:55.265,11675,11676,11676,1
2019-12-09 18:22:55.404,11675,11676,11676,1
2019-12-09 18:22:59.582,11675,11676,11676,1
2019-12-09 18:23:01.335,11675,11676,11676,1
2019-12-09 18:23:01.531,11675,11676,11676,1
2019-12-09 18:23:16.906,11675,11676,11675,2
2019-12-09 18:23:23.127,11675,11676,11675,3
2019-12-09 18:23:29.763,11674,11675,11675,3
2019-12-09 18:23:30.261,11674,11675,11675,5
2019-12-09 18:23:51.846,11674,11675,11675,1
2019-12-09 18:23:52.032,11674,11675,11674,2
2019-12-09 18:24:33.012,11674,11675,11674,1
2019-12-09 18:26:26.219,11674,11675,11674,1
2019-12-09 18:26:27.091,11674,11675,11675,1
2019-12-09 18:26:29.012,11674,11675,11675,1
2019-12-09 18:26:29.644,11674,11675,11675,1
2019-12-09 18:26:29.692,11674,11675,11675,1
2019-12-09 18:26:31.586,11674,11675,11675,1
2019-12-09 18:26:56.413,11674,11675,11674,1
2019-12-09 18:27:02.374,11674,11675,11675,5
2019-12-09 18:27:06.137,11674,11675,11675,1
2019-12-09 18:27:10.011,11674,11675,11675,7
2019-12-09 18:27:31.408,11675,11676,11675,1
2019-12-09 18:27:38.771,11675,11676,11676,1
2019-12-09 18:27:44.491,11675,11676,11676,5
2019-12-09 18:27:45.405,11675,11676,11676,5
2019-12-09 18:27:53.760,11675,11676,11675,1
2019-12-09 18:29:03.093,11675,11676,11675,1
2019-12-09 18:29:28.462,11675,11676,11675,4
2019-12-09 18:29:29.492,11674,11675,11675,1
2019-12-09 18:29:30.222,11674,11675,11675,1
2019-12-09 18:30:07.193,11674,11675,11675,1
2019-12-09 18:30:09.402,11674,11675,11675,1
2019-12-09 18:30:09.479,11674,11675,11675,1
2019-12-09 18:30:17.013,11674,11676,11676,1
2019-12-09 18:31:18.394,11675,11676,11675,2
2019-12-09 18:31:25.188,11675,11676,11675,3
2019-12-09 18:31:35.469,11675,11676,11675,1
2019-12-09 18:31:36.015,11675,11676,11675,3
2019-12-09 18:31:36.424,11675,11676,11675,3
2019-12-09 18:32:03.869,11674,11675,11675,2
2019-12-09 18:32:33.621,11674,11675,11675,1
2019-12-09 18:34:04.876,11674,11675,11675,1
2019-12-09 18:34:31.157,11674,11675,11675,4
2019-12-09 18:34:59.608,11674,11675,11674,1
2019-12-09 18:34:59.609,11674,11675,11674,1
2019-12-09 18:34:59.726,11674,11675,11674,2
2019-12-09 18:34:59.726,11674,11675,11674,2
2019-12-09 18:34:59.851,11674,11675,11674,10
2019-12-09 18:34:59.852,11674,11675,11674,1
2019-12-09 18:34:59.852,11674,11675,11674,2
2019-12-09 18:34:59.979,11673,11674,11673,1
2019-12-09 18:35:00.176,11673,11674,11673,1
2019-12-09 18:35:00.402,11673,11674,11673,1
2019-12-09 18:35:23.892,11673,11674,11673,12
2019-12-09 18:35:25.905,11673,11674,11673,1
2019-12-09 18:35:33.502,11672,11674,11673,1
2019-12-09 18:35:34.972,11673,11674,11673,1
2019-12-09 18:35:39.310,11672,11673,11673,1
2019-12-09 18:35:47.362,11672,11673,11673,1
2019-12-09 18:36:06.714,11673,11674,11673,1
2019-12-09 18:37:00.711,11672,11673,11673,1
2019-12-09 18:37:48.743,11672,11673,11672,1
2019-12-09 18:37:57.090,11672,11673,11673,1
2019-12-09 18:38:01.152,11672,11673,11673,1
2019-12-09 18:38:01.152,11672,11673,11673,1
2019-12-09 18:38:01.153,11672,11673,11673,1
2019-12-09 18:38:32.101,11673,11674,11673,1
2019-12-09 18:39:47.226,11673,11674,11673,4
2019-12-09 18:39:59.734,11672,11673,11673,1
2019-12-09 18:41:13.436,11672,11673,11673,1
2019-12-09 18:42:40.299,11672,11673,11673,1
2019-12-09 18:42:50.432,11673,11674,11673,1
2019-12-09 18:43:02.739,11672,11673,11672,12
2019-12-09 18:43:03.152,11671,11672,11671,3
2019-12-09 18:43:03.293,11671,11672,11671,2
2019-12-09 18:43:12.366,11671,11672,11671,1
2019-12-09 18:43:28.935,11672,11673,11672,1
2019-12-09 18:43:39.641,11672,11673,11672,1
2019-12-09 18:43:52.362,11672,11673,11672,1
2019-12-09 18:43:56.838,11672,11673,11673,1
2019-12-09 18:44:24.382,11672,11673,11672,2
2019-12-09 18:44:24.811,11672,11673,11672,4
2019-12-09 18:44:28.762,11672,11673,11672,1
2019-12-09 18:44:29.114,11672,11673,11672,2
2019-12-09 18:44:52.302,11671,11672,11672,2
2019-12-09 18:44:55.093,11671,11672,11672,1
2019-12-09 18:44:59.987,11671,11672,11672,3
2019-12-09 18:45:04.355,11671,11672,11672,1
2019-12-09 18:45:14.881,11671,11672,11672,7
2019-12-09 18:45:27.487,11672,11673,11673,1
2019-12-09 18:46:17.517,11672,11673,11673,1
2019-12-09 18:47:01.359,11673,11674,11674,5
2019-12-09 18:47:49.026,11673,11674,11674,1
2019-12-09 18:47:52.904,11673,11674,11673,1
2019-12-09 18:48:07.862,11673,11674,11673,1
2019-12-09 18:48:31.901,11673,11674,11674,3
2019-12-09 18:49:08.943,11673,11674,11674,5
2019-12-09 18:49:19.657,11673,11674,11674,1
2019-12-09 18:51:27.576,11673,11674,11674,18
2019-12-09 18:52:01.839,11673,11674,11674,1
2019-12-09 18:54:14.110,11674,11675,11675,1
2019-12-09 18:54:20.474,11674,11675,11675,2
2019-12-09 18:54:20.475,11674,11675,11675,19
2019-12-09 18:54:20.475,11674,11675,11675,3
2019-12-09 18:54:33.757,11675,11676,11676,4
2019-12-09 18:55:27.585,11675,11676,11675,2
2019-12-09 18:55:28.200,11675,11676,11675,3
2019-12-09 18:55:28.454,11675,11676,11675,2
2019-12-09 18:55:33.469,11675,11676,11675,1
2019-12-09 18:55:34.395,11675,11676,11675,5
2019-12-09 18:55:43.167,11675,11676,11675,1
2019-12-09 18:55:45.469,11675,11676,11675,1
2019-12-09 18:56:00.691,11674,11675,11675,1
2019-12-09 18:56:37.537,11674,11675,11675,1
2019-12-09 18:56:41.703,11675,11676,11675,2
2019-12-09 18:56:53.887,11675,11676,11676,1
2019-12-09 18:58:05.686,11675,11676,11675,1
2019-12-09 18:58:18.802,11675,11676,11675,1
2019-12-09 18:59:01.161,11675,11676,11676,1
2019-12-09 18:59:15.164,11675,11676,11676,4
2019-12-09 18:59:16.363,11675,11676,11676,1
2019-12-09 18:59:34.328,11675,11676,11676,19
2019-12-09 18:59:37.003,11675,11676,11676,1
2019-12-09 18:59:39.283,11675,11676,11676,1
2019-12-09 18:59:42.060,11675,11676,11676,1
2019-12-09 18:59:54.473,11675,11676,11676,5
2019-12-09 18:59:54.803,11675,11676,11676,1
2019-12-09 18:59:56.615,11675,11676,11676,1
2019-12-09 18:59:56.727,11675,11676,11676,10
2019-12-09 18:59:57.678,11676,11677,11676,1
2019-12-09 19:00:18.380,11676,11677,11676,7
2019-12-09 19:00:37.215,11676,11677,11676,1
2019-12-09 19:00:42.060,11676,11677,11677,1
2019-12-09 19:00:42.520,11676,11677,11677,1
2019-12-09 19:00:46.439,11676,11677,11676,3
2019-12-09 19:00:46.561,11675,11676,11676,1
2019-12-09 19:00:59.625,11675,11676,11676,1
2019-12-09 19:01:10.497,11675,11676,11676,1
2019-12-09 19:01:31.847,11675,11676,11676,1
2019-12-09 19:01:47.255,11676,11677,11676,10
2019-12-09 19:02:04.381,11675,11676,11676,1
2019-12-09 19:04:00.812,11675,11676,11676,1
2019-12-09 19:04:10.282,11675,11676,11676,1
2019-12-09 19:04:56.922,11675,11676,11675,1
2019-12-09 19:05:14.532,11675,11676,11676,5
2019-12-09 19:05:14.974,11675,11676,11675,1
2019-12-09 19:05:14.980,11675,11676,11675,1
2019-12-09 19:05:15.245,11675,11676,11676,1
2019-12-09 19:05:31.162,11675,11676,11675,7
2019-12-09 19:06:28.737,11674,11675,11675,1
2019-12-09 19:07:01.034,11674,11675,11674,1
2019-12-09 19:07:01.276,11674,11675,11675,3
2019-12-09 19:07:01.537,11674,11675,11674,1
2019-12-09 19:07:01.650,11674,11675,11674,1
2019-12-09 19:07:01.704,11674,11675,11674,1
2019-12-09 19:07:01.880,11674,11675,11674,1
2019-12-09 19:07:02.070,11674,11675,11674,1
2019-12-09 19:07:02.257,11674,11675,11674,1
2019-12-09 19:07:02.443,11674,11675,11674,1
2019-12-09 19:07:02.655,11674,11675,11674,1
2019-12-09 19:07:02.850,11674,11675,11674,1
2019-12-09 19:07:03.066,11674,11675,11674,1
2019-12-09 19:07:03.287,11674,11675,11674,1
2019-12-09 19:07:21.421,11674,11675,11674,3
2019-12-09 19:07:38.054,11673,11674,11674,1
2019-12-09 19:07:44.226,11673,11674,11674,1
2019-12-09 19:08:00.388,11674,11675,11674,1
2019-12-09 19:08:37.549,11673,11674,11674,1
2019-12-09 19:09:02.272,11673,11674,11674,1
2019-12-09 19:09:12.744,11673,11674,11674,3
2019-12-09 19:09:57.197,11673,11674,11674,1
2019-12-09 19:10:19.840,11674,11675,11675,1
2019-12-09 19:11:18.728,11674,11675,11675,1
2019-12-09 19:12:12.158,11674,11675,11674,1
2019-12-09 19:12:22.171,11674,11675,11675,1
2019-12-09 19:14:20.141,11674,11675,11674,1
2019-12-09 19:14:38.999,11674,11675,11674,1
2019-12-09 19:14:39.002,11674,11675,11674,1
2019-12-09 19:14:39.006,11674,11675,11674,2
2019-12-09 19:14:39.006,11674,11675,11674,1
2019-12-09 19:15:16.130,11673,11674,11674,1
2019-12-09 19:15:53.226,11673,11674,11673,1
2019-12-09 19:15:54.984,11673,11674,11673,22
2019-12-09 19:15:54.984,11673,11674,11672,3
2019-12-09 19:16:57.685,11672,11673,11673,2
2019-12-09 19:17:27.885,11672,11673,11672,1
2019-12-09 19:17:43.851,11673,11674,11673,1
2019-12-09 19:17:55.246,11672,11673,11672,1
2019-12-09 19:19:08.226,11672,11673,11673,3
2019-12-09 19:19:08.409,11672,11674,11673,1
2019-12-09 19:19:08.728,11673,11674,11673,2
2019-12-09 19:19:08.897,11673,11674,11673,2
2019-12-09 19:19:19.113,11672,11673,11673,1
2019-12-09 19:20:01.313,11673,11674,11673,1
2019-12-09 19:20:01.514,11673,11674,11673,1
2019-12-09 19:20:12.522,11673,11674,11673,3
2019-12-09 19:20:14.625,11672,11673,11673,2
2019-12-09 19:20:14.625,11672,11673,11673,1
2019-12-09 19:20:17.321,11673,11674,11674,1
2019-12-09 19:21:11.729,11673,11674,11673,2
2019-12-09 19:21:26.679,11673,11674,11673,1
2019-12-09 19:21:31.054,11673,11674,11673,1
2019-12-09 19:22:37.196,11673,11674,11674,2
2019-12-09 19:22:37.227,11673,11674,11674,2
2019-12-09 19:22:44.040,11673,11674,11674,1
2019-12-09 19:22:45.607,11673,11674,11674,1
2019-12-09 19:23:20.107,11673,11674,11674,1
2019-12-09 19:23:20.125,11673,11674,11674,2
2019-12-09 19:23:25.464,11673,11674,11673,1
2019-12-09 19:23:51.559,11673,11674,11674,1
2019-12-09 19:24:15.140,11673,11674,11674,1
2019-12-09 19:24:15.226,11673,11674,11674,2
2019-12-09 19:24:15.351,11673,11674,11674,3
2019-12-09 19:24:15.493,11673,11674,11673,1
2019-12-09 19:24:15.993,11673,11674,11673,2
2019-12-09 19:24:16.060,11673,11674,11673,2
2019-12-09 19:24:44.595,11673,11674,11674,1
2019-12-09 19:24:47.278,11673,11674,11673,1
2019-12-09 19:25:27.826,11673,11674,11674,1
2019-12-09 19:25:42.266,11673,11674,11674,7
2019-12-09 19:25:42.291,11673,11674,11674,2
2019-12-09 19:25:42.316,11673,11674,11674,2
2019-12-09 19:28:04.393,11673,11674,11674,1
2019-12-09 19:28:07.978,11674,11675,11675,1
2019-12-09 19:28:41.719,11674,11675,11675,1
2019-12-09 19:29:11.505,11674,11675,11675,1
2019-12-09 19:29:21.415,11674,11675,11675,2
2019-12-09 19:29:53.596,11674,11675,11674,2
2019-12-09 19:30:22.887,11674,11675,11674,1
2019-12-09 19:30:57.069,11674,11675,11674,6
2019-12-09 19:31:44.486,11673,11674,11674,1
2019-12-09 19:31:44.610,11673,11674,11673,1
2019-12-09 19:31:44.611,11673,11674,11673,1
2019-12-09 19:31:44.613,11673,11674,11673,1
2019-12-09 19:31:44.615,11673,11674,11673,1
2019-12-09 19:31:44.616,11673,11674,11673,1
2019-12-09 19:31:44.616,11673,11674,11672,1
2019-12-09 19:31:44.618,11673,11674,11672,1
2019-12-09 19:31:44.626,11673,11674,11672,1
2019-12-09 19:31:44.626,11673,11674,11672,1
2019-12-09 19:32:05.386,11672,11673,11672,1
2019-12-09 19:32:10.875,11672,11673,11673,1
2019-12-09 19:32:13.140,11672,11673,11672,1
2019-12-09 19:32:13.567,11672,11673,11673,1
2019-12-09 19:32:45.830,11672,11673,11673,2
2019-12-09 19:33:29.970,11672,11673,11673,3
2019-12-09 19:33:30.204,11673,11674,11673,2
2019-12-09 19:34:33.984,11673,11674,11673,1
2019-12-09 19:34:36.965,11673,11674,11673,4
2019-12-09 19:35:23.810,11672,11673,11673,3
2019-12-09 19:35:24.980,11673,11674,11674,7
2019-12-09 19:35:34.352,11674,11675,11674,6
2019-12-09 19:35:43.817,11673,11674,11674,1
2019-12-09 19:35:56.771,11673,11674,11674,2
2019-12-09 19:35:57.937,11673,11675,11673,1
2019-12-09 19:36:01.358,11673,11675,11675,3
2019-12-09 19:36:05.894,11673,11675,11673,1
2019-12-09 19:36:38.689,11673,11674,11673,4
2019-12-09 19:36:54.052,11673,11674,11674,1
2019-12-09 19:37:00.057,11673,11674,11674,1
2019-12-09 19:38:36.455,11673,11674,11673,3
2019-12-09 19:38:36.476,11673,11674,11673,1
2019-12-09 19:39:46.541,11672,11673,11673,1
2019-12-09 19:39:55.736,11672,11673,11673,2
2019-12-09 19:42:10.951,11672,11673,11673,1
2019-12-09 19:42:16.523,11672,11673,11673,1
2019-12-09 19:42:20.842,11673,11674,11673,1
2019-12-09 19:42:44.209,11673,11674,11673,1
2019-12-09 19:43:50.649,11672,11673,11673,1
2019-12-09 19:44:37.661,11673,11674,11674,4
2019-12-09 19:44:37.674,11673,11674,11674,2
2019-12-09 19:44:37.674,11673,11674,11674,1
2019-12-09 19:44:37.674,11673,11674,11674,2
2019-12-09 19:44:37.675,11673,11674,11674,3
2019-12-09 19:45:39.755,11674,11675,11674,1
2019-12-09 19:45:39.755,11674,11675,11674,2
2019-12-09 19:46:03.401,11673,11674,11674,1
2019-12-09 19:46:41.551,11673,11674,11673,12
2019-12-09 19:46:55.579,11672,11673,11672,42
2019-12-09 19:46:55.579,11672,11673,11671,8
2019-12-09 19:46:55.580,11672,11673,11672,1
2019-12-09 19:46:55.934,11671,11672,11672,1
2019-12-09 19:46:56.648,11671,11672,11671,4
2019-12-09 19:46:56.979,11671,11672,11671,2
2019-12-09 19:46:57.078,11671,11672,11671,2
2019-12-09 19:46:57.983,11671,11672,11672,1
2019-12-09 19:47:04.990,11671,11672,11672,1
2019-12-09 19:47:22.302,11671,11672,11672,4
2019-12-09 19:47:22.540,11672,11673,11672,2
2019-12-09 19:48:13.164,11672,11673,11673,2
2019-12-09 19:48:51.209,11672,11673,11673,1
2019-12-09 19:49:29.072,11672,11673,11672,1
2019-12-09 19:49:29.564,11672,11673,11672,1
2019-12-09 19:49:30.042,11672,11673,11672,1
2019-12-09 19:49:30.488,11672,11673,11672,1
2019-12-09 19:49:31.209,11671,11673,11671,1
2019-12-09 19:49:45.920,11671,11672,11672,1
2019-12-09 19:50:47.306,11672,11673,11672,1
2019-12-09 19:50:57.791,11671,11672,11671,4
2019-12-09 19:51:18.861,11671,11672,11672,1
2019-12-09 19:52:01.269,11671,11672,11671,1
2019-12-09 19:52:01.483,11671,11672,11671,1
2019-12-09 19:52:29.501,11671,11672,11671,1
2019-12-09 19:52:30.921,11671,11672,11671,1
2019-12-09 19:52:30.922,11671,11672,11671,1
2019-12-09 19:52:35.803,11671,11672,11671,3
2019-12-09 19:52:43.178,11671,11672,11671,1
2019-12-09 19:52:43.448,11671,11672,11671,5
2019-12-09 19:52:50.878,11670,11671,11670,50
2019-12-09 19:52:50.977,11670,11671,11670,2
2019-12-09 19:52:50.978,11670,11671,11670,3
2019-12-09 19:52:51.010,11670,11671,11669,2
2019-12-09 19:52:51.160,11669,11670,11669,1
2019-12-09 19:52:51.225,11669,11670,11669,2
2019-12-09 19:52:51.486,11669,11670,11669,4
2019-12-09 19:52:52.193,11669,11670,11669,1
2019-12-09 19:52:52.422,11669,11670,11669,4
2019-12-09 19:52:52.614,11669,11670,11669,2
2019-12-09 19:52:52.636,11669,11670,11669,2
2019-12-09 19:53:42.243,11669,11670,11669,1
2019-12-09 19:53:43.285,11669,11670,11669,3
2019-12-09 19:53:43.351,11669,11670,11669,13
2019-12-09 19:53:43.352,11669,11670,11669,1
2019-12-09 19:53:43.352,11669,11670,11669,4
2019-12-09 19:53:43.352,11669,11670,11669,2
2019-12-09 19:53:43.352,11669,11670,11669,1
2019-12-09 19:53:43.352,11669,11670,11669,1
2019-12-09 19:53:43.352,11669,11670,11669,1
2019-12-09 19:53:43.352,11669,11670,11669,2
2019-12-09 19:53:43.377,11669,11670,11669,2
2019-12-09 19:53:43.403,11669,11670,11669,2
2019-12-09 19:53:43.428,11669,11670,11669,2
2019-12-09 19:53:43.454,11669,11670,11669,2
2019-12-09 19:53:56.441,11668,11669,11669,1
2019-12-09 19:54:01.630,11668,11669,11669,2
2019-12-09 19:54:08.872,11668,11669,11669,1
2019-12-09 19:54:08.976,11668,11669,11669,2
2019-12-09 19:54:43.863,11668,11669,11669,1
2019-12-09 19:54:51.194,11668,11669,11668,20
2019-12-09 19:54:51.263,11668,11669,11668,1
2019-12-09 19:54:51.287,11668,11669,11668,1
2019-12-09 19:54:51.502,11668,11669,11668,1
2019-12-09 19:54:51.753,11668,11669,11668,1
2019-12-09 19:54:51.764,11668,11669,11668,1
2019-12-09 19:54:52.726,11668,11669,11668,4
2019-12-09 19:54:54.662,11668,11669,11668,4
2019-12-09 19:54:54.872,11668,11669,11668,2
2019-12-09 19:54:56.458,11667,11668,11667,3
2019-12-09 19:54:56.546,11667,11668,11667,5
2019-12-09 19:54:56.555,11667,11668,11667,5
2019-12-09 19:54:56.598,11667,11668,11667,1
2019-12-09 19:54:56.632,11667,11668,11667,1
2019-12-09 19:54:56.645,11667,11668,11667,5
2019-12-09 19:54:56.658,11667,11668,11667,4
2019-12-09 19:54:56.658,11667,11668,11666,1
2019-12-09 19:54:56.684,11667,11668,11666,1
2019-12-09 19:54:56.699,11667,11668,11667,1
2019-12-09 19:54:56.726,11666,11667,11666,1
2019-12-09 19:54:56.799,11666,11667,11666,1
2019-12-09 19:54:56.901,11666,11667,11666,10
2019-12-09 19:54:56.906,11666,11667,11666,1
2019-12-09 19:54:56.916,11666,11667,11666,4
2019-12-09 19:54:56.997,11666,11667,11666,2
2019-12-09 19:54:57.028,11666,11667,11666,1
2019-12-09 19:54:57.060,11666,11667,11666,2
2019-12-09 19:54:57.121,11666,11667,11666,1
2019-12-09 19:54:57.259,11666,11667,11666,1
2019-12-09 19:54:57.263,11666,11667,11666,1
2019-12-09 19:54:57.636,11666,11667,11666,1
2019-12-09 19:54:57.741,11666,11667,11666,1
2019-12-09 19:54:58.657,11666,11667,11666,1
2019-12-09 19:55:01.254,11666,11667,11666,1
2019-12-09 19:55:07.356,11666,11667,11666,1
2019-12-09 19:55:07.686,11666,11667,11666,2
2019-12-09 19:55:10.733,11666,11667,11667,1
2019-12-09 19:55:17.553,11666,11667,11667,1
2019-12-09 19:55:18.236,11666,11667,11667,2
2019-12-09 19:55:18.352,11666,11667,11667,1
2019-12-09 19:55:24.821,11666,11667,11666,20
2019-12-09 19:55:29.191,11666,11667,11666,17
2019-12-09 19:55:29.216,11666,11667,11666,2
2019-12-09 19:55:29.401,11665,11666,11666,1
2019-12-09 19:55:32.020,11666,11667,11666,12
2019-12-09 19:55:32.020,11666,11667,11666,1
2019-12-09 19:55:33.615,11665,11666,11666,1
2019-12-09 19:55:35.812,11665,11666,11666,2
2019-12-09 19:55:38.352,11665,11666,11666,11
2019-12-09 19:55:38.601,11665,11666,11666,1
2019-12-09 19:55:38.602,11665,11666,11666,1
2019-12-09 19:55:38.602,11665,11666,11666,1
2019-12-09 19:55:38.602,11665,11666,11666,1
2019-12-09 19:55:38.602,11665,11666,11666,1
2019-12-09 19:55:44.751,11666,11667,11666,1
2019-12-09 19:55:59.008,11666,11667,11667,1
2019-12-09 19:56:08.159,11666,11667,11667,1
2019-12-09 19:56:19.217,11666,11667,11667,1
2019-12-09 19:56:20.913,11666,11667,11666,2
2019-12-09 19:56:29.546,11666,11667,11666,2
2019-12-09 19:56:30.432,11666,11667,11667,1
2019-12-09 19:56:32.117,11666,11667,11666,1
2019-12-09 19:56:34.010,11666,11667,11667,1
2019-12-09 19:56:36.138,11666,11667,11666,1
2019-12-09 19:56:46.907,11666,11667,11667,2
2019-12-09 19:56:48.617,11666,11667,11667,1
2019-12-09 19:56:48.758,11666,11667,11667,14
2019-12-09 19:56:54.734,11667,11668,11667,2
2019-12-09 19:57:14.189,11667,11668,11667,1
2019-12-09 19:57:15.189,11667,11668,11667,1
2019-12-09 19:57:25.448,11666,11667,11667,1
2019-12-09 19:57:25.684,11666,11667,11667,1
2019-12-09 19:57:39.465,11666,11667,11667,1
2019-12-09 19:57:42.598,11666,11667,11666,2
2019-12-09 19:57:43.381,11666,11667,11666,1
2019-12-09 19:57:44.141,11666,11667,11667,1
2019-12-09 19:57:49.343,11666,11667,11666,1
2019-12-09 19:57:50.868,11666,11667,11666,7
2019-12-09 19:57:52.050,11666,11667,11666,3
2019-12-09 19:57:52.994,11666,11667,11666,2
2019-12-09 19:57:54.375,11666,11667,11666,2
2019-12-09 19:58:03.420,11666,11667,11667,1
2019-12-09 19:58:15.416,11666,11667,11666,1
2019-12-09 19:58:16.452,11666,11667,11666,1
2019-12-09 19:58:16.453,11666,11667,11667,1
2019-12-09 19:58:19.714,11666,11667,11667,1
2019-12-09 19:58:21.276,11666,11667,11667,1
2019-12-09 19:58:29.509,11667,11668,11668,1
2019-12-09 19:58:30.768,11667,11668,11668,1
2019-12-09 19:58:31.452,11667,11668,11667,1
2019-12-09 19:59:04.992,11667,11668,11668,1
2019-12-09 19:59:09.197,11667,11668,11668,1
2019-12-09 19:59:19.099,11667,11668,11668,1
2019-12-09 19:59:19.925,11667,11668,11668,2
2019-12-09 19:59:24.068,11667,11668,11668,1
2019-12-09 19:59:24.141,11667,11668,11668,1
2019-12-09 19:59:33.827,11667,11668,11668,1
2019-12-09 19:59:52.167,11667,11668,11668,1
2019-12-09 20:00:20.083,11667,11668,11668,1
2019-12-09 20:00:23.205,11667,11668,11667,12
2019-12-09 20:00:24.569,11667,11668,11667,1
2019-12-09 20:00:24.823,11666,11668,11666,1
2019-12-09 20:00:25.134,11666,11668,11666,6
2019-12-09 20:00:25.251,11666,11668,11666,2
2019-12-09 20:00:25.438,11666,11668,11666,1
2019-12-09 20:00:37.633,11667,11668,11667,3
2019-12-09 20:01:58.894,11667,11668,11667,2
2019-12-09 20:02:08.322,11667,11668,11667,1
2019-12-09 20:02:16.249,11667,11668,11668,5
2019-12-09 20:02:55.229,11668,11669,11668,3
2019-12-09 20:03:57.780,11668,11669,11669,2
2019-12-09 20:03:57.780,11668,11669,11669,1
2019-12-09 20:03:57.780,11668,11669,11669,1
2019-12-09 20:03:57.781,11668,11669,11669,1
2019-12-09 20:03:57.828,11668,11669,11669,3
2019-12-09 20:04:11.967,11669,11670,11669,1
2019-12-09 20:04:19.081,11669,11670,11670,1
2019-12-09 20:04:30.470,11669,11671,11669,1
2019-12-09 20:04:37.299,11669,11670,11670,1
2019-12-09 20:04:39.221,11669,11670,11670,1
2019-12-09 20:04:42.912,11669,11670,11670,1
2019-12-09 20:04:42.999,11669,11670,11670,2
2019-12-09 20:04:43.697,11670,11671,11670,1
2019-12-09 20:04:47.730,11669,11670,11670,2
2019-12-09 20:05:02.151,11670,11671,11671,4
2019-12-09 20:05:02.228,11670,11671,11671,1
2019-12-09 20:05:02.467,11670,11671,11671,1
2019-12-09 20:05:07.650,11670,11671,11671,5
2019-12-09 20:05:09.215,11670,11671,11671,1
2019-12-09 20:05:10.379,11670,11671,11671,1
2019-12-09 20:05:18.339,11670,11671,11670,1
2019-12-09 20:05:18.339,11670,11671,11669,2
2019-12-09 20:05:21.005,11669,11670,11670,1
2019-12-09 20:05:22.617,11669,11670,11669,1
2019-12-09 20:05:58.542,11669,11670,11669,6
2019-12-09 20:06:31.986,11669,11670,11669,3
2019-12-09 20:06:36.856,11669,11670,11669,1
2019-12-09 20:06:42.675,11669,11670,11669,1
2019-12-09 20:06:58.859,11669,11670,11670,1
2019-12-09 20:07:02.238,11669,11670,11670,2
2019-12-09 20:07:33.665,11669,11670,11670,1
2019-12-09 20:07:35.758,11669,11670,11670,1
2019-12-09 20:08:11.323,11669,11670,11670,1
2019-12-09 20:08:12.091,11669,11670,11670,1
2019-12-09 20:09:12.188,11670,11671,11670,2
2019-12-09 20:09:58.048,11670,11671,11670,1
2019-12-09 20:10:28.944,11669,11670,11669,1
2019-12-09 20:11:13.727,11669,11670,11670,8
2019-12-09 20:11:34.811,11669,11671,11671,1
2019-12-09 20:12:16.478,11669,11670,11669,1
2019-12-09 20:12:31.319,11670,11671,11670,1
2019-12-09 20:13:31.106,11670,11671,11670,5
2019-12-09 20:13:35.369,11669,11670,11670,1
