2024-10-28 15:00:00.006,23336,23340,23334,63,-63
2024-10-28 15:00:00.008,23333,23334,23333,1,-1
2024-10-28 15:00:00.088,23332,23334,23334,5,5
2024-10-28 15:00:00.111,23332,23334,23334,5,5
2024-10-28 15:00:00.112,23332,23334,23334,4,4
2024-10-28 15:00:00.260,23332,23335,23335,1,1
2024-10-28 15:00:00.360,23332,23335,23335,1,1
2024-10-28 15:00:00.464,23332,23335,23332,1,-1
2024-10-28 15:00:00.504,23330,23335,23335,1,1
2024-10-28 15:00:00.657,23330,23335,23335,1,1
2024-10-28 15:00:00.724,23330,23335,23330,1,-1
2024-10-28 15:00:00.734,23330,23335,23329,1,-1
2024-10-28 15:00:00.752,23328,23337,23328,1,-1
2024-10-28 15:00:00.798,23328,23337,23337,1,1
2024-10-28 15:00:01.162,23327,23338,23327,1,-1
2024-10-28 15:00:01.162,23327,23338,23326,1,-1
2024-10-28 15:00:01.242,23325,23330,23329,1,1
2024-10-28 15:00:01.245,23325,23330,23334,1,1
2024-10-28 15:00:01.246,23325,23330,23336,1,1
2024-10-28 15:00:01.325,23325,23330,23336,1,1
2024-10-28 15:00:01.418,23333,23337,23338,1,1
2024-10-28 15:00:01.418,23333,23337,23337,1,1
2024-10-28 15:00:01.641,23334,23338,23334,1,-1
2024-10-28 15:00:01.735,23334,23338,23334,1,-1
2024-10-28 15:00:01.739,23333,23337,23337,1,1
2024-10-28 15:00:01.888,23333,23337,23333,2,-2
2024-10-28 15:00:01.970,23333,23337,23332,1,-1
2024-10-28 15:00:02.317,23332,23337,23337,1,1
2024-10-28 15:00:02.500,23333,23338,23333,1,-1
2024-10-28 15:00:02.526,23333,23338,23336,1,1
2024-10-28 15:00:02.794,23333,23338,23338,2,2
2024-10-28 15:00:03.294,23334,23339,23339,2,2
2024-10-28 15:00:03.539,23334,23338,23337,1,1
2024-10-28 15:00:03.540,23334,23338,23337,1,1
2024-10-28 15:00:03.541,23334,23338,23337,1,1
2024-10-28 15:00:03.542,23334,23338,23337,1,1
2024-10-28 15:00:03.549,23334,23338,23337,1,1
2024-10-28 15:00:03.760,23334,23337,23337,1,1
2024-10-28 15:00:04.778,23334,23338,23334,1,-1
2024-10-28 15:00:05.656,23334,23338,23334,1,-1
2024-10-28 15:00:05.902,23334,23338,23337,1,1
2024-10-28 15:00:06.011,23334,23338,23340,1,1
2024-10-28 15:00:06.011,23334,23338,23339,1,1
2024-10-28 15:00:06.011,23334,23338,23339,1,1
2024-10-28 15:00:06.011,23334,23338,23339,1,1
2024-10-28 15:00:06.011,23334,23338,23338,1,1
2024-10-28 15:00:06.013,23334,23338,23341,2,2
2024-10-28 15:00:06.090,23334,23338,23342,1,1
2024-10-28 15:00:06.119,23339,23342,23342,2,2
2024-10-28 15:00:06.120,23339,23342,23343,2,2
2024-10-28 15:00:06.122,23339,23342,23342,1,1
2024-10-28 15:00:06.138,23339,23342,23341,1,1
2024-10-28 15:00:06.139,23339,23342,23340,1,-1
2024-10-28 15:00:06.140,23339,23342,23340,1,-1
2024-10-28 15:00:06.790,23339,23341,23339,1,-1
2024-10-28 15:00:07.921,23338,23341,23341,2,2
2024-10-28 15:00:08.730,23341,23343,23341,1,-1
2024-10-28 15:00:08.856,23340,23343,23343,1,1
2024-10-28 15:00:08.857,23340,23343,23344,1,1
2024-10-28 15:00:08.879,23343,23345,23345,1,1
2024-10-28 15:00:09.374,23343,23345,23343,1,-1
2024-10-28 15:00:09.437,23343,23345,23344,1,-1
2024-10-28 15:00:09.657,23342,23345,23342,1,-1
2024-10-28 15:00:10.273,23342,23345,23342,2,-2
2024-10-28 15:00:10.275,23342,23345,23341,1,-1
2024-10-28 15:00:10.641,23341,23344,23344,2,2
2024-10-28 15:00:10.968,23341,23343,23341,2,-2
2024-10-28 15:00:11.998,23338,23341,23338,3,-3
2024-10-28 15:00:12.115,23337,23340,23340,1,1
2024-10-28 15:00:13.144,23338,23340,23338,1,-1
2024-10-28 15:00:13.681,23337,23339,23337,1,-1
2024-10-28 15:00:14.202,23337,23339,23338,1,-1
2024-10-28 15:00:14.864,23338,23340,23341,1,1
2024-10-28 15:00:14.864,23338,23340,23340,1,1
2024-10-28 15:00:15.327,23338,23341,23338,1,-1
2024-10-28 15:00:15.736,23338,23339,23338,1,-1
2024-10-28 15:00:15.890,23337,23339,23337,1,-1
2024-10-28 15:00:16.019,23336,23339,23339,1,1
2024-10-28 15:00:16.117,23336,23339,23336,1,-1
2024-10-28 15:00:16.634,23336,23339,23339,1,1
2024-10-28 15:00:16.636,23336,23339,23340,1,1
2024-10-28 15:00:17.941,23337,23339,23337,1,-1
2024-10-28 15:00:18.242,23336,23339,23336,1,-1
2024-10-28 15:00:19.046,23336,23339,23336,1,-1
2024-10-28 15:00:20.790,23337,23339,23339,1,1
2024-10-28 15:00:21.428,23338,23339,23338,1,-1
2024-10-28 15:00:21.715,23337,23338,23337,2,-2
2024-10-28 15:00:21.869,23335,23338,23335,1,-1
2024-10-28 15:00:22.756,23335,23338,23338,1,1
2024-10-28 15:00:23.142,23335,23336,23336,1,1
2024-10-28 15:00:24.757,23336,23337,23336,1,-1
2024-10-28 15:00:25.231,23335,23337,23337,1,1
2024-10-28 15:00:25.413,23335,23337,23335,3,-3
2024-10-28 15:00:25.414,23335,23337,23334,3,-3
2024-10-28 15:00:25.518,23334,23336,23334,1,-1
2024-10-28 15:00:30.203,23334,23335,23334,1,-1
2024-10-28 15:00:30.483,23334,23335,23334,4,-4
2024-10-28 15:00:32.732,23334,23335,23334,1,-1
2024-10-28 15:00:33.584,23334,23335,23334,1,-1
2024-10-28 15:00:33.584,23334,23335,23334,1,-1
2024-10-28 15:00:34.152,23333,23334,23333,2,-2
2024-10-28 15:00:34.152,23333,23334,23332,2,-2
2024-10-28 15:00:34.152,23333,23334,23331,1,-1
2024-10-28 15:00:34.310,23331,23334,23334,1,1
2024-10-28 15:00:34.587,23331,23334,23334,1,1
2024-10-28 15:00:38.474,23333,23334,23334,1,1
2024-10-28 15:00:38.475,23333,23334,23334,3,3
2024-10-28 15:00:38.475,23333,23334,23334,1,1
2024-10-28 15:00:38.519,23334,23335,23335,7,7
2024-10-28 15:00:38.520,23334,23335,23336,1,1
2024-10-28 15:00:39.390,23334,23337,23334,1,-1
2024-10-28 15:00:40.338,23333,23335,23335,1,1
2024-10-28 15:00:40.999,23334,23337,23334,1,-1
2024-10-28 15:00:42.385,23334,23337,23334,1,-1
2024-10-28 15:00:44.613,23333,23334,23334,1,1
2024-10-28 15:00:48.514,23333,23334,23333,1,-1
2024-10-28 15:00:48.730,23332,23334,23334,1,1
2024-10-28 15:00:51.714,23332,23334,23334,1,1
2024-10-28 15:00:52.766,23332,23334,23332,1,-1
2024-10-28 15:00:52.766,23332,23334,23332,1,-1
2024-10-28 15:00:54.512,23331,23332,23331,1,-1
2024-10-28 15:00:55.463,23330,23332,23330,2,-2
2024-10-28 15:00:56.487,23329,23330,23329,1,-1
2024-10-28 15:00:56.508,23329,23330,23330,1,1
2024-10-28 15:00:57.695,23328,23331,23328,2,-2
2024-10-28 15:00:58.268,23326,23329,23326,2,-2
2024-10-28 15:00:58.779,23325,23328,23328,1,1
2024-10-28 15:00:59.514,23325,23327,23327,4,4
2024-10-28 15:00:59.830,23326,23328,23328,1,1
2024-10-28 15:01:00.075,23327,23329,23326,1,-1
2024-10-28 15:01:00.124,23325,23326,23325,1,-1
2024-10-28 15:01:00.309,23324,23327,23324,3,-3
2024-10-28 15:01:00.398,23324,23325,23324,2,-2
2024-10-28 15:01:00.413,23324,23325,23325,1,1
2024-10-28 15:01:00.424,23324,23325,23325,1,1
2024-10-28 15:01:00.427,23324,23325,23323,1,-1
2024-10-28 15:01:00.487,23323,23326,23323,1,-1
2024-10-28 15:01:00.573,23323,23326,23323,1,-1
2024-10-28 15:01:00.705,23323,23325,23323,2,-2
2024-10-28 15:01:00.840,23324,23326,23324,1,-1
2024-10-28 15:01:00.948,23323,23325,23322,2,-2
2024-10-28 15:01:00.948,23323,23325,23321,2,-2
2024-10-28 15:01:00.948,23323,23325,23320,1,-1
2024-10-28 15:01:01.920,23321,23324,23322,1,-1
2024-10-28 15:01:01.989,23321,23324,23324,1,1
2024-10-28 15:01:01.989,23321,23324,23325,1,1
2024-10-28 15:01:01.989,23321,23324,23325,1,1
2024-10-28 15:01:01.989,23321,23324,23325,1,1
2024-10-28 15:01:03.167,23325,23326,23325,1,-1
2024-10-28 15:01:03.907,23325,23326,23325,1,-1
2024-10-28 15:01:03.977,23325,23326,23323,1,-1
2024-10-28 15:01:04.200,23322,23325,23323,1,-1
2024-10-28 15:01:05.095,23325,23326,23325,1,-1
2024-10-28 15:01:05.200,23323,23326,23326,1,1
2024-10-28 15:01:05.768,23325,23327,23327,1,1
2024-10-28 15:01:05.769,23325,23327,23327,1,1
2024-10-28 15:01:06.047,23327,23330,23330,2,2
2024-10-28 15:01:07.358,23328,23331,23328,1,-1
2024-10-28 15:01:07.364,23328,23330,23330,1,1
2024-10-28 15:01:07.364,23328,23330,23330,1,1
2024-10-28 15:01:07.390,23328,23330,23329,1,1
2024-10-28 15:01:07.390,23328,23330,23329,1,1
2024-10-28 15:01:07.691,23328,23329,23328,1,-1
2024-10-28 15:01:07.706,23328,23329,23328,1,-1
2024-10-28 15:01:07.707,23328,23329,23328,1,-1
2024-10-28 15:01:07.888,23327,23328,23328,3,3
2024-10-28 15:01:08.939,23327,23330,23330,1,1
2024-10-28 15:01:09.937,23327,23329,23329,1,1
2024-10-28 15:01:11.021,23328,23330,23330,1,1
2024-10-28 15:01:11.310,23329,23331,23331,1,1
2024-10-28 15:01:12.240,23328,23331,23332,1,1
2024-10-28 15:01:12.240,23328,23331,23332,1,1
2024-10-28 15:01:12.240,23328,23331,23331,5,5
2024-10-28 15:01:12.240,23328,23331,23332,2,2
2024-10-28 15:01:12.825,23329,23332,23329,1,-1
2024-10-28 15:01:15.046,23329,23331,23331,1,1
2024-10-28 15:01:16.220,23330,23331,23331,1,1
2024-10-28 15:01:16.415,23330,23332,23330,1,-1
2024-10-28 15:01:16.673,23330,23332,23332,1,1
2024-10-28 15:01:17.043,23329,23331,23329,1,-1
2024-10-28 15:01:17.600,23329,23331,23330,1,-1
2024-10-28 15:01:19.443,23330,23332,23332,1,1
2024-10-28 15:01:19.489,23330,23332,23332,1,1
2024-10-28 15:01:19.490,23330,23332,23332,1,1
2024-10-28 15:01:20.250,23331,23333,23331,1,-1
2024-10-28 15:01:26.890,23331,23333,23332,1,-1
2024-10-28 15:01:29.069,23331,23333,23331,1,-1
2024-10-28 15:01:30.394,23332,23333,23332,1,-1
2024-10-28 15:01:30.789,23332,23333,23332,1,-1
2024-10-28 15:01:32.162,23331,23333,23333,2,2
2024-10-28 15:01:32.162,23331,23333,23333,2,2
2024-10-28 15:01:32.163,23331,23333,23334,1,1
2024-10-28 15:01:32.275,23332,23335,23332,4,-4
2024-10-28 15:01:32.275,23332,23335,23333,1,-1
2024-10-28 15:01:35.577,23332,23335,23332,1,-1
2024-10-28 15:01:35.602,23332,23335,23331,1,-1
2024-10-28 15:01:35.798,23330,23331,23330,2,-2
2024-10-28 15:01:36.219,23328,23330,23331,1,1
2024-10-28 15:01:50.565,23328,23330,23328,2,-2
2024-10-28 15:01:54.143,23329,23330,23329,1,-1
2024-10-28 15:01:55.480,23327,23329,23329,1,1
2024-10-28 15:01:57.344,23327,23330,23327,2,-2
2024-10-28 15:01:57.978,23328,23329,23328,1,-1
2024-10-28 15:01:59.983,23328,23329,23327,1,-1
2024-10-28 15:01:59.983,23328,23329,23328,1,-1
2024-10-28 15:02:00.359,23327,23329,23329,1,1
2024-10-28 15:02:00.841,23327,23329,23329,1,1
2024-10-28 15:02:00.945,23327,23329,23328,1,1
2024-10-28 15:02:00.945,23327,23329,23327,1,-1
2024-10-28 15:02:01.015,23327,23329,23329,1,1
2024-10-28 15:02:02.029,23328,23330,23330,12,12
2024-10-28 15:02:02.029,23328,23330,23330,1,1
2024-10-28 15:02:02.029,23328,23330,23330,1,1
2024-10-28 15:02:02.029,23328,23330,23330,21,21
2024-10-28 15:02:02.325,23331,23332,23332,4,4
2024-10-28 15:02:02.325,23331,23332,23332,1,1
2024-10-28 15:02:02.920,23332,23333,23332,1,-1
2024-10-28 15:02:02.920,23332,23333,23331,2,-2
2024-10-28 15:02:02.920,23332,23333,23330,2,-2
2024-10-28 15:02:07.243,23331,23334,23331,1,-1
2024-10-28 15:02:08.610,23331,23333,23332,1,-1
2024-10-28 15:02:08.915,23331,23334,23332,2,-2
2024-10-28 15:02:09.742,23332,23333,23331,1,-1
2024-10-28 15:02:09.742,23332,23333,23332,1,-1
2024-10-28 15:02:10.023,23331,23333,23331,1,-1
2024-10-28 15:02:12.230,23328,23330,23330,3,3
2024-10-28 15:02:12.230,23328,23330,23331,5,5
2024-10-28 15:02:12.230,23328,23330,23332,1,1
2024-10-28 15:02:12.231,23328,23330,23332,1,1
2024-10-28 15:02:14.044,23331,23332,23331,1,-1
2024-10-28 15:02:14.732,23329,23331,23331,1,1
2024-10-28 15:02:14.733,23329,23331,23331,3,3
2024-10-28 15:02:14.733,23329,23331,23331,8,8
2024-10-28 15:02:14.733,23329,23331,23331,2,2
2024-10-28 15:02:14.733,23329,23331,23331,3,3
2024-10-28 15:02:14.733,23329,23331,23331,1,1
2024-10-28 15:02:14.733,23331,23332,23331,1,-1
2024-10-28 15:02:14.734,23329,23331,23331,1,1
2024-10-28 15:02:15.817,23329,23332,23329,3,-3
2024-10-28 15:02:16.131,23328,23329,23329,1,1
2024-10-28 15:02:18.992,23328,23329,23329,1,1
2024-10-28 15:02:21.248,23329,23330,23330,1,1
2024-10-28 15:02:21.463,23330,23333,23333,1,1
2024-10-28 15:02:22.426,23330,23333,23332,1,1
2024-10-28 15:02:22.447,23330,23333,23333,4,4
2024-10-28 15:02:22.447,23330,23333,23333,2,2
2024-10-28 15:02:22.448,23330,23333,23333,1,1
2024-10-28 15:02:22.448,23330,23333,23333,4,4
2024-10-28 15:02:22.448,23330,23333,23333,1,1
2024-10-28 15:02:22.448,23330,23333,23333,3,3
2024-10-28 15:02:22.448,23330,23333,23333,1,1
2024-10-28 15:02:22.449,23330,23333,23333,22,22
2024-10-28 15:02:22.451,23330,23333,23334,1,1
2024-10-28 15:02:27.175,23334,23335,23334,1,-1
2024-10-28 15:02:28.724,23332,23335,23335,1,1
2024-10-28 15:02:28.925,23332,23335,23335,4,4
2024-10-28 15:02:30.462,23333,23334,23333,1,-1
2024-10-28 15:02:31.442,23332,23334,23332,1,-1
2024-10-28 15:02:37.566,23333,23334,23333,1,-1
2024-10-28 15:02:39.110,23333,23334,23333,1,-1
2024-10-28 15:02:41.145,23331,23333,23331,1,-1
2024-10-28 15:02:41.175,23331,23333,23330,1,-1
2024-10-28 15:02:45.491,23330,23331,23330,1,-1
2024-10-28 15:02:45.960,23329,23331,23329,2,-2
2024-10-28 15:02:46.640,23328,23330,23330,1,1
2024-10-28 15:02:52.136,23329,23330,23330,1,1
2024-10-28 15:02:54.522,23329,23330,23329,1,-1
2024-10-28 15:02:54.522,23329,23330,23329,3,-3
2024-10-28 15:02:55.962,23328,23329,23328,2,-2
2024-10-28 15:02:55.962,23328,23329,23328,1,-1
2024-10-28 15:02:55.973,23328,23329,23327,1,-1
2024-10-28 15:02:58.019,23325,23326,23325,3,-3
2024-10-28 15:02:58.111,23324,23325,23324,6,-6
2024-10-28 15:02:58.304,23322,23324,23322,1,-1
2024-10-28 15:02:58.305,23322,23324,23321,5,-5
2024-10-28 15:02:58.306,23322,23324,23322,1,-1
2024-10-28 15:03:02.829,23322,23323,23323,1,1
2024-10-28 15:03:03.870,23322,23324,23322,1,-1
2024-10-28 15:03:04.485,23322,23324,23324,1,1
2024-10-28 15:03:06.555,23323,23325,23325,1,1
2024-10-28 15:03:15.539,23323,23326,23328,1,1
2024-10-28 15:03:15.539,23323,23326,23327,5,5
2024-10-28 15:03:15.539,23323,23326,23326,4,4
2024-10-28 15:03:20.765,23324,23325,23324,1,-1
2024-10-28 15:03:23.810,23323,23325,23325,1,1
2024-10-28 15:03:37.964,23323,23325,23323,1,-1
2024-10-28 15:03:38.197,23323,23325,23324,1,-1
2024-10-28 15:03:38.515,23322,23324,23322,1,-1
2024-10-28 15:03:42.156,23320,23321,23320,2,-2
2024-10-28 15:03:42.156,23320,23321,23320,5,-5
2024-10-28 15:03:42.274,23318,23319,23318,1,-1
2024-10-28 15:03:42.326,23318,23319,23319,1,1
2024-10-28 15:03:45.378,23319,23321,23319,1,-1
2024-10-28 15:03:45.780,23318,23320,23318,2,-2
2024-10-28 15:03:45.780,23318,23320,23317,3,-3
2024-10-28 15:03:47.731,23317,23319,23317,1,-1
2024-10-28 15:03:50.812,23317,23318,23317,1,-1
2024-10-28 15:03:51.337,23316,23318,23318,1,1
2024-10-28 15:03:51.933,23316,23317,23317,1,1
2024-10-28 15:03:53.114,23316,23318,23318,1,1
2024-10-28 15:03:56.898,23317,23318,23318,1,1
2024-10-28 15:03:58.789,23317,23318,23318,1,1
2024-10-28 15:03:58.803,23317,23318,23319,2,2
2024-10-28 15:03:58.804,23317,23318,23320,1,1
2024-10-28 15:03:58.994,23320,23322,23322,1,1
2024-10-28 15:04:00.805,23324,23325,23325,1,1
2024-10-28 15:04:01.699,23325,23326,23326,5,5
2024-10-28 15:04:01.701,23325,23326,23327,1,1
2024-10-28 15:04:01.702,23325,23326,23327,2,2
2024-10-28 15:04:02.927,23327,23328,23328,1,1
2024-10-28 15:04:06.410,23327,23328,23328,1,1
2024-10-28 15:04:06.933,23327,23328,23328,1,1
2024-10-28 15:04:08.387,23329,23330,23330,1,1
2024-10-28 15:04:10.848,23329,23331,23329,1,-1
2024-10-28 15:04:16.689,23328,23330,23330,1,1
2024-10-28 15:04:18.983,23328,23331,23331,1,1
2024-10-28 15:04:28.395,23328,23330,23329,1,1
2024-10-28 15:04:33.354,23329,23330,23330,4,4
2024-10-28 15:04:33.355,23329,23330,23331,1,1
2024-10-28 15:04:33.356,23329,23330,23331,5,5
2024-10-28 15:04:36.149,23331,23332,23332,4,4
2024-10-28 15:04:37.065,23332,23333,23333,1,1
2024-10-28 15:04:37.721,23332,23333,23333,1,1
2024-10-28 15:04:39.353,23332,23334,23332,1,-1
2024-10-28 15:04:41.685,23332,23334,23332,1,-1
2024-10-28 15:04:41.712,23332,23334,23333,1,-1
2024-10-28 15:04:44.568,23331,23333,23331,1,-1
2024-10-28 15:04:45.174,23330,23332,23332,1,1
2024-10-28 15:04:47.230,23330,23332,23332,1,1
2024-10-28 15:04:51.344,23330,23332,23332,2,2
2024-10-28 15:04:54.863,23330,23332,23330,1,-1
2024-10-28 15:04:55.393,23329,23331,23331,1,1
2024-10-28 15:04:56.019,23329,23331,23329,3,-3
2024-10-28 15:04:57.071,23326,23329,23327,1,-1
2024-10-28 15:04:57.610,23325,23327,23327,1,1
2024-10-28 15:04:59.816,23326,23328,23328,1,1
2024-10-28 15:05:08.161,23326,23327,23326,1,-1
2024-10-28 15:05:08.273,23325,23326,23326,1,1
2024-10-28 15:05:08.426,23325,23326,23325,1,-1
2024-10-28 15:05:08.710,23323,23326,23326,1,1
2024-10-28 15:05:08.710,23323,23326,23327,5,5
2024-10-28 15:05:08.710,23323,23326,23328,7,7
2024-10-28 15:05:08.712,23323,23326,23327,1,1
2024-10-28 15:05:08.723,23323,23326,23329,8,8
2024-10-28 15:05:08.723,23323,23326,23330,1,1
2024-10-28 15:05:08.995,23330,23331,23331,1,1
2024-10-28 15:05:09.256,23330,23332,23332,3,3
2024-10-28 15:05:09.363,23332,23333,23333,1,1
2024-10-28 15:05:09.363,23332,23333,23333,1,1
2024-10-28 15:05:09.364,23332,23333,23333,1,1
2024-10-28 15:05:10.839,23332,23333,23332,1,-1
2024-10-28 15:05:11.161,23332,23333,23333,1,1
2024-10-28 15:05:15.816,23330,23333,23333,1,1
2024-10-28 15:05:18.180,23329,23332,23332,1,1
2024-10-28 15:05:19.477,23330,23332,23332,1,1
2024-10-28 15:05:19.489,23330,23332,23333,1,1
2024-10-28 15:05:19.489,23330,23332,23333,1,1
2024-10-28 15:05:19.489,23330,23332,23333,1,1
2024-10-28 15:05:24.658,23330,23331,23330,1,-1
2024-10-28 15:05:24.659,23330,23331,23329,20,-20
2024-10-28 15:05:24.660,23330,23331,23328,1,-1
2024-10-28 15:05:24.660,23330,23331,23328,1,-1
2024-10-28 15:05:25.239,23327,23328,23327,1,-1
2024-10-28 15:05:25.453,23326,23327,23326,1,-1
2024-10-28 15:05:29.657,23322,23323,23322,2,-2
2024-10-28 15:05:30.766,23320,23323,23321,1,-1
2024-10-28 15:05:30.864,23320,23323,23323,1,1
2024-10-28 15:05:30.864,23320,23323,23323,1,1
2024-10-28 15:05:30.864,23320,23323,23323,1,1
2024-10-28 15:05:31.490,23322,23323,23323,1,1
2024-10-28 15:05:33.781,23327,23330,23330,1,1
2024-10-28 15:05:40.061,23327,23328,23328,1,1
2024-10-28 15:05:49.565,23325,23328,23326,1,-1
2024-10-28 15:06:01.072,23324,23326,23324,2,-2
2024-10-28 15:06:04.319,23323,23325,23323,2,-2
2024-10-28 15:06:04.319,23323,23325,23322,2,-2
2024-10-28 15:06:06.145,23321,23324,23321,2,-2
2024-10-28 15:06:09.708,23321,23323,23322,1,-1
2024-10-28 15:06:11.714,23320,23323,23321,1,-1
2024-10-28 15:06:11.718,23320,23323,23320,3,-3
2024-10-28 15:06:11.942,23318,23321,23320,1,1
2024-10-28 15:06:13.692,23321,23322,23322,1,1
2024-10-28 15:06:14.181,23321,23323,23321,1,-1
2024-10-28 15:06:14.181,23321,23323,23320,2,-2
2024-10-28 15:06:14.181,23321,23323,23319,2,-2
2024-10-28 15:06:16.726,23319,23321,23319,1,-1
2024-10-28 15:06:18.127,23319,23321,23321,1,1
2024-10-28 15:06:18.678,23320,23323,23320,1,-1
2024-10-28 15:06:24.383,23318,23321,23318,1,-1
2024-10-28 15:06:26.934,23319,23321,23319,1,-1
2024-10-28 15:06:36.271,23319,23320,23320,1,1
2024-10-28 15:06:36.271,23319,23320,23320,1,1
2024-10-28 15:06:36.271,23319,23320,23320,2,2
2024-10-28 15:06:36.271,23319,23320,23320,1,1
2024-10-28 15:06:36.524,23320,23321,23320,1,-1
2024-10-28 15:06:41.127,23319,23320,23319,1,-1
2024-10-28 15:06:41.131,23319,23320,23318,2,-2
2024-10-28 15:06:41.646,23316,23318,23316,2,-2
2024-10-28 15:06:51.380,23316,23318,23318,1,1
2024-10-28 15:06:53.319,23318,23321,23321,1,1
2024-10-28 15:06:53.731,23319,23321,23319,1,-1
2024-10-28 15:06:55.977,23320,23321,23319,2,-2
2024-10-28 15:06:55.977,23320,23321,23320,1,-1
2024-10-28 15:06:58.813,23320,23321,23320,2,-2
2024-10-28 15:07:06.457,23318,23320,23320,3,3
2024-10-28 15:07:06.457,23318,23320,23321,5,5
2024-10-28 15:07:07.123,23319,23322,23322,4,4
2024-10-28 15:07:10.016,23321,23322,23321,1,-1
2024-10-28 15:07:10.097,23321,23322,23322,3,3
2024-10-28 15:07:12.903,23320,23323,23323,5,5
2024-10-28 15:07:14.566,23320,23323,23320,1,-1
2024-10-28 15:07:15.346,23320,23323,23322,2,2
2024-10-28 15:07:29.711,23321,23322,23322,1,1
2024-10-28 15:07:31.672,23323,23325,23323,1,-1
2024-10-28 15:07:33.708,23322,23325,23322,5,-5
2024-10-28 15:07:33.708,23322,23325,23321,1,-1
2024-10-28 15:07:46.000,23323,23324,23323,1,-1
2024-10-28 15:07:49.433,23323,23324,23323,1,-1
2024-10-28 15:07:52.558,23322,23324,23324,1,1
2024-10-28 15:07:56.391,23322,23323,23323,1,1
2024-10-28 15:08:00.522,23322,23325,23325,2,2
2024-10-28 15:08:07.727,23323,23326,23324,1,-1
2024-10-28 15:08:08.710,23322,23324,23324,1,1
2024-10-28 15:08:10.438,23322,23324,23322,1,-1
2024-10-28 15:08:20.828,23323,23325,23325,5,5
2024-10-28 15:08:20.828,23323,23325,23326,3,3
2024-10-28 15:08:24.897,23327,23329,23329,2,2
2024-10-28 15:08:24.897,23327,23329,23329,4,4
2024-10-28 15:08:24.897,23327,23329,23329,4,4
2024-10-28 15:08:24.897,23327,23329,23329,1,1
2024-10-28 15:08:26.148,23327,23329,23329,1,1
2024-10-28 15:08:28.744,23327,23329,23328,1,1
2024-10-28 15:08:30.411,23327,23329,23329,2,2
2024-10-28 15:08:30.411,23327,23329,23330,1,1
2024-10-28 15:08:30.475,23327,23329,23328,1,1
2024-10-28 15:08:30.649,23327,23329,23329,1,1
2024-10-28 15:08:31.085,23327,23329,23327,1,-1
2024-10-28 15:08:32.998,23328,23329,23328,1,-1
2024-10-28 15:08:39.480,23326,23328,23326,1,-1
2024-10-28 15:08:54.220,23323,23325,23323,3,-3
2024-10-28 15:08:54.221,23323,23325,23322,1,-1
2024-10-28 15:08:54.262,23320,23323,23320,1,-1
2024-10-28 15:08:58.305,23320,23322,23322,1,1
2024-10-28 15:09:01.937,23320,23323,23323,1,1
2024-10-28 15:09:03.937,23320,23322,23322,1,1
2024-10-28 15:09:07.029,23318,23319,23318,1,-1
2024-10-28 15:09:07.495,23318,23319,23318,1,-1
2024-10-28 15:09:13.810,23316,23318,23318,1,1
2024-10-28 15:09:17.919,23319,23322,23319,2,-2
2024-10-28 15:09:18.296,23319,23321,23319,2,-2
2024-10-28 15:09:18.296,23319,23321,23318,3,-3
2024-10-28 15:09:20.579,23319,23322,23319,3,-3
2024-10-28 15:09:21.186,23318,23321,23321,1,1
2024-10-28 15:09:22.806,23322,23324,23322,1,-1
2024-10-28 15:09:27.204,23321,23324,23321,1,-1
2024-10-28 15:09:31.462,23321,23323,23321,2,-2
2024-10-28 15:09:33.654,23320,23321,23321,1,1
2024-10-28 15:09:36.114,23320,23321,23321,1,1
2024-10-28 15:09:36.155,23320,23321,23320,2,-2
2024-10-28 15:09:39.562,23319,23320,23319,1,-1
2024-10-28 15:09:40.594,23318,23320,23318,2,-2
2024-10-28 15:09:45.388,23322,23324,23324,4,4
2024-10-28 15:09:45.470,23322,23324,23325,2,2
2024-10-28 15:09:45.564,23324,23325,23325,2,2
2024-10-28 15:09:46.379,23325,23327,23327,1,1
2024-10-28 15:09:46.796,23327,23328,23328,1,1
2024-10-28 15:09:50.804,23327,23328,23328,1,1
2024-10-28 15:09:51.069,23327,23328,23328,1,1
2024-10-28 15:09:51.491,23327,23328,23328,1,1
2024-10-28 15:09:52.148,23328,23329,23329,2,2
2024-10-28 15:09:52.153,23328,23329,23330,2,2
2024-10-28 15:09:52.153,23328,23329,23330,2,2
2024-10-28 15:09:52.196,23328,23329,23331,4,4
2024-10-28 15:09:52.197,23328,23329,23331,1,1
2024-10-28 15:09:52.299,23329,23332,23329,2,-2
2024-10-28 15:09:52.971,23329,23331,23329,1,-1
2024-10-28 15:09:53.252,23330,23331,23331,1,1
2024-10-28 15:09:53.321,23330,23331,23332,1,1
2024-10-28 15:09:53.643,23332,23333,23333,6,6
2024-10-28 15:09:53.644,23332,23333,23333,1,1
2024-10-28 15:09:55.919,23330,23332,23330,2,-2
2024-10-28 15:09:59.673,23331,23332,23331,1,-1
2024-10-28 15:09:59.793,23330,23332,23330,1,-1
2024-10-28 15:10:04.050,23332,23334,23332,1,-1
2024-10-28 15:10:08.426,23332,23333,23332,1,-1
2024-10-28 15:10:08.427,23332,23333,23332,1,-1
2024-10-28 15:10:08.489,23331,23332,23332,1,1
2024-10-28 15:10:08.490,23331,23332,23333,1,1
2024-10-28 15:10:08.712,23332,23333,23333,1,1
2024-10-28 15:10:08.806,23333,23334,23333,1,-1
2024-10-28 15:10:10.628,23331,23334,23331,1,-1
2024-10-28 15:10:10.738,23330,23333,23333,1,1
2024-10-28 15:10:11.293,23330,23332,23330,1,-1
2024-10-28 15:10:25.984,23330,23331,23332,3,3
2024-10-28 15:10:25.984,23331,23332,23332,2,2
2024-10-28 15:10:25.985,23331,23332,23332,2,2
2024-10-28 15:10:25.985,23331,23332,23332,3,3
2024-10-28 15:10:27.354,23331,23333,23331,3,-3
2024-10-28 15:10:29.938,23330,23333,23330,1,-1
2024-10-28 15:10:35.359,23332,23333,23333,1,1
2024-10-28 15:10:36.064,23333,23334,23334,3,3
2024-10-28 15:10:37.638,23333,23334,23333,1,-1
2024-10-28 15:10:37.638,23333,23334,23332,2,-2
2024-10-28 15:10:38.482,23332,23333,23333,1,1
2024-10-28 15:10:41.237,23333,23334,23333,1,-1
2024-10-28 15:10:41.516,23332,23333,23332,1,-1
2024-10-28 15:10:42.173,23332,23333,23332,1,-1
2024-10-28 15:10:43.443,23330,23333,23333,1,1
2024-10-28 15:10:46.541,23331,23333,23331,1,-1
2024-10-28 15:10:48.653,23331,23333,23333,1,1
2024-10-28 15:10:53.526,23329,23331,23331,1,1
2024-10-28 15:10:53.613,23329,23332,23332,1,1
2024-10-28 15:10:56.622,23329,23332,23329,1,-1
2024-10-28 15:10:56.923,23328,23331,23331,1,1
2024-10-28 15:11:06.594,23330,23331,23331,1,1
2024-10-28 15:11:07.211,23330,23332,23332,1,1
2024-10-28 15:11:07.238,23330,23332,23332,1,1
2024-10-28 15:11:07.244,23330,23332,23332,1,1
2024-10-28 15:11:11.440,23332,23333,23333,5,5
2024-10-28 15:11:11.441,23332,23333,23334,2,2
2024-10-28 15:11:15.157,23334,23335,23335,1,1
2024-10-28 15:11:15.157,23334,23335,23335,3,3
2024-10-28 15:11:15.157,23334,23335,23335,1,1
2024-10-28 15:11:15.265,23334,23336,23336,1,1
2024-10-28 15:11:15.311,23334,23336,23335,1,1
2024-10-28 15:11:20.002,23334,23335,23335,2,2
2024-10-28 15:11:20.002,23334,23335,23336,1,1
2024-10-28 15:11:20.246,23334,23336,23336,3,3
2024-10-28 15:11:20.656,23335,23337,23335,1,-1
2024-10-28 15:11:21.112,23335,23337,23337,1,1
2024-10-28 15:11:21.240,23335,23337,23337,1,1
2024-10-28 15:11:21.240,23335,23337,23337,1,1
2024-10-28 15:11:21.241,23335,23337,23337,1,1
2024-10-28 15:11:25.075,23336,23337,23337,1,1
2024-10-28 15:11:26.005,23336,23337,23336,1,-1
2024-10-28 15:11:26.707,23335,23337,23336,1,-1
2024-10-28 15:11:30.138,23335,23337,23336,1,-1
2024-10-28 15:11:30.202,23335,23337,23335,1,-1
2024-10-28 15:11:30.238,23335,23337,23337,1,1
2024-10-28 15:11:30.239,23335,23337,23337,1,1
2024-10-28 15:11:30.241,23335,23337,23337,1,1
2024-10-28 15:11:31.576,23336,23338,23338,1,1
2024-10-28 15:11:33.394,23336,23338,23338,1,1
2024-10-28 15:11:36.767,23335,23337,23337,2,2
2024-10-28 15:11:38.826,23336,23337,23337,1,1
2024-10-28 15:11:38.826,23336,23337,23337,2,2
2024-10-28 15:11:43.061,23336,23338,23338,3,3
2024-10-28 15:11:43.063,23336,23338,23339,1,1
2024-10-28 15:11:43.063,23336,23338,23339,1,1
2024-10-28 15:11:43.065,23336,23338,23340,1,1
2024-10-28 15:11:43.066,23336,23338,23341,1,1
2024-10-28 15:11:43.067,23336,23338,23342,4,4
2024-10-28 15:11:43.067,23336,23338,23342,1,1
2024-10-28 15:11:43.199,23341,23343,23341,1,-1
2024-10-28 15:11:43.301,23339,23342,23341,1,1
2024-10-28 15:11:43.303,23339,23342,23340,1,-1
2024-10-28 15:11:51.895,23342,23343,23343,1,1
2024-10-28 15:11:51.896,23342,23343,23343,1,1
2024-10-28 15:11:53.536,23344,23345,23344,1,-1
2024-10-28 15:11:53.743,23342,23344,23344,1,1
2024-10-28 15:11:57.428,23342,23344,23342,1,-1
2024-10-28 15:11:57.547,23340,23343,23343,1,1
2024-10-28 15:11:57.783,23341,23343,23345,1,1
2024-10-28 15:11:57.783,23341,23343,23345,1,1
2024-10-28 15:11:57.783,23341,23343,23344,7,7
2024-10-28 15:11:57.783,23341,23343,23345,9,9
2024-10-28 15:11:57.783,23341,23343,23343,2,2
2024-10-28 15:12:00.378,23344,23345,23345,1,1
2024-10-28 15:12:01.591,23344,23345,23345,1,1
2024-10-28 15:12:01.614,23344,23346,23346,1,1
2024-10-28 15:12:01.614,23344,23346,23347,1,1
2024-10-28 15:12:01.616,23344,23346,23347,1,1
2024-10-28 15:12:01.616,23344,23346,23347,1,1
2024-10-28 15:12:01.616,23344,23346,23347,2,2
2024-10-28 15:12:03.825,23346,23348,23348,1,1
2024-10-28 15:12:03.951,23346,23348,23348,1,1
2024-10-28 15:12:05.253,23345,23348,23348,1,1
2024-10-28 15:12:05.429,23346,23349,23349,1,1
2024-10-28 15:12:07.539,23347,23349,23347,1,-1
2024-10-28 15:12:08.087,23345,23347,23347,1,1
2024-10-28 15:12:09.105,23345,23347,23347,1,1
2024-10-28 15:12:10.409,23346,23348,23346,1,-1
2024-10-28 15:12:10.756,23347,23348,23348,2,2
2024-10-28 15:12:11.595,23347,23348,23347,1,-1
2024-10-28 15:12:12.750,23346,23348,23346,1,-1
2024-10-28 15:12:12.839,23346,23348,23348,2,2
2024-10-28 15:12:12.839,23346,23348,23347,1,-1
2024-10-28 15:12:14.152,23347,23348,23348,1,1
2024-10-28 15:12:14.532,23347,23348,23348,2,2
2024-10-28 15:12:15.062,23347,23348,23347,1,-1
2024-10-28 15:12:15.240,23346,23348,23348,3,3
2024-10-28 15:12:16.601,23347,23348,23347,2,-2
2024-10-28 15:12:17.541,23345,23347,23347,1,1
2024-10-28 15:12:17.543,23345,23347,23347,5,5
2024-10-28 15:12:17.600,23345,23347,23348,2,2
2024-10-28 15:12:17.954,23346,23348,23348,3,3
2024-10-28 15:12:18.138,23348,23349,23349,1,1
2024-10-28 15:12:18.139,23348,23349,23349,1,1
2024-10-28 15:12:19.415,23348,23349,23349,1,1
2024-10-28 15:12:20.062,23348,23350,23348,2,-2
2024-10-28 15:12:20.237,23346,23348,23348,3,3
2024-10-28 15:12:20.853,23347,23348,23348,2,2
2024-10-28 15:12:20.853,23347,23348,23348,5,5
2024-10-28 15:12:23.727,23346,23348,23347,1,1
2024-10-28 15:12:25.046,23348,23350,23349,2,2
2024-10-28 15:12:28.150,23349,23350,23350,3,3
2024-10-28 15:12:28.150,23349,23350,23350,2,2
2024-10-28 15:12:28.150,23349,23350,23350,3,3
2024-10-28 15:12:28.151,23349,23350,23350,2,2
2024-10-28 15:12:28.151,23349,23350,23350,1,1
2024-10-28 15:12:28.152,23349,23350,23350,5,5
2024-10-28 15:12:28.247,23349,23350,23350,5,5
2024-10-28 15:12:28.331,23349,23350,23350,1,1
2024-10-28 15:12:28.343,23349,23350,23350,3,3
2024-10-28 15:12:28.344,23349,23350,23350,1,1
2024-10-28 15:12:30.232,23349,23350,23349,1,-1
2024-10-28 15:12:31.904,23349,23350,23349,1,-1
2024-10-28 15:12:31.906,23349,23350,23348,2,-2
2024-10-28 15:12:31.988,23348,23349,23348,2,-2
2024-10-28 15:12:32.063,23348,23349,23348,1,-1
2024-10-28 15:12:32.213,23347,23349,23347,2,-2
2024-10-28 15:12:33.546,23347,23348,23348,1,1
2024-10-28 15:12:37.255,23348,23349,23348,1,-1
2024-10-28 15:12:40.207,23348,23349,23349,1,1
2024-10-28 15:12:49.783,23349,23350,23350,1,1
2024-10-28 15:12:49.783,23349,23350,23350,6,6
2024-10-28 15:12:49.785,23349,23350,23351,1,1
2024-10-28 15:12:49.884,23350,23352,23352,1,1
2024-10-28 15:12:50.059,23350,23352,23352,1,1
2024-10-28 15:12:50.060,23350,23352,23352,1,1
2024-10-28 15:12:52.658,23352,23353,23353,1,1
2024-10-28 15:12:52.766,23353,23354,23353,1,-1
2024-10-28 15:12:52.842,23353,23354,23353,1,-1
2024-10-28 15:12:52.842,23353,23354,23352,2,-2
2024-10-28 15:12:53.132,23353,23354,23353,1,-1
2024-10-28 15:12:53.922,23351,23353,23351,1,-1
2024-10-28 15:12:53.922,23351,23353,23350,1,-1
2024-10-28 15:12:54.386,23350,23352,23352,2,2
2024-10-28 15:12:55.672,23349,23351,23354,7,7
2024-10-28 15:12:55.672,23349,23351,23353,6,6
2024-10-28 15:12:55.672,23349,23351,23351,1,1
2024-10-28 15:12:55.672,23349,23351,23352,4,4
2024-10-28 15:12:56.149,23350,23353,23352,2,2
2024-10-28 15:12:56.489,23350,23353,23353,1,1
2024-10-28 15:13:00.324,23351,23352,23351,2,-2
2024-10-28 15:13:00.325,23351,23352,23351,1,-1
2024-10-28 15:13:00.367,23350,23352,23352,1,1
2024-10-28 15:13:01.642,23350,23353,23353,2,2
2024-10-28 15:13:01.739,23351,23353,23353,1,1
2024-10-28 15:13:02.571,23352,23353,23352,1,-1
2024-10-28 15:13:03.232,23350,23353,23353,1,1
2024-10-28 15:13:04.378,23351,23353,23353,1,1
2024-10-28 15:13:05.129,23352,23354,23354,1,1
2024-10-28 15:13:08.837,23352,23354,23354,1,1
2024-10-28 15:13:12.857,23353,23354,23353,1,-1
2024-10-28 15:13:12.865,23352,23354,23354,1,1
2024-10-28 15:13:12.865,23352,23354,23354,1,1
2024-10-28 15:13:12.865,23352,23354,23354,1,1
2024-10-28 15:13:12.865,23352,23354,23354,1,1
2024-10-28 15:13:16.186,23354,23355,23354,1,-1
2024-10-28 15:13:18.456,23354,23355,23354,3,-3
2024-10-28 15:13:19.202,23353,23354,23354,1,1
2024-10-28 15:13:20.717,23353,23355,23353,1,-1
2024-10-28 15:13:21.673,23352,23354,23352,1,-1
2024-10-28 15:13:23.615,23350,23352,23350,6,-6
2024-10-28 15:13:23.615,23350,23352,23350,1,-1
2024-10-28 15:13:24.885,23351,23352,23351,1,-1
2024-10-28 15:13:28.804,23350,23352,23350,1,-1
2024-10-28 15:13:30.203,23350,23352,23350,1,-1
2024-10-28 15:13:30.565,23349,23352,23351,1,1
2024-10-28 15:13:32.896,23349,23351,23349,1,-1
2024-10-28 15:13:37.035,23349,23350,23349,1,-1
2024-10-28 15:13:38.733,23349,23350,23350,1,1
2024-10-28 15:13:38.733,23349,23350,23351,1,1
2024-10-28 15:13:38.734,23349,23350,23351,1,1
2024-10-28 15:13:38.734,23349,23350,23351,2,2
2024-10-28 15:13:38.895,23349,23352,23349,1,-1
2024-10-28 15:13:40.346,23350,23352,23350,1,-1
2024-10-28 15:13:41.452,23350,23352,23352,1,1
2024-10-28 15:13:48.825,23352,23354,23354,1,1
2024-10-28 15:13:51.857,23352,23354,23354,1,1
2024-10-28 15:13:51.863,23352,23354,23354,1,1
2024-10-28 15:13:51.864,23352,23354,23355,1,1
2024-10-28 15:13:52.115,23353,23355,23353,2,-2
2024-10-28 15:13:52.386,23352,23355,23352,2,-2
2024-10-28 15:14:00.311,23353,23355,23355,3,3
2024-10-28 15:14:00.311,23353,23355,23355,3,3
2024-10-28 15:14:00.311,23353,23355,23355,2,2
2024-10-28 15:14:00.312,23353,23355,23355,2,2
2024-10-28 15:14:00.312,23353,23355,23355,2,2
2024-10-28 15:14:00.312,23353,23355,23355,1,1
2024-10-28 15:14:00.960,23354,23356,23356,1,1
2024-10-28 15:14:00.961,23354,23356,23356,1,1
2024-10-28 15:14:00.963,23354,23356,23356,2,2
2024-10-28 15:14:00.998,23355,23356,23357,3,3
2024-10-28 15:14:00.998,23355,23356,23356,10,10
2024-10-28 15:14:01.019,23355,23356,23357,4,4
2024-10-28 15:14:01.019,23355,23356,23357,4,4
2024-10-28 15:14:01.019,23355,23356,23357,1,1
2024-10-28 15:14:01.032,23355,23356,23358,1,1
2024-10-28 15:14:01.060,23355,23356,23358,1,1
2024-10-28 15:14:01.117,23357,23358,23358,2,2
2024-10-28 15:14:01.136,23357,23358,23358,1,1
2024-10-28 15:14:01.183,23357,23358,23358,1,1
2024-10-28 15:14:01.400,23357,23358,23358,1,1
2024-10-28 15:14:01.570,23357,23359,23357,1,-1
2024-10-28 15:14:01.570,23357,23359,23356,4,-4
2024-10-28 15:14:03.287,23355,23358,23355,1,-1
2024-10-28 15:14:04.760,23354,23357,23357,2,2
2024-10-28 15:14:04.760,23354,23357,23358,11,11
2024-10-28 15:14:04.760,23354,23357,23359,8,8
2024-10-28 15:14:04.760,23354,23357,23360,25,25
2024-10-28 15:14:04.760,23354,23357,23361,6,6
2024-10-28 15:14:04.760,23354,23357,23362,2,2
2024-10-28 15:14:04.761,23354,23357,23361,1,1
2024-10-28 15:14:05.175,23358,23361,23361,2,2
2024-10-28 15:14:05.744,23360,23361,23360,2,-2
2024-10-28 15:14:10.307,23359,23360,23359,1,-1
2024-10-28 15:14:10.809,23358,23360,23359,1,-1
2024-10-28 15:14:11.329,23359,23360,23359,1,-1
2024-10-28 15:14:13.355,23359,23360,23360,1,1
2024-10-28 15:14:13.355,23359,23360,23362,4,4
2024-10-28 15:14:13.836,23360,23362,23361,2,2
2024-10-28 15:14:14.013,23360,23362,23360,1,-1
2024-10-28 15:14:14.792,23361,23362,23362,1,1
2024-10-28 15:14:15.649,23361,23362,23362,2,2
2024-10-28 15:14:15.649,23361,23362,23362,1,1
2024-10-28 15:14:16.278,23361,23363,23362,1,1
2024-10-28 15:14:16.919,23362,23363,23362,2,-2
2024-10-28 15:14:18.582,23362,23363,23363,3,3
2024-10-28 15:14:19.815,23362,23363,23363,1,1
2024-10-28 15:14:19.871,23362,23363,23363,4,4
2024-10-28 15:14:19.872,23362,23363,23363,3,3
2024-10-28 15:14:20.226,23362,23364,23364,1,1
2024-10-28 15:14:20.262,23363,23364,23363,1,-1
2024-10-28 15:14:20.342,23363,23364,23364,1,1
2024-10-28 15:14:20.357,23363,23364,23364,1,1
2024-10-28 15:14:20.357,23363,23364,23365,1,1
2024-10-28 15:14:20.503,23363,23365,23365,1,1
2024-10-28 15:14:20.604,23363,23365,23365,1,1
2024-10-28 15:14:20.694,23364,23365,23365,1,1
2024-10-28 15:14:20.704,23364,23365,23365,1,1
2024-10-28 15:14:21.090,23364,23366,23366,1,1
2024-10-28 15:14:21.917,23363,23365,23363,3,-3
2024-10-28 15:14:21.996,23363,23364,23364,1,1
2024-10-28 15:14:22.096,23363,23364,23363,2,-2
2024-10-28 15:14:22.112,23361,23363,23363,2,2
2024-10-28 15:14:23.247,23363,23365,23365,4,4
2024-10-28 15:14:23.342,23363,23365,23365,1,1
2024-10-28 15:14:23.538,23364,23366,23364,1,-1
2024-10-28 15:14:24.086,23363,23365,23363,2,-2
2024-10-28 15:14:24.803,23363,23365,23364,2,-2
2024-10-28 15:14:27.517,23363,23365,23365,1,1
2024-10-28 15:14:28.518,23363,23364,23363,8,-8
2024-10-28 15:14:28.519,23363,23364,23363,1,-1
2024-10-28 15:14:32.929,23360,23361,23361,1,1
2024-10-28 15:14:33.316,23360,23362,23362,1,1
2024-10-28 15:14:33.316,23360,23362,23363,4,4
2024-10-28 15:14:33.930,23360,23361,23361,4,4
2024-10-28 15:14:34.662,23360,23361,23361,1,1
2024-10-28 15:14:36.629,23360,23361,23360,1,-1
2024-10-28 15:14:36.629,23360,23361,23360,2,-2
2024-10-28 15:14:39.397,23359,23361,23359,1,-1
2024-10-28 15:14:41.487,23359,23360,23360,1,1
2024-10-28 15:14:41.487,23359,23360,23361,1,1
2024-10-28 15:14:41.997,23359,23361,23359,1,-1
2024-10-28 15:14:45.856,23359,23360,23360,3,3
2024-10-28 15:14:46.229,23359,23362,23362,2,2
2024-10-28 15:14:48.341,23360,23361,23361,2,2
2024-10-28 15:14:48.341,23360,23361,23363,1,1
2024-10-28 15:14:49.558,23361,23363,23361,1,-1
2024-10-28 15:14:50.401,23361,23363,23362,1,-1
2024-10-28 15:14:54.822,23360,23362,23362,2,2
2024-10-28 15:14:56.102,23360,23362,23362,1,1
2024-10-28 15:14:56.670,23360,23363,23363,1,1
2024-10-28 15:14:57.993,23360,23361,23361,1,1
2024-10-28 15:14:57.993,23360,23361,23361,1,1
2024-10-28 15:15:01.604,23360,23361,23361,2,2
2024-10-28 15:15:01.604,23360,23361,23362,4,4
2024-10-28 15:15:01.625,23361,23363,23363,1,1
2024-10-28 15:15:01.625,23361,23363,23363,3,3
2024-10-28 15:15:01.642,23361,23363,23364,1,1
2024-10-28 15:15:01.642,23361,23363,23363,1,1
2024-10-28 15:15:01.654,23361,23363,23363,1,1
2024-10-28 15:15:01.857,23362,23364,23362,1,-1
2024-10-28 15:15:01.996,23362,23364,23362,1,-1
2024-10-28 15:15:03.213,23362,23364,23364,1,1
2024-10-28 15:15:03.238,23363,23365,23365,1,1
2024-10-28 15:15:03.239,23363,23365,23365,1,1
2024-10-28 15:15:03.239,23363,23365,23365,1,1
2024-10-28 15:15:03.239,23363,23365,23366,1,1
2024-10-28 15:15:03.244,23363,23365,23365,1,1
2024-10-28 15:15:03.420,23364,23365,23365,1,1
2024-10-28 15:15:03.433,23364,23365,23366,1,1
2024-10-28 15:15:03.905,23364,23367,23367,1,1
2024-10-28 15:15:03.957,23364,23367,23364,2,-2
2024-10-28 15:15:03.961,23364,23367,23366,1,1
2024-10-28 15:15:04.082,23364,23366,23364,1,-1
2024-10-28 15:15:04.463,23365,23367,23367,1,1
2024-10-28 15:15:05.208,23365,23368,23365,1,-1
2024-10-28 15:15:05.394,23365,23368,23368,1,1
2024-10-28 15:15:05.897,23365,23368,23368,6,6
2024-10-28 15:15:05.937,23365,23368,23367,4,4
2024-10-28 15:15:05.942,23365,23368,23369,1,1
2024-10-28 15:15:05.945,23365,23368,23369,1,1
2024-10-28 15:15:05.945,23365,23368,23369,1,1
2024-10-28 15:15:05.950,23365,23368,23369,1,1
2024-10-28 15:15:05.959,23365,23368,23369,1,1
2024-10-28 15:15:05.962,23365,23368,23369,1,1
2024-10-28 15:15:05.962,23365,23368,23369,1,1
2024-10-28 15:15:05.962,23365,23368,23368,1,1
2024-10-28 15:15:05.975,23365,23368,23369,1,1
2024-10-28 15:15:05.979,23365,23368,23369,1,1
2024-10-28 15:15:05.979,23365,23368,23369,3,3
2024-10-28 15:15:05.979,23365,23368,23369,1,1
2024-10-28 15:15:06.119,23368,23370,23368,1,-1
2024-10-28 15:15:06.120,23368,23370,23367,1,-1
2024-10-28 15:15:06.139,23368,23370,23366,1,-1
2024-10-28 15:15:06.144,23368,23370,23365,2,-2
2024-10-28 15:15:06.456,23365,23367,23367,1,1
2024-10-28 15:15:06.804,23365,23368,23368,1,1
2024-10-28 15:15:07.037,23365,23368,23368,1,1
2024-10-28 15:15:07.114,23366,23369,23369,1,1
2024-10-28 15:15:07.115,23366,23369,23370,1,1
2024-10-28 15:15:07.115,23366,23369,23370,1,1
2024-10-28 15:15:07.115,23366,23369,23370,1,1
2024-10-28 15:15:07.115,23366,23369,23370,1,1
2024-10-28 15:15:07.115,23366,23369,23370,1,1
2024-10-28 15:15:07.115,23366,23369,23369,1,1
2024-10-28 15:15:07.984,23365,23368,23368,1,1
2024-10-28 15:15:08.204,23366,23369,23366,1,-1
2024-10-28 15:15:08.204,23366,23369,23365,2,-2
2024-10-28 15:15:08.310,23365,23368,23365,3,-3
2024-10-28 15:15:10.085,23365,23367,23373,6,6
2024-10-28 15:15:10.085,23365,23367,23372,11,11
2024-10-28 15:15:10.085,23365,23367,23371,8,8
2024-10-28 15:15:10.085,23365,23367,23370,8,8
2024-10-28 15:15:10.085,23365,23367,23369,9,9
2024-10-28 15:15:10.085,23365,23367,23368,6,6
2024-10-28 15:15:10.085,23365,23367,23367,2,2
2024-10-28 15:15:10.126,23368,23371,23368,1,-1
2024-10-28 15:15:10.223,23368,23371,23372,1,1
2024-10-28 15:15:10.270,23370,23372,23369,2,-2
2024-10-28 15:15:10.482,23369,23371,23369,1,-1
2024-10-28 15:15:10.574,23368,23371,23368,2,-2
2024-10-28 15:15:10.903,23368,23370,23368,1,-1
2024-10-28 15:15:12.520,23369,23372,23369,1,-1
2024-10-28 15:15:12.913,23369,23372,23369,1,-1
2024-10-28 15:15:14.320,23368,23370,23370,1,1
2024-10-28 15:15:16.187,23368,23370,23369,1,1
2024-10-28 15:15:16.187,23368,23370,23368,2,-2
2024-10-28 15:15:16.222,23368,23370,23368,1,-1
2024-10-28 15:15:16.222,23368,23370,23369,1,-1
2024-10-28 15:15:16.320,23367,23370,23367,1,-1
2024-10-28 15:15:16.681,23366,23369,23369,1,1
2024-10-28 15:15:17.454,23366,23369,23369,1,1
2024-10-28 15:15:17.763,23366,23369,23369,1,1
2024-10-28 15:15:18.333,23366,23369,23369,1,1
2024-10-28 15:15:18.363,23366,23369,23369,1,1
2024-10-28 15:15:18.364,23366,23369,23370,1,1
2024-10-28 15:15:18.364,23366,23369,23370,1,1
2024-10-28 15:15:18.364,23366,23369,23369,1,1
2024-10-28 15:15:18.364,23366,23369,23370,1,1
2024-10-28 15:15:18.364,23366,23369,23370,1,1
2024-10-28 15:15:18.365,23366,23369,23370,1,1
2024-10-28 15:15:18.365,23366,23369,23370,1,1
2024-10-28 15:15:18.365,23366,23369,23370,1,1
2024-10-28 15:15:18.365,23366,23369,23371,1,1
2024-10-28 15:15:18.367,23366,23369,23369,1,1
2024-10-28 15:15:19.024,23369,23371,23370,1,1
2024-10-28 15:15:19.033,23369,23371,23369,3,-3
2024-10-28 15:15:19.465,23368,23371,23367,2,-2
2024-10-28 15:15:19.465,23368,23371,23368,5,-5
2024-10-28 15:15:20.248,23368,23370,23368,1,-1
2024-10-28 15:15:21.282,23368,23370,23369,5,-5
2024-10-28 15:15:23.241,23368,23370,23370,1,1
2024-10-28 15:15:24.291,23368,23370,23370,1,1
2024-10-28 15:15:24.292,23368,23370,23370,2,2
2024-10-28 15:15:24.483,23369,23372,23369,1,-1
2024-10-28 15:15:24.604,23369,23371,23369,2,-2
2024-10-28 15:15:24.933,23369,23372,23372,1,1
2024-10-28 15:15:25.625,23369,23372,23372,1,1
2024-10-28 15:15:25.653,23369,23372,23370,2,-2
2024-10-28 15:15:25.706,23369,23372,23372,1,1
2024-10-28 15:15:30.015,23370,23372,23372,1,1
2024-10-28 15:15:30.017,23370,23372,23371,1,1
2024-10-28 15:15:30.339,23370,23372,23372,1,1
2024-10-28 15:15:30.526,23371,23372,23371,1,-1
2024-10-28 15:15:31.144,23370,23372,23370,1,-1
2024-10-28 15:15:31.238,23368,23370,23370,1,1
2024-10-28 15:15:31.238,23368,23370,23370,1,1
2024-10-28 15:15:31.238,23368,23370,23370,1,1
2024-10-28 15:15:31.238,23368,23370,23370,1,1
2024-10-28 15:15:31.240,23368,23370,23370,1,1
2024-10-28 15:15:33.287,23368,23370,23368,1,-1
2024-10-28 15:15:33.423,23368,23370,23368,4,-4
2024-10-28 15:15:33.691,23367,23369,23369,2,2
2024-10-28 15:15:34.410,23367,23369,23369,1,1
2024-10-28 15:15:36.155,23368,23370,23368,3,-3
2024-10-28 15:15:36.485,23368,23370,23368,1,-1
2024-10-28 15:15:36.692,23368,23370,23369,3,-3
2024-10-28 15:15:36.694,23368,23370,23368,2,-2
2024-10-28 15:15:37.927,23368,23370,23369,1,-1
2024-10-28 15:15:37.982,23368,23370,23368,1,-1
2024-10-28 15:15:37.988,23368,23370,23371,1,1
2024-10-28 15:15:37.988,23368,23370,23370,1,1
2024-10-28 15:15:37.988,23368,23370,23370,1,1
2024-10-28 15:15:37.993,23368,23370,23372,1,1
2024-10-28 15:15:38.697,23369,23371,23371,1,1
2024-10-28 15:15:38.698,23369,23371,23369,1,-1
2024-10-28 15:15:39.854,23369,23372,23372,1,1
2024-10-28 15:15:40.163,23370,23372,23370,1,-1
2024-10-28 15:15:40.163,23370,23372,23369,4,-4
2024-10-28 15:15:40.905,23368,23370,23368,1,-1
2024-10-28 15:15:41.297,23368,23370,23368,1,-1
2024-10-28 15:15:42.323,23367,23369,23368,1,-1
2024-10-28 15:15:42.931,23367,23369,23367,6,-6
2024-10-28 15:15:42.933,23367,23369,23366,3,-3
2024-10-28 15:15:42.934,23367,23369,23365,1,-1
2024-10-28 15:15:47.109,23363,23364,23363,1,-1
2024-10-28 15:15:47.110,23363,23364,23363,1,-1
2024-10-28 15:15:47.453,23361,23363,23361,3,-3
2024-10-28 15:15:47.576,23361,23363,23362,1,-1
2024-10-28 15:15:54.721,23362,23363,23362,1,-1
2024-10-28 15:15:54.739,23362,23363,23363,1,1
2024-10-28 15:15:54.922,23362,23363,23362,1,-1
2024-10-28 15:15:57.043,23362,23363,23363,2,2
2024-10-28 15:16:00.278,23364,23366,23364,1,-1
2024-10-28 15:16:00.367,23364,23366,23366,1,1
2024-10-28 15:16:00.375,23364,23366,23367,1,1
2024-10-28 15:16:00.375,23364,23366,23367,1,1
2024-10-28 15:16:00.376,23364,23366,23368,1,1
2024-10-28 15:16:00.376,23364,23366,23368,1,1
2024-10-28 15:16:00.376,23364,23366,23369,1,1
2024-10-28 15:16:00.376,23364,23366,23369,1,1
2024-10-28 15:16:00.377,23364,23366,23369,1,1
2024-10-28 15:16:00.377,23364,23366,23370,1,1
2024-10-28 15:16:00.937,23366,23369,23366,1,-1
2024-10-28 15:16:01.181,23366,23369,23369,3,3
2024-10-28 15:16:01.204,23366,23369,23368,1,1
2024-10-28 15:16:01.238,23367,23370,23370,1,1
2024-10-28 15:16:01.238,23367,23370,23370,1,1
2024-10-28 15:16:01.238,23367,23370,23370,1,1
2024-10-28 15:16:01.238,23367,23370,23370,1,1
2024-10-28 15:16:01.239,23367,23370,23371,1,1
2024-10-28 15:16:02.422,23369,23371,23369,1,-1
2024-10-28 15:16:02.947,23369,23371,23369,1,-1
2024-10-28 15:16:03.215,23368,23371,23368,1,-1
2024-10-28 15:16:07.302,23368,23371,23368,1,-1
2024-10-28 15:16:10.967,23368,23370,23368,1,-1
2024-10-28 15:16:10.988,23368,23370,23370,1,1
2024-10-28 15:16:10.988,23368,23370,23370,1,1
2024-10-28 15:16:10.989,23368,23370,23371,1,1
2024-10-28 15:16:10.989,23368,23370,23371,1,1
2024-10-28 15:16:10.989,23368,23370,23371,1,1
2024-10-28 15:16:10.989,23368,23370,23372,1,1
2024-10-28 15:16:10.989,23368,23370,23372,1,1
2024-10-28 15:16:10.989,23368,23370,23372,1,1
2024-10-28 15:16:10.989,23368,23370,23372,1,1
2024-10-28 15:16:10.990,23368,23370,23372,1,1
2024-10-28 15:16:10.993,23368,23370,23371,1,1
2024-10-28 15:16:11.190,23370,23372,23370,1,-1
2024-10-28 15:16:12.751,23370,23371,23371,1,1
2024-10-28 15:16:12.751,23370,23371,23371,1,1
2024-10-28 15:16:12.804,23370,23371,23372,2,2
2024-10-28 15:16:12.805,23370,23371,23372,7,7
2024-10-28 15:16:12.805,23370,23371,23372,2,2
2024-10-28 15:16:12.805,23370,23371,23372,1,1
2024-10-28 15:16:12.956,23372,23373,23373,1,1
2024-10-28 15:16:13.093,23371,23373,23373,1,1
2024-10-28 15:16:16.228,23371,23373,23373,2,2
2024-10-28 15:16:18.642,23371,23374,23374,4,4
2024-10-28 15:16:24.786,23370,23372,23372,1,1
2024-10-28 15:16:24.864,23370,23372,23372,1,1
2024-10-28 15:16:24.864,23370,23372,23373,1,1
2024-10-28 15:16:24.864,23370,23372,23373,1,1
2024-10-28 15:16:24.865,23370,23372,23375,1,1
2024-10-28 15:16:24.865,23370,23372,23374,1,1
2024-10-28 15:16:24.865,23370,23372,23374,1,1
2024-10-28 15:16:24.865,23370,23372,23374,1,1
2024-10-28 15:16:24.865,23370,23372,23374,1,1
2024-10-28 15:16:24.865,23370,23372,23374,1,1
2024-10-28 15:16:24.865,23370,23372,23374,1,1
2024-10-28 15:16:24.865,23370,23372,23374,1,1
2024-10-28 15:16:24.877,23370,23372,23375,1,1
2024-10-28 15:16:24.897,23370,23372,23375,1,1
2024-10-28 15:16:24.899,23370,23372,23374,1,1
2024-10-28 15:16:25.394,23373,23375,23375,1,1
2024-10-28 15:16:25.399,23373,23375,23375,1,1
2024-10-28 15:16:25.405,23373,23375,23376,1,1
2024-10-28 15:16:25.511,23374,23376,23376,1,1
2024-10-28 15:16:25.550,23374,23376,23376,1,1
2024-10-28 15:16:25.563,23374,23376,23376,1,1
2024-10-28 15:16:25.619,23374,23376,23376,1,1
2024-10-28 15:16:25.706,23374,23376,23376,1,1
2024-10-28 15:16:25.725,23374,23376,23376,1,1
2024-10-28 15:16:25.725,23374,23376,23377,1,1
2024-10-28 15:16:25.850,23375,23377,23377,1,1
2024-10-28 15:16:25.861,23375,23377,23377,1,1
2024-10-28 15:16:25.975,23375,23377,23377,1,1
2024-10-28 15:16:26.042,23375,23377,23377,1,1
2024-10-28 15:16:26.175,23375,23377,23377,1,1
2024-10-28 15:16:26.202,23375,23377,23377,1,1
2024-10-28 15:16:26.375,23375,23378,23378,1,1
2024-10-28 15:16:26.384,23375,23378,23378,1,1
2024-10-28 15:16:26.442,23375,23378,23376,2,-2
2024-10-28 15:16:26.534,23374,23377,23377,1,1
2024-10-28 15:16:26.550,23374,23377,23377,1,1
2024-10-28 15:16:26.690,23374,23377,23377,1,1
2024-10-28 15:16:26.701,23374,23377,23377,1,1
2024-10-28 15:16:26.865,23374,23377,23377,1,1
2024-10-28 15:16:26.901,23374,23377,23377,1,1
2024-10-28 15:16:27.029,23374,23377,23377,1,1
2024-10-28 15:16:27.113,23375,23378,23378,1,1
2024-10-28 15:16:27.113,23375,23378,23378,1,1
2024-10-28 15:16:27.114,23375,23378,23378,1,1
2024-10-28 15:16:27.114,23375,23378,23379,1,1
2024-10-28 15:16:27.114,23375,23378,23379,1,1
2024-10-28 15:16:27.114,23375,23378,23379,1,1
2024-10-28 15:16:27.114,23375,23378,23379,1,1
2024-10-28 15:16:27.115,23375,23378,23380,1,1
2024-10-28 15:16:27.115,23375,23378,23380,1,1
2024-10-28 15:16:27.115,23375,23378,23379,1,1
2024-10-28 15:16:27.115,23375,23378,23379,1,1
2024-10-28 15:16:27.116,23375,23378,23378,1,1
2024-10-28 15:16:27.119,23375,23378,23379,1,1
2024-10-28 15:16:27.189,23375,23378,23380,1,1
2024-10-28 15:16:27.250,23378,23380,23380,1,1
2024-10-28 15:16:27.338,23378,23380,23379,1,1
2024-10-28 15:16:27.496,23377,23379,23379,1,1
2024-10-28 15:16:27.497,23377,23379,23380,1,1
2024-10-28 15:16:27.573,23377,23379,23377,1,-1
2024-10-28 15:16:27.671,23376,23379,23379,1,1
2024-10-28 15:16:27.729,23376,23379,23379,1,1
2024-10-28 15:16:27.829,23376,23379,23379,1,1
2024-10-28 15:16:27.916,23377,23380,23380,1,1
2024-10-28 15:16:28.041,23377,23380,23380,1,1
2024-10-28 15:16:28.191,23377,23380,23380,1,1
2024-10-28 15:16:28.391,23377,23380,23380,1,1
2024-10-28 15:16:28.591,23378,23380,23380,1,1
2024-10-28 15:16:28.791,23377,23380,23380,1,1
2024-10-28 15:16:28.991,23377,23380,23380,1,1
2024-10-28 15:16:29.031,23377,23380,23380,2,2
2024-10-28 15:16:29.116,23377,23380,23380,1,1
2024-10-28 15:16:29.267,23378,23381,23381,1,1
2024-10-28 15:16:29.467,23378,23380,23380,1,1
2024-10-28 15:16:29.665,23378,23381,23381,2,2
2024-10-28 15:16:29.667,23378,23381,23381,1,1
2024-10-28 15:16:29.746,23380,23382,23382,1,1
2024-10-28 15:16:29.842,23380,23382,23382,1,1
2024-10-28 15:16:29.967,23380,23382,23382,1,1
2024-10-28 15:16:29.972,23380,23382,23380,1,-1
2024-10-28 15:16:30.192,23379,23382,23382,1,1
2024-10-28 15:16:30.266,23379,23382,23382,1,1
2024-10-28 15:16:30.329,23379,23382,23380,1,-1
2024-10-28 15:16:30.392,23379,23382,23382,1,1
2024-10-28 15:16:30.410,23379,23382,23382,1,1
2024-10-28 15:16:30.427,23379,23382,23380,3,-3
2024-10-28 15:16:30.593,23380,23382,23382,1,1
2024-10-28 15:16:31.195,23380,23382,23382,1,1
2024-10-28 15:16:31.395,23381,23383,23383,1,1
2024-10-28 15:16:31.559,23381,23383,23383,1,1
2024-10-28 15:16:31.633,23381,23383,23381,1,-1
2024-10-28 15:16:31.633,23381,23383,23380,4,-4
2024-10-28 15:16:31.652,23381,23383,23382,1,-1
2024-10-28 15:16:31.694,23381,23383,23382,5,-5
2024-10-28 15:16:31.884,23380,23383,23383,1,1
2024-10-28 15:16:32.085,23381,23383,23383,1,1
2024-10-28 15:16:32.310,23381,23383,23383,1,1
2024-10-28 15:16:32.510,23382,23383,23383,1,1
2024-10-28 15:16:32.541,23382,23383,23382,1,-1
2024-10-28 15:16:32.737,23381,23383,23383,1,1
2024-10-28 15:16:32.937,23382,23383,23383,1,1
2024-10-28 15:16:33.075,23382,23383,23383,1,1
2024-10-28 15:16:33.089,23382,23383,23383,1,1
2024-10-28 15:16:33.289,23382,23384,23384,1,1
2024-10-28 15:16:33.378,23383,23384,23384,1,1
2024-10-28 15:16:33.514,23383,23384,23384,1,1
2024-10-28 15:16:33.714,23383,23385,23385,1,1
2024-10-28 15:16:33.877,23383,23385,23385,1,1
2024-10-28 15:16:33.915,23383,23385,23383,1,-1
2024-10-28 15:16:33.921,23383,23385,23382,1,-1
2024-10-28 15:16:34.079,23382,23384,23384,1,1
2024-10-28 15:16:34.305,23382,23384,23384,1,1
2024-10-28 15:16:34.530,23382,23385,23385,1,1
2024-10-28 15:16:34.786,23383,23385,23385,1,1
2024-10-28 15:16:34.973,23383,23385,23383,1,-1
2024-10-28 15:16:35.011,23382,23385,23385,1,1
2024-10-28 15:16:35.218,23382,23385,23385,1,1
2024-10-28 15:16:35.443,23382,23385,23385,1,1
2024-10-28 15:16:35.643,23382,23385,23385,1,1
2024-10-28 15:16:35.843,23381,23383,23382,1,1
2024-10-28 15:16:36.069,23381,23383,23383,1,1
2024-10-28 15:16:36.113,23381,23383,23383,1,1
2024-10-28 15:16:36.114,23381,23383,23384,1,1
2024-10-28 15:16:36.114,23381,23383,23384,1,1
2024-10-28 15:16:36.114,23381,23383,23385,1,1
2024-10-28 15:16:36.114,23381,23383,23385,1,1
2024-10-28 15:16:36.115,23381,23383,23385,1,1
2024-10-28 15:16:36.270,23384,23386,23386,1,1
2024-10-28 15:16:36.471,23384,23386,23383,2,-2
2024-10-28 15:16:36.471,23384,23386,23384,4,-4
2024-10-28 15:16:36.860,23383,23385,23385,1,1
2024-10-28 15:16:37.013,23383,23384,23384,1,1
2024-10-28 15:16:37.371,23383,23385,23383,1,-1
2024-10-28 15:16:37.637,23382,23384,23384,2,2
2024-10-28 15:16:39.036,23384,23385,23384,2,-2
2024-10-28 15:16:40.660,23382,23384,23382,3,-3
2024-10-28 15:16:40.660,23382,23384,23381,1,-1
2024-10-28 15:16:41.376,23381,23384,23381,1,-1
2024-10-28 15:16:41.608,23381,23383,23383,1,1
2024-10-28 15:16:41.979,23381,23383,23381,1,-1
2024-10-28 15:16:42.033,23381,23383,23383,1,1
2024-10-28 15:16:42.291,23381,23383,23381,1,-1
2024-10-28 15:16:44.964,23380,23382,23380,1,-1
2024-10-28 15:16:47.016,23377,23380,23380,1,1
2024-10-28 15:16:47.114,23377,23380,23380,1,1
2024-10-28 15:16:47.115,23377,23380,23380,1,1
2024-10-28 15:16:47.910,23378,23380,23378,5,-5
2024-10-28 15:16:49.879,23377,23380,23377,6,-6
2024-10-28 15:16:50.574,23376,23379,23378,1,1
2024-10-28 15:16:50.887,23376,23379,23378,2,2
2024-10-28 15:16:51.621,23376,23378,23378,1,1
2024-10-28 15:16:53.214,23376,23378,23379,3,3
2024-10-28 15:16:53.214,23376,23378,23378,1,1
2024-10-28 15:16:54.161,23377,23380,23378,1,-1
2024-10-28 15:16:56.670,23376,23379,23378,1,1
2024-10-28 15:16:57.903,23376,23379,23378,1,1
2024-10-28 15:16:57.921,23376,23379,23376,5,-5
2024-10-28 15:16:58.776,23376,23378,23376,1,-1
2024-10-28 15:16:59.817,23375,23378,23375,1,-1
2024-10-28 15:16:59.837,23375,23378,23376,2,-2
2024-10-28 15:17:01.039,23375,23378,23378,3,3
2024-10-28 15:17:01.073,23375,23378,23376,6,-6
2024-10-28 15:17:01.384,23376,23378,23376,2,-2
2024-10-28 15:17:01.425,23376,23378,23376,1,-1
2024-10-28 15:17:01.425,23376,23378,23375,1,-1
2024-10-28 15:17:01.816,23376,23378,23378,1,1
2024-10-28 15:17:02.197,23375,23378,23375,1,-1
2024-10-28 15:17:03.717,23375,23378,23375,1,-1
2024-10-28 15:17:05.205,23375,23377,23376,1,-1
2024-10-28 15:17:08.603,23375,23377,23375,1,-1
2024-10-28 15:17:10.230,23375,23377,23375,3,-3
2024-10-28 15:17:10.230,23375,23377,23375,4,-4
2024-10-28 15:17:10.239,23373,23375,23375,1,1
2024-10-28 15:17:10.239,23373,23375,23375,1,1
2024-10-28 15:17:10.380,23373,23376,23373,1,-1
2024-10-28 15:17:10.764,23373,23376,23376,1,1
2024-10-28 15:17:15.977,23372,23374,23374,2,2
2024-10-28 15:17:17.333,23372,23374,23374,1,1
2024-10-28 15:17:23.674,23372,23374,23372,1,-1
2024-10-28 15:17:23.674,23372,23374,23371,5,-5
2024-10-28 15:17:23.738,23371,23373,23373,1,1
2024-10-28 15:17:23.739,23371,23373,23374,1,1
2024-10-28 15:17:23.739,23371,23373,23374,1,1
2024-10-28 15:17:23.883,23373,23374,23374,1,1
2024-10-28 15:17:26.721,23374,23375,23374,3,-3
2024-10-28 15:17:26.865,23374,23375,23374,1,-1
2024-10-28 15:17:30.127,23372,23373,23372,2,-2
2024-10-28 15:17:30.214,23372,23373,23371,1,-1
2024-10-28 15:17:30.215,23372,23373,23371,1,-1
2024-10-28 15:17:30.238,23370,23371,23371,1,1
2024-10-28 15:17:30.239,23370,23371,23372,1,1
2024-10-28 15:17:30.239,23370,23371,23372,1,1
2024-10-28 15:17:30.490,23370,23371,23371,1,1
2024-10-28 15:17:30.866,23370,23373,23370,3,-3
2024-10-28 15:17:40.051,23369,23370,23370,1,1
2024-10-28 15:17:41.858,23370,23371,23370,1,-1
2024-10-28 15:17:41.864,23370,23371,23371,1,1
2024-10-28 15:17:41.865,23370,23371,23372,1,1
2024-10-28 15:17:41.865,23370,23371,23372,2,2
2024-10-28 15:17:41.867,23370,23371,23373,1,1
2024-10-28 15:17:44.044,23372,23373,23373,2,2
2024-10-28 15:17:44.146,23372,23373,23373,2,2
2024-10-28 15:17:44.147,23372,23373,23374,3,3
2024-10-28 15:17:44.934,23374,23375,23374,1,-1
2024-10-28 15:17:44.981,23374,23375,23374,1,-1
2024-10-28 15:17:45.713,23373,23375,23373,1,-1
2024-10-28 15:17:45.738,23373,23375,23375,1,1
2024-10-28 15:17:45.739,23373,23375,23376,1,1
2024-10-28 15:17:45.740,23373,23375,23376,1,1
2024-10-28 15:17:45.967,23374,23376,23374,1,-1
2024-10-28 15:17:46.290,23374,23376,23374,1,-1
2024-10-28 15:17:46.290,23374,23376,23373,2,-2
2024-10-28 15:17:51.410,23372,23374,23372,1,-1
2024-10-28 15:17:51.410,23372,23374,23371,4,-4
2024-10-28 15:17:56.168,23370,23371,23371,1,1
2024-10-28 15:18:00.326,23370,23371,23371,1,1
2024-10-28 15:18:03.491,23371,23373,23373,1,1
2024-10-28 15:18:04.232,23372,23374,23372,1,-1
2024-10-28 15:18:04.260,23371,23373,23371,1,-1
2024-10-28 15:18:04.597,23371,23373,23371,2,-2
2024-10-28 15:18:05.378,23371,23372,23371,1,-1
2024-10-28 15:18:05.527,23370,23371,23370,2,-2
2024-10-28 15:18:05.528,23370,23371,23370,1,-1
2024-10-28 15:18:06.016,23369,23371,23369,1,-1
2024-10-28 15:18:06.636,23367,23369,23368,1,-1
2024-10-28 15:18:06.753,23367,23368,23367,1,-1
2024-10-28 15:18:07.925,23367,23368,23367,1,-1
2024-10-28 15:18:11.546,23368,23369,23369,2,2
2024-10-28 15:18:11.782,23368,23370,23368,1,-1
2024-10-28 15:18:11.824,23368,23370,23370,2,2
2024-10-28 15:18:11.824,23368,23370,23371,1,1
2024-10-28 15:18:11.830,23368,23370,23368,1,-1
2024-10-28 15:18:11.840,23368,23370,23368,2,-2
2024-10-28 15:18:12.616,23368,23370,23368,1,-1
2024-10-28 15:18:14.399,23367,23369,23367,1,-1
2024-10-28 15:18:14.432,23367,23369,23367,1,-1
2024-10-28 15:18:14.432,23367,23369,23366,2,-2
2024-10-28 15:18:14.534,23366,23369,23366,1,-1
2024-10-28 15:18:14.582,23366,23369,23365,2,-2
2024-10-28 15:18:14.582,23366,23369,23366,3,-3
2024-10-28 15:18:17.467,23366,23368,23366,2,-2
2024-10-28 15:18:17.467,23366,23368,23365,2,-2
2024-10-28 15:18:20.778,23365,23366,23365,1,-1
2024-10-28 15:18:25.087,23364,23365,23364,1,-1
2024-10-28 15:18:25.087,23364,23365,23364,1,-1
2024-10-28 15:18:25.087,23364,23365,23364,1,-1
2024-10-28 15:18:25.087,23364,23365,23364,1,-1
2024-10-28 15:18:25.087,23364,23365,23364,1,-1
2024-10-28 15:18:25.133,23363,23364,23363,2,-2
2024-10-28 15:18:25.719,23363,23365,23363,2,-2
2024-10-28 15:18:29.159,23362,23363,23362,1,-1
2024-10-28 15:18:30.336,23362,23363,23362,1,-1
2024-10-28 15:18:30.336,23362,23363,23362,1,-1
2024-10-28 15:18:30.427,23361,23363,23362,2,-2
2024-10-28 15:18:31.500,23361,23362,23362,1,1
2024-10-28 15:18:32.185,23361,23362,23361,1,-1
2024-10-28 15:18:32.186,23361,23362,23361,6,-6
2024-10-28 15:18:34.386,23360,23362,23362,1,1
2024-10-28 15:18:34.766,23362,23363,23363,1,1
2024-10-28 15:18:35.649,23361,23364,23361,1,-1
2024-10-28 15:18:35.739,23362,23363,23362,1,-1
2024-10-28 15:18:35.739,23362,23363,23361,1,-1
2024-10-28 15:18:38.008,23361,23363,23361,1,-1
2024-10-28 15:18:39.395,23361,23362,23361,1,-1
2024-10-28 15:18:39.654,23359,23362,23362,2,2
2024-10-28 15:18:39.896,23360,23363,23361,1,-1
2024-10-28 15:18:40.905,23360,23362,23360,1,-1
2024-10-28 15:18:40.997,23361,23363,23361,2,-2
2024-10-28 15:18:41.006,23361,23363,23360,1,-1
2024-10-28 15:18:42.076,23360,23361,23360,1,-1
2024-10-28 15:18:42.892,23359,23361,23361,1,1
2024-10-28 15:18:47.048,23360,23361,23361,2,2
2024-10-28 15:18:49.072,23360,23361,23361,1,1
2024-10-28 15:18:49.475,23360,23362,23362,2,2
2024-10-28 15:18:49.475,23360,23362,23362,1,1
2024-10-28 15:18:52.111,23360,23363,23363,1,1
2024-10-28 15:18:52.155,23360,23363,23362,1,1
2024-10-28 15:18:56.965,23360,23362,23360,1,-1
2024-10-28 15:18:56.967,23360,23362,23360,2,-2
2024-10-28 15:18:57.119,23359,23361,23359,1,-1
2024-10-28 15:19:00.101,23360,23361,23361,1,1
2024-10-28 15:19:00.116,23361,23362,23362,1,1
2024-10-28 15:19:00.116,23361,23362,23362,1,1
2024-10-28 15:19:04.385,23361,23362,23361,1,-1
2024-10-28 15:19:04.489,23360,23361,23361,1,1
2024-10-28 15:19:10.364,23360,23362,23361,3,3
2024-10-28 15:19:10.425,23360,23362,23360,1,-1
2024-10-28 15:19:10.810,23360,23362,23360,1,-1
2024-10-28 15:19:14.800,23361,23362,23362,1,1
2024-10-28 15:19:14.864,23361,23363,23363,1,1
2024-10-28 15:19:14.865,23361,23363,23364,1,1
2024-10-28 15:19:14.865,23361,23363,23364,1,1
2024-10-28 15:19:14.865,23361,23363,23363,1,1
2024-10-28 15:19:14.870,23361,23363,23365,1,1
2024-10-28 15:19:17.158,23364,23365,23365,1,1
2024-10-28 15:19:19.298,23363,23365,23365,1,1
2024-10-28 15:19:19.364,23363,23366,23366,1,1
2024-10-28 15:19:20.817,23365,23367,23367,1,1
2024-10-28 15:19:24.672,23362,23364,23364,1,1
2024-10-28 15:19:27.829,23363,23365,23362,2,-2
2024-10-28 15:19:27.829,23363,23365,23363,5,-5
2024-10-28 15:19:39.100,23362,23365,23362,1,-1
2024-10-28 15:19:39.100,23362,23365,23362,1,-1
2024-10-28 15:19:39.113,23361,23363,23363,1,1
2024-10-28 15:19:39.114,23361,23363,23363,1,1
2024-10-28 15:19:42.963,23362,23364,23362,1,-1
2024-10-28 15:19:45.304,23362,23364,23363,1,-1
2024-10-28 15:19:47.882,23362,23363,23363,2,2
2024-10-28 15:19:49.501,23362,23364,23362,2,-2
2024-10-28 15:19:49.501,23362,23364,23361,1,-1
2024-10-28 15:19:51.427,23361,23364,23364,1,1
2024-10-28 15:19:53.812,23361,23363,23361,1,-1
2024-10-28 15:19:54.949,23361,23364,23361,1,-1
2024-10-28 15:19:55.191,23361,23364,23361,1,-1
2024-10-28 15:19:59.664,23361,23363,23361,1,-1
2024-10-28 15:20:03.573,23362,23363,23363,1,1
2024-10-28 15:20:03.684,23363,23364,23364,1,1
2024-10-28 15:20:03.684,23363,23364,23364,1,1
2024-10-28 15:20:04.213,23363,23364,23364,1,1
2024-10-28 15:20:04.214,23363,23364,23364,4,4
2024-10-28 15:20:05.464,23364,23365,23364,3,-3
2024-10-28 15:20:06.369,23363,23365,23365,1,1
2024-10-28 15:20:07.046,23363,23365,23365,3,3
2024-10-28 15:20:07.046,23363,23365,23365,2,2
2024-10-28 15:20:07.046,23363,23365,23365,2,2
2024-10-28 15:20:07.046,23363,23365,23365,1,1
2024-10-28 15:20:07.046,23363,23365,23365,1,1
2024-10-28 15:20:08.088,23364,23365,23365,2,2
2024-10-28 15:20:08.089,23364,23365,23365,1,1
2024-10-28 15:20:08.089,23364,23365,23365,1,1
2024-10-28 15:20:08.089,23364,23365,23365,1,1
2024-10-28 15:20:08.089,23364,23365,23365,1,1
2024-10-28 15:20:08.089,23364,23365,23365,2,2
2024-10-28 15:20:08.089,23364,23365,23365,1,1
2024-10-28 15:20:08.090,23364,23365,23365,1,1
2024-10-28 15:20:08.091,23364,23365,23365,1,1
2024-10-28 15:20:08.091,23364,23365,23365,4,4
2024-10-28 15:20:08.131,23364,23365,23365,1,1
2024-10-28 15:20:10.430,23362,23365,23362,1,-1
2024-10-28 15:20:10.573,23362,23364,23362,1,-1
2024-10-28 15:20:10.601,23362,23364,23364,1,1
2024-10-28 15:20:11.561,23361,23364,23361,2,-2
2024-10-28 15:20:16.922,23360,23361,23361,1,1
2024-10-28 15:20:16.922,23360,23361,23363,6,6
2024-10-28 15:20:20.325,23361,23364,23361,1,-1
2024-10-28 15:20:22.085,23360,23361,23360,1,-1
2024-10-28 15:20:22.136,23359,23361,23359,1,-1
2024-10-28 15:20:25.241,23358,23359,23359,2,2
2024-10-28 15:20:26.470,23358,23359,23359,1,1
2024-10-28 15:20:26.470,23358,23359,23360,1,1
2024-10-28 15:20:26.470,23358,23359,23361,1,1
2024-10-28 15:20:26.972,23358,23360,23358,1,-1
2024-10-28 15:20:29.058,23358,23360,23358,1,-1
2024-10-28 15:20:29.401,23358,23360,23358,1,-1
2024-10-28 15:20:29.401,23358,23360,23357,1,-1
2024-10-28 15:20:32.116,23358,23359,23358,1,-1
2024-10-28 15:20:32.116,23358,23359,23358,1,-1
2024-10-28 15:20:36.490,23357,23359,23357,3,-3
2024-10-28 15:20:37.383,23357,23359,23357,1,-1
2024-10-28 15:20:40.200,23357,23358,23358,2,2
2024-10-28 15:20:43.260,23358,23360,23358,1,-1
2024-10-28 15:20:52.171,23358,23360,23360,1,1
2024-10-28 15:20:52.171,23358,23360,23360,1,1
2024-10-28 15:20:52.171,23358,23360,23360,1,1
2024-10-28 15:20:52.171,23358,23360,23360,1,1
2024-10-28 15:20:52.171,23358,23360,23360,1,1
2024-10-28 15:20:57.602,23360,23362,23360,1,-1
2024-10-28 15:20:59.171,23359,23362,23360,1,-1
2024-10-28 15:21:00.343,23359,23362,23360,1,-1
2024-10-28 15:21:02.057,23358,23360,23358,1,-1
2024-10-28 15:21:02.057,23358,23360,23357,2,-2
2024-10-28 15:21:02.509,23357,23358,23357,1,-1
2024-10-28 15:21:02.509,23357,23358,23357,1,-1
2024-10-28 15:21:07.558,23356,23358,23357,2,-2
2024-10-28 15:21:07.986,23356,23358,23356,2,-2
2024-10-28 15:21:09.468,23356,23357,23357,1,1
2024-10-28 15:21:09.969,23356,23357,23356,1,-1
2024-10-28 15:21:11.472,23356,23357,23356,1,-1
2024-10-28 15:21:12.055,23356,23357,23356,1,-1
2024-10-28 15:21:13.763,23356,23357,23356,1,-1
2024-10-28 15:21:18.350,23355,23357,23355,2,-2
2024-10-28 15:21:21.009,23356,23357,23356,1,-1
2024-10-28 15:21:23.199,23356,23357,23357,2,2
2024-10-28 15:21:24.251,23357,23358,23357,2,-2
2024-10-28 15:21:24.251,23357,23358,23356,3,-3
2024-10-28 15:21:24.370,23357,23358,23358,2,2
2024-10-28 15:21:24.716,23357,23359,23357,1,-1
2024-10-28 15:21:28.001,23356,23357,23357,1,1
2024-10-28 15:21:33.365,23356,23357,23357,1,1
2024-10-28 15:21:34.369,23357,23358,23357,1,-1
2024-10-28 15:21:49.664,23357,23358,23358,1,1
2024-10-28 15:21:55.834,23359,23360,23360,2,2
2024-10-28 15:21:55.903,23359,23361,23359,4,-4
2024-10-28 15:21:59.000,23360,23361,23361,1,1
2024-10-28 15:21:59.554,23360,23361,23361,1,1
2024-10-28 15:22:00.207,23361,23362,23362,2,2
2024-10-28 15:22:00.726,23362,23363,23362,2,-2
2024-10-28 15:22:03.372,23361,23362,23361,1,-1
2024-10-28 15:22:03.630,23359,23362,23362,1,1
2024-10-28 15:22:10.730,23364,23365,23364,1,-1
2024-10-28 15:22:13.100,23364,23365,23365,1,1
2024-10-28 15:22:13.102,23364,23365,23365,1,1
2024-10-28 15:22:13.304,23364,23367,23364,2,-2
2024-10-28 15:22:17.465,23363,23366,23364,1,-1
2024-10-28 15:22:23.087,23362,23364,23364,1,1
2024-10-28 15:22:23.282,23363,23365,23363,1,-1
2024-10-28 15:22:24.596,23362,23364,23363,1,-1
2024-10-28 15:22:24.932,23362,23364,23364,1,1
2024-10-28 15:22:29.229,23364,23365,23364,1,-1
2024-10-28 15:22:37.590,23364,23365,23364,1,-1
2024-10-28 15:22:38.261,23363,23364,23365,3,3
2024-10-28 15:22:38.261,23363,23364,23364,2,2
2024-10-28 15:22:47.029,23364,23365,23365,1,1
2024-10-28 15:22:47.639,23365,23366,23366,1,1
2024-10-28 15:22:49.272,23366,23367,23366,1,-1
2024-10-28 15:22:49.932,23365,23366,23365,1,-1
2024-10-28 15:22:49.932,23365,23366,23365,1,-1
2024-10-28 15:22:50.256,23364,23366,23366,1,1
2024-10-28 15:22:58.613,23366,23367,23367,1,1
2024-10-28 15:22:58.614,23366,23367,23367,1,1
2024-10-28 15:23:00.208,23367,23368,23368,1,1
2024-10-28 15:23:00.240,23368,23369,23369,1,1
2024-10-28 15:23:00.240,23368,23369,23369,1,1
2024-10-28 15:23:00.241,23368,23369,23369,1,1
2024-10-28 15:23:00.241,23368,23369,23369,7,7
2024-10-28 15:23:00.260,23368,23369,23370,1,1
2024-10-28 15:23:00.286,23368,23369,23370,2,2
2024-10-28 15:23:00.286,23368,23369,23372,1,1
2024-10-28 15:23:03.626,23368,23371,23368,1,-1
2024-10-28 15:23:03.738,23368,23371,23371,2,2
2024-10-28 15:23:03.738,23368,23371,23371,1,1
2024-10-28 15:23:03.739,23368,23371,23371,1,1
2024-10-28 15:23:03.739,23368,23371,23371,1,1
2024-10-28 15:23:07.644,23368,23370,23370,4,4
2024-10-28 15:23:10.028,23368,23371,23370,2,2
2024-10-28 15:23:10.115,23368,23370,23371,1,1
2024-10-28 15:23:10.115,23368,23370,23370,1,1
2024-10-28 15:23:10.204,23368,23370,23369,1,1
2024-10-28 15:23:14.143,23370,23371,23371,1,1
2024-10-28 15:23:14.236,23370,23372,23372,2,2
2024-10-28 15:23:18.540,23370,23371,23371,1,1
2024-10-28 15:23:20.201,23370,23371,23371,1,1
2024-10-28 15:23:20.239,23370,23372,23372,1,1
2024-10-28 15:23:20.240,23370,23372,23373,1,1
2024-10-28 15:23:20.240,23370,23372,23372,1,1
2024-10-28 15:23:20.240,23370,23372,23372,1,1
2024-10-28 15:23:20.240,23370,23372,23372,1,1
2024-10-28 15:23:20.240,23370,23372,23372,1,1
2024-10-28 15:23:20.240,23370,23372,23372,1,1
2024-10-28 15:23:20.637,23371,23372,23372,1,1
2024-10-28 15:23:22.713,23371,23373,23372,1,1
2024-10-28 15:23:22.713,23371,23373,23373,1,1
2024-10-28 15:23:29.633,23370,23372,23372,1,1
2024-10-28 15:23:30.401,23370,23372,23370,1,-1
2024-10-28 15:23:30.488,23370,23371,23371,1,1
2024-10-28 15:23:32.045,23370,23372,23372,1,1
2024-10-28 15:23:32.912,23371,23372,23373,1,1
2024-10-28 15:23:32.912,23371,23372,23372,1,1
2024-10-28 15:23:33.062,23372,23373,23372,1,-1
2024-10-28 15:23:34.388,23371,23372,23372,1,1
2024-10-28 15:23:34.388,23371,23372,23373,4,4
2024-10-28 15:23:36.195,23372,23373,23372,1,-1
2024-10-28 15:23:37.613,23371,23373,23372,1,-1
2024-10-28 15:23:37.738,23371,23373,23373,1,1
2024-10-28 15:23:37.739,23371,23373,23373,1,1
2024-10-28 15:23:37.739,23371,23373,23374,1,1
2024-10-28 15:23:37.739,23371,23373,23374,1,1
2024-10-28 15:23:37.739,23371,23373,23374,1,1
2024-10-28 15:23:37.740,23371,23373,23374,1,1
2024-10-28 15:23:37.740,23371,23373,23374,1,1
2024-10-28 15:23:37.740,23371,23373,23374,1,1
2024-10-28 15:23:37.740,23371,23373,23374,1,1
2024-10-28 15:23:37.740,23371,23373,23374,1,1
2024-10-28 15:23:37.741,23371,23373,23374,1,1
2024-10-28 15:23:37.777,23371,23373,23375,1,1
2024-10-28 15:23:37.782,23371,23373,23373,1,1
2024-10-28 15:23:41.559,23372,23375,23375,1,1
2024-10-28 15:23:47.490,23373,23375,23375,1,1
2024-10-28 15:23:49.032,23373,23375,23374,1,1
2024-10-28 15:23:49.115,23373,23375,23375,1,1
2024-10-28 15:23:53.177,23374,23375,23375,1,1
2024-10-28 15:23:54.558,23374,23376,23375,1,1
2024-10-28 15:23:56.568,23374,23376,23374,2,-2
2024-10-28 15:23:56.568,23374,23376,23374,1,-1
2024-10-28 15:23:59.724,23373,23375,23373,1,-1
2024-10-28 15:23:59.780,23373,23375,23373,1,-1
2024-10-28 15:24:03.746,23371,23373,23373,1,1
2024-10-28 15:24:07.209,23372,23373,23373,1,1
2024-10-28 15:24:15.580,23373,23374,23373,1,-1
2024-10-28 15:24:16.266,23372,23374,23375,1,1
2024-10-28 15:24:16.266,23372,23374,23374,2,2
2024-10-28 15:24:19.475,23371,23374,23373,1,1
2024-10-28 15:24:21.126,23371,23373,23371,1,-1
2024-10-28 15:24:21.256,23371,23373,23371,1,-1
2024-10-28 15:24:25.892,23370,23372,23370,1,-1
2024-10-28 15:24:26.790,23369,23370,23370,1,1
2024-10-28 15:24:32.160,23369,23372,23372,1,1
2024-10-28 15:24:40.781,23370,23372,23370,1,-1
2024-10-28 15:24:51.418,23369,23371,23370,1,-1
2024-10-28 15:24:52.996,23369,23370,23370,2,2
2024-10-28 15:24:52.998,23369,23370,23369,2,-2
2024-10-28 15:24:52.998,23369,23370,23369,1,-1
2024-10-28 15:24:56.485,23368,23369,23369,3,3
2024-10-28 15:24:56.694,23368,23370,23370,3,3
2024-10-28 15:25:01.974,23368,23369,23368,1,-1
2024-10-28 15:25:01.975,23368,23369,23368,2,-2
2024-10-28 15:25:02.132,23367,23368,23367,1,-1
2024-10-28 15:25:02.242,23367,23368,23368,1,1
2024-10-28 15:25:02.263,23367,23368,23367,1,-1
2024-10-28 15:25:04.646,23366,23368,23366,1,-1
2024-10-28 15:25:09.315,23366,23367,23367,2,2
2024-10-28 15:25:10.304,23367,23369,23365,2,-2
2024-10-28 15:25:10.304,23367,23369,23366,3,-3
2024-10-28 15:25:10.363,23365,23368,23368,1,1
2024-10-28 15:25:10.423,23365,23368,23366,1,-1
2024-10-28 15:25:13.770,23366,23368,23366,1,-1
2024-10-28 15:25:16.195,23366,23367,23366,1,-1
2024-10-28 15:25:16.195,23366,23367,23365,1,-1
2024-10-28 15:25:16.195,23366,23367,23364,3,-3
2024-10-28 15:25:17.378,23363,23365,23365,1,1
2024-10-28 15:25:20.306,23363,23365,23363,1,-1
2024-10-28 15:25:20.364,23362,23364,23364,1,1
2024-10-28 15:25:20.365,23362,23364,23365,1,1
2024-10-28 15:25:38.098,23363,23365,23365,1,1
2024-10-28 15:25:38.620,23364,23366,23364,1,-1
2024-10-28 15:25:53.584,23364,23365,23364,1,-1
2024-10-28 15:25:53.614,23362,23365,23365,1,1
2024-10-28 15:25:53.615,23362,23365,23365,2,2
2024-10-28 15:25:53.616,23362,23365,23365,4,4
2024-10-28 15:25:53.616,23362,23365,23365,1,1
2024-10-28 15:25:53.645,23362,23365,23364,1,1
2024-10-28 15:25:58.113,23364,23366,23365,1,1
2024-10-28 15:25:59.486,23364,23366,23363,1,-1
2024-10-28 15:25:59.486,23364,23366,23364,1,-1
2024-10-28 15:26:02.222,23363,23365,23363,1,-1
2024-10-28 15:26:04.134,23364,23365,23365,1,1
2024-10-28 15:26:19.724,23363,23365,23365,1,1
2024-10-28 15:26:22.803,23363,23365,23364,1,1
2024-10-28 15:26:30.754,23363,23365,23363,1,-1
2024-10-28 15:26:30.808,23363,23365,23363,2,-2
2024-10-28 15:26:33.909,23362,23363,23362,2,-2
2024-10-28 15:26:33.925,23362,23363,23361,1,-1
2024-10-28 15:26:35.364,23359,23360,23360,1,1
2024-10-28 15:26:57.763,23360,23363,23360,1,-1
2024-10-28 15:27:04.956,23363,23364,23364,5,5
2024-10-28 15:27:13.305,23363,23365,23363,2,-2
2024-10-28 15:27:13.305,23363,23365,23362,5,-5
2024-10-28 15:27:24.367,23361,23364,23361,4,-4
2024-10-28 15:27:41.431,23358,23360,23358,1,-1
2024-10-28 15:27:43.956,23357,23360,23357,1,-1
2024-10-28 15:27:49.344,23357,23359,23357,1,-1
2024-10-28 15:27:53.443,23356,23358,23356,1,-1
2024-10-28 15:27:53.485,23355,23356,23355,1,-1
2024-10-28 15:27:53.546,23355,23356,23356,1,1
2024-10-28 15:27:53.894,23354,23357,23356,1,1
2024-10-28 15:27:54.006,23354,23357,23354,5,-5
2024-10-28 15:27:54.141,23354,23356,23355,1,-1
2024-10-28 15:27:54.141,23354,23356,23354,1,-1
2024-10-28 15:27:54.141,23354,23356,23353,3,-3
2024-10-28 15:27:54.299,23353,23356,23353,1,-1
2024-10-28 15:27:57.308,23352,23354,23352,1,-1
2024-10-28 15:27:57.422,23352,23354,23352,2,-2
2024-10-28 15:27:58.777,23352,23354,23352,1,-1
2024-10-28 15:27:59.570,23351,23354,23351,2,-2
2024-10-28 15:27:59.609,23351,23354,23354,2,2
2024-10-28 15:27:59.609,23351,23354,23353,1,1
2024-10-28 15:28:01.008,23353,23354,23354,2,2
2024-10-28 15:28:01.775,23353,23355,23353,2,-2
2024-10-28 15:28:02.141,23354,23355,23355,2,2
2024-10-28 15:28:02.141,23354,23355,23356,2,2
2024-10-28 15:28:02.605,23354,23357,23354,1,-1
2024-10-28 15:28:03.916,23354,23357,23357,1,1
2024-10-28 15:28:06.356,23352,23354,23352,8,-8
2024-10-28 15:28:07.731,23352,23353,23352,1,-1
2024-10-28 15:28:08.354,23351,23352,23352,1,1
2024-10-28 15:28:11.393,23351,23353,23351,1,-1
2024-10-28 15:28:12.099,23351,23353,23351,5,-5
2024-10-28 15:28:13.357,23351,23352,23352,1,1
2024-10-28 15:28:25.516,23352,23354,23352,2,-2
2024-10-28 15:28:28.275,23351,23353,23351,1,-1
2024-10-28 15:28:28.276,23351,23353,23350,7,-7
2024-10-28 15:28:28.465,23350,23351,23350,1,-1
2024-10-28 15:28:28.687,23349,23351,23351,1,1
2024-10-28 15:28:28.888,23350,23352,23352,1,1
2024-10-28 15:28:29.292,23350,23352,23350,1,-1
2024-10-28 15:28:31.460,23350,23352,23350,1,-1
2024-10-28 15:28:32.436,23350,23352,23350,1,-1
2024-10-28 15:28:32.891,23349,23352,23352,3,3
2024-10-28 15:28:36.201,23349,23350,23350,1,1
2024-10-28 15:28:37.853,23349,23350,23349,1,-1
2024-10-28 15:28:37.874,23348,23349,23348,1,-1
2024-10-28 15:28:37.888,23348,23349,23349,1,1
2024-10-28 15:28:41.015,23349,23350,23349,1,-1
2024-10-28 15:28:46.003,23348,23349,23349,1,1
2024-10-28 15:28:49.825,23348,23349,23348,3,-3
2024-10-28 15:28:52.328,23348,23349,23348,1,-1
2024-10-28 15:28:52.920,23347,23349,23349,1,1
2024-10-28 15:28:53.282,23348,23349,23349,1,1
2024-10-28 15:28:55.346,23348,23349,23349,1,1
2024-10-28 15:28:58.143,23349,23350,23349,1,-1
2024-10-28 15:29:00.647,23349,23350,23349,1,-1
2024-10-28 15:29:00.739,23349,23351,23349,1,-1
2024-10-28 15:29:01.611,23349,23351,23349,1,-1
2024-10-28 15:29:01.612,23349,23351,23349,3,-3
2024-10-28 15:29:02.114,23349,23350,23349,1,-1
2024-10-28 15:29:02.333,23348,23350,23350,1,1
2024-10-28 15:29:04.509,23349,23351,23349,1,-1
2024-10-28 15:29:05.283,23348,23350,23348,3,-3
2024-10-28 15:29:05.928,23347,23349,23349,1,1
2024-10-28 15:29:14.356,23348,23349,23349,1,1
2024-10-28 15:29:14.817,23348,23350,23348,1,-1
2024-10-28 15:29:20.104,23348,23350,23348,1,-1
2024-10-28 15:29:20.262,23348,23349,23348,1,-1
2024-10-28 15:29:20.367,23347,23349,23349,5,5
2024-10-28 15:29:28.697,23347,23349,23347,8,-8
2024-10-28 15:29:28.711,23347,23349,23346,3,-3
2024-10-28 15:29:28.711,23347,23349,23346,1,-1
2024-10-28 15:29:31.300,23345,23347,23345,1,-1
2024-10-28 15:29:31.300,23345,23347,23345,1,-1
2024-10-28 15:29:31.327,23345,23347,23346,1,-1
2024-10-28 15:29:31.385,23344,23346,23346,1,1
2024-10-28 15:29:34.162,23344,23345,23344,1,-1
2024-10-28 15:29:35.057,23344,23346,23344,1,-1
2024-10-28 15:29:35.427,23343,23345,23342,1,-1
2024-10-28 15:29:36.774,23342,23344,23342,1,-1
2024-10-28 15:29:38.005,23342,23344,23342,2,-2
2024-10-28 15:29:40.092,23342,23344,23342,2,-2
2024-10-28 15:29:41.014,23342,23343,23342,1,-1
2024-10-28 15:29:43.070,23342,23344,23342,1,-1
2024-10-28 15:29:44.084,23342,23343,23342,1,-1
2024-10-28 15:29:44.104,23342,23343,23343,1,1
2024-10-28 15:29:46.143,23340,23342,23341,1,1
2024-10-28 15:29:46.255,23340,23342,23340,1,-1
2024-10-28 15:29:46.796,23340,23342,23342,6,6
2024-10-28 15:29:46.923,23340,23342,23340,1,-1
2024-10-28 15:29:46.989,23340,23342,23340,1,-1
2024-10-28 15:29:48.648,23340,23342,23340,12,-12
2024-10-28 15:29:48.649,23340,23342,23340,1,-1
2024-10-28 15:29:48.649,23340,23342,23339,1,-1
2024-10-28 15:29:48.758,23338,23340,23338,2,-2
2024-10-28 15:29:48.758,23338,23340,23337,3,-3
2024-10-28 15:29:49.524,23338,23340,23340,1,1
2024-10-28 15:29:51.469,23338,23340,23340,1,1
2024-10-28 15:29:51.860,23338,23340,23338,1,-1
2024-10-28 15:29:54.143,23338,23340,23340,1,1
2024-10-28 15:29:54.185,23338,23340,23340,1,1
2024-10-28 15:29:54.185,23338,23340,23340,2,2
2024-10-28 15:29:58.144,23339,23340,23340,1,1
2024-10-28 15:29:58.738,23339,23341,23341,1,1
2024-10-28 15:29:59.622,23341,23342,23341,1,-1
2024-10-28 15:30:01.972,23341,23342,23341,1,-1
2024-10-28 15:30:01.974,23341,23342,23341,1,-1
2024-10-28 15:30:02.004,23340,23342,23341,1,-1
2024-10-28 15:30:02.026,23340,23342,23342,1,1
2024-10-28 15:30:02.026,23340,23342,23342,3,3
2024-10-28 15:30:02.027,23340,23342,23343,1,1
2024-10-28 15:30:02.113,23341,23344,23344,1,1
2024-10-28 15:30:02.113,23341,23344,23344,1,1
2024-10-28 15:30:02.118,23341,23344,23345,1,1
2024-10-28 15:30:02.203,23341,23344,23343,1,1
2024-10-28 15:30:02.206,23341,23344,23342,1,-1
2024-10-28 15:30:02.211,23341,23344,23342,1,-1
2024-10-28 15:30:02.229,23341,23344,23340,5,-5
2024-10-28 15:30:02.229,23341,23344,23339,8,-8
2024-10-28 15:30:02.229,23341,23344,23341,1,-1
2024-10-28 15:30:02.261,23339,23341,23339,1,-1
2024-10-28 15:30:02.268,23339,23341,23338,1,-1
2024-10-28 15:30:02.296,23339,23341,23338,1,-1
2024-10-28 15:30:02.365,23338,23340,23338,2,-2
2024-10-28 15:30:02.386,23338,23340,23339,1,-1
2024-10-28 15:30:02.386,23338,23340,23339,1,-1
2024-10-28 15:30:02.419,23338,23340,23338,1,-1
2024-10-28 15:30:02.431,23338,23340,23337,1,-1
2024-10-28 15:30:02.460,23338,23340,23340,1,1
2024-10-28 15:30:02.544,23338,23340,23337,1,-1
2024-10-28 15:30:02.544,23338,23340,23338,1,-1
2024-10-28 15:30:02.602,23338,23340,23339,1,-1
2024-10-28 15:30:02.664,23337,23340,23340,1,1
2024-10-28 15:30:02.679,23337,23340,23337,1,-1
2024-10-28 15:30:02.821,23337,23340,23340,3,3
2024-10-28 15:30:02.826,23337,23340,23341,1,1
2024-10-28 15:30:03.562,23337,23340,23340,1,1
2024-10-28 15:30:09.401,23337,23339,23337,1,-1
2024-10-28 15:30:11.677,23336,23338,23336,1,-1
2024-10-28 15:30:11.678,23336,23338,23336,2,-2
2024-10-28 15:30:11.782,23335,23336,23335,1,-1
2024-10-28 15:30:14.984,23335,23337,23335,2,-2
2024-10-28 15:30:15.615,23334,23337,23337,3,3
2024-10-28 15:30:16.009,23334,23337,23334,2,-2
2024-10-28 15:30:16.434,23334,23337,23334,1,-1
2024-10-28 15:30:18.252,23333,23335,23335,1,1
2024-10-28 15:30:18.275,23333,23335,23333,4,-4
2024-10-28 15:30:19.546,23332,23334,23332,1,-1
2024-10-28 15:30:19.615,23331,23333,23333,1,1
2024-10-28 15:30:20.856,23331,23334,23331,1,-1
2024-10-28 15:30:20.958,23331,23333,23331,1,-1
2024-10-28 15:30:21.375,23331,23333,23333,1,1
2024-10-28 15:30:24.328,23331,23333,23331,2,-2
2024-10-28 15:30:25.166,23331,23332,23331,1,-1
2024-10-28 15:30:25.747,23331,23332,23331,1,-1
2024-10-28 15:30:26.111,23331,23332,23332,1,1
2024-10-28 15:30:27.837,23331,23332,23331,2,-2
2024-10-28 15:30:27.863,23331,23332,23332,1,1
2024-10-28 15:30:27.864,23331,23332,23332,1,1
2024-10-28 15:30:27.864,23331,23332,23333,1,1
2024-10-28 15:30:27.866,23331,23332,23332,1,1
2024-10-28 15:30:28.953,23331,23333,23333,1,1
2024-10-28 15:30:29.273,23331,23333,23331,1,-1
2024-10-28 15:30:30.434,23331,23333,23333,1,1
2024-10-28 15:30:30.947,23332,23334,23332,1,-1
2024-10-28 15:30:31.195,23331,23333,23333,1,1
2024-10-28 15:30:31.834,23331,23334,23331,1,-1
2024-10-28 15:30:33.433,23331,23333,23332,1,-1
2024-10-28 15:30:37.645,23332,23333,23332,1,-1
2024-10-28 15:30:39.431,23331,23332,23332,1,1
2024-10-28 15:30:39.490,23331,23332,23332,1,1
2024-10-28 15:30:39.490,23331,23332,23332,1,1
2024-10-28 15:30:41.768,23331,23333,23333,1,1
2024-10-28 15:30:41.768,23331,23333,23333,1,1
2024-10-28 15:30:41.783,23331,23333,23334,1,1
2024-10-28 15:30:42.395,23336,23337,23336,1,-1
2024-10-28 15:30:42.752,23334,23337,23334,2,-2
2024-10-28 15:30:43.102,23334,23336,23333,3,-3
2024-10-28 15:30:45.889,23332,23333,23332,1,-1
2024-10-28 15:30:46.266,23331,23333,23331,1,-1
2024-10-28 15:30:47.720,23331,23333,23333,1,1
2024-10-28 15:30:48.889,23331,23333,23331,1,-1
2024-10-28 15:30:50.333,23332,23333,23332,1,-1
2024-10-28 15:30:51.040,23331,23332,23331,2,-2
2024-10-28 15:30:51.041,23331,23332,23330,83,-83
2024-10-28 15:30:51.041,23331,23332,23331,2,-2
2024-10-28 15:30:51.042,23331,23332,23329,1,-1
2024-10-28 15:30:51.042,23331,23332,23329,1,-1
2024-10-28 15:30:51.042,23331,23332,23328,1,-1
2024-10-28 15:30:51.042,23331,23332,23328,4,-4
2024-10-28 15:30:51.131,23326,23327,23326,1,-1
2024-10-28 15:30:51.131,23326,23327,23326,1,-1
2024-10-28 15:30:51.142,23326,23327,23325,3,-3
2024-10-28 15:30:53.743,23324,23327,23327,3,3
2024-10-28 15:30:55.545,23324,23325,23325,2,2
2024-10-28 15:30:55.954,23324,23326,23324,1,-1
2024-10-28 15:30:56.265,23324,23326,23324,1,-1
2024-10-28 15:30:56.265,23324,23326,23323,1,-1
2024-10-28 15:30:56.413,23323,23325,23325,1,1
2024-10-28 15:30:56.693,23323,23325,23325,2,2
2024-10-28 15:30:57.065,23324,23326,23324,1,-1
2024-10-28 15:30:57.466,23323,23325,23325,1,1
2024-10-28 15:30:59.374,23323,23326,23326,1,1
2024-10-28 15:31:00.710,23323,23324,23324,1,1
2024-10-28 15:31:00.742,23323,23324,23324,1,1
2024-10-28 15:31:00.743,23323,23324,23325,1,1
2024-10-28 15:31:00.749,23323,23324,23325,1,1
2024-10-28 15:31:00.749,23323,23324,23325,1,1
2024-10-28 15:31:00.835,23323,23324,23327,3,3
2024-10-28 15:31:00.985,23325,23327,23325,1,-1
2024-10-28 15:31:01.196,23324,23327,23324,4,-4
2024-10-28 15:31:01.238,23324,23326,23326,3,3
2024-10-28 15:31:01.383,23325,23327,23327,1,1
2024-10-28 15:31:02.538,23325,23327,23325,1,-1
2024-10-28 15:31:02.929,23324,23327,23326,1,1
2024-10-28 15:31:03.159,23325,23326,23326,1,1
2024-10-28 15:31:04.470,23325,23327,23327,1,1
2024-10-28 15:31:05.422,23325,23327,23325,2,-2
2024-10-28 15:31:05.430,23325,23327,23326,5,-5
2024-10-28 15:31:06.579,23324,23326,23326,1,1
2024-10-28 15:31:06.579,23324,23326,23327,1,1
2024-10-28 15:31:07.137,23325,23327,23325,1,-1
2024-10-28 15:31:07.238,23324,23327,23327,1,1
2024-10-28 15:31:07.238,23324,23327,23327,1,1
2024-10-28 15:31:07.238,23324,23327,23327,1,1
2024-10-28 15:31:08.067,23326,23328,23326,1,-1
2024-10-28 15:31:09.068,23325,23328,23325,1,-1
2024-10-28 15:31:09.185,23325,23327,23325,1,-1
2024-10-28 15:31:10.107,23326,23328,23326,1,-1
2024-10-28 15:31:10.707,23326,23328,23326,1,-1
2024-10-28 15:31:11.133,23325,23328,23325,1,-1
2024-10-28 15:31:13.755,23326,23328,23326,2,-2
2024-10-28 15:31:15.377,23326,23328,23326,3,-3
2024-10-28 15:31:15.401,23326,23328,23326,1,-1
2024-10-28 15:31:15.653,23325,23326,23325,2,-2
2024-10-28 15:31:16.466,23323,23325,23325,1,1
2024-10-28 15:31:16.875,23323,23325,23323,1,-1
2024-10-28 15:31:17.515,23323,23325,23325,1,1
2024-10-28 15:31:17.893,23323,23326,23323,2,-2
2024-10-28 15:31:20.835,23324,23325,23325,2,2
2024-10-28 15:31:20.863,23325,23326,23326,1,1
2024-10-28 15:31:20.864,23325,23326,23326,1,1
2024-10-28 15:31:20.864,23325,23326,23326,1,1
2024-10-28 15:31:20.864,23325,23326,23327,1,1
2024-10-28 15:31:20.865,23325,23326,23327,1,1
2024-10-28 15:31:20.865,23325,23326,23328,1,1
2024-10-28 15:31:20.937,23325,23326,23326,3,3
2024-10-28 15:31:20.937,23325,23326,23325,2,-2
2024-10-28 15:31:21.048,23325,23328,23325,1,-1
2024-10-28 15:31:23.432,23328,23329,23328,1,-1
2024-10-28 15:31:23.992,23327,23330,23327,1,-1
2024-10-28 15:31:28.592,23327,23330,23330,11,11
2024-10-28 15:31:28.761,23328,23330,23330,1,1
2024-10-28 15:31:30.819,23330,23333,23333,1,1
2024-10-28 15:31:30.864,23330,23332,23332,1,1
2024-10-28 15:31:30.864,23330,23332,23333,1,1
2024-10-28 15:31:30.864,23330,23332,23333,1,1
2024-10-28 15:31:30.865,23330,23332,23333,1,1
2024-10-28 15:31:30.865,23330,23332,23334,1,1
2024-10-28 15:31:32.336,23329,23332,23329,3,-3
2024-10-28 15:31:32.853,23329,23331,23332,1,1
2024-10-28 15:31:33.895,23329,23332,23332,3,3
2024-10-28 15:31:34.214,23330,23332,23332,1,1
2024-10-28 15:31:35.734,23330,23333,23330,1,-1
2024-10-28 15:31:42.088,23330,23333,23332,1,1
2024-10-28 15:31:42.112,23330,23333,23333,1,1
2024-10-28 15:31:42.113,23330,23333,23333,1,1
2024-10-28 15:31:42.113,23330,23333,23333,1,1
2024-10-28 15:31:42.113,23330,23333,23334,1,1
2024-10-28 15:31:43.958,23330,23333,23330,4,-4
2024-10-28 15:31:44.058,23330,23332,23332,1,1
2024-10-28 15:31:44.164,23331,23334,23332,1,-1
2024-10-28 15:31:45.383,23333,23335,23335,2,2
2024-10-28 15:31:45.494,23335,23336,23336,1,1
2024-10-28 15:31:45.785,23335,23337,23337,2,2
2024-10-28 15:31:45.865,23334,23337,23336,1,1
2024-10-28 15:31:47.717,23333,23336,23336,1,1
2024-10-28 15:31:50.817,23333,23335,23333,1,-1
2024-10-28 15:31:58.532,23334,23336,23336,1,1
2024-10-28 15:32:01.854,23333,23335,23333,4,-4
2024-10-28 15:32:01.854,23333,23335,23332,6,-6
2024-10-28 15:32:02.836,23331,23334,23331,5,-5
2024-10-28 15:32:04.154,23331,23334,23331,1,-1
2024-10-28 15:32:04.514,23330,23333,23330,10,-10
2024-10-28 15:32:06.731,23330,23331,23331,1,1
2024-10-28 15:32:08.457,23331,23334,23331,4,-4
2024-10-28 15:32:08.457,23331,23334,23330,1,-1
2024-10-28 15:32:11.848,23330,23332,23330,2,-2
2024-10-28 15:32:17.695,23330,23332,23332,1,1
2024-10-28 15:32:18.537,23330,23331,23331,1,1
2024-10-28 15:32:20.989,23330,23332,23330,1,-1
2024-10-28 15:32:21.804,23330,23332,23332,1,1
2024-10-28 15:32:23.600,23330,23332,23331,1,1
2024-10-28 15:32:26.449,23332,23335,23335,2,2
2024-10-28 15:32:27.008,23333,23335,23335,1,1
2024-10-28 15:32:28.171,23333,23336,23336,1,1
2024-10-28 15:32:35.186,23334,23336,23336,1,1
2024-10-28 15:32:36.542,23335,23337,23335,1,-1
2024-10-28 15:32:36.542,23335,23337,23334,2,-2
2024-10-28 15:32:37.719,23335,23337,23337,2,2
2024-10-28 15:32:38.355,23338,23339,23339,1,1
2024-10-28 15:32:38.355,23338,23339,23340,2,2
2024-10-28 15:32:39.726,23337,23339,23337,1,-1
2024-10-28 15:32:43.572,23333,23335,23335,1,1
2024-10-28 15:32:47.423,23333,23335,23335,1,1
2024-10-28 15:32:49.271,23333,23336,23334,2,-2
2024-10-28 15:32:49.448,23333,23334,23333,1,-1
2024-10-28 15:32:49.448,23333,23334,23333,1,-1
2024-10-28 15:32:49.737,23331,23332,23331,1,-1
2024-10-28 15:32:51.186,23330,23332,23332,1,1
2024-10-28 15:32:55.090,23330,23331,23330,2,-2
2024-10-28 15:32:55.709,23329,23330,23329,2,-2
2024-10-28 15:32:55.709,23329,23330,23329,2,-2
2024-10-28 15:32:55.710,23329,23330,23328,1,-1
2024-10-28 15:32:59.516,23327,23328,23327,1,-1
2024-10-28 15:32:59.592,23327,23328,23326,4,-4
2024-10-28 15:32:59.721,23325,23326,23325,1,-1
2024-10-28 15:32:59.722,23325,23326,23325,1,-1
2024-10-28 15:33:00.191,23324,23326,23325,1,-1
2024-10-28 15:33:00.357,23324,23325,23324,2,-2
2024-10-28 15:33:00.357,23324,23325,23323,3,-3
2024-10-28 15:33:00.825,23323,23325,23325,1,1
2024-10-28 15:33:01.878,23323,23326,23323,1,-1
2024-10-28 15:33:04.696,23323,23326,23323,1,-1
2024-10-28 15:33:05.700,23324,23327,23327,3,3
2024-10-28 15:33:06.970,23325,23328,23325,1,-1
2024-10-28 15:33:07.639,23324,23326,23326,1,1
2024-10-28 15:33:07.639,23324,23326,23327,2,2
2024-10-28 15:33:10.043,23323,23326,23323,1,-1
2024-10-28 15:33:10.315,23323,23326,23324,1,-1
2024-10-28 15:33:12.506,23323,23326,23323,2,-2
2024-10-28 15:33:14.222,23322,23325,23322,1,-1
2024-10-28 15:33:16.358,23321,23323,23323,1,1
2024-10-28 15:33:16.745,23321,23323,23321,2,-2
2024-10-28 15:33:21.013,23323,23325,23323,1,-1
2024-10-28 15:33:21.531,23322,23324,23323,1,-1
2024-10-28 15:33:22.460,23324,23325,23324,2,-2
2024-10-28 15:33:22.555,23324,23325,23325,2,2
2024-10-28 15:33:22.556,23324,23325,23326,2,2
2024-10-28 15:33:25.911,23325,23327,23327,1,1
2024-10-28 15:33:32.057,23325,23327,23327,1,1
2024-10-28 15:33:34.201,23325,23326,23325,1,-1
2024-10-28 15:33:34.800,23322,23325,23325,1,1
2024-10-28 15:33:37.707,23323,23326,23324,2,-2
2024-10-28 15:33:37.937,23322,23324,23322,1,-1
2024-10-28 15:33:37.938,23322,23324,23322,11,-11
2024-10-28 15:33:40.704,23321,23323,23321,2,-2
2024-10-28 15:33:40.705,23321,23323,23320,3,-3
2024-10-28 15:33:40.705,23321,23323,23320,8,-8
2024-10-28 15:33:40.743,23319,23320,23320,2,2
2024-10-28 15:33:40.835,23319,23320,23319,2,-2
2024-10-28 15:33:40.835,23319,23320,23319,1,-1
2024-10-28 15:33:41.024,23318,23319,23318,1,-1
2024-10-28 15:33:41.024,23318,23319,23318,1,-1
2024-10-28 15:33:41.891,23317,23320,23320,2,2
2024-10-28 15:33:41.961,23317,23320,23318,1,-1
2024-10-28 15:33:42.126,23317,23320,23320,1,1
2024-10-28 15:33:47.481,23318,23319,23319,1,1
2024-10-28 15:33:47.592,23319,23320,23320,1,1
2024-10-28 15:33:47.592,23319,23320,23320,1,1
2024-10-28 15:33:47.701,23319,23321,23321,1,1
2024-10-28 15:33:48.737,23318,23319,23317,1,-1
2024-10-28 15:33:48.737,23318,23319,23318,2,-2
2024-10-28 15:33:50.291,23318,23319,23318,1,-1
2024-10-28 15:33:50.291,23318,23319,23317,4,-4
2024-10-28 15:33:51.508,23317,23318,23317,1,-1
2024-10-28 15:33:52.383,23317,23318,23317,1,-1
2024-10-28 15:33:52.383,23317,23318,23316,2,-2
2024-10-28 15:33:52.583,23316,23318,23317,1,-1
2024-10-28 15:33:53.030,23316,23318,23316,3,-3
2024-10-28 15:33:53.225,23316,23318,23318,2,2
2024-10-28 15:33:53.584,23318,23319,23318,1,-1
2024-10-28 15:33:53.631,23317,23319,23317,2,-2
2024-10-28 15:33:54.068,23317,23319,23317,2,-2
2024-10-28 15:33:54.121,23317,23319,23317,1,-1
2024-10-28 15:33:54.215,23317,23319,23317,1,-1
2024-10-28 15:33:54.850,23318,23319,23319,1,1
2024-10-28 15:33:55.018,23319,23320,23320,1,1
2024-10-28 15:33:58.289,23319,23321,23319,1,-1
2024-10-28 15:33:59.274,23319,23320,23320,1,1
2024-10-28 15:34:00.116,23319,23320,23319,1,-1
2024-10-28 15:34:00.493,23318,23320,23320,1,1
2024-10-28 15:34:03.480,23319,23320,23320,1,1
2024-10-28 15:34:04.116,23320,23321,23321,1,1
2024-10-28 15:34:05.046,23320,23323,23320,1,-1
2024-10-28 15:34:06.038,23320,23322,23322,1,1
2024-10-28 15:34:06.255,23320,23322,23320,2,-2
2024-10-28 15:34:08.088,23319,23321,23321,1,1
2024-10-28 15:34:09.614,23322,23323,23322,1,-1
2024-10-28 15:34:17.222,23319,23321,23321,1,1
2024-10-28 15:34:18.959,23320,23322,23322,1,1
2024-10-28 15:34:19.001,23321,23324,23324,1,1
2024-10-28 15:34:19.137,23322,23324,23324,2,2
2024-10-28 15:34:19.137,23322,23324,23325,2,2
2024-10-28 15:34:19.137,23322,23324,23323,1,1
2024-10-28 15:34:20.845,23321,23324,23322,1,-1
2024-10-28 15:34:22.243,23321,23324,23324,2,2
2024-10-28 15:34:28.807,23320,23322,23321,2,2
2024-10-28 15:34:29.571,23320,23322,23322,1,1
2024-10-28 15:34:31.093,23320,23322,23320,3,-3
2024-10-28 15:34:31.093,23320,23322,23319,1,-1
2024-10-28 15:34:31.847,23318,23321,23321,2,2
2024-10-28 15:34:32.830,23320,23322,23323,1,1
2024-10-28 15:34:36.051,23320,23321,23320,2,-2
2024-10-28 15:34:36.052,23320,23321,23320,1,-1
2024-10-28 15:34:36.052,23320,23321,23320,1,-1
2024-10-28 15:34:36.052,23320,23321,23320,2,-2
2024-10-28 15:34:36.071,23320,23321,23318,2,-2
2024-10-28 15:34:36.071,23320,23321,23318,1,-1
2024-10-28 15:34:36.071,23320,23321,23318,1,-1
2024-10-28 15:34:36.071,23320,23321,23318,2,-2
2024-10-28 15:34:36.072,23320,23321,23317,8,-8
2024-10-28 15:34:36.305,23316,23318,23318,1,1
2024-10-28 15:34:37.078,23316,23318,23316,1,-1
2024-10-28 15:34:37.127,23315,23316,23315,1,-1
2024-10-28 15:34:37.265,23314,23316,23314,1,-1
2024-10-28 15:34:37.368,23314,23316,23313,5,-5
2024-10-28 15:34:37.368,23314,23316,23314,5,-5
2024-10-28 15:34:37.543,23313,23314,23313,1,-1
2024-10-28 15:34:37.585,23313,23314,23312,1,-1
2024-10-28 15:34:37.622,23312,23313,23312,3,-3
2024-10-28 15:34:37.623,23312,23313,23312,2,-2
2024-10-28 15:34:37.623,23312,23313,23312,3,-3
2024-10-28 15:34:37.633,23312,23313,23312,3,-3
2024-10-28 15:34:37.633,23312,23313,23312,3,-3
2024-10-28 15:34:37.633,23312,23313,23312,1,-1
2024-10-28 15:34:37.634,23312,23313,23312,1,-1
2024-10-28 15:34:37.634,23312,23313,23312,1,-1
2024-10-28 15:34:37.643,23312,23313,23311,2,-2
2024-10-28 15:34:37.657,23312,23313,23311,1,-1
2024-10-28 15:34:37.657,23312,23313,23310,1,-1
2024-10-28 15:34:37.672,23312,23313,23311,3,-3
2024-10-28 15:34:37.698,23312,23313,23312,1,-1
2024-10-28 15:34:37.776,23311,23313,23311,1,-1
2024-10-28 15:34:37.869,23312,23313,23312,1,-1
2024-10-28 15:34:38.148,23312,23313,23313,1,1
2024-10-28 15:34:38.230,23312,23313,23314,1,1
2024-10-28 15:34:38.545,23313,23315,23313,1,-1
2024-10-28 15:34:38.773,23314,23315,23315,1,1
2024-10-28 15:34:40.228,23316,23317,23316,1,-1
2024-10-28 15:34:40.228,23316,23317,23315,2,-2
2024-10-28 15:34:40.228,23316,23317,23314,2,-2
2024-10-28 15:34:41.012,23314,23316,23314,1,-1
2024-10-28 15:34:41.101,23314,23316,23316,3,3
2024-10-28 15:34:41.584,23314,23317,23314,2,-2
2024-10-28 15:34:42.305,23314,23316,23314,3,-3
2024-10-28 15:34:43.051,23312,23315,23312,2,-2
2024-10-28 15:34:44.287,23313,23315,23315,1,1
2024-10-28 15:34:45.263,23312,23315,23312,2,-2
2024-10-28 15:34:45.460,23312,23314,23312,2,-2
2024-10-28 15:34:47.592,23312,23313,23313,1,1
2024-10-28 15:34:50.546,23313,23314,23313,2,-2
2024-10-28 15:34:50.546,23313,23314,23312,1,-1
2024-10-28 15:34:51.278,23313,23314,23314,1,1
2024-10-28 15:34:51.379,23313,23314,23314,1,1
2024-10-28 15:34:51.910,23313,23315,23313,1,-1
2024-10-28 15:34:52.148,23313,23315,23313,1,-1
2024-10-28 15:34:53.746,23312,23315,23314,1,1
2024-10-28 15:34:54.062,23314,23316,23314,1,-1
2024-10-28 15:34:55.601,23314,23316,23316,1,1
2024-10-28 15:34:55.629,23314,23317,23317,1,1
2024-10-28 15:34:56.965,23316,23318,23316,1,-1
2024-10-28 15:34:58.300,23315,23317,23315,5,-5
2024-10-28 15:35:00.700,23314,23317,23314,1,-1
2024-10-28 15:35:00.765,23314,23316,23314,2,-2
2024-10-28 15:35:01.161,23315,23316,23316,1,1
2024-10-28 15:35:01.162,23315,23316,23316,1,1
2024-10-28 15:35:01.191,23315,23316,23315,1,-1
2024-10-28 15:35:01.445,23315,23317,23317,1,1
2024-10-28 15:35:01.707,23315,23317,23317,1,1
2024-10-28 15:35:03.893,23316,23318,23316,1,-1
2024-10-28 15:35:07.176,23315,23318,23316,1,-1
2024-10-28 15:35:09.845,23316,23318,23316,1,-1
2024-10-28 15:35:09.895,23315,23317,23317,1,1
2024-10-28 15:35:10.816,23315,23317,23317,1,1
2024-10-28 15:35:10.818,23315,23317,23318,2,2
2024-10-28 15:35:10.875,23318,23319,23319,2,2
2024-10-28 15:35:12.381,23317,23320,23317,1,-1
2024-10-28 15:35:16.127,23318,23320,23320,1,1
2024-10-28 15:35:16.128,23318,23320,23320,1,1
2024-10-28 15:35:17.953,23321,23322,23321,1,-1
2024-10-28 15:35:19.956,23320,23322,23320,3,-3
2024-10-28 15:35:20.220,23319,23321,23318,1,-1
2024-10-28 15:35:24.233,23317,23319,23319,1,1
2024-10-28 15:35:25.713,23317,23320,23318,2,-2
2024-10-28 15:35:26.762,23317,23318,23317,2,-2
2024-10-28 15:35:26.762,23317,23318,23317,1,-1
2024-10-28 15:35:28.618,23316,23318,23316,1,-1
2024-10-28 15:35:29.960,23316,23318,23318,2,2
2024-10-28 15:35:29.960,23316,23318,23318,1,1
2024-10-28 15:35:29.960,23316,23318,23318,1,1
2024-10-28 15:35:30.880,23318,23320,23321,2,2
2024-10-28 15:35:30.880,23318,23320,23320,1,1
2024-10-28 15:35:32.645,23319,23321,23321,1,1
2024-10-28 15:35:33.111,23319,23322,23319,1,-1
2024-10-28 15:35:34.570,23319,23322,23322,1,1
2024-10-28 15:35:37.185,23320,23323,23323,1,1
2024-10-28 15:35:37.887,23321,23323,23321,1,-1
2024-10-28 15:35:37.887,23321,23323,23320,2,-2
2024-10-28 15:35:38.232,23320,23322,23322,1,1
2024-10-28 15:35:40.548,23321,23324,23324,1,1
2024-10-28 15:35:45.525,23320,23322,23322,1,1
2024-10-28 15:35:46.590,23320,23322,23322,1,1
2024-10-28 15:35:47.937,23321,23324,23324,4,4
2024-10-28 15:35:49.101,23322,23323,23323,1,1
2024-10-28 15:35:49.570,23322,23323,23323,1,1
2024-10-28 15:35:50.497,23322,23323,23323,1,1
2024-10-28 15:35:50.718,23322,23324,23324,2,2
2024-10-28 15:35:51.095,23323,23324,23324,1,1
2024-10-28 15:35:52.745,23324,23325,23325,1,1
2024-10-28 15:35:52.746,23324,23325,23326,1,1
2024-10-28 15:35:52.840,23324,23325,23325,1,1
2024-10-28 15:35:54.749,23326,23327,23326,1,-1
2024-10-28 15:35:57.201,23325,23327,23327,1,1
2024-10-28 15:35:58.003,23325,23326,23326,1,1
2024-10-28 15:35:58.236,23325,23328,23328,1,1
2024-10-28 15:36:00.299,23326,23328,23327,1,1
2024-10-28 15:36:00.475,23325,23327,23328,1,1
2024-10-28 15:36:01.151,23325,23328,23328,1,1
2024-10-28 15:36:01.463,23325,23328,23325,4,-4
2024-10-28 15:36:01.463,23325,23328,23324,1,-1
2024-10-28 15:36:01.506,23324,23327,23324,1,-1
2024-10-28 15:36:04.361,23322,23323,23322,1,-1
2024-10-28 15:36:04.405,23322,23323,23321,1,-1
2024-10-28 15:36:05.011,23320,23321,23321,1,1
2024-10-28 15:36:05.239,23320,23321,23321,1,1
2024-10-28 15:36:05.810,23320,23322,23320,2,-2
2024-10-28 15:36:05.900,23318,23320,23320,1,1
2024-10-28 15:36:10.807,23320,23323,23322,1,1
2024-10-28 15:36:11.054,23320,23323,23322,1,1
2024-10-28 15:36:12.279,23320,23323,23320,1,-1
2024-10-28 15:36:14.527,23320,23323,23320,1,-1
2024-10-28 15:36:20.020,23320,23322,23322,2,2
2024-10-28 15:36:20.557,23321,23322,23322,2,2
2024-10-28 15:36:21.105,23321,23322,23322,1,1
2024-10-28 15:36:27.029,23322,23323,23322,3,-3
2024-10-28 15:36:27.030,23322,23323,23322,2,-2
2024-10-28 15:36:29.652,23321,23322,23321,2,-2
2024-10-28 15:36:33.764,23320,23322,23322,2,2
2024-10-28 15:36:33.777,23320,23322,23324,3,3
2024-10-28 15:36:33.815,23320,23322,23325,2,2
2024-10-28 15:36:33.816,23320,23322,23325,1,1
2024-10-28 15:36:33.816,23320,23322,23325,1,1
2024-10-28 15:36:33.816,23320,23322,23325,2,2
2024-10-28 15:36:33.816,23320,23322,23325,1,1
2024-10-28 15:36:35.288,23326,23327,23326,1,-1
2024-10-28 15:36:35.295,23326,23327,23325,1,-1
2024-10-28 15:36:42.454,23324,23326,23323,1,-1
2024-10-28 15:36:43.304,23322,23323,23322,1,-1
2024-10-28 15:36:46.133,23321,23323,23323,1,1
2024-10-28 15:36:47.655,23321,23322,23321,2,-2
2024-10-28 15:36:49.113,23320,23321,23320,2,-2
2024-10-28 15:36:49.516,23318,23319,23319,2,2
2024-10-28 15:36:49.547,23318,23319,23320,1,1
2024-10-28 15:36:52.381,23319,23320,23320,3,3
2024-10-28 15:36:53.260,23319,23321,23321,1,1
2024-10-28 15:36:54.278,23319,23321,23320,1,1
2024-10-28 15:36:54.855,23319,23321,23321,1,1
2024-10-28 15:36:56.860,23319,23321,23321,1,1
2024-10-28 15:37:00.654,23320,23321,23321,1,1
2024-10-28 15:37:00.836,23321,23323,23321,1,-1
2024-10-28 15:37:11.138,23324,23326,23323,1,-1
2024-10-28 15:37:13.707,23324,23326,23327,1,1
2024-10-28 15:37:13.750,23326,23328,23328,1,1
2024-10-28 15:37:15.837,23327,23329,23329,1,1
2024-10-28 15:37:17.177,23327,23330,23327,1,-1
2024-10-28 15:37:20.267,23327,23328,23328,1,1
2024-10-28 15:37:23.999,23326,23327,23327,1,1
2024-10-28 15:37:26.377,23326,23327,23327,1,1
2024-10-28 15:37:31.205,23326,23328,23326,5,-5
2024-10-28 15:37:32.250,23325,23327,23327,1,1
2024-10-28 15:37:36.132,23325,23326,23326,1,1
2024-10-28 15:37:36.422,23325,23326,23326,1,1
2024-10-28 15:37:37.279,23325,23326,23326,2,2
2024-10-28 15:37:37.325,23325,23326,23327,1,1
2024-10-28 15:37:38.943,23326,23329,23326,1,-1
2024-10-28 15:37:49.713,23326,23329,23329,1,1
2024-10-28 15:37:53.308,23328,23329,23328,2,-2
2024-10-28 15:37:55.037,23327,23329,23327,1,-1
2024-10-28 15:37:55.423,23326,23329,23328,1,1
2024-10-28 15:37:56.246,23328,23329,23329,2,2
2024-10-28 15:37:56.247,23328,23329,23329,4,4
2024-10-28 15:37:57.454,23329,23330,23330,2,2
2024-10-28 15:38:01.801,23327,23329,23328,2,2
2024-10-28 15:38:02.250,23327,23329,23329,1,1
2024-10-28 15:38:02.351,23327,23329,23329,1,1
2024-10-28 15:38:02.926,23327,23329,23328,1,1
2024-10-28 15:38:04.136,23328,23329,23329,1,1
2024-10-28 15:38:06.136,23328,23329,23328,1,-1
2024-10-28 15:38:09.104,23328,23329,23328,1,-1
2024-10-28 15:38:10.826,23328,23331,23329,2,-2
2024-10-28 15:38:17.934,23328,23330,23328,1,-1
2024-10-28 15:38:18.183,23327,23329,23329,1,1
2024-10-28 15:38:18.263,23327,23329,23329,1,1
2024-10-28 15:38:19.454,23327,23329,23327,2,-2
2024-10-28 15:38:20.481,23326,23328,23326,1,-1
2024-10-28 15:38:23.701,23325,23328,23325,2,-2
2024-10-28 15:38:23.734,23325,23328,23326,2,-2
2024-10-28 15:38:26.820,23324,23326,23324,1,-1
2024-10-28 15:38:30.421,23322,23324,23322,2,-2
2024-10-28 15:38:30.421,23322,23324,23322,1,-1
2024-10-28 15:38:30.609,23321,23322,23321,1,-1
2024-10-28 15:38:41.631,23321,23324,23321,4,-4
2024-10-28 15:38:41.631,23321,23324,23320,1,-1
2024-10-28 15:38:47.617,23322,23323,23323,2,2
2024-10-28 15:38:49.997,23323,23325,23325,1,1
2024-10-28 15:39:03.336,23324,23326,23325,1,1
2024-10-28 15:39:03.898,23324,23325,23324,1,-1
2024-10-28 15:39:04.297,23323,23325,23325,1,1
2024-10-28 15:39:04.779,23324,23326,23323,1,-1
2024-10-28 15:39:04.779,23324,23326,23323,1,-1
2024-10-28 15:39:04.779,23324,23326,23323,4,-4
2024-10-28 15:39:04.779,23324,23326,23324,1,-1
2024-10-28 15:39:10.547,23322,23324,23322,1,-1
2024-10-28 15:39:15.979,23321,23323,23321,1,-1
2024-10-28 15:39:20.834,23321,23323,23320,7,-7
2024-10-28 15:39:20.834,23321,23323,23321,1,-1
2024-10-28 15:39:20.834,23321,23323,23319,10,-10
2024-10-28 15:39:20.835,23321,23323,23318,5,-5
2024-10-28 15:39:20.835,23321,23323,23319,1,-1
2024-10-28 15:39:20.835,23321,23323,23318,2,-2
2024-10-28 15:39:20.836,23321,23323,23318,2,-2
2024-10-28 15:39:20.836,23321,23323,23318,1,-1
2024-10-28 15:39:21.027,23317,23318,23317,1,-1
2024-10-28 15:39:21.274,23317,23318,23318,4,4
2024-10-28 15:39:24.304,23317,23318,23318,1,1
2024-10-28 15:39:25.310,23317,23318,23317,1,-1
2024-10-28 15:39:25.528,23317,23318,23317,1,-1
2024-10-28 15:39:25.529,23317,23318,23317,1,-1
2024-10-28 15:39:26.271,23317,23318,23317,2,-2
2024-10-28 15:39:26.271,23317,23318,23316,2,-2
2024-10-28 15:39:28.224,23317,23318,23317,1,-1
2024-10-28 15:39:28.854,23317,23318,23318,1,1
2024-10-28 15:39:37.500,23317,23319,23319,1,1
2024-10-28 15:39:37.531,23317,23319,23318,1,1
