2023-02-15 15:00:00,15357,15357,15357,248,0
2023-02-15 15:00:00,15356,15356,15356,2,-2
2023-02-15 15:00:00,15356,15356,15356,2,0
2023-02-15 15:00:00,15356,15356,15356,6,0
2023-02-15 15:00:00,15356,15356,15356,2,0
2023-02-15 15:00:00,15357,15357,15357,4,4
2023-02-15 15:00:00,15355,15355,15355,2,-2
2023-02-15 15:00:00,15355,15355,15355,2,0
2023-02-15 15:00:00,15355,15355,15355,4,0
2023-02-15 15:00:00,15355,15355,15355,2,0
2023-02-15 15:00:00,15355,15355,15355,2,0
2023-02-15 15:00:00,15357,15357,15357,4,4
2023-02-15 15:00:00,15357,15357,15357,6,0
2023-02-15 15:00:00,15356,15356,15356,2,-2
2023-02-15 15:00:00,15357,15357,15357,2,2
2023-02-15 15:00:00,15357,15357,15357,40,0
2023-02-15 15:00:00,15357,15357,15357,2,0
2023-02-15 15:00:00,15354,15354,15354,2,-2
2023-02-15 15:00:00,15354,15354,15354,4,0
2023-02-15 15:00:00,15357,15357,15357,2,2
2023-02-15 15:00:00,15353,15353,15353,2,-2
2023-02-15 15:00:00,15353,15353,15353,2,0
2023-02-15 15:00:00,15353,15353,15353,2,0
2023-02-15 15:00:00,15353,15353,15353,2,0
2023-02-15 15:00:00,15352,15352,15352,2,-2
2023-02-15 15:00:00,15357,15357,15357,2,2
2023-02-15 15:00:00,15353,15353,15353,2,-2
2023-02-15 15:00:00,15357,15357,15357,2,2
2023-02-15 15:00:00,15352,15352,15352,2,-2
2023-02-15 15:00:00,15357,15357,15357,2,2
2023-02-15 15:00:00,15352,15352,15352,2,-2
2023-02-15 15:00:00,15352,15352,15352,6,0
2023-02-15 15:00:00,15352,15352,15352,2,0
2023-02-15 15:00:00,15355,15355,15355,10,10
2023-02-15 15:00:00,15356,15356,15356,2,2
2023-02-15 15:00:00,15354,15354,15354,4,-4
2023-02-15 15:00:00,15352,15352,15352,2,-2
2023-02-15 15:00:00,15352,15352,15352,2,0
2023-02-15 15:00:00,15352,15352,15352,2,0
2023-02-15 15:00:00,15352,15352,15352,2,0
2023-02-15 15:00:00,15352,15352,15352,2,0
2023-02-15 15:00:00,15353,15353,15353,2,2
2023-02-15 15:00:00,15352,15352,15352,2,-2
2023-02-15 15:00:00,15353,15353,15353,6,6
2023-02-15 15:00:00,15354,15354,15354,6,6
2023-02-15 15:00:00,15353,15353,15353,2,-2
2023-02-15 15:00:00,15353,15353,15353,4,0
2023-02-15 15:00:00,15352,15352,15352,6,-6
2023-02-15 15:00:00,15353,15353,15353,2,2
2023-02-15 15:00:00,15354,15354,15354,4,4
2023-02-15 15:00:00,15352,15352,15352,2,-2
2023-02-15 15:00:00,15352,15352,15352,2,0
2023-02-15 15:00:00,15352,15352,15352,4,0
2023-02-15 15:00:00,15352,15352,15352,2,0
2023-02-15 15:00:00,15354,15354,15354,4,4
2023-02-15 15:00:00,15355,15355,15355,8,8
2023-02-15 15:00:00,15354,15354,15354,2,-2
2023-02-15 15:00:00,15355,15355,15355,2,2
2023-02-15 15:00:00,15353,15353,15353,2,-2
2023-02-15 15:00:01,15353,15353,15353,2,0
2023-02-15 15:00:01,15353,15353,15353,2,0
2023-02-15 15:00:01,15353,15353,15353,2,0
2023-02-15 15:00:01,15353,15353,15353,2,0
2023-02-15 15:00:01,15352,15352,15352,2,-2
2023-02-15 15:00:01,15354,15354,15354,2,2
2023-02-15 15:00:01,15354,15354,15354,2,0
2023-02-15 15:00:01,15354,15354,15354,2,0
2023-02-15 15:00:01,15355,15355,15355,2,2
2023-02-15 15:00:02,15356,15356,15356,4,4
2023-02-15 15:00:02,15354,15354,15354,2,-2
2023-02-15 15:00:02,15354,15354,15354,2,0
2023-02-15 15:00:02,15356,15356,15356,4,4
2023-02-15 15:00:02,15354,15354,15354,2,-2
2023-02-15 15:00:02,15354,15354,15354,2,0
2023-02-15 15:00:02,15354,15354,15354,2,0
2023-02-15 15:00:02,15356,15356,15356,4,4
2023-02-15 15:00:02,15357,15357,15357,4,4
2023-02-15 15:00:02,15355,15355,15355,2,-2
2023-02-15 15:00:02,15354,15354,15354,2,-2
2023-02-15 15:00:02,15354,15354,15354,2,0
2023-02-15 15:00:02,15354,15354,15354,2,0
2023-02-15 15:00:02,15356,15356,15356,2,2
2023-02-15 15:00:02,15354,15354,15354,2,-2
2023-02-15 15:00:02,15357,15357,15357,22,22
2023-02-15 15:00:03,15358,15358,15358,6,6
2023-02-15 15:00:03,15357,15357,15357,2,-2
2023-02-15 15:00:03,15357,15357,15357,2,0
2023-02-15 15:00:03,15357,15357,15357,2,0
2023-02-15 15:00:03,15359,15359,15359,6,6
2023-02-15 15:00:03,15358,15358,15358,4,-4
2023-02-15 15:00:03,15359,15359,15359,4,4
2023-02-15 15:00:03,15360,15360,15360,2,2
2023-02-15 15:00:03,15360,15360,15360,12,0
2023-02-15 15:00:05,15360,15360,15360,6,0
2023-02-15 15:00:05,15360,15360,15360,4,0
2023-02-15 15:00:05,15360,15360,15360,44,0
2023-02-15 15:00:05,15360,15360,15360,2,0
2023-02-15 15:00:05,15359,15359,15359,2,-2
2023-02-15 15:00:05,15359,15359,15359,2,0
2023-02-15 15:00:05,15359,15359,15359,2,0
2023-02-15 15:00:05,15359,15359,15359,2,0
2023-02-15 15:00:05,15359,15359,15359,2,0
2023-02-15 15:00:05,15361,15361,15361,6,6
2023-02-15 15:00:06,15362,15362,15362,6,6
2023-02-15 15:00:06,15362,15362,15362,2,0
2023-02-15 15:00:06,15363,15363,15363,2,2
2023-02-15 15:00:06,15363,15363,15363,2,0
2023-02-15 15:00:06,15363,15363,15363,2,0
2023-02-15 15:00:06,15364,15364,15364,2,2
2023-02-15 15:00:07,15361,15361,15361,2,-2
2023-02-15 15:00:07,15361,15361,15361,2,0
2023-02-15 15:00:07,15361,15361,15361,4,0
2023-02-15 15:00:07,15361,15361,15361,4,0
2023-02-15 15:00:07,15360,15360,15360,2,-2
2023-02-15 15:00:07,15360,15360,15360,2,0
2023-02-15 15:00:07,15360,15360,15360,2,0
2023-02-15 15:00:07,15360,15360,15360,2,0
2023-02-15 15:00:07,15360,15360,15360,2,0
2023-02-15 15:00:07,15360,15360,15360,4,0
2023-02-15 15:00:07,15363,15363,15363,2,2
2023-02-15 15:00:07,15362,15362,15362,2,-2
2023-02-15 15:00:07,15362,15362,15362,2,0
2023-02-15 15:00:07,15363,15363,15363,4,4
2023-02-15 15:00:08,15362,15362,15362,2,-2
2023-02-15 15:00:08,15360,15360,15360,2,-2
2023-02-15 15:00:08,15361,15361,15361,2,2
2023-02-15 15:00:10,15363,15363,15363,2,2
2023-02-15 15:00:10,15364,15364,15364,4,4
2023-02-15 15:00:10,15363,15363,15363,2,-2
2023-02-15 15:00:11,15364,15364,15364,4,4
2023-02-15 15:00:11,15363,15363,15363,2,-2
2023-02-15 15:00:11,15363,15363,15363,2,0
2023-02-15 15:00:12,15363,15363,15363,2,0
2023-02-15 15:00:12,15362,15362,15362,2,-2
2023-02-15 15:00:12,15362,15362,15362,2,0
2023-02-15 15:00:12,15362,15362,15362,2,0
2023-02-15 15:00:12,15363,15363,15363,2,2
2023-02-15 15:00:13,15361,15361,15361,2,-2
2023-02-15 15:00:14,15361,15361,15361,2,0
2023-02-15 15:00:14,15361,15361,15361,2,0
2023-02-15 15:00:14,15361,15361,15361,2,0
2023-02-15 15:00:14,15360,15360,15360,2,-2
2023-02-15 15:00:14,15360,15360,15360,2,0
2023-02-15 15:00:14,15360,15360,15360,2,0
2023-02-15 15:00:14,15360,15360,15360,2,0
2023-02-15 15:00:15,15361,15361,15361,2,2
2023-02-15 15:00:15,15361,15361,15361,2,0
2023-02-15 15:00:15,15361,15361,15361,2,0
2023-02-15 15:00:15,15361,15361,15361,4,0
2023-02-15 15:00:16,15362,15362,15362,2,2
2023-02-15 15:00:16,15360,15360,15360,2,-2
2023-02-15 15:00:16,15360,15360,15360,2,0
2023-02-15 15:00:16,15362,15362,15362,2,2
2023-02-15 15:00:16,15362,15362,15362,2,0
2023-02-15 15:00:16,15363,15363,15363,14,14
2023-02-15 15:00:16,15361,15361,15361,2,-2
2023-02-15 15:00:16,15361,15361,15361,2,0
2023-02-15 15:00:16,15361,15361,15361,2,0
2023-02-15 15:00:16,15361,15361,15361,4,0
2023-02-15 15:00:17,15363,15363,15363,26,26
2023-02-15 15:00:18,15363,15363,15363,2,0
2023-02-15 15:00:18,15363,15363,15363,4,0
2023-02-15 15:00:18,15363,15363,15363,6,0
2023-02-15 15:00:18,15362,15362,15362,2,-2
2023-02-15 15:00:18,15362,15362,15362,4,0
2023-02-15 15:00:18,15362,15362,15362,2,0
2023-02-15 15:00:18,15362,15362,15362,2,0
2023-02-15 15:00:19,15363,15363,15363,2,2
2023-02-15 15:00:19,15364,15364,15364,2,2
2023-02-15 15:00:19,15363,15363,15363,2,-2
2023-02-15 15:00:19,15363,15363,15363,2,0
2023-02-15 15:00:20,15362,15362,15362,2,-2
2023-02-15 15:00:20,15362,15362,15362,2,0
2023-02-15 15:00:20,15362,15362,15362,2,0
2023-02-15 15:00:20,15362,15362,15362,8,0
2023-02-15 15:00:20,15362,15362,15362,6,0
2023-02-15 15:00:20,15364,15364,15364,2,2
2023-02-15 15:00:20,15363,15363,15363,2,-2
2023-02-15 15:00:21,15362,15362,15362,2,-2
2023-02-15 15:00:21,15362,15362,15362,2,0
2023-02-15 15:00:21,15362,15362,15362,2,0
2023-02-15 15:00:21,15362,15362,15362,4,0
2023-02-15 15:00:22,15362,15362,15362,2,0
2023-02-15 15:00:22,15362,15362,15362,2,0
2023-02-15 15:00:23,15363,15363,15363,2,2
2023-02-15 15:00:23,15362,15362,15362,4,-4
2023-02-15 15:00:23,15361,15361,15361,2,-2
2023-02-15 15:00:23,15361,15361,15361,4,0
2023-02-15 15:00:24,15362,15362,15362,2,2
2023-02-15 15:00:24,15362,15362,15362,2,0
2023-02-15 15:00:24,15362,15362,15362,2,0
2023-02-15 15:00:26,15362,15362,15362,4,0
2023-02-15 15:00:26,15362,15362,15362,2,0
2023-02-15 15:00:28,15361,15361,15361,2,-2
2023-02-15 15:00:28,15362,15362,15362,2,2
2023-02-15 15:00:28,15361,15361,15361,4,-4
2023-02-15 15:00:29,15361,15361,15361,2,0
2023-02-15 15:00:29,15361,15361,15361,2,0
2023-02-15 15:00:29,15361,15361,15361,2,0
2023-02-15 15:00:29,15361,15361,15361,2,0
2023-02-15 15:00:29,15360,15360,15360,2,-2
2023-02-15 15:00:30,15360,15360,15360,2,0
2023-02-15 15:00:30,15360,15360,15360,2,0
2023-02-15 15:00:30,15360,15360,15360,6,0
2023-02-15 15:00:30,15361,15361,15361,2,2
2023-02-15 15:00:30,15360,15360,15360,4,-4
2023-02-15 15:00:30,15360,15360,15360,2,0
2023-02-15 15:00:30,15360,15360,15360,2,0
2023-02-15 15:00:30,15360,15360,15360,2,0
2023-02-15 15:00:30,15360,15360,15360,2,0
2023-02-15 15:00:30,15360,15360,15360,2,0
2023-02-15 15:00:30,15360,15360,15360,2,0
2023-02-15 15:00:31,15361,15361,15361,2,2
2023-02-15 15:00:34,15361,15361,15361,2,0
2023-02-15 15:00:34,15360,15360,15360,2,-2
2023-02-15 15:00:34,15360,15360,15360,2,0
2023-02-15 15:00:34,15360,15360,15360,4,0
2023-02-15 15:00:34,15359,15359,15359,2,-2
2023-02-15 15:00:35,15361,15361,15361,2,2
2023-02-15 15:00:35,15360,15360,15360,2,-2
2023-02-15 15:00:36,15360,15360,15360,2,0
2023-02-15 15:00:36,15360,15360,15360,2,0
2023-02-15 15:00:36,15360,15360,15360,2,0
2023-02-15 15:00:36,15361,15361,15361,4,4
2023-02-15 15:00:37,15360,15360,15360,2,-2
2023-02-15 15:00:37,15360,15360,15360,6,0
2023-02-15 15:00:38,15360,15360,15360,6,0
2023-02-15 15:00:38,15360,15360,15360,2,0
2023-02-15 15:00:40,15359,15359,15359,2,-2
2023-02-15 15:00:40,15359,15359,15359,2,0
2023-02-15 15:00:40,15359,15359,15359,2,0
2023-02-15 15:00:41,15360,15360,15360,2,2
2023-02-15 15:00:41,15359,15359,15359,2,-2
2023-02-15 15:00:43,15360,15360,15360,2,2
2023-02-15 15:00:43,15360,15360,15360,2,0
2023-02-15 15:00:43,15361,15361,15361,14,14
2023-02-15 15:00:43,15362,15362,15362,2,2
2023-02-15 15:00:43,15360,15360,15360,2,-2
2023-02-15 15:00:43,15362,15362,15362,18,18
2023-02-15 15:00:43,15363,15363,15363,6,6
2023-02-15 15:00:43,15363,15363,15363,42,0
2023-02-15 15:00:43,15363,15363,15363,2,0
2023-02-15 15:00:43,15363,15363,15363,2,0
2023-02-15 15:00:44,15363,15363,15363,2,0
2023-02-15 15:00:44,15363,15363,15363,2,0
2023-02-15 15:00:44,15363,15363,15363,4,0
2023-02-15 15:00:44,15362,15362,15362,2,-2
2023-02-15 15:00:44,15362,15362,15362,2,0
2023-02-15 15:00:44,15362,15362,15362,2,0
2023-02-15 15:00:44,15362,15362,15362,2,0
2023-02-15 15:00:44,15361,15361,15361,2,-2
2023-02-15 15:00:45,15361,15361,15361,2,0
2023-02-15 15:00:48,15361,15361,15361,2,0
2023-02-15 15:00:48,15361,15361,15361,2,0
2023-02-15 15:00:49,15363,15363,15363,2,2
2023-02-15 15:00:49,15362,15362,15362,2,-2
2023-02-15 15:00:49,15361,15361,15361,2,-2
2023-02-15 15:00:50,15363,15363,15363,6,6
2023-02-15 15:00:51,15362,15362,15362,2,-2
2023-02-15 15:00:52,15362,15362,15362,4,0
2023-02-15 15:00:52,15363,15363,15363,4,4
2023-02-15 15:00:53,15362,15362,15362,2,-2
2023-02-15 15:00:54,15363,15363,15363,2,2
2023-02-15 15:00:55,15363,15363,15363,8,0
2023-02-15 15:00:55,15363,15363,15363,2,0
2023-02-15 15:00:56,15363,15363,15363,2,0
2023-02-15 15:00:56,15364,15364,15364,4,4
2023-02-15 15:00:56,15363,15363,15363,12,-12
2023-02-15 15:00:57,15364,15364,15364,4,4
2023-02-15 15:00:57,15363,15363,15363,2,-2
2023-02-15 15:00:57,15364,15364,15364,2,2
2023-02-15 15:00:58,15365,15365,15365,2,2
2023-02-15 15:00:58,15364,15364,15364,2,-2
2023-02-15 15:00:58,15364,15364,15364,2,0
2023-02-15 15:00:58,15364,15364,15364,2,0
2023-02-15 15:00:58,15363,15363,15363,2,-2
2023-02-15 15:00:59,15365,15365,15365,2,2
2023-02-15 15:00:59,15363,15363,15363,2,-2
2023-02-15 15:00:59,15363,15363,15363,2,0
2023-02-15 15:00:59,15363,15363,15363,2,0
2023-02-15 15:00:59,15364,15364,15364,2,2
2023-02-15 15:00:59,15363,15363,15363,2,-2
2023-02-15 15:00:59,15363,15363,15363,2,0
2023-02-15 15:00:59,15362,15362,15362,6,-6
2023-02-15 15:00:59,15362,15362,15362,2,0
2023-02-15 15:00:59,15362,15362,15362,8,0
2023-02-15 15:00:59,15362,15362,15362,2,0
2023-02-15 15:00:59,15362,15362,15362,2,0
2023-02-15 15:00:59,15362,15362,15362,2,0
2023-02-15 15:00:59,15361,15361,15361,2,-2
2023-02-15 15:00:59,15361,15361,15361,4,0
2023-02-15 15:00:59,15361,15361,15361,2,0
2023-02-15 15:00:59,15361,15361,15361,6,0
2023-02-15 15:00:59,15361,15361,15361,2,0
2023-02-15 15:00:59,15361,15361,15361,2,0
2023-02-15 15:00:59,15361,15361,15361,2,0
2023-02-15 15:00:59,15361,15361,15361,2,0
2023-02-15 15:00:59,15361,15361,15361,2,0
2023-02-15 15:00:59,15361,15361,15361,2,0
2023-02-15 15:00:59,15361,15361,15361,2,0
2023-02-15 15:00:59,15360,15360,15360,2,-2
2023-02-15 15:00:59,15360,15360,15360,2,0
2023-02-15 15:00:59,15360,15360,15360,2,0
2023-02-15 15:00:59,15360,15360,15360,6,0
2023-02-15 15:00:59,15360,15360,15360,2,0
2023-02-15 15:00:59,15360,15360,15360,2,0
2023-02-15 15:00:59,15360,15360,15360,2,0
2023-02-15 15:00:59,15360,15360,15360,2,0
2023-02-15 15:00:59,15360,15360,15360,4,0
2023-02-15 15:00:59,15360,15360,15360,2,0
2023-02-15 15:00:59,15360,15360,15360,2,0
2023-02-15 15:00:59,15361,15361,15361,2,2
2023-02-15 15:01:00,15360,15360,15360,6,-6
2023-02-15 15:01:00,15360,15360,15360,2,0
2023-02-15 15:01:00,15359,15359,15359,6,-6
2023-02-15 15:01:00,15359,15359,15359,2,0
2023-02-15 15:01:00,15359,15359,15359,2,0
2023-02-15 15:01:00,15359,15359,15359,6,0
2023-02-15 15:01:00,15359,15359,15359,2,0
2023-02-15 15:01:00,15359,15359,15359,2,0
2023-02-15 15:01:00,15359,15359,15359,4,0
2023-02-15 15:01:00,15360,15360,15360,2,2
2023-02-15 15:01:00,15359,15359,15359,2,-2
2023-02-15 15:01:00,15359,15359,15359,2,0
2023-02-15 15:01:00,15358,15358,15358,2,-2
2023-02-15 15:01:00,15358,15358,15358,4,0
2023-02-15 15:01:00,15358,15358,15358,2,0
2023-02-15 15:01:00,15358,15358,15358,2,0
2023-02-15 15:01:00,15358,15358,15358,2,0
2023-02-15 15:01:00,15358,15358,15358,4,0
2023-02-15 15:01:00,15358,15358,15358,2,0
2023-02-15 15:01:00,15358,15358,15358,2,0
2023-02-15 15:01:00,15358,15358,15358,2,0
2023-02-15 15:01:00,15359,15359,15359,4,4
2023-02-15 15:01:00,15360,15360,15360,2,2
2023-02-15 15:01:00,15358,15358,15358,2,-2
2023-02-15 15:01:00,15358,15358,15358,2,0
2023-02-15 15:01:00,15358,15358,15358,2,0
2023-02-15 15:01:00,15357,15357,15357,2,-2
2023-02-15 15:01:00,15358,15358,15358,2,2
2023-02-15 15:01:00,15357,15357,15357,2,-2
2023-02-15 15:01:00,15357,15357,15357,6,0
2023-02-15 15:01:00,15357,15357,15357,2,0
2023-02-15 15:01:00,15357,15357,15357,2,0
2023-02-15 15:01:00,15357,15357,15357,6,0
2023-02-15 15:01:00,15357,15357,15357,2,0
2023-02-15 15:01:00,15356,15356,15356,2,-2
2023-02-15 15:01:00,15356,15356,15356,2,0
2023-02-15 15:01:00,15356,15356,15356,2,0
2023-02-15 15:01:00,15357,15357,15357,2,2
2023-02-15 15:01:01,15356,15356,15356,2,-2
2023-02-15 15:01:01,15356,15356,15356,2,0
2023-02-15 15:01:01,15356,15356,15356,2,0
2023-02-15 15:01:01,15355,15355,15355,2,-2
2023-02-15 15:01:01,15355,15355,15355,4,0
2023-02-15 15:01:01,15355,15355,15355,4,0
2023-02-15 15:01:01,15355,15355,15355,2,0
2023-02-15 15:01:01,15355,15355,15355,6,0
2023-02-15 15:01:01,15355,15355,15355,2,0
2023-02-15 15:01:01,15355,15355,15355,2,0
2023-02-15 15:01:01,15355,15355,15355,2,0
2023-02-15 15:01:01,15355,15355,15355,2,0
2023-02-15 15:01:01,15355,15355,15355,2,0
2023-02-15 15:01:01,15355,15355,15355,2,0
2023-02-15 15:01:01,15355,15355,15355,2,0
2023-02-15 15:01:01,15354,15354,15354,2,-2
2023-02-15 15:01:01,15353,15353,15353,2,-2
2023-02-15 15:01:01,15353,15353,15353,2,0
2023-02-15 15:01:01,15353,15353,15353,4,0
2023-02-15 15:01:01,15353,15353,15353,2,0
2023-02-15 15:01:01,15353,15353,15353,2,0
2023-02-15 15:01:01,15353,15353,15353,2,0
2023-02-15 15:01:01,15352,15352,15352,2,-2
2023-02-15 15:01:01,15352,15352,15352,2,0
2023-02-15 15:01:01,15352,15352,15352,2,0
2023-02-15 15:01:01,15353,15353,15353,6,6
2023-02-15 15:01:01,15353,15353,15353,2,0
2023-02-15 15:01:01,15354,15354,15354,2,2
2023-02-15 15:01:01,15354,15354,15354,4,0
2023-02-15 15:01:01,15355,15355,15355,2,2
2023-02-15 15:01:01,15354,15354,15354,2,-2
2023-02-15 15:01:01,15355,15355,15355,2,2
2023-02-15 15:01:01,15355,15355,15355,2,0
2023-02-15 15:01:01,15356,15356,15356,2,2
2023-02-15 15:01:01,15356,15356,15356,2,0
2023-02-15 15:01:01,15357,15357,15357,4,4
2023-02-15 15:01:01,15357,15357,15357,2,0
2023-02-15 15:01:01,15357,15357,15357,2,0
2023-02-15 15:01:01,15358,15358,15358,2,2
2023-02-15 15:01:02,15356,15356,15356,2,-2
2023-02-15 15:01:02,15356,15356,15356,4,0
2023-02-15 15:01:02,15355,15355,15355,2,-2
2023-02-15 15:01:02,15357,15357,15357,2,2
2023-02-15 15:01:02,15356,15356,15356,4,-4
2023-02-15 15:01:03,15354,15354,15354,2,-2
2023-02-15 15:01:03,15354,15354,15354,2,0
2023-02-15 15:01:03,15354,15354,15354,2,0
2023-02-15 15:01:03,15354,15354,15354,2,0
2023-02-15 15:01:03,15354,15354,15354,2,0
2023-02-15 15:01:03,15355,15355,15355,2,2
2023-02-15 15:01:03,15355,15355,15355,2,0
2023-02-15 15:01:04,15353,15353,15353,2,-2
2023-02-15 15:01:04,15353,15353,15353,2,0
2023-02-15 15:01:04,15353,15353,15353,2,0
2023-02-15 15:01:04,15354,15354,15354,2,2
2023-02-15 15:01:05,15353,15353,15353,6,-6
2023-02-15 15:01:05,15355,15355,15355,2,2
2023-02-15 15:01:06,15353,15353,15353,6,-6
2023-02-15 15:01:06,15353,15353,15353,6,0
2023-02-15 15:01:06,15353,15353,15353,2,0
2023-02-15 15:01:06,15354,15354,15354,10,10
2023-02-15 15:01:06,15355,15355,15355,6,6
2023-02-15 15:01:07,15354,15354,15354,2,-2
2023-02-15 15:01:07,15353,15353,15353,2,-2
2023-02-15 15:01:07,15353,15353,15353,2,0
2023-02-15 15:01:08,15353,15353,15353,4,0
2023-02-15 15:01:09,15353,15353,15353,2,0
2023-02-15 15:01:09,15353,15353,15353,2,0
2023-02-15 15:01:09,15353,15353,15353,2,0
2023-02-15 15:01:09,15353,15353,15353,2,0
2023-02-15 15:01:09,15352,15352,15352,2,-2
2023-02-15 15:01:09,15352,15352,15352,2,0
2023-02-15 15:01:09,15353,15353,15353,2,2
2023-02-15 15:01:10,15351,15351,15351,2,-2
2023-02-15 15:01:11,15351,15351,15351,2,0
2023-02-15 15:01:11,15353,15353,15353,2,2
2023-02-15 15:01:11,15351,15351,15351,2,-2
2023-02-15 15:01:12,15353,15353,15353,2,2
2023-02-15 15:01:12,15352,15352,15352,2,-2
2023-02-15 15:01:12,15353,15353,15353,2,2
2023-02-15 15:01:12,15351,15351,15351,2,-2
2023-02-15 15:01:12,15351,15351,15351,2,0
2023-02-15 15:01:12,15351,15351,15351,2,0
2023-02-15 15:01:12,15351,15351,15351,2,0
2023-02-15 15:01:12,15350,15350,15350,2,-2
2023-02-15 15:01:13,15352,15352,15352,2,2
2023-02-15 15:01:13,15351,15351,15351,2,-2
2023-02-15 15:01:13,15351,15351,15351,2,0
2023-02-15 15:01:13,15352,15352,15352,4,4
2023-02-15 15:01:14,15350,15350,15350,2,-2
2023-02-15 15:01:14,15350,15350,15350,2,0
2023-02-15 15:01:14,15350,15350,15350,4,0
2023-02-15 15:01:14,15350,15350,15350,2,0
2023-02-15 15:01:14,15350,15350,15350,2,0
2023-02-15 15:01:14,15350,15350,15350,2,0
2023-02-15 15:01:14,15350,15350,15350,2,0
2023-02-15 15:01:14,15350,15350,15350,20,0
2023-02-15 15:01:14,15350,15350,15350,4,0
2023-02-15 15:01:14,15350,15350,15350,2,0
2023-02-15 15:01:14,15350,15350,15350,2,0
2023-02-15 15:01:14,15349,15349,15349,2,-2
2023-02-15 15:01:14,15350,15350,15350,4,4
2023-02-15 15:01:15,15348,15348,15348,2,-2
2023-02-15 15:01:15,15350,15350,15350,2,2
2023-02-15 15:01:15,15348,15348,15348,4,-4
2023-02-15 15:01:15,15348,15348,15348,2,0
2023-02-15 15:01:15,15348,15348,15348,2,0
2023-02-15 15:01:15,15348,15348,15348,2,0
2023-02-15 15:01:15,15348,15348,15348,2,0
2023-02-15 15:01:16,15348,15348,15348,2,0
2023-02-15 15:01:16,15351,15351,15351,2,2
2023-02-15 15:01:17,15350,15350,15350,2,-2
2023-02-15 15:01:17,15351,15351,15351,2,2
2023-02-15 15:01:18,15351,15351,15351,2,0
2023-02-15 15:01:19,15351,15351,15351,2,0
2023-02-15 15:01:20,15352,15352,15352,2,2
2023-02-15 15:01:20,15351,15351,15351,2,-2
2023-02-15 15:01:20,15350,15350,15350,2,-2
2023-02-15 15:01:20,15350,15350,15350,2,0
2023-02-15 15:01:20,15350,15350,15350,2,0
2023-02-15 15:01:20,15350,15350,15350,4,0
2023-02-15 15:01:20,15350,15350,15350,2,0
2023-02-15 15:01:20,15350,15350,15350,2,0
2023-02-15 15:01:20,15350,15350,15350,2,0
2023-02-15 15:01:20,15350,15350,15350,2,0
2023-02-15 15:01:20,15349,15349,15349,2,-2
2023-02-15 15:01:20,15349,15349,15349,2,0
2023-02-15 15:01:20,15349,15349,15349,4,0
2023-02-15 15:01:20,15349,15349,15349,2,0
2023-02-15 15:01:20,15348,15348,15348,2,-2
2023-02-15 15:01:21,15351,15351,15351,4,4
2023-02-15 15:01:21,15351,15351,15351,2,0
2023-02-15 15:01:21,15351,15351,15351,2,0
2023-02-15 15:01:21,15351,15351,15351,2,0
2023-02-15 15:01:21,15352,15352,15352,8,8
2023-02-15 15:01:21,15350,15350,15350,2,-2
2023-02-15 15:01:21,15350,15350,15350,2,0
2023-02-15 15:01:21,15350,15350,15350,2,0
2023-02-15 15:01:22,15350,15350,15350,2,0
2023-02-15 15:01:22,15350,15350,15350,2,0
2023-02-15 15:01:22,15351,15351,15351,2,2
2023-02-15 15:01:23,15351,15351,15351,2,0
2023-02-15 15:01:23,15351,15351,15351,2,0
2023-02-15 15:01:23,15352,15352,15352,4,4
2023-02-15 15:01:23,15351,15351,15351,2,-2
2023-02-15 15:01:25,15351,15351,15351,2,0
2023-02-15 15:01:25,15353,15353,15353,8,8
2023-02-15 15:01:26,15352,15352,15352,2,-2
2023-02-15 15:01:26,15352,15352,15352,2,0
2023-02-15 15:01:26,15352,15352,15352,2,0
2023-02-15 15:01:26,15351,15351,15351,2,-2
2023-02-15 15:01:26,15351,15351,15351,2,0
2023-02-15 15:01:27,15353,15353,15353,2,2
2023-02-15 15:01:28,15353,15353,15353,6,0
2023-02-15 15:01:28,15354,15354,15354,4,4
2023-02-15 15:01:28,15355,15355,15355,16,16
2023-02-15 15:01:28,15355,15355,15355,2,0
2023-02-15 15:01:29,15354,15354,15354,2,-2
2023-02-15 15:01:29,15354,15354,15354,2,0
2023-02-15 15:01:30,15354,15354,15354,2,0
2023-02-15 15:01:30,15354,15354,15354,2,0
2023-02-15 15:01:30,15353,15353,15353,2,-2
2023-02-15 15:01:30,15355,15355,15355,2,2
2023-02-15 15:01:31,15355,15355,15355,2,0
2023-02-15 15:01:31,15354,15354,15354,2,-2
2023-02-15 15:01:32,15354,15354,15354,2,0
2023-02-15 15:01:32,15354,15354,15354,2,0
2023-02-15 15:01:32,15355,15355,15355,4,4
2023-02-15 15:01:32,15354,15354,15354,2,-2
2023-02-15 15:01:32,15354,15354,15354,2,0
2023-02-15 15:01:36,15353,15353,15353,4,-4
2023-02-15 15:01:37,15355,15355,15355,2,2
2023-02-15 15:01:38,15354,15354,15354,2,-2
2023-02-15 15:01:38,15353,15353,15353,2,-2
2023-02-15 15:01:40,15353,15353,15353,4,0
2023-02-15 15:01:40,15353,15353,15353,6,0
2023-02-15 15:01:40,15353,15353,15353,2,0
2023-02-15 15:01:40,15353,15353,15353,2,0
2023-02-15 15:01:41,15353,15353,15353,2,0
2023-02-15 15:01:41,15353,15353,15353,2,0
2023-02-15 15:01:41,15353,15353,15353,2,0
2023-02-15 15:01:42,15353,15353,15353,2,0
2023-02-15 15:01:42,15354,15354,15354,6,6
2023-02-15 15:01:44,15354,15354,15354,2,0
2023-02-15 15:01:45,15355,15355,15355,2,2
2023-02-15 15:01:47,15355,15355,15355,24,0
2023-02-15 15:01:49,15355,15355,15355,2,0
2023-02-15 15:01:49,15354,15354,15354,2,-2
2023-02-15 15:01:49,15354,15354,15354,2,0
2023-02-15 15:01:49,15354,15354,15354,2,0
2023-02-15 15:01:49,15354,15354,15354,2,0
2023-02-15 15:01:49,15354,15354,15354,2,0
2023-02-15 15:01:49,15354,15354,15354,2,0
2023-02-15 15:01:49,15354,15354,15354,2,0
2023-02-15 15:01:49,15354,15354,15354,2,0
2023-02-15 15:01:49,15354,15354,15354,2,0
2023-02-15 15:01:50,15353,15353,15353,2,-2
2023-02-15 15:01:50,15353,15353,15353,2,0
2023-02-15 15:01:50,15353,15353,15353,2,0
2023-02-15 15:01:51,15354,15354,15354,2,2
2023-02-15 15:01:52,15353,15353,15353,4,-4
2023-02-15 15:01:52,15353,15353,15353,2,0
2023-02-15 15:01:52,15353,15353,15353,2,0
2023-02-15 15:01:52,15352,15352,15352,2,-2
2023-02-15 15:01:53,15353,15353,15353,2,2
2023-02-15 15:01:53,15353,15353,15353,6,0
2023-02-15 15:01:53,15353,15353,15353,2,0
2023-02-15 15:01:54,15353,15353,15353,8,0
2023-02-15 15:01:55,15353,15353,15353,2,0
2023-02-15 15:01:55,15352,15352,15352,2,-2
2023-02-15 15:01:55,15352,15352,15352,2,0
2023-02-15 15:01:55,15352,15352,15352,4,0
2023-02-15 15:01:56,15352,15352,15352,4,0
2023-02-15 15:01:56,15352,15352,15352,2,0
2023-02-15 15:01:56,15351,15351,15351,2,-2
2023-02-15 15:01:56,15351,15351,15351,2,0
2023-02-15 15:01:56,15351,15351,15351,2,0
2023-02-15 15:01:56,15351,15351,15351,2,0
2023-02-15 15:01:56,15351,15351,15351,2,0
2023-02-15 15:01:56,15351,15351,15351,2,0
2023-02-15 15:01:56,15351,15351,15351,2,0
2023-02-15 15:01:56,15353,15353,15353,2,2
2023-02-15 15:01:57,15351,15351,15351,2,-2
2023-02-15 15:01:57,15353,15353,15353,2,2
2023-02-15 15:01:59,15351,15351,15351,2,-2
2023-02-15 15:01:59,15351,15351,15351,2,0
2023-02-15 15:01:59,15351,15351,15351,2,0
2023-02-15 15:01:59,15351,15351,15351,2,0
2023-02-15 15:01:59,15352,15352,15352,2,2
2023-02-15 15:02:00,15351,15351,15351,2,-2
2023-02-15 15:02:00,15351,15351,15351,4,0
2023-02-15 15:02:00,15351,15351,15351,2,0
2023-02-15 15:02:00,15352,15352,15352,2,2
2023-02-15 15:02:00,15352,15352,15352,4,0
2023-02-15 15:02:01,15353,15353,15353,2,2
2023-02-15 15:02:02,15352,15352,15352,2,-2
2023-02-15 15:02:02,15351,15351,15351,2,-2
2023-02-15 15:02:02,15351,15351,15351,6,0
2023-02-15 15:02:03,15352,15352,15352,2,2
2023-02-15 15:02:03,15353,15353,15353,2,2
2023-02-15 15:02:03,15352,15352,15352,2,-2
2023-02-15 15:02:04,15351,15351,15351,2,-2
2023-02-15 15:02:05,15353,15353,15353,2,2
2023-02-15 15:02:05,15352,15352,15352,2,-2
2023-02-15 15:02:10,15353,15353,15353,2,2
2023-02-15 15:02:11,15353,15353,15353,6,0
2023-02-15 15:02:11,15353,15353,15353,2,0
2023-02-15 15:02:11,15353,15353,15353,4,0
2023-02-15 15:02:11,15353,15353,15353,2,0
2023-02-15 15:02:14,15354,15354,15354,2,2
2023-02-15 15:02:16,15354,15354,15354,4,0
2023-02-15 15:02:16,15354,15354,15354,2,0
2023-02-15 15:02:16,15355,15355,15355,8,8
2023-02-15 15:02:16,15355,15355,15355,2,0
2023-02-15 15:02:16,15355,15355,15355,2,0
2023-02-15 15:02:17,15356,15356,15356,4,4
2023-02-15 15:02:18,15356,15356,15356,2,0
2023-02-15 15:02:19,15356,15356,15356,4,0
2023-02-15 15:02:19,15357,15357,15357,4,4
2023-02-15 15:02:19,15357,15357,15357,2,0
2023-02-15 15:02:22,15354,15354,15354,4,-4
2023-02-15 15:02:24,15354,15354,15354,2,0
2023-02-15 15:02:24,15355,15355,15355,2,2
2023-02-15 15:02:27,15355,15355,15355,10,0
2023-02-15 15:02:29,15355,15355,15355,2,0
2023-02-15 15:02:30,15355,15355,15355,2,0
2023-02-15 15:02:30,15356,15356,15356,2,2
2023-02-15 15:02:30,15356,15356,15356,2,0
2023-02-15 15:02:31,15356,15356,15356,10,0
2023-02-15 15:02:31,15356,15356,15356,2,0
2023-02-15 15:02:33,15356,15356,15356,2,0
2023-02-15 15:02:33,15357,15357,15357,6,6
2023-02-15 15:02:34,15357,15357,15357,10,0
2023-02-15 15:02:40,15357,15357,15357,2,0
2023-02-15 15:02:41,15357,15357,15357,2,0
2023-02-15 15:02:41,15357,15357,15357,2,0
2023-02-15 15:02:43,15357,15357,15357,8,0
2023-02-15 15:02:43,15358,15358,15358,2,2
2023-02-15 15:02:44,15357,15357,15357,2,-2
2023-02-15 15:02:44,15358,15358,15358,2,2
2023-02-15 15:02:46,15357,15357,15357,2,-2
2023-02-15 15:02:47,15357,15357,15357,2,0
2023-02-15 15:02:48,15357,15357,15357,2,0
2023-02-15 15:02:51,15358,15358,15358,6,6
2023-02-15 15:02:52,15357,15357,15357,2,-2
2023-02-15 15:02:53,15358,15358,15358,16,16
2023-02-15 15:02:54,15358,15358,15358,8,0
2023-02-15 15:02:54,15358,15358,15358,6,0
2023-02-15 15:02:56,15359,15359,15359,8,8
2023-02-15 15:02:56,15360,15360,15360,2,2
2023-02-15 15:02:56,15360,15360,15360,2,0
2023-02-15 15:02:57,15358,15358,15358,2,-2
2023-02-15 15:02:59,15359,15359,15359,4,4
2023-02-15 15:03:00,15358,15358,15358,2,-2
2023-02-15 15:03:00,15358,15358,15358,4,0
2023-02-15 15:03:00,15357,15357,15357,2,-2
2023-02-15 15:03:00,15357,15357,15357,2,0
2023-02-15 15:03:00,15357,15357,15357,2,0
2023-02-15 15:03:00,15357,15357,15357,4,0
2023-02-15 15:03:00,15358,15358,15358,2,2
2023-02-15 15:03:00,15359,15359,15359,2,2
2023-02-15 15:03:03,15359,15359,15359,2,0
2023-02-15 15:03:05,15358,15358,15358,2,-2
2023-02-15 15:03:05,15358,15358,15358,2,0
2023-02-15 15:03:05,15358,15358,15358,2,0
2023-02-15 15:03:05,15359,15359,15359,2,2
2023-02-15 15:03:07,15358,15358,15358,2,-2
2023-02-15 15:03:07,15358,15358,15358,4,0
2023-02-15 15:03:09,15358,15358,15358,2,0
2023-02-15 15:03:09,15358,15358,15358,2,0
2023-02-15 15:03:10,15357,15357,15357,2,-2
2023-02-15 15:03:10,15358,15358,15358,2,2
2023-02-15 15:03:10,15358,15358,15358,2,0
2023-02-15 15:03:10,15358,15358,15358,4,0
2023-02-15 15:03:10,15359,15359,15359,2,2
2023-02-15 15:03:11,15358,15358,15358,2,-2
2023-02-15 15:03:14,15358,15358,15358,2,0
2023-02-15 15:03:16,15358,15358,15358,2,0
2023-02-15 15:03:18,15359,15359,15359,2,2
2023-02-15 15:03:21,15359,15359,15359,2,0
2023-02-15 15:03:21,15359,15359,15359,6,0
2023-02-15 15:03:22,15358,15358,15358,2,-2
2023-02-15 15:03:24,15359,15359,15359,2,2
2023-02-15 15:03:24,15358,15358,15358,2,-2
2023-02-15 15:03:27,15359,15359,15359,2,2
2023-02-15 15:03:28,15359,15359,15359,2,0
2023-02-15 15:03:29,15358,15358,15358,2,-2
2023-02-15 15:03:31,15359,15359,15359,6,6
2023-02-15 15:03:31,15359,15359,15359,2,0
2023-02-15 15:03:32,15360,15360,15360,2,2
2023-02-15 15:03:35,15359,15359,15359,2,-2
2023-02-15 15:03:36,15359,15359,15359,2,0
2023-02-15 15:03:38,15359,15359,15359,2,0
2023-02-15 15:03:38,15358,15358,15358,4,-4
2023-02-15 15:03:38,15358,15358,15358,2,0
2023-02-15 15:03:39,15359,15359,15359,2,2
2023-02-15 15:03:39,15359,15359,15359,4,0
2023-02-15 15:03:39,15359,15359,15359,2,0
2023-02-15 15:03:40,15359,15359,15359,2,0
2023-02-15 15:03:41,15359,15359,15359,2,0
2023-02-15 15:03:41,15359,15359,15359,2,0
2023-02-15 15:03:41,15358,15358,15358,2,-2
2023-02-15 15:03:41,15358,15358,15358,2,0
2023-02-15 15:03:42,15359,15359,15359,6,6
2023-02-15 15:03:43,15360,15360,15360,2,2
2023-02-15 15:03:44,15359,15359,15359,2,-2
2023-02-15 15:03:45,15359,15359,15359,2,0
2023-02-15 15:03:45,15359,15359,15359,2,0
2023-02-15 15:03:46,15358,15358,15358,2,-2
2023-02-15 15:03:46,15358,15358,15358,2,0
2023-02-15 15:03:47,15359,15359,15359,6,6
2023-02-15 15:03:47,15358,15358,15358,2,-2
2023-02-15 15:03:47,15359,15359,15359,2,2
2023-02-15 15:03:47,15359,15359,15359,2,0
2023-02-15 15:03:48,15359,15359,15359,2,0
2023-02-15 15:03:49,15360,15360,15360,16,16
2023-02-15 15:03:49,15360,15360,15360,2,0
2023-02-15 15:03:49,15360,15360,15360,2,0
2023-02-15 15:03:49,15360,15360,15360,2,0
2023-02-15 15:03:50,15360,15360,15360,2,0
2023-02-15 15:03:52,15361,15361,15361,2,2
2023-02-15 15:03:53,15360,15360,15360,2,-2
2023-02-15 15:03:54,15360,15360,15360,2,0
2023-02-15 15:03:54,15360,15360,15360,8,0
2023-02-15 15:03:54,15360,15360,15360,2,0
2023-02-15 15:03:56,15361,15361,15361,2,2
2023-02-15 15:03:56,15360,15360,15360,2,-2
2023-02-15 15:04:01,15360,15360,15360,2,0
2023-02-15 15:04:02,15361,15361,15361,2,2
2023-02-15 15:04:04,15360,15360,15360,2,-2
2023-02-15 15:04:05,15359,15359,15359,2,-2
2023-02-15 15:04:07,15360,15360,15360,14,14
2023-02-15 15:04:08,15361,15361,15361,8,8
2023-02-15 15:04:08,15361,15361,15361,2,0
2023-02-15 15:04:08,15361,15361,15361,2,0
2023-02-15 15:04:08,15362,15362,15362,8,8
2023-02-15 15:04:09,15362,15362,15362,2,0
2023-02-15 15:04:11,15361,15361,15361,2,-2
2023-02-15 15:04:11,15362,15362,15362,2,2
2023-02-15 15:04:11,15360,15360,15360,2,-2
2023-02-15 15:04:12,15362,15362,15362,2,2
2023-02-15 15:04:12,15360,15360,15360,2,-2
2023-02-15 15:04:13,15361,15361,15361,2,2
2023-02-15 15:04:14,15362,15362,15362,2,2
2023-02-15 15:04:17,15361,15361,15361,2,-2
2023-02-15 15:04:17,15361,15361,15361,2,0
2023-02-15 15:04:17,15362,15362,15362,10,10
2023-02-15 15:04:17,15362,15362,15362,2,0
2023-02-15 15:04:18,15362,15362,15362,2,0
2023-02-15 15:04:18,15361,15361,15361,2,-2
2023-02-15 15:04:19,15362,15362,15362,2,2
2023-02-15 15:04:20,15362,15362,15362,2,0
2023-02-15 15:04:20,15362,15362,15362,2,0
2023-02-15 15:04:24,15362,15362,15362,2,0
2023-02-15 15:04:28,15362,15362,15362,2,0
2023-02-15 15:04:29,15362,15362,15362,10,0
2023-02-15 15:04:29,15362,15362,15362,2,0
2023-02-15 15:04:33,15363,15363,15363,36,36
2023-02-15 15:04:33,15363,15363,15363,2,0
2023-02-15 15:04:33,15363,15363,15363,2,0
2023-02-15 15:04:33,15363,15363,15363,2,0
2023-02-15 15:04:35,15364,15364,15364,2,2
2023-02-15 15:04:37,15364,15364,15364,6,0
2023-02-15 15:04:37,15364,15364,15364,2,0
2023-02-15 15:04:38,15363,15363,15363,2,-2
2023-02-15 15:04:39,15364,15364,15364,4,4
2023-02-15 15:04:42,15363,15363,15363,2,-2
2023-02-15 15:04:42,15365,15365,15365,4,4
2023-02-15 15:04:43,15364,15364,15364,4,-4
2023-02-15 15:04:44,15364,15364,15364,2,0
2023-02-15 15:04:44,15364,15364,15364,10,0
2023-02-15 15:04:44,15363,15363,15363,2,-2
2023-02-15 15:04:44,15363,15363,15363,2,0
2023-02-15 15:04:44,15363,15363,15363,2,0
2023-02-15 15:04:44,15365,15365,15365,4,4
2023-02-15 15:04:47,15365,15365,15365,2,0
2023-02-15 15:04:48,15365,15365,15365,2,0
2023-02-15 15:04:48,15364,15364,15364,2,-2
2023-02-15 15:04:48,15365,15365,15365,2,2
2023-02-15 15:04:48,15365,15365,15365,18,0
2023-02-15 15:04:49,15366,15366,15366,6,6
2023-02-15 15:04:49,15366,15366,15366,6,0
2023-02-15 15:04:49,15366,15366,15366,2,0
2023-02-15 15:04:49,15367,15367,15367,6,6
2023-02-15 15:04:49,15367,15367,15367,2,0
2023-02-15 15:04:49,15367,15367,15367,2,0
2023-02-15 15:04:49,15367,15367,15367,2,0
2023-02-15 15:04:50,15368,15368,15368,8,8
2023-02-15 15:04:52,15368,15368,15368,2,0
2023-02-15 15:04:53,15368,15368,15368,2,0
2023-02-15 15:04:54,15367,15367,15367,2,-2
2023-02-15 15:04:54,15366,15366,15366,2,-2
2023-02-15 15:04:54,15368,15368,15368,2,2
2023-02-15 15:04:54,15368,15368,15368,2,0
2023-02-15 15:04:55,15368,15368,15368,2,0
2023-02-15 15:04:57,15367,15367,15367,2,-2
2023-02-15 15:04:57,15367,15367,15367,2,0
2023-02-15 15:04:59,15368,15368,15368,4,4
2023-02-15 15:05:00,15367,15367,15367,2,-2
2023-02-15 15:05:00,15366,15366,15366,2,-2
2023-02-15 15:05:00,15366,15366,15366,2,0
2023-02-15 15:05:00,15366,15366,15366,2,0
2023-02-15 15:05:01,15367,15367,15367,2,2
2023-02-15 15:05:01,15367,15367,15367,2,0
2023-02-15 15:05:01,15367,15367,15367,2,0
2023-02-15 15:05:02,15366,15366,15366,2,-2
2023-02-15 15:05:02,15367,15367,15367,2,2
2023-02-15 15:05:02,15367,15367,15367,4,0
2023-02-15 15:05:02,15367,15367,15367,2,0
2023-02-15 15:05:03,15366,15366,15366,2,-2
2023-02-15 15:05:03,15366,15366,15366,2,0
2023-02-15 15:05:03,15366,15366,15366,2,0
2023-02-15 15:05:04,15367,15367,15367,8,8
2023-02-15 15:05:05,15367,15367,15367,2,0
2023-02-15 15:05:05,15366,15366,15366,2,-2
2023-02-15 15:05:06,15366,15366,15366,2,0
2023-02-15 15:05:06,15367,15367,15367,2,2
2023-02-15 15:05:07,15366,15366,15366,2,-2
2023-02-15 15:05:07,15367,15367,15367,2,2
2023-02-15 15:05:11,15366,15366,15366,2,-2
2023-02-15 15:05:11,15366,15366,15366,2,0
2023-02-15 15:05:11,15365,15365,15365,2,-2
2023-02-15 15:05:11,15365,15365,15365,2,0
2023-02-15 15:05:11,15365,15365,15365,2,0
2023-02-15 15:05:12,15365,15365,15365,2,0
2023-02-15 15:05:12,15366,15366,15366,2,2
2023-02-15 15:05:13,15366,15366,15366,2,0
2023-02-15 15:05:13,15366,15366,15366,2,0
2023-02-15 15:05:14,15366,15366,15366,2,0
2023-02-15 15:05:15,15366,15366,15366,6,0
2023-02-15 15:05:15,15367,15367,15367,4,4
2023-02-15 15:05:16,15365,15365,15365,2,-2
2023-02-15 15:05:16,15364,15364,15364,4,-4
2023-02-15 15:05:16,15364,15364,15364,6,0
2023-02-15 15:05:16,15364,15364,15364,2,0
2023-02-15 15:05:16,15364,15364,15364,2,0
2023-02-15 15:05:16,15364,15364,15364,2,0
2023-02-15 15:05:19,15364,15364,15364,4,0
2023-02-15 15:05:19,15363,15363,15363,2,-2
2023-02-15 15:05:21,15364,15364,15364,4,4
2023-02-15 15:05:21,15363,15363,15363,2,-2
2023-02-15 15:05:21,15363,15363,15363,2,0
2023-02-15 15:05:22,15363,15363,15363,2,0
2023-02-15 15:05:22,15363,15363,15363,2,0
2023-02-15 15:05:23,15363,15363,15363,2,0
2023-02-15 15:05:25,15363,15363,15363,2,0
2023-02-15 15:05:25,15363,15363,15363,2,0
2023-02-15 15:05:26,15364,15364,15364,4,4
2023-02-15 15:05:28,15365,15365,15365,4,4
2023-02-15 15:05:32,15365,15365,15365,8,0
2023-02-15 15:05:32,15365,15365,15365,2,0
2023-02-15 15:05:36,15365,15365,15365,4,0
2023-02-15 15:05:38,15365,15365,15365,2,0
2023-02-15 15:05:40,15364,15364,15364,2,-2
2023-02-15 15:05:41,15364,15364,15364,2,0
2023-02-15 15:05:41,15364,15364,15364,2,0
2023-02-15 15:05:41,15365,15365,15365,2,2
2023-02-15 15:05:42,15364,15364,15364,2,-2
2023-02-15 15:05:42,15365,15365,15365,2,2
2023-02-15 15:05:48,15364,15364,15364,2,-2
2023-02-15 15:05:48,15364,15364,15364,4,0
2023-02-15 15:05:50,15364,15364,15364,2,0
2023-02-15 15:05:51,15363,15363,15363,2,-2
2023-02-15 15:05:51,15363,15363,15363,2,0
2023-02-15 15:05:51,15363,15363,15363,2,0
2023-02-15 15:05:51,15363,15363,15363,2,0
2023-02-15 15:05:51,15363,15363,15363,2,0
2023-02-15 15:05:51,15363,15363,15363,2,0
2023-02-15 15:05:51,15363,15363,15363,2,0
2023-02-15 15:05:51,15363,15363,15363,2,0
2023-02-15 15:05:51,15363,15363,15363,2,0
2023-02-15 15:05:51,15363,15363,15363,2,0
2023-02-15 15:05:51,15363,15363,15363,2,0
2023-02-15 15:05:52,15363,15363,15363,2,0
2023-02-15 15:05:53,15362,15362,15362,2,-2
2023-02-15 15:05:53,15362,15362,15362,2,0
2023-02-15 15:05:53,15362,15362,15362,4,0
2023-02-15 15:05:53,15362,15362,15362,2,0
2023-02-15 15:05:54,15362,15362,15362,4,0
2023-02-15 15:05:56,15361,15361,15361,2,-2
2023-02-15 15:05:56,15361,15361,15361,2,0
2023-02-15 15:05:56,15361,15361,15361,2,0
2023-02-15 15:05:56,15361,15361,15361,2,0
2023-02-15 15:05:56,15361,15361,15361,2,0
2023-02-15 15:05:56,15361,15361,15361,2,0
2023-02-15 15:05:56,15362,15362,15362,2,2
2023-02-15 15:05:57,15361,15361,15361,2,-2
2023-02-15 15:05:57,15360,15360,15360,2,-2
2023-02-15 15:05:57,15362,15362,15362,2,2
2023-02-15 15:05:59,15361,15361,15361,2,-2
2023-02-15 15:05:59,15362,15362,15362,2,2
2023-02-15 15:06:00,15361,15361,15361,2,-2
2023-02-15 15:06:00,15361,15361,15361,2,0
2023-02-15 15:06:01,15361,15361,15361,2,0
2023-02-15 15:06:03,15362,15362,15362,2,2
2023-02-15 15:06:05,15360,15360,15360,2,-2
2023-02-15 15:06:09,15360,15360,15360,2,0
2023-02-15 15:06:09,15360,15360,15360,4,0
2023-02-15 15:06:09,15361,15361,15361,2,2
2023-02-15 15:06:11,15361,15361,15361,6,0
2023-02-15 15:06:11,15362,15362,15362,4,4
2023-02-15 15:06:16,15361,15361,15361,2,-2
2023-02-15 15:06:17,15362,15362,15362,4,4
2023-02-15 15:06:17,15362,15362,15362,2,0
2023-02-15 15:06:18,15361,15361,15361,2,-2
2023-02-15 15:06:20,15361,15361,15361,2,0
2023-02-15 15:06:20,15361,15361,15361,2,0
2023-02-15 15:06:20,15361,15361,15361,2,0
2023-02-15 15:06:20,15361,15361,15361,2,0
2023-02-15 15:06:20,15361,15361,15361,2,0
2023-02-15 15:06:21,15361,15361,15361,2,0
2023-02-15 15:06:23,15362,15362,15362,2,2
2023-02-15 15:06:23,15362,15362,15362,6,0
2023-02-15 15:06:23,15362,15362,15362,2,0
2023-02-15 15:06:28,15362,15362,15362,2,0
2023-02-15 15:06:28,15363,15363,15363,8,8
2023-02-15 15:06:28,15362,15362,15362,2,-2
2023-02-15 15:06:34,15362,15362,15362,2,0
2023-02-15 15:06:36,15363,15363,15363,4,4
2023-02-15 15:06:37,15363,15363,15363,2,0
2023-02-15 15:06:42,15362,15362,15362,2,-2
2023-02-15 15:06:42,15362,15362,15362,2,0
2023-02-15 15:06:43,15363,15363,15363,2,2
2023-02-15 15:06:50,15362,15362,15362,2,-2
2023-02-15 15:06:52,15363,15363,15363,2,2
2023-02-15 15:06:54,15362,15362,15362,2,-2
2023-02-15 15:06:54,15362,15362,15362,2,0
2023-02-15 15:06:54,15362,15362,15362,2,0
2023-02-15 15:06:54,15362,15362,15362,2,0
2023-02-15 15:06:54,15362,15362,15362,2,0
2023-02-15 15:06:54,15362,15362,15362,2,0
2023-02-15 15:06:58,15362,15362,15362,4,0
2023-02-15 15:06:58,15362,15362,15362,2,0
2023-02-15 15:07:00,15362,15362,15362,2,0
2023-02-15 15:07:00,15363,15363,15363,2,2
2023-02-15 15:07:00,15362,15362,15362,2,-2
2023-02-15 15:07:01,15363,15363,15363,4,4
2023-02-15 15:07:01,15363,15363,15363,6,0
2023-02-15 15:07:03,15363,15363,15363,2,0
2023-02-15 15:07:07,15364,15364,15364,2,2
2023-02-15 15:07:08,15363,15363,15363,2,-2
2023-02-15 15:07:08,15363,15363,15363,4,0
2023-02-15 15:07:16,15363,15363,15363,2,0
2023-02-15 15:07:16,15363,15363,15363,2,0
2023-02-15 15:07:16,15363,15363,15363,2,0
2023-02-15 15:07:16,15363,15363,15363,2,0
2023-02-15 15:07:16,15363,15363,15363,2,0
2023-02-15 15:07:16,15362,15362,15362,2,-2
2023-02-15 15:07:16,15362,15362,15362,2,0
2023-02-15 15:07:16,15362,15362,15362,2,0
2023-02-15 15:07:16,15362,15362,15362,2,0
2023-02-15 15:07:16,15362,15362,15362,2,0
2023-02-15 15:07:16,15362,15362,15362,6,0
2023-02-15 15:07:16,15362,15362,15362,2,0
2023-02-15 15:07:16,15362,15362,15362,2,0
2023-02-15 15:07:16,15361,15361,15361,2,-2
2023-02-15 15:07:16,15361,15361,15361,2,0
2023-02-15 15:07:16,15361,15361,15361,2,0
2023-02-15 15:07:17,15363,15363,15363,2,2
2023-02-15 15:07:17,15363,15363,15363,2,0
2023-02-15 15:07:20,15363,15363,15363,8,0
2023-02-15 15:07:31,15361,15361,15361,2,-2
2023-02-15 15:07:31,15361,15361,15361,2,0
2023-02-15 15:07:31,15361,15361,15361,2,0
2023-02-15 15:07:42,15362,15362,15362,2,2
2023-02-15 15:07:42,15362,15362,15362,2,0
2023-02-15 15:07:42,15362,15362,15362,2,0
2023-02-15 15:07:42,15362,15362,15362,2,0
2023-02-15 15:07:42,15362,15362,15362,8,0
2023-02-15 15:07:42,15363,15363,15363,2,2
2023-02-15 15:07:42,15363,15363,15363,10,0
2023-02-15 15:07:42,15362,15362,15362,2,-2
2023-02-15 15:07:42,15362,15362,15362,2,0
2023-02-15 15:07:42,15362,15362,15362,2,0
2023-02-15 15:07:42,15364,15364,15364,6,6
2023-02-15 15:07:43,15362,15362,15362,2,-2
2023-02-15 15:07:58,15362,15362,15362,2,0
2023-02-15 15:08:00,15362,15362,15362,4,0
2023-02-15 15:08:00,15362,15362,15362,2,0
2023-02-15 15:08:03,15362,15362,15362,2,0
2023-02-15 15:08:14,15363,15363,15363,4,4
2023-02-15 15:08:15,15362,15362,15362,2,-2
2023-02-15 15:08:16,15362,15362,15362,2,0
2023-02-15 15:08:16,15362,15362,15362,2,0
2023-02-15 15:08:16,15362,15362,15362,2,0
2023-02-15 15:08:16,15362,15362,15362,2,0
2023-02-15 15:08:21,15362,15362,15362,2,0
2023-02-15 15:08:27,15362,15362,15362,2,0
2023-02-15 15:08:28,15363,15363,15363,6,6
2023-02-15 15:08:29,15364,15364,15364,4,4
2023-02-15 15:08:34,15363,15363,15363,2,-2
2023-02-15 15:08:34,15364,15364,15364,4,4
2023-02-15 15:08:39,15364,15364,15364,2,0
2023-02-15 15:08:39,15364,15364,15364,6,0
2023-02-15 15:08:44,15364,15364,15364,2,0
2023-02-15 15:08:44,15365,15365,15365,2,2
2023-02-15 15:08:46,15363,15363,15363,2,-2
2023-02-15 15:08:46,15363,15363,15363,2,0
2023-02-15 15:08:46,15362,15362,15362,2,-2
2023-02-15 15:08:46,15362,15362,15362,2,0
2023-02-15 15:08:46,15362,15362,15362,2,0
2023-02-15 15:08:47,15363,15363,15363,6,6
2023-02-15 15:08:48,15363,15363,15363,2,0
2023-02-15 15:08:50,15363,15363,15363,2,0
2023-02-15 15:08:58,15362,15362,15362,2,-2
2023-02-15 15:09:00,15363,15363,15363,2,2
2023-02-15 15:09:00,15362,15362,15362,2,-2
2023-02-15 15:09:00,15361,15361,15361,2,-2
2023-02-15 15:09:03,15363,15363,15363,2,2
2023-02-15 15:09:07,15363,15363,15363,2,0
2023-02-15 15:09:07,15364,15364,15364,4,4
2023-02-15 15:09:13,15363,15363,15363,2,-2
2023-02-15 15:09:13,15363,15363,15363,2,0
2023-02-15 15:09:13,15362,15362,15362,4,-4
2023-02-15 15:09:13,15362,15362,15362,2,0
2023-02-15 15:09:15,15362,15362,15362,2,0
2023-02-15 15:09:27,15363,15363,15363,2,2
2023-02-15 15:09:27,15363,15363,15363,4,0
2023-02-15 15:09:27,15363,15363,15363,2,0
2023-02-15 15:09:27,15363,15363,15363,2,0
2023-02-15 15:09:28,15362,15362,15362,2,-2
2023-02-15 15:09:37,15363,15363,15363,6,6
2023-02-15 15:09:39,15362,15362,15362,2,-2
2023-02-15 15:09:39,15362,15362,15362,2,0
2023-02-15 15:09:39,15362,15362,15362,2,0
2023-02-15 15:09:39,15362,15362,15362,2,0
2023-02-15 15:09:39,15362,15362,15362,2,0
2023-02-15 15:09:39,15362,15362,15362,2,0
2023-02-15 15:09:40,15362,15362,15362,2,0
2023-02-15 15:09:52,15362,15362,15362,2,0
2023-02-15 15:09:55,15361,15361,15361,10,-10
2023-02-15 15:09:55,15361,15361,15361,2,0
2023-02-15 15:09:55,15361,15361,15361,2,0
2023-02-15 15:09:55,15361,15361,15361,2,0
2023-02-15 15:09:55,15361,15361,15361,2,0
2023-02-15 15:09:55,15361,15361,15361,4,0
2023-02-15 15:09:55,15361,15361,15361,2,0
2023-02-15 15:09:55,15361,15361,15361,2,0
2023-02-15 15:09:55,15361,15361,15361,2,0
2023-02-15 15:09:55,15361,15361,15361,2,0
2023-02-15 15:09:55,15361,15361,15361,4,0
2023-02-15 15:09:55,15361,15361,15361,2,0
2023-02-15 15:09:55,15361,15361,15361,2,0
2023-02-15 15:09:55,15361,15361,15361,2,0
2023-02-15 15:09:58,15361,15361,15361,6,0
2023-02-15 15:10:00,15361,15361,15361,2,0
2023-02-15 15:10:02,15360,15360,15360,2,-2
2023-02-15 15:10:02,15360,15360,15360,2,0
2023-02-15 15:10:03,15360,15360,15360,2,0
2023-02-15 15:10:04,15361,15361,15361,4,4
2023-02-15 15:10:04,15362,15362,15362,2,2
2023-02-15 15:10:04,15361,15361,15361,2,-2
2023-02-15 15:10:04,15361,15361,15361,2,0
2023-02-15 15:10:04,15360,15360,15360,2,-2
2023-02-15 15:10:06,15360,15360,15360,4,0
2023-02-15 15:10:06,15360,15360,15360,2,0
2023-02-15 15:10:07,15360,15360,15360,2,0
2023-02-15 15:10:07,15361,15361,15361,2,2
2023-02-15 15:10:11,15361,15361,15361,2,0
2023-02-15 15:10:15,15361,15361,15361,2,0
2023-02-15 15:10:17,15361,15361,15361,2,0
2023-02-15 15:10:18,15360,15360,15360,20,-20
2023-02-15 15:10:18,15360,15360,15360,4,0
2023-02-15 15:10:18,15360,15360,15360,4,0
2023-02-15 15:10:18,15360,15360,15360,2,0
2023-02-15 15:10:18,15360,15360,15360,2,0
2023-02-15 15:10:18,15360,15360,15360,2,0
2023-02-15 15:10:18,15360,15360,15360,2,0
2023-02-15 15:10:18,15360,15360,15360,8,0
2023-02-15 15:10:18,15360,15360,15360,2,0
2023-02-15 15:10:18,15360,15360,15360,18,0
2023-02-15 15:10:18,15360,15360,15360,36,0
2023-02-15 15:10:18,15360,15360,15360,2,0
2023-02-15 15:10:18,15360,15360,15360,2,0
2023-02-15 15:10:18,15360,15360,15360,2,0
2023-02-15 15:10:18,15360,15360,15360,4,0
2023-02-15 15:10:18,15360,15360,15360,6,0
2023-02-15 15:10:18,15360,15360,15360,4,0
2023-02-15 15:10:18,15360,15360,15360,4,0
2023-02-15 15:10:18,15360,15360,15360,2,0
2023-02-15 15:10:18,15360,15360,15360,10,0
2023-02-15 15:10:18,15360,15360,15360,2,0
2023-02-15 15:10:18,15360,15360,15360,4,0
2023-02-15 15:10:18,15360,15360,15360,4,0
2023-02-15 15:10:18,15359,15359,15359,2,-2
2023-02-15 15:10:18,15359,15359,15359,2,0
2023-02-15 15:10:18,15359,15359,15359,2,0
2023-02-15 15:10:18,15359,15359,15359,2,0
2023-02-15 15:10:18,15359,15359,15359,2,0
2023-02-15 15:10:18,15359,15359,15359,2,0
2023-02-15 15:10:18,15359,15359,15359,2,0
2023-02-15 15:10:18,15359,15359,15359,2,0
2023-02-15 15:10:22,15359,15359,15359,2,0
2023-02-15 15:10:22,15360,15360,15360,18,18
2023-02-15 15:10:22,15359,15359,15359,2,-2
2023-02-15 15:10:24,15360,15360,15360,2,2
2023-02-15 15:10:26,15358,15358,15358,2,-2
2023-02-15 15:10:29,15358,15358,15358,2,0
2023-02-15 15:10:29,15358,15358,15358,2,0
2023-02-15 15:10:29,15358,15358,15358,2,0
2023-02-15 15:10:29,15358,15358,15358,2,0
2023-02-15 15:10:29,15358,15358,15358,2,0
2023-02-15 15:10:29,15358,15358,15358,2,0
2023-02-15 15:10:30,15358,15358,15358,2,0
2023-02-15 15:10:30,15358,15358,15358,4,0
2023-02-15 15:10:30,15357,15357,15357,2,-2
2023-02-15 15:10:30,15357,15357,15357,2,0
2023-02-15 15:10:30,15357,15357,15357,2,0
2023-02-15 15:10:30,15357,15357,15357,2,0
2023-02-15 15:10:30,15357,15357,15357,2,0
2023-02-15 15:10:30,15357,15357,15357,2,0
2023-02-15 15:10:30,15357,15357,15357,2,0
2023-02-15 15:10:37,15358,15358,15358,2,2
2023-02-15 15:10:38,15357,15357,15357,2,-2
2023-02-15 15:10:38,15357,15357,15357,2,0
2023-02-15 15:10:40,15357,15357,15357,2,0
2023-02-15 15:10:40,15357,15357,15357,2,0
2023-02-15 15:10:41,15357,15357,15357,2,0
2023-02-15 15:10:43,15357,15357,15357,4,0
2023-02-15 15:10:45,15357,15357,15357,2,0
2023-02-15 15:10:46,15357,15357,15357,2,0
2023-02-15 15:10:46,15357,15357,15357,2,0
2023-02-15 15:10:49,15356,15356,15356,2,-2
2023-02-15 15:10:49,15356,15356,15356,2,0
2023-02-15 15:10:50,15357,15357,15357,16,16
2023-02-15 15:10:50,15357,15357,15357,4,0
2023-02-15 15:10:52,15357,15357,15357,2,0
2023-02-15 15:10:55,15357,15357,15357,4,0
2023-02-15 15:10:58,15358,15358,15358,4,4
2023-02-15 15:11:00,15357,15357,15357,2,-2
2023-02-15 15:11:03,15359,15359,15359,8,8
2023-02-15 15:11:04,15359,15359,15359,2,0
2023-02-15 15:11:04,15358,15358,15358,2,-2
2023-02-15 15:11:04,15358,15358,15358,2,0
2023-02-15 15:11:04,15358,15358,15358,2,0
2023-02-15 15:11:04,15358,15358,15358,2,0
2023-02-15 15:11:04,15358,15358,15358,2,0
2023-02-15 15:11:04,15358,15358,15358,6,0
2023-02-15 15:11:04,15358,15358,15358,4,0
2023-02-15 15:11:04,15358,15358,15358,2,0
2023-02-15 15:11:04,15358,15358,15358,2,0
2023-02-15 15:11:04,15358,15358,15358,2,0
2023-02-15 15:11:04,15357,15357,15357,14,-14
2023-02-15 15:11:04,15357,15357,15357,2,0
2023-02-15 15:11:04,15357,15357,15357,2,0
2023-02-15 15:11:04,15357,15357,15357,2,0
2023-02-15 15:11:04,15357,15357,15357,2,0
2023-02-15 15:11:04,15357,15357,15357,6,0
2023-02-15 15:11:04,15357,15357,15357,2,0
2023-02-15 15:11:04,15357,15357,15357,2,0
2023-02-15 15:11:04,15357,15357,15357,2,0
2023-02-15 15:11:04,15357,15357,15357,10,0
2023-02-15 15:11:04,15356,15356,15356,2,-2
2023-02-15 15:11:04,15356,15356,15356,2,0
2023-02-15 15:11:04,15356,15356,15356,20,0
2023-02-15 15:11:04,15356,15356,15356,2,0
2023-02-15 15:11:04,15356,15356,15356,2,0
2023-02-15 15:11:04,15356,15356,15356,2,0
2023-02-15 15:11:04,15357,15357,15357,2,2
2023-02-15 15:11:04,15357,15357,15357,2,0
2023-02-15 15:11:04,15357,15357,15357,2,0
2023-02-15 15:11:08,15358,15358,15358,2,2
2023-02-15 15:11:11,15357,15357,15357,2,-2
2023-02-15 15:11:11,15357,15357,15357,6,0
2023-02-15 15:11:12,15357,15357,15357,2,0
2023-02-15 15:11:13,15358,15358,15358,2,2
2023-02-15 15:11:13,15358,15358,15358,2,0
2023-02-15 15:11:16,15358,15358,15358,2,0
2023-02-15 15:11:16,15358,15358,15358,2,0
2023-02-15 15:11:16,15358,15358,15358,4,0
2023-02-15 15:11:16,15358,15358,15358,2,0
2023-02-15 15:11:16,15357,15357,15357,4,-4
2023-02-15 15:11:17,15358,15358,15358,2,2
2023-02-15 15:11:18,15358,15358,15358,4,0
2023-02-15 15:11:19,15358,15358,15358,2,0
2023-02-15 15:11:19,15359,15359,15359,8,8
2023-02-15 15:11:19,15359,15359,15359,2,0
2023-02-15 15:11:19,15359,15359,15359,2,0
2023-02-15 15:11:19,15359,15359,15359,2,0
2023-02-15 15:11:19,15359,15359,15359,2,0
2023-02-15 15:11:21,15360,15360,15360,2,2
2023-02-15 15:11:21,15360,15360,15360,4,0
2023-02-15 15:11:21,15360,15360,15360,2,0
2023-02-15 15:11:23,15361,15361,15361,4,4
2023-02-15 15:11:24,15361,15361,15361,2,0
2023-02-15 15:11:24,15360,15360,15360,2,-2
2023-02-15 15:11:30,15360,15360,15360,2,0
2023-02-15 15:11:30,15360,15360,15360,2,0
2023-02-15 15:11:30,15360,15360,15360,2,0
2023-02-15 15:11:30,15360,15360,15360,2,0
2023-02-15 15:11:30,15360,15360,15360,2,0
2023-02-15 15:11:31,15360,15360,15360,2,0
2023-02-15 15:11:31,15360,15360,15360,4,0
2023-02-15 15:11:43,15360,15360,15360,2,0
2023-02-15 15:11:44,15361,15361,15361,2,2
2023-02-15 15:11:51,15362,15362,15362,18,18
2023-02-15 15:11:51,15362,15362,15362,2,0
2023-02-15 15:11:57,15363,15363,15363,10,10
2023-02-15 15:12:00,15364,15364,15364,2,2
2023-02-15 15:12:02,15363,15363,15363,2,-2
2023-02-15 15:12:03,15363,15363,15363,2,0
2023-02-15 15:12:11,15363,15363,15363,2,0
2023-02-15 15:12:12,15364,15364,15364,2,2
2023-02-15 15:12:12,15362,15362,15362,2,-2
2023-02-15 15:12:12,15362,15362,15362,2,0
2023-02-15 15:12:12,15362,15362,15362,2,0
2023-02-15 15:12:12,15362,15362,15362,4,0
2023-02-15 15:12:13,15362,15362,15362,2,0
2023-02-15 15:12:15,15364,15364,15364,2,2
2023-02-15 15:12:15,15364,15364,15364,12,0
2023-02-15 15:12:18,15363,15363,15363,2,-2
2023-02-15 15:12:18,15363,15363,15363,6,0
2023-02-15 15:12:18,15363,15363,15363,2,0
2023-02-15 15:12:31,15364,15364,15364,4,4
2023-02-15 15:12:31,15364,15364,15364,2,0
2023-02-15 15:12:31,15364,15364,15364,2,0
2023-02-15 15:12:32,15364,15364,15364,2,0
2023-02-15 15:12:35,15364,15364,15364,2,0
2023-02-15 15:12:35,15365,15365,15365,2,2
2023-02-15 15:12:35,15365,15365,15365,10,0
2023-02-15 15:12:35,15365,15365,15365,2,0
2023-02-15 15:12:35,15365,15365,15365,4,0
2023-02-15 15:12:36,15365,15365,15365,2,0
2023-02-15 15:12:38,15364,15364,15364,2,-2
2023-02-15 15:12:38,15364,15364,15364,2,0
2023-02-15 15:12:38,15363,15363,15363,2,-2
2023-02-15 15:12:38,15363,15363,15363,2,0
2023-02-15 15:12:38,15363,15363,15363,2,0
2023-02-15 15:12:42,15365,15365,15365,2,2
2023-02-15 15:12:42,15365,15365,15365,2,0
2023-02-15 15:12:43,15363,15363,15363,2,-2
2023-02-15 15:12:45,15363,15363,15363,2,0
2023-02-15 15:12:46,15363,15363,15363,2,0
2023-02-15 15:12:46,15362,15362,15362,2,-2
2023-02-15 15:12:53,15363,15363,15363,2,2
2023-02-15 15:12:57,15364,15364,15364,4,4
2023-02-15 15:13:01,15365,15365,15365,2,2
2023-02-15 15:13:02,15363,15363,15363,10,-10
2023-02-15 15:13:07,15364,15364,15364,2,2
2023-02-15 15:13:09,15365,15365,15365,60,60
2023-02-15 15:13:09,15365,15365,15365,14,0
2023-02-15 15:13:09,15365,15365,15365,6,0
2023-02-15 15:13:09,15365,15365,15365,2,0
2023-02-15 15:13:09,15365,15365,15365,6,0
2023-02-15 15:13:09,15365,15365,15365,18,0
2023-02-15 15:13:12,15366,15366,15366,28,28
2023-02-15 15:13:12,15367,15367,15367,2,2
2023-02-15 15:13:13,15366,15366,15366,4,-4
2023-02-15 15:13:13,15366,15366,15366,2,0
2023-02-15 15:13:13,15366,15366,15366,2,0
2023-02-15 15:13:13,15366,15366,15366,6,0
2023-02-15 15:13:13,15366,15366,15366,2,0
2023-02-15 15:13:13,15366,15366,15366,2,0
2023-02-15 15:13:13,15365,15365,15365,2,-2
2023-02-15 15:13:13,15367,15367,15367,6,6
2023-02-15 15:13:17,15367,15367,15367,22,0
2023-02-15 15:13:17,15368,15368,15368,2,2
2023-02-15 15:13:17,15368,15368,15368,10,0
2023-02-15 15:13:18,15368,15368,15368,2,0
2023-02-15 15:13:18,15368,15368,15368,2,0
2023-02-15 15:13:20,15368,15368,15368,2,0
2023-02-15 15:13:21,15369,15369,15369,2,2
2023-02-15 15:13:21,15369,15369,15369,2,0
2023-02-15 15:13:21,15368,15368,15368,2,-2
2023-02-15 15:13:23,15369,15369,15369,2,2
2023-02-15 15:13:24,15369,15369,15369,14,0
2023-02-15 15:13:27,15370,15370,15370,2,2
2023-02-15 15:13:28,15370,15370,15370,4,0
2023-02-15 15:13:28,15370,15370,15370,6,0
2023-02-15 15:13:29,15369,15369,15369,6,-6
2023-02-15 15:13:29,15369,15369,15369,2,0
2023-02-15 15:13:31,15369,15369,15369,2,0
2023-02-15 15:13:35,15370,15370,15370,14,14
2023-02-15 15:13:37,15370,15370,15370,10,0
2023-02-15 15:13:40,15370,15370,15370,2,0
2023-02-15 15:13:41,15370,15370,15370,6,0
2023-02-15 15:13:41,15370,15370,15370,2,0
2023-02-15 15:13:41,15370,15370,15370,2,0
2023-02-15 15:13:41,15370,15370,15370,2,0
2023-02-15 15:13:49,15370,15370,15370,2,0
2023-02-15 15:13:49,15370,15370,15370,8,0
2023-02-15 15:13:50,15370,15370,15370,2,0
2023-02-15 15:13:51,15370,15370,15370,2,0
2023-02-15 15:13:51,15371,15371,15371,2,2
2023-02-15 15:13:51,15371,15371,15371,4,0
2023-02-15 15:13:51,15371,15371,15371,2,0
2023-02-15 15:13:52,15370,15370,15370,2,-2
2023-02-15 15:13:57,15370,15370,15370,2,0
2023-02-15 15:14:00,15370,15370,15370,2,0
2023-02-15 15:14:04,15371,15371,15371,2,2
2023-02-15 15:14:06,15371,15371,15371,18,0
2023-02-15 15:14:06,15372,15372,15372,2,2
2023-02-15 15:14:07,15372,15372,15372,6,0
2023-02-15 15:14:08,15371,15371,15371,2,-2
2023-02-15 15:14:09,15372,15372,15372,2,2
2023-02-15 15:14:09,15371,15371,15371,2,-2
2023-02-15 15:14:09,15372,15372,15372,2,2
2023-02-15 15:14:10,15372,15372,15372,2,0
2023-02-15 15:14:10,15372,15372,15372,2,0
2023-02-15 15:14:10,15372,15372,15372,2,0
2023-02-15 15:14:10,15372,15372,15372,2,0
2023-02-15 15:14:11,15372,15372,15372,2,0
2023-02-15 15:14:11,15371,15371,15371,2,-2
2023-02-15 15:14:11,15371,15371,15371,2,0
2023-02-15 15:14:17,15371,15371,15371,2,0
2023-02-15 15:14:20,15372,15372,15372,24,24
2023-02-15 15:14:21,15371,15371,15371,2,-2
2023-02-15 15:14:27,15372,15372,15372,2,2
2023-02-15 15:14:42,15372,15372,15372,4,0
2023-02-15 15:14:44,15372,15372,15372,2,0
2023-02-15 15:14:49,15372,15372,15372,2,0
2023-02-15 15:14:50,15372,15372,15372,12,0
2023-02-15 15:14:50,15371,15371,15371,2,-2
2023-02-15 15:14:50,15371,15371,15371,2,0
2023-02-15 15:14:51,15372,15372,15372,12,12
2023-02-15 15:14:52,15371,15371,15371,2,-2
2023-02-15 15:14:52,15371,15371,15371,2,0
2023-02-15 15:14:53,15371,15371,15371,2,0
2023-02-15 15:14:53,15371,15371,15371,2,0
2023-02-15 15:14:53,15371,15371,15371,2,0
2023-02-15 15:14:53,15371,15371,15371,2,0
2023-02-15 15:14:53,15371,15371,15371,2,0
2023-02-15 15:14:53,15371,15371,15371,2,0
2023-02-15 15:14:53,15371,15371,15371,2,0
2023-02-15 15:14:56,15371,15371,15371,6,0
2023-02-15 15:14:56,15370,15370,15370,2,-2
2023-02-15 15:14:58,15370,15370,15370,2,0
2023-02-15 15:14:58,15370,15370,15370,2,0
2023-02-15 15:14:58,15370,15370,15370,2,0
2023-02-15 15:14:58,15370,15370,15370,2,0
2023-02-15 15:14:58,15370,15370,15370,2,0
2023-02-15 15:14:58,15370,15370,15370,2,0
2023-02-15 15:14:58,15370,15370,15370,2,0
2023-02-15 15:14:58,15370,15370,15370,2,0
2023-02-15 15:15:03,15369,15369,15369,2,-2
2023-02-15 15:15:03,15369,15369,15369,2,0
2023-02-15 15:15:03,15369,15369,15369,2,0
2023-02-15 15:15:03,15369,15369,15369,2,0
2023-02-15 15:15:03,15369,15369,15369,2,0
2023-02-15 15:15:03,15369,15369,15369,2,0
2023-02-15 15:15:03,15369,15369,15369,2,0
2023-02-15 15:15:03,15368,15368,15368,6,-6
2023-02-15 15:15:05,15369,15369,15369,4,4
2023-02-15 15:15:06,15368,15368,15368,2,-2
2023-02-15 15:15:06,15368,15368,15368,2,0
2023-02-15 15:15:09,15369,15369,15369,2,2
2023-02-15 15:15:10,15370,15370,15370,10,10
2023-02-15 15:15:10,15369,15369,15369,2,-2
2023-02-15 15:15:10,15368,15368,15368,2,-2
2023-02-15 15:15:10,15368,15368,15368,2,0
2023-02-15 15:15:10,15368,15368,15368,2,0
2023-02-15 15:15:10,15369,15369,15369,2,2
2023-02-15 15:15:11,15369,15369,15369,2,0
2023-02-15 15:15:18,15368,15368,15368,2,-2
2023-02-15 15:15:18,15368,15368,15368,2,0
2023-02-15 15:15:18,15368,15368,15368,2,0
2023-02-15 15:15:18,15368,15368,15368,2,0
2023-02-15 15:15:18,15368,15368,15368,4,0
2023-02-15 15:15:21,15367,15367,15367,2,-2
2023-02-15 15:15:23,15367,15367,15367,2,0
2023-02-15 15:15:25,15368,15368,15368,2,2
2023-02-15 15:15:30,15369,15369,15369,2,2
2023-02-15 15:15:34,15369,15369,15369,26,0
2023-02-15 15:15:37,15368,15368,15368,2,-2
2023-02-15 15:15:42,15369,15369,15369,2,2
2023-02-15 15:15:42,15370,15370,15370,2,2
2023-02-15 15:15:45,15369,15369,15369,4,-4
2023-02-15 15:15:50,15370,15370,15370,4,4
2023-02-15 15:15:52,15369,15369,15369,2,-2
2023-02-15 15:15:53,15369,15369,15369,2,0
2023-02-15 15:15:56,15370,15370,15370,2,2
2023-02-15 15:15:58,15369,15369,15369,2,-2
2023-02-15 15:16:00,15369,15369,15369,2,0
2023-02-15 15:16:00,15370,15370,15370,2,2
2023-02-15 15:16:00,15369,15369,15369,2,-2
2023-02-15 15:16:00,15369,15369,15369,2,0
2023-02-15 15:16:04,15370,15370,15370,12,12
2023-02-15 15:16:04,15369,15369,15369,2,-2
2023-02-15 15:16:09,15370,15370,15370,8,8
2023-02-15 15:16:09,15371,15371,15371,38,38
2023-02-15 15:16:09,15372,15372,15372,16,16
2023-02-15 15:16:09,15372,15372,15372,4,0
2023-02-15 15:16:09,15372,15372,15372,8,0
2023-02-15 15:16:10,15372,15372,15372,8,0
2023-02-15 15:16:10,15372,15372,15372,2,0
2023-02-15 15:16:12,15372,15372,15372,34,0
2023-02-15 15:16:12,15372,15372,15372,4,0
2023-02-15 15:16:12,15372,15372,15372,2,0
2023-02-15 15:16:14,15373,15373,15373,10,10
2023-02-15 15:16:14,15373,15373,15373,2,0
2023-02-15 15:16:14,15373,15373,15373,4,0
2023-02-15 15:16:14,15374,15374,15374,4,4
2023-02-15 15:16:15,15374,15374,15374,14,0
2023-02-15 15:16:16,15374,15374,15374,2,0
2023-02-15 15:16:16,15375,15375,15375,2,2
2023-02-15 15:16:16,15375,15375,15375,6,0
2023-02-15 15:16:20,15374,15374,15374,4,-4
2023-02-15 15:16:26,15375,15375,15375,4,4
2023-02-15 15:16:26,15375,15375,15375,8,0
2023-02-15 15:16:28,15374,15374,15374,4,-4
2023-02-15 15:16:28,15374,15374,15374,4,0
2023-02-15 15:16:28,15374,15374,15374,2,0
2023-02-15 15:16:28,15375,15375,15375,2,2
2023-02-15 15:16:29,15375,15375,15375,2,0
2023-02-15 15:16:30,15375,15375,15375,6,0
2023-02-15 15:16:30,15375,15375,15375,2,0
2023-02-15 15:16:30,15375,15375,15375,8,0
2023-02-15 15:16:32,15375,15375,15375,2,0
2023-02-15 15:16:33,15375,15375,15375,2,0
2023-02-15 15:16:33,15375,15375,15375,2,0
2023-02-15 15:16:33,15376,15376,15376,4,4
2023-02-15 15:16:33,15376,15376,15376,2,0
2023-02-15 15:16:34,15376,15376,15376,2,0
2023-02-15 15:16:34,15376,15376,15376,2,0
2023-02-15 15:16:34,15376,15376,15376,2,0
2023-02-15 15:16:35,15376,15376,15376,2,0
2023-02-15 15:16:35,15376,15376,15376,2,0
2023-02-15 15:16:35,15377,15377,15377,2,2
2023-02-15 15:16:35,15376,15376,15376,2,-2
2023-02-15 15:16:35,15375,15375,15375,2,-2
2023-02-15 15:16:35,15375,15375,15375,2,0
2023-02-15 15:16:35,15375,15375,15375,2,0
2023-02-15 15:16:35,15375,15375,15375,2,0
2023-02-15 15:16:35,15375,15375,15375,2,0
2023-02-15 15:16:35,15375,15375,15375,4,0
2023-02-15 15:16:35,15375,15375,15375,2,0
2023-02-15 15:16:35,15375,15375,15375,2,0
2023-02-15 15:16:35,15377,15377,15377,2,2
2023-02-15 15:16:35,15377,15377,15377,2,0
2023-02-15 15:16:36,15376,15376,15376,2,-2
2023-02-15 15:16:37,15376,15376,15376,2,0
2023-02-15 15:16:37,15376,15376,15376,2,0
2023-02-15 15:16:38,15376,15376,15376,2,0
2023-02-15 15:16:38,15377,15377,15377,2,2
2023-02-15 15:16:39,15377,15377,15377,2,0
2023-02-15 15:16:39,15377,15377,15377,2,0
2023-02-15 15:16:41,15377,15377,15377,2,0
2023-02-15 15:16:42,15376,15376,15376,2,-2
2023-02-15 15:16:42,15377,15377,15377,4,4
2023-02-15 15:16:42,15378,15378,15378,2,2
2023-02-15 15:16:42,15378,15378,15378,2,0
2023-02-15 15:16:43,15377,15377,15377,2,-2
2023-02-15 15:16:45,15375,15375,15375,2,-2
2023-02-15 15:16:45,15375,15375,15375,4,0
2023-02-15 15:16:45,15375,15375,15375,2,0
2023-02-15 15:16:45,15375,15375,15375,2,0
2023-02-15 15:16:45,15377,15377,15377,2,2
2023-02-15 15:16:45,15377,15377,15377,2,0
2023-02-15 15:16:46,15377,15377,15377,2,0
2023-02-15 15:16:50,15377,15377,15377,2,0
2023-02-15 15:16:51,15377,15377,15377,2,0
2023-02-15 15:16:51,15377,15377,15377,2,0
2023-02-15 15:16:51,15377,15377,15377,8,0
2023-02-15 15:16:53,15377,15377,15377,6,0
2023-02-15 15:16:53,15377,15377,15377,8,0
2023-02-15 15:16:55,15376,15376,15376,2,-2
2023-02-15 15:16:55,15377,15377,15377,2,2
2023-02-15 15:16:56,15377,15377,15377,2,0
2023-02-15 15:16:56,15377,15377,15377,24,0
2023-02-15 15:16:56,15377,15377,15377,2,0
2023-02-15 15:16:56,15378,15378,15378,2,2
2023-02-15 15:16:57,15378,15378,15378,4,0
2023-02-15 15:16:58,15378,15378,15378,24,0
2023-02-15 15:16:58,15377,15377,15377,2,-2
2023-02-15 15:16:59,15376,15376,15376,2,-2
2023-02-15 15:17:01,15377,15377,15377,2,2
2023-02-15 15:17:01,15378,15378,15378,8,8
2023-02-15 15:17:04,15378,15378,15378,22,0
2023-02-15 15:17:06,15377,15377,15377,2,-2
2023-02-15 15:17:08,15378,15378,15378,2,2
2023-02-15 15:17:09,15378,15378,15378,2,0
2023-02-15 15:17:09,15378,15378,15378,4,0
2023-02-15 15:17:11,15379,15379,15379,2,2
2023-02-15 15:17:13,15378,15378,15378,2,-2
2023-02-15 15:17:20,15378,15378,15378,2,0
2023-02-15 15:17:20,15378,15378,15378,2,0
2023-02-15 15:17:21,15378,15378,15378,2,0
2023-02-15 15:17:22,15378,15378,15378,2,0
2023-02-15 15:17:23,15378,15378,15378,2,0
2023-02-15 15:17:24,15378,15378,15378,2,0
2023-02-15 15:17:25,15378,15378,15378,2,0
2023-02-15 15:17:27,15378,15378,15378,2,0
2023-02-15 15:17:29,15378,15378,15378,2,0
2023-02-15 15:17:29,15378,15378,15378,2,0
2023-02-15 15:17:29,15378,15378,15378,2,0
2023-02-15 15:17:31,15377,15377,15377,2,-2
2023-02-15 15:17:31,15377,15377,15377,2,0
2023-02-15 15:17:31,15377,15377,15377,2,0
2023-02-15 15:17:31,15377,15377,15377,4,0
2023-02-15 15:17:31,15377,15377,15377,2,0
2023-02-15 15:17:31,15377,15377,15377,2,0
2023-02-15 15:17:31,15377,15377,15377,2,0
2023-02-15 15:17:31,15377,15377,15377,16,0
2023-02-15 15:17:31,15377,15377,15377,2,0
2023-02-15 15:17:31,15377,15377,15377,2,0
2023-02-15 15:17:31,15377,15377,15377,2,0
2023-02-15 15:17:31,15377,15377,15377,2,0
2023-02-15 15:17:31,15377,15377,15377,2,0
2023-02-15 15:17:31,15377,15377,15377,2,0
2023-02-15 15:17:31,15377,15377,15377,2,0
2023-02-15 15:17:34,15377,15377,15377,2,0
2023-02-15 15:17:38,15377,15377,15377,4,0
2023-02-15 15:17:38,15378,15378,15378,12,12
2023-02-15 15:17:39,15377,15377,15377,2,-2
2023-02-15 15:17:41,15376,15376,15376,2,-2
2023-02-15 15:17:44,15377,15377,15377,2,2
2023-02-15 15:17:45,15377,15377,15377,2,0
2023-02-15 15:17:46,15377,15377,15377,2,0
2023-02-15 15:17:49,15376,15376,15376,2,-2
2023-02-15 15:17:52,15376,15376,15376,2,0
2023-02-15 15:17:54,15377,15377,15377,4,4
2023-02-15 15:17:56,15377,15377,15377,2,0
2023-02-15 15:17:56,15377,15377,15377,2,0
2023-02-15 15:17:57,15377,15377,15377,2,0
2023-02-15 15:18:00,15377,15377,15377,2,0
2023-02-15 15:18:01,15378,15378,15378,4,4
2023-02-15 15:18:02,15377,15377,15377,2,-2
2023-02-15 15:18:07,15377,15377,15377,2,0
2023-02-15 15:18:12,15377,15377,15377,2,0
2023-02-15 15:18:13,15377,15377,15377,2,0
2023-02-15 15:18:13,15377,15377,15377,2,0
2023-02-15 15:18:13,15377,15377,15377,2,0
2023-02-15 15:18:13,15377,15377,15377,2,0
2023-02-15 15:18:15,15377,15377,15377,2,0
2023-02-15 15:18:15,15377,15377,15377,2,0
2023-02-15 15:18:16,15377,15377,15377,4,0
2023-02-15 15:18:20,15377,15377,15377,2,0
2023-02-15 15:18:22,15378,15378,15378,2,2
2023-02-15 15:18:29,15377,15377,15377,2,-2
2023-02-15 15:18:39,15377,15377,15377,2,0
2023-02-15 15:18:43,15377,15377,15377,2,0
2023-02-15 15:18:46,15377,15377,15377,2,0
2023-02-15 15:18:48,15377,15377,15377,2,0
2023-02-15 15:18:49,15377,15377,15377,2,0
2023-02-15 15:18:53,15377,15377,15377,2,0
2023-02-15 15:18:53,15377,15377,15377,2,0
2023-02-15 15:18:54,15377,15377,15377,4,0
2023-02-15 15:18:54,15378,15378,15378,2,2
2023-02-15 15:18:54,15377,15377,15377,2,-2
2023-02-15 15:18:55,15377,15377,15377,2,0
2023-02-15 15:18:58,15377,15377,15377,2,0
2023-02-15 15:18:59,15377,15377,15377,2,0
2023-02-15 15:19:00,15377,15377,15377,2,0
2023-02-15 15:19:00,15377,15377,15377,12,0
2023-02-15 15:19:00,15377,15377,15377,2,0
2023-02-15 15:19:00,15377,15377,15377,2,0
2023-02-15 15:19:00,15377,15377,15377,2,0
2023-02-15 15:19:06,15377,15377,15377,2,0
2023-02-15 15:19:11,15377,15377,15377,2,0
2023-02-15 15:19:12,15378,15378,15378,2,2
2023-02-15 15:19:30,15376,15376,15376,2,-2
2023-02-15 15:19:33,15377,15377,15377,2,2
2023-02-15 15:19:46,15377,15377,15377,10,0
2023-02-15 15:19:48,15376,15376,15376,2,-2
2023-02-15 15:19:54,15376,15376,15376,2,0
2023-02-15 15:19:59,15376,15376,15376,2,0
2023-02-15 15:19:59,15376,15376,15376,2,0
2023-02-15 15:19:59,15376,15376,15376,2,0
2023-02-15 15:19:59,15376,15376,15376,10,0
2023-02-15 15:19:59,15376,15376,15376,2,0
2023-02-15 15:19:59,15376,15376,15376,2,0
2023-02-15 15:19:59,15376,15376,15376,2,0
2023-02-15 15:19:59,15376,15376,15376,2,0
2023-02-15 15:19:59,15376,15376,15376,4,0
2023-02-15 15:19:59,15376,15376,15376,2,0
2023-02-15 15:19:59,15376,15376,15376,2,0
2023-02-15 15:20:00,15375,15375,15375,2,-2
2023-02-15 15:20:00,15375,15375,15375,4,0
2023-02-15 15:20:00,15375,15375,15375,2,0
2023-02-15 15:20:00,15375,15375,15375,2,0
2023-02-15 15:20:00,15375,15375,15375,2,0
2023-02-15 15:20:00,15375,15375,15375,2,0
2023-02-15 15:20:00,15374,15374,15374,2,-2
2023-02-15 15:20:00,15374,15374,15374,2,0
2023-02-15 15:20:00,15374,15374,15374,2,0
2023-02-15 15:20:00,15374,15374,15374,4,0
2023-02-15 15:20:00,15374,15374,15374,4,0
2023-02-15 15:20:07,15375,15375,15375,2,2
2023-02-15 15:20:12,15374,15374,15374,10,-10
2023-02-15 15:20:20,15373,15373,15373,2,-2
2023-02-15 15:20:21,15373,15373,15373,2,0
2023-02-15 15:20:22,15374,15374,15374,2,2
2023-02-15 15:20:23,15373,15373,15373,2,-2
2023-02-15 15:20:24,15373,15373,15373,2,0
2023-02-15 15:20:24,15373,15373,15373,2,0
2023-02-15 15:20:24,15373,15373,15373,2,0
2023-02-15 15:20:24,15373,15373,15373,2,0
2023-02-15 15:20:24,15373,15373,15373,2,0
2023-02-15 15:20:24,15373,15373,15373,2,0
2023-02-15 15:20:25,15373,15373,15373,2,0
2023-02-15 15:20:25,15373,15373,15373,2,0
2023-02-15 15:20:25,15374,15374,15374,2,2
2023-02-15 15:20:26,15373,15373,15373,2,-2
2023-02-15 15:20:27,15373,15373,15373,2,0
2023-02-15 15:20:30,15373,15373,15373,2,0
2023-02-15 15:20:32,15373,15373,15373,8,0
2023-02-15 15:20:33,15373,15373,15373,2,0
2023-02-15 15:20:33,15373,15373,15373,2,0
2023-02-15 15:20:33,15373,15373,15373,2,0
2023-02-15 15:20:33,15373,15373,15373,2,0
2023-02-15 15:20:33,15372,15372,15372,2,-2
2023-02-15 15:20:33,15372,15372,15372,2,0
2023-02-15 15:20:34,15373,15373,15373,2,2
2023-02-15 15:20:37,15372,15372,15372,2,-2
2023-02-15 15:20:40,15373,15373,15373,2,2
2023-02-15 15:20:41,15372,15372,15372,2,-2
2023-02-15 15:20:41,15372,15372,15372,2,0
2023-02-15 15:20:43,15372,15372,15372,2,0
2023-02-15 15:20:44,15372,15372,15372,4,0
2023-02-15 15:20:45,15372,15372,15372,2,0
2023-02-15 15:20:45,15372,15372,15372,2,0
2023-02-15 15:20:47,15372,15372,15372,2,0
2023-02-15 15:20:49,15373,15373,15373,6,6
2023-02-15 15:20:51,15373,15373,15373,2,0
2023-02-15 15:20:51,15373,15373,15373,2,0
2023-02-15 15:20:53,15373,15373,15373,2,0
2023-02-15 15:20:53,15373,15373,15373,2,0
2023-02-15 15:20:59,15372,15372,15372,2,-2
2023-02-15 15:20:59,15372,15372,15372,2,0
2023-02-15 15:21:03,15372,15372,15372,2,0
2023-02-15 15:21:15,15372,15372,15372,2,0
2023-02-15 15:21:15,15372,15372,15372,2,0
2023-02-15 15:21:15,15373,15373,15373,4,4
2023-02-15 15:21:15,15373,15373,15373,2,0
2023-02-15 15:21:16,15374,15374,15374,2,2
2023-02-15 15:21:16,15373,15373,15373,2,-2
2023-02-15 15:21:16,15373,15373,15373,2,0
2023-02-15 15:21:16,15373,15373,15373,2,0
2023-02-15 15:21:18,15373,15373,15373,2,0
2023-02-15 15:21:20,15373,15373,15373,2,0
2023-02-15 15:21:20,15373,15373,15373,2,0
2023-02-15 15:21:22,15373,15373,15373,2,0
2023-02-15 15:21:22,15373,15373,15373,2,0
2023-02-15 15:21:22,15373,15373,15373,2,0
2023-02-15 15:21:24,15373,15373,15373,4,0
2023-02-15 15:21:26,15374,15374,15374,2,2
2023-02-15 15:21:26,15374,15374,15374,6,0
2023-02-15 15:21:26,15374,15374,15374,2,0
2023-02-15 15:21:31,15375,15375,15375,6,6
2023-02-15 15:21:31,15375,15375,15375,2,0
2023-02-15 15:21:31,15375,15375,15375,2,0
2023-02-15 15:21:31,15376,15376,15376,2,2
2023-02-15 15:21:34,15376,15376,15376,2,0
2023-02-15 15:21:35,15375,15375,15375,2,-2
2023-02-15 15:21:40,15375,15375,15375,2,0
2023-02-15 15:21:40,15375,15375,15375,2,0
2023-02-15 15:21:44,15376,15376,15376,4,4
2023-02-15 15:21:44,15376,15376,15376,10,0
2023-02-15 15:21:45,15377,15377,15377,2,2
2023-02-15 15:21:51,15377,15377,15377,2,0
2023-02-15 15:21:54,15376,15376,15376,4,-4
2023-02-15 15:21:54,15375,15375,15375,2,-2
2023-02-15 15:21:54,15375,15375,15375,4,0
2023-02-15 15:21:56,15376,15376,15376,2,2
2023-02-15 15:22:05,15377,15377,15377,2,2
2023-02-15 15:22:05,15376,15376,15376,2,-2
2023-02-15 15:22:08,15376,15376,15376,2,0
2023-02-15 15:22:08,15376,15376,15376,2,0
2023-02-15 15:22:08,15376,15376,15376,6,0
2023-02-15 15:22:12,15376,15376,15376,2,0
2023-02-15 15:22:20,15377,15377,15377,2,2
2023-02-15 15:22:21,15376,15376,15376,2,-2
2023-02-15 15:22:22,15377,15377,15377,2,2
2023-02-15 15:22:22,15376,15376,15376,2,-2
2023-02-15 15:22:25,15377,15377,15377,2,2
2023-02-15 15:22:26,15377,15377,15377,2,0
2023-02-15 15:22:28,15377,15377,15377,4,0
2023-02-15 15:22:29,15377,15377,15377,20,0
2023-02-15 15:22:29,15377,15377,15377,30,0
2023-02-15 15:22:32,15377,15377,15377,2,0
2023-02-15 15:22:32,15377,15377,15377,2,0
2023-02-15 15:22:32,15377,15377,15377,2,0
2023-02-15 15:22:32,15377,15377,15377,4,0
2023-02-15 15:22:35,15377,15377,15377,2,0
2023-02-15 15:22:35,15377,15377,15377,2,0
2023-02-15 15:22:42,15377,15377,15377,2,0
2023-02-15 15:22:42,15377,15377,15377,2,0
2023-02-15 15:22:42,15377,15377,15377,2,0
2023-02-15 15:22:42,15377,15377,15377,2,0
2023-02-15 15:22:48,15377,15377,15377,2,0
2023-02-15 15:22:48,15377,15377,15377,2,0
2023-02-15 15:22:53,15377,15377,15377,2,0
2023-02-15 15:22:53,15377,15377,15377,4,0
2023-02-15 15:22:53,15377,15377,15377,2,0
2023-02-15 15:22:53,15377,15377,15377,2,0
2023-02-15 15:23:03,15377,15377,15377,2,0
2023-02-15 15:23:06,15377,15377,15377,2,0
2023-02-15 15:23:06,15377,15377,15377,2,0
2023-02-15 15:23:08,15376,15376,15376,2,-2
2023-02-15 15:23:09,15376,15376,15376,4,0
2023-02-15 15:23:09,15376,15376,15376,2,0
2023-02-15 15:23:09,15376,15376,15376,2,0
2023-02-15 15:23:27,15376,15376,15376,2,0
2023-02-15 15:23:27,15376,15376,15376,2,0
2023-02-15 15:23:27,15376,15376,15376,2,0
2023-02-15 15:23:27,15376,15376,15376,2,0
2023-02-15 15:23:27,15376,15376,15376,2,0
2023-02-15 15:23:28,15375,15375,15375,2,-2
2023-02-15 15:23:28,15375,15375,15375,2,0
2023-02-15 15:23:40,15375,15375,15375,2,0
2023-02-15 15:23:41,15375,15375,15375,2,0
2023-02-15 15:23:44,15375,15375,15375,2,0
2023-02-15 15:23:44,15375,15375,15375,2,0
2023-02-15 15:23:48,15375,15375,15375,2,0
2023-02-15 15:23:51,15376,15376,15376,10,10
2023-02-15 15:24:01,15376,15376,15376,2,0
2023-02-15 15:24:10,15376,15376,15376,2,0
2023-02-15 15:24:15,15376,15376,15376,2,0
2023-02-15 15:24:17,15377,15377,15377,4,4
2023-02-15 15:24:17,15377,15377,15377,18,0
2023-02-15 15:24:17,15377,15377,15377,2,0
2023-02-15 15:24:28,15377,15377,15377,2,0
2023-02-15 15:24:41,15378,15378,15378,2,2
2023-02-15 15:24:41,15378,15378,15378,2,0
2023-02-15 15:24:41,15378,15378,15378,2,0
2023-02-15 15:24:41,15378,15378,15378,14,0
2023-02-15 15:24:41,15378,15378,15378,4,0
2023-02-15 15:24:41,15378,15378,15378,4,0
2023-02-15 15:24:41,15378,15378,15378,10,0
2023-02-15 15:24:41,15378,15378,15378,22,0
2023-02-15 15:24:51,15378,15378,15378,2,0
2023-02-15 15:24:56,15378,15378,15378,2,0
2023-02-15 15:24:58,15379,15379,15379,2,2
2023-02-15 15:25:01,15379,15379,15379,2,0
2023-02-15 15:25:02,15379,15379,15379,2,0
2023-02-15 15:25:02,15378,15378,15378,4,-4
2023-02-15 15:25:02,15378,15378,15378,4,0
2023-02-15 15:25:05,15378,15378,15378,2,0
2023-02-15 15:25:06,15378,15378,15378,2,0
2023-02-15 15:25:14,15378,15378,15378,2,0
2023-02-15 15:25:15,15379,15379,15379,40,40
2023-02-15 15:25:21,15380,15380,15380,2,2
2023-02-15 15:25:21,15380,15380,15380,2,0
2023-02-15 15:25:21,15380,15380,15380,4,0
2023-02-15 15:25:22,15380,15380,15380,2,0
2023-02-15 15:25:23,15379,15379,15379,4,-4
2023-02-15 15:25:23,15378,15378,15378,2,-2
2023-02-15 15:25:23,15378,15378,15378,2,0
2023-02-15 15:25:23,15378,15378,15378,2,0
2023-02-15 15:25:23,15380,15380,15380,2,2
2023-02-15 15:25:25,15379,15379,15379,2,-2
2023-02-15 15:25:27,15379,15379,15379,2,0
2023-02-15 15:25:30,15379,15379,15379,4,0
2023-02-15 15:25:31,15379,15379,15379,2,0
2023-02-15 15:25:34,15379,15379,15379,2,0
2023-02-15 15:25:41,15378,15378,15378,2,-2
2023-02-15 15:25:41,15378,15378,15378,2,0
2023-02-15 15:25:41,15378,15378,15378,30,0
2023-02-15 15:25:41,15378,15378,15378,2,0
2023-02-15 15:25:41,15378,15378,15378,2,0
2023-02-15 15:25:41,15378,15378,15378,2,0
2023-02-15 15:25:41,15378,15378,15378,4,0
2023-02-15 15:25:41,15377,15377,15377,2,-2
2023-02-15 15:25:41,15377,15377,15377,2,0
2023-02-15 15:25:41,15377,15377,15377,2,0
2023-02-15 15:25:41,15377,15377,15377,2,0
2023-02-15 15:25:41,15377,15377,15377,2,0
2023-02-15 15:25:41,15377,15377,15377,2,0
2023-02-15 15:25:41,15376,15376,15376,2,-2
2023-02-15 15:25:41,15376,15376,15376,2,0
2023-02-15 15:25:41,15376,15376,15376,2,0
2023-02-15 15:25:41,15376,15376,15376,4,0
2023-02-15 15:25:41,15376,15376,15376,2,0
2023-02-15 15:25:42,15377,15377,15377,2,2
2023-02-15 15:25:43,15377,15377,15377,4,0
2023-02-15 15:25:43,15377,15377,15377,10,0
2023-02-15 15:25:48,15376,15376,15376,2,-2
2023-02-15 15:25:50,15376,15376,15376,2,0
2023-02-15 15:25:50,15377,15377,15377,2,2
2023-02-15 15:25:51,15375,15375,15375,2,-2
2023-02-15 15:25:51,15375,15375,15375,2,0
2023-02-15 15:25:51,15375,15375,15375,2,0
2023-02-15 15:25:51,15375,15375,15375,2,0
2023-02-15 15:25:55,15374,15374,15374,2,-2
2023-02-15 15:25:57,15374,15374,15374,2,0
2023-02-15 15:26:11,15374,15374,15374,2,0
2023-02-15 15:26:12,15373,15373,15373,2,-2
2023-02-15 15:26:16,15373,15373,15373,2,0
2023-02-15 15:26:17,15374,15374,15374,2,2
2023-02-15 15:26:22,15374,15374,15374,2,0
2023-02-15 15:26:22,15374,15374,15374,2,0
2023-02-15 15:26:25,15375,15375,15375,2,2
2023-02-15 15:26:52,15375,15375,15375,2,0
2023-02-15 15:26:55,15375,15375,15375,2,0
2023-02-15 15:26:55,15375,15375,15375,2,0
2023-02-15 15:26:59,15374,15374,15374,2,-2
2023-02-15 15:27:02,15374,15374,15374,2,0
2023-02-15 15:27:06,15374,15374,15374,2,0
2023-02-15 15:27:21,15374,15374,15374,2,0
2023-02-15 15:27:22,15374,15374,15374,2,0
2023-02-15 15:27:24,15375,15375,15375,18,18
2023-02-15 15:27:26,15376,15376,15376,6,6
2023-02-15 15:27:26,15376,15376,15376,2,0
2023-02-15 15:27:26,15376,15376,15376,2,0
2023-02-15 15:27:27,15375,15375,15375,2,-2
2023-02-15 15:27:31,15376,15376,15376,2,2
2023-02-15 15:27:32,15377,15377,15377,4,4
2023-02-15 15:27:36,15377,15377,15377,2,0
2023-02-15 15:27:37,15377,15377,15377,2,0
2023-02-15 15:27:42,15378,15378,15378,4,4
2023-02-15 15:27:46,15378,15378,15378,2,0
2023-02-15 15:27:51,15378,15378,15378,2,0
2023-02-15 15:27:52,15378,15378,15378,8,0
2023-02-15 15:27:54,15378,15378,15378,4,0
2023-02-15 15:27:58,15378,15378,15378,2,0
2023-02-15 15:27:59,15378,15378,15378,6,0
2023-02-15 15:28:00,15378,15378,15378,2,0
2023-02-15 15:28:00,15379,15379,15379,2,2
2023-02-15 15:28:02,15379,15379,15379,8,0
2023-02-15 15:28:03,15379,15379,15379,4,0
2023-02-15 15:28:03,15378,15378,15378,2,-2
2023-02-15 15:28:03,15379,15379,15379,2,2
2023-02-15 15:28:06,15379,15379,15379,2,0
2023-02-15 15:28:11,15379,15379,15379,2,0
2023-02-15 15:28:12,15379,15379,15379,6,0
2023-02-15 15:28:14,15379,15379,15379,2,0
2023-02-15 15:28:14,15378,15378,15378,2,-2
2023-02-15 15:28:20,15378,15378,15378,4,0
2023-02-15 15:28:21,15378,15378,15378,2,0
2023-02-15 15:28:22,15378,15378,15378,2,0
2023-02-15 15:28:22,15378,15378,15378,2,0
2023-02-15 15:28:22,15378,15378,15378,2,0
2023-02-15 15:28:22,15378,15378,15378,4,0
2023-02-15 15:28:22,15378,15378,15378,2,0
2023-02-15 15:28:22,15378,15378,15378,4,0
2023-02-15 15:28:28,15378,15378,15378,2,0
2023-02-15 15:28:31,15377,15377,15377,10,-10
2023-02-15 15:28:34,15377,15377,15377,2,0
2023-02-15 15:28:36,15378,15378,15378,2,2
2023-02-15 15:28:37,15377,15377,15377,6,-6
2023-02-15 15:28:37,15377,15377,15377,2,0
2023-02-15 15:28:37,15377,15377,15377,2,0
2023-02-15 15:28:37,15377,15377,15377,2,0
2023-02-15 15:28:37,15377,15377,15377,2,0
2023-02-15 15:28:37,15378,15378,15378,4,4
2023-02-15 15:28:37,15377,15377,15377,4,-4
2023-02-15 15:28:44,15377,15377,15377,2,0
2023-02-15 15:28:47,15377,15377,15377,2,0
2023-02-15 15:28:54,15377,15377,15377,2,0
2023-02-15 15:28:54,15377,15377,15377,22,0
2023-02-15 15:28:54,15377,15377,15377,2,0
2023-02-15 15:28:55,15377,15377,15377,2,0
2023-02-15 15:29:00,15376,15376,15376,4,-4
2023-02-15 15:29:00,15376,15376,15376,2,0
2023-02-15 15:29:02,15376,15376,15376,4,0
2023-02-15 15:29:04,15376,15376,15376,2,0
2023-02-15 15:29:07,15376,15376,15376,2,0
2023-02-15 15:29:07,15376,15376,15376,2,0
2023-02-15 15:29:07,15376,15376,15376,2,0
2023-02-15 15:29:07,15376,15376,15376,2,0
2023-02-15 15:29:38,15376,15376,15376,10,0
2023-02-15 15:29:42,15376,15376,15376,2,0
2023-02-15 15:29:52,15376,15376,15376,4,0
2023-02-15 15:30:09,15376,15376,15376,2,0
2023-02-15 15:30:09,15377,15377,15377,2,2
2023-02-15 15:30:10,15376,15376,15376,2,-2
2023-02-15 15:30:10,15376,15376,15376,2,0
2023-02-15 15:30:10,15376,15376,15376,2,0
2023-02-15 15:30:10,15376,15376,15376,2,0
2023-02-15 15:30:10,15376,15376,15376,2,0
2023-02-15 15:30:10,15377,15377,15377,4,4
2023-02-15 15:30:10,15377,15377,15377,4,0
2023-02-15 15:30:14,15376,15376,15376,2,-2
2023-02-15 15:30:14,15376,15376,15376,2,0
2023-02-15 15:30:14,15376,15376,15376,2,0
2023-02-15 15:30:17,15376,15376,15376,2,0
2023-02-15 15:30:17,15376,15376,15376,2,0
2023-02-15 15:30:17,15375,15375,15375,2,-2
2023-02-15 15:30:38,15376,15376,15376,4,4
2023-02-15 15:30:39,15376,15376,15376,2,0
2023-02-15 15:30:40,15376,15376,15376,2,0
2023-02-15 15:30:53,15375,15375,15375,2,-2
2023-02-15 15:30:53,15375,15375,15375,2,0
2023-02-15 15:30:53,15375,15375,15375,2,0
2023-02-15 15:30:53,15375,15375,15375,2,0
2023-02-15 15:31:00,15375,15375,15375,2,0
2023-02-15 15:31:00,15375,15375,15375,2,0
2023-02-15 15:31:06,15377,15377,15377,2,2
2023-02-15 15:31:06,15375,15375,15375,2,-2
2023-02-15 15:31:12,15375,15375,15375,4,0
2023-02-15 15:31:12,15375,15375,15375,2,0
2023-02-15 15:31:12,15375,15375,15375,2,0
2023-02-15 15:31:12,15375,15375,15375,2,0
2023-02-15 15:31:12,15375,15375,15375,2,0
2023-02-15 15:31:12,15375,15375,15375,2,0
2023-02-15 15:31:12,15375,15375,15375,2,0
2023-02-15 15:31:12,15375,15375,15375,2,0
2023-02-15 15:31:12,15375,15375,15375,2,0
2023-02-15 15:31:16,15375,15375,15375,2,0
2023-02-15 15:31:20,15374,15374,15374,4,-4
2023-02-15 15:31:22,15374,15374,15374,2,0
2023-02-15 15:31:24,15374,15374,15374,4,0
2023-02-15 15:31:24,15374,15374,15374,2,0
2023-02-15 15:31:24,15374,15374,15374,4,0
2023-02-15 15:31:27,15374,15374,15374,2,0
2023-02-15 15:31:27,15374,15374,15374,2,0
2023-02-15 15:31:28,15374,15374,15374,2,0
2023-02-15 15:31:30,15374,15374,15374,2,0
2023-02-15 15:31:39,15373,15373,15373,2,-2
2023-02-15 15:31:39,15373,15373,15373,2,0
2023-02-15 15:31:39,15373,15373,15373,2,0
2023-02-15 15:31:39,15373,15373,15373,2,0
2023-02-15 15:31:39,15373,15373,15373,2,0
2023-02-15 15:31:39,15373,15373,15373,2,0
2023-02-15 15:31:42,15372,15372,15372,2,-2
2023-02-15 15:31:45,15372,15372,15372,2,0
2023-02-15 15:31:45,15372,15372,15372,2,0
2023-02-15 15:31:45,15372,15372,15372,2,0
2023-02-15 15:31:45,15372,15372,15372,2,0
2023-02-15 15:31:45,15372,15372,15372,2,0
2023-02-15 15:31:45,15372,15372,15372,2,0
2023-02-15 15:31:45,15371,15371,15371,4,-4
2023-02-15 15:31:45,15371,15371,15371,2,0
2023-02-15 15:31:45,15371,15371,15371,2,0
2023-02-15 15:31:45,15371,15371,15371,2,0
2023-02-15 15:31:45,15371,15371,15371,4,0
2023-02-15 15:31:45,15371,15371,15371,2,0
2023-02-15 15:31:45,15371,15371,15371,2,0
2023-02-15 15:31:45,15371,15371,15371,2,0
2023-02-15 15:31:45,15371,15371,15371,2,0
2023-02-15 15:31:45,15371,15371,15371,2,0
2023-02-15 15:31:45,15371,15371,15371,2,0
2023-02-15 15:31:45,15371,15371,15371,4,0
2023-02-15 15:31:45,15371,15371,15371,2,0
2023-02-15 15:31:45,15371,15371,15371,2,0
2023-02-15 15:31:45,15371,15371,15371,2,0
2023-02-15 15:31:45,15371,15371,15371,2,0
2023-02-15 15:31:45,15371,15371,15371,2,0
2023-02-15 15:31:45,15371,15371,15371,6,0
2023-02-15 15:31:45,15371,15371,15371,2,0
2023-02-15 15:31:45,15370,15370,15370,4,-4
2023-02-15 15:31:45,15370,15370,15370,4,0
2023-02-15 15:31:45,15370,15370,15370,2,0
2023-02-15 15:31:45,15370,15370,15370,2,0
2023-02-15 15:31:45,15370,15370,15370,2,0
2023-02-15 15:31:45,15370,15370,15370,2,0
2023-02-15 15:31:45,15370,15370,15370,2,0
2023-02-15 15:31:45,15370,15370,15370,2,0
2023-02-15 15:31:45,15370,15370,15370,2,0
2023-02-15 15:31:45,15370,15370,15370,6,0
2023-02-15 15:31:45,15370,15370,15370,2,0
2023-02-15 15:31:45,15370,15370,15370,4,0
2023-02-15 15:31:45,15370,15370,15370,2,0
2023-02-15 15:31:45,15370,15370,15370,2,0
2023-02-15 15:31:45,15370,15370,15370,2,0
2023-02-15 15:31:45,15370,15370,15370,2,0
2023-02-15 15:31:45,15370,15370,15370,2,0
2023-02-15 15:31:45,15370,15370,15370,2,0
2023-02-15 15:31:45,15370,15370,15370,4,0
2023-02-15 15:31:45,15370,15370,15370,2,0
2023-02-15 15:31:45,15370,15370,15370,2,0
2023-02-15 15:31:45,15370,15370,15370,2,0
2023-02-15 15:31:45,15370,15370,15370,2,0
2023-02-15 15:31:45,15370,15370,15370,2,0
2023-02-15 15:31:45,15370,15370,15370,2,0
2023-02-15 15:31:45,15370,15370,15370,4,0
2023-02-15 15:31:45,15370,15370,15370,10,0
2023-02-15 15:31:45,15370,15370,15370,10,0
2023-02-15 15:31:45,15370,15370,15370,10,0
2023-02-15 15:31:45,15370,15370,15370,10,0
2023-02-15 15:31:45,15370,15370,15370,10,0
2023-02-15 15:31:45,15370,15370,15370,2,0
2023-02-15 15:31:45,15370,15370,15370,2,0
2023-02-15 15:31:45,15370,15370,15370,20,0
2023-02-15 15:31:45,15370,15370,15370,2,0
2023-02-15 15:31:45,15370,15370,15370,6,0
2023-02-15 15:31:45,15370,15370,15370,2,0
2023-02-15 15:31:45,15370,15370,15370,2,0
2023-02-15 15:31:45,15370,15370,15370,2,0
2023-02-15 15:31:45,15370,15370,15370,2,0
2023-02-15 15:31:45,15370,15370,15370,2,0
2023-02-15 15:31:45,15370,15370,15370,2,0
2023-02-15 15:31:45,15370,15370,15370,4,0
2023-02-15 15:31:45,15369,15369,15369,2,-2
2023-02-15 15:31:45,15370,15370,15370,14,14
2023-02-15 15:31:45,15371,15371,15371,2,2
2023-02-15 15:31:45,15369,15369,15369,2,-2
2023-02-15 15:31:47,15369,15369,15369,2,0
2023-02-15 15:31:47,15369,15369,15369,2,0
2023-02-15 15:31:47,15369,15369,15369,2,0
2023-02-15 15:31:47,15369,15369,15369,4,0
2023-02-15 15:31:47,15368,15368,15368,2,-2
2023-02-15 15:31:47,15368,15368,15368,2,0
2023-02-15 15:31:47,15368,15368,15368,4,0
2023-02-15 15:31:47,15369,15369,15369,2,2
2023-02-15 15:31:48,15369,15369,15369,2,0
2023-02-15 15:31:49,15369,15369,15369,2,0
2023-02-15 15:31:49,15369,15369,15369,2,0
2023-02-15 15:31:50,15369,15369,15369,2,0
2023-02-15 15:31:52,15369,15369,15369,2,0
2023-02-15 15:31:52,15368,15368,15368,2,-2
2023-02-15 15:31:53,15370,15370,15370,2,2
2023-02-15 15:31:53,15370,15370,15370,2,0
2023-02-15 15:31:53,15370,15370,15370,2,0
2023-02-15 15:31:53,15370,15370,15370,2,0
2023-02-15 15:31:54,15371,15371,15371,2,2
2023-02-15 15:31:55,15370,15370,15370,2,-2
2023-02-15 15:31:55,15370,15370,15370,2,0
2023-02-15 15:32:00,15369,15369,15369,2,-2
2023-02-15 15:32:00,15369,15369,15369,2,0
2023-02-15 15:32:01,15369,15369,15369,2,0
2023-02-15 15:32:01,15369,15369,15369,4,0
2023-02-15 15:32:01,15369,15369,15369,2,0
2023-02-15 15:32:03,15368,15368,15368,2,-2
2023-02-15 15:32:06,15368,15368,15368,2,0
2023-02-15 15:32:07,15368,15368,15368,2,0
2023-02-15 15:32:07,15369,15369,15369,8,8
2023-02-15 15:32:08,15368,15368,15368,2,-2
2023-02-15 15:32:09,15368,15368,15368,2,0
2023-02-15 15:32:11,15368,15368,15368,2,0
2023-02-15 15:32:12,15368,15368,15368,2,0
2023-02-15 15:32:13,15368,15368,15368,2,0
2023-02-15 15:32:17,15368,15368,15368,2,0
2023-02-15 15:32:18,15368,15368,15368,2,0
2023-02-15 15:32:19,15369,15369,15369,4,4
2023-02-15 15:32:20,15368,15368,15368,2,-2
2023-02-15 15:32:22,15368,15368,15368,2,0
2023-02-15 15:32:27,15368,15368,15368,2,0
2023-02-15 15:32:35,15368,15368,15368,2,0
2023-02-15 15:32:36,15367,15367,15367,2,-2
2023-02-15 15:32:36,15367,15367,15367,2,0
2023-02-15 15:32:37,15367,15367,15367,4,0
2023-02-15 15:32:40,15367,15367,15367,2,0
2023-02-15 15:32:40,15367,15367,15367,2,0
2023-02-15 15:32:40,15367,15367,15367,8,0
2023-02-15 15:32:40,15367,15367,15367,2,0
2023-02-15 15:32:40,15367,15367,15367,6,0
2023-02-15 15:32:41,15367,15367,15367,2,0
2023-02-15 15:32:43,15367,15367,15367,2,0
2023-02-15 15:32:44,15367,15367,15367,6,0
2023-02-15 15:32:44,15367,15367,15367,2,0
2023-02-15 15:32:44,15367,15367,15367,2,0
2023-02-15 15:32:44,15367,15367,15367,2,0
2023-02-15 15:32:48,15366,15366,15366,2,-2
2023-02-15 15:32:48,15366,15366,15366,2,0
2023-02-15 15:32:48,15366,15366,15366,2,0
2023-02-15 15:32:48,15366,15366,15366,10,0
2023-02-15 15:32:48,15366,15366,15366,4,0
2023-02-15 15:32:49,15366,15366,15366,2,0
2023-02-15 15:32:49,15366,15366,15366,2,0
2023-02-15 15:32:50,15366,15366,15366,2,0
2023-02-15 15:32:50,15366,15366,15366,2,0
2023-02-15 15:32:52,15366,15366,15366,8,0
2023-02-15 15:32:53,15366,15366,15366,2,0
2023-02-15 15:32:53,15366,15366,15366,2,0
2023-02-15 15:32:54,15367,15367,15367,10,10
2023-02-15 15:32:56,15366,15366,15366,2,-2
2023-02-15 15:32:58,15366,15366,15366,2,0
2023-02-15 15:32:58,15366,15366,15366,2,0
2023-02-15 15:32:59,15366,15366,15366,2,0
2023-02-15 15:32:59,15366,15366,15366,2,0
2023-02-15 15:33:00,15365,15365,15365,2,-2
2023-02-15 15:33:02,15366,15366,15366,2,2
2023-02-15 15:33:02,15366,15366,15366,2,0
2023-02-15 15:33:05,15366,15366,15366,2,0
2023-02-15 15:33:07,15366,15366,15366,2,0
2023-02-15 15:33:11,15366,15366,15366,2,0
2023-02-15 15:33:11,15366,15366,15366,2,0
2023-02-15 15:33:17,15367,15367,15367,2,2
2023-02-15 15:33:20,15366,15366,15366,4,-4
2023-02-15 15:33:21,15366,15366,15366,2,0
2023-02-15 15:33:22,15366,15366,15366,2,0
2023-02-15 15:33:22,15366,15366,15366,2,0
2023-02-15 15:33:22,15366,15366,15366,2,0
2023-02-15 15:33:22,15366,15366,15366,2,0
2023-02-15 15:33:22,15366,15366,15366,2,0
2023-02-15 15:33:22,15366,15366,15366,2,0
2023-02-15 15:33:24,15367,15367,15367,2,2
2023-02-15 15:33:25,15366,15366,15366,2,-2
2023-02-15 15:33:25,15365,15365,15365,2,-2
2023-02-15 15:33:27,15367,15367,15367,2,2
2023-02-15 15:33:28,15366,15366,15366,2,-2
2023-02-15 15:33:33,15367,15367,15367,38,38
2023-02-15 15:33:33,15367,15367,15367,2,0
2023-02-15 15:33:34,15366,15366,15366,2,-2
2023-02-15 15:33:35,15366,15366,15366,2,0
2023-02-15 15:33:38,15366,15366,15366,2,0
2023-02-15 15:33:40,15367,15367,15367,2,2
2023-02-15 15:33:41,15367,15367,15367,2,0
2023-02-15 15:33:45,15368,15368,15368,2,2
2023-02-15 15:33:45,15367,15367,15367,2,-2
2023-02-15 15:33:46,15367,15367,15367,2,0
2023-02-15 15:33:48,15367,15367,15367,2,0
2023-02-15 15:33:49,15367,15367,15367,2,0
2023-02-15 15:33:49,15367,15367,15367,2,0
2023-02-15 15:33:49,15366,15366,15366,4,-4
2023-02-15 15:33:50,15367,15367,15367,2,2
2023-02-15 15:34:00,15366,15366,15366,2,-2
2023-02-15 15:34:00,15367,15367,15367,18,18
2023-02-15 15:34:11,15367,15367,15367,2,0
2023-02-15 15:34:20,15366,15366,15366,2,-2
2023-02-15 15:34:20,15367,15367,15367,2,2
2023-02-15 15:34:23,15366,15366,15366,2,-2
2023-02-15 15:34:23,15366,15366,15366,2,0
2023-02-15 15:34:23,15366,15366,15366,2,0
2023-02-15 15:34:23,15366,15366,15366,2,0
2023-02-15 15:34:23,15366,15366,15366,2,0
2023-02-15 15:34:23,15366,15366,15366,2,0
2023-02-15 15:34:23,15366,15366,15366,2,0
2023-02-15 15:34:23,15366,15366,15366,2,0
2023-02-15 15:34:23,15366,15366,15366,2,0
2023-02-15 15:34:24,15366,15366,15366,6,0
2023-02-15 15:34:26,15366,15366,15366,10,0
2023-02-15 15:34:29,15366,15366,15366,2,0
2023-02-15 15:34:31,15366,15366,15366,2,0
2023-02-15 15:34:31,15367,15367,15367,2,2
2023-02-15 15:34:32,15366,15366,15366,2,-2
2023-02-15 15:34:35,15366,15366,15366,4,0
2023-02-15 15:34:40,15366,15366,15366,2,0
2023-02-15 15:34:43,15366,15366,15366,8,0
2023-02-15 15:34:43,15366,15366,15366,2,0
2023-02-15 15:34:43,15366,15366,15366,4,0
2023-02-15 15:34:43,15366,15366,15366,2,0
2023-02-15 15:34:50,15365,15365,15365,2,-2
2023-02-15 15:34:51,15366,15366,15366,2,2
2023-02-15 15:34:51,15366,15366,15366,2,0
2023-02-15 15:34:53,15365,15365,15365,2,-2
2023-02-15 15:35:00,15365,15365,15365,2,0
2023-02-15 15:35:00,15365,15365,15365,2,0
2023-02-15 15:35:00,15365,15365,15365,2,0
2023-02-15 15:35:00,15365,15365,15365,4,0
2023-02-15 15:35:00,15366,15366,15366,2,2
2023-02-15 15:35:00,15367,15367,15367,2,2
2023-02-15 15:35:03,15366,15366,15366,2,-2
2023-02-15 15:35:11,15366,15366,15366,2,0
2023-02-15 15:35:13,15365,15365,15365,2,-2
2023-02-15 15:35:16,15365,15365,15365,2,0
2023-02-15 15:35:19,15365,15365,15365,2,0
2023-02-15 15:35:19,15365,15365,15365,2,0
2023-02-15 15:35:23,15365,15365,15365,2,0
2023-02-15 15:35:23,15365,15365,15365,2,0
2023-02-15 15:35:25,15366,15366,15366,2,2
2023-02-15 15:35:40,15365,15365,15365,2,-2
2023-02-15 15:35:45,15365,15365,15365,2,0
2023-02-15 15:35:58,15365,15365,15365,2,0
2023-02-15 15:36:00,15365,15365,15365,2,0
2023-02-15 15:36:00,15365,15365,15365,2,0
2023-02-15 15:36:01,15365,15365,15365,4,0
2023-02-15 15:36:01,15365,15365,15365,2,0
2023-02-15 15:36:05,15365,15365,15365,2,0
2023-02-15 15:36:08,15365,15365,15365,2,0
2023-02-15 15:36:08,15365,15365,15365,2,0
2023-02-15 15:36:08,15365,15365,15365,4,0
2023-02-15 15:36:11,15365,15365,15365,4,0
2023-02-15 15:36:12,15365,15365,15365,4,0
2023-02-15 15:36:12,15365,15365,15365,8,0
2023-02-15 15:36:12,15365,15365,15365,2,0
2023-02-15 15:36:12,15365,15365,15365,2,0
2023-02-15 15:36:12,15365,15365,15365,2,0
2023-02-15 15:36:15,15365,15365,15365,8,0
2023-02-15 15:36:16,15365,15365,15365,2,0
2023-02-15 15:36:20,15365,15365,15365,2,0
2023-02-15 15:36:22,15365,15365,15365,2,0
2023-02-15 15:36:23,15365,15365,15365,6,0
2023-02-15 15:36:23,15365,15365,15365,2,0
2023-02-15 15:36:23,15365,15365,15365,2,0
2023-02-15 15:36:23,15364,15364,15364,2,-2
2023-02-15 15:36:23,15364,15364,15364,2,0
2023-02-15 15:36:23,15364,15364,15364,2,0
2023-02-15 15:36:28,15364,15364,15364,2,0
2023-02-15 15:36:33,15364,15364,15364,2,0
2023-02-15 15:36:33,15364,15364,15364,2,0
2023-02-15 15:36:33,15364,15364,15364,2,0
2023-02-15 15:36:33,15364,15364,15364,4,0
2023-02-15 15:36:33,15364,15364,15364,2,0
2023-02-15 15:36:36,15364,15364,15364,2,0
2023-02-15 15:36:38,15364,15364,15364,10,0
2023-02-15 15:36:40,15364,15364,15364,2,0
2023-02-15 15:36:43,15364,15364,15364,6,0
2023-02-15 15:36:47,15363,15363,15363,2,-2
2023-02-15 15:36:47,15363,15363,15363,2,0
2023-02-15 15:36:47,15363,15363,15363,2,0
2023-02-15 15:36:47,15363,15363,15363,2,0
2023-02-15 15:36:47,15363,15363,15363,2,0
2023-02-15 15:36:47,15363,15363,15363,20,0
2023-02-15 15:36:47,15363,15363,15363,2,0
2023-02-15 15:36:47,15363,15363,15363,2,0
2023-02-15 15:36:52,15362,15362,15362,2,-2
2023-02-15 15:36:52,15362,15362,15362,2,0
2023-02-15 15:36:52,15362,15362,15362,4,0
2023-02-15 15:36:52,15361,15361,15361,4,-4
2023-02-15 15:36:52,15361,15361,15361,2,0
2023-02-15 15:36:52,15361,15361,15361,2,0
2023-02-15 15:36:52,15361,15361,15361,2,0
2023-02-15 15:36:52,15361,15361,15361,2,0
2023-02-15 15:36:52,15361,15361,15361,2,0
2023-02-15 15:36:52,15361,15361,15361,4,0
2023-02-15 15:36:52,15361,15361,15361,4,0
2023-02-15 15:36:52,15361,15361,15361,2,0
2023-02-15 15:36:52,15361,15361,15361,2,0
2023-02-15 15:36:52,15361,15361,15361,4,0
2023-02-15 15:36:52,15361,15361,15361,2,0
2023-02-15 15:36:52,15361,15361,15361,2,0
2023-02-15 15:36:52,15361,15361,15361,2,0
2023-02-15 15:36:52,15361,15361,15361,2,0
2023-02-15 15:36:52,15361,15361,15361,2,0
2023-02-15 15:36:52,15361,15361,15361,2,0
2023-02-15 15:36:56,15360,15360,15360,2,-2
2023-02-15 15:36:56,15360,15360,15360,2,0
2023-02-15 15:36:57,15361,15361,15361,4,4
2023-02-15 15:36:57,15360,15360,15360,2,-2
2023-02-15 15:36:58,15360,15360,15360,2,0
2023-02-15 15:37:00,15360,15360,15360,2,0
2023-02-15 15:37:00,15360,15360,15360,2,0
2023-02-15 15:37:01,15360,15360,15360,2,0
2023-02-15 15:37:02,15360,15360,15360,2,0
2023-02-15 15:37:04,15360,15360,15360,2,0
2023-02-15 15:37:07,15360,15360,15360,2,0
2023-02-15 15:37:07,15360,15360,15360,2,0
2023-02-15 15:37:08,15361,15361,15361,2,2
2023-02-15 15:37:08,15360,15360,15360,2,-2
2023-02-15 15:37:08,15360,15360,15360,2,0
2023-02-15 15:37:08,15360,15360,15360,2,0
2023-02-15 15:37:09,15360,15360,15360,2,0
2023-02-15 15:37:09,15360,15360,15360,2,0
2023-02-15 15:37:11,15360,15360,15360,2,0
2023-02-15 15:37:15,15360,15360,15360,2,0
2023-02-15 15:37:18,15360,15360,15360,2,0
2023-02-15 15:37:21,15360,15360,15360,2,0
2023-02-15 15:37:21,15360,15360,15360,2,0
2023-02-15 15:37:21,15360,15360,15360,2,0
2023-02-15 15:37:22,15360,15360,15360,2,0
2023-02-15 15:37:23,15360,15360,15360,2,0
2023-02-15 15:37:27,15360,15360,15360,2,0
2023-02-15 15:37:28,15360,15360,15360,2,0
2023-02-15 15:37:28,15360,15360,15360,2,0
2023-02-15 15:37:29,15360,15360,15360,2,0
2023-02-15 15:37:31,15361,15361,15361,4,4
2023-02-15 15:37:32,15361,15361,15361,2,0
2023-02-15 15:37:34,15360,15360,15360,2,-2
2023-02-15 15:37:35,15361,15361,15361,2,2
2023-02-15 15:37:35,15361,15361,15361,20,0
2023-02-15 15:37:36,15362,15362,15362,2,2
2023-02-15 15:37:39,15362,15362,15362,12,0
2023-02-15 15:37:42,15363,15363,15363,2,2
2023-02-15 15:37:42,15363,15363,15363,2,0
2023-02-15 15:37:42,15363,15363,15363,2,0
2023-02-15 15:37:42,15364,15364,15364,2,2
2023-02-15 15:37:44,15364,15364,15364,4,0
2023-02-15 15:37:44,15364,15364,15364,2,0
2023-02-15 15:37:47,15363,15363,15363,4,-4
2023-02-15 15:37:47,15363,15363,15363,2,0
2023-02-15 15:37:47,15363,15363,15363,2,0
2023-02-15 15:37:47,15363,15363,15363,2,0
2023-02-15 15:37:48,15363,15363,15363,2,0
2023-02-15 15:37:50,15363,15363,15363,2,0
2023-02-15 15:37:52,15364,15364,15364,6,6
2023-02-15 15:37:53,15363,15363,15363,2,-2
2023-02-15 15:37:53,15363,15363,15363,2,0
2023-02-15 15:37:54,15364,15364,15364,2,2
2023-02-15 15:37:55,15365,15365,15365,4,4
2023-02-15 15:37:57,15365,15365,15365,2,0
2023-02-15 15:37:57,15365,15365,15365,4,0
2023-02-15 15:38:02,15366,15366,15366,2,2
2023-02-15 15:38:06,15366,15366,15366,2,0
2023-02-15 15:38:06,15366,15366,15366,2,0
2023-02-15 15:38:10,15366,15366,15366,2,0
2023-02-15 15:38:10,15366,15366,15366,2,0
2023-02-15 15:38:10,15366,15366,15366,8,0
2023-02-15 15:38:12,15366,15366,15366,2,0
2023-02-15 15:38:12,15366,15366,15366,2,0
2023-02-15 15:38:12,15365,15365,15365,2,-2
2023-02-15 15:38:12,15365,15365,15365,2,0
2023-02-15 15:38:12,15365,15365,15365,2,0
2023-02-15 15:38:15,15366,15366,15366,2,2
2023-02-15 15:38:16,15366,15366,15366,2,0
2023-02-15 15:38:19,15367,15367,15367,8,8
2023-02-15 15:38:20,15367,15367,15367,2,0
2023-02-15 15:38:24,15367,15367,15367,2,0
2023-02-15 15:38:25,15367,15367,15367,2,0
2023-02-15 15:38:25,15366,15366,15366,2,-2
2023-02-15 15:38:25,15366,15366,15366,4,0
2023-02-15 15:38:25,15366,15366,15366,2,0
2023-02-15 15:38:33,15368,15368,15368,10,10
2023-02-15 15:38:35,15368,15368,15368,2,0
2023-02-15 15:38:35,15367,15367,15367,4,-4
2023-02-15 15:38:35,15367,15367,15367,2,0
2023-02-15 15:38:35,15367,15367,15367,2,0
2023-02-15 15:38:36,15368,15368,15368,2,2
2023-02-15 15:38:41,15368,15368,15368,2,0
2023-02-15 15:38:46,15367,15367,15367,2,-2
2023-02-15 15:38:46,15367,15367,15367,2,0
2023-02-15 15:38:46,15366,15366,15366,2,-2
2023-02-15 15:38:47,15368,15368,15368,2,2
2023-02-15 15:38:50,15366,15366,15366,2,-2
2023-02-15 15:38:50,15366,15366,15366,4,0
2023-02-15 15:38:51,15368,15368,15368,2,2
2023-02-15 15:38:57,15367,15367,15367,2,-2
2023-02-15 15:38:57,15366,15366,15366,2,-2
2023-02-15 15:38:57,15366,15366,15366,2,0
2023-02-15 15:39:00,15368,15368,15368,2,2
2023-02-15 15:39:13,15368,15368,15368,2,0
2023-02-15 15:39:15,15368,15368,15368,8,0
2023-02-15 15:39:17,15368,15368,15368,2,0
2023-02-15 15:39:17,15367,15367,15367,2,-2
2023-02-15 15:39:17,15367,15367,15367,2,0
2023-02-15 15:39:18,15368,15368,15368,2,2
2023-02-15 15:39:19,15366,15366,15366,2,-2
2023-02-15 15:39:25,15368,15368,15368,12,12
2023-02-15 15:39:37,15368,15368,15368,2,0
2023-02-15 15:39:48,15367,15367,15367,2,-2
2023-02-15 15:39:48,15367,15367,15367,2,0
2023-02-15 15:39:48,15367,15367,15367,2,0
2023-02-15 15:39:48,15366,15366,15366,2,-2
2023-02-15 15:39:53,15368,15368,15368,2,2
2023-02-15 15:40:05,15367,15367,15367,2,-2
2023-02-15 15:40:06,15368,15368,15368,4,4
2023-02-15 15:40:06,15369,15369,15369,4,4
2023-02-15 15:40:06,15367,15367,15367,2,-2
2023-02-15 15:40:06,15366,15366,15366,2,-2
2023-02-15 15:40:06,15366,15366,15366,2,0
2023-02-15 15:40:06,15366,15366,15366,2,0
2023-02-15 15:40:06,15366,15366,15366,2,0
2023-02-15 15:40:06,15366,15366,15366,2,0
2023-02-15 15:40:06,15366,15366,15366,2,0
2023-02-15 15:40:15,15366,15366,15366,2,0
2023-02-15 15:40:16,15366,15366,15366,2,0
2023-02-15 15:40:21,15367,15367,15367,2,2
2023-02-15 15:40:22,15368,15368,15368,2,2
2023-02-15 15:40:27,15368,15368,15368,2,0
2023-02-15 15:40:29,15368,15368,15368,2,0
2023-02-15 15:40:29,15368,15368,15368,2,0
2023-02-15 15:40:44,15368,15368,15368,2,0
2023-02-15 15:40:57,15367,15367,15367,2,-2
2023-02-15 15:41:04,15369,15369,15369,14,14
2023-02-15 15:41:05,15370,15370,15370,10,10
2023-02-15 15:41:08,15369,15369,15369,2,-2
2023-02-15 15:41:18,15370,15370,15370,2,2
2023-02-15 15:41:18,15370,15370,15370,4,0
2023-02-15 15:41:20,15371,15371,15371,6,6
2023-02-15 15:41:20,15372,15372,15372,4,4
2023-02-15 15:41:20,15372,15372,15372,4,0
2023-02-15 15:41:20,15372,15372,15372,2,0
2023-02-15 15:41:21,15372,15372,15372,4,0
2023-02-15 15:41:21,15372,15372,15372,2,0
2023-02-15 15:41:23,15372,15372,15372,6,0
2023-02-15 15:41:24,15372,15372,15372,2,0
2023-02-15 15:41:25,15373,15373,15373,2,2
2023-02-15 15:41:26,15372,15372,15372,2,-2
2023-02-15 15:41:30,15373,15373,15373,2,2
2023-02-15 15:41:34,15372,15372,15372,2,-2
2023-02-15 15:41:34,15373,15373,15373,2,2
2023-02-15 15:41:36,15373,15373,15373,2,0
2023-02-15 15:41:37,15373,15373,15373,2,0
2023-02-15 15:41:39,15373,15373,15373,2,0
2023-02-15 15:41:43,15372,15372,15372,2,-2
2023-02-15 15:41:44,15372,15372,15372,4,0
2023-02-15 15:41:44,15372,15372,15372,2,0
2023-02-15 15:41:44,15372,15372,15372,4,0
2023-02-15 15:41:44,15372,15372,15372,2,0
2023-02-15 15:41:47,15372,15372,15372,2,0
2023-02-15 15:41:53,15371,15371,15371,2,-2
2023-02-15 15:42:00,15371,15371,15371,2,0
2023-02-15 15:42:02,15370,15370,15370,2,-2
2023-02-15 15:42:02,15370,15370,15370,2,0
2023-02-15 15:42:05,15371,15371,15371,4,4
2023-02-15 15:42:05,15371,15371,15371,2,0
2023-02-15 15:42:07,15371,15371,15371,8,0
2023-02-15 15:42:24,15371,15371,15371,2,0
2023-02-15 15:42:27,15370,15370,15370,2,-2
2023-02-15 15:42:27,15370,15370,15370,4,0
2023-02-15 15:42:27,15370,15370,15370,2,0
2023-02-15 15:42:29,15370,15370,15370,4,0
2023-02-15 15:42:29,15370,15370,15370,2,0
2023-02-15 15:42:40,15369,15369,15369,8,-8
2023-02-15 15:42:42,15369,15369,15369,2,0
2023-02-15 15:42:52,15368,15368,15368,4,-4
2023-02-15 15:42:52,15368,15368,15368,2,0
2023-02-15 15:42:52,15368,15368,15368,4,0
2023-02-15 15:42:52,15368,15368,15368,2,0
2023-02-15 15:42:52,15368,15368,15368,2,0
2023-02-15 15:42:52,15368,15368,15368,2,0
2023-02-15 15:42:56,15368,15368,15368,2,0
2023-02-15 15:42:57,15368,15368,15368,2,0
2023-02-15 15:42:57,15368,15368,15368,6,0
2023-02-15 15:42:58,15368,15368,15368,4,0
2023-02-15 15:42:58,15368,15368,15368,2,0
