2021-07-05 15:00:00.043,17908,17909,17910,65,65
2021-07-05 15:00:00.044,17909,17910,17909,3,-3
2021-07-05 15:00:00.045,17909,17910,17909,2,-2
2021-07-05 15:00:00.069,17908,17910,17910,1,1
2021-07-05 15:00:00.206,17908,17910,17910,3,3
2021-07-05 15:00:00.210,17908,17910,17910,1,1
2021-07-05 15:00:00.218,17908,17910,17910,1,1
2021-07-05 15:00:00.223,17908,17910,17911,1,1
2021-07-05 15:00:00.249,17908,17910,17909,1,-1
2021-07-05 15:00:00.266,17908,17911,17911,1,1
2021-07-05 15:00:00.269,17908,17911,17911,1,1
2021-07-05 15:00:00.289,17908,17911,17911,1,1
2021-07-05 15:00:00.294,17908,17911,17911,3,3
2021-07-05 15:00:00.305,17908,17911,17911,1,1
2021-07-05 15:00:00.319,17908,17911,17911,1,1
2021-07-05 15:00:00.331,17908,17911,17911,3,3
2021-07-05 15:00:00.349,17908,17911,17911,1,1
2021-07-05 15:00:00.387,17908,17912,17912,1,1
2021-07-05 15:00:00.396,17908,17912,17912,1,1
2021-07-05 15:00:00.409,17908,17912,17911,1,-1
2021-07-05 15:00:00.464,17908,17912,17912,1,1
2021-07-05 15:00:00.598,17908,17912,17910,2,-2
2021-07-05 15:00:00.599,17908,17912,17909,1,-1
2021-07-05 15:00:00.599,17908,17912,17908,1,-1
2021-07-05 15:00:00.657,17908,17912,17912,1,1
2021-07-05 15:00:00.666,17908,17912,17912,1,1
2021-07-05 15:00:00.695,17908,17912,17912,1,1
2021-07-05 15:00:00.725,17908,17912,17912,5,5
2021-07-05 15:00:00.747,17908,17912,17912,1,1
2021-07-05 15:00:00.846,17909,17913,17912,2,-2
2021-07-05 15:00:00.913,17909,17913,17909,1,-1
2021-07-05 15:00:01.018,17911,17912,17912,2,2
2021-07-05 15:00:01.018,17911,17912,17911,1,-1
2021-07-05 15:00:01.125,17909,17911,17911,2,2
2021-07-05 15:00:01.222,17909,17911,17912,1,1
2021-07-05 15:00:01.242,17909,17911,17909,1,-1
2021-07-05 15:00:01.250,17908,17910,17910,2,2
2021-07-05 15:00:01.357,17908,17910,17909,1,-1
2021-07-05 15:00:01.372,17908,17910,17909,1,-1
2021-07-05 15:00:01.446,17908,17911,17911,2,2
2021-07-05 15:00:01.446,17908,17911,17912,1,1
2021-07-05 15:00:01.446,17908,17911,17913,3,3
2021-07-05 15:00:01.477,17908,17911,17911,1,1
2021-07-05 15:00:01.477,17908,17911,17911,3,3
2021-07-05 15:00:01.487,17908,17911,17911,1,1
2021-07-05 15:00:01.514,17908,17912,17912,1,1
2021-07-05 15:00:01.675,17908,17912,17911,2,-2
2021-07-05 15:00:01.843,17908,17912,17910,1,-1
2021-07-05 15:00:01.843,17908,17912,17911,2,2
2021-07-05 15:00:01.900,17908,17912,17912,4,4
2021-07-05 15:00:02.781,17908,17910,17908,7,-7
2021-07-05 15:00:02.831,17908,17910,17907,2,-2
2021-07-05 15:00:02.882,17906,17909,17906,3,-3
2021-07-05 15:00:02.882,17906,17909,17906,1,-1
2021-07-05 15:00:02.981,17906,17909,17908,1,1
2021-07-05 15:00:03.357,17905,17908,17908,2,2
2021-07-05 15:00:06.459,17905,17907,17905,2,-2
2021-07-05 15:00:06.516,17904,17905,17904,2,-2
2021-07-05 15:00:06.850,17903,17905,17905,7,7
2021-07-05 15:00:06.851,17903,17905,17906,2,2
2021-07-05 15:00:07.582,17904,17906,17905,1,-1
2021-07-05 15:00:08.136,17903,17906,17906,2,2
2021-07-05 15:00:08.774,17903,17904,17904,1,1
2021-07-05 15:00:08.973,17903,17904,17904,1,1
2021-07-05 15:00:09.479,17903,17905,17905,1,1
2021-07-05 15:00:09.582,17903,17905,17905,1,1
2021-07-05 15:00:09.719,17903,17905,17905,1,1
2021-07-05 15:00:09.719,17903,17905,17906,2,2
2021-07-05 15:00:10.844,17904,17906,17904,1,-1
2021-07-05 15:00:11.099,17903,17905,17905,1,1
2021-07-05 15:00:11.407,17903,17905,17903,1,-1
2021-07-05 15:00:11.507,17903,17905,17905,1,1
2021-07-05 15:00:13.752,17903,17904,17903,3,-3
2021-07-05 15:00:14.002,17902,17903,17903,1,1
2021-07-05 15:00:14.275,17902,17903,17902,1,-1
2021-07-05 15:00:14.326,17902,17903,17903,3,3
2021-07-05 15:00:14.683,17903,17904,17904,1,1
2021-07-05 15:00:15.074,17902,17905,17905,2,2
2021-07-05 15:00:15.423,17902,17905,17905,1,1
2021-07-05 15:00:15.449,17902,17905,17905,1,1
2021-07-05 15:00:15.701,17903,17906,17904,1,-1
2021-07-05 15:00:15.930,17904,17906,17906,1,1
2021-07-05 15:00:15.947,17904,17906,17906,1,1
2021-07-05 15:00:15.993,17904,17906,17906,1,1
2021-07-05 15:00:16.076,17904,17906,17906,1,1
2021-07-05 15:00:17.029,17905,17907,17905,2,-2
2021-07-05 15:00:17.222,17904,17907,17906,1,1
2021-07-05 15:00:17.844,17904,17907,17906,1,-1
2021-07-05 15:00:18.421,17904,17905,17905,1,1
2021-07-05 15:00:19.678,17905,17907,17907,1,1
2021-07-05 15:00:19.930,17905,17907,17905,5,-5
2021-07-05 15:00:22.139,17905,17906,17905,1,-1
2021-07-05 15:00:23.575,17905,17906,17906,1,1
2021-07-05 15:00:23.649,17905,17907,17905,2,-2
2021-07-05 15:00:24.125,17905,17907,17905,3,-3
2021-07-05 15:00:27.405,17904,17905,17904,3,-3
2021-07-05 15:00:28.596,17903,17904,17904,1,1
2021-07-05 15:00:29.011,17903,17904,17904,1,1
2021-07-05 15:00:31.374,17903,17904,17904,1,1
2021-07-05 15:00:31.374,17903,17904,17904,2,2
2021-07-05 15:00:31.677,17903,17904,17904,1,1
2021-07-05 15:00:32.128,17903,17904,17904,3,3
2021-07-05 15:00:33.771,17904,17905,17905,11,11
2021-07-05 15:00:36.874,17906,17907,17907,4,4
2021-07-05 15:00:37.097,17907,17908,17908,2,2
2021-07-05 15:00:37.824,17907,17909,17907,1,-1
2021-07-05 15:00:39.605,17906,17907,17907,1,1
2021-07-05 15:00:43.452,17907,17908,17907,1,-1
2021-07-05 15:00:43.814,17907,17908,17907,4,-4
2021-07-05 15:00:43.814,17907,17908,17907,1,-1
2021-07-05 15:00:46.987,17906,17907,17907,1,1
2021-07-05 15:00:46.987,17906,17907,17907,3,3
2021-07-05 15:00:47.000,17907,17908,17907,2,-2
2021-07-05 15:00:47.379,17907,17908,17907,2,-2
2021-07-05 15:00:47.380,17907,17908,17907,2,-2
2021-07-05 15:00:48.872,17907,17908,17907,1,-1
2021-07-05 15:00:50.118,17907,17908,17907,2,-2
2021-07-05 15:00:51.448,17907,17908,17907,1,-1
2021-07-05 15:00:52.068,17907,17908,17908,1,1
2021-07-05 15:00:52.166,17907,17908,17908,6,6
2021-07-05 15:00:53.078,17908,17909,17908,1,-1
2021-07-05 15:00:54.988,17908,17909,17908,1,-1
2021-07-05 15:00:56.444,17908,17909,17908,1,-1
2021-07-05 15:00:56.445,17908,17909,17908,9,-9
2021-07-05 15:00:56.448,17908,17909,17909,6,6
2021-07-05 15:00:56.848,17908,17910,17908,2,-2
2021-07-05 15:00:56.884,17907,17908,17908,2,2
2021-07-05 15:00:57.486,17908,17910,17908,1,-1
2021-07-05 15:00:58.454,17908,17910,17908,2,-2
2021-07-05 15:00:58.468,17908,17910,17907,2,-2
2021-07-05 15:01:00.063,17908,17909,17909,1,1
2021-07-05 15:01:00.091,17908,17909,17910,1,1
2021-07-05 15:01:00.106,17908,17909,17908,2,-2
2021-07-05 15:01:00.108,17908,17909,17908,1,-1
2021-07-05 15:01:00.146,17908,17910,17908,1,-1
2021-07-05 15:01:00.151,17908,17910,17908,1,-1
2021-07-05 15:01:00.155,17908,17910,17908,1,-1
2021-07-05 15:01:00.170,17908,17910,17908,1,-1
2021-07-05 15:01:00.224,17908,17910,17907,1,-1
2021-07-05 15:01:00.296,17907,17909,17907,1,-1
2021-07-05 15:01:00.336,17907,17909,17907,1,-1
2021-07-05 15:01:01.561,17907,17909,17907,1,-1
2021-07-05 15:01:05.832,17908,17909,17909,2,2
2021-07-05 15:01:05.900,17909,17910,17909,1,-1
2021-07-05 15:01:06.501,17909,17910,17909,1,-1
2021-07-05 15:01:06.568,17909,17910,17909,1,-1
2021-07-05 15:01:08.112,17909,17910,17909,8,-8
2021-07-05 15:01:08.126,17908,17909,17908,1,-1
2021-07-05 15:01:08.127,17908,17909,17908,1,-1
2021-07-05 15:01:11.895,17908,17909,17908,2,-2
2021-07-05 15:01:12.372,17908,17909,17909,3,3
2021-07-05 15:01:15.453,17909,17910,17910,9,9
2021-07-05 15:01:19.656,17910,17911,17910,1,-1
2021-07-05 15:01:19.698,17910,17911,17910,1,-1
2021-07-05 15:01:20.418,17910,17911,17911,2,2
2021-07-05 15:01:20.502,17910,17911,17910,1,-1
2021-07-05 15:01:20.502,17910,17911,17910,1,-1
2021-07-05 15:01:20.503,17910,17911,17910,1,-1
2021-07-05 15:01:20.503,17910,17911,17910,1,-1
2021-07-05 15:01:20.503,17910,17911,17910,1,-1
2021-07-05 15:01:20.614,17910,17911,17910,1,-1
2021-07-05 15:01:20.709,17909,17911,17911,1,1
2021-07-05 15:01:21.388,17909,17911,17911,3,3
2021-07-05 15:01:21.414,17909,17911,17910,1,-1
2021-07-05 15:01:22.846,17909,17910,17910,1,1
2021-07-05 15:01:26.110,17909,17910,17910,1,1
2021-07-05 15:01:26.831,17909,17910,17910,1,1
2021-07-05 15:01:27.263,17909,17910,17910,1,1
2021-07-05 15:01:27.266,17909,17910,17909,1,-1
2021-07-05 15:01:27.502,17909,17910,17910,1,1
2021-07-05 15:01:27.534,17909,17910,17910,1,1
2021-07-05 15:01:28.663,17909,17910,17910,1,1
2021-07-05 15:01:29.596,17909,17910,17910,4,4
2021-07-05 15:01:34.135,17910,17911,17911,1,1
2021-07-05 15:01:34.259,17910,17911,17911,1,1
2021-07-05 15:01:34.637,17910,17911,17910,1,-1
2021-07-05 15:01:36.201,17910,17911,17911,14,14
2021-07-05 15:01:37.952,17910,17911,17910,2,-2
2021-07-05 15:01:38.002,17910,17911,17910,1,-1
2021-07-05 15:01:39.314,17910,17911,17911,1,1
2021-07-05 15:01:39.759,17910,17911,17911,1,1
2021-07-05 15:01:40.415,17910,17911,17911,1,1
2021-07-05 15:01:42.057,17911,17912,17912,1,1
2021-07-05 15:01:42.241,17911,17912,17911,1,-1
2021-07-05 15:01:44.983,17911,17912,17911,2,-2
2021-07-05 15:01:45.023,17910,17911,17911,1,1
2021-07-05 15:01:50.593,17911,17912,17911,1,-1
2021-07-05 15:01:50.803,17910,17911,17910,1,-1
2021-07-05 15:01:52.542,17910,17911,17911,1,1
2021-07-05 15:01:53.277,17910,17911,17911,2,2
2021-07-05 15:01:53.427,17911,17912,17911,2,-2
2021-07-05 15:01:54.270,17911,17912,17911,4,-4
2021-07-05 15:01:54.275,17911,17912,17911,1,-1
2021-07-05 15:01:57.422,17911,17912,17911,1,-1
2021-07-05 15:01:57.732,17911,17912,17911,1,-1
2021-07-05 15:02:00.027,17911,17912,17911,1,-1
2021-07-05 15:02:00.731,17911,17912,17912,2,2
2021-07-05 15:02:00.785,17911,17912,17912,1,1
2021-07-05 15:02:00.785,17911,17912,17912,5,5
2021-07-05 15:02:00.786,17911,17912,17912,1,1
2021-07-05 15:02:00.786,17911,17912,17912,5,5
2021-07-05 15:02:00.786,17911,17912,17912,1,1
2021-07-05 15:02:00.786,17911,17912,17912,4,4
2021-07-05 15:02:03.399,17912,17913,17912,1,-1
2021-07-05 15:02:03.400,17912,17913,17912,3,-3
2021-07-05 15:02:03.539,17911,17913,17911,1,-1
2021-07-05 15:02:03.815,17911,17913,17912,1,1
2021-07-05 15:02:05.640,17911,17912,17912,1,1
2021-07-05 15:02:05.798,17912,17913,17912,2,-2
2021-07-05 15:02:07.349,17911,17912,17912,1,1
2021-07-05 15:02:07.842,17911,17912,17912,1,1
2021-07-05 15:02:08.430,17911,17912,17912,1,1
2021-07-05 15:02:08.696,17912,17913,17912,1,-1
2021-07-05 15:02:09.169,17911,17912,17912,1,1
2021-07-05 15:02:11.363,17911,17912,17912,1,1
2021-07-05 15:02:12.339,17911,17912,17912,1,1
2021-07-05 15:02:12.652,17911,17912,17912,1,1
2021-07-05 15:02:13.751,17911,17912,17912,1,1
2021-07-05 15:02:13.864,17911,17912,17912,1,1
2021-07-05 15:02:14.171,17911,17912,17912,3,3
2021-07-05 15:02:15.068,17912,17913,17913,2,2
2021-07-05 15:02:15.276,17912,17913,17912,1,-1
2021-07-05 15:02:15.809,17912,17913,17913,1,1
2021-07-05 15:02:18.941,17912,17913,17913,1,1
2021-07-05 15:02:21.715,17912,17913,17912,1,-1
2021-07-05 15:02:21.748,17912,17913,17912,4,-4
2021-07-05 15:02:23.049,17911,17912,17912,1,1
2021-07-05 15:02:23.232,17911,17912,17912,3,3
2021-07-05 15:02:23.556,17911,17912,17912,1,1
2021-07-05 15:02:25.272,17911,17912,17912,1,1
2021-07-05 15:02:26.887,17911,17912,17912,3,3
2021-07-05 15:02:31.668,17911,17912,17912,1,1
2021-07-05 15:02:34.152,17911,17912,17911,8,-8
2021-07-05 15:02:34.153,17911,17912,17911,10,-10
2021-07-05 15:02:34.154,17911,17912,17910,1,-1
2021-07-05 15:02:34.724,17910,17911,17911,1,1
2021-07-05 15:02:35.016,17910,17911,17910,1,-1
2021-07-05 15:02:35.017,17910,17911,17910,6,-6
2021-07-05 15:02:35.017,17910,17911,17910,1,-1
2021-07-05 15:02:35.017,17910,17911,17910,1,-1
2021-07-05 15:02:35.017,17910,17911,17910,1,-1
2021-07-05 15:02:35.017,17910,17911,17910,1,-1
2021-07-05 15:02:35.017,17910,17911,17910,2,-2
2021-07-05 15:02:35.017,17910,17911,17910,8,-8
2021-07-05 15:02:35.018,17910,17911,17910,2,-2
2021-07-05 15:02:35.159,17909,17911,17910,1,-1
2021-07-05 15:02:38.021,17910,17911,17911,1,1
2021-07-05 15:02:39.539,17910,17911,17910,1,-1
2021-07-05 15:02:40.013,17909,17911,17909,1,-1
2021-07-05 15:02:43.380,17910,17911,17910,1,1
2021-07-05 15:02:43.658,17910,17911,17910,2,-2
2021-07-05 15:02:47.930,17910,17911,17910,1,-1
2021-07-05 15:02:48.368,17910,17911,17910,17,-17
2021-07-05 15:02:49.236,17909,17910,17910,6,6
2021-07-05 15:02:49.236,17909,17910,17910,4,4
2021-07-05 15:02:54.033,17909,17910,17910,3,3
2021-07-05 15:02:54.911,17910,17911,17910,1,-1
2021-07-05 15:02:57.888,17910,17911,17910,1,-1
2021-07-05 15:02:58.228,17910,17911,17910,1,-1
2021-07-05 15:03:01.882,17910,17911,17911,1,1
2021-07-05 15:03:01.890,17910,17911,17910,1,-1
2021-07-05 15:03:02.767,17910,17911,17910,1,-1
2021-07-05 15:03:02.785,17910,17911,17910,5,-5
2021-07-05 15:03:02.806,17910,17911,17910,5,-5
2021-07-05 15:03:06.842,17910,17911,17911,1,1
2021-07-05 15:03:08.841,17910,17911,17910,1,-1
2021-07-05 15:03:11.239,17910,17911,17910,1,-1
2021-07-05 15:03:14.520,17910,17911,17910,1,-1
2021-07-05 15:03:15.321,17910,17911,17911,5,5
2021-07-05 15:03:15.579,17910,17911,17910,1,-1
2021-07-05 15:03:16.303,17910,17911,17910,1,-1
2021-07-05 15:03:19.983,17910,17911,17910,1,-1
2021-07-05 15:03:21.406,17910,17911,17911,2,2
2021-07-05 15:03:28.573,17910,17911,17910,1,-1
2021-07-05 15:03:29.080,17910,17911,17911,1,1
2021-07-05 15:03:29.245,17910,17911,17911,1,1
2021-07-05 15:03:31.026,17910,17911,17911,1,1
2021-07-05 15:03:31.149,17910,17911,17911,2,2
2021-07-05 15:03:32.810,17910,17911,17910,1,-1
2021-07-05 15:03:35.561,17910,17911,17910,1,-1
2021-07-05 15:03:36.675,17910,17911,17910,1,-1
2021-07-05 15:03:37.248,17910,17911,17910,1,-1
2021-07-05 15:03:37.248,17910,17911,17910,3,-3
2021-07-05 15:03:37.249,17910,17911,17910,2,-2
2021-07-05 15:03:37.249,17910,17911,17910,25,-25
2021-07-05 15:03:37.249,17910,17911,17910,1,-1
2021-07-05 15:03:37.249,17910,17911,17910,1,-1
2021-07-05 15:03:37.253,17909,17910,17909,1,-1
2021-07-05 15:03:37.254,17909,17910,17909,5,-5
2021-07-05 15:03:37.254,17909,17910,17909,1,-1
2021-07-05 15:03:37.387,17908,17909,17908,1,-1
2021-07-05 15:03:38.081,17908,17909,17908,2,-2
2021-07-05 15:03:39.264,17908,17909,17908,1,-1
2021-07-05 15:03:39.331,17908,17909,17908,4,-4
2021-07-05 15:03:43.154,17907,17908,17907,1,-1
2021-07-05 15:03:46.106,17907,17908,17907,1,-1
2021-07-05 15:03:46.231,17907,17908,17907,2,-2
2021-07-05 15:03:46.798,17907,17908,17907,1,-1
2021-07-05 15:03:47.958,17907,17908,17907,1,-1
2021-07-05 15:03:49.429,17906,17907,17907,1,1
2021-07-05 15:03:49.463,17906,17907,17907,1,1
2021-07-05 15:03:50.885,17907,17908,17907,1,-1
2021-07-05 15:03:52.646,17907,17908,17907,1,-1
2021-07-05 15:03:56.657,17907,17908,17908,2,2
2021-07-05 15:04:00.061,17907,17908,17908,1,1
2021-07-05 15:04:00.476,17908,17909,17909,2,2
2021-07-05 15:04:02.048,17908,17910,17908,1,-1
2021-07-05 15:04:04.843,17908,17909,17908,1,-1
2021-07-05 15:04:07.342,17908,17909,17908,1,-1
2021-07-05 15:04:10.404,17908,17909,17909,1,1
2021-07-05 15:04:13.671,17909,17911,17909,1,-1
2021-07-05 15:04:24.019,17909,17910,17910,1,1
2021-07-05 15:04:31.588,17909,17910,17910,1,1
2021-07-05 15:04:31.625,17910,17911,17910,7,-7
2021-07-05 15:04:32.630,17909,17910,17909,1,-1
2021-07-05 15:04:33.757,17909,17910,17910,3,3
2021-07-05 15:04:35.805,17909,17910,17909,1,-1
2021-07-05 15:04:36.967,17909,17910,17909,1,-1
2021-07-05 15:04:42.991,17908,17909,17909,1,1
2021-07-05 15:04:56.407,17908,17909,17909,1,1
2021-07-05 15:04:56.458,17908,17909,17909,2,2
2021-07-05 15:05:03.817,17909,17910,17910,1,1
2021-07-05 15:05:04.314,17909,17911,17909,6,-6
2021-07-05 15:05:04.892,17908,17909,17909,1,1
2021-07-05 15:05:06.138,17908,17909,17909,5,5
2021-07-05 15:05:07.768,17909,17910,17910,1,1
2021-07-05 15:05:11.033,17909,17910,17909,6,-6
2021-07-05 15:05:17.030,17908,17909,17909,1,1
2021-07-05 15:05:17.043,17908,17909,17909,1,1
2021-07-05 15:05:22.199,17908,17909,17908,14,-14
2021-07-05 15:05:22.200,17908,17909,17907,1,-1
2021-07-05 15:05:22.204,17908,17909,17907,1,-1
2021-07-05 15:05:29.840,17906,17907,17906,1,-1
2021-07-05 15:05:33.853,17906,17907,17906,1,-1
2021-07-05 15:05:34.976,17906,17907,17906,5,-5
2021-07-05 15:05:39.180,17906,17907,17906,6,-6
2021-07-05 15:05:40.244,17905,17906,17905,1,-1
2021-07-05 15:05:41.549,17905,17906,17905,1,-1
2021-07-05 15:05:41.625,17905,17906,17905,1,-1
2021-07-05 15:05:42.750,17904,17905,17905,1,1
2021-07-05 15:05:43.288,17904,17905,17904,1,-1
2021-07-05 15:05:43.415,17904,17905,17904,1,-1
2021-07-05 15:05:43.440,17904,17905,17904,1,-1
2021-07-05 15:05:43.478,17904,17905,17904,1,-1
2021-07-05 15:05:44.291,17904,17905,17904,1,-1
2021-07-05 15:05:46.880,17903,17905,17903,1,-1
2021-07-05 15:05:50.117,17904,17905,17905,4,4
2021-07-05 15:05:55.509,17905,17906,17905,9,-9
2021-07-05 15:05:59.534,17904,17906,17904,6,-6
2021-07-05 15:06:00.061,17904,17906,17904,1,-1
2021-07-05 15:06:00.071,17904,17906,17904,1,-1
2021-07-05 15:06:05.882,17904,17905,17904,1,-1
2021-07-05 15:06:07.836,17904,17905,17904,1,-1
2021-07-05 15:06:07.836,17904,17905,17903,40,-40
2021-07-05 15:06:10.058,17902,17903,17903,1,1
2021-07-05 15:06:10.060,17902,17903,17903,8,8
2021-07-05 15:06:23.634,17903,17904,17904,1,1
2021-07-05 15:06:23.773,17904,17905,17904,1,-1
2021-07-05 15:06:23.773,17904,17905,17903,1,-1
2021-07-05 15:06:25.512,17903,17905,17905,1,1
2021-07-05 15:06:35.648,17903,17904,17903,1,-1
2021-07-05 15:06:39.011,17903,17904,17904,1,1
2021-07-05 15:06:39.012,17903,17904,17904,2,2
2021-07-05 15:06:39.012,17903,17904,17904,1,1
2021-07-05 15:06:39.155,17904,17905,17904,2,-2
2021-07-05 15:06:41.690,17904,17905,17904,1,-1
2021-07-05 15:06:45.808,17903,17905,17903,5,-5
2021-07-05 15:06:52.016,17904,17905,17904,1,1
2021-07-05 15:06:52.036,17904,17905,17903,2,-2
2021-07-05 15:06:54.786,17902,17903,17903,1,1
2021-07-05 15:07:01.373,17903,17904,17903,1,-1
2021-07-05 15:07:01.447,17903,17904,17903,1,-1
2021-07-05 15:07:01.500,17903,17904,17903,1,-1
2021-07-05 15:07:03.031,17902,17903,17903,1,1
2021-07-05 15:07:06.914,17902,17903,17902,1,-1
2021-07-05 15:07:09.367,17902,17903,17903,1,1
2021-07-05 15:07:11.062,17902,17903,17902,1,-1
2021-07-05 15:07:14.639,17902,17903,17902,1,-1
2021-07-05 15:07:15.147,17902,17903,17902,2,-2
2021-07-05 15:07:15.541,17902,17903,17902,1,-1
2021-07-05 15:07:19.260,17902,17903,17902,1,-1
2021-07-05 15:07:21.606,17901,17902,17902,1,1
2021-07-05 15:07:21.884,17902,17903,17902,1,-1
2021-07-05 15:07:23.241,17902,17903,17902,1,-1
2021-07-05 15:07:24.349,17902,17903,17902,1,-1
2021-07-05 15:07:25.824,17902,17903,17902,1,-1
2021-07-05 15:07:26.580,17902,17903,17903,1,1
2021-07-05 15:07:34.761,17902,17903,17903,1,1
2021-07-05 15:07:36.693,17902,17903,17903,1,1
2021-07-05 15:07:39.163,17902,17903,17903,1,1
2021-07-05 15:07:39.163,17902,17903,17904,1,1
2021-07-05 15:07:40.581,17903,17904,17904,1,1
2021-07-05 15:07:43.422,17904,17905,17905,1,1
2021-07-05 15:07:43.422,17904,17905,17905,1,1
2021-07-05 15:07:43.422,17904,17905,17905,2,2
2021-07-05 15:07:47.482,17905,17906,17906,1,1
2021-07-05 15:07:49.053,17905,17906,17905,1,-1
2021-07-05 15:07:52.595,17905,17906,17905,1,-1
2021-07-05 15:07:56.019,17905,17906,17906,1,1
2021-07-05 15:08:01.171,17905,17906,17905,1,-1
2021-07-05 15:08:38.326,17904,17905,17904,2,-2
2021-07-05 15:08:43.206,17902,17904,17902,2,-2
2021-07-05 15:08:48.006,17902,17903,17903,2,2
2021-07-05 15:08:48.595,17903,17905,17903,1,-1
2021-07-05 15:08:49.019,17903,17905,17905,1,1
2021-07-05 15:08:49.104,17903,17905,17903,2,-2
2021-07-05 15:08:56.136,17904,17905,17904,1,1
2021-07-05 15:09:21.584,17903,17904,17903,1,-1
2021-07-05 15:09:21.584,17903,17904,17903,1,-1
2021-07-05 15:09:29.652,17902,17903,17903,1,1
2021-07-05 15:09:35.625,17902,17903,17902,7,-7
2021-07-05 15:09:37.077,17901,17903,17901,1,-1
2021-07-05 15:09:37.173,17901,17903,17901,1,-1
2021-07-05 15:09:37.401,17902,17903,17902,1,1
2021-07-05 15:09:38.197,17902,17903,17902,1,-1
2021-07-05 15:09:42.018,17902,17903,17903,1,1
2021-07-05 15:09:45.497,17902,17903,17903,1,1
2021-07-05 15:09:45.858,17902,17903,17903,1,1
2021-07-05 15:10:16.045,17903,17905,17903,1,-1
2021-07-05 15:10:19.941,17903,17904,17903,1,-1
2021-07-05 15:10:21.630,17903,17904,17904,2,2
2021-07-05 15:10:21.630,17903,17904,17905,2,2
2021-07-05 15:10:21.768,17903,17905,17905,8,8
2021-07-05 15:10:35.030,17903,17905,17905,1,1
2021-07-05 15:10:35.995,17903,17905,17905,1,1
2021-07-05 15:10:47.036,17904,17905,17904,1,-1
2021-07-05 15:11:20.622,17903,17904,17903,1,-1
2021-07-05 15:11:28.022,17903,17904,17904,1,1
2021-07-05 15:11:40.689,17903,17904,17903,1,-1
2021-07-05 15:11:40.690,17903,17904,17903,2,-2
2021-07-05 15:11:40.690,17903,17904,17903,1,-1
2021-07-05 15:11:40.690,17903,17904,17903,1,-1
2021-07-05 15:11:40.690,17903,17904,17903,1,-1
2021-07-05 15:11:40.700,17903,17904,17903,1,-1
2021-07-05 15:12:05.076,17902,17903,17903,1,1
2021-07-05 15:12:05.310,17902,17903,17903,2,2
2021-07-05 15:12:05.312,17902,17903,17903,1,1
2021-07-05 15:12:05.312,17902,17903,17904,2,2
2021-07-05 15:12:05.360,17902,17903,17904,3,3
2021-07-05 15:12:07.114,17902,17903,17903,1,1
2021-07-05 15:12:10.548,17902,17903,17903,1,1
2021-07-05 15:12:20.708,17902,17903,17903,1,1
2021-07-05 15:12:21.030,17902,17904,17904,1,1
2021-07-05 15:12:50.829,17903,17904,17904,1,1
2021-07-05 15:12:56.353,17903,17904,17904,1,1
2021-07-05 15:12:56.606,17904,17905,17904,3,-3
2021-07-05 15:13:00.045,17904,17905,17904,3,-3
2021-07-05 15:13:09.665,17903,17904,17904,2,2
2021-07-05 15:13:14.024,17904,17905,17905,1,1
2021-07-05 15:13:26.504,17904,17905,17905,1,1
2021-07-05 15:13:26.614,17904,17905,17904,1,-1
2021-07-05 15:13:27.305,17904,17905,17905,2,2
2021-07-05 15:13:27.410,17904,17905,17905,2,2
2021-07-05 15:13:29.250,17905,17906,17905,1,-1
2021-07-05 15:13:32.269,17904,17905,17905,2,2
2021-07-05 15:13:41.533,17905,17906,17905,2,-2
2021-07-05 15:13:43.837,17905,17906,17906,5,5
2021-07-05 15:13:47.171,17906,17907,17907,1,1
2021-07-05 15:13:52.916,17905,17907,17907,2,2
2021-07-05 15:13:59.406,17905,17907,17907,1,1
2021-07-05 15:14:07.194,17905,17906,17906,1,1
2021-07-05 15:14:11.555,17905,17906,17906,1,1
2021-07-05 15:14:12.212,17905,17906,17906,1,1
2021-07-05 15:14:14.058,17905,17906,17905,6,-6
2021-07-05 15:14:15.695,17904,17905,17904,1,-1
2021-07-05 15:14:24.625,17904,17905,17904,3,-3
2021-07-05 15:14:25.125,17903,17904,17903,13,-13
2021-07-05 15:14:27.275,17902,17904,17902,1,-1
2021-07-05 15:14:32.697,17902,17903,17903,1,1
2021-07-05 15:14:38.524,17902,17903,17903,1,1
2021-07-05 15:14:46.444,17902,17903,17902,1,-1
2021-07-05 15:14:48.038,17902,17903,17902,1,-1
2021-07-05 15:14:48.088,17902,17903,17903,3,3
2021-07-05 15:14:49.197,17902,17903,17902,3,-3
2021-07-05 15:14:49.702,17901,17902,17901,1,-1
2021-07-05 15:14:50.240,17901,17902,17901,7,-7
2021-07-05 15:14:50.244,17901,17902,17900,1,-1
2021-07-05 15:14:50.244,17901,17902,17900,5,-5
2021-07-05 15:14:50.244,17901,17902,17900,1,-1
2021-07-05 15:14:50.244,17901,17902,17900,3,-3
2021-07-05 15:14:50.244,17901,17902,17900,1,-1
2021-07-05 15:14:50.244,17901,17902,17900,5,-5
2021-07-05 15:14:50.271,17899,17900,17899,2,-2
2021-07-05 15:14:57.727,17899,17900,17899,6,-6
2021-07-05 15:14:57.727,17899,17900,17899,2,-2
2021-07-05 15:14:57.729,17899,17900,17899,1,-1
2021-07-05 15:14:59.317,17898,17899,17899,2,2
2021-07-05 15:15:00.055,17898,17899,17899,1,1
2021-07-05 15:15:00.222,17898,17899,17899,2,2
2021-07-05 15:15:00.838,17898,17899,17898,1,-1
2021-07-05 15:15:00.839,17898,17899,17898,3,-3
2021-07-05 15:15:00.841,17898,17899,17898,1,-1
2021-07-05 15:15:00.841,17898,17899,17898,3,-3
2021-07-05 15:15:00.907,17897,17898,17897,2,-2
2021-07-05 15:15:00.919,17897,17898,17897,1,-1
2021-07-05 15:15:00.963,17897,17898,17897,1,-1
2021-07-05 15:15:00.963,17897,17898,17897,1,-1
2021-07-05 15:15:02.731,17896,17897,17898,1,1
2021-07-05 15:15:06.065,17896,17897,17897,1,1
2021-07-05 15:15:08.461,17896,17897,17897,1,1
2021-07-05 15:15:11.734,17896,17897,17896,1,-1
2021-07-05 15:15:12.525,17896,17897,17896,1,-1
2021-07-05 15:15:13.787,17896,17897,17896,6,-6
2021-07-05 15:15:18.510,17895,17896,17895,1,-1
2021-07-05 15:15:18.717,17895,17896,17895,1,-1
2021-07-05 15:15:18.722,17895,17896,17895,1,-1
2021-07-05 15:15:19.464,17895,17896,17896,2,2
2021-07-05 15:15:19.747,17895,17896,17895,14,-14
2021-07-05 15:15:19.748,17895,17896,17895,3,-3
2021-07-05 15:15:19.748,17895,17896,17895,1,-1
2021-07-05 15:15:19.748,17895,17896,17895,1,-1
2021-07-05 15:15:19.748,17895,17896,17895,2,-2
2021-07-05 15:15:21.944,17894,17895,17894,3,-3
2021-07-05 15:15:22.147,17893,17894,17893,1,-1
2021-07-05 15:15:23.346,17893,17894,17893,1,-1
2021-07-05 15:15:23.370,17893,17894,17893,1,-1
2021-07-05 15:15:23.470,17893,17894,17893,1,-1
2021-07-05 15:15:23.853,17893,17894,17893,1,-1
2021-07-05 15:15:23.869,17893,17894,17893,1,-1
2021-07-05 15:15:23.901,17893,17894,17893,1,-1
2021-07-05 15:15:28.862,17892,17893,17892,1,-1
2021-07-05 15:15:29.021,17892,17893,17893,1,1
2021-07-05 15:15:29.033,17892,17893,17892,1,-1
2021-07-05 15:15:29.041,17892,17893,17892,1,-1
2021-07-05 15:15:29.093,17892,17893,17891,1,-1
2021-07-05 15:15:29.171,17891,17893,17893,2,2
2021-07-05 15:15:29.173,17891,17893,17891,1,-1
2021-07-05 15:15:29.175,17891,17893,17893,2,2
2021-07-05 15:15:29.178,17891,17893,17894,2,2
2021-07-05 15:15:29.183,17891,17893,17894,1,1
2021-07-05 15:15:29.183,17891,17893,17895,1,1
2021-07-05 15:15:29.264,17892,17895,17892,1,-1
2021-07-05 15:15:29.312,17892,17895,17893,1,1
2021-07-05 15:15:29.390,17893,17895,17893,1,-1
2021-07-05 15:15:30.277,17893,17895,17893,2,-2
2021-07-05 15:15:31.624,17893,17895,17893,1,-1
2021-07-05 15:15:32.945,17894,17895,17895,2,2
2021-07-05 15:15:34.131,17893,17895,17893,1,-1
2021-07-05 15:15:35.685,17894,17895,17894,1,1
2021-07-05 15:15:35.833,17894,17895,17895,2,2
2021-07-05 15:15:35.834,17894,17895,17895,2,2
2021-07-05 15:15:36.354,17895,17896,17895,1,-1
2021-07-05 15:15:47.549,17895,17896,17896,1,1
2021-07-05 15:15:48.325,17895,17896,17896,1,1
2021-07-05 15:15:48.330,17895,17896,17896,1,1
2021-07-05 15:15:50.102,17896,17897,17896,1,-1
2021-07-05 15:15:50.102,17896,17897,17895,1,-1
2021-07-05 15:15:51.102,17895,17897,17895,2,-2
2021-07-05 15:15:52.163,17895,17897,17897,1,1
2021-07-05 15:15:52.251,17895,17897,17895,2,-2
2021-07-05 15:15:52.910,17896,17897,17896,2,2
2021-07-05 15:15:53.610,17895,17897,17895,2,-2
2021-07-05 15:15:59.528,17895,17896,17896,1,1
2021-07-05 15:16:08.750,17895,17896,17896,1,1
2021-07-05 15:16:12.451,17895,17896,17895,1,-1
2021-07-05 15:16:12.451,17895,17896,17895,1,-1
2021-07-05 15:16:12.452,17895,17896,17895,1,-1
2021-07-05 15:16:12.452,17895,17896,17895,1,-1
2021-07-05 15:16:12.452,17895,17896,17895,2,-2
2021-07-05 15:16:12.452,17895,17896,17895,1,-1
2021-07-05 15:16:12.525,17895,17896,17896,2,2
2021-07-05 15:16:12.528,17895,17896,17896,2,2
2021-07-05 15:16:13.266,17895,17896,17896,1,1
2021-07-05 15:16:24.739,17896,17897,17897,1,1
2021-07-05 15:16:24.739,17896,17897,17897,2,2
2021-07-05 15:16:28.104,17897,17898,17897,2,-2
2021-07-05 15:16:29.088,17896,17897,17896,2,-2
2021-07-05 15:16:31.183,17896,17897,17896,2,-2
2021-07-05 15:16:33.215,17896,17897,17897,2,2
2021-07-05 15:16:40.178,17896,17897,17897,1,1
2021-07-05 15:16:40.179,17896,17897,17897,2,2
2021-07-05 15:16:40.546,17896,17898,17896,2,-2
2021-07-05 15:16:43.117,17896,17897,17897,2,2
2021-07-05 15:16:44.434,17897,17898,17897,2,-2
2021-07-05 15:16:45.152,17897,17898,17898,1,1
2021-07-05 15:16:47.595,17897,17898,17897,2,-2
2021-07-05 15:16:48.247,17897,17898,17898,4,4
2021-07-05 15:16:48.700,17898,17900,17898,1,-1
2021-07-05 15:16:49.568,17898,17900,17898,1,-1
2021-07-05 15:16:49.892,17898,17899,17898,1,-1
2021-07-05 15:16:53.701,17898,17899,17898,2,-2
2021-07-05 15:16:55.504,17898,17899,17898,2,-2
2021-07-05 15:16:56.899,17898,17899,17898,2,-2
2021-07-05 15:16:58.312,17898,17899,17898,1,-1
2021-07-05 15:17:00.803,17898,17899,17898,2,-2
2021-07-05 15:17:02.435,17898,17899,17898,2,-2
2021-07-05 15:17:04.000,17898,17899,17899,5,5
2021-07-05 15:17:16.255,17898,17899,17898,2,-2
2021-07-05 15:17:17.889,17898,17899,17898,2,-2
2021-07-05 15:17:24.867,17898,17899,17898,2,-2
2021-07-05 15:17:27.708,17898,17899,17898,2,-2
2021-07-05 15:17:29.331,17897,17898,17898,2,2
2021-07-05 15:17:30.709,17898,17899,17899,1,1
2021-07-05 15:17:30.709,17898,17899,17899,7,7
2021-07-05 15:17:30.750,17899,17900,17900,6,6
2021-07-05 15:17:35.693,17899,17900,17900,1,1
2021-07-05 15:17:35.693,17899,17900,17900,1,1
2021-07-05 15:17:35.868,17899,17901,17899,2,-2
2021-07-05 15:17:38.115,17899,17900,17900,1,1
2021-07-05 15:17:38.968,17899,17900,17900,1,1
2021-07-05 15:17:40.998,17900,17901,17900,2,-2
2021-07-05 15:17:42.958,17900,17901,17900,2,-2
2021-07-05 15:17:45.583,17900,17901,17900,1,-1
2021-07-05 15:17:47.739,17899,17900,17900,1,1
2021-07-05 15:17:52.601,17899,17900,17899,1,-1
2021-07-05 15:17:58.292,17898,17899,17899,1,1
2021-07-05 15:18:00.223,17898,17899,17898,1,-1
2021-07-05 15:18:00.278,17898,17899,17899,1,1
2021-07-05 15:18:00.278,17898,17899,17900,1,1
2021-07-05 15:18:00.283,17898,17899,17900,2,2
2021-07-05 15:18:10.125,17898,17899,17899,2,2
2021-07-05 15:18:12.736,17899,17900,17899,2,-2
2021-07-05 15:18:13.846,17899,17900,17899,2,-2
2021-07-05 15:18:18.302,17898,17899,17899,2,2
2021-07-05 15:18:19.224,17899,17900,17899,2,-2
2021-07-05 15:18:19.251,17898,17900,17898,1,-1
2021-07-05 15:18:19.252,17898,17900,17898,1,-1
2021-07-05 15:18:31.095,17897,17899,17899,1,1
2021-07-05 15:18:32.678,17898,17899,17898,2,-2
2021-07-05 15:18:38.924,17898,17899,17898,5,-5
2021-07-05 15:18:38.924,17898,17899,17897,2,-2
2021-07-05 15:18:51.959,17897,17898,17898,2,2
2021-07-05 15:19:15.973,17897,17898,17897,2,-2
2021-07-05 15:19:16.225,17896,17898,17896,3,-3
2021-07-05 15:19:16.277,17896,17898,17898,2,2
2021-07-05 15:19:16.278,17896,17898,17898,2,2
2021-07-05 15:19:24.082,17896,17898,17898,1,1
2021-07-05 15:19:32.930,17897,17898,17897,1,-1
2021-07-05 15:19:41.937,17896,17897,17897,3,3
2021-07-05 15:19:44.392,17897,17898,17897,2,-2
2021-07-05 15:19:46.200,17897,17898,17897,1,-1
2021-07-05 15:20:03.233,17896,17897,17896,3,-3
2021-07-05 15:20:03.233,17896,17897,17896,2,-2
2021-07-05 15:20:03.234,17896,17897,17896,2,-2
2021-07-05 15:20:03.234,17896,17897,17896,1,-1
2021-07-05 15:20:04.625,17895,17896,17895,3,-3
2021-07-05 15:20:08.188,17894,17895,17894,1,-1
2021-07-05 15:20:08.478,17894,17895,17895,1,1
2021-07-05 15:20:10.256,17894,17895,17894,1,-1
2021-07-05 15:20:11.384,17894,17895,17894,1,-1
2021-07-05 15:20:15.242,17894,17895,17895,1,1
2021-07-05 15:20:16.184,17894,17896,17894,1,-1
2021-07-05 15:20:17.104,17894,17896,17896,1,1
2021-07-05 15:20:28.174,17894,17896,17896,1,1
2021-07-05 15:20:33.454,17896,17897,17896,1,-1
2021-07-05 15:20:33.870,17896,17897,17897,1,1
2021-07-05 15:20:38.812,17896,17897,17897,1,1
2021-07-05 15:20:38.874,17896,17897,17898,2,2
2021-07-05 15:20:51.607,17896,17897,17897,1,1
2021-07-05 15:20:51.876,17896,17897,17896,3,-3
2021-07-05 15:21:10.091,17895,17896,17896,1,1
2021-07-05 15:21:10.802,17895,17896,17895,2,-2
2021-07-05 15:21:11.071,17895,17896,17895,1,-1
2021-07-05 15:21:12.817,17895,17896,17895,2,-2
2021-07-05 15:21:17.313,17895,17896,17896,1,1
2021-07-05 15:21:17.489,17895,17896,17895,2,-2
2021-07-05 15:21:19.167,17895,17896,17895,1,-1
2021-07-05 15:21:21.998,17895,17896,17896,3,3
2021-07-05 15:21:22.632,17896,17897,17896,2,-2
2021-07-05 15:21:24.888,17895,17896,17895,1,-1
2021-07-05 15:21:27.650,17895,17896,17895,2,-2
2021-07-05 15:21:42.686,17895,17896,17895,1,-1
2021-07-05 15:21:42.752,17894,17895,17895,1,1
2021-07-05 15:21:44.321,17895,17896,17895,1,-1
2021-07-05 15:21:51.045,17894,17895,17895,1,1
2021-07-05 15:21:53.154,17895,17896,17895,2,-2
2021-07-05 15:21:53.251,17894,17896,17896,1,1
2021-07-05 15:21:55.057,17895,17896,17896,19,19
2021-07-05 15:21:55.057,17895,17896,17896,18,18
2021-07-05 15:21:55.100,17895,17896,17897,3,3
2021-07-05 15:21:55.424,17897,17898,17898,2,2
2021-07-05 15:21:57.888,17898,17899,17898,2,-2
2021-07-05 15:22:00.602,17898,17899,17898,2,-2
2021-07-05 15:22:03.076,17896,17898,17898,1,1
2021-07-05 15:22:12.503,17895,17896,17895,2,-2
2021-07-05 15:22:14.735,17895,17896,17895,2,-2
2021-07-05 15:22:15.967,17895,17896,17895,2,-2
2021-07-05 15:22:17.609,17895,17896,17895,2,-2
2021-07-05 15:22:23.665,17895,17896,17896,2,2
2021-07-05 15:22:45.898,17895,17897,17897,1,1
2021-07-05 15:22:46.188,17895,17897,17895,3,-3
2021-07-05 15:22:46.266,17895,17896,17895,1,-1
2021-07-05 15:22:46.266,17895,17896,17894,2,-2
2021-07-05 15:22:48.239,17894,17896,17894,1,-1
2021-07-05 15:22:56.089,17893,17896,17896,1,1
2021-07-05 15:23:00.639,17895,17896,17895,2,-2
2021-07-05 15:23:00.639,17895,17896,17894,1,-1
2021-07-05 15:23:24.953,17894,17895,17894,1,-1
2021-07-05 15:23:25.239,17894,17895,17894,3,-3
2021-07-05 15:23:25.735,17894,17895,17894,1,-1
2021-07-05 15:23:26.387,17894,17895,17894,3,-3
2021-07-05 15:23:26.750,17893,17895,17893,11,-11
2021-07-05 15:23:26.751,17893,17895,17893,1,-1
2021-07-05 15:23:26.751,17893,17895,17893,1,-1
2021-07-05 15:23:27.225,17892,17893,17893,1,1
2021-07-05 15:23:29.557,17892,17894,17894,1,1
2021-07-05 15:23:37.801,17892,17894,17892,1,-1
2021-07-05 15:23:48.647,17893,17894,17893,3,3
2021-07-05 15:23:48.806,17892,17894,17892,2,-2
2021-07-05 15:23:49.066,17892,17894,17894,1,1
2021-07-05 15:23:57.017,17892,17893,17892,5,-5
2021-07-05 15:23:59.679,17892,17893,17892,1,-1
2021-07-05 15:23:59.679,17892,17893,17892,2,-2
2021-07-05 15:23:59.679,17892,17893,17892,5,-5
2021-07-05 15:23:59.836,17891,17892,17891,1,-1
2021-07-05 15:24:00.998,17891,17892,17891,7,-7
2021-07-05 15:24:00.999,17891,17892,17891,6,-6
2021-07-05 15:24:03.935,17890,17891,17891,4,4
2021-07-05 15:24:04.166,17890,17891,17890,5,-5
2021-07-05 15:24:04.373,17890,17891,17890,1,-1
2021-07-05 15:24:04.688,17890,17891,17891,2,2
2021-07-05 15:24:05.606,17890,17891,17890,2,-2
2021-07-05 15:24:07.059,17890,17891,17891,1,1
2021-07-05 15:24:09.211,17890,17891,17891,1,1
2021-07-05 15:24:15.204,17891,17892,17892,1,1
2021-07-05 15:24:17.277,17891,17893,17891,3,-3
2021-07-05 15:24:22.715,17891,17892,17892,2,2
2021-07-05 15:24:33.615,17892,17893,17892,5,-5
2021-07-05 15:24:33.805,17891,17893,17891,1,-1
2021-07-05 15:24:37.073,17892,17893,17892,1,1
2021-07-05 15:24:38.851,17892,17893,17893,1,1
2021-07-05 15:24:38.902,17892,17893,17892,3,-3
2021-07-05 15:24:38.906,17892,17893,17892,1,-1
2021-07-05 15:24:38.906,17892,17893,17891,2,-2
2021-07-05 15:24:42.100,17891,17893,17893,1,1
2021-07-05 15:24:42.155,17891,17893,17891,3,-3
2021-07-05 15:24:42.158,17891,17893,17891,3,-3
2021-07-05 15:24:52.873,17891,17892,17892,1,1
2021-07-05 15:24:52.920,17892,17893,17892,2,-2
2021-07-05 15:24:52.920,17892,17893,17891,1,-1
2021-07-05 15:24:52.924,17892,17893,17891,3,-3
2021-07-05 15:24:53.381,17892,17893,17892,1,1
2021-07-05 15:24:56.910,17892,17893,17893,2,2
2021-07-05 15:25:08.816,17893,17894,17893,1,-1
2021-07-05 15:25:12.246,17893,17894,17893,2,-2
2021-07-05 15:25:18.479,17893,17894,17894,1,1
2021-07-05 15:25:18.527,17893,17895,17893,3,-3
2021-07-05 15:25:18.531,17893,17895,17892,3,-3
2021-07-05 15:25:19.750,17893,17894,17893,1,1
2021-07-05 15:25:28.326,17893,17894,17893,1,-1
2021-07-05 15:25:29.809,17893,17894,17893,1,-1
2021-07-05 15:25:33.047,17893,17894,17893,1,-1
2021-07-05 15:25:34.530,17892,17894,17892,1,-1
2021-07-05 15:25:35.076,17892,17894,17894,1,1
2021-07-05 15:25:55.209,17892,17894,17894,1,1
2021-07-05 15:25:55.394,17893,17894,17893,2,-2
2021-07-05 15:25:55.394,17893,17894,17892,1,-1
2021-07-05 15:26:01.407,17893,17894,17893,2,2
2021-07-05 15:26:19.112,17892,17893,17892,2,-2
2021-07-05 15:26:22.024,17892,17893,17892,1,-1
2021-07-05 15:26:22.024,17892,17893,17892,3,-3
2021-07-05 15:26:28.092,17891,17893,17893,1,1
2021-07-05 15:26:29.856,17892,17893,17893,1,1
2021-07-05 15:26:58.831,17892,17893,17893,1,1
2021-07-05 15:26:59.087,17892,17893,17892,1,-1
2021-07-05 15:27:01.773,17892,17893,17893,1,1
2021-07-05 15:27:15.230,17892,17893,17893,1,1
2021-07-05 15:27:21.072,17892,17893,17893,1,1
2021-07-05 15:27:22.077,17892,17893,17893,1,1
2021-07-05 15:27:50.242,17893,17894,17894,1,1
2021-07-05 15:27:54.392,17893,17894,17894,1,1
2021-07-05 15:27:58.261,17893,17894,17893,1,-1
2021-07-05 15:28:00.276,17892,17893,17893,1,1
2021-07-05 15:28:00.375,17892,17893,17892,2,-2
2021-07-05 15:28:01.649,17891,17893,17893,1,1
2021-07-05 15:28:14.056,17892,17894,17894,1,1
2021-07-05 15:28:16.189,17892,17893,17893,1,1
2021-07-05 15:28:32.321,17892,17893,17893,1,1
2021-07-05 15:28:58.837,17893,17894,17893,5,-5
2021-07-05 15:28:58.838,17893,17894,17893,1,-1
2021-07-05 15:29:07.067,17893,17894,17894,1,1
2021-07-05 15:29:10.364,17893,17894,17894,1,1
2021-07-05 15:29:13.606,17893,17894,17894,1,1
2021-07-05 15:29:36.088,17893,17894,17894,1,1
2021-07-05 15:29:36.329,17893,17895,17893,1,-1
2021-07-05 15:29:42.196,17894,17895,17894,1,1
2021-07-05 15:29:55.268,17894,17895,17894,4,-4
2021-07-05 15:29:55.268,17894,17895,17893,1,-1
2021-07-05 15:30:00.067,17894,17895,17895,1,1
2021-07-05 15:30:00.327,17894,17895,17894,1,-1
2021-07-05 15:30:00.461,17894,17895,17895,1,1
2021-07-05 15:30:00.483,17894,17895,17895,3,3
2021-07-05 15:30:00.631,17894,17895,17895,1,1
2021-07-05 15:30:00.645,17894,17895,17895,1,1
2021-07-05 15:30:00.801,17894,17895,17895,15,15
2021-07-05 15:30:01.071,17895,17896,17895,1,-1
2021-07-05 15:30:01.071,17895,17896,17895,1,-1
2021-07-05 15:30:01.072,17895,17896,17895,1,-1
2021-07-05 15:30:12.285,17895,17896,17896,3,3
2021-07-05 15:30:12.286,17895,17896,17897,3,3
2021-07-05 15:30:12.458,17896,17898,17898,1,1
2021-07-05 15:30:20.186,17896,17898,17898,2,2
2021-07-05 15:30:24.972,17897,17898,17897,3,-3
2021-07-05 15:30:27.188,17896,17897,17896,2,-2
2021-07-05 15:30:33.535,17895,17896,17895,1,-1
2021-07-05 15:30:33.535,17895,17896,17895,1,-1
2021-07-05 15:30:38.023,17894,17895,17895,2,2
2021-07-05 15:30:41.441,17894,17896,17896,1,1
2021-07-05 15:30:52.076,17895,17896,17896,1,1
2021-07-05 15:30:54.623,17895,17896,17896,1,1
2021-07-05 15:31:04.942,17896,17897,17897,1,1
2021-07-05 15:31:04.942,17896,17897,17898,9,9
2021-07-05 15:31:05.096,17896,17898,17898,5,5
2021-07-05 15:31:05.125,17898,17899,17899,5,5
2021-07-05 15:31:05.750,17899,17900,17900,5,5
2021-07-05 15:31:14.663,17898,17900,17900,1,1
2021-07-05 15:31:15.418,17898,17900,17900,1,1
2021-07-05 15:31:16.375,17898,17900,17900,1,1
2021-07-05 15:31:16.644,17898,17900,17900,1,1
2021-07-05 15:31:19.718,17900,17901,17900,1,-1
2021-07-05 15:31:21.132,17898,17900,17900,1,1
2021-07-05 15:31:21.783,17898,17900,17900,1,1
2021-07-05 15:31:22.447,17898,17900,17900,1,1
2021-07-05 15:31:24.407,17899,17901,17901,1,1
2021-07-05 15:31:28.657,17900,17901,17901,3,3
2021-07-05 15:31:33.891,17901,17902,17901,1,-1
2021-07-05 15:31:35.599,17901,17902,17902,3,3
2021-07-05 15:31:40.775,17902,17903,17902,2,-2
2021-07-05 15:31:42.049,17901,17902,17902,1,1
2021-07-05 15:31:43.125,17901,17902,17901,1,-1
2021-07-05 15:31:45.078,17900,17902,17902,1,1
2021-07-05 15:31:52.647,17900,17902,17902,1,1
2021-07-05 15:31:54.180,17900,17902,17901,1,-1
2021-07-05 15:31:57.024,17901,17902,17901,1,-1
2021-07-05 15:32:02.035,17901,17902,17902,10,10
2021-07-05 15:32:02.939,17902,17903,17903,4,4
2021-07-05 15:32:02.939,17902,17903,17903,1,1
2021-07-05 15:32:02.939,17902,17903,17903,2,2
2021-07-05 15:32:20.613,17902,17904,17904,1,1
2021-07-05 15:32:20.697,17902,17904,17904,1,1
2021-07-05 15:32:20.773,17902,17904,17904,1,1
2021-07-05 15:32:20.823,17902,17904,17904,1,1
2021-07-05 15:32:20.894,17903,17904,17904,1,1
2021-07-05 15:32:23.092,17903,17904,17904,2,2
2021-07-05 15:32:31.657,17903,17904,17904,3,3
2021-07-05 15:32:32.091,17904,17905,17904,1,-1
2021-07-05 15:32:38.069,17904,17905,17905,1,1
2021-07-05 15:32:38.310,17904,17905,17905,1,1
2021-07-05 15:32:38.313,17904,17905,17905,1,1
2021-07-05 15:32:38.363,17904,17905,17905,1,1
2021-07-05 15:32:47.254,17904,17905,17905,1,1
2021-07-05 15:32:48.555,17904,17905,17905,1,1
2021-07-05 15:32:55.028,17904,17905,17904,2,-2
2021-07-05 15:32:55.029,17904,17905,17904,14,-14
2021-07-05 15:33:02.579,17903,17904,17903,3,-3
2021-07-05 15:33:20.756,17902,17903,17903,1,1
2021-07-05 15:33:28.997,17902,17903,17903,2,2
2021-07-05 15:33:29.478,17903,17904,17903,1,-1
2021-07-05 15:33:31.074,17903,17904,17904,1,1
2021-07-05 15:33:37.424,17903,17904,17904,1,1
2021-07-05 15:33:38.738,17903,17904,17904,1,1
2021-07-05 15:33:41.750,17903,17904,17904,1,1
2021-07-05 15:33:47.874,17904,17905,17904,4,-4
2021-07-05 15:33:50.295,17903,17904,17903,2,-2
2021-07-05 15:33:50.295,17903,17904,17902,2,-2
2021-07-05 15:34:21.983,17902,17903,17903,1,1
2021-07-05 15:34:24.078,17902,17904,17904,1,1
2021-07-05 15:34:26.151,17902,17903,17902,2,-2
2021-07-05 15:34:27.141,17902,17903,17902,2,-2
2021-07-05 15:34:27.244,17902,17903,17903,1,1
2021-07-05 15:34:34.186,17901,17902,17902,2,2
2021-07-05 15:34:34.933,17902,17903,17902,1,-1
2021-07-05 15:34:35.954,17902,17903,17902,2,-2
2021-07-05 15:34:37.311,17902,17903,17902,2,-2
2021-07-05 15:34:38.811,17902,17903,17902,2,-2
2021-07-05 15:34:52.673,17901,17902,17902,2,2
2021-07-05 15:34:53.119,17902,17903,17902,1,-1
2021-07-05 15:34:53.306,17902,17903,17902,1,-1
2021-07-05 15:34:53.795,17902,17903,17902,2,-2
2021-07-05 15:34:54.851,17902,17903,17902,2,-2
2021-07-05 15:34:55.985,17902,17903,17903,4,4
2021-07-05 15:34:56.631,17903,17904,17903,2,-2
2021-07-05 15:34:58.355,17903,17904,17903,2,-2
2021-07-05 15:34:58.512,17903,17904,17903,1,-1
2021-07-05 15:34:59.404,17903,17904,17903,2,-2
2021-07-05 15:34:59.854,17903,17904,17904,6,6
2021-07-05 15:34:59.855,17903,17904,17904,3,3
2021-07-05 15:34:59.855,17903,17904,17904,1,1
2021-07-05 15:34:59.855,17903,17904,17904,1,1
2021-07-05 15:35:01.223,17904,17905,17904,2,-2
2021-07-05 15:35:03.378,17904,17905,17904,2,-2
2021-07-05 15:35:04.931,17904,17905,17904,2,-2
2021-07-05 15:35:07.598,17903,17904,17903,2,-2
2021-07-05 15:35:15.481,17902,17903,17903,1,1
2021-07-05 15:35:17.083,17902,17903,17903,1,1
2021-07-05 15:35:17.709,17902,17903,17902,2,-2
2021-07-05 15:35:19.986,17902,17903,17902,2,-2
2021-07-05 15:35:20.498,17902,17903,17902,2,-2
2021-07-05 15:35:20.499,17902,17903,17902,1,-1
2021-07-05 15:35:20.499,17902,17903,17902,1,-1
2021-07-05 15:35:20.499,17902,17903,17902,1,-1
2021-07-05 15:35:20.499,17902,17903,17902,2,-2
2021-07-05 15:35:21.968,17901,17902,17902,1,1
2021-07-05 15:35:24.351,17901,17902,17901,2,-2
2021-07-05 15:35:39.332,17900,17901,17901,4,4
2021-07-05 15:35:42.263,17901,17902,17902,1,1
2021-07-05 15:35:55.389,17902,17903,17902,1,-1
2021-07-05 15:36:10.061,17901,17902,17902,1,1
2021-07-05 15:36:10.273,17901,17902,17902,6,6
2021-07-05 15:36:10.273,17901,17902,17903,2,2
2021-07-05 15:36:10.279,17901,17902,17903,8,8
2021-07-05 15:36:10.279,17901,17902,17904,2,2
2021-07-05 15:36:10.293,17901,17902,17904,6,6
2021-07-05 15:36:10.509,17902,17904,17904,1,1
2021-07-05 15:36:10.568,17902,17904,17904,1,1
2021-07-05 15:36:10.569,17902,17904,17904,1,1
2021-07-05 15:36:24.768,17903,17904,17903,1,-1
2021-07-05 15:36:30.131,17902,17903,17903,1,1
2021-07-05 15:36:43.840,17902,17903,17902,4,-4
2021-07-05 15:36:43.840,17902,17903,17902,3,-3
2021-07-05 15:36:46.700,17901,17902,17901,2,-2
2021-07-05 15:36:46.700,17901,17902,17901,1,-1
2021-07-05 15:36:46.701,17901,17902,17901,1,-1
2021-07-05 15:37:03.107,17900,17902,17901,1,-1
2021-07-05 15:37:17.395,17900,17901,17901,1,1
2021-07-05 15:37:21.748,17900,17901,17901,1,1
2021-07-05 15:37:44.900,17900,17901,17900,3,-3
2021-07-05 15:37:44.901,17900,17901,17900,5,-5
2021-07-05 15:37:44.901,17900,17901,17900,1,-1
2021-07-05 15:37:44.901,17900,17901,17900,1,-1
2021-07-05 15:37:50.793,17899,17900,17899,1,-1
2021-07-05 15:37:56.072,17899,17900,17900,1,1
2021-07-05 15:37:56.548,17899,17901,17899,1,-1
2021-07-05 15:37:58.613,17899,17901,17899,1,-1
2021-07-05 15:38:13.131,17900,17901,17901,1,1
2021-07-05 15:38:23.341,17900,17901,17901,1,1
2021-07-05 15:38:23.341,17900,17901,17901,1,1
2021-07-05 15:38:38.028,17901,17902,17902,1,1
2021-07-05 15:38:38.200,17902,17903,17903,1,1
2021-07-05 15:38:42.849,17903,17904,17904,1,1
2021-07-05 15:38:49.076,17903,17904,17904,1,1
2021-07-05 15:38:53.914,17903,17904,17904,1,1
2021-07-05 15:38:58.465,17903,17904,17904,1,1
2021-07-05 15:39:04.125,17903,17904,17904,1,1
2021-07-05 15:39:04.125,17903,17904,17904,5,5
2021-07-05 15:39:07.181,17904,17905,17905,1,1
2021-07-05 15:39:18.952,17903,17905,17903,2,-2
2021-07-05 15:39:22.669,17903,17904,17903,1,-1
2021-07-05 15:39:29.060,17904,17905,17904,1,1
2021-07-05 15:39:29.365,17903,17904,17904,1,1
2021-07-05 15:39:33.766,17903,17904,17904,1,1
2021-07-05 15:39:33.834,17903,17904,17904,1,1
2021-07-05 15:39:35.253,17903,17904,17904,1,1
2021-07-05 15:39:41.288,17904,17905,17905,1,1
2021-07-05 15:39:42.063,17904,17905,17905,1,1
2021-07-05 15:39:49.230,17904,17905,17904,4,-4
2021-07-05 15:39:51.515,17903,17904,17903,4,-4
2021-07-05 15:39:58.262,17902,17903,17902,2,-2
2021-07-05 15:40:06.050,17901,17902,17901,1,-1
2021-07-05 15:40:06.051,17901,17902,17901,2,-2
2021-07-05 15:40:07.714,17900,17901,17900,2,-2
2021-07-05 15:40:35.063,17899,17900,17900,1,1
2021-07-05 15:40:36.902,17899,17900,17900,1,1
2021-07-05 15:40:49.985,17900,17901,17900,1,-1
2021-07-05 15:40:49.985,17900,17901,17899,1,-1
2021-07-05 15:41:09.499,17899,17901,17899,1,-1
2021-07-05 15:41:18.206,17900,17901,17900,1,1
2021-07-05 15:41:25.269,17900,17901,17900,3,-3
2021-07-05 15:41:25.269,17900,17901,17899,2,-2
2021-07-05 15:41:28.069,17899,17901,17901,1,1
2021-07-05 15:41:55.984,17901,17902,17902,1,1
2021-07-05 15:41:55.984,17901,17902,17902,1,1
2021-07-05 15:41:55.984,17901,17902,17902,1,1
2021-07-05 15:42:12.277,17903,17904,17903,1,1
2021-07-05 15:42:21.074,17902,17904,17904,1,1
2021-07-05 15:42:37.750,17902,17903,17903,1,1
2021-07-05 15:42:41.280,17903,17904,17904,1,1
2021-07-05 15:42:52.544,17903,17904,17904,1,1
2021-07-05 15:43:00.869,17902,17904,17904,1,1
2021-07-05 15:43:03.007,17901,17903,17903,2,2
2021-07-05 15:43:03.406,17901,17903,17903,4,4
2021-07-05 15:43:03.522,17902,17904,17904,7,7
2021-07-05 15:43:03.522,17902,17904,17905,1,1
2021-07-05 15:43:14.066,17902,17904,17904,1,1
2021-07-05 15:43:14.391,17902,17904,17904,1,1
2021-07-05 15:43:18.390,17902,17903,17903,2,2
2021-07-05 15:43:52.109,17903,17904,17904,1,1
2021-07-05 15:43:52.301,17903,17904,17904,1,1
2021-07-05 15:43:52.513,17903,17904,17904,3,3
2021-07-05 15:43:59.870,17904,17905,17905,9,9
2021-07-05 15:44:03.296,17903,17905,17905,1,1
2021-07-05 15:44:05.510,17904,17905,17904,1,-1
2021-07-05 15:44:05.801,17903,17905,17905,3,3
2021-07-05 15:44:07.059,17903,17905,17905,1,1
2021-07-05 15:44:28.627,17904,17905,17904,1,-1
2021-07-05 15:44:29.004,17903,17905,17905,1,1
2021-07-05 15:44:49.285,17903,17904,17903,1,-1
2021-07-05 15:44:50.533,17903,17904,17903,1,-1
2021-07-05 15:44:52.233,17903,17904,17903,1,-1
2021-07-05 15:44:55.371,17903,17904,17903,2,-2
2021-07-05 15:44:55.372,17903,17904,17903,1,-1
2021-07-05 15:44:55.506,17903,17904,17903,1,-1
2021-07-05 15:44:55.629,17901,17903,17903,1,1
2021-07-05 15:45:00.074,17900,17903,17903,1,1
2021-07-05 15:45:00.239,17900,17903,17901,1,-1
2021-07-05 15:45:00.386,17901,17902,17901,3,-3
2021-07-05 15:45:00.680,17900,17902,17902,1,1
2021-07-05 15:45:30.338,17900,17901,17901,2,2
2021-07-05 15:45:48.861,17901,17902,17901,1,-1
2021-07-05 15:45:52.065,17901,17902,17902,1,1
2021-07-05 15:46:24.839,17901,17902,17902,3,3
2021-07-05 15:46:33.730,17902,17903,17902,1,-1
2021-07-05 15:46:37.787,17902,17903,17902,1,-1
2021-07-05 15:46:45.091,17902,17903,17903,1,1
2021-07-05 15:46:55.884,17902,17904,17904,1,1
2021-07-05 15:46:56.031,17902,17904,17902,1,-1
2021-07-05 15:47:13.173,17902,17903,17903,3,3
2021-07-05 15:47:25.742,17903,17905,17903,1,-1
2021-07-05 15:47:25.988,17903,17904,17904,3,3
2021-07-05 15:47:38.067,17903,17904,17904,1,1
2021-07-05 15:47:38.797,17903,17904,17903,1,-1
2021-07-05 15:47:51.691,17903,17904,17903,1,-1
2021-07-05 15:47:51.691,17903,17904,17903,2,-2
2021-07-05 15:48:31.081,17902,17903,17903,1,1
2021-07-05 15:48:31.803,17902,17903,17902,4,-4
2021-07-05 15:48:38.149,17901,17902,17901,2,-2
2021-07-05 15:48:38.149,17901,17902,17901,2,-2
2021-07-05 15:48:44.101,17900,17901,17900,1,-1
2021-07-05 15:48:50.761,17900,17901,17900,2,-2
2021-07-05 15:48:51.179,17899,17900,17900,1,1
2021-07-05 15:48:52.425,17899,17901,17901,2,2
2021-07-05 15:49:09.138,17899,17900,17900,1,1
2021-07-05 15:49:13.713,17900,17901,17900,1,-1
2021-07-05 15:49:24.064,17900,17901,17901,1,1
2021-07-05 15:49:30.924,17901,17902,17901,1,-1
2021-07-05 15:50:14.688,17901,17902,17902,1,1
2021-07-05 15:50:17.067,17901,17902,17902,1,1
2021-07-05 15:50:32.509,17903,17904,17904,1,1
2021-07-05 15:50:42.784,17903,17904,17904,1,1
2021-07-05 15:50:52.589,17903,17904,17904,1,1
2021-07-05 15:50:52.625,17903,17904,17904,3,3
2021-07-05 15:50:58.657,17904,17905,17904,1,-1
2021-07-05 15:51:04.829,17904,17905,17905,1,1
2021-07-05 15:51:10.068,17903,17905,17905,1,1
2021-07-05 15:51:20.125,17904,17905,17905,2,2
2021-07-05 15:51:20.732,17904,17905,17905,1,1
2021-07-05 15:51:30.979,17904,17905,17905,1,1
2021-07-05 15:51:31.149,17904,17905,17905,1,1
2021-07-05 15:51:33.702,17904,17905,17904,2,-2
2021-07-05 15:51:33.702,17904,17905,17904,1,-1
2021-07-05 15:51:34.300,17903,17905,17903,1,-1
2021-07-05 15:52:02.632,17904,17905,17904,1,1
2021-07-05 15:52:03.060,17903,17904,17904,1,1
2021-07-05 15:52:06.823,17903,17904,17904,2,2
2021-07-05 15:52:06.823,17903,17904,17905,6,6
2021-07-05 15:52:18.360,17903,17904,17904,1,1
2021-07-05 15:52:19.527,17903,17904,17904,1,1
2021-07-05 15:52:25.495,17904,17905,17905,1,1
2021-07-05 15:52:28.717,17904,17905,17904,1,-1
2021-07-05 15:52:46.753,17904,17905,17904,1,-1
2021-07-05 15:52:52.767,17904,17905,17904,2,-2
2021-07-05 15:52:56.084,17903,17904,17904,1,1
2021-07-05 15:53:00.966,17904,17905,17904,1,-1
2021-07-05 15:53:07.607,17903,17904,17903,1,-1
2021-07-05 15:53:07.607,17903,17904,17903,1,-1
2021-07-05 15:53:07.607,17903,17904,17903,3,-3
2021-07-05 15:53:38.148,17904,17905,17904,1,1
2021-07-05 15:53:38.260,17904,17905,17905,9,9
2021-07-05 15:53:40.959,17905,17906,17905,2,-2
2021-07-05 15:53:45.927,17904,17905,17905,1,1
2021-07-05 15:53:49.091,17904,17905,17905,1,1
2021-07-05 15:54:02.862,17904,17905,17904,1,-1
2021-07-05 15:54:32.823,17903,17904,17904,1,1
2021-07-05 15:54:32.931,17903,17905,17903,1,-1
2021-07-05 15:54:33.088,17903,17905,17905,3,3
2021-07-05 15:54:39.628,17904,17905,17904,1,-1
2021-07-05 15:54:42.061,17904,17905,17905,1,1
2021-07-05 15:54:42.061,17904,17905,17905,4,4
2021-07-05 15:54:42.062,17904,17905,17905,2,2
2021-07-05 15:54:42.062,17904,17905,17905,4,4
2021-07-05 15:54:42.062,17904,17905,17905,8,8
2021-07-05 15:54:54.859,17904,17906,17904,1,-1
2021-07-05 15:54:55.148,17904,17906,17906,3,3
2021-07-05 15:54:57.178,17905,17906,17906,2,2
2021-07-05 15:55:01.676,17905,17906,17906,12,12
2021-07-05 15:55:01.696,17905,17906,17907,1,1
2021-07-05 15:55:01.696,17905,17906,17907,9,9
2021-07-05 15:55:04.429,17907,17908,17908,1,1
2021-07-05 15:55:04.524,17907,17908,17908,1,1
2021-07-05 15:55:04.602,17907,17908,17908,1,1
2021-07-05 15:55:04.621,17907,17908,17908,1,1
2021-07-05 15:55:13.433,17907,17908,17907,2,-2
2021-07-05 15:55:25.913,17905,17906,17906,1,1
2021-07-05 15:55:34.483,17905,17906,17905,1,-1
2021-07-05 15:55:35.072,17904,17905,17905,1,1
2021-07-05 15:55:37.335,17904,17905,17905,1,1
2021-07-05 15:55:50.287,17904,17906,17906,1,1
2021-07-05 15:55:50.536,17904,17906,17906,3,3
2021-07-05 15:55:50.590,17904,17906,17906,3,3
2021-07-05 15:55:50.967,17904,17906,17906,3,3
2021-07-05 15:56:06.902,17906,17907,17907,7,7
2021-07-05 15:56:06.902,17906,17907,17907,1,1
2021-07-05 15:56:06.902,17906,17907,17907,2,2
2021-07-05 15:56:06.902,17906,17907,17907,1,1
2021-07-05 15:56:07.188,17906,17908,17908,3,3
2021-07-05 15:56:07.213,17906,17908,17908,3,3
2021-07-05 15:56:19.464,17907,17908,17907,1,-1
2021-07-05 15:56:23.752,17907,17908,17907,1,-1
2021-07-05 15:56:26.285,17907,17908,17907,1,-1
2021-07-05 15:56:28.071,17906,17908,17908,1,1
2021-07-05 15:56:30.239,17907,17908,17907,1,-1
2021-07-05 15:56:33.494,17907,17908,17907,1,-1
2021-07-05 15:56:50.192,17907,17908,17907,1,-1
2021-07-05 15:57:06.723,17907,17908,17907,1,-1
2021-07-05 15:57:21.065,17907,17908,17908,1,1
2021-07-05 15:57:23.771,17907,17908,17907,1,-1
2021-07-05 15:57:47.721,17907,17908,17907,4,-4
2021-07-05 15:57:54.109,17907,17908,17908,1,1
2021-07-05 15:57:57.770,17907,17908,17907,1,-1
2021-07-05 15:58:03.511,17907,17908,17908,1,1
2021-07-05 15:58:14.095,17907,17908,17908,1,1
2021-07-05 15:58:19.213,17907,17908,17908,6,6
2021-07-05 15:58:25.871,17907,17908,17908,1,1
2021-07-05 15:58:46.642,17907,17908,17908,2,2
2021-07-05 15:58:47.846,17907,17908,17908,1,1
2021-07-05 15:58:53.630,17907,17908,17908,1,1
2021-07-05 15:58:58.273,17907,17908,17908,1,1
2021-07-05 15:59:01.406,17907,17908,17908,2,2
2021-07-05 15:59:05.427,17907,17908,17908,2,2
2021-07-05 15:59:05.857,17907,17908,17908,1,1
2021-07-05 15:59:07.150,17907,17908,17908,1,1
2021-07-05 15:59:09.099,17907,17908,17907,18,-18
2021-07-05 15:59:09.100,17907,17908,17907,2,-2
2021-07-05 15:59:09.100,17907,17908,17907,16,-16
2021-07-05 15:59:09.100,17907,17908,17907,1,-1
2021-07-05 15:59:09.662,17906,17907,17907,2,2
2021-07-05 15:59:19.018,17906,17907,17907,5,5
2021-07-05 15:59:26.287,17906,17907,17906,1,-1
2021-07-05 15:59:26.287,17906,17907,17906,2,-2
2021-07-05 15:59:44.199,17905,17906,17906,1,1
2021-07-05 15:59:57.577,17906,17907,17906,1,-1
2021-07-05 16:00:00.073,17905,17907,17907,1,1
2021-07-05 16:00:04.817,17905,17906,17906,1,1
2021-07-05 16:00:05.277,17905,17906,17906,1,1
2021-07-05 16:00:28.448,17905,17906,17905,5,-5
2021-07-05 16:00:28.448,17905,17906,17905,4,-4
2021-07-05 16:00:28.448,17905,17906,17905,1,-1
2021-07-05 16:00:28.448,17905,17906,17905,1,-1
2021-07-05 16:00:28.448,17905,17906,17905,6,-6
2021-07-05 16:00:28.448,17905,17906,17905,1,-1
2021-07-05 16:00:28.449,17905,17906,17905,4,-4
2021-07-05 16:00:28.528,17904,17905,17905,3,3
2021-07-05 16:00:28.533,17904,17905,17905,1,1
2021-07-05 16:00:28.533,17904,17905,17906,2,2
2021-07-05 16:00:30.474,17905,17906,17905,2,-2
2021-07-05 16:00:52.069,17904,17905,17905,1,1
2021-07-05 16:01:05.831,17904,17905,17905,1,1
2021-07-05 16:01:10.836,17904,17906,17904,1,-1
2021-07-05 16:01:10.901,17904,17906,17906,3,3
2021-07-05 16:01:10.905,17904,17906,17906,3,3
2021-07-05 16:01:30.819,17905,17906,17906,1,1
2021-07-05 16:01:30.820,17905,17906,17906,1,1
2021-07-05 16:01:36.377,17906,17907,17906,1,-1
2021-07-05 16:01:44.292,17906,17907,17907,4,4
2021-07-05 16:01:45.049,17907,17908,17908,1,1
2021-07-05 16:01:45.433,17907,17908,17908,1,1
2021-07-05 16:01:45.458,17907,17908,17908,1,1
2021-07-05 16:01:45.490,17907,17908,17908,1,1
2021-07-05 16:01:46.001,17907,17908,17908,1,1
2021-07-05 16:01:46.036,17907,17908,17908,1,1
2021-07-05 16:01:46.067,17907,17908,17908,1,1
2021-07-05 16:02:29.457,17907,17908,17908,2,2
2021-07-05 16:02:36.105,17908,17909,17908,1,-1
2021-07-05 16:02:38.067,17907,17908,17908,1,1
2021-07-05 16:02:47.217,17907,17908,17908,2,2
2021-07-05 16:02:49.962,17907,17908,17907,1,-1
2021-07-05 16:02:58.946,17907,17908,17908,1,1
2021-07-05 16:03:03.445,17907,17908,17907,4,-4
2021-07-05 16:03:03.446,17907,17908,17907,1,-1
2021-07-05 16:03:18.285,17906,17907,17907,1,1
2021-07-05 16:03:18.378,17906,17907,17907,1,1
2021-07-05 16:03:18.378,17906,17907,17907,2,2
2021-07-05 16:03:18.378,17906,17907,17907,1,1
2021-07-05 16:03:21.417,17907,17908,17907,1,-1
2021-07-05 16:03:26.427,17906,17907,17907,1,1
2021-07-05 16:03:31.080,17907,17908,17908,1,1
2021-07-05 16:03:44.886,17907,17908,17907,1,-1
2021-07-05 16:04:05.961,17906,17907,17907,1,1
2021-07-05 16:04:06.707,17906,17907,17907,1,1
2021-07-05 16:04:24.058,17906,17908,17908,1,1
2021-07-05 16:04:37.837,17906,17907,17906,1,-1
2021-07-05 16:04:52.137,17906,17907,17907,1,1
2021-07-05 16:05:01.069,17906,17908,17906,1,-1
2021-07-05 16:05:04.616,17906,17907,17907,1,1
2021-07-05 16:05:05.767,17906,17907,17907,3,3
2021-07-05 16:05:06.544,17906,17908,17908,2,2
2021-07-05 16:05:09.178,17906,17907,17907,2,2
2021-07-05 16:05:12.788,17906,17907,17907,1,1
2021-07-05 16:05:17.064,17906,17907,17907,1,1
2021-07-05 16:05:24.404,17906,17907,17906,1,-1
2021-07-05 16:05:29.830,17906,17907,17906,1,-1
2021-07-05 16:05:55.754,17906,17907,17907,3,3
2021-07-05 16:05:55.754,17906,17907,17908,1,1
2021-07-05 16:06:10.068,17906,17908,17908,1,1
2021-07-05 16:06:10.147,17906,17908,17906,2,-2
2021-07-05 16:06:10.402,17906,17908,17908,1,1
2021-07-05 16:06:10.472,17906,17908,17908,1,1
2021-07-05 16:06:24.679,17908,17909,17909,17,17
2021-07-05 16:06:28.274,17909,17910,17910,2,2
2021-07-05 16:06:28.397,17909,17910,17910,4,4
2021-07-05 16:06:28.398,17909,17910,17910,15,15
2021-07-05 16:06:28.398,17909,17910,17910,1,1
2021-07-05 16:06:28.399,17909,17910,17910,3,3
2021-07-05 16:06:28.399,17909,17910,17910,3,3
2021-07-05 16:06:28.512,17910,17911,17911,1,1
2021-07-05 16:06:28.636,17910,17911,17911,4,4
2021-07-05 16:06:34.409,17910,17911,17911,1,1
2021-07-05 16:06:34.864,17910,17911,17911,14,14
2021-07-05 16:06:34.876,17911,17912,17912,1,1
2021-07-05 16:06:35.021,17911,17912,17912,5,5
2021-07-05 16:06:35.125,17911,17912,17912,8,8
2021-07-05 16:06:35.125,17911,17912,17912,8,8
2021-07-05 16:06:35.126,17911,17912,17913,10,10
2021-07-05 16:06:35.129,17911,17912,17913,1,1
2021-07-05 16:06:35.129,17911,17912,17913,1,1
2021-07-05 16:06:35.129,17911,17912,17913,1,1
2021-07-05 16:06:35.129,17911,17912,17913,3,3
2021-07-05 16:06:35.129,17911,17912,17913,1,1
2021-07-05 16:06:35.130,17911,17912,17913,1,1
2021-07-05 16:06:35.130,17911,17912,17913,3,3
2021-07-05 16:06:35.202,17911,17912,17913,1,1
2021-07-05 16:06:35.287,17913,17914,17914,1,1
2021-07-05 16:06:35.298,17913,17914,17914,1,1
2021-07-05 16:06:35.307,17913,17914,17914,1,1
2021-07-05 16:06:35.363,17913,17914,17914,1,1
2021-07-05 16:06:35.428,17913,17914,17914,1,1
2021-07-05 16:06:35.605,17913,17914,17914,2,2
2021-07-05 16:06:35.692,17913,17914,17914,1,1
2021-07-05 16:06:35.740,17913,17914,17913,1,-1
2021-07-05 16:06:37.026,17913,17914,17914,1,1
2021-07-05 16:06:38.155,17913,17914,17914,2,2
2021-07-05 16:06:38.868,17913,17914,17913,5,-5
2021-07-05 16:06:38.998,17912,17913,17912,2,-2
2021-07-05 16:06:38.999,17912,17913,17912,1,-1
2021-07-05 16:06:43.901,17912,17913,17913,5,5
2021-07-05 16:06:44.941,17913,17914,17913,2,-2
2021-07-05 16:06:48.712,17913,17914,17913,1,-1
2021-07-05 16:06:49.562,17913,17914,17913,1,-1
2021-07-05 16:06:54.810,17913,17914,17913,1,-1
2021-07-05 16:06:56.342,17913,17914,17913,2,-2
2021-07-05 16:06:57.454,17913,17914,17914,2,2
2021-07-05 16:06:57.494,17913,17914,17914,2,2
2021-07-05 16:06:57.533,17913,17914,17914,2,2
2021-07-05 16:07:01.125,17913,17914,17913,1,-1
2021-07-05 16:07:01.230,17913,17914,17914,1,1
2021-07-05 16:07:03.080,17913,17914,17914,1,1
2021-07-05 16:07:03.503,17913,17914,17914,1,1
2021-07-05 16:07:05.943,17913,17914,17913,2,-2
2021-07-05 16:07:06.254,17913,17914,17913,3,-3
2021-07-05 16:07:08.016,17913,17914,17914,1,1
2021-07-05 16:07:15.669,17913,17914,17914,5,5
2021-07-05 16:07:16.060,17914,17915,17915,2,2
2021-07-05 16:07:16.060,17914,17915,17915,3,3
2021-07-05 16:07:16.060,17914,17915,17915,2,2
2021-07-05 16:07:16.060,17914,17915,17915,6,6
2021-07-05 16:07:16.060,17914,17915,17915,1,1
2021-07-05 16:07:16.060,17914,17915,17915,1,1
2021-07-05 16:07:16.060,17914,17915,17915,4,4
2021-07-05 16:07:16.061,17914,17915,17915,11,11
2021-07-05 16:07:16.162,17915,17916,17916,5,5
2021-07-05 16:07:16.274,17915,17916,17916,6,6
2021-07-05 16:07:16.274,17915,17916,17916,4,4
2021-07-05 16:07:16.274,17915,17916,17916,2,2
2021-07-05 16:07:16.274,17915,17916,17916,1,1
2021-07-05 16:07:16.274,17915,17916,17916,2,2
2021-07-05 16:07:16.275,17915,17916,17917,2,2
2021-07-05 16:07:16.277,17915,17916,17917,8,8
2021-07-05 16:07:16.281,17915,17916,17917,10,10
2021-07-05 16:07:16.281,17915,17916,17917,1,1
2021-07-05 16:07:16.281,17915,17916,17917,2,2
2021-07-05 16:07:16.419,17917,17918,17917,1,-1
2021-07-05 16:07:16.472,17917,17918,17918,1,1
2021-07-05 16:07:16.488,17917,17918,17918,1,1
2021-07-05 16:07:16.605,17917,17918,17918,2,2
2021-07-05 16:07:16.673,17917,17918,17918,1,1
2021-07-05 16:07:16.679,17917,17918,17918,2,2
2021-07-05 16:07:16.701,17917,17918,17918,1,1
2021-07-05 16:07:16.831,17917,17918,17918,1,1
2021-07-05 16:07:17.105,17917,17918,17918,1,1
2021-07-05 16:07:19.643,17917,17918,17918,3,3
2021-07-05 16:07:20.549,17917,17918,17917,1,-1
2021-07-05 16:07:20.549,17917,17918,17917,1,-1
2021-07-05 16:07:21.098,17915,17916,17916,1,1
2021-07-05 16:07:21.587,17915,17916,17917,1,1
2021-07-05 16:07:21.588,17915,17916,17916,1,1
2021-07-05 16:07:21.639,17916,17917,17916,1,-1
2021-07-05 16:07:21.819,17915,17917,17917,3,3
2021-07-05 16:07:22.509,17915,17917,17917,3,3
2021-07-05 16:07:22.910,17916,17917,17917,1,1
2021-07-05 16:07:23.125,17916,17917,17917,1,1
2021-07-05 16:07:23.756,17916,17917,17917,2,2
2021-07-05 16:07:23.756,17916,17917,17918,1,1
2021-07-05 16:07:27.333,17916,17917,17916,1,-1
2021-07-05 16:07:28.815,17916,17917,17916,2,-2
2021-07-05 16:07:30.326,17915,17916,17915,2,-2
2021-07-05 16:07:33.061,17914,17915,17915,1,1
2021-07-05 16:07:35.498,17914,17916,17915,2,-2
2021-07-05 16:07:36.150,17914,17915,17915,1,1
2021-07-05 16:07:39.341,17914,17916,17916,2,2
2021-07-05 16:07:41.373,17914,17915,17915,2,2
2021-07-05 16:07:43.148,17915,17916,17915,1,-1
2021-07-05 16:07:43.596,17914,17915,17915,1,1
2021-07-05 16:07:43.596,17914,17915,17916,1,1
2021-07-05 16:07:45.429,17914,17915,17915,1,1
2021-07-05 16:07:45.786,17914,17915,17915,1,1
2021-07-05 16:07:48.203,17915,17916,17916,3,3
2021-07-05 16:07:50.552,17915,17916,17916,1,1
2021-07-05 16:07:54.936,17915,17916,17916,1,1
2021-07-05 16:07:56.059,17915,17916,17916,1,1
2021-07-05 16:07:56.475,17915,17916,17916,2,2
2021-07-05 16:07:59.613,17915,17916,17916,8,8
2021-07-05 16:07:59.614,17915,17916,17916,2,2
2021-07-05 16:08:04.532,17915,17916,17916,1,1
2021-07-05 16:08:05.045,17915,17917,17917,1,1
2021-07-05 16:08:05.414,17915,17917,17917,1,1
2021-07-05 16:08:14.975,17916,17917,17917,2,2
2021-07-05 16:08:16.277,17916,17917,17917,1,1
2021-07-05 16:08:17.466,17916,17917,17916,1,-1
2021-07-05 16:08:17.466,17916,17917,17915,1,-1
2021-07-05 16:08:19.507,17916,17917,17916,1,1
2021-07-05 16:08:23.860,17916,17917,17917,1,1
2021-07-05 16:08:30.726,17916,17917,17917,2,2
2021-07-05 16:08:33.708,17916,17917,17917,1,1
2021-07-05 16:08:36.782,17916,17917,17917,1,1
2021-07-05 16:08:40.923,17916,17917,17917,5,5
2021-07-05 16:08:40.923,17916,17917,17918,1,1
2021-07-05 16:08:40.924,17916,17917,17918,4,4
2021-07-05 16:08:41.081,17917,17918,17918,1,1
2021-07-05 16:08:42.923,17917,17918,17917,1,-1
2021-07-05 16:08:42.926,17917,17918,17917,1,-1
2021-07-05 16:08:44.667,17916,17918,17917,1,-1
2021-07-05 16:08:47.116,17917,17918,17918,1,1
2021-07-05 16:08:49.105,17917,17918,17918,1,1
2021-07-05 16:08:49.223,17917,17918,17918,1,1
2021-07-05 16:08:50.828,17917,17918,17917,1,-1
2021-07-05 16:08:52.271,17916,17917,17917,1,1
2021-07-05 16:08:52.515,17916,17917,17917,1,1
2021-07-05 16:08:52.774,17916,17918,17918,7,7
2021-07-05 16:09:01.347,17917,17918,17917,1,-1
2021-07-05 16:09:01.457,17917,17918,17918,1,1
2021-07-05 16:09:05.112,17917,17918,17917,2,-2
2021-07-05 16:09:11.916,17917,17918,17917,5,-5
2021-07-05 16:09:11.916,17917,17918,17917,1,-1
2021-07-05 16:09:11.916,17917,17918,17917,1,-1
2021-07-05 16:09:11.916,17917,17918,17917,3,-3
2021-07-05 16:09:12.052,17916,17917,17917,1,1
2021-07-05 16:09:14.428,17916,17918,17916,2,-2
2021-07-05 16:09:26.816,17916,17917,17916,1,-1
2021-07-05 16:09:27.030,17916,17917,17917,3,3
2021-07-05 16:09:29.478,17916,17917,17916,1,-1
2021-07-05 16:09:39.780,17916,17917,17916,1,-1
2021-07-05 16:09:42.073,17916,17917,17917,1,1
2021-07-05 16:09:44.637,17916,17917,17916,1,-1
2021-07-05 16:09:46.674,17916,17917,17917,9,9
2021-07-05 16:09:54.766,17917,17918,17918,10,10
2021-07-05 16:09:54.767,17917,17918,17918,2,2
2021-07-05 16:09:54.954,17917,17919,17919,1,1
2021-07-05 16:09:55.024,17917,17919,17919,1,1
2021-07-05 16:09:55.027,17917,17919,17919,4,4
2021-07-05 16:09:55.235,17917,17919,17918,1,-1
2021-07-05 16:09:55.281,17917,17919,17919,1,1
2021-07-05 16:09:55.301,17917,17919,17919,1,1
2021-07-05 16:09:55.360,17917,17919,17919,1,1
2021-07-05 16:09:58.181,17918,17919,17919,1,1
2021-07-05 16:09:58.195,17918,17919,17919,2,2
2021-07-05 16:09:58.791,17917,17919,17917,2,-2
2021-07-05 16:10:06.934,17918,17919,17919,1,1
2021-07-05 16:10:07.309,17918,17919,17919,3,3
2021-07-05 16:10:07.310,17918,17919,17919,1,1
2021-07-05 16:10:07.332,17918,17919,17919,1,1
2021-07-05 16:10:07.346,17918,17919,17919,1,1
2021-07-05 16:10:07.368,17918,17919,17919,1,1
2021-07-05 16:10:07.374,17918,17919,17919,1,1
2021-07-05 16:10:07.471,17918,17920,17920,1,1
2021-07-05 16:10:07.479,17918,17920,17920,1,1
2021-07-05 16:10:07.543,17919,17920,17920,2,2
2021-07-05 16:10:07.550,17919,17920,17920,5,5
2021-07-05 16:10:07.554,17919,17920,17920,1,1
2021-07-05 16:10:07.554,17919,17920,17920,5,5
2021-07-05 16:10:07.555,17919,17920,17920,2,2
2021-07-05 16:10:07.555,17919,17920,17920,1,1
2021-07-05 16:10:07.556,17919,17920,17920,4,4
2021-07-05 16:10:07.556,17919,17920,17920,7,7
2021-07-05 16:10:07.556,17919,17920,17920,1,1
2021-07-05 16:10:07.563,17919,17920,17920,2,2
2021-07-05 16:10:07.564,17919,17920,17920,1,1
2021-07-05 16:10:07.569,17919,17920,17920,1,1
2021-07-05 16:10:07.592,17919,17920,17920,1,1
2021-07-05 16:10:07.611,17919,17920,17920,6,6
2021-07-05 16:10:07.612,17919,17920,17920,2,2
2021-07-05 16:10:07.612,17919,17920,17920,2,2
2021-07-05 16:10:07.617,17919,17920,17920,2,2
2021-07-05 16:10:07.657,17919,17920,17920,1,1
2021-07-05 16:10:07.676,17919,17920,17919,1,-1
2021-07-05 16:10:07.712,17919,17920,17920,1,1
2021-07-05 16:10:07.719,17919,17920,17920,1,1
2021-07-05 16:10:07.726,17919,17920,17920,2,2
2021-07-05 16:10:07.756,17919,17921,17921,6,6
2021-07-05 16:10:07.793,17919,17921,17921,1,1
2021-07-05 16:10:07.822,17919,17921,17921,2,2
2021-07-05 16:10:07.822,17919,17921,17922,1,1
2021-07-05 16:10:07.833,17919,17921,17922,3,3
2021-07-05 16:10:07.849,17919,17921,17922,3,3
2021-07-05 16:10:07.879,17921,17922,17921,1,-1
2021-07-05 16:10:07.879,17921,17922,17922,1,1
2021-07-05 16:10:07.905,17921,17922,17922,1,1
2021-07-05 16:10:07.919,17921,17922,17922,2,2
2021-07-05 16:10:07.923,17921,17922,17922,4,4
2021-07-05 16:10:07.944,17921,17922,17922,1,1
2021-07-05 16:10:07.948,17921,17922,17922,1,1
2021-07-05 16:10:07.953,17921,17922,17922,1,1
2021-07-05 16:10:07.954,17921,17922,17922,1,1
2021-07-05 16:10:07.975,17921,17922,17922,1,1
2021-07-05 16:10:07.975,17921,17922,17922,1,1
2021-07-05 16:10:07.986,17921,17922,17922,1,1
2021-07-05 16:10:07.998,17921,17922,17922,1,1
2021-07-05 16:10:07.998,17921,17922,17922,1,1
2021-07-05 16:10:07.998,17921,17922,17922,5,5
2021-07-05 16:10:08.015,17921,17923,17923,1,1
2021-07-05 16:10:08.022,17921,17923,17923,1,1
2021-07-05 16:10:08.057,17921,17923,17923,1,1
2021-07-05 16:10:08.073,17921,17923,17923,1,1
2021-07-05 16:10:08.075,17921,17923,17923,1,1
2021-07-05 16:10:08.132,17922,17923,17923,1,1
2021-07-05 16:10:08.149,17922,17923,17922,1,-1
2021-07-05 16:10:08.149,17922,17923,17921,1,-1
2021-07-05 16:10:08.216,17922,17923,17921,1,-1
2021-07-05 16:10:08.223,17922,17923,17922,1,1
2021-07-05 16:10:08.223,17922,17923,17923,1,1
2021-07-05 16:10:08.231,17922,17923,17923,1,1
2021-07-05 16:10:08.279,17921,17923,17921,1,-1
2021-07-05 16:10:08.301,17921,17923,17922,2,2
2021-07-05 16:10:08.340,17921,17923,17922,1,-1
2021-07-05 16:10:08.347,17921,17923,17922,1,-1
2021-07-05 16:10:08.347,17921,17923,17922,1,-1
2021-07-05 16:10:08.350,17921,17923,17922,2,-2
2021-07-05 16:10:08.352,17921,17923,17922,2,-2
2021-07-05 16:10:08.362,17921,17923,17922,1,-1
2021-07-05 16:10:08.375,17921,17923,17921,5,-5
2021-07-05 16:10:08.393,17921,17923,17922,1,1
2021-07-05 16:10:08.448,17921,17923,17921,1,-1
2021-07-05 16:10:08.489,17921,17923,17922,1,1
2021-07-05 16:10:08.545,17920,17922,17920,1,-1
2021-07-05 16:10:08.618,17920,17922,17919,1,-1
2021-07-05 16:10:08.697,17919,17920,17920,1,1
2021-07-05 16:10:08.882,17919,17921,17921,1,1
2021-07-05 16:10:08.908,17919,17921,17921,1,1
2021-07-05 16:10:08.909,17919,17921,17921,3,3
2021-07-05 16:10:09.270,17919,17921,17921,1,1
2021-07-05 16:10:09.537,17919,17920,17919,1,-1
2021-07-05 16:10:09.740,17919,17920,17919,2,-2
2021-07-05 16:10:09.809,17918,17919,17919,1,1
2021-07-05 16:10:09.934,17918,17919,17919,1,1
2021-07-05 16:10:09.949,17918,17919,17919,1,1
2021-07-05 16:10:09.950,17918,17919,17919,1,1
2021-07-05 16:10:10.518,17918,17919,17919,1,1
2021-07-05 16:10:11.514,17918,17919,17919,1,1
2021-07-05 16:10:12.524,17918,17919,17919,3,3
2021-07-05 16:10:17.386,17918,17919,17919,1,1
2021-07-05 16:10:18.880,17918,17919,17918,2,-2
2021-07-05 16:10:18.929,17918,17919,17919,1,1
2021-07-05 16:10:19.373,17918,17919,17919,1,1
2021-07-05 16:10:19.912,17918,17919,17919,1,1
2021-07-05 16:10:20.500,17919,17920,17919,3,-3
2021-07-05 16:10:22.290,17918,17919,17919,1,1
2021-07-05 16:10:25.961,17918,17919,17919,1,1
2021-07-05 16:10:27.538,17918,17919,17918,1,-1
2021-07-05 16:10:31.583,17918,17919,17919,1,1
2021-07-05 16:10:31.953,17918,17919,17918,1,-1
2021-07-05 16:10:32.775,17918,17919,17919,1,1
2021-07-05 16:10:32.775,17918,17919,17919,1,1
2021-07-05 16:10:32.776,17918,17919,17919,2,2
2021-07-05 16:10:32.776,17918,17919,17919,1,1
2021-07-05 16:10:32.776,17918,17919,17919,5,5
2021-07-05 16:10:32.776,17918,17919,17919,1,1
2021-07-05 16:10:34.811,17919,17920,17919,1,-1
2021-07-05 16:10:35.067,17919,17920,17920,1,1
2021-07-05 16:10:35.175,17919,17920,17920,1,1
2021-07-05 16:10:40.155,17919,17920,17920,1,1
2021-07-05 16:10:40.157,17919,17920,17920,19,19
2021-07-05 16:10:40.158,17919,17920,17921,1,1
2021-07-05 16:10:41.197,17921,17922,17922,1,1
2021-07-05 16:10:41.200,17921,17922,17922,1,1
2021-07-05 16:10:41.212,17921,17922,17922,1,1
2021-07-05 16:10:41.266,17921,17922,17922,1,1
2021-07-05 16:10:41.313,17921,17922,17922,3,3
2021-07-05 16:10:41.314,17921,17922,17922,1,1
2021-07-05 16:10:46.220,17921,17922,17922,1,1
2021-07-05 16:10:47.292,17921,17922,17922,1,1
2021-07-05 16:10:47.592,17921,17922,17922,1,1
2021-07-05 16:10:48.213,17921,17922,17922,1,1
2021-07-05 16:10:48.501,17921,17922,17922,1,1
2021-07-05 16:10:52.109,17921,17922,17922,1,1
2021-07-05 16:10:54.416,17921,17922,17922,3,3
2021-07-05 16:10:56.005,17921,17922,17922,1,1
2021-07-05 16:11:00.476,17921,17922,17922,1,1
2021-07-05 16:11:01.302,17921,17922,17922,3,3
2021-07-05 16:11:02.157,17921,17923,17923,1,1
2021-07-05 16:11:02.158,17921,17923,17923,1,1
2021-07-05 16:11:02.324,17921,17923,17923,2,2
2021-07-05 16:11:02.989,17922,17923,17923,5,5
2021-07-05 16:11:03.000,17922,17923,17923,7,7
2021-07-05 16:11:03.125,17923,17924,17924,1,1
2021-07-05 16:11:05.779,17923,17924,17923,1,-1
2021-07-05 16:11:11.290,17922,17923,17923,1,1
2021-07-05 16:11:11.941,17922,17923,17923,1,1
2021-07-05 16:11:13.205,17923,17924,17924,1,1
2021-07-05 16:11:13.205,17923,17924,17924,3,3
2021-07-05 16:11:13.619,17923,17924,17923,3,-3
2021-07-05 16:11:16.152,17923,17924,17923,1,-1
2021-07-05 16:11:17.295,17923,17924,17924,1,1
2021-07-05 16:11:17.295,17923,17924,17924,1,1
2021-07-05 16:11:17.295,17923,17924,17924,1,1
2021-07-05 16:11:17.295,17923,17924,17924,2,2
2021-07-05 16:11:17.375,17923,17924,17924,1,1
2021-07-05 16:11:20.856,17923,17924,17924,2,2
2021-07-05 16:11:22.156,17923,17924,17924,1,1
2021-07-05 16:11:22.892,17923,17924,17923,1,-1
2021-07-05 16:11:24.473,17923,17924,17923,1,-1
2021-07-05 16:11:25.421,17923,17924,17924,1,1
2021-07-05 16:11:26.396,17924,17925,17924,1,-1
2021-07-05 16:11:26.486,17924,17925,17924,1,-1
2021-07-05 16:11:28.060,17923,17924,17924,1,1
2021-07-05 16:11:28.125,17923,17924,17924,1,1
2021-07-05 16:11:28.925,17923,17925,17923,1,-1
2021-07-05 16:11:30.828,17923,17924,17924,1,1
2021-07-05 16:11:32.421,17923,17924,17924,1,1
2021-07-05 16:11:33.556,17923,17924,17924,1,1
2021-07-05 16:11:34.696,17924,17925,17925,1,1
2021-07-05 16:11:34.775,17924,17925,17925,5,5
2021-07-05 16:11:34.782,17924,17925,17925,4,4
2021-07-05 16:11:34.789,17924,17925,17925,2,2
2021-07-05 16:11:34.899,17924,17925,17925,1,1
2021-07-05 16:11:34.925,17924,17925,17925,2,2
2021-07-05 16:11:38.208,17924,17925,17924,1,-1
2021-07-05 16:11:38.819,17924,17925,17925,1,1
2021-07-05 16:11:39.842,17924,17925,17925,2,2
2021-07-05 16:11:40.500,17924,17925,17925,2,2
2021-07-05 16:11:40.506,17924,17925,17926,20,20
2021-07-05 16:11:40.896,17925,17926,17926,1,1
2021-07-05 16:11:41.879,17925,17926,17925,1,-1
2021-07-05 16:11:43.597,17925,17926,17926,1,1
2021-07-05 16:11:47.014,17925,17926,17926,1,1
2021-07-05 16:11:47.077,17925,17926,17926,1,1
2021-07-05 16:11:47.254,17925,17926,17925,1,-1
2021-07-05 16:11:47.334,17925,17926,17926,1,1
2021-07-05 16:11:50.410,17925,17926,17925,1,-1
2021-07-05 16:11:51.858,17925,17926,17925,2,-2
2021-07-05 16:11:53.333,17925,17926,17926,1,1
2021-07-05 16:11:53.700,17925,17926,17925,1,-1
2021-07-05 16:11:53.818,17925,17926,17926,1,1
2021-07-05 16:11:54.800,17925,17926,17925,1,-1
2021-07-05 16:12:01.880,17925,17926,17926,1,1
2021-07-05 16:12:02.005,17925,17926,17925,1,-1
2021-07-05 16:12:02.012,17925,17926,17925,1,-1
2021-07-05 16:12:02.012,17925,17926,17925,4,-4
2021-07-05 16:12:02.012,17925,17926,17925,1,-1
2021-07-05 16:12:02.012,17925,17926,17925,4,-4
2021-07-05 16:12:02.125,17924,17925,17925,2,2
2021-07-05 16:12:02.127,17924,17925,17924,1,-1
2021-07-05 16:12:02.127,17924,17925,17924,1,-1
2021-07-05 16:12:02.127,17924,17925,17924,1,-1
2021-07-05 16:12:02.254,17924,17925,17925,1,1
2021-07-05 16:12:02.320,17924,17925,17926,6,6
2021-07-05 16:12:03.057,17924,17926,17926,1,1
2021-07-05 16:12:04.851,17924,17925,17925,2,2
2021-07-05 16:12:07.783,17925,17926,17925,5,-5
2021-07-05 16:12:08.169,17924,17925,17925,1,1
2021-07-05 16:12:08.172,17924,17925,17924,1,-1
2021-07-05 16:12:08.172,17924,17925,17924,1,-1
2021-07-05 16:12:08.251,17924,17925,17924,1,-1
2021-07-05 16:12:08.252,17924,17925,17924,1,-1
2021-07-05 16:12:08.253,17924,17925,17924,1,-1
2021-07-05 16:12:08.253,17924,17925,17924,1,-1
2021-07-05 16:12:11.465,17924,17925,17925,1,1
2021-07-05 16:12:12.733,17924,17925,17925,5,5
2021-07-05 16:12:12.740,17924,17925,17925,2,2
2021-07-05 16:12:12.742,17924,17925,17925,3,3
2021-07-05 16:12:18.365,17924,17925,17925,2,2
2021-07-05 16:12:21.067,17924,17925,17925,1,1
2021-07-05 16:12:21.070,17924,17925,17924,1,-1
2021-07-05 16:12:21.071,17924,17925,17924,1,-1
2021-07-05 16:12:21.071,17924,17925,17924,1,-1
2021-07-05 16:12:21.071,17924,17925,17924,1,-1
2021-07-05 16:12:21.071,17924,17925,17924,1,-1
2021-07-05 16:12:21.127,17924,17925,17924,1,-1
2021-07-05 16:12:21.127,17924,17925,17923,1,-1
2021-07-05 16:12:21.127,17924,17925,17923,1,-1
2021-07-05 16:12:21.127,17924,17925,17923,1,-1
2021-07-05 16:12:21.127,17924,17925,17923,1,-1
2021-07-05 16:12:21.127,17924,17925,17923,1,-1
2021-07-05 16:12:21.127,17924,17925,17923,1,-1
2021-07-05 16:12:21.128,17924,17925,17923,1,-1
2021-07-05 16:12:21.128,17924,17925,17923,1,-1
2021-07-05 16:12:26.392,17923,17924,17923,1,-1
2021-07-05 16:12:27.324,17923,17924,17924,1,1
2021-07-05 16:12:27.324,17923,17924,17925,5,5
2021-07-05 16:12:27.328,17923,17924,17923,1,-1
2021-07-05 16:12:27.376,17923,17925,17923,1,-1
2021-07-05 16:12:28.247,17923,17925,17923,2,-2
2021-07-05 16:12:30.552,17923,17925,17923,1,-1
2021-07-05 16:12:32.492,17923,17924,17923,1,-1
2021-07-05 16:12:40.270,17924,17925,17924,1,1
2021-07-05 16:12:40.915,17923,17925,17923,1,-1
2021-07-05 16:12:47.494,17922,17923,17923,1,1
2021-07-05 16:12:47.502,17922,17924,17922,1,-1
2021-07-05 16:12:47.502,17922,17924,17922,1,-1
2021-07-05 16:12:52.872,17922,17923,17922,1,-1
2021-07-05 16:12:52.877,17922,17923,17922,1,-1
2021-07-05 16:12:57.714,17922,17923,17923,1,1
2021-07-05 16:13:04.432,17923,17924,17923,2,-2
2021-07-05 16:13:04.504,17922,17924,17924,1,1
2021-07-05 16:13:04.504,17922,17924,17924,1,1
2021-07-05 16:13:14.089,17923,17924,17924,1,1
2021-07-05 16:13:14.126,17923,17924,17924,1,1
2021-07-05 16:13:14.127,17923,17924,17925,1,1
2021-07-05 16:13:14.127,17923,17924,17925,1,1
2021-07-05 16:13:15.036,17923,17925,17923,2,-2
2021-07-05 16:13:15.040,17923,17925,17924,1,1
2021-07-05 16:13:15.126,17923,17925,17925,1,1
2021-07-05 16:13:15.127,17923,17925,17925,1,1
2021-07-05 16:13:15.127,17923,17925,17925,1,1
2021-07-05 16:13:15.313,17923,17925,17923,2,-2
2021-07-05 16:13:24.131,17923,17924,17924,1,1
2021-07-05 16:13:32.676,17923,17924,17924,1,1
2021-07-05 16:13:32.679,17923,17924,17924,1,1
2021-07-05 16:13:32.679,17923,17924,17924,1,1
2021-07-05 16:13:32.679,17923,17924,17924,1,1
2021-07-05 16:13:32.680,17923,17924,17924,1,1
2021-07-05 16:13:32.680,17923,17924,17924,1,1
2021-07-05 16:13:32.680,17923,17924,17925,1,1
2021-07-05 16:13:32.752,17924,17925,17925,1,1
2021-07-05 16:13:32.752,17924,17925,17925,1,1
2021-07-05 16:13:32.752,17924,17925,17925,1,1
2021-07-05 16:13:32.752,17924,17925,17925,1,1
2021-07-05 16:13:32.752,17924,17925,17925,1,1
2021-07-05 16:13:32.752,17924,17925,17925,1,1
2021-07-05 16:13:32.757,17924,17925,17925,1,1
2021-07-05 16:13:36.303,17924,17925,17925,1,1
2021-07-05 16:13:36.306,17924,17925,17926,1,1
2021-07-05 16:13:36.307,17924,17925,17926,1,1
2021-07-05 16:13:36.376,17924,17926,17926,1,1
2021-07-05 16:13:36.377,17924,17926,17926,1,1
2021-07-05 16:13:36.377,17924,17926,17926,1,1
2021-07-05 16:13:36.377,17924,17926,17926,1,1
2021-07-05 16:13:37.487,17924,17926,17924,1,-1
2021-07-05 16:13:37.502,17924,17926,17926,1,1
2021-07-05 16:13:37.502,17924,17926,17926,1,1
2021-07-05 16:13:41.490,17924,17925,17925,1,1
2021-07-05 16:13:42.712,17924,17925,17925,1,1
2021-07-05 16:13:42.712,17924,17925,17926,7,7
2021-07-05 16:13:45.007,17925,17926,17925,1,-1
2021-07-05 16:13:45.306,17925,17926,17925,2,-2
2021-07-05 16:13:45.306,17925,17926,17924,1,-1
2021-07-05 16:13:51.682,17924,17925,17924,1,-1
2021-07-05 16:13:54.053,17924,17925,17924,1,-1
2021-07-05 16:13:54.128,17924,17925,17925,1,1
2021-07-05 16:13:56.168,17924,17926,17924,1,-1
2021-07-05 16:14:00.794,17924,17925,17925,1,1
2021-07-05 16:14:00.794,17924,17925,17926,1,1
2021-07-05 16:14:07.066,17925,17926,17926,1,1
2021-07-05 16:14:08.725,17925,17926,17925,1,-1
2021-07-05 16:14:12.075,17924,17926,17926,1,1
2021-07-05 16:14:12.164,17924,17926,17924,1,-1
2021-07-05 16:14:14.049,17924,17925,17925,2,2
2021-07-05 16:14:16.571,17924,17925,17924,1,-1
2021-07-05 16:14:18.387,17924,17925,17924,1,-1
2021-07-05 16:14:20.660,17924,17925,17924,1,-1
2021-07-05 16:14:21.626,17924,17925,17924,1,-1
2021-07-05 16:14:26.574,17924,17925,17925,1,1
2021-07-05 16:14:26.575,17924,17925,17925,1,1
2021-07-05 16:14:26.575,17924,17925,17925,2,2
2021-07-05 16:14:27.728,17924,17926,17924,1,-1
2021-07-05 16:14:36.618,17925,17926,17925,1,1
2021-07-05 16:14:37.382,17925,17926,17925,2,-2
2021-07-05 16:14:37.880,17924,17925,17925,1,1
2021-07-05 16:14:38.338,17924,17926,17924,1,-1
2021-07-05 16:14:40.967,17924,17926,17924,1,-1
2021-07-05 16:14:45.432,17924,17926,17924,1,-1
2021-07-05 16:14:46.282,17924,17926,17924,2,-2
2021-07-05 16:14:47.308,17923,17924,17924,1,1
2021-07-05 16:14:48.624,17924,17925,17925,1,1
2021-07-05 16:14:52.277,17924,17925,17925,1,1
2021-07-05 16:14:52.446,17925,17926,17925,1,-1
2021-07-05 16:14:52.446,17925,17926,17924,2,-2
2021-07-05 16:14:53.439,17924,17925,17925,1,1
2021-07-05 16:15:00.073,17924,17925,17925,1,1
2021-07-05 16:15:00.250,17924,17925,17925,2,2
2021-07-05 16:15:00.327,17924,17925,17926,1,1
2021-07-05 16:15:00.338,17924,17925,17926,1,1
2021-07-05 16:15:04.253,17925,17926,17926,1,1
2021-07-05 16:15:10.712,17925,17926,17926,1,1
2021-07-05 16:15:10.772,17925,17926,17926,1,1
2021-07-05 16:15:13.731,17925,17926,17926,1,1
2021-07-05 16:15:13.731,17925,17926,17926,11,11
2021-07-05 16:15:14.054,17926,17927,17926,1,-1
2021-07-05 16:15:15.961,17926,17927,17927,2,2
2021-07-05 16:15:16.040,17926,17927,17927,1,1
2021-07-05 16:15:16.140,17926,17927,17927,1,1
2021-07-05 16:15:16.459,17926,17927,17927,1,1
2021-07-05 16:15:16.605,17926,17927,17926,1,-1
2021-07-05 16:15:17.968,17926,17927,17926,2,-2
2021-07-05 16:15:20.838,17925,17927,17927,1,1
2021-07-05 16:15:26.472,17926,17927,17927,5,5
2021-07-05 16:15:26.473,17926,17927,17927,1,1
2021-07-05 16:15:26.538,17926,17928,17928,2,2
2021-07-05 16:15:26.660,17926,17928,17928,1,1
2021-07-05 16:15:26.914,17926,17928,17926,1,-1
2021-07-05 16:15:26.920,17926,17928,17926,1,-1
2021-07-05 16:15:26.921,17926,17928,17926,1,-1
2021-07-05 16:15:26.924,17926,17928,17926,1,-1
2021-07-05 16:15:27.016,17927,17928,17927,1,1
2021-07-05 16:15:27.016,17927,17928,17927,1,-1
2021-07-05 16:15:27.017,17927,17928,17927,1,-1
2021-07-05 16:15:27.017,17927,17928,17927,2,-2
2021-07-05 16:15:27.048,17927,17928,17927,1,-1
2021-07-05 16:15:27.100,17927,17928,17927,1,-1
2021-07-05 16:15:27.108,17927,17928,17926,1,-1
2021-07-05 16:15:27.158,17925,17927,17925,1,-1
2021-07-05 16:15:27.521,17926,17927,17927,3,3
2021-07-05 16:15:27.521,17926,17927,17928,4,4
2021-07-05 16:15:27.845,17926,17928,17928,1,1
2021-07-05 16:15:28.310,17926,17928,17928,1,1
2021-07-05 16:15:30.919,17926,17928,17928,1,1
2021-07-05 16:15:37.829,17927,17928,17927,1,-1
2021-07-05 16:15:38.351,17927,17928,17927,1,-1
2021-07-05 16:15:38.987,17927,17928,17928,1,1
2021-07-05 16:15:41.393,17927,17928,17928,2,2
2021-07-05 16:15:43.713,17927,17928,17928,2,2
2021-07-05 16:15:46.844,17927,17928,17928,1,1
2021-07-05 16:15:48.230,17927,17928,17928,2,2
2021-07-05 16:15:51.308,17927,17928,17928,1,1
2021-07-05 16:15:52.069,17927,17928,17928,1,1
2021-07-05 16:15:53.625,17927,17928,17928,3,3
2021-07-05 16:15:56.580,17927,17928,17928,1,1
2021-07-05 16:16:00.929,17927,17928,17927,1,-1
2021-07-05 16:16:00.929,17927,17928,17927,1,-1
2021-07-05 16:16:00.930,17927,17928,17927,9,-9
2021-07-05 16:16:00.930,17927,17928,17927,1,-1
2021-07-05 16:16:01.004,17926,17927,17927,1,1
2021-07-05 16:16:01.005,17926,17927,17927,1,1
2021-07-05 16:16:01.005,17926,17927,17927,1,1
2021-07-05 16:16:01.008,17926,17927,17927,1,1
2021-07-05 16:16:01.127,17926,17927,17927,1,1
2021-07-05 16:16:01.127,17926,17927,17927,1,1
2021-07-05 16:16:01.127,17926,17927,17928,1,1
2021-07-05 16:16:01.128,17926,17927,17928,1,1
2021-07-05 16:16:01.128,17926,17927,17928,1,1
2021-07-05 16:16:01.128,17926,17927,17928,1,1
2021-07-05 16:16:01.309,17926,17928,17928,2,2
2021-07-05 16:16:05.453,17927,17928,17928,1,1
2021-07-05 16:16:10.928,17927,17928,17928,1,1
2021-07-05 16:16:12.822,17927,17928,17927,1,-1
2021-07-05 16:16:12.825,17927,17928,17928,1,1
2021-07-05 16:16:12.825,17927,17928,17928,1,1
2021-07-05 16:16:12.825,17927,17928,17928,1,1
2021-07-05 16:16:12.825,17927,17928,17928,1,1
2021-07-05 16:16:12.826,17927,17928,17928,1,1
2021-07-05 16:16:12.877,17927,17928,17928,1,1
2021-07-05 16:16:12.877,17927,17928,17928,1,1
2021-07-05 16:16:12.878,17927,17928,17928,1,1
2021-07-05 16:16:12.878,17927,17928,17928,1,1
2021-07-05 16:16:12.878,17927,17928,17929,1,1
2021-07-05 16:16:12.878,17927,17928,17929,1,1
2021-07-05 16:16:13.185,17927,17929,17927,1,-1
2021-07-05 16:16:13.224,17927,17929,17927,1,-1
2021-07-05 16:16:13.252,17927,17928,17928,1,1
2021-07-05 16:16:13.280,17927,17928,17927,1,-1
2021-07-05 16:16:13.385,17927,17928,17927,1,-1
2021-07-05 16:16:13.514,17927,17928,17927,2,-2
2021-07-05 16:16:13.646,17926,17927,17926,2,-2
2021-07-05 16:16:13.720,17926,17927,17926,1,-1
2021-07-05 16:16:13.817,17926,17927,17926,1,-1
2021-07-05 16:16:14.030,17926,17927,17926,1,-1
2021-07-05 16:16:14.566,17926,17927,17926,1,-1
2021-07-05 16:16:14.654,17926,17927,17926,1,-1
2021-07-05 16:16:15.054,17926,17927,17926,1,-1
2021-07-05 16:16:15.739,17926,17927,17926,1,-1
2021-07-05 16:16:16.102,17926,17927,17926,1,-1
2021-07-05 16:16:16.319,17926,17927,17926,1,-1
2021-07-05 16:16:16.320,17926,17927,17926,4,-4
2021-07-05 16:16:16.459,17925,17927,17925,1,-1
2021-07-05 16:16:17.782,17925,17926,17925,2,-2
2021-07-05 16:16:17.785,17925,17926,17926,1,1
2021-07-05 16:16:17.843,17925,17926,17925,1,-1
2021-07-05 16:16:17.851,17925,17926,17924,1,-1
2021-07-05 16:16:17.877,17924,17926,17926,1,1
2021-07-05 16:16:17.877,17924,17926,17926,1,1
2021-07-05 16:16:17.877,17924,17926,17926,1,1
2021-07-05 16:16:17.877,17924,17926,17927,1,1
2021-07-05 16:16:17.877,17924,17926,17927,1,1
2021-07-05 16:16:17.877,17924,17926,17927,1,1
2021-07-05 16:16:17.877,17924,17926,17927,1,1
2021-07-05 16:16:17.878,17924,17926,17927,1,1
2021-07-05 16:16:17.878,17924,17926,17927,1,1
2021-07-05 16:16:17.881,17924,17926,17925,1,-1
2021-07-05 16:16:18.261,17925,17927,17927,1,1
2021-07-05 16:16:24.179,17925,17927,17925,1,-1
2021-07-05 16:16:26.631,17925,17927,17927,6,6
2021-07-05 16:16:26.631,17925,17927,17928,4,4
2021-07-05 16:16:34.469,17925,17926,17926,1,1
2021-07-05 16:16:34.469,17925,17926,17927,1,1
2021-07-05 16:16:34.502,17926,17928,17928,1,1
2021-07-05 16:16:34.502,17926,17928,17928,1,1
2021-07-05 16:16:34.502,17926,17928,17928,1,1
2021-07-05 16:16:34.502,17926,17928,17928,1,1
2021-07-05 16:16:34.503,17926,17928,17928,1,1
2021-07-05 16:16:38.339,17926,17928,17928,1,1
2021-07-05 16:16:45.075,17926,17927,17927,1,1
2021-07-05 16:16:45.078,17926,17927,17927,1,1
2021-07-05 16:16:45.127,17926,17927,17927,1,1
2021-07-05 16:16:45.226,17926,17927,17927,1,1
2021-07-05 16:16:46.173,17926,17928,17928,1,1
2021-07-05 16:16:59.775,17926,17927,17927,4,4
2021-07-05 16:16:59.775,17926,17927,17928,2,2
2021-07-05 16:16:59.877,17926,17928,17928,1,1
2021-07-05 16:17:10.574,17926,17927,17926,2,-2
2021-07-05 16:17:12.286,17926,17927,17926,4,-4
2021-07-05 16:17:17.117,17925,17927,17925,1,-1
2021-07-05 16:17:18.997,17925,17926,17925,1,-1
2021-07-05 16:17:21.199,17925,17926,17925,2,-2
2021-07-05 16:17:27.539,17925,17926,17925,5,-5
2021-07-05 16:17:27.539,17925,17926,17925,1,-1
2021-07-05 16:17:32.319,17924,17925,17925,1,1
2021-07-05 16:17:32.626,17924,17925,17925,1,1
2021-07-05 16:17:35.038,17924,17925,17925,2,2
2021-07-05 16:17:35.038,17924,17925,17926,8,8
2021-07-05 16:17:36.740,17925,17927,17925,1,-1
2021-07-05 16:17:38.083,17925,17927,17927,1,1
2021-07-05 16:17:39.953,17925,17927,17925,1,-1
2021-07-05 16:17:40.631,17925,17926,17926,1,1
2021-07-05 16:17:43.827,17925,17927,17925,1,-1
2021-07-05 16:17:50.103,17925,17926,17925,1,-1
2021-07-05 16:17:52.971,17925,17926,17925,1,-1
2021-07-05 16:18:01.186,17925,17926,17926,1,1
2021-07-05 16:18:01.187,17925,17926,17926,2,2
2021-07-05 16:18:01.482,17926,17927,17927,1,1
2021-07-05 16:18:01.541,17926,17927,17927,5,5
2021-07-05 16:18:01.541,17926,17927,17928,1,1
2021-07-05 16:18:06.615,17926,17928,17928,3,3
2021-07-05 16:18:07.744,17926,17928,17927,1,-1
2021-07-05 16:18:09.671,17927,17928,17927,1,-1
2021-07-05 16:18:10.252,17926,17928,17928,1,1
2021-07-05 16:18:12.354,17927,17928,17927,1,-1
2021-07-05 16:18:18.601,17927,17928,17927,1,-1
2021-07-05 16:18:31.084,17927,17928,17928,1,1
2021-07-05 16:18:38.487,17927,17928,17928,1,1
2021-07-05 16:18:45.359,17927,17928,17928,3,3
2021-07-05 16:18:51.861,17927,17928,17928,1,1
2021-07-05 16:18:54.326,17927,17928,17927,1,-1
2021-07-05 16:18:54.326,17927,17928,17927,2,-2
2021-07-05 16:18:59.660,17926,17928,17928,5,5
2021-07-05 16:19:05.649,17926,17927,17926,2,-2
2021-07-05 16:19:05.649,17926,17927,17925,3,-3
2021-07-05 16:19:14.841,17925,17926,17926,3,3
2021-07-05 16:19:14.841,17925,17926,17927,2,2
2021-07-05 16:19:15.567,17925,17927,17925,32,-32
2021-07-05 16:19:15.625,17924,17925,17924,5,-5
2021-07-05 16:19:18.515,17923,17924,17924,1,1
2021-07-05 16:19:19.221,17924,17925,17924,5,-5
2021-07-05 16:19:22.325,17924,17926,17924,1,-1
2021-07-05 16:19:24.068,17924,17926,17926,1,1
2021-07-05 16:19:26.599,17925,17926,17926,1,1
2021-07-05 16:19:34.125,17925,17926,17925,1,-1
2021-07-05 16:19:42.031,17925,17926,17926,11,11
2021-07-05 16:19:50.021,17926,17927,17926,1,-1
2021-07-05 16:20:05.315,17925,17926,17926,2,2
2021-07-05 16:20:05.315,17925,17926,17926,2,2
2021-07-05 16:20:05.315,17925,17926,17926,5,5
2021-07-05 16:20:05.707,17926,17927,17927,1,1
2021-07-05 16:20:05.716,17926,17927,17927,2,2
2021-07-05 16:20:05.738,17926,17927,17926,1,-1
2021-07-05 16:20:12.638,17926,17928,17926,1,-1
2021-07-05 16:20:17.095,17926,17928,17928,1,1
2021-07-05 16:20:28.944,17926,17927,17927,1,1
2021-07-05 16:20:34.631,17927,17928,17927,4,-4
2021-07-05 16:20:34.631,17927,17928,17926,1,-1
2021-07-05 16:20:38.677,17927,17928,17927,1,1
2021-07-05 16:20:45.921,17927,17928,17927,2,-2
2021-07-05 16:20:49.930,17926,17927,17926,2,-2
2021-07-05 16:20:58.196,17926,17927,17926,2,-2
2021-07-05 16:21:00.790,17926,17927,17927,1,1
2021-07-05 16:21:02.751,17926,17927,17926,1,-1
2021-07-05 16:21:03.483,17926,17927,17926,3,-3
2021-07-05 16:21:10.114,17926,17927,17927,1,1
2021-07-05 16:21:14.394,17926,17927,17926,9,-9
2021-07-05 16:21:25.719,17925,17926,17926,1,1
2021-07-05 16:21:27.904,17926,17927,17927,1,1
2021-07-05 16:21:36.547,17926,17927,17927,1,1
2021-07-05 16:21:36.547,17926,17927,17927,2,2
2021-07-05 16:21:36.547,17926,17927,17927,1,1
2021-07-05 16:21:36.547,17926,17927,17927,3,3
2021-07-05 16:21:38.125,17927,17928,17928,6,6
2021-07-05 16:21:45.933,17927,17928,17927,3,-3
2021-07-05 16:21:49.382,17926,17927,17927,1,1
2021-07-05 16:21:49.382,17926,17927,17928,1,1
2021-07-05 16:21:54.852,17927,17928,17928,1,1
2021-07-05 16:22:03.089,17927,17928,17928,1,1
2021-07-05 16:22:14.783,17927,17928,17928,2,2
2021-07-05 16:22:15.698,17927,17928,17928,1,1
2021-07-05 16:22:22.282,17927,17928,17928,1,1
2021-07-05 16:22:23.431,17927,17928,17928,2,2
2021-07-05 16:22:26.979,17927,17928,17928,1,1
2021-07-05 16:22:31.504,17927,17928,17927,1,-1
2021-07-05 16:22:53.936,17926,17927,17927,1,1
2021-07-05 16:22:55.536,17926,17927,17926,3,-3
2021-07-05 16:22:56.080,17926,17927,17927,1,1
2021-07-05 16:22:56.203,17926,17927,17927,1,1
2021-07-05 16:23:00.390,17926,17927,17927,1,1
2021-07-05 16:23:03.201,17926,17927,17927,2,2
2021-07-05 16:23:09.314,17926,17927,17927,2,2
2021-07-05 16:23:10.589,17927,17928,17927,1,-1
2021-07-05 16:23:20.689,17927,17928,17927,1,-1
2021-07-05 16:23:22.461,17927,17928,17927,1,-1
2021-07-05 16:23:24.303,17927,17928,17927,1,-1
2021-07-05 16:23:24.774,17927,17928,17927,1,-1
2021-07-05 16:23:24.939,17927,17928,17927,1,-1
2021-07-05 16:23:26.804,17927,17928,17928,1,1
2021-07-05 16:23:28.022,17927,17928,17927,1,-1
2021-07-05 16:23:31.890,17927,17928,17928,1,1
2021-07-05 16:23:37.847,17927,17928,17928,1,1
2021-07-05 16:23:39.538,17927,17928,17928,1,1
2021-07-05 16:23:41.405,17927,17928,17928,29,29
2021-07-05 16:23:44.579,17928,17929,17928,1,-1
2021-07-05 16:23:45.274,17928,17929,17928,1,-1
2021-07-05 16:23:46.714,17928,17929,17929,14,14
2021-07-05 16:23:46.714,17928,17929,17929,1,1
2021-07-05 16:23:46.714,17928,17929,17929,1,1
2021-07-05 16:23:46.830,17929,17930,17930,1,1
2021-07-05 16:23:46.885,17929,17930,17930,1,1
2021-07-05 16:23:46.899,17929,17930,17930,1,1
2021-07-05 16:23:46.910,17929,17930,17930,1,1
2021-07-05 16:23:46.973,17929,17930,17930,1,1
2021-07-05 16:23:46.974,17929,17930,17930,1,1
2021-07-05 16:23:46.978,17929,17930,17930,1,1
2021-07-05 16:23:46.980,17929,17930,17930,1,1
2021-07-05 16:23:46.983,17929,17930,17930,1,1
2021-07-05 16:23:46.999,17929,17930,17930,1,1
2021-07-05 16:23:47.012,17929,17930,17930,7,7
2021-07-05 16:23:47.012,17929,17930,17930,1,1
2021-07-05 16:23:47.012,17929,17930,17930,2,2
2021-07-05 16:23:47.012,17929,17930,17930,1,1
2021-07-05 16:23:47.012,17929,17930,17930,1,1
2021-07-05 16:23:47.015,17929,17930,17930,14,14
2021-07-05 16:23:47.016,17929,17930,17931,1,1
2021-07-05 16:23:47.016,17929,17930,17931,1,1
2021-07-05 16:23:47.019,17929,17930,17930,1,1
2021-07-05 16:23:47.022,17929,17930,17931,1,1
2021-07-05 16:23:47.031,17929,17930,17931,1,1
2021-07-05 16:23:47.031,17929,17930,17931,1,1
2021-07-05 16:23:47.135,17930,17931,17930,1,-1
2021-07-05 16:23:47.138,17930,17931,17931,1,1
2021-07-05 16:23:47.153,17930,17931,17930,1,-1
2021-07-05 16:23:47.299,17930,17931,17930,1,-1
2021-07-05 16:23:47.381,17929,17930,17930,1,1
2021-07-05 16:23:47.385,17929,17930,17929,1,-1
2021-07-05 16:23:47.470,17929,17930,17929,1,-1
2021-07-05 16:23:47.498,17929,17930,17930,1,1
2021-07-05 16:23:47.684,17930,17931,17930,1,-1
2021-07-05 16:23:47.758,17929,17931,17931,1,1
2021-07-05 16:23:47.922,17929,17931,17931,1,1
2021-07-05 16:23:49.093,17929,17931,17931,1,1
2021-07-05 16:23:54.176,17929,17930,17930,1,1
2021-07-05 16:23:58.215,17929,17930,17930,1,1
2021-07-05 16:24:00.471,17929,17930,17930,1,1
2021-07-05 16:24:00.472,17929,17930,17930,3,3
2021-07-05 16:24:09.470,17929,17930,17930,2,2
2021-07-05 16:24:16.836,17929,17930,17930,1,1
2021-07-05 16:24:17.558,17929,17930,17929,5,-5
2021-07-05 16:24:18.184,17929,17930,17930,1,1
2021-07-05 16:24:22.589,17930,17931,17930,2,-2
2021-07-05 16:24:22.802,17929,17931,17931,4,4
2021-07-05 16:24:23.005,17929,17931,17931,1,1
2021-07-05 16:24:29.441,17929,17930,17930,1,1
2021-07-05 16:24:34.382,17930,17931,17930,2,-2
2021-07-05 16:24:37.862,17930,17931,17930,1,-1
2021-07-05 16:24:38.558,17930,17931,17930,4,-4
2021-07-05 16:24:38.558,17930,17931,17929,1,-1
2021-07-05 16:24:42.066,17929,17930,17930,1,1
2021-07-05 16:24:44.572,17929,17930,17930,1,1
2021-07-05 16:24:52.387,17930,17931,17930,1,-1
2021-07-05 16:24:53.688,17930,17931,17930,1,-1
2021-07-05 16:24:55.920,17930,17931,17930,1,-1
2021-07-05 16:24:57.270,17930,17931,17930,1,-1
2021-07-05 16:24:57.941,17930,17931,17931,1,1
2021-07-05 16:24:59.046,17930,17931,17930,1,-1
2021-07-05 16:25:00.422,17930,17931,17930,1,-1
2021-07-05 16:25:00.629,17930,17931,17931,1,1
2021-07-05 16:25:00.796,17930,17931,17931,3,3
2021-07-05 16:25:00.797,17930,17931,17931,1,1
2021-07-05 16:25:01.037,17930,17931,17931,4,4
2021-07-05 16:25:01.080,17930,17931,17931,1,1
2021-07-05 16:25:01.081,17930,17931,17931,1,1
2021-07-05 16:25:01.081,17930,17931,17931,3,3
2021-07-05 16:25:01.082,17930,17931,17932,4,4
2021-07-05 16:25:01.215,17931,17932,17932,4,4
2021-07-05 16:25:01.240,17931,17932,17932,1,1
2021-07-05 16:25:01.240,17931,17932,17933,1,1
2021-07-05 16:25:01.287,17931,17933,17933,1,1
2021-07-05 16:25:01.339,17931,17933,17933,2,2
2021-07-05 16:25:01.342,17931,17933,17931,1,-1
2021-07-05 16:25:01.394,17931,17933,17931,1,-1
2021-07-05 16:25:01.395,17931,17933,17931,1,-1
2021-07-05 16:25:01.398,17931,17933,17931,1,-1
2021-07-05 16:25:01.483,17931,17933,17930,2,-2
2021-07-05 16:25:01.490,17931,17933,17930,1,-1
2021-07-05 16:25:01.529,17930,17932,17930,2,-2
2021-07-05 16:25:01.616,17930,17932,17930,1,-1
2021-07-05 16:25:01.620,17930,17932,17930,1,-1
2021-07-05 16:25:01.620,17930,17932,17929,1,-1
2021-07-05 16:25:01.627,17929,17931,17929,1,-1
2021-07-05 16:25:01.796,17930,17932,17930,2,2
2021-07-05 16:25:01.813,17930,17932,17932,2,2
2021-07-05 16:25:01.914,17930,17932,17930,1,-1
2021-07-05 16:25:02.061,17930,17932,17930,1,-1
2021-07-05 16:25:02.078,17930,17932,17932,1,1
2021-07-05 16:25:02.103,17930,17932,17932,1,1
2021-07-05 16:25:02.176,17930,17932,17932,4,4
2021-07-05 16:25:02.330,17930,17932,17930,1,-1
2021-07-05 16:25:02.645,17930,17932,17932,1,1
2021-07-05 16:25:03.820,17930,17931,17931,1,1
2021-07-05 16:25:03.850,17930,17931,17932,1,1
2021-07-05 16:25:03.880,17930,17932,17932,1,1
2021-07-05 16:25:03.910,17930,17932,17932,1,1
2021-07-05 16:25:03.941,17930,17932,17932,1,1
2021-07-05 16:25:03.955,17930,17932,17932,1,1
2021-07-05 16:25:04.027,17930,17932,17932,1,1
2021-07-05 16:25:04.038,17930,17932,17932,1,1
2021-07-05 16:25:04.080,17930,17932,17932,1,1
2021-07-05 16:25:04.538,17930,17933,17930,1,-1
2021-07-05 16:25:04.702,17930,17932,17930,5,-5
2021-07-05 16:25:04.840,17930,17932,17932,4,4
2021-07-05 16:25:05.445,17930,17932,17930,1,-1
2021-07-05 16:25:05.459,17930,17932,17930,1,-1
2021-07-05 16:25:09.453,17931,17932,17932,1,1
2021-07-05 16:25:11.890,17932,17933,17932,1,-1
2021-07-05 16:25:15.941,17931,17933,17933,1,1
2021-07-05 16:25:17.646,17931,17933,17933,3,3
2021-07-05 16:25:19.920,17931,17932,17932,1,1
2021-07-05 16:25:19.920,17931,17932,17933,8,8
2021-07-05 16:25:19.920,17931,17932,17934,1,1
2021-07-05 16:25:24.084,17931,17932,17932,1,1
2021-07-05 16:25:24.400,17931,17932,17932,1,1
2021-07-05 16:25:27.810,17931,17932,17931,2,-2
2021-07-05 16:25:27.810,17931,17932,17930,3,-3
2021-07-05 16:25:30.794,17931,17932,17931,1,1
2021-07-05 16:25:32.303,17930,17932,17932,6,6
2021-07-05 16:25:32.303,17930,17932,17933,4,4
2021-07-05 16:25:34.981,17930,17931,17931,1,1
2021-07-05 16:25:35.085,17931,17932,17932,1,1
2021-07-05 16:25:38.587,17931,17933,17933,2,2
2021-07-05 16:25:43.805,17931,17933,17931,5,-5
2021-07-05 16:26:05.098,17931,17932,17931,1,-1
2021-07-05 16:26:15.869,17931,17932,17932,1,1
2021-07-05 16:26:15.886,17932,17933,17932,3,-3
2021-07-05 16:26:16.058,17931,17932,17931,1,-1
2021-07-05 16:26:17.343,17931,17932,17932,1,1
2021-07-05 16:26:21.319,17931,17932,17931,2,-2
2021-07-05 16:26:24.964,17931,17932,17932,1,1
2021-07-05 16:26:28.079,17931,17932,17932,1,1
2021-07-05 16:26:33.709,17931,17932,17932,2,2
2021-07-05 16:26:33.893,17931,17932,17932,1,1
2021-07-05 16:26:36.854,17931,17932,17931,5,-5
2021-07-05 16:26:44.286,17931,17932,17931,1,-1
2021-07-05 16:26:44.711,17931,17932,17932,4,4
2021-07-05 16:26:48.375,17932,17933,17933,1,1
2021-07-05 16:26:48.800,17932,17933,17932,1,-1
2021-07-05 16:26:54.198,17932,17933,17933,1,1
2021-07-05 16:26:54.255,17932,17933,17933,2,2
2021-07-05 16:26:59.312,17932,17933,17933,2,2
2021-07-05 16:27:01.817,17932,17933,17933,1,1
2021-07-05 16:27:17.131,17932,17933,17933,4,4
2021-07-05 16:27:20.427,17932,17933,17933,2,2
2021-07-05 16:27:21.098,17932,17933,17933,1,1
2021-07-05 16:27:21.426,17932,17933,17933,4,4
2021-07-05 16:27:22.619,17932,17933,17933,1,1
2021-07-05 16:27:24.797,17932,17933,17933,1,1
2021-07-05 16:27:28.552,17932,17933,17933,1,1
2021-07-05 16:27:31.102,17932,17933,17933,1,1
2021-07-05 16:27:33.000,17932,17933,17933,1,1
2021-07-05 16:27:34.759,17933,17934,17933,1,-1
2021-07-05 16:27:34.760,17933,17934,17933,1,-1
2021-07-05 16:27:46.329,17933,17934,17934,1,1
2021-07-05 16:27:50.015,17933,17934,17934,1,1
2021-07-05 16:27:50.365,17933,17934,17934,1,1
2021-07-05 16:27:50.573,17933,17934,17934,1,1
2021-07-05 16:27:50.784,17933,17934,17934,1,1
2021-07-05 16:27:50.983,17933,17934,17934,1,1
2021-07-05 16:27:51.256,17933,17934,17934,1,1
2021-07-05 16:27:51.418,17933,17934,17934,4,4
2021-07-05 16:27:51.424,17933,17934,17934,1,1
2021-07-05 16:27:53.166,17933,17934,17934,1,1
2021-07-05 16:27:53.751,17933,17934,17934,1,1
2021-07-05 16:27:59.405,17933,17934,17934,5,5
2021-07-05 16:28:03.417,17933,17934,17934,5,5
2021-07-05 16:28:06.180,17933,17934,17934,1,1
2021-07-05 16:28:10.371,17933,17934,17934,9,9
2021-07-05 16:28:10.700,17934,17935,17934,1,-1
2021-07-05 16:28:14.093,17934,17935,17935,1,1
2021-07-05 16:28:14.162,17934,17935,17935,1,1
2021-07-05 16:28:14.166,17934,17935,17935,2,2
2021-07-05 16:28:14.479,17934,17935,17934,1,-1
2021-07-05 16:28:22.190,17934,17935,17934,1,-1
2021-07-05 16:28:27.291,17934,17935,17934,2,-2
2021-07-05 16:28:27.529,17934,17935,17935,1,1
2021-07-05 16:28:29.564,17934,17935,17934,1,-1
2021-07-05 16:28:33.721,17934,17935,17935,1,1
2021-07-05 16:28:35.402,17934,17935,17935,2,2
2021-07-05 16:28:42.939,17934,17935,17935,1,1
2021-07-05 16:28:45.974,17934,17935,17935,1,1
2021-07-05 16:28:49.520,17934,17935,17935,2,2
2021-07-05 16:28:49.696,17934,17935,17934,3,-3
2021-07-05 16:28:57.103,17934,17935,17934,1,-1
2021-07-05 16:28:57.958,17934,17935,17935,1,1
2021-07-05 16:29:02.999,17934,17935,17934,29,-29
2021-07-05 16:29:03.000,17933,17934,17934,11,11
2021-07-05 16:29:05.835,17933,17934,17934,1,1
2021-07-05 16:29:07.077,17934,17935,17935,1,1
2021-07-05 16:29:12.802,17934,17935,17934,1,-1
2021-07-05 16:29:15.110,17934,17935,17934,1,-1
2021-07-05 16:29:24.021,17933,17934,17933,2,-2
2021-07-05 16:29:24.418,17933,17934,17934,1,1
2021-07-05 16:29:27.967,17933,17934,17934,1,1
2021-07-05 16:29:49.701,17934,17935,17935,1,1
2021-07-05 16:29:55.511,17934,17935,17935,2,2
2021-07-05 16:29:58.046,17934,17935,17935,3,3
2021-07-05 16:30:00.088,17934,17935,17935,1,1
2021-07-05 16:30:00.320,17934,17935,17935,2,2
2021-07-05 16:30:00.322,17934,17935,17935,3,3
2021-07-05 16:30:00.326,17934,17935,17935,1,1
2021-07-05 16:30:00.332,17934,17935,17935,2,2
2021-07-05 16:30:00.347,17934,17935,17935,4,4
2021-07-05 16:30:00.348,17934,17935,17935,1,1
2021-07-05 16:30:00.348,17934,17935,17935,1,1
2021-07-05 16:30:00.348,17934,17935,17935,1,1
2021-07-05 16:30:00.352,17934,17935,17935,3,3
2021-07-05 16:30:00.352,17934,17935,17935,2,2
2021-07-05 16:30:00.359,17934,17935,17935,3,3
2021-07-05 16:30:00.359,17934,17935,17935,2,2
2021-07-05 16:30:00.359,17934,17935,17935,5,5
2021-07-05 16:30:00.360,17934,17935,17935,2,2
2021-07-05 16:30:00.364,17934,17935,17936,1,1
2021-07-05 16:30:00.365,17934,17935,17936,3,3
2021-07-05 16:30:00.366,17934,17935,17936,1,1
2021-07-05 16:30:00.379,17935,17936,17936,1,1
2021-07-05 16:30:00.398,17935,17936,17936,2,2
2021-07-05 16:30:00.402,17935,17936,17936,1,1
2021-07-05 16:30:00.444,17935,17936,17936,1,1
2021-07-05 16:30:00.474,17935,17936,17936,2,2
2021-07-05 16:30:00.475,17935,17936,17936,1,1
2021-07-05 16:30:00.477,17935,17936,17936,1,1
2021-07-05 16:30:00.509,17935,17936,17936,8,8
2021-07-05 16:30:00.519,17935,17936,17937,6,6
