2019-08-02 15:00:00.068,10472,10473,10472,44
2019-08-02 15:00:00.244,10472,10473,10472,1
2019-08-02 15:00:00.251,10472,10473,10472,1
2019-08-02 15:00:00.261,10472,10473,10472,1
2019-08-02 15:00:00.308,10471,10473,10471,1
2019-08-02 15:00:00.321,10471,10473,10470,1
2019-08-02 15:00:00.334,10471,10473,10470,1
2019-08-02 15:00:00.541,10470,10473,10470,1
2019-08-02 15:00:00.554,10470,10473,10470,1
2019-08-02 15:00:00.633,10470,10473,10472,1
2019-08-02 15:00:00.653,10470,10473,10472,1
2019-08-02 15:00:00.766,10470,10473,10473,1
2019-08-02 15:00:00.782,10470,10473,10470,1
2019-08-02 15:00:01.123,10470,10473,10472,1
2019-08-02 15:00:01.263,10470,10472,10470,4
2019-08-02 15:00:01.263,10470,10472,10469,13
2019-08-02 15:00:01.353,10469,10472,10472,2
2019-08-02 15:00:01.541,10470,10472,10470,2
2019-08-02 15:00:01.568,10470,10472,10470,1
2019-08-02 15:00:01.570,10470,10472,10470,2
2019-08-02 15:00:02.416,10470,10471,10470,1
2019-08-02 15:00:02.545,10470,10471,10470,1
2019-08-02 15:00:02.690,10469,10470,10470,1
2019-08-02 15:00:02.780,10469,10470,10471,1
2019-08-02 15:00:03.210,10469,10470,10470,1
2019-08-02 15:00:03.221,10469,10470,10471,1
2019-08-02 15:00:03.270,10469,10470,10469,2
2019-08-02 15:00:04.456,10469,10470,10470,1
2019-08-02 15:00:06.357,10470,10471,10471,2
2019-08-02 15:00:06.685,10470,10471,10471,1
2019-08-02 15:00:07.404,10471,10472,10472,1
2019-08-02 15:00:07.484,10471,10472,10471,6
2019-08-02 15:00:07.484,10471,10472,10470,2
2019-08-02 15:00:07.785,10470,10472,10471,1
2019-08-02 15:00:08.001,10470,10472,10471,1
2019-08-02 15:00:08.424,10470,10472,10472,1
2019-08-02 15:00:09.075,10470,10471,10471,1
2019-08-02 15:00:09.260,10470,10471,10471,1
2019-08-02 15:00:09.929,10470,10471,10471,1
2019-08-02 15:00:10.326,10471,10472,10471,1
2019-08-02 15:00:12.755,10471,10472,10472,1
2019-08-02 15:00:13.791,10472,10473,10472,1
2019-08-02 15:00:14.797,10472,10473,10472,2
2019-08-02 15:00:14.851,10472,10473,10472,3
2019-08-02 15:00:15.830,10471,10472,10471,2
2019-08-02 15:00:16.270,10471,10472,10471,1
2019-08-02 15:00:16.575,10471,10472,10471,1
2019-08-02 15:00:18.080,10471,10472,10471,1
2019-08-02 15:00:18.454,10470,10471,10471,1
2019-08-02 15:00:21.216,10470,10471,10471,1
2019-08-02 15:00:21.577,10471,10472,10471,2
2019-08-02 15:00:22.087,10470,10472,10470,2
2019-08-02 15:00:23.541,10470,10471,10470,7
2019-08-02 15:00:23.666,10470,10471,10470,9
2019-08-02 15:00:23.916,10469,10470,10469,1
2019-08-02 15:00:25.452,10469,10470,10469,1
2019-08-02 15:00:26.708,10468,10469,10468,2
2019-08-02 15:00:27.239,10468,10469,10468,2
2019-08-02 15:00:28.119,10468,10469,10468,1
2019-08-02 15:00:28.202,10468,10469,10468,1
2019-08-02 15:00:28.520,10468,10469,10468,2
2019-08-02 15:00:29.116,10468,10469,10469,5
2019-08-02 15:00:30.185,10468,10469,10469,3
2019-08-02 15:00:32.213,10468,10469,10469,1
2019-08-02 15:00:32.328,10469,10470,10469,1
2019-08-02 15:00:34.281,10468,10470,10468,1
2019-08-02 15:00:36.773,10468,10469,10469,1
2019-08-02 15:00:41.912,10468,10469,10469,5
2019-08-02 15:00:42.063,10468,10469,10468,8
2019-08-02 15:00:44.548,10468,10469,10468,13
2019-08-02 15:00:45.620,10467,10468,10468,5
2019-08-02 15:00:45.650,10467,10468,10467,5
2019-08-02 15:00:45.666,10467,10468,10468,7
2019-08-02 15:00:53.169,10468,10469,10468,3
2019-08-02 15:00:53.169,10468,10469,10467,20
2019-08-02 15:00:55.599,10466,10468,10468,1
2019-08-02 15:00:58.486,10466,10467,10467,3
2019-08-02 15:00:58.486,10466,10467,10468,7
2019-08-02 15:00:58.486,10466,10467,10467,1
2019-08-02 15:00:58.651,10466,10468,10466,2
2019-08-02 15:00:59.578,10466,10468,10468,1
2019-08-02 15:01:00.465,10466,10468,10466,1
2019-08-02 15:01:02.441,10466,10467,10466,3
2019-08-02 15:01:02.666,10466,10467,10466,2
2019-08-02 15:01:02.828,10466,10467,10466,9
2019-08-02 15:01:03.160,10465,10466,10465,3
2019-08-02 15:01:03.166,10465,10466,10465,1
2019-08-02 15:01:03.166,10465,10466,10465,3
2019-08-02 15:01:03.172,10465,10466,10465,2
2019-08-02 15:01:03.210,10465,10466,10465,1
2019-08-02 15:01:03.210,10465,10466,10465,1
2019-08-02 15:01:03.210,10465,10466,10465,2
2019-08-02 15:01:03.210,10465,10466,10465,1
2019-08-02 15:01:03.210,10465,10466,10465,2
2019-08-02 15:01:03.210,10465,10466,10465,1
2019-08-02 15:01:03.210,10465,10466,10465,1
2019-08-02 15:01:03.215,10465,10466,10465,1
2019-08-02 15:01:03.291,10465,10466,10465,1
2019-08-02 15:01:03.900,10464,10465,10464,1
2019-08-02 15:01:04.194,10464,10465,10465,1
2019-08-02 15:01:05.283,10464,10465,10464,1
2019-08-02 15:01:06.898,10464,10465,10464,2
2019-08-02 15:01:07.301,10463,10464,10464,1
2019-08-02 15:01:07.301,10463,10464,10465,4
2019-08-02 15:01:08.761,10464,10466,10464,1
2019-08-02 15:01:09.515,10465,10466,10465,3
2019-08-02 15:01:09.515,10465,10466,10464,2
2019-08-02 15:01:09.535,10465,10466,10464,2
2019-08-02 15:01:09.580,10464,10466,10466,1
2019-08-02 15:01:13.463,10465,10466,10466,2
2019-08-02 15:01:15.292,10465,10466,10465,7
2019-08-02 15:01:15.328,10465,10466,10465,1
2019-08-02 15:01:17.655,10464,10465,10465,1
2019-08-02 15:01:18.645,10464,10465,10464,1
2019-08-02 15:01:19.084,10463,10465,10465,2
2019-08-02 15:01:20.968,10464,10465,10464,1
2019-08-02 15:01:22.589,10463,10464,10464,1
2019-08-02 15:01:23.224,10463,10464,10464,1
2019-08-02 15:01:23.224,10463,10464,10464,1
2019-08-02 15:01:23.225,10463,10464,10464,1
2019-08-02 15:01:24.400,10464,10465,10464,3
2019-08-02 15:01:24.400,10464,10465,10463,2
2019-08-02 15:01:26.279,10463,10464,10464,3
2019-08-02 15:01:27.864,10464,10465,10464,1
2019-08-02 15:01:28.731,10464,10465,10464,2
2019-08-02 15:01:29.342,10463,10464,10463,4
2019-08-02 15:01:29.422,10463,10464,10464,1
2019-08-02 15:01:29.552,10463,10464,10463,10
2019-08-02 15:01:29.748,10463,10464,10463,1
2019-08-02 15:01:30.118,10463,10464,10464,1
2019-08-02 15:01:30.980,10463,10464,10464,1
2019-08-02 15:01:35.603,10463,10464,10463,5
2019-08-02 15:01:36.419,10463,10464,10463,2
2019-08-02 15:01:37.127,10463,10464,10463,1
2019-08-02 15:01:40.266,10463,10464,10463,5
2019-08-02 15:01:42.702,10463,10464,10463,1
2019-08-02 15:01:43.333,10463,10464,10464,16
2019-08-02 15:01:44.151,10464,10465,10464,1
2019-08-02 15:01:48.870,10464,10465,10464,5
2019-08-02 15:01:51.835,10464,10465,10464,5
2019-08-02 15:01:54.654,10464,10465,10464,3
2019-08-02 15:01:58.671,10464,10465,10464,1
2019-08-02 15:01:58.986,10464,10465,10464,3
2019-08-02 15:01:59.676,10464,10465,10464,1
2019-08-02 15:02:02.706,10464,10465,10464,10
2019-08-02 15:02:03.300,10464,10465,10464,5
2019-08-02 15:02:03.984,10464,10465,10465,4
2019-08-02 15:02:04.030,10464,10465,10465,2
2019-08-02 15:02:04.035,10464,10465,10465,3
2019-08-02 15:02:04.041,10464,10465,10465,5
2019-08-02 15:02:04.787,10465,10466,10465,1
2019-08-02 15:02:11.078,10464,10465,10464,6
2019-08-02 15:02:19.408,10464,10465,10465,5
2019-08-02 15:02:20.668,10464,10465,10464,1
2019-08-02 15:02:25.042,10464,10465,10465,1
2019-08-02 15:02:26.071,10464,10465,10465,1
2019-08-02 15:02:28.935,10464,10465,10464,4
2019-08-02 15:02:29.295,10464,10465,10465,5
2019-08-02 15:02:30.844,10464,10465,10465,1
2019-08-02 15:02:38.610,10464,10465,10465,4
2019-08-02 15:02:38.665,10464,10465,10464,10
2019-08-02 15:02:39.324,10465,10466,10465,9
2019-08-02 15:02:39.324,10465,10466,10464,1
2019-08-02 15:02:41.053,10464,10465,10465,1
2019-08-02 15:02:43.878,10465,10466,10465,1
2019-08-02 15:02:43.878,10465,10466,10464,1
2019-08-02 15:02:46.623,10465,10466,10465,1
2019-08-02 15:02:46.998,10464,10466,10465,1
2019-08-02 15:02:49.284,10465,10466,10465,1
2019-08-02 15:02:51.901,10464,10465,10465,1
2019-08-02 15:02:51.948,10464,10465,10464,1
2019-08-02 15:02:52.906,10464,10465,10465,20
2019-08-02 15:02:52.906,10464,10465,10466,2
2019-08-02 15:02:56.035,10464,10466,10466,1
2019-08-02 15:02:58.934,10464,10465,10465,1
2019-08-02 15:03:02.092,10465,10466,10465,5
2019-08-02 15:03:04.418,10465,10466,10465,1
2019-08-02 15:03:05.363,10465,10466,10465,4
2019-08-02 15:03:07.357,10464,10465,10465,3
2019-08-02 15:03:08.977,10465,10466,10465,1
2019-08-02 15:03:14.822,10465,10466,10465,2
2019-08-02 15:03:16.542,10465,10466,10465,2
2019-08-02 15:03:16.543,10465,10466,10465,2
2019-08-02 15:03:20.930,10465,10466,10465,1
2019-08-02 15:03:21.242,10465,10466,10466,1
2019-08-02 15:03:22.585,10465,10466,10465,2
2019-08-02 15:03:23.081,10465,10466,10465,1
2019-08-02 15:03:25.141,10465,10466,10466,1
2019-08-02 15:03:31.178,10465,10466,10466,6
2019-08-02 15:03:32.245,10465,10466,10466,1
2019-08-02 15:03:34.344,10465,10466,10466,4
2019-08-02 15:03:35.489,10466,10467,10467,1
2019-08-02 15:03:36.728,10466,10467,10467,3
2019-08-02 15:03:38.631,10466,10467,10467,5
2019-08-02 15:03:38.632,10466,10467,10467,2
2019-08-02 15:03:38.632,10466,10467,10467,3
2019-08-02 15:03:38.666,10467,10468,10467,4
2019-08-02 15:03:39.477,10467,10468,10467,1
2019-08-02 15:03:42.022,10467,10468,10468,8
2019-08-02 15:03:45.202,10466,10467,10467,2
2019-08-02 15:03:48.294,10466,10467,10467,1
2019-08-02 15:03:51.555,10466,10467,10467,2
2019-08-02 15:03:51.779,10466,10467,10467,1
2019-08-02 15:03:53.175,10466,10467,10467,1
2019-08-02 15:03:55.684,10466,10467,10467,5
2019-08-02 15:03:57.384,10467,10468,10467,1
2019-08-02 15:04:12.058,10467,10468,10468,1
2019-08-02 15:04:12.059,10467,10468,10468,3
2019-08-02 15:04:12.123,10467,10468,10468,1
2019-08-02 15:04:12.124,10467,10468,10468,1
2019-08-02 15:04:12.124,10467,10468,10468,3
2019-08-02 15:04:12.124,10467,10468,10468,1
2019-08-02 15:04:12.124,10467,10468,10468,3
2019-08-02 15:04:12.166,10467,10468,10468,4
2019-08-02 15:04:12.166,10467,10468,10468,1
2019-08-02 15:04:12.166,10467,10468,10468,17
2019-08-02 15:04:12.374,10468,10469,10469,3
2019-08-02 15:04:12.396,10468,10469,10469,1
2019-08-02 15:04:12.396,10468,10469,10469,1
2019-08-02 15:04:12.397,10468,10469,10469,1
2019-08-02 15:04:12.416,10468,10469,10469,4
2019-08-02 15:04:12.416,10468,10469,10469,1
2019-08-02 15:04:12.416,10468,10469,10469,5
2019-08-02 15:04:12.420,10468,10469,10469,1
2019-08-02 15:04:12.429,10468,10469,10469,1
2019-08-02 15:04:13.217,10469,10470,10470,2
2019-08-02 15:04:14.201,10469,10470,10470,17
2019-08-02 15:04:16.140,10470,10471,10471,2
2019-08-02 15:04:16.166,10470,10471,10471,2
2019-08-02 15:04:17.139,10470,10471,10471,1
2019-08-02 15:04:18.281,10470,10471,10470,4
2019-08-02 15:04:18.306,10469,10470,10470,2
2019-08-02 15:04:18.306,10469,10470,10471,8
2019-08-02 15:04:18.434,10469,10471,10470,1
2019-08-02 15:04:20.004,10469,10471,10471,2
2019-08-02 15:04:20.847,10470,10471,10470,2
2019-08-02 15:04:24.099,10469,10470,10470,2
2019-08-02 15:04:28.080,10469,10470,10470,1
2019-08-02 15:04:30.427,10469,10470,10469,1
2019-08-02 15:04:32.520,10469,10470,10470,1
2019-08-02 15:04:33.549,10469,10470,10469,1
2019-08-02 15:04:33.561,10469,10470,10469,1
2019-08-02 15:04:34.004,10469,10470,10469,1
2019-08-02 15:04:40.204,10467,10468,10468,2
2019-08-02 15:04:42.355,10467,10468,10468,1
2019-08-02 15:04:45.882,10467,10468,10468,1
2019-08-02 15:04:48.041,10467,10468,10467,11
2019-08-02 15:04:57.541,10466,10467,10466,3
2019-08-02 15:04:57.541,10466,10467,10466,1
2019-08-02 15:04:57.541,10466,10467,10466,4
2019-08-02 15:05:02.968,10465,10466,10466,10
2019-08-02 15:05:03.806,10465,10466,10465,1
2019-08-02 15:05:09.074,10465,10466,10465,1
2019-08-02 15:05:10.541,10465,10466,10465,5
2019-08-02 15:05:10.727,10464,10466,10465,1
2019-08-02 15:05:10.791,10464,10465,10465,1
2019-08-02 15:05:13.126,10464,10465,10465,1
2019-08-02 15:05:15.327,10464,10465,10464,19
2019-08-02 15:05:15.416,10464,10465,10464,15
2019-08-02 15:05:19.111,10463,10464,10463,9
2019-08-02 15:05:19.185,10463,10464,10463,4
2019-08-02 15:05:19.884,10463,10464,10464,1
2019-08-02 15:05:19.989,10463,10464,10463,1
2019-08-02 15:05:20.242,10463,10464,10463,2
2019-08-02 15:05:20.803,10463,10464,10463,4
2019-08-02 15:05:20.803,10463,10464,10463,1
2019-08-02 15:05:21.681,10462,10463,10462,1
2019-08-02 15:05:22.291,10462,10463,10462,10
2019-08-02 15:05:23.134,10461,10462,10461,2
2019-08-02 15:05:23.208,10461,10462,10461,3
2019-08-02 15:05:23.209,10461,10462,10461,4
2019-08-02 15:05:23.291,10461,10462,10461,7
2019-08-02 15:05:24.683,10460,10461,10460,22
2019-08-02 15:05:24.977,10459,10460,10459,1
2019-08-02 15:05:25.050,10459,10460,10459,3
2019-08-02 15:05:25.076,10459,10460,10459,2
2019-08-02 15:05:25.094,10459,10460,10459,1
2019-08-02 15:05:25.095,10459,10460,10459,1
2019-08-02 15:05:25.099,10459,10460,10459,2
2019-08-02 15:05:25.099,10459,10460,10459,1
2019-08-02 15:05:25.099,10459,10460,10459,1
2019-08-02 15:05:25.289,10458,10459,10458,1
2019-08-02 15:05:25.289,10458,10459,10458,1
2019-08-02 15:05:25.291,10458,10459,10458,5
2019-08-02 15:05:25.291,10458,10459,10458,1
2019-08-02 15:05:25.381,10458,10459,10458,1
2019-08-02 15:05:25.416,10458,10459,10458,3
2019-08-02 15:05:25.452,10458,10459,10458,1
2019-08-02 15:05:25.975,10457,10458,10457,3
2019-08-02 15:05:25.980,10457,10458,10457,1
2019-08-02 15:05:25.980,10457,10458,10457,1
2019-08-02 15:05:26.041,10457,10458,10457,1
2019-08-02 15:05:26.052,10457,10458,10457,1
2019-08-02 15:05:26.053,10457,10458,10457,1
2019-08-02 15:05:26.162,10457,10458,10457,1
2019-08-02 15:05:26.166,10457,10458,10457,1
2019-08-02 15:05:26.370,10457,10458,10458,2
2019-08-02 15:05:26.370,10457,10458,10458,1
2019-08-02 15:05:26.373,10457,10458,10458,3
2019-08-02 15:05:26.630,10458,10459,10459,1
2019-08-02 15:05:26.631,10458,10459,10459,1
2019-08-02 15:05:28.043,10459,10460,10460,1
2019-08-02 15:05:28.049,10459,10460,10460,1
2019-08-02 15:05:28.166,10459,10460,10460,5
2019-08-02 15:05:28.289,10459,10460,10460,1
2019-08-02 15:05:29.791,10460,10461,10461,1
2019-08-02 15:05:30.063,10460,10461,10461,1
2019-08-02 15:05:30.168,10460,10461,10460,2
2019-08-02 15:05:32.582,10460,10461,10461,1
2019-08-02 15:05:32.916,10460,10461,10461,1
2019-08-02 15:05:33.469,10460,10462,10460,1
2019-08-02 15:05:33.653,10460,10462,10460,1
2019-08-02 15:05:35.645,10460,10461,10461,2
2019-08-02 15:05:37.209,10460,10461,10460,2
2019-08-02 15:05:38.141,10460,10461,10460,1
2019-08-02 15:05:40.917,10461,10462,10461,1
2019-08-02 15:05:43.095,10461,10462,10461,2
2019-08-02 15:05:46.133,10461,10462,10462,1
2019-08-02 15:05:46.166,10461,10462,10462,2
2019-08-02 15:05:46.458,10462,10463,10462,1
2019-08-02 15:05:48.567,10461,10463,10461,5
2019-08-02 15:05:51.281,10461,10463,10461,4
2019-08-02 15:05:52.791,10461,10462,10461,1
2019-08-02 15:05:53.918,10461,10462,10461,5
2019-08-02 15:05:54.063,10461,10462,10462,2
2019-08-02 15:05:55.302,10461,10462,10462,1
2019-08-02 15:05:57.793,10461,10462,10461,8
2019-08-02 15:05:58.261,10460,10462,10461,1
2019-08-02 15:05:58.648,10460,10461,10460,1
2019-08-02 15:05:59.944,10460,10461,10461,2
2019-08-02 15:06:01.561,10461,10462,10462,4
2019-08-02 15:06:05.961,10462,10463,10462,1
2019-08-02 15:06:07.583,10462,10463,10462,1
2019-08-02 15:06:09.066,10461,10462,10462,1
2019-08-02 15:06:10.584,10461,10462,10462,6
2019-08-02 15:06:11.288,10463,10464,10463,1
2019-08-02 15:06:11.732,10463,10464,10463,1
2019-08-02 15:06:12.504,10463,10464,10463,1
2019-08-02 15:06:24.892,10462,10463,10463,5
2019-08-02 15:06:24.916,10462,10463,10463,2
2019-08-02 15:06:26.673,10462,10464,10462,1
2019-08-02 15:06:27.891,10462,10464,10463,2
2019-08-02 15:06:28.847,10462,10463,10463,1
2019-08-02 15:06:30.127,10462,10463,10463,5
2019-08-02 15:06:38.906,10462,10463,10463,3
2019-08-02 15:06:38.916,10462,10463,10463,5
2019-08-02 15:06:38.930,10462,10463,10463,1
2019-08-02 15:06:39.142,10463,10464,10463,2
2019-08-02 15:06:43.058,10463,10464,10464,1
2019-08-02 15:06:43.058,10463,10464,10465,2
2019-08-02 15:06:44.621,10463,10464,10463,5
2019-08-02 15:06:45.206,10463,10464,10464,1
2019-08-02 15:06:52.882,10463,10464,10463,7
2019-08-02 15:06:53.114,10462,10463,10463,2
2019-08-02 15:06:55.165,10462,10464,10462,2
2019-08-02 15:06:57.204,10463,10464,10463,1
2019-08-02 15:06:57.392,10463,10464,10463,1
2019-08-02 15:07:01.014,10463,10464,10463,11
2019-08-02 15:07:01.618,10462,10463,10463,5
2019-08-02 15:07:04.457,10462,10463,10462,1
2019-08-02 15:07:04.541,10462,10463,10462,3
2019-08-02 15:07:13.217,10461,10462,10462,1
2019-08-02 15:07:23.556,10461,10462,10462,1
2019-08-02 15:07:28.607,10462,10463,10462,1
2019-08-02 15:07:32.482,10461,10462,10462,1
2019-08-02 15:07:33.191,10461,10462,10462,1
2019-08-02 15:07:43.845,10461,10462,10461,21
2019-08-02 15:07:45.874,10460,10461,10461,1
2019-08-02 15:07:46.954,10460,10461,10461,1
2019-08-02 15:07:47.789,10460,10462,10462,1
2019-08-02 15:07:54.423,10461,10462,10461,1
2019-08-02 15:08:01.435,10460,10461,10461,1
2019-08-02 15:08:04.397,10461,10462,10462,10
2019-08-02 15:08:04.416,10461,10462,10462,16
2019-08-02 15:08:04.973,10462,10463,10462,1
2019-08-02 15:08:06.354,10462,10463,10461,1
2019-08-02 15:08:07.020,10461,10463,10461,2
2019-08-02 15:08:16.550,10461,10462,10462,3
2019-08-02 15:08:18.048,10461,10462,10462,1
2019-08-02 15:08:21.201,10462,10463,10462,1
2019-08-02 15:08:27.519,10462,10463,10463,1
2019-08-02 15:08:27.541,10462,10463,10463,4
2019-08-02 15:08:27.666,10462,10463,10463,4
2019-08-02 15:08:27.791,10462,10463,10463,2
2019-08-02 15:08:28.048,10462,10463,10463,2
2019-08-02 15:08:28.048,10462,10463,10463,1
2019-08-02 15:08:28.050,10462,10463,10463,2
2019-08-02 15:08:28.065,10462,10463,10463,1
2019-08-02 15:08:37.705,10463,10464,10463,1
2019-08-02 15:08:39.728,10463,10464,10464,1
2019-08-02 15:08:42.303,10463,10464,10463,1
2019-08-02 15:08:46.887,10463,10464,10463,3
2019-08-02 15:08:46.940,10462,10463,10462,3
2019-08-02 15:08:51.594,10462,10463,10463,5
2019-08-02 15:08:54.536,10463,10464,10464,23
2019-08-02 15:08:55.568,10464,10465,10464,2
2019-08-02 15:09:00.674,10464,10465,10464,15
2019-08-02 15:09:01.332,10463,10464,10464,3
2019-08-02 15:09:02.179,10463,10464,10464,1
2019-08-02 15:09:07.019,10463,10464,10464,1
2019-08-02 15:09:07.329,10463,10464,10463,2
2019-08-02 15:09:08.564,10462,10463,10463,1
2019-08-02 15:09:11.783,10462,10463,10462,1
2019-08-02 15:09:13.975,10462,10463,10463,1
2019-08-02 15:09:18.748,10462,10463,10463,1
2019-08-02 15:09:27.842,10462,10463,10463,2
2019-08-02 15:09:37.636,10462,10463,10463,1
2019-08-02 15:09:42.797,10462,10463,10462,1
2019-08-02 15:09:44.690,10462,10463,10463,1
2019-08-02 15:09:45.165,10462,10463,10462,1
2019-08-02 15:09:49.415,10462,10463,10463,1
2019-08-02 15:09:49.416,10462,10463,10463,2
2019-08-02 15:09:51.226,10463,10464,10463,4
2019-08-02 15:09:53.164,10462,10463,10463,1
2019-08-02 15:09:57.666,10462,10463,10462,10
2019-08-02 15:10:01.193,10462,10463,10463,2
2019-08-02 15:10:02.307,10462,10463,10462,2
2019-08-02 15:10:03.336,10462,10463,10462,3
2019-08-02 15:10:12.775,10462,10463,10462,1
2019-08-02 15:10:13.010,10461,10463,10461,1
2019-08-02 15:10:16.800,10462,10463,10463,10
2019-08-02 15:10:17.904,10462,10463,10463,1
2019-08-02 15:10:17.916,10462,10463,10463,5
2019-08-02 15:10:19.711,10463,10464,10463,1
2019-08-02 15:10:20.070,10463,10464,10464,1
2019-08-02 15:10:21.550,10463,10464,10464,11
2019-08-02 15:10:26.251,10463,10464,10464,2
2019-08-02 15:10:31.261,10463,10464,10464,1
2019-08-02 15:10:37.264,10463,10464,10464,3
2019-08-02 15:10:42.327,10463,10464,10464,2
2019-08-02 15:10:44.229,10463,10464,10464,1
2019-08-02 15:10:45.773,10463,10464,10463,5
2019-08-02 15:10:46.818,10463,10464,10464,1
2019-08-02 15:10:49.024,10463,10464,10464,1
2019-08-02 15:10:50.428,10463,10464,10464,2
2019-08-02 15:10:50.428,10463,10464,10464,3
2019-08-02 15:10:50.542,10464,10465,10465,9
2019-08-02 15:10:50.542,10464,10465,10465,5
2019-08-02 15:10:50.666,10464,10465,10465,1
2019-08-02 15:10:50.666,10464,10465,10465,2
2019-08-02 15:10:50.666,10464,10465,10465,2
2019-08-02 15:10:50.718,10464,10465,10465,1
2019-08-02 15:10:57.389,10464,10465,10465,2
2019-08-02 15:10:58.380,10465,10466,10465,1
2019-08-02 15:11:02.175,10465,10466,10465,1
2019-08-02 15:11:08.921,10465,10466,10465,1
2019-08-02 15:11:23.843,10465,10466,10465,5
2019-08-02 15:11:27.941,10464,10465,10465,1
2019-08-02 15:11:38.392,10464,10465,10465,1
2019-08-02 15:11:38.392,10464,10465,10465,1
2019-08-02 15:11:38.524,10465,10466,10465,1
2019-08-02 15:11:39.244,10465,10466,10465,2
2019-08-02 15:11:44.323,10464,10465,10465,1
2019-08-02 15:11:44.886,10464,10465,10465,7
2019-08-02 15:11:45.000,10465,10466,10466,2
2019-08-02 15:11:45.102,10465,10466,10466,1
2019-08-02 15:11:50.745,10465,10466,10466,10
2019-08-02 15:11:50.791,10465,10466,10466,1
2019-08-02 15:11:54.191,10466,10467,10467,3
2019-08-02 15:11:54.200,10466,10467,10467,2
2019-08-02 15:11:54.200,10466,10467,10467,2
2019-08-02 15:11:54.200,10466,10467,10467,2
2019-08-02 15:11:54.720,10466,10467,10467,9
2019-08-02 15:11:55.453,10467,10468,10468,2
2019-08-02 15:11:55.455,10467,10468,10468,1
2019-08-02 15:11:55.541,10467,10468,10468,1
2019-08-02 15:11:58.506,10468,10469,10469,2
2019-08-02 15:12:01.785,10467,10468,10468,1
2019-08-02 15:12:03.329,10467,10468,10468,1
2019-08-02 15:12:08.413,10467,10468,10468,1
2019-08-02 15:12:08.947,10467,10468,10468,1
2019-08-02 15:12:11.446,10467,10468,10468,1
2019-08-02 15:12:12.393,10467,10468,10468,4
2019-08-02 15:12:16.516,10467,10468,10468,2
2019-08-02 15:12:19.732,10467,10468,10467,17
2019-08-02 15:12:26.477,10466,10467,10467,2
2019-08-02 15:12:26.478,10466,10467,10467,1
2019-08-02 15:12:26.485,10466,10467,10467,1
2019-08-02 15:12:26.793,10467,10468,10467,1
2019-08-02 15:12:30.637,10467,10468,10468,1
2019-08-02 15:12:35.166,10467,10468,10468,1
2019-08-02 15:12:35.205,10467,10468,10468,2
2019-08-02 15:12:35.240,10467,10468,10468,3
2019-08-02 15:12:35.291,10467,10468,10468,7
2019-08-02 15:12:36.360,10467,10468,10468,3
2019-08-02 15:12:36.529,10467,10468,10468,3
2019-08-02 15:12:57.085,10468,10469,10469,1
2019-08-02 15:13:00.700,10468,10469,10469,5
2019-08-02 15:13:00.952,10468,10469,10468,1
2019-08-02 15:13:02.653,10468,10469,10469,10
2019-08-02 15:13:02.856,10468,10469,10469,2
2019-08-02 15:13:05.816,10468,10469,10469,1
2019-08-02 15:13:08.679,10468,10469,10468,1
2019-08-02 15:13:12.886,10468,10469,10468,1
2019-08-02 15:13:17.732,10468,10469,10468,1
2019-08-02 15:13:19.784,10468,10469,10469,5
2019-08-02 15:13:20.511,10468,10469,10468,1
2019-08-02 15:13:24.583,10468,10469,10469,2
2019-08-02 15:13:29.783,10468,10469,10468,21
2019-08-02 15:13:29.916,10467,10468,10467,13
2019-08-02 15:13:30.041,10467,10468,10467,2
2019-08-02 15:13:30.258,10467,10468,10468,1
2019-08-02 15:13:31.207,10467,10468,10468,1
2019-08-02 15:13:31.442,10467,10468,10467,1
2019-08-02 15:13:31.791,10466,10467,10467,1
2019-08-02 15:13:38.157,10467,10468,10468,1
2019-08-02 15:13:41.302,10467,10468,10467,1
2019-08-02 15:13:48.959,10466,10467,10467,1
2019-08-02 15:13:50.658,10466,10467,10466,1
2019-08-02 15:13:53.291,10466,10467,10467,11
2019-08-02 15:13:54.379,10467,10468,10467,1
2019-08-02 15:13:56.527,10466,10467,10466,1
2019-08-02 15:13:56.542,10466,10467,10466,1
2019-08-02 15:14:09.299,10467,10468,10467,1
2019-08-02 15:14:10.286,10467,10468,10467,3
2019-08-02 15:14:17.549,10466,10467,10467,3
2019-08-02 15:14:19.012,10467,10468,10467,1
2019-08-02 15:14:19.036,10467,10468,10466,7
2019-08-02 15:14:19.036,10467,10468,10466,8
2019-08-02 15:14:19.036,10467,10468,10466,8
2019-08-02 15:14:19.036,10467,10468,10466,7
2019-08-02 15:14:19.041,10466,10467,10466,2
2019-08-02 15:14:19.041,10466,10467,10466,4
2019-08-02 15:14:19.041,10466,10467,10466,4
2019-08-02 15:14:19.166,10465,10466,10465,2
2019-08-02 15:14:19.166,10465,10466,10465,2
2019-08-02 15:14:19.166,10465,10466,10465,6
2019-08-02 15:14:19.166,10465,10466,10464,3
2019-08-02 15:14:19.166,10465,10466,10464,4
2019-08-02 15:14:19.166,10465,10466,10464,1
2019-08-02 15:14:19.291,10464,10465,10464,3
2019-08-02 15:14:19.291,10464,10465,10464,11
2019-08-02 15:14:19.314,10464,10465,10464,3
2019-08-02 15:14:19.314,10464,10465,10465,2
2019-08-02 15:14:19.506,10463,10464,10464,1
2019-08-02 15:14:19.553,10463,10465,10463,1
2019-08-02 15:14:19.582,10463,10465,10463,3
2019-08-02 15:14:19.588,10463,10465,10463,1
2019-08-02 15:14:20.313,10463,10464,10464,5
2019-08-02 15:14:22.098,10463,10464,10464,2
2019-08-02 15:14:22.520,10464,10465,10464,1
2019-08-02 15:14:23.168,10464,10465,10464,2
2019-08-02 15:14:23.486,10464,10465,10464,1
2019-08-02 15:14:23.973,10464,10465,10464,1
2019-08-02 15:14:23.974,10464,10465,10464,1
2019-08-02 15:14:23.980,10464,10465,10464,2
2019-08-02 15:14:25.358,10463,10464,10464,1
2019-08-02 15:14:26.274,10463,10464,10464,2
2019-08-02 15:14:26.276,10463,10464,10464,2
2019-08-02 15:14:26.276,10463,10464,10464,1
2019-08-02 15:14:31.035,10464,10466,10464,8
2019-08-02 15:14:32.965,10464,10465,10465,1
2019-08-02 15:14:36.792,10463,10464,10463,4
2019-08-02 15:14:36.814,10463,10464,10463,1
2019-08-02 15:14:42.267,10462,10463,10462,5
2019-08-02 15:14:44.791,10462,10463,10463,9
2019-08-02 15:14:45.391,10463,10464,10464,6
2019-08-02 15:14:45.458,10463,10465,10464,1
2019-08-02 15:14:46.257,10464,10465,10464,1
2019-08-02 15:14:48.131,10464,10465,10464,2
2019-08-02 15:14:53.078,10464,10465,10464,2
2019-08-02 15:14:54.108,10463,10464,10463,5
2019-08-02 15:14:55.778,10463,10465,10463,5
2019-08-02 15:15:01.101,10464,10465,10465,1
2019-08-02 15:15:01.526,10464,10465,10465,2
2019-08-02 15:15:02.409,10464,10465,10465,3
2019-08-02 15:15:05.677,10464,10466,10464,1
2019-08-02 15:15:09.515,10464,10465,10465,1
2019-08-02 15:15:15.788,10465,10466,10466,5
2019-08-02 15:15:19.326,10466,10467,10466,1
2019-08-02 15:15:20.418,10466,10467,10467,2
2019-08-02 15:15:20.432,10466,10467,10467,1
2019-08-02 15:15:20.480,10466,10467,10467,2
2019-08-02 15:15:21.345,10466,10467,10466,3
2019-08-02 15:15:29.337,10465,10466,10466,1
2019-08-02 15:15:29.719,10465,10466,10466,1
2019-08-02 15:15:29.798,10466,10467,10466,1
2019-08-02 15:15:29.833,10466,10467,10466,1
2019-08-02 15:15:31.526,10466,10467,10466,1
2019-08-02 15:15:38.578,10466,10467,10466,1
2019-08-02 15:15:42.948,10465,10466,10465,1
2019-08-02 15:15:43.166,10464,10465,10465,4
2019-08-02 15:15:43.166,10464,10465,10466,3
2019-08-02 15:15:43.166,10464,10465,10466,8
2019-08-02 15:15:43.166,10464,10465,10466,8
2019-08-02 15:15:43.166,10464,10465,10466,4
2019-08-02 15:15:43.291,10465,10466,10466,1
2019-08-02 15:15:43.291,10465,10466,10466,4
2019-08-02 15:15:43.291,10465,10466,10466,1
2019-08-02 15:15:43.291,10465,10466,10467,3
2019-08-02 15:15:44.314,10466,10467,10466,5
2019-08-02 15:16:00.347,10465,10466,10466,1
2019-08-02 15:16:13.888,10465,10466,10466,4
2019-08-02 15:16:15.119,10465,10466,10466,3
2019-08-02 15:16:18.674,10465,10466,10466,5
2019-08-02 15:16:19.494,10465,10466,10466,5
2019-08-02 15:16:26.739,10465,10466,10466,1
2019-08-02 15:16:33.681,10465,10466,10465,8
2019-08-02 15:16:33.721,10465,10466,10465,5
2019-08-02 15:16:36.948,10464,10465,10465,1
2019-08-02 15:16:38.202,10464,10465,10464,1
2019-08-02 15:16:38.844,10464,10465,10464,12
2019-08-02 15:16:38.844,10464,10465,10464,2
2019-08-02 15:16:38.916,10464,10465,10464,9
2019-08-02 15:16:43.291,10464,10465,10465,2
2019-08-02 15:16:52.970,10465,10466,10466,1
2019-08-02 15:16:53.963,10465,10466,10466,8
2019-08-02 15:16:59.156,10466,10468,10467,1
2019-08-02 15:17:14.233,10467,10468,10467,1
2019-08-02 15:17:15.478,10466,10468,10468,2
2019-08-02 15:17:19.431,10466,10467,10466,1
2019-08-02 15:17:28.975,10465,10466,10465,1
2019-08-02 15:17:32.379,10465,10466,10466,3
2019-08-02 15:17:32.416,10465,10466,10466,2
2019-08-02 15:17:47.940,10466,10467,10467,1
2019-08-02 15:17:52.917,10466,10467,10466,2
2019-08-02 15:17:53.194,10465,10466,10466,1
2019-08-02 15:17:57.127,10465,10466,10465,1
2019-08-02 15:18:08.595,10465,10466,10466,1
2019-08-02 15:18:26.551,10465,10466,10466,3
2019-08-02 15:18:26.666,10465,10466,10466,1
2019-08-02 15:18:27.914,10466,10467,10467,8
2019-08-02 15:18:27.914,10466,10467,10467,8
2019-08-02 15:18:28.012,10467,10468,10468,1
2019-08-02 15:18:28.035,10467,10468,10468,2
2019-08-02 15:18:28.041,10467,10468,10468,12
2019-08-02 15:18:28.041,10467,10468,10468,2
2019-08-02 15:18:40.997,10467,10468,10467,1
2019-08-02 15:18:42.554,10467,10468,10468,1
2019-08-02 15:18:42.555,10467,10468,10468,1
2019-08-02 15:18:42.556,10467,10468,10468,1
2019-08-02 15:18:48.541,10468,10469,10469,5
2019-08-02 15:18:48.666,10468,10469,10469,4
2019-08-02 15:18:51.534,10468,10469,10468,10
2019-08-02 15:18:53.594,10468,10469,10469,2
2019-08-02 15:19:06.106,10468,10469,10469,8
2019-08-02 15:19:08.788,10468,10469,10469,20
2019-08-02 15:19:09.794,10468,10469,10469,1
2019-08-02 15:19:20.728,10469,10470,10469,1
2019-08-02 15:19:21.811,10469,10470,10469,9
2019-08-02 15:19:23.590,10468,10469,10469,1
2019-08-02 15:19:34.181,10468,10469,10469,2
2019-08-02 15:19:39.260,10468,10469,10469,1
2019-08-02 15:19:44.179,10468,10469,10469,1
2019-08-02 15:19:59.762,10468,10469,10469,1
2019-08-02 15:20:12.175,10468,10469,10469,2
2019-08-02 15:20:17.115,10468,10469,10469,1
2019-08-02 15:20:20.166,10468,10469,10468,7
2019-08-02 15:20:21.511,10467,10468,10468,1
2019-08-02 15:20:30.016,10467,10468,10468,1
2019-08-02 15:20:36.917,10467,10468,10467,1
2019-08-02 15:20:37.042,10467,10468,10467,1
2019-08-02 15:20:43.032,10466,10467,10466,1
2019-08-02 15:20:47.210,10466,10467,10467,1
2019-08-02 15:20:47.210,10466,10467,10467,2
2019-08-02 15:20:47.210,10466,10467,10467,1
2019-08-02 15:20:47.210,10466,10467,10467,1
2019-08-02 15:20:53.656,10467,10468,10468,1
2019-08-02 15:21:03.416,10467,10468,10468,2
2019-08-02 15:21:25.692,10468,10469,10469,1
2019-08-02 15:21:32.760,10468,10469,10469,1
2019-08-02 15:21:33.673,10468,10469,10468,2
2019-08-02 15:21:36.783,10467,10468,10468,1
2019-08-02 15:21:51.770,10467,10468,10467,1
2019-08-02 15:21:56.499,10467,10468,10467,2
2019-08-02 15:21:57.191,10466,10467,10467,1
2019-08-02 15:21:57.214,10466,10467,10467,1
2019-08-02 15:22:01.424,10466,10467,10467,1
2019-08-02 15:22:07.918,10467,10468,10468,1
2019-08-02 15:22:26.874,10467,10468,10467,1
2019-08-02 15:22:39.960,10467,10468,10467,1
2019-08-02 15:22:43.852,10467,10468,10467,3
2019-08-02 15:23:24.697,10466,10467,10466,7
2019-08-02 15:23:24.698,10466,10467,10466,6
2019-08-02 15:23:24.699,10466,10467,10466,22
2019-08-02 15:23:25.702,10465,10466,10466,1
2019-08-02 15:23:29.996,10465,10466,10465,9
2019-08-02 15:23:31.998,10464,10465,10464,1
2019-08-02 15:23:33.291,10464,10465,10464,2
2019-08-02 15:23:33.416,10464,10465,10464,1
2019-08-02 15:23:37.559,10463,10464,10463,2
2019-08-02 15:23:37.755,10463,10464,10463,3
2019-08-02 15:23:37.860,10463,10464,10463,3
2019-08-02 15:23:37.860,10463,10464,10463,1
2019-08-02 15:23:38.294,10462,10464,10462,1
2019-08-02 15:23:38.843,10462,10463,10462,1
2019-08-02 15:23:41.777,10462,10463,10463,1
2019-08-02 15:23:42.620,10462,10463,10462,1
2019-08-02 15:23:43.280,10462,10463,10462,4
2019-08-02 15:23:43.404,10462,10463,10462,1
2019-08-02 15:23:43.945,10462,10463,10462,1
2019-08-02 15:23:44.238,10462,10463,10462,1
2019-08-02 15:23:47.490,10462,10463,10462,5
2019-08-02 15:23:47.894,10462,10463,10463,1
2019-08-02 15:23:49.389,10462,10463,10462,1
2019-08-02 15:23:50.760,10462,10463,10462,1
2019-08-02 15:23:50.761,10462,10463,10462,3
2019-08-02 15:23:50.791,10462,10463,10462,12
2019-08-02 15:23:50.791,10462,10463,10462,2
2019-08-02 15:23:53.383,10461,10462,10462,1
2019-08-02 15:23:56.694,10461,10462,10461,1
2019-08-02 15:23:56.826,10461,10462,10461,1
2019-08-02 15:23:57.005,10461,10462,10461,1
2019-08-02 15:23:58.079,10461,10462,10462,1
2019-08-02 15:23:58.474,10461,10462,10461,1
2019-08-02 15:23:59.576,10461,10462,10461,1
2019-08-02 15:24:00.086,10461,10462,10462,2
2019-08-02 15:24:00.193,10461,10462,10462,1
2019-08-02 15:24:00.809,10461,10462,10462,1
2019-08-02 15:24:00.809,10461,10462,10462,5
2019-08-02 15:24:01.022,10462,10463,10462,4
2019-08-02 15:24:03.756,10461,10462,10462,5
2019-08-02 15:24:04.571,10461,10462,10462,1
2019-08-02 15:24:04.607,10461,10462,10461,5
2019-08-02 15:24:06.040,10461,10462,10462,4
2019-08-02 15:24:18.915,10462,10463,10463,1
2019-08-02 15:24:20.376,10462,10463,10463,1
2019-08-02 15:24:22.018,10462,10463,10463,1
2019-08-02 15:24:29.037,10463,10464,10463,1
2019-08-02 15:24:31.036,10463,10464,10463,2
2019-08-02 15:24:31.036,10463,10464,10462,8
2019-08-02 15:24:36.495,10463,10464,10463,4
2019-08-02 15:24:36.533,10463,10464,10463,1
2019-08-02 15:24:38.122,10462,10464,10463,1
2019-08-02 15:24:38.272,10462,10463,10463,1
2019-08-02 15:24:42.428,10462,10463,10463,1
2019-08-02 15:24:43.073,10462,10463,10463,1
2019-08-02 15:24:44.623,10462,10463,10462,10
2019-08-02 15:24:44.623,10462,10463,10462,2
2019-08-02 15:24:44.623,10462,10463,10462,1
2019-08-02 15:24:44.623,10462,10463,10462,2
2019-08-02 15:24:44.685,10461,10462,10462,1
2019-08-02 15:24:47.332,10461,10462,10462,1
2019-08-02 15:24:52.313,10462,10463,10463,1
2019-08-02 15:24:52.655,10462,10463,10462,1
2019-08-02 15:24:53.407,10462,10463,10462,1
2019-08-02 15:24:55.258,10462,10463,10462,2
2019-08-02 15:24:55.259,10462,10463,10462,1
2019-08-02 15:24:56.997,10461,10462,10462,1
2019-08-02 15:24:59.556,10461,10462,10461,1
2019-08-02 15:25:00.607,10461,10462,10462,2
2019-08-02 15:25:08.749,10461,10462,10461,2
2019-08-02 15:25:09.593,10461,10462,10462,1
2019-08-02 15:25:14.347,10461,10462,10462,1
2019-08-02 15:25:14.348,10461,10462,10462,2
2019-08-02 15:25:14.348,10461,10462,10462,1
2019-08-02 15:25:14.348,10461,10462,10462,2
2019-08-02 15:25:14.348,10461,10462,10462,3
2019-08-02 15:25:14.889,10462,10463,10463,1
2019-08-02 15:25:20.505,10462,10463,10463,1
2019-08-02 15:25:26.092,10462,10463,10463,1
2019-08-02 15:25:28.895,10462,10463,10462,5
2019-08-02 15:25:30.249,10462,10463,10462,1
2019-08-02 15:25:31.679,10462,10463,10463,1
2019-08-02 15:25:32.809,10462,10463,10463,1
2019-08-02 15:25:37.096,10462,10463,10462,1
2019-08-02 15:25:37.621,10462,10463,10463,1
2019-08-02 15:25:39.847,10463,10464,10463,1
2019-08-02 15:25:43.461,10462,10463,10463,1
2019-08-02 15:25:49.039,10462,10463,10463,1
2019-08-02 15:25:53.408,10462,10463,10463,1
2019-08-02 15:25:54.385,10462,10463,10463,1
2019-08-02 15:25:54.950,10462,10463,10463,1
2019-08-02 15:25:58.716,10462,10463,10463,1
2019-08-02 15:26:00.094,10462,10463,10463,1
2019-08-02 15:26:00.498,10462,10463,10463,1
2019-08-02 15:26:06.276,10462,10463,10463,1
2019-08-02 15:26:09.240,10462,10463,10463,3
2019-08-02 15:26:09.377,10462,10464,10463,1
2019-08-02 15:26:11.017,10463,10464,10463,2
2019-08-02 15:26:14.490,10463,10464,10463,2
2019-08-02 15:26:15.038,10463,10464,10463,2
2019-08-02 15:26:20.140,10463,10464,10463,1
2019-08-02 15:26:36.916,10463,10464,10463,3
2019-08-02 15:26:36.916,10463,10464,10463,5
2019-08-02 15:26:37.030,10463,10464,10463,3
2019-08-02 15:26:37.213,10462,10463,10462,1
2019-08-02 15:26:37.240,10462,10463,10462,1
2019-08-02 15:26:37.245,10462,10463,10462,2
2019-08-02 15:26:37.377,10462,10463,10462,1
2019-08-02 15:26:39.305,10462,10463,10463,1
2019-08-02 15:26:39.336,10462,10463,10462,2
2019-08-02 15:26:39.516,10462,10463,10462,3
2019-08-02 15:26:39.517,10462,10463,10462,2
2019-08-02 15:26:39.517,10462,10463,10462,5
2019-08-02 15:26:39.517,10462,10463,10462,6
2019-08-02 15:26:39.517,10462,10463,10462,1
2019-08-02 15:26:39.517,10462,10463,10462,1
2019-08-02 15:26:39.517,10462,10463,10462,3
2019-08-02 15:26:39.517,10462,10463,10462,2
2019-08-02 15:26:39.518,10462,10463,10462,1
2019-08-02 15:26:44.967,10461,10462,10462,1
2019-08-02 15:26:49.986,10461,10462,10462,1
2019-08-02 15:26:50.090,10461,10462,10462,1
2019-08-02 15:26:51.676,10461,10462,10462,2
2019-08-02 15:26:51.677,10461,10462,10462,1
2019-08-02 15:26:52.146,10462,10463,10462,11
2019-08-02 15:26:55.055,10461,10463,10463,1
2019-08-02 15:26:59.529,10461,10462,10462,1
2019-08-02 15:27:01.293,10461,10462,10462,1
2019-08-02 15:27:03.247,10461,10462,10462,3
2019-08-02 15:27:04.942,10461,10462,10462,3
2019-08-02 15:27:08.096,10461,10462,10461,1
2019-08-02 15:27:09.950,10461,10462,10462,1
2019-08-02 15:27:10.024,10461,10462,10462,1
2019-08-02 15:27:11.840,10461,10462,10462,1
2019-08-02 15:27:21.754,10461,10462,10461,1
2019-08-02 15:27:29.952,10461,10462,10462,1
2019-08-02 15:27:29.952,10461,10462,10462,2
2019-08-02 15:27:29.952,10461,10462,10462,7
2019-08-02 15:27:30.520,10462,10463,10462,1
2019-08-02 15:27:30.787,10462,10463,10462,1
2019-08-02 15:27:34.422,10462,10463,10463,1
2019-08-02 15:27:35.897,10463,10464,10464,7
2019-08-02 15:27:35.898,10463,10464,10464,6
2019-08-02 15:27:41.853,10464,10465,10464,1
2019-08-02 15:27:50.685,10464,10465,10464,1
2019-08-02 15:27:52.025,10464,10465,10464,1
2019-08-02 15:27:52.065,10463,10464,10464,1
2019-08-02 15:27:52.330,10463,10464,10464,1
2019-08-02 15:28:10.675,10463,10464,10463,1
2019-08-02 15:28:30.683,10463,10464,10463,1
2019-08-02 15:28:30.683,10463,10464,10463,1
2019-08-02 15:28:32.056,10462,10463,10463,2
2019-08-02 15:28:32.926,10462,10463,10463,1
2019-08-02 15:28:38.610,10462,10463,10462,1
2019-08-02 15:28:40.268,10462,10463,10462,4
2019-08-02 15:28:40.271,10462,10463,10462,6
2019-08-02 15:28:51.447,10461,10462,10462,3
2019-08-02 15:28:51.447,10461,10462,10462,2
2019-08-02 15:28:51.539,10461,10462,10462,5
2019-08-02 15:28:52.459,10462,10463,10463,4
2019-08-02 15:29:05.344,10462,10463,10463,2
2019-08-02 15:29:11.384,10463,10464,10463,1
2019-08-02 15:29:18.852,10463,10464,10463,5
2019-08-02 15:29:27.539,10463,10464,10463,1
2019-08-02 15:29:28.245,10463,10464,10463,8
2019-08-02 15:29:33.833,10462,10464,10462,5
2019-08-02 15:29:38.008,10462,10464,10462,1
2019-08-02 15:29:44.156,10462,10463,10462,1
2019-08-02 15:30:01.072,10462,10463,10462,2
2019-08-02 15:30:01.073,10462,10463,10462,2
2019-08-02 15:30:01.076,10462,10463,10462,2
2019-08-02 15:30:01.166,10462,10463,10462,9
2019-08-02 15:30:01.166,10462,10463,10462,3
2019-08-02 15:30:01.166,10462,10463,10462,4
2019-08-02 15:30:01.419,10462,10463,10462,2
2019-08-02 15:30:02.106,10461,10462,10461,1
2019-08-02 15:30:02.211,10461,10462,10461,4
2019-08-02 15:30:02.263,10461,10462,10461,3
2019-08-02 15:30:04.081,10461,10462,10461,1
2019-08-02 15:30:11.278,10461,10462,10461,1
2019-08-02 15:30:11.804,10461,10462,10461,1
2019-08-02 15:30:12.384,10461,10462,10461,1
2019-08-02 15:30:14.057,10461,10462,10461,5
2019-08-02 15:30:15.985,10461,10462,10461,2
2019-08-02 15:30:16.181,10461,10462,10461,2
2019-08-02 15:30:16.181,10461,10462,10461,5
2019-08-02 15:30:16.182,10461,10462,10461,3
2019-08-02 15:30:16.182,10461,10462,10461,1
2019-08-02 15:30:16.185,10461,10462,10461,1
2019-08-02 15:30:16.249,10461,10462,10461,2
2019-08-02 15:30:16.249,10461,10462,10461,2
2019-08-02 15:30:16.249,10461,10462,10461,1
2019-08-02 15:30:16.249,10461,10462,10461,2
2019-08-02 15:30:17.781,10460,10461,10460,1
2019-08-02 15:30:18.062,10460,10461,10460,1
2019-08-02 15:30:20.141,10460,10461,10460,1
2019-08-02 15:30:21.589,10460,10461,10460,1
2019-08-02 15:30:22.604,10460,10461,10460,1
2019-08-02 15:30:23.166,10460,10461,10460,4
2019-08-02 15:30:23.245,10460,10461,10460,6
2019-08-02 15:30:23.291,10460,10461,10460,1
2019-08-02 15:30:23.752,10460,10461,10460,1
2019-08-02 15:30:24.308,10460,10461,10460,3
2019-08-02 15:30:24.685,10460,10461,10460,15
2019-08-02 15:30:25.649,10459,10460,10459,2
2019-08-02 15:30:27.471,10459,10460,10459,1
2019-08-02 15:30:29.347,10459,10460,10459,1
2019-08-02 15:30:30.043,10459,10460,10460,2
2019-08-02 15:30:30.043,10459,10460,10460,1
2019-08-02 15:30:30.220,10460,10461,10460,1
2019-08-02 15:30:31.417,10459,10461,10459,1
2019-08-02 15:30:46.665,10459,10460,10459,1
2019-08-02 15:31:02.650,10459,10460,10459,1
2019-08-02 15:31:05.651,10459,10460,10459,1
2019-08-02 15:31:05.904,10459,10460,10459,2
2019-08-02 15:31:05.904,10459,10460,10459,2
2019-08-02 15:31:05.904,10459,10460,10459,4
2019-08-02 15:31:12.289,10458,10459,10458,1
2019-08-02 15:31:13.196,10458,10459,10458,1
2019-08-02 15:31:18.929,10458,10459,10458,3
2019-08-02 15:31:18.943,10458,10459,10458,1
2019-08-02 15:31:19.527,10458,10459,10459,1
2019-08-02 15:31:20.054,10458,10459,10458,1
2019-08-02 15:31:22.131,10458,10459,10458,3
2019-08-02 15:31:24.674,10458,10459,10458,1
2019-08-02 15:31:24.708,10458,10459,10459,1
2019-08-02 15:31:26.565,10458,10459,10459,1
2019-08-02 15:31:28.618,10459,10460,10459,1
2019-08-02 15:31:29.270,10459,10460,10459,5
2019-08-02 15:31:30.868,10458,10459,10459,1
2019-08-02 15:31:33.049,10458,10459,10459,2
2019-08-02 15:31:35.174,10458,10459,10459,1
2019-08-02 15:31:39.625,10458,10459,10458,2
2019-08-02 15:31:40.665,10458,10459,10459,6
2019-08-02 15:31:41.024,10459,10460,10459,4
2019-08-02 15:31:44.650,10458,10459,10459,1
2019-08-02 15:31:49.182,10458,10459,10459,1
2019-08-02 15:31:54.837,10458,10459,10458,1
2019-08-02 15:31:56.627,10458,10459,10459,1
2019-08-02 15:31:56.702,10458,10459,10459,2
2019-08-02 15:31:56.702,10458,10459,10459,1
2019-08-02 15:31:59.770,10459,10460,10459,3
2019-08-02 15:32:01.516,10458,10459,10459,1
2019-08-02 15:32:07.981,10458,10459,10459,2
2019-08-02 15:32:11.087,10459,10460,10459,7
2019-08-02 15:32:17.274,10458,10459,10459,3
2019-08-02 15:32:23.488,10458,10459,10459,1
2019-08-02 15:32:24.507,10458,10459,10458,5
2019-08-02 15:32:29.133,10458,10459,10458,1
2019-08-02 15:32:31.616,10458,10459,10459,1
2019-08-02 15:32:32.372,10458,10459,10459,1
2019-08-02 15:32:36.025,10458,10459,10458,5
2019-08-02 15:32:37.352,10458,10459,10458,1
2019-08-02 15:32:38.925,10458,10459,10458,1
2019-08-02 15:32:41.570,10458,10459,10458,2
2019-08-02 15:32:46.139,10458,10459,10458,2
2019-08-02 15:32:51.445,10458,10459,10459,2
2019-08-02 15:32:51.446,10458,10459,10459,5
2019-08-02 15:32:51.446,10458,10459,10459,5
2019-08-02 15:32:51.446,10458,10459,10459,4
2019-08-02 15:32:51.446,10458,10459,10459,12
2019-08-02 15:32:51.446,10458,10459,10459,2
2019-08-02 15:32:51.449,10458,10459,10459,3
2019-08-02 15:32:53.334,10459,10460,10459,2
2019-08-02 15:32:53.366,10459,10460,10459,2
2019-08-02 15:32:53.574,10459,10460,10459,1
2019-08-02 15:32:59.363,10459,10460,10459,1
2019-08-02 15:33:00.813,10459,10460,10459,1
2019-08-02 15:33:06.938,10459,10460,10459,1
2019-08-02 15:33:07.168,10459,10460,10459,1
2019-08-02 15:33:16.433,10459,10460,10459,3
2019-08-02 15:33:16.541,10459,10460,10459,4
2019-08-02 15:33:16.666,10459,10460,10459,2
2019-08-02 15:33:16.666,10459,10460,10459,2
2019-08-02 15:33:27.615,10458,10459,10459,4
2019-08-02 15:33:30.490,10459,10460,10460,1
2019-08-02 15:33:31.733,10459,10460,10459,2
2019-08-02 15:33:32.002,10459,10460,10459,1
2019-08-02 15:33:34.416,10459,10460,10459,2
2019-08-02 15:33:34.541,10458,10459,10459,1
2019-08-02 15:33:38.144,10458,10459,10459,1
2019-08-02 15:33:39.526,10458,10459,10459,3
2019-08-02 15:33:39.526,10458,10459,10459,2
2019-08-02 15:33:39.526,10458,10459,10459,1
2019-08-02 15:33:41.685,10459,10460,10459,2
2019-08-02 15:33:44.599,10459,10460,10459,1
2019-08-02 15:33:48.571,10459,10460,10459,3
2019-08-02 15:33:50.514,10458,10459,10458,1
2019-08-02 15:33:57.419,10458,10459,10458,4
2019-08-02 15:33:59.360,10458,10459,10458,1
2019-08-02 15:34:00.124,10458,10459,10458,2
2019-08-02 15:34:03.171,10458,10459,10458,2
2019-08-02 15:34:17.901,10458,10459,10458,2
2019-08-02 15:34:22.021,10458,10459,10458,1
2019-08-02 15:34:22.022,10458,10459,10458,1
2019-08-02 15:34:22.022,10458,10459,10458,2
2019-08-02 15:34:22.022,10458,10459,10458,13
2019-08-02 15:34:22.022,10458,10459,10458,4
2019-08-02 15:34:22.022,10458,10459,10458,1
2019-08-02 15:34:22.022,10458,10459,10458,1
2019-08-02 15:34:22.022,10458,10459,10458,1
2019-08-02 15:34:22.022,10458,10459,10458,2
2019-08-02 15:34:22.022,10458,10459,10458,1
2019-08-02 15:34:22.022,10458,10459,10458,1
2019-08-02 15:34:25.864,10457,10458,10457,2
2019-08-02 15:34:25.989,10457,10458,10458,1
2019-08-02 15:34:26.088,10457,10458,10457,1
2019-08-02 15:34:26.488,10457,10458,10457,2
2019-08-02 15:34:26.963,10457,10458,10457,2
2019-08-02 15:34:27.761,10457,10458,10457,5
2019-08-02 15:34:29.438,10457,10458,10457,4
2019-08-02 15:34:30.988,10457,10458,10457,2
2019-08-02 15:34:33.051,10457,10458,10457,1
2019-08-02 15:34:34.117,10457,10458,10458,1
2019-08-02 15:34:34.614,10457,10458,10457,2
2019-08-02 15:34:45.345,10457,10458,10457,5
2019-08-02 15:34:51.662,10456,10457,10457,1
2019-08-02 15:34:53.602,10456,10457,10456,1
2019-08-02 15:34:53.694,10456,10457,10456,1
2019-08-02 15:34:54.223,10456,10457,10456,50
2019-08-02 15:34:54.280,10456,10457,10456,1
2019-08-02 15:34:57.429,10456,10457,10456,1
2019-08-02 15:34:58.439,10456,10457,10456,2
2019-08-02 15:34:59.239,10456,10457,10456,1
2019-08-02 15:35:00.846,10456,10457,10456,2
2019-08-02 15:35:02.728,10456,10457,10456,4
2019-08-02 15:35:03.345,10456,10457,10456,1
2019-08-02 15:35:03.363,10456,10457,10456,1
2019-08-02 15:35:05.040,10455,10456,10456,1
2019-08-02 15:35:05.729,10455,10456,10455,1
2019-08-02 15:35:05.814,10455,10456,10455,1
2019-08-02 15:35:07.645,10455,10456,10455,1
2019-08-02 15:35:10.852,10455,10456,10455,1
2019-08-02 15:35:19.525,10455,10456,10455,1
2019-08-02 15:35:20.231,10455,10456,10455,2
2019-08-02 15:35:20.708,10455,10456,10455,1
2019-08-02 15:35:20.966,10455,10456,10455,1
2019-08-02 15:35:28.685,10455,10456,10455,1
2019-08-02 15:35:33.324,10455,10456,10455,2
2019-08-02 15:35:37.188,10455,10456,10456,1
2019-08-02 15:35:37.805,10455,10456,10455,16
2019-08-02 15:35:37.805,10455,10456,10454,7
2019-08-02 15:35:41.044,10454,10455,10454,1
2019-08-02 15:35:41.681,10454,10455,10454,2
2019-08-02 15:35:41.681,10454,10455,10454,5
2019-08-02 15:35:42.887,10453,10454,10453,1
2019-08-02 15:35:42.975,10453,10454,10453,2
2019-08-02 15:35:44.079,10453,10454,10454,1
2019-08-02 15:35:44.092,10453,10454,10454,1
2019-08-02 15:35:44.945,10453,10454,10453,1
2019-08-02 15:35:45.116,10453,10454,10453,2
2019-08-02 15:35:45.313,10453,10454,10453,2
2019-08-02 15:35:46.387,10453,10454,10453,3
2019-08-02 15:35:46.790,10453,10454,10453,3
2019-08-02 15:35:46.921,10453,10454,10453,4
2019-08-02 15:35:47.695,10452,10453,10453,2
2019-08-02 15:35:47.696,10452,10453,10453,4
2019-08-02 15:35:48.245,10453,10454,10453,4
2019-08-02 15:35:48.929,10453,10454,10454,1
2019-08-02 15:35:54.775,10453,10454,10454,16
2019-08-02 15:35:55.141,10454,10455,10454,1
2019-08-02 15:35:57.042,10454,10455,10454,1
2019-08-02 15:36:01.162,10453,10454,10453,2
2019-08-02 15:36:07.057,10453,10454,10453,2
2019-08-02 15:36:12.181,10453,10454,10453,1
2019-08-02 15:36:12.221,10453,10454,10453,1
2019-08-02 15:36:12.240,10453,10454,10453,1
2019-08-02 15:36:13.655,10453,10454,10453,13
2019-08-02 15:36:14.952,10453,10454,10453,1
2019-08-02 15:36:16.525,10452,10453,10452,3
2019-08-02 15:36:19.913,10452,10453,10452,1
2019-08-02 15:36:21.755,10452,10453,10452,2
2019-08-02 15:36:23.777,10452,10453,10452,1
2019-08-02 15:36:24.763,10452,10453,10452,1
2019-08-02 15:36:24.797,10452,10453,10453,1
2019-08-02 15:36:31.683,10452,10453,10453,1
2019-08-02 15:36:33.918,10452,10453,10453,1
2019-08-02 15:36:34.068,10452,10453,10453,5
2019-08-02 15:36:34.069,10452,10453,10453,4
2019-08-02 15:36:34.069,10452,10453,10453,5
2019-08-02 15:36:35.824,10453,10454,10454,3
2019-08-02 15:36:37.336,10453,10454,10454,3
2019-08-02 15:36:38.798,10453,10454,10454,3
2019-08-02 15:36:40.813,10453,10454,10454,4
2019-08-02 15:36:44.790,10453,10454,10454,1
2019-08-02 15:36:45.034,10453,10454,10454,1
2019-08-02 15:36:45.622,10453,10454,10453,2
2019-08-02 15:36:46.195,10453,10454,10454,3
2019-08-02 15:36:51.594,10454,10455,10454,1
2019-08-02 15:36:57.358,10454,10455,10454,2
2019-08-02 15:37:01.682,10454,10455,10454,1
2019-08-02 15:37:04.352,10454,10455,10454,3
2019-08-02 15:37:06.618,10454,10455,10454,2
2019-08-02 15:37:07.554,10454,10455,10454,2
2019-08-02 15:37:08.053,10454,10455,10454,1
2019-08-02 15:37:10.444,10454,10455,10454,2
2019-08-02 15:37:14.181,10454,10455,10454,1
2019-08-02 15:37:14.508,10454,10455,10454,6
2019-08-02 15:37:17.631,10453,10454,10454,1
2019-08-02 15:37:18.501,10453,10454,10453,2
2019-08-02 15:37:20.252,10453,10454,10454,2
2019-08-02 15:37:24.128,10453,10454,10454,4
2019-08-02 15:37:24.166,10453,10454,10454,14
2019-08-02 15:37:25.373,10454,10455,10454,1
2019-08-02 15:37:30.326,10454,10455,10454,1
2019-08-02 15:37:32.405,10454,10455,10455,23
2019-08-02 15:37:32.416,10454,10455,10455,2
2019-08-02 15:37:32.416,10454,10455,10455,1
2019-08-02 15:37:32.942,10455,10456,10455,2
2019-08-02 15:37:36.397,10455,10456,10455,1
2019-08-02 15:37:37.537,10454,10455,10455,1
2019-08-02 15:37:40.950,10454,10455,10455,1
2019-08-02 15:37:47.902,10455,10456,10456,1
2019-08-02 15:37:50.518,10455,10456,10456,1
2019-08-02 15:37:52.578,10455,10456,10456,1
2019-08-02 15:38:01.357,10455,10456,10455,1
2019-08-02 15:38:03.085,10455,10456,10456,2
2019-08-02 15:38:12.440,10455,10456,10456,3
2019-08-02 15:38:12.440,10455,10456,10456,3
2019-08-02 15:38:12.440,10455,10456,10456,2
2019-08-02 15:38:12.441,10455,10456,10456,3
2019-08-02 15:38:12.441,10455,10456,10456,2
2019-08-02 15:38:12.441,10455,10456,10456,2
2019-08-02 15:38:12.441,10455,10456,10456,1
2019-08-02 15:38:12.441,10455,10456,10456,4
2019-08-02 15:38:12.441,10455,10456,10456,1
2019-08-02 15:38:13.207,10456,10457,10457,2
2019-08-02 15:38:13.224,10456,10457,10457,1
2019-08-02 15:38:13.235,10456,10457,10457,3
2019-08-02 15:38:13.236,10456,10457,10457,2
2019-08-02 15:38:13.573,10457,10458,10458,1
2019-08-02 15:38:13.709,10457,10458,10458,1
2019-08-02 15:38:15.584,10457,10458,10458,1
2019-08-02 15:38:15.821,10457,10458,10458,2
2019-08-02 15:38:15.916,10457,10458,10458,2
2019-08-02 15:38:16.140,10457,10458,10458,1
2019-08-02 15:38:16.140,10457,10458,10458,1
2019-08-02 15:38:16.166,10457,10458,10458,4
2019-08-02 15:38:16.166,10457,10458,10458,2
2019-08-02 15:38:16.283,10457,10458,10458,2
2019-08-02 15:38:18.084,10458,10459,10459,1
2019-08-02 15:38:20.104,10457,10458,10458,1
2019-08-02 15:38:23.373,10457,10458,10457,1
2019-08-02 15:38:24.319,10457,10458,10457,1
2019-08-02 15:38:24.719,10457,10458,10458,4
2019-08-02 15:38:25.189,10457,10458,10457,1
2019-08-02 15:38:31.814,10457,10458,10458,1
2019-08-02 15:38:31.814,10457,10458,10458,1
2019-08-02 15:38:31.815,10457,10458,10458,2
2019-08-02 15:38:31.819,10457,10458,10458,1
2019-08-02 15:38:31.821,10457,10458,10458,1
2019-08-02 15:38:32.295,10458,10459,10459,2
2019-08-02 15:38:32.676,10458,10459,10459,3
2019-08-02 15:38:37.187,10457,10458,10458,1
2019-08-02 15:38:37.676,10457,10458,10457,1
2019-08-02 15:38:39.294,10456,10458,10458,1
2019-08-02 15:38:41.956,10457,10458,10458,1
2019-08-02 15:38:42.112,10457,10458,10458,5
2019-08-02 15:38:42.352,10457,10459,10457,1
2019-08-02 15:38:42.788,10457,10458,10458,2
2019-08-02 15:38:42.788,10457,10458,10458,1
2019-08-02 15:38:46.410,10457,10458,10458,3
2019-08-02 15:38:50.012,10457,10458,10458,3
2019-08-02 15:38:51.795,10457,10458,10458,1
2019-08-02 15:38:51.832,10457,10458,10458,1
2019-08-02 15:38:51.903,10457,10458,10459,1
2019-08-02 15:38:55.577,10457,10458,10458,1
2019-08-02 15:38:56.416,10458,10459,10458,2
2019-08-02 15:39:06.078,10457,10458,10457,17
2019-08-02 15:39:07.755,10457,10458,10458,3
2019-08-02 15:39:08.913,10457,10458,10457,2
2019-08-02 15:39:14.896,10457,10458,10457,1
2019-08-02 15:39:26.645,10457,10458,10458,1
2019-08-02 15:39:33.858,10457,10458,10457,3
2019-08-02 15:39:37.680,10456,10457,10457,1
2019-08-02 15:39:42.570,10456,10457,10457,1
2019-08-02 15:39:42.959,10456,10457,10457,1
2019-08-02 15:39:45.860,10456,10457,10457,1
2019-08-02 15:39:46.859,10456,10457,10456,5
2019-08-02 15:40:02.669,10456,10457,10456,8
2019-08-02 15:40:04.012,10455,10456,10456,1
2019-08-02 15:40:10.827,10455,10456,10455,15
2019-08-02 15:40:10.916,10455,10456,10455,12
2019-08-02 15:40:14.267,10454,10456,10454,2
2019-08-02 15:40:15.291,10455,10456,10455,1
2019-08-02 15:40:18.586,10454,10455,10455,2
2019-08-02 15:40:20.413,10455,10456,10455,2
2019-08-02 15:40:20.413,10455,10456,10455,1
2019-08-02 15:40:27.673,10454,10455,10455,1
2019-08-02 15:40:39.901,10454,10455,10455,1
2019-08-02 15:40:41.330,10454,10455,10454,1
2019-08-02 15:40:42.028,10454,10455,10455,2
2019-08-02 15:40:42.315,10454,10455,10454,9
2019-08-02 15:40:43.743,10454,10455,10454,4
2019-08-02 15:40:43.765,10454,10455,10454,1
2019-08-02 15:40:56.911,10453,10454,10453,1
2019-08-02 15:41:01.128,10453,10454,10453,1
2019-08-02 15:41:01.294,10453,10454,10453,1
2019-08-02 15:41:02.679,10453,10454,10454,1
2019-08-02 15:41:16.194,10453,10454,10454,11
2019-08-02 15:41:24.527,10453,10454,10454,1
2019-08-02 15:41:31.690,10453,10454,10453,1
2019-08-02 15:41:33.784,10453,10454,10454,1
2019-08-02 15:41:35.539,10453,10454,10453,5
2019-08-02 15:41:43.648,10453,10454,10454,8
2019-08-02 15:41:43.986,10454,10455,10454,1
2019-08-02 15:41:46.416,10454,10455,10454,6
2019-08-02 15:41:46.541,10454,10455,10454,1
2019-08-02 15:41:53.273,10453,10454,10454,1
2019-08-02 15:41:55.226,10453,10454,10454,1
2019-08-02 15:41:59.205,10453,10454,10454,1
2019-08-02 15:42:04.673,10453,10454,10454,2
2019-08-02 15:42:08.448,10453,10454,10453,1
2019-08-02 15:42:19.508,10453,10454,10453,10
2019-08-02 15:42:19.654,10453,10454,10453,1
2019-08-02 15:42:20.129,10453,10454,10454,10
2019-08-02 15:42:21.950,10453,10454,10454,8
2019-08-02 15:42:22.644,10453,10454,10453,2
2019-08-02 15:42:30.222,10453,10454,10454,1
2019-08-02 15:42:30.416,10453,10454,10454,1
2019-08-02 15:42:32.880,10454,10455,10454,1
2019-08-02 15:42:33.215,10454,10455,10455,1
2019-08-02 15:42:33.236,10454,10455,10454,1
2019-08-02 15:42:33.291,10454,10455,10455,17
2019-08-02 15:42:33.483,10454,10456,10454,1
2019-08-02 15:42:42.260,10454,10456,10454,1
2019-08-02 15:42:44.352,10454,10455,10455,1
2019-08-02 15:42:53.710,10454,10455,10455,1
2019-08-02 15:42:54.023,10454,10455,10455,1
2019-08-02 15:42:55.965,10455,10456,10456,2
2019-08-02 15:43:02.906,10455,10456,10456,1
2019-08-02 15:43:04.244,10455,10456,10455,2
2019-08-02 15:43:09.359,10455,10456,10455,1
2019-08-02 15:43:12.990,10455,10456,10455,2
2019-08-02 15:43:21.035,10455,10456,10456,1
2019-08-02 15:43:25.037,10455,10456,10456,1
2019-08-02 15:43:28.750,10455,10456,10456,1
2019-08-02 15:43:35.633,10455,10456,10455,1
2019-08-02 15:43:42.409,10455,10456,10455,1
2019-08-02 15:43:43.948,10455,10456,10455,2
2019-08-02 15:43:45.738,10455,10456,10455,2
2019-08-02 15:43:47.348,10455,10456,10455,5
2019-08-02 15:43:47.681,10455,10456,10455,2
2019-08-02 15:44:03.108,10454,10455,10455,1
2019-08-02 15:44:05.914,10454,10455,10455,1
2019-08-02 15:44:05.916,10454,10455,10455,2
2019-08-02 15:44:10.076,10455,10456,10455,1
2019-08-02 15:44:12.711,10455,10456,10456,13
2019-08-02 15:44:16.396,10455,10457,10457,1
2019-08-02 15:44:19.454,10456,10457,10456,2
2019-08-02 15:44:19.454,10456,10457,10456,1
2019-08-02 15:44:20.070,10455,10457,10457,1
2019-08-02 15:44:22.876,10456,10457,10457,1
2019-08-02 15:44:27.899,10456,10457,10456,2
2019-08-02 15:44:29.916,10456,10457,10456,1
2019-08-02 15:44:30.730,10455,10456,10456,1
2019-08-02 15:44:36.792,10455,10456,10455,1
2019-08-02 15:44:39.319,10455,10456,10455,1
2019-08-02 15:44:45.392,10455,10456,10455,6
2019-08-02 15:44:45.847,10455,10456,10455,1
2019-08-02 15:44:49.528,10455,10456,10455,2
2019-08-02 15:44:59.932,10454,10455,10455,1
2019-08-02 15:45:01.382,10454,10455,10454,11
2019-08-02 15:45:07.620,10453,10454,10453,1
2019-08-02 15:45:10.890,10453,10454,10453,2
2019-08-02 15:45:15.928,10453,10454,10453,1
2019-08-02 15:45:19.214,10453,10454,10453,3
2019-08-02 15:45:19.587,10453,10454,10453,1
2019-08-02 15:45:30.099,10453,10454,10453,8
2019-08-02 15:45:35.702,10453,10454,10453,1
2019-08-02 15:45:37.451,10453,10454,10454,2
2019-08-02 15:45:45.668,10453,10454,10453,2
2019-08-02 15:45:45.668,10453,10454,10453,1
2019-08-02 15:45:45.669,10453,10454,10453,1
2019-08-02 15:45:45.791,10453,10454,10453,8
2019-08-02 15:45:45.791,10453,10454,10453,6
2019-08-02 15:45:45.916,10453,10454,10453,1
2019-08-02 15:45:45.916,10453,10454,10453,1
2019-08-02 15:45:54.782,10453,10454,10453,1
2019-08-02 15:45:56.102,10453,10454,10453,1
2019-08-02 15:45:57.414,10453,10454,10453,1
2019-08-02 15:45:59.169,10453,10454,10453,2
2019-08-02 15:46:04.362,10453,10454,10453,1
2019-08-02 15:46:05.106,10453,10454,10454,1
2019-08-02 15:46:10.397,10453,10454,10454,5
2019-08-02 15:46:12.170,10453,10454,10453,1
2019-08-02 15:46:13.296,10453,10454,10454,1
2019-08-02 15:46:14.252,10453,10454,10453,4
2019-08-02 15:46:15.301,10452,10453,10452,2
2019-08-02 15:46:23.749,10452,10453,10452,4
2019-08-02 15:46:24.330,10452,10453,10453,1
2019-08-02 15:46:27.177,10452,10453,10452,1
2019-08-02 15:46:28.147,10452,10453,10453,1
2019-08-02 15:46:29.140,10452,10453,10453,2
2019-08-02 15:46:29.412,10452,10453,10452,1
2019-08-02 15:46:29.656,10452,10453,10453,1
2019-08-02 15:46:36.559,10452,10453,10452,2
2019-08-02 15:46:37.543,10452,10453,10453,20
2019-08-02 15:46:38.040,10452,10453,10453,1
2019-08-02 15:46:38.348,10452,10453,10453,1
2019-08-02 15:46:39.013,10452,10453,10452,1
2019-08-02 15:46:39.641,10452,10453,10452,17
2019-08-02 15:46:39.641,10452,10453,10452,4
2019-08-02 15:46:39.641,10452,10453,10452,2
2019-08-02 15:46:39.643,10452,10453,10452,2
2019-08-02 15:46:41.468,10451,10452,10451,2
2019-08-02 15:46:41.468,10451,10452,10451,2
2019-08-02 15:46:41.541,10451,10452,10451,10
2019-08-02 15:46:41.677,10451,10452,10451,1
2019-08-02 15:46:41.799,10451,10452,10451,1
2019-08-02 15:46:42.818,10451,10452,10452,1
2019-08-02 15:46:43.556,10451,10452,10452,1
2019-08-02 15:46:44.403,10451,10452,10452,1
2019-08-02 15:46:45.198,10451,10452,10452,2
2019-08-02 15:46:46.421,10451,10452,10451,1
2019-08-02 15:46:49.718,10451,10452,10451,1
2019-08-02 15:46:54.710,10451,10452,10451,1
2019-08-02 15:46:55.111,10451,10452,10451,2
2019-08-02 15:47:02.346,10451,10452,10452,3
2019-08-02 15:47:02.516,10451,10452,10451,5
2019-08-02 15:47:05.361,10451,10452,10451,2
2019-08-02 15:47:07.306,10451,10452,10451,1
2019-08-02 15:47:07.547,10451,10452,10451,1
2019-08-02 15:47:08.667,10451,10452,10451,1
2019-08-02 15:47:09.066,10451,10452,10452,3
2019-08-02 15:47:09.192,10451,10452,10451,1
2019-08-02 15:47:12.783,10451,10452,10452,1
2019-08-02 15:47:20.791,10452,10453,10452,3
2019-08-02 15:47:22.244,10451,10452,10451,1
2019-08-02 15:47:30.296,10451,10452,10451,4
2019-08-02 15:47:33.482,10451,10452,10451,1
2019-08-02 15:47:37.293,10451,10452,10451,1
2019-08-02 15:47:39.539,10451,10452,10451,4
2019-08-02 15:47:39.541,10451,10452,10451,3
2019-08-02 15:47:39.541,10451,10452,10451,4
2019-08-02 15:47:46.916,10450,10451,10451,1
2019-08-02 15:47:50.565,10451,10452,10451,18
2019-08-02 15:47:51.637,10451,10452,10451,1
2019-08-02 15:47:57.360,10451,10452,10451,1
2019-08-02 15:47:57.397,10451,10452,10451,4
2019-08-02 15:47:57.416,10450,10451,10451,1
2019-08-02 15:48:02.460,10450,10451,10451,3
2019-08-02 15:48:05.929,10450,10451,10450,10
2019-08-02 15:48:06.220,10450,10451,10450,1
2019-08-02 15:48:06.335,10450,10451,10451,1
2019-08-02 15:48:09.599,10450,10451,10450,2
2019-08-02 15:48:10.664,10450,10451,10450,10
2019-08-02 15:48:10.666,10450,10451,10450,4
2019-08-02 15:48:12.773,10450,10451,10451,2
2019-08-02 15:48:18.581,10450,10451,10451,1
2019-08-02 15:48:30.106,10450,10451,10451,2
2019-08-02 15:48:30.302,10450,10451,10450,2
2019-08-02 15:48:30.304,10450,10451,10450,1
2019-08-02 15:48:30.304,10450,10451,10450,1
2019-08-02 15:48:30.305,10450,10451,10450,1
2019-08-02 15:48:30.306,10450,10451,10450,1
2019-08-02 15:48:30.308,10450,10451,10450,7
2019-08-02 15:48:30.309,10450,10451,10450,2
2019-08-02 15:48:30.309,10450,10451,10450,15
2019-08-02 15:48:30.310,10450,10451,10450,2
2019-08-02 15:48:30.310,10450,10451,10450,2
2019-08-02 15:48:30.311,10450,10451,10450,4
2019-08-02 15:48:30.312,10450,10451,10450,2
2019-08-02 15:48:30.313,10450,10451,10450,1
2019-08-02 15:48:30.321,10450,10451,10450,2
2019-08-02 15:48:30.416,10450,10451,10450,4
2019-08-02 15:48:30.416,10450,10451,10450,6
2019-08-02 15:48:30.416,10450,10451,10450,2
2019-08-02 15:48:30.416,10450,10451,10450,40
2019-08-02 15:48:30.416,10450,10451,10450,9
2019-08-02 15:48:30.757,10449,10450,10449,1
2019-08-02 15:48:30.758,10449,10450,10449,4
2019-08-02 15:48:30.791,10449,10450,10449,1
2019-08-02 15:48:30.841,10449,10450,10449,1
2019-08-02 15:48:30.842,10449,10450,10449,11
2019-08-02 15:48:30.842,10449,10450,10448,1
2019-08-02 15:48:30.921,10449,10450,10449,1
2019-08-02 15:48:31.247,10448,10449,10448,1
2019-08-02 15:48:31.248,10448,10449,10448,1
2019-08-02 15:48:31.429,10448,10449,10449,1
2019-08-02 15:48:31.673,10448,10449,10448,1
2019-08-02 15:48:34.781,10448,10449,10448,1
2019-08-02 15:48:34.871,10448,10449,10449,8
2019-08-02 15:48:34.871,10448,10449,10450,2
2019-08-02 15:48:35.271,10449,10450,10449,7
2019-08-02 15:48:35.808,10449,10450,10449,2
2019-08-02 15:48:36.388,10449,10450,10449,3
2019-08-02 15:48:38.729,10449,10450,10449,1
2019-08-02 15:48:38.890,10449,10450,10449,1
2019-08-02 15:48:40.154,10449,10450,10449,2
2019-08-02 15:48:40.166,10449,10450,10449,1
2019-08-02 15:48:40.182,10449,10450,10449,1
2019-08-02 15:48:40.986,10449,10450,10450,1
2019-08-02 15:48:41.019,10449,10450,10450,2
2019-08-02 15:48:41.019,10449,10450,10450,6
2019-08-02 15:48:43.243,10450,10451,10450,1
2019-08-02 15:48:44.790,10450,10451,10450,1
2019-08-02 15:48:45.606,10450,10451,10450,1
2019-08-02 15:48:45.677,10450,10451,10451,1
2019-08-02 15:48:45.868,10450,10451,10450,1
2019-08-02 15:48:46.906,10449,10451,10450,1
2019-08-02 15:48:51.230,10450,10451,10450,1
2019-08-02 15:48:51.333,10450,10451,10450,1
2019-08-02 15:48:52.388,10450,10451,10450,2
2019-08-02 15:48:59.089,10450,10451,10451,1
2019-08-02 15:48:59.364,10450,10451,10450,5
2019-08-02 15:49:00.166,10449,10450,10450,1
2019-08-02 15:49:01.474,10449,10450,10450,1
2019-08-02 15:49:01.651,10449,10450,10450,4
2019-08-02 15:49:02.044,10449,10450,10450,1
2019-08-02 15:49:05.806,10449,10450,10450,1
2019-08-02 15:49:09.452,10449,10450,10449,2
2019-08-02 15:49:10.078,10449,10450,10449,1
2019-08-02 15:49:16.690,10449,10450,10449,2
2019-08-02 15:49:16.809,10449,10450,10449,1
2019-08-02 15:49:16.809,10449,10450,10449,6
2019-08-02 15:49:16.810,10449,10450,10449,2
2019-08-02 15:49:18.516,10449,10450,10449,1
2019-08-02 15:49:20.245,10449,10450,10449,1
2019-08-02 15:49:20.391,10449,10450,10449,1
2019-08-02 15:49:20.896,10449,10450,10449,1
2019-08-02 15:49:20.903,10449,10450,10449,2
2019-08-02 15:49:23.336,10448,10449,10449,1
2019-08-02 15:49:25.045,10448,10449,10448,1
2019-08-02 15:49:25.247,10448,10449,10448,4
2019-08-02 15:49:27.037,10448,10449,10448,1
2019-08-02 15:49:27.295,10448,10449,10448,1
2019-08-02 15:49:27.416,10448,10449,10448,6
2019-08-02 15:49:30.246,10447,10448,10448,1
2019-08-02 15:49:30.343,10447,10448,10448,1
2019-08-02 15:49:32.069,10448,10449,10448,1
2019-08-02 15:49:33.131,10448,10449,10448,1
2019-08-02 15:49:36.513,10448,10449,10448,1
2019-08-02 15:49:36.995,10447,10448,10448,1
2019-08-02 15:49:37.944,10448,10449,10448,1
2019-08-02 15:49:42.979,10448,10449,10448,1
2019-08-02 15:49:45.770,10448,10449,10448,1
2019-08-02 15:49:46.680,10448,10449,10448,1
2019-08-02 15:49:48.785,10448,10449,10449,1
2019-08-02 15:49:49.783,10448,10449,10448,1
2019-08-02 15:49:50.167,10448,10449,10448,4
2019-08-02 15:49:52.113,10448,10449,10448,1
2019-08-02 15:49:52.166,10448,10449,10448,1
2019-08-02 15:49:53.361,10448,10449,10449,1
2019-08-02 15:49:54.100,10448,10449,10448,3
2019-08-02 15:49:54.929,10447,10448,10448,2
2019-08-02 15:49:56.408,10447,10448,10447,2
2019-08-02 15:49:56.410,10447,10448,10447,3
2019-08-02 15:49:56.447,10447,10448,10447,5
2019-08-02 15:49:56.480,10447,10448,10447,1
2019-08-02 15:49:56.558,10447,10448,10447,2
2019-08-02 15:49:56.559,10447,10448,10447,4
2019-08-02 15:49:57.822,10447,10448,10448,1
2019-08-02 15:50:01.149,10447,10448,10447,3
2019-08-02 15:50:02.074,10447,10448,10447,2
2019-08-02 15:50:02.074,10447,10448,10446,2
2019-08-02 15:50:02.083,10447,10448,10448,1
2019-08-02 15:50:02.235,10447,10448,10447,2
2019-08-02 15:50:09.423,10447,10448,10447,1
2019-08-02 15:50:10.223,10447,10448,10447,1
2019-08-02 15:50:10.225,10447,10448,10447,4
2019-08-02 15:50:11.669,10447,10448,10447,1
2019-08-02 15:50:11.729,10447,10448,10447,3
2019-08-02 15:50:13.593,10447,10448,10447,7
2019-08-02 15:50:13.603,10447,10448,10447,1
2019-08-02 15:50:15.603,10446,10447,10447,1
2019-08-02 15:50:16.685,10446,10447,10447,1
2019-08-02 15:50:19.038,10446,10447,10446,1
2019-08-02 15:50:23.682,10446,10447,10446,1
2019-08-02 15:50:28.258,10446,10447,10446,1
2019-08-02 15:50:28.497,10446,10447,10446,1
2019-08-02 15:50:30.258,10446,10447,10446,6
2019-08-02 15:50:30.931,10446,10447,10446,1
2019-08-02 15:50:31.253,10446,10447,10446,2
2019-08-02 15:50:31.664,10446,10447,10446,2
2019-08-02 15:50:31.939,10446,10447,10446,1
2019-08-02 15:50:32.334,10446,10447,10446,2
2019-08-02 15:50:39.442,10446,10447,10446,1
2019-08-02 15:50:40.085,10446,10447,10446,2
2019-08-02 15:50:40.086,10446,10447,10446,6
2019-08-02 15:50:40.736,10445,10446,10445,1
2019-08-02 15:50:41.304,10445,10446,10445,2
2019-08-02 15:50:42.000,10445,10446,10445,1
2019-08-02 15:50:43.200,10445,10446,10446,2
2019-08-02 15:50:43.548,10445,10446,10445,2
2019-08-02 15:50:44.342,10445,10446,10445,2
2019-08-02 15:50:44.613,10445,10446,10445,1
2019-08-02 15:50:47.320,10445,10446,10445,6
2019-08-02 15:50:47.416,10445,10446,10445,5
2019-08-02 15:50:47.416,10445,10446,10445,1
2019-08-02 15:50:47.416,10445,10446,10445,2
2019-08-02 15:50:47.416,10445,10446,10445,1
2019-08-02 15:50:47.416,10445,10446,10445,3
2019-08-02 15:50:47.417,10445,10446,10445,1
2019-08-02 15:50:47.842,10445,10446,10445,1
2019-08-02 15:50:48.441,10445,10446,10445,2
2019-08-02 15:50:48.794,10445,10446,10445,4
2019-08-02 15:50:48.794,10445,10446,10445,1
2019-08-02 15:50:48.802,10445,10446,10444,1
2019-08-02 15:50:48.962,10444,10445,10444,1
2019-08-02 15:50:48.966,10444,10445,10444,1
2019-08-02 15:50:49.025,10444,10445,10444,2
2019-08-02 15:50:49.064,10444,10445,10444,4
2019-08-02 15:50:49.221,10444,10445,10444,1
2019-08-02 15:50:50.051,10444,10445,10444,1
2019-08-02 15:50:50.098,10444,10445,10444,2
2019-08-02 15:50:51.775,10444,10445,10444,1
2019-08-02 15:50:53.903,10444,10445,10445,1
2019-08-02 15:50:54.470,10444,10445,10444,10
2019-08-02 15:50:55.214,10444,10445,10444,5
2019-08-02 15:50:55.959,10443,10444,10444,1
2019-08-02 15:50:58.370,10443,10444,10443,2
2019-08-02 15:50:58.375,10443,10444,10443,2
2019-08-02 15:50:58.469,10443,10444,10443,5
2019-08-02 15:50:58.700,10443,10444,10444,1
2019-08-02 15:50:58.706,10443,10444,10443,1
2019-08-02 15:50:59.034,10443,10444,10444,3
2019-08-02 15:50:59.339,10443,10444,10443,5
2019-08-02 15:50:59.761,10443,10444,10444,1
2019-08-02 15:51:00.418,10443,10444,10443,1
2019-08-02 15:51:00.666,10443,10444,10444,2
2019-08-02 15:51:01.200,10443,10444,10443,1
2019-08-02 15:51:01.639,10443,10444,10443,1
2019-08-02 15:51:02.660,10443,10444,10443,2
2019-08-02 15:51:02.721,10443,10444,10443,1
2019-08-02 15:51:02.785,10443,10444,10444,4
2019-08-02 15:51:03.051,10443,10444,10444,1
2019-08-02 15:51:03.728,10443,10444,10444,1
2019-08-02 15:51:04.162,10443,10444,10444,1
2019-08-02 15:51:05.418,10443,10444,10444,1
2019-08-02 15:51:05.826,10443,10444,10444,1
2019-08-02 15:51:06.979,10443,10444,10444,1
2019-08-02 15:51:07.178,10443,10444,10444,1
2019-08-02 15:51:08.155,10443,10444,10443,1
2019-08-02 15:51:08.267,10443,10444,10444,10
2019-08-02 15:51:09.514,10443,10444,10444,1
2019-08-02 15:51:11.618,10443,10444,10443,4
2019-08-02 15:51:11.676,10443,10444,10444,2
2019-08-02 15:51:11.772,10443,10444,10443,1
2019-08-02 15:51:12.360,10443,10444,10443,7
2019-08-02 15:51:12.666,10443,10444,10443,7
2019-08-02 15:51:13.267,10443,10444,10444,1
2019-08-02 15:51:13.270,10443,10444,10443,3
2019-08-02 15:51:13.460,10443,10444,10443,2
2019-08-02 15:51:13.810,10443,10444,10444,1
2019-08-02 15:51:14.496,10443,10444,10443,1
2019-08-02 15:51:14.604,10443,10444,10443,2
2019-08-02 15:51:15.498,10443,10444,10443,7
2019-08-02 15:51:16.002,10443,10444,10443,1
2019-08-02 15:51:16.397,10443,10444,10443,1
2019-08-02 15:51:16.589,10442,10443,10443,1
2019-08-02 15:51:16.658,10442,10443,10442,1
2019-08-02 15:51:16.919,10442,10443,10442,1
2019-08-02 15:51:17.026,10442,10443,10443,1
2019-08-02 15:51:17.159,10442,10443,10443,1
2019-08-02 15:51:17.593,10442,10443,10443,1
2019-08-02 15:51:18.898,10442,10443,10442,2
2019-08-02 15:51:19.318,10442,10443,10443,5
2019-08-02 15:51:21.651,10443,10444,10443,1
2019-08-02 15:51:23.383,10443,10444,10443,1
2019-08-02 15:51:25.067,10443,10444,10443,1
2019-08-02 15:51:25.244,10443,10444,10443,2
2019-08-02 15:51:25.703,10443,10444,10443,1
2019-08-02 15:51:26.865,10443,10444,10444,1
2019-08-02 15:51:27.877,10443,10444,10444,1
2019-08-02 15:51:28.051,10443,10444,10444,1
2019-08-02 15:51:28.051,10443,10444,10444,11
2019-08-02 15:51:28.051,10443,10444,10444,6
2019-08-02 15:51:28.051,10443,10444,10444,2
2019-08-02 15:51:28.051,10443,10444,10444,2
2019-08-02 15:51:29.161,10444,10445,10444,2
2019-08-02 15:51:29.869,10444,10445,10445,1
2019-08-02 15:51:34.915,10444,10445,10445,2
2019-08-02 15:51:35.991,10444,10445,10445,7
2019-08-02 15:51:38.170,10444,10445,10445,1
2019-08-02 15:51:39.853,10444,10445,10444,1
2019-08-02 15:51:41.468,10444,10445,10445,1
2019-08-02 15:51:42.335,10444,10445,10445,1
2019-08-02 15:51:44.080,10444,10445,10445,1
2019-08-02 15:51:45.081,10444,10445,10445,1
2019-08-02 15:51:46.797,10444,10445,10445,1
2019-08-02 15:51:47.863,10444,10445,10445,12
2019-08-02 15:51:47.916,10444,10445,10445,1
2019-08-02 15:51:48.325,10445,10446,10445,1
2019-08-02 15:51:51.843,10445,10446,10446,13
2019-08-02 15:51:51.848,10445,10446,10446,1
2019-08-02 15:51:51.849,10445,10446,10446,2
2019-08-02 15:51:51.850,10445,10446,10446,2
2019-08-02 15:51:51.852,10445,10446,10446,2
2019-08-02 15:51:51.852,10445,10446,10446,5
2019-08-02 15:51:53.322,10446,10447,10446,1
2019-08-02 15:51:54.537,10446,10447,10447,1
2019-08-02 15:51:54.554,10446,10447,10446,1
2019-08-02 15:51:56.167,10446,10447,10447,1
2019-08-02 15:52:00.424,10446,10447,10447,1
2019-08-02 15:52:00.925,10446,10447,10447,1
2019-08-02 15:52:03.219,10446,10447,10446,1
2019-08-02 15:52:03.945,10446,10447,10447,1
2019-08-02 15:52:06.447,10446,10447,10447,1
2019-08-02 15:52:07.461,10446,10447,10446,1
2019-08-02 15:52:10.147,10446,10447,10447,1
2019-08-02 15:52:10.367,10446,10447,10446,1
2019-08-02 15:52:10.637,10446,10447,10446,1
2019-08-02 15:52:11.484,10446,10447,10446,2
2019-08-02 15:52:12.439,10446,10447,10446,2
2019-08-02 15:52:13.095,10446,10447,10446,2
2019-08-02 15:52:14.373,10446,10447,10446,1
2019-08-02 15:52:14.902,10446,10447,10446,2
2019-08-02 15:52:18.467,10446,10447,10447,1
2019-08-02 15:52:20.006,10446,10447,10447,1
2019-08-02 15:52:23.132,10446,10447,10447,2
2019-08-02 15:52:26.611,10446,10447,10447,10
2019-08-02 15:52:39.100,10446,10447,10447,10
2019-08-02 15:52:39.166,10446,10447,10447,1
2019-08-02 15:52:39.366,10447,10448,10447,1
2019-08-02 15:52:39.825,10447,10448,10447,1
2019-08-02 15:52:43.880,10447,10448,10448,1
2019-08-02 15:52:43.996,10447,10448,10447,5
2019-08-02 15:52:49.291,10447,10448,10448,1
2019-08-02 15:52:49.717,10447,10448,10447,3
2019-08-02 15:52:54.726,10447,10448,10447,2
2019-08-02 15:52:54.791,10447,10448,10447,5
2019-08-02 15:52:54.791,10447,10448,10447,2
2019-08-02 15:52:55.343,10446,10447,10446,1
2019-08-02 15:52:55.344,10446,10447,10446,1
2019-08-02 15:52:55.346,10446,10447,10446,1
2019-08-02 15:52:55.395,10446,10447,10446,1
2019-08-02 15:52:55.396,10446,10447,10446,1
2019-08-02 15:52:55.437,10446,10447,10447,1
2019-08-02 15:52:57.422,10446,10447,10447,1
2019-08-02 15:52:58.788,10446,10447,10446,1
2019-08-02 15:53:00.168,10446,10447,10446,2
2019-08-02 15:53:00.334,10446,10447,10446,1
2019-08-02 15:53:00.640,10446,10447,10446,3
2019-08-02 15:53:01.393,10446,10447,10446,2
2019-08-02 15:53:01.678,10446,10447,10446,1
2019-08-02 15:53:01.925,10446,10447,10447,1
2019-08-02 15:53:04.688,10446,10447,10446,2
2019-08-02 15:53:05.231,10445,10447,10445,1
2019-08-02 15:53:08.042,10445,10446,10445,5
2019-08-02 15:53:09.146,10445,10446,10445,2
2019-08-02 15:53:09.730,10445,10446,10445,2
2019-08-02 15:53:11.999,10445,10446,10445,1
2019-08-02 15:53:14.490,10445,10446,10445,1
2019-08-02 15:53:15.611,10445,10446,10445,1
2019-08-02 15:53:15.922,10445,10446,10445,1
2019-08-02 15:53:18.120,10445,10446,10445,1
2019-08-02 15:53:18.121,10445,10446,10445,3
2019-08-02 15:53:18.443,10444,10446,10444,1
2019-08-02 15:53:20.956,10444,10445,10444,2
2019-08-02 15:53:22.147,10443,10444,10443,3
2019-08-02 15:53:23.307,10443,10444,10443,3
2019-08-02 15:53:23.416,10443,10444,10443,3
2019-08-02 15:53:26.575,10442,10443,10442,1
2019-08-02 15:53:26.923,10442,10443,10442,1
2019-08-02 15:53:26.950,10442,10443,10443,9
2019-08-02 15:53:27.027,10442,10443,10443,1
2019-08-02 15:53:28.300,10442,10443,10443,1
2019-08-02 15:53:28.811,10442,10443,10443,1
2019-08-02 15:53:29.584,10442,10443,10443,1
2019-08-02 15:53:33.102,10443,10445,10443,2
2019-08-02 15:53:35.029,10443,10445,10444,2
2019-08-02 15:53:35.041,10443,10444,10444,1
2019-08-02 15:53:36.297,10443,10444,10444,2
2019-08-02 15:53:37.319,10444,10445,10445,2
2019-08-02 15:53:37.320,10444,10445,10445,2
2019-08-02 15:53:37.320,10444,10445,10445,11
2019-08-02 15:53:38.232,10444,10446,10444,1
2019-08-02 15:53:38.260,10444,10446,10444,3
2019-08-02 15:53:39.190,10445,10446,10446,1
2019-08-02 15:53:41.220,10445,10446,10445,5
2019-08-02 15:53:41.220,10445,10446,10444,5
2019-08-02 15:53:51.236,10444,10445,10444,2
2019-08-02 15:53:55.920,10444,10445,10445,1
2019-08-02 15:53:56.894,10444,10445,10444,1
2019-08-02 15:54:00.444,10444,10445,10444,1
2019-08-02 15:54:01.846,10444,10445,10445,1
2019-08-02 15:54:02.537,10444,10445,10444,1
2019-08-02 15:54:03.167,10444,10445,10445,5
2019-08-02 15:54:03.699,10444,10445,10445,1
2019-08-02 15:54:03.953,10444,10445,10445,1
2019-08-02 15:54:04.358,10444,10445,10444,1
2019-08-02 15:54:04.460,10444,10445,10444,4
2019-08-02 15:54:06.414,10444,10445,10444,1
2019-08-02 15:54:06.795,10444,10445,10444,1
2019-08-02 15:54:06.907,10444,10445,10444,1
2019-08-02 15:54:07.234,10444,10445,10444,1
2019-08-02 15:54:08.070,10444,10445,10444,2
2019-08-02 15:54:10.243,10444,10445,10444,2
2019-08-02 15:54:10.246,10444,10445,10444,2
2019-08-02 15:54:10.247,10444,10445,10444,2
2019-08-02 15:54:10.247,10444,10445,10444,1
2019-08-02 15:54:10.908,10443,10444,10444,1
2019-08-02 15:54:11.794,10443,10444,10443,2
2019-08-02 15:54:15.514,10443,10444,10444,3
2019-08-02 15:54:20.446,10444,10445,10444,23
2019-08-02 15:54:25.441,10444,10445,10444,1
2019-08-02 15:54:26.821,10444,10445,10445,1
2019-08-02 15:54:31.357,10444,10445,10445,4
2019-08-02 15:54:36.200,10444,10445,10445,1
2019-08-02 15:54:36.589,10444,10445,10444,2
2019-08-02 15:54:40.097,10444,10445,10444,6
2019-08-02 15:54:41.611,10444,10445,10445,1
2019-08-02 15:54:43.291,10444,10445,10445,9
2019-08-02 15:54:47.634,10445,10446,10445,2
2019-08-02 15:54:50.372,10445,10446,10446,1
2019-08-02 15:54:53.041,10445,10446,10446,6
2019-08-02 15:54:53.166,10445,10446,10446,3
2019-08-02 15:54:55.677,10446,10447,10447,1
2019-08-02 15:54:56.372,10446,10447,10446,1
2019-08-02 15:55:03.786,10446,10447,10447,2
2019-08-02 15:55:04.906,10446,10447,10446,1
2019-08-02 15:55:07.541,10446,10447,10447,4
2019-08-02 15:55:09.986,10447,10448,10447,1
2019-08-02 15:55:10.303,10446,10447,10447,1
2019-08-02 15:55:11.310,10446,10447,10447,1
2019-08-02 15:55:12.021,10446,10448,10446,2
2019-08-02 15:55:14.928,10446,10447,10446,1
2019-08-02 15:55:15.986,10446,10447,10447,1
2019-08-02 15:55:19.550,10446,10447,10447,1
2019-08-02 15:55:20.135,10446,10447,10447,2
2019-08-02 15:55:21.134,10446,10447,10446,2
2019-08-02 15:55:21.135,10446,10447,10446,1
2019-08-02 15:55:22.476,10446,10447,10446,1
2019-08-02 15:55:22.566,10446,10447,10447,1
2019-08-02 15:55:24.294,10446,10447,10447,1
2019-08-02 15:55:30.291,10446,10447,10446,4
2019-08-02 15:55:33.687,10446,10447,10447,2
2019-08-02 15:55:35.305,10446,10447,10446,1
2019-08-02 15:55:38.074,10446,10447,10446,1
2019-08-02 15:55:41.622,10446,10447,10447,1
2019-08-02 15:55:44.461,10446,10447,10447,1
2019-08-02 15:55:47.983,10446,10447,10447,2
2019-08-02 15:55:48.000,10446,10447,10447,2
2019-08-02 15:55:48.041,10446,10447,10447,1
2019-08-02 15:55:52.277,10446,10447,10447,1
2019-08-02 15:56:03.231,10447,10448,10448,1
2019-08-02 15:56:03.810,10447,10448,10448,7
2019-08-02 15:56:05.580,10447,10448,10448,7
2019-08-02 15:56:05.666,10448,10449,10448,13
2019-08-02 15:56:05.846,10448,10449,10448,1
2019-08-02 15:56:06.635,10447,10449,10449,1
2019-08-02 15:56:07.072,10447,10449,10449,1
2019-08-02 15:56:10.632,10448,10449,10449,1
2019-08-02 15:56:11.973,10448,10449,10449,10
2019-08-02 15:56:13.542,10448,10449,10448,2
2019-08-02 15:56:18.359,10448,10449,10448,2
2019-08-02 15:56:19.242,10448,10449,10449,1
2019-08-02 15:56:19.666,10448,10449,10448,1
2019-08-02 15:56:27.906,10448,10449,10448,1
2019-08-02 15:56:28.202,10448,10449,10448,3
2019-08-02 15:56:28.276,10448,10449,10448,1
2019-08-02 15:56:28.276,10448,10449,10447,2
2019-08-02 15:56:36.089,10448,10449,10449,1
2019-08-02 15:56:36.835,10448,10449,10448,1
2019-08-02 15:56:38.053,10448,10449,10449,1
2019-08-02 15:56:38.457,10448,10449,10448,1
2019-08-02 15:56:39.533,10447,10448,10448,1
2019-08-02 15:56:40.153,10447,10448,10448,2
2019-08-02 15:56:40.987,10447,10448,10448,1
2019-08-02 15:56:46.737,10447,10448,10448,1
2019-08-02 15:56:48.418,10447,10448,10447,1
2019-08-02 15:56:48.786,10447,10448,10448,1
2019-08-02 15:57:00.714,10447,10448,10448,1
2019-08-02 15:57:00.865,10447,10448,10448,1
2019-08-02 15:57:01.941,10447,10448,10448,1
2019-08-02 15:57:02.442,10447,10448,10448,4
2019-08-02 15:57:02.645,10447,10448,10448,1
2019-08-02 15:57:05.698,10448,10449,10449,1
2019-08-02 15:57:10.144,10448,10449,10449,3
2019-08-02 15:57:14.744,10448,10449,10448,1
2019-08-02 15:57:17.273,10448,10449,10449,2
2019-08-02 15:57:17.610,10448,10449,10448,1
2019-08-02 15:57:21.666,10448,10449,10449,4
2019-08-02 15:57:21.791,10448,10449,10449,9
2019-08-02 15:57:25.560,10449,10450,10449,1
2019-08-02 15:57:26.361,10449,10450,10449,2
2019-08-02 15:57:31.532,10449,10450,10449,1
2019-08-02 15:57:33.312,10449,10450,10449,1
2019-08-02 15:57:34.557,10449,10450,10449,2
2019-08-02 15:57:34.757,10448,10450,10449,2
2019-08-02 15:57:36.617,10449,10450,10449,1
2019-08-02 15:57:37.482,10448,10449,10448,1
2019-08-02 15:57:38.337,10448,10449,10449,1
2019-08-02 15:57:38.526,10448,10449,10449,1
2019-08-02 15:57:40.759,10448,10449,10448,4
2019-08-02 15:57:43.847,10448,10449,10449,1
2019-08-02 15:57:45.663,10448,10449,10449,1
2019-08-02 15:57:46.006,10448,10449,10449,1
2019-08-02 15:57:48.827,10448,10449,10449,1
2019-08-02 15:57:49.599,10448,10449,10449,2
2019-08-02 15:57:49.788,10449,10450,10449,1
2019-08-02 15:57:50.626,10449,10450,10449,2
2019-08-02 15:57:50.888,10448,10449,10449,5
2019-08-02 15:57:53.113,10448,10449,10449,1
2019-08-02 15:57:59.657,10448,10449,10449,4
2019-08-02 15:58:02.558,10449,10450,10450,4
2019-08-02 15:58:02.730,10449,10450,10450,1
2019-08-02 15:58:04.978,10448,10449,10449,1
2019-08-02 15:58:05.608,10448,10449,10448,1
2019-08-02 15:58:06.980,10448,10449,10449,2
2019-08-02 15:58:08.714,10448,10449,10449,1
2019-08-02 15:58:15.354,10448,10449,10449,1
2019-08-02 15:58:16.046,10448,10449,10449,1
2019-08-02 15:58:18.947,10448,10449,10449,2
2019-08-02 15:58:19.928,10448,10449,10449,2
2019-08-02 15:58:19.928,10448,10449,10449,1
2019-08-02 15:58:19.929,10448,10449,10449,2
2019-08-02 15:58:19.929,10448,10449,10449,1
2019-08-02 15:58:22.702,10449,10450,10449,1
2019-08-02 15:58:25.091,10449,10450,10450,1
2019-08-02 15:58:28.879,10449,10450,10449,1
2019-08-02 15:58:32.361,10449,10450,10449,2
2019-08-02 15:58:36.599,10448,10449,10449,1
2019-08-02 15:58:38.220,10448,10449,10448,5
2019-08-02 15:58:39.141,10448,10449,10449,5
2019-08-02 15:58:41.835,10448,10449,10448,1
2019-08-02 15:58:46.550,10448,10449,10448,2
2019-08-02 15:58:46.610,10448,10449,10448,2
2019-08-02 15:58:46.666,10448,10449,10448,1
2019-08-02 15:58:47.242,10448,10449,10448,5
2019-08-02 15:58:51.010,10448,10449,10448,2
2019-08-02 15:58:51.010,10448,10449,10448,2
2019-08-02 15:58:54.050,10447,10448,10448,5
2019-08-02 15:59:08.756,10447,10448,10448,2
2019-08-02 15:59:10.368,10447,10448,10448,1
2019-08-02 15:59:10.776,10447,10448,10448,2
2019-08-02 15:59:23.951,10448,10449,10448,2
2019-08-02 15:59:28.023,10448,10449,10448,2
2019-08-02 15:59:28.988,10448,10449,10448,2
2019-08-02 15:59:33.703,10448,10449,10448,2
2019-08-02 15:59:39.129,10448,10449,10448,1
2019-08-02 15:59:59.975,10448,10449,10448,2
2019-08-02 16:00:00.943,10448,10449,10448,5
2019-08-02 16:00:02.799,10447,10448,10448,2
2019-08-02 16:00:03.968,10447,10448,10447,2
2019-08-02 16:00:03.981,10447,10448,10447,1
2019-08-02 16:00:05.089,10447,10448,10447,17
2019-08-02 16:00:07.382,10446,10447,10446,6
2019-08-02 16:00:07.416,10446,10447,10446,17
2019-08-02 16:00:13.782,10445,10446,10446,1
2019-08-02 16:00:16.778,10445,10446,10446,1
2019-08-02 16:00:20.961,10445,10446,10446,5
2019-08-02 16:00:21.999,10445,10446,10445,1
2019-08-02 16:00:22.647,10445,10446,10446,3
2019-08-02 16:00:26.611,10446,10447,10447,1
2019-08-02 16:00:26.880,10446,10447,10446,1
2019-08-02 16:00:30.634,10446,10447,10447,3
2019-08-02 16:00:31.194,10446,10448,10446,2
2019-08-02 16:00:42.362,10446,10447,10446,5
2019-08-02 16:00:45.047,10446,10447,10446,1
2019-08-02 16:00:46.989,10446,10447,10447,2
2019-08-02 16:00:47.041,10446,10447,10447,1
2019-08-02 16:00:48.953,10446,10448,10446,3
2019-08-02 16:01:01.578,10447,10448,10447,2
2019-08-02 16:01:01.680,10446,10447,10446,4
2019-08-02 16:01:01.709,10446,10447,10446,4
2019-08-02 16:01:01.724,10446,10447,10446,7
2019-08-02 16:01:01.738,10446,10447,10446,4
2019-08-02 16:01:01.755,10446,10447,10446,4
2019-08-02 16:01:02.029,10445,10447,10447,2
2019-08-02 16:01:03.199,10446,10447,10446,1
2019-08-02 16:01:03.393,10446,10447,10446,1
2019-08-02 16:01:03.420,10445,10447,10445,1
2019-08-02 16:01:06.758,10445,10446,10445,2
2019-08-02 16:01:11.297,10445,10446,10445,2
2019-08-02 16:01:11.896,10445,10446,10445,4
2019-08-02 16:01:12.762,10445,10446,10445,5
2019-08-02 16:01:13.198,10445,10446,10445,1
2019-08-02 16:01:13.198,10445,10446,10444,4
2019-08-02 16:01:14.765,10444,10445,10444,5
2019-08-02 16:01:15.208,10444,10445,10444,4
2019-08-02 16:01:20.458,10444,10445,10444,1
2019-08-02 16:01:22.041,10444,10445,10445,2
2019-08-02 16:01:22.042,10444,10445,10445,3
2019-08-02 16:01:22.042,10444,10445,10445,4
2019-08-02 16:01:22.158,10444,10445,10445,5
2019-08-02 16:01:22.159,10444,10445,10445,2
2019-08-02 16:01:22.159,10444,10445,10445,2
2019-08-02 16:01:22.166,10444,10445,10445,3
2019-08-02 16:01:22.543,10445,10446,10446,5
2019-08-02 16:01:22.666,10445,10446,10446,1
2019-08-02 16:01:22.666,10445,10446,10446,1
2019-08-02 16:01:25.347,10445,10447,10445,2
2019-08-02 16:01:32.684,10446,10447,10446,1
2019-08-02 16:01:32.938,10446,10447,10447,1
2019-08-02 16:01:34.104,10447,10448,10447,2
2019-08-02 16:01:36.777,10446,10447,10447,1
2019-08-02 16:01:39.124,10446,10448,10446,1
2019-08-02 16:01:41.237,10446,10447,10447,1
2019-08-02 16:01:45.566,10447,10448,10447,1
2019-08-02 16:01:45.986,10447,10448,10448,2
2019-08-02 16:01:48.095,10447,10448,10447,2
2019-08-02 16:01:51.569,10446,10447,10447,1
2019-08-02 16:01:59.025,10446,10447,10447,2
2019-08-02 16:01:59.025,10446,10447,10447,1
2019-08-02 16:01:59.025,10446,10447,10447,1
2019-08-02 16:02:03.919,10446,10447,10447,1
2019-08-02 16:02:04.911,10446,10447,10446,2
2019-08-02 16:02:06.315,10446,10447,10447,1
2019-08-02 16:02:07.933,10446,10447,10447,2
2019-08-02 16:02:11.092,10446,10447,10447,1
2019-08-02 16:02:12.527,10446,10447,10447,1
2019-08-02 16:02:13.268,10446,10447,10447,2
2019-08-02 16:02:13.325,10446,10447,10446,1
2019-08-02 16:02:24.380,10446,10447,10447,2
2019-08-02 16:02:24.381,10446,10447,10447,2
2019-08-02 16:02:33.698,10447,10448,10448,1
2019-08-02 16:02:36.588,10447,10448,10447,2
2019-08-02 16:02:38.178,10446,10447,10447,1
2019-08-02 16:02:51.579,10447,10448,10447,2
2019-08-02 16:02:52.149,10447,10448,10447,2
2019-08-02 16:03:01.763,10447,10448,10447,4
2019-08-02 16:03:03.431,10446,10447,10446,1
2019-08-02 16:03:11.309,10446,10447,10446,5
2019-08-02 16:03:16.532,10446,10447,10447,1
2019-08-02 16:03:21.333,10446,10447,10447,3
2019-08-02 16:03:21.333,10446,10447,10447,4
2019-08-02 16:03:31.356,10447,10448,10447,1
2019-08-02 16:03:41.024,10447,10448,10448,16
2019-08-02 16:03:42.232,10448,10449,10449,3
2019-08-02 16:03:42.388,10448,10449,10449,1
2019-08-02 16:03:42.416,10448,10449,10449,3
2019-08-02 16:03:43.198,10449,10450,10449,1
2019-08-02 16:04:02.509,10449,10450,10450,2
2019-08-02 16:04:17.322,10449,10450,10449,1
2019-08-02 16:04:18.232,10449,10450,10450,2
2019-08-02 16:04:20.694,10449,10450,10450,1
2019-08-02 16:04:25.517,10449,10450,10450,1
2019-08-02 16:04:40.865,10449,10450,10450,1
2019-08-02 16:04:43.402,10449,10450,10450,1
2019-08-02 16:04:45.715,10449,10450,10449,2
2019-08-02 16:04:46.484,10449,10450,10449,4
2019-08-02 16:04:46.541,10449,10450,10449,2
2019-08-02 16:04:46.541,10449,10450,10449,6
2019-08-02 16:04:50.651,10448,10450,10448,3
2019-08-02 16:04:53.048,10448,10450,10450,1
2019-08-02 16:05:11.634,10449,10450,10450,1
2019-08-02 16:05:12.320,10449,10450,10449,3
2019-08-02 16:05:12.638,10449,10450,10450,2
2019-08-02 16:05:15.778,10449,10450,10450,5
2019-08-02 16:05:15.791,10449,10450,10450,17
2019-08-02 16:05:15.916,10449,10450,10450,3
2019-08-02 16:05:17.921,10450,10451,10451,1
2019-08-02 16:05:18.173,10450,10451,10451,1
2019-08-02 16:05:18.361,10450,10451,10451,1
2019-08-02 16:05:18.997,10450,10451,10451,1
2019-08-02 16:05:19.011,10450,10451,10451,5
2019-08-02 16:05:19.734,10450,10451,10451,2
2019-08-02 16:05:20.134,10450,10451,10451,3
2019-08-02 16:05:26.531,10451,10452,10452,9
2019-08-02 16:05:26.600,10451,10452,10452,1
2019-08-02 16:05:30.410,10451,10452,10452,1
2019-08-02 16:05:30.660,10451,10452,10451,1
2019-08-02 16:05:31.238,10451,10452,10452,3
2019-08-02 16:05:31.634,10451,10452,10452,1
2019-08-02 16:05:36.102,10451,10452,10452,1
2019-08-02 16:05:37.790,10451,10452,10452,1
2019-08-02 16:05:41.023,10451,10452,10452,10
2019-08-02 16:05:41.889,10451,10452,10452,2
2019-08-02 16:05:42.224,10451,10452,10452,1
2019-08-02 16:05:42.231,10451,10452,10452,1
2019-08-02 16:05:42.423,10451,10452,10452,1
2019-08-02 16:05:42.628,10452,10453,10452,1
2019-08-02 16:05:43.818,10452,10453,10452,1
2019-08-02 16:05:48.181,10451,10452,10452,1
2019-08-02 16:05:49.414,10451,10452,10452,3
2019-08-02 16:05:50.957,10451,10452,10451,1
2019-08-02 16:05:54.382,10451,10452,10451,18
2019-08-02 16:05:56.125,10450,10451,10451,1
2019-08-02 16:05:58.569,10450,10451,10451,2
2019-08-02 16:06:01.110,10450,10451,10450,1
2019-08-02 16:06:02.411,10450,10451,10451,1
2019-08-02 16:06:09.298,10450,10451,10450,1
2019-08-02 16:06:09.657,10450,10451,10451,1
2019-08-02 16:06:17.626,10450,10451,10450,1
2019-08-02 16:06:21.006,10450,10451,10450,1
2019-08-02 16:06:28.006,10450,10451,10450,1
2019-08-02 16:06:29.721,10450,10451,10450,1
2019-08-02 16:06:34.981,10450,10451,10450,1
2019-08-02 16:06:38.726,10450,10451,10451,5
2019-08-02 16:06:44.689,10450,10451,10451,1
2019-08-02 16:06:53.170,10450,10451,10451,1
2019-08-02 16:07:16.612,10450,10451,10451,2
2019-08-02 16:07:17.149,10450,10451,10451,1
2019-08-02 16:07:18.791,10450,10451,10450,7
2019-08-02 16:07:18.916,10450,10451,10450,15
2019-08-02 16:07:18.916,10450,10451,10450,4
2019-08-02 16:07:18.916,10450,10451,10450,2
2019-08-02 16:07:18.916,10450,10451,10450,2
2019-08-02 16:07:18.916,10450,10451,10450,2
2019-08-02 16:07:18.916,10450,10451,10450,2
2019-08-02 16:07:18.916,10450,10451,10450,1
2019-08-02 16:07:18.916,10450,10451,10450,2
2019-08-02 16:07:18.916,10450,10451,10450,2
2019-08-02 16:07:25.192,10449,10450,10449,5
2019-08-02 16:07:25.479,10449,10450,10450,1
2019-08-02 16:07:27.710,10449,10450,10449,1
2019-08-02 16:07:32.980,10449,10450,10450,1
2019-08-02 16:07:37.780,10449,10450,10449,1
2019-08-02 16:07:37.780,10449,10450,10448,2
2019-08-02 16:07:50.544,10448,10449,10448,1
2019-08-02 16:07:52.278,10448,10449,10448,3
2019-08-02 16:08:02.588,10448,10449,10448,3
2019-08-02 16:08:03.297,10448,10449,10448,1
2019-08-02 16:08:06.415,10448,10449,10448,1
2019-08-02 16:08:08.169,10448,10449,10449,1
2019-08-02 16:08:11.639,10448,10449,10449,2
2019-08-02 16:08:14.031,10448,10449,10449,2
2019-08-02 16:08:14.902,10448,10450,10450,2
2019-08-02 16:08:15.798,10449,10450,10449,1
2019-08-02 16:08:19.838,10449,10450,10449,1
2019-08-02 16:08:21.415,10449,10450,10449,1
2019-08-02 16:08:25.999,10449,10450,10450,2
2019-08-02 16:08:25.999,10449,10450,10450,3
2019-08-02 16:08:28.534,10450,10451,10450,1
2019-08-02 16:08:39.066,10449,10450,10450,1
2019-08-02 16:08:39.105,10449,10450,10451,2
2019-08-02 16:08:48.165,10450,10451,10451,3
2019-08-02 16:08:50.520,10451,10452,10451,1
2019-08-02 16:08:52.052,10451,10452,10451,2
2019-08-02 16:08:52.873,10451,10452,10451,15
2019-08-02 16:08:52.873,10451,10452,10451,1
2019-08-02 16:08:53.616,10451,10452,10452,5
2019-08-02 16:08:54.567,10452,10453,10452,1
2019-08-02 16:08:57.627,10452,10453,10453,17
2019-08-02 16:08:57.666,10452,10453,10453,3
2019-08-02 16:08:57.758,10452,10453,10454,1
2019-08-02 16:08:57.805,10453,10454,10454,1
2019-08-02 16:08:58.997,10453,10454,10454,2
2019-08-02 16:08:59.922,10453,10454,10453,1
2019-08-02 16:09:00.330,10453,10454,10454,1
2019-08-02 16:09:09.828,10452,10454,10454,1
2019-08-02 16:09:11.952,10452,10454,10452,1
2019-08-02 16:09:12.072,10452,10454,10454,1
2019-08-02 16:09:21.195,10452,10453,10453,2
2019-08-02 16:09:22.583,10452,10453,10453,1
2019-08-02 16:09:27.760,10452,10453,10453,1
2019-08-02 16:09:27.911,10452,10453,10452,1
2019-08-02 16:09:34.634,10452,10453,10453,5
2019-08-02 16:09:34.635,10452,10453,10453,2
2019-08-02 16:09:34.637,10452,10453,10453,1
2019-08-02 16:09:34.672,10453,10454,10453,2
2019-08-02 16:09:35.352,10453,10454,10454,2
2019-08-02 16:09:35.394,10453,10454,10454,2
2019-08-02 16:09:35.395,10453,10454,10454,2
2019-08-02 16:09:35.395,10453,10454,10454,4
2019-08-02 16:09:35.395,10453,10454,10454,2
2019-08-02 16:09:36.118,10454,10455,10454,1
2019-08-02 16:09:37.823,10453,10454,10454,2
2019-08-02 16:09:41.137,10453,10454,10454,3
2019-08-02 16:09:50.606,10453,10454,10453,1
2019-08-02 16:09:50.607,10453,10454,10453,2
2019-08-02 16:09:52.183,10452,10453,10453,1
2019-08-02 16:10:01.843,10452,10453,10452,3
2019-08-02 16:10:01.916,10452,10453,10452,3
2019-08-02 16:10:03.010,10451,10452,10452,1
2019-08-02 16:10:03.678,10451,10452,10452,1
2019-08-02 16:10:04.487,10451,10452,10452,5
2019-08-02 16:10:11.435,10452,10453,10452,1
2019-08-02 16:10:13.363,10451,10453,10453,5
2019-08-02 16:10:19.420,10452,10453,10453,1
2019-08-02 16:10:23.626,10452,10453,10453,1
2019-08-02 16:10:33.788,10452,10453,10453,1
2019-08-02 16:10:38.008,10452,10453,10453,1
2019-08-02 16:10:39.451,10452,10453,10452,1
2019-08-02 16:10:42.257,10452,10453,10452,1
2019-08-02 16:10:42.257,10452,10453,10452,1
2019-08-02 16:10:42.258,10452,10453,10452,3
2019-08-02 16:10:42.258,10452,10453,10452,6
2019-08-02 16:10:51.457,10451,10452,10452,1
2019-08-02 16:10:51.754,10451,10452,10452,1
2019-08-02 16:10:52.596,10451,10452,10452,1
2019-08-02 16:10:54.488,10451,10452,10451,1
2019-08-02 16:10:54.541,10451,10452,10451,2
2019-08-02 16:10:54.541,10451,10452,10451,4
2019-08-02 16:10:54.541,10451,10452,10451,5
2019-08-02 16:10:54.544,10451,10452,10451,2
2019-08-02 16:10:54.546,10451,10452,10451,1
2019-08-02 16:10:54.645,10451,10452,10451,1
2019-08-02 16:10:54.740,10450,10451,10450,1
2019-08-02 16:11:01.920,10450,10451,10451,2
2019-08-02 16:11:01.920,10450,10451,10451,4
2019-08-02 16:11:01.920,10450,10451,10451,1
2019-08-02 16:11:12.113,10450,10451,10450,1
2019-08-02 16:11:12.662,10450,10451,10451,1
2019-08-02 16:11:13.868,10450,10451,10450,5
2019-08-02 16:11:14.041,10450,10451,10450,5
2019-08-02 16:11:15.815,10449,10450,10450,1
2019-08-02 16:11:16.458,10449,10450,10450,2
2019-08-02 16:11:16.458,10449,10450,10450,6
2019-08-02 16:11:16.464,10449,10450,10451,4
2019-08-02 16:11:16.464,10449,10450,10451,2
2019-08-02 16:11:16.464,10449,10450,10451,12
2019-08-02 16:11:16.466,10449,10450,10451,4
2019-08-02 16:11:16.468,10449,10450,10451,4
2019-08-02 16:11:16.541,10450,10451,10451,5
2019-08-02 16:11:16.541,10450,10451,10451,4
2019-08-02 16:11:16.541,10450,10451,10451,2
2019-08-02 16:11:16.666,10451,10452,10452,3
2019-08-02 16:11:16.666,10451,10452,10452,3
2019-08-02 16:11:16.793,10451,10452,10452,3
2019-08-02 16:11:17.037,10451,10452,10452,3
2019-08-02 16:11:17.041,10452,10453,10452,1
2019-08-02 16:11:17.052,10452,10453,10452,5
2019-08-02 16:11:25.736,10450,10451,10451,2
2019-08-02 16:11:25.737,10450,10451,10451,2
2019-08-02 16:11:25.737,10450,10451,10451,2
2019-08-02 16:11:28.447,10451,10452,10452,2
2019-08-02 16:11:28.891,10452,10453,10452,1
2019-08-02 16:11:46.969,10452,10453,10452,1
2019-08-02 16:11:48.830,10452,10453,10453,1
2019-08-02 16:11:51.388,10452,10453,10452,1
2019-08-02 16:11:53.691,10452,10453,10453,1
2019-08-02 16:11:57.586,10452,10453,10452,5
2019-08-02 16:11:59.499,10452,10453,10453,2
2019-08-02 16:11:59.499,10452,10453,10453,1
2019-08-02 16:11:59.513,10452,10453,10453,1
2019-08-02 16:12:08.613,10452,10453,10452,5
2019-08-02 16:12:09.000,10452,10453,10453,1
2019-08-02 16:12:18.124,10452,10453,10452,5
2019-08-02 16:12:25.383,10452,10453,10453,1
2019-08-02 16:12:27.605,10452,10453,10452,1
2019-08-02 16:12:33.377,10452,10453,10452,1
2019-08-02 16:12:33.483,10452,10453,10452,5
2019-08-02 16:12:50.964,10452,10453,10453,1
2019-08-02 16:12:55.177,10452,10453,10452,2
2019-08-02 16:12:55.177,10452,10453,10452,2
2019-08-02 16:12:55.177,10452,10453,10452,2
2019-08-02 16:13:31.794,10451,10452,10452,1
2019-08-02 16:13:31.884,10451,10452,10452,1
2019-08-02 16:13:42.946,10451,10452,10451,3
2019-08-02 16:13:55.039,10450,10452,10452,1
2019-08-02 16:13:58.440,10450,10452,10450,1
2019-08-02 16:13:58.798,10450,10451,10451,1
2019-08-02 16:14:02.344,10450,10451,10451,1
2019-08-02 16:14:10.000,10450,10451,10450,1
2019-08-02 16:14:16.588,10450,10451,10451,3
2019-08-02 16:14:18.511,10451,10452,10451,1
2019-08-02 16:14:19.281,10450,10452,10450,1
2019-08-02 16:14:37.756,10450,10451,10451,5
2019-08-02 16:14:47.218,10450,10451,10451,1
2019-08-02 16:14:51.374,10450,10451,10451,1
2019-08-02 16:14:52.363,10450,10451,10451,2
2019-08-02 16:14:56.328,10450,10451,10450,1
2019-08-02 16:14:59.552,10450,10451,10451,2
2019-08-02 16:14:59.657,10450,10451,10451,1
2019-08-02 16:14:59.723,10451,10452,10451,1
2019-08-02 16:15:02.454,10451,10452,10452,7
2019-08-02 16:15:02.541,10451,10452,10452,3
2019-08-02 16:15:07.080,10452,10453,10452,1
2019-08-02 16:15:07.080,10452,10453,10451,2
2019-08-02 16:15:18.666,10451,10452,10451,4
2019-08-02 16:15:28.463,10451,10452,10451,2
2019-08-02 16:15:28.463,10451,10452,10451,1
2019-08-02 16:15:37.718,10450,10451,10451,1
2019-08-02 16:15:42.813,10451,10452,10451,1
2019-08-02 16:15:44.365,10450,10451,10450,16
2019-08-02 16:15:44.365,10450,10451,10450,5
2019-08-02 16:15:44.366,10450,10451,10450,4
2019-08-02 16:15:44.366,10450,10451,10450,5
2019-08-02 16:15:44.367,10450,10451,10450,8
2019-08-02 16:15:44.971,10449,10450,10451,1
2019-08-02 16:15:45.041,10450,10451,10450,2
2019-08-02 16:15:46.571,10449,10451,10451,5
2019-08-02 16:15:51.971,10450,10451,10451,1
2019-08-02 16:15:55.980,10450,10451,10450,1
2019-08-02 16:15:58.266,10450,10451,10450,1
2019-08-02 16:16:05.542,10450,10451,10450,2
2019-08-02 16:16:06.536,10449,10450,10450,2
2019-08-02 16:16:12.836,10450,10451,10451,1
2019-08-02 16:16:19.450,10449,10451,10451,1
2019-08-02 16:16:41.982,10449,10450,10449,1
2019-08-02 16:16:43.223,10449,10450,10449,1
2019-08-02 16:16:49.007,10449,10450,10449,7
2019-08-02 16:16:52.295,10449,10450,10449,1
2019-08-02 16:16:57.015,10449,10450,10449,2
2019-08-02 16:16:57.015,10449,10450,10449,5
2019-08-02 16:16:57.395,10448,10449,10448,3
2019-08-02 16:17:00.031,10448,10449,10449,1
2019-08-02 16:17:07.779,10448,10449,10449,1
2019-08-02 16:17:13.900,10448,10449,10449,1
2019-08-02 16:17:19.025,10448,10449,10448,1
2019-08-02 16:17:19.898,10448,10449,10448,1
2019-08-02 16:17:26.342,10448,10449,10448,1
2019-08-02 16:17:29.837,10448,10449,10448,3
2019-08-02 16:17:29.916,10448,10449,10448,15
2019-08-02 16:17:29.958,10448,10449,10448,2
2019-08-02 16:17:30.041,10448,10449,10448,2
2019-08-02 16:17:30.166,10448,10449,10448,1
2019-08-02 16:17:31.241,10448,10449,10448,2
2019-08-02 16:17:31.251,10448,10449,10448,3
2019-08-02 16:17:33.905,10447,10448,10448,1
2019-08-02 16:17:35.045,10448,10449,10448,1
2019-08-02 16:17:35.844,10447,10448,10447,1
2019-08-02 16:17:41.086,10447,10448,10447,5
2019-08-02 16:17:45.840,10446,10448,10446,1
2019-08-02 16:17:46.654,10446,10448,10448,1
2019-08-02 16:17:49.682,10447,10448,10447,2
2019-08-02 16:17:49.682,10447,10448,10446,2
2019-08-02 16:17:50.218,10447,10448,10447,2
2019-08-02 16:17:54.191,10446,10447,10447,1
2019-08-02 16:18:02.708,10446,10447,10447,1
2019-08-02 16:18:08.023,10446,10447,10447,5
2019-08-02 16:18:08.023,10446,10447,10447,2
2019-08-02 16:18:16.248,10447,10448,10447,1
2019-08-02 16:18:19.608,10447,10448,10447,1
2019-08-02 16:18:19.910,10447,10448,10447,2
2019-08-02 16:18:21.415,10447,10448,10447,5
2019-08-02 16:18:23.576,10446,10447,10447,1
2019-08-02 16:18:24.764,10447,10448,10447,1
2019-08-02 16:18:39.212,10447,10448,10447,2
2019-08-02 16:18:39.213,10447,10448,10447,3
2019-08-02 16:18:42.720,10446,10447,10447,1
2019-08-02 16:18:43.474,10447,10448,10447,3
2019-08-02 16:18:45.956,10447,10448,10447,1
2019-08-02 16:18:45.989,10447,10448,10447,1
2019-08-02 16:18:46.166,10446,10448,10446,2
2019-08-02 16:18:47.588,10446,10447,10446,1
2019-08-02 16:18:55.941,10446,10447,10447,1
2019-08-02 16:18:57.313,10446,10447,10447,1
2019-08-02 16:18:57.962,10446,10447,10447,1
2019-08-02 16:19:00.358,10446,10447,10447,1
2019-08-02 16:19:01.351,10446,10447,10446,1
2019-08-02 16:19:01.700,10446,10447,10447,1
2019-08-02 16:19:06.371,10446,10447,10447,1
2019-08-02 16:19:17.152,10446,10447,10447,5
2019-08-02 16:19:17.644,10447,10448,10447,2
2019-08-02 16:19:22.210,10447,10448,10447,3
2019-08-02 16:19:23.720,10446,10447,10447,1
2019-08-02 16:19:24.280,10446,10447,10446,1
2019-08-02 16:19:27.710,10446,10447,10447,1
2019-08-02 16:19:31.376,10446,10447,10446,5
2019-08-02 16:19:31.783,10446,10447,10446,4
2019-08-02 16:19:31.784,10446,10447,10446,2
2019-08-02 16:19:32.279,10446,10447,10446,2
2019-08-02 16:19:32.279,10446,10447,10446,2
2019-08-02 16:19:32.279,10446,10447,10446,2
2019-08-02 16:19:32.279,10446,10447,10446,4
2019-08-02 16:19:32.280,10446,10447,10446,4
2019-08-02 16:19:32.291,10446,10447,10446,7
2019-08-02 16:19:32.291,10446,10447,10446,4
2019-08-02 16:19:32.297,10446,10447,10446,1
2019-08-02 16:19:33.781,10445,10446,10445,1
2019-08-02 16:19:39.396,10445,10446,10445,1
2019-08-02 16:19:39.725,10445,10446,10445,1
2019-08-02 16:19:43.945,10445,10446,10446,1
2019-08-02 16:19:50.595,10445,10446,10445,1
2019-08-02 16:19:51.810,10445,10446,10445,1
2019-08-02 16:19:54.490,10445,10446,10445,10
2019-08-02 16:19:55.382,10445,10446,10445,1
2019-08-02 16:19:56.687,10445,10446,10445,1
2019-08-02 16:19:57.147,10445,10446,10446,1
2019-08-02 16:19:57.434,10445,10446,10446,10
2019-08-02 16:19:59.368,10445,10446,10446,1
2019-08-02 16:20:00.076,10445,10446,10445,1
2019-08-02 16:20:00.392,10445,10446,10445,1
2019-08-02 16:20:05.909,10445,10446,10445,2
2019-08-02 16:20:08.176,10445,10446,10445,1
2019-08-02 16:20:10.556,10445,10446,10445,15
2019-08-02 16:20:14.620,10445,10446,10445,1
2019-08-02 16:20:21.172,10445,10446,10445,1
2019-08-02 16:20:21.429,10445,10446,10445,2
2019-08-02 16:20:23.918,10445,10446,10445,2
2019-08-02 16:20:28.379,10445,10446,10445,1
2019-08-02 16:20:29.783,10445,10446,10445,1
2019-08-02 16:20:30.075,10445,10446,10445,2
2019-08-02 16:20:31.674,10445,10446,10445,1
2019-08-02 16:20:35.812,10445,10446,10445,1
2019-08-02 16:20:39.738,10445,10446,10446,1
2019-08-02 16:20:42.176,10445,10446,10445,1
2019-08-02 16:20:42.309,10445,10446,10445,1
2019-08-02 16:20:42.648,10445,10446,10445,2
2019-08-02 16:20:43.315,10444,10445,10445,1
2019-08-02 16:20:44.297,10444,10445,10444,3
2019-08-02 16:20:44.303,10444,10445,10444,1
2019-08-02 16:20:44.306,10444,10445,10444,2
2019-08-02 16:20:44.450,10444,10445,10444,1
2019-08-02 16:20:45.071,10444,10445,10444,15
2019-08-02 16:20:45.485,10444,10445,10444,2
2019-08-02 16:20:46.917,10444,10445,10444,4
2019-08-02 16:20:51.315,10444,10445,10445,1
2019-08-02 16:20:53.918,10444,10445,10444,2
2019-08-02 16:20:55.334,10444,10445,10445,1
2019-08-02 16:20:55.334,10444,10445,10445,6
2019-08-02 16:20:55.335,10444,10445,10445,1
2019-08-02 16:20:55.335,10444,10445,10445,1
2019-08-02 16:20:59.544,10445,10446,10445,2
2019-08-02 16:21:02.145,10444,10445,10444,1
2019-08-02 16:21:02.151,10444,10445,10444,1
2019-08-02 16:21:05.558,10444,10445,10445,1
2019-08-02 16:21:07.282,10444,10445,10444,2
2019-08-02 16:21:07.429,10444,10445,10444,1
2019-08-02 16:21:09.585,10444,10445,10444,1
2019-08-02 16:21:16.650,10444,10445,10445,1
2019-08-02 16:21:16.806,10444,10445,10444,1
2019-08-02 16:21:17.080,10444,10445,10444,5
2019-08-02 16:21:19.858,10444,10445,10445,6
