2021-03-11 15:00:00.042,16160,16161,16163,140,140
2021-03-11 15:00:00.044,16163,16164,16164,1,1
2021-03-11 15:00:00.129,16163,16166,16166,1,1
2021-03-11 15:00:00.137,16163,16166,16163,1,-1
2021-03-11 15:00:00.226,16163,16166,16165,1,1
2021-03-11 15:00:00.229,16163,16166,16166,1,1
2021-03-11 15:00:00.241,16163,16166,16166,4,4
2021-03-11 15:00:00.241,16163,16166,16167,1,1
2021-03-11 15:00:00.259,16164,16167,16167,1,1
2021-03-11 15:00:00.278,16164,16167,16167,1,1
2021-03-11 15:00:00.283,16164,16167,16167,1,1
2021-03-11 15:00:00.331,16164,16167,16166,1,-1
2021-03-11 15:00:00.333,16164,16167,16167,1,1
2021-03-11 15:00:00.340,16164,16167,16167,1,1
2021-03-11 15:00:00.344,16164,16167,16167,1,1
2021-03-11 15:00:00.388,16164,16166,16166,1,1
2021-03-11 15:00:00.400,16164,16166,16167,2,2
2021-03-11 15:00:00.413,16164,16166,16167,1,1
2021-03-11 15:00:00.415,16164,16166,16167,3,3
2021-03-11 15:00:00.423,16164,16166,16167,1,1
2021-03-11 15:00:00.427,16164,16166,16167,1,1
2021-03-11 15:00:00.429,16164,16166,16167,1,1
2021-03-11 15:00:00.448,16164,16166,16167,1,1
2021-03-11 15:00:00.460,16164,16166,16168,1,1
2021-03-11 15:00:00.462,16164,16166,16168,1,1
2021-03-11 15:00:00.462,16164,16166,16168,1,1
2021-03-11 15:00:00.463,16164,16166,16168,1,1
2021-03-11 15:00:00.463,16164,16166,16168,1,1
2021-03-11 15:00:00.464,16164,16166,16169,1,1
2021-03-11 15:00:00.464,16164,16166,16168,1,1
2021-03-11 15:00:00.490,16164,16166,16169,1,1
2021-03-11 15:00:00.490,16164,16166,16169,1,1
2021-03-11 15:00:00.491,16164,16166,16168,1,1
2021-03-11 15:00:00.492,16164,16166,16168,1,1
2021-03-11 15:00:00.493,16164,16166,16168,1,1
2021-03-11 15:00:00.496,16164,16166,16168,1,1
2021-03-11 15:00:00.500,16164,16166,16169,1,1
2021-03-11 15:00:00.501,16164,16166,16169,6,6
2021-03-11 15:00:00.503,16167,16169,16169,1,1
2021-03-11 15:00:00.507,16167,16169,16169,1,1
2021-03-11 15:00:00.521,16167,16169,16168,1,-1
2021-03-11 15:00:00.521,16167,16169,16167,1,-1
2021-03-11 15:00:00.522,16167,16169,16168,1,1
2021-03-11 15:00:00.522,16167,16169,16168,1,-1
2021-03-11 15:00:00.525,16167,16169,16170,1,1
2021-03-11 15:00:00.545,16167,16169,16168,1,-1
2021-03-11 15:00:00.552,16167,16169,16168,1,-1
2021-03-11 15:00:00.552,16167,16169,16168,1,-1
2021-03-11 15:00:00.572,16167,16169,16170,1,1
2021-03-11 15:00:00.579,16167,16169,16170,1,1
2021-03-11 15:00:00.580,16167,16169,16170,1,1
2021-03-11 15:00:00.612,16167,16169,16170,2,2
2021-03-11 15:00:00.648,16167,16170,16170,1,1
2021-03-11 15:00:00.651,16167,16170,16167,4,-4
2021-03-11 15:00:00.651,16167,16170,16166,1,-1
2021-03-11 15:00:00.658,16167,16170,16168,1,1
2021-03-11 15:00:00.676,16167,16170,16169,1,1
2021-03-11 15:00:00.678,16167,16170,16170,1,1
2021-03-11 15:00:00.690,16167,16170,16170,1,1
2021-03-11 15:00:00.708,16167,16170,16168,1,-1
2021-03-11 15:00:00.708,16167,16170,16170,1,1
2021-03-11 15:00:00.717,16167,16170,16170,1,1
2021-03-11 15:00:00.735,16167,16170,16170,1,1
2021-03-11 15:00:00.741,16167,16170,16170,1,1
2021-03-11 15:00:00.751,16167,16170,16171,1,1
2021-03-11 15:00:00.751,16167,16170,16172,2,2
2021-03-11 15:00:00.752,16169,16172,16172,1,1
2021-03-11 15:00:00.768,16169,16172,16173,1,1
2021-03-11 15:00:00.772,16169,16172,16173,1,1
2021-03-11 15:00:00.789,16169,16172,16170,1,-1
2021-03-11 15:00:00.799,16169,16172,16169,1,-1
2021-03-11 15:00:00.807,16169,16172,16172,2,2
2021-03-11 15:00:00.813,16169,16172,16173,1,1
2021-03-11 15:00:00.829,16169,16172,16173,2,2
2021-03-11 15:00:00.831,16169,16172,16171,1,-1
2021-03-11 15:00:00.837,16169,16172,16170,1,-1
2021-03-11 15:00:00.837,16169,16172,16169,2,-2
2021-03-11 15:00:00.837,16169,16172,16168,2,-2
2021-03-11 15:00:00.837,16169,16172,16167,2,-2
2021-03-11 15:00:00.843,16169,16172,16165,1,-1
2021-03-11 15:00:00.870,16169,16172,16165,1,-1
2021-03-11 15:00:00.870,16169,16172,16166,1,1
2021-03-11 15:00:00.880,16164,16171,16169,1,1
2021-03-11 15:00:00.891,16164,16171,16169,1,-1
2021-03-11 15:00:00.897,16164,16171,16170,3,3
2021-03-11 15:00:00.905,16164,16171,16171,1,1
2021-03-11 15:00:01.065,16165,16171,16171,2,2
2021-03-11 15:00:01.065,16165,16171,16172,2,2
2021-03-11 15:00:01.088,16165,16171,16165,1,-1
2021-03-11 15:00:01.088,16165,16171,16164,1,-1
2021-03-11 15:00:01.100,16165,16171,16171,1,1
2021-03-11 15:00:01.118,16165,16171,16172,1,1
2021-03-11 15:00:01.254,16169,16172,16172,1,1
2021-03-11 15:00:01.254,16169,16172,16173,1,1
2021-03-11 15:00:01.263,16169,16172,16174,1,1
2021-03-11 15:00:01.269,16169,16172,16174,1,1
2021-03-11 15:00:01.291,16169,16172,16174,2,2
2021-03-11 15:00:01.294,16169,16172,16174,1,1
2021-03-11 15:00:01.308,16169,16172,16170,2,-2
2021-03-11 15:00:01.309,16169,16172,16170,1,-1
2021-03-11 15:00:01.426,16169,16174,16174,1,1
2021-03-11 15:00:01.427,16169,16174,16174,1,1
2021-03-11 15:00:01.450,16169,16174,16169,1,-1
2021-03-11 15:00:01.464,16169,16174,16173,1,1
2021-03-11 15:00:01.469,16169,16174,16173,1,-1
2021-03-11 15:00:01.490,16169,16174,16171,1,-1
2021-03-11 15:00:01.543,16169,16173,16173,1,1
2021-03-11 15:00:01.583,16169,16173,16174,1,1
2021-03-11 15:00:01.623,16169,16173,16170,2,-2
2021-03-11 15:00:01.828,16170,16171,16171,2,2
2021-03-11 15:00:01.828,16170,16171,16170,1,-1
2021-03-11 15:00:01.891,16170,16173,16172,1,1
2021-03-11 15:00:01.891,16170,16173,16170,1,-1
2021-03-11 15:00:01.997,16170,16173,16172,1,1
2021-03-11 15:00:01.998,16170,16173,16170,1,-1
2021-03-11 15:00:02.048,16170,16173,16173,1,1
2021-03-11 15:00:02.049,16170,16173,16171,1,-1
2021-03-11 15:00:02.115,16170,16173,16170,1,-1
2021-03-11 15:00:02.125,16170,16173,16169,3,-3
2021-03-11 15:00:02.127,16167,16169,16169,1,1
2021-03-11 15:00:02.231,16167,16169,16171,1,1
2021-03-11 15:00:02.271,16170,16172,16171,1,-1
2021-03-11 15:00:02.516,16170,16172,16172,1,1
2021-03-11 15:00:02.561,16170,16172,16172,1,1
2021-03-11 15:00:02.732,16170,16173,16173,1,1
2021-03-11 15:00:02.782,16170,16173,16170,1,-1
2021-03-11 15:00:02.788,16170,16173,16173,2,2
2021-03-11 15:00:02.788,16170,16173,16170,1,-1
2021-03-11 15:00:03.172,16170,16171,16171,1,1
2021-03-11 15:00:03.172,16170,16171,16170,1,-1
2021-03-11 15:00:03.211,16170,16171,16169,1,-1
2021-03-11 15:00:03.227,16170,16171,16170,1,1
2021-03-11 15:00:03.227,16170,16171,16171,1,1
2021-03-11 15:00:03.321,16169,16172,16172,1,1
2021-03-11 15:00:03.762,16170,16171,16170,1,-1
2021-03-11 15:00:04.752,16169,16170,16169,1,-1
2021-03-11 15:00:04.950,16168,16170,16170,2,2
2021-03-11 15:00:05.116,16168,16170,16170,1,1
2021-03-11 15:00:05.693,16168,16170,16170,1,1
2021-03-11 15:00:05.752,16168,16170,16170,1,1
2021-03-11 15:00:05.754,16168,16170,16170,1,1
2021-03-11 15:00:06.004,16169,16171,16171,1,1
2021-03-11 15:00:06.695,16169,16171,16171,1,1
2021-03-11 15:00:06.819,16169,16171,16171,1,1
2021-03-11 15:00:06.888,16169,16171,16171,1,1
2021-03-11 15:00:07.204,16169,16171,16171,2,2
2021-03-11 15:00:07.204,16169,16171,16172,2,2
2021-03-11 15:00:07.765,16168,16170,16170,2,2
2021-03-11 15:00:07.775,16168,16170,16170,1,1
2021-03-11 15:00:07.775,16168,16170,16171,1,1
2021-03-11 15:00:07.782,16168,16170,16171,1,1
2021-03-11 15:00:07.782,16168,16170,16171,1,1
2021-03-11 15:00:07.792,16168,16170,16171,1,1
2021-03-11 15:00:08.226,16170,16171,16170,1,-1
2021-03-11 15:00:08.424,16169,16171,16171,1,1
2021-03-11 15:00:08.424,16169,16171,16172,3,3
2021-03-11 15:00:09.453,16170,16171,16171,1,1
2021-03-11 15:00:09.453,16170,16171,16172,13,13
2021-03-11 15:00:09.453,16170,16171,16173,2,2
2021-03-11 15:00:09.453,16170,16171,16174,9,9
2021-03-11 15:00:09.502,16172,16174,16174,1,1
2021-03-11 15:00:09.503,16172,16174,16174,3,3
2021-03-11 15:00:09.627,16172,16174,16174,1,1
2021-03-11 15:00:09.662,16172,16174,16173,1,-1
2021-03-11 15:00:09.972,16172,16174,16172,1,-1
2021-03-11 15:00:09.972,16172,16174,16171,1,-1
2021-03-11 15:00:10.247,16170,16172,16172,1,1
2021-03-11 15:00:10.296,16171,16174,16174,1,1
2021-03-11 15:00:10.334,16171,16174,16172,1,-1
2021-03-11 15:00:10.353,16171,16174,16174,1,1
2021-03-11 15:00:10.396,16172,16175,16175,1,1
2021-03-11 15:00:10.412,16172,16175,16172,1,-1
2021-03-11 15:00:10.412,16172,16175,16171,3,-3
2021-03-11 15:00:10.412,16172,16175,16170,2,-2
2021-03-11 15:00:10.412,16172,16175,16169,2,-2
2021-03-11 15:00:10.499,16172,16175,16173,1,1
2021-03-11 15:00:10.521,16172,16173,16172,3,-3
2021-03-11 15:00:10.521,16172,16173,16169,3,-3
2021-03-11 15:00:10.521,16172,16173,16168,1,-1
2021-03-11 15:00:10.760,16169,16172,16172,1,1
2021-03-11 15:00:10.801,16169,16172,16173,1,1
2021-03-11 15:00:10.821,16169,16172,16173,1,1
2021-03-11 15:00:11.002,16169,16172,16172,1,1
2021-03-11 15:00:11.252,16173,16175,16175,1,1
2021-03-11 15:00:11.425,16173,16175,16175,6,6
2021-03-11 15:00:11.425,16173,16175,16176,4,4
2021-03-11 15:00:12.322,16176,16177,16176,1,-1
2021-03-11 15:00:12.456,16176,16177,16176,14,-14
2021-03-11 15:00:12.607,16173,16176,16173,1,-1
2021-03-11 15:00:14.228,16175,16177,16175,1,1
2021-03-11 15:00:14.978,16174,16175,16174,1,-1
2021-03-11 15:00:16.587,16174,16175,16175,2,2
2021-03-11 15:00:16.593,16174,16175,16175,4,4
2021-03-11 15:00:16.613,16174,16175,16176,3,3
2021-03-11 15:00:17.276,16174,16175,16175,1,1
2021-03-11 15:00:17.958,16174,16175,16174,6,-6
2021-03-11 15:00:17.958,16174,16175,16173,6,-6
2021-03-11 15:00:18.071,16173,16175,16173,1,-1
2021-03-11 15:00:18.114,16173,16175,16174,1,1
2021-03-11 15:00:18.995,16174,16175,16174,1,-1
2021-03-11 15:00:19.170,16174,16175,16174,1,-1
2021-03-11 15:00:19.371,16174,16175,16174,1,-1
2021-03-11 15:00:19.418,16174,16175,16175,1,1
2021-03-11 15:00:19.418,16174,16175,16175,1,1
2021-03-11 15:00:19.418,16174,16175,16175,20,20
2021-03-11 15:00:19.419,16174,16175,16176,2,2
2021-03-11 15:00:19.421,16174,16175,16176,6,6
2021-03-11 15:00:19.453,16174,16175,16176,1,1
2021-03-11 15:00:19.598,16175,16177,16175,1,-1
2021-03-11 15:00:20.291,16176,16177,16176,1,1
2021-03-11 15:00:20.291,16176,16177,16175,1,-1
2021-03-11 15:00:20.301,16176,16177,16176,1,1
2021-03-11 15:00:20.579,16175,16177,16176,1,-1
2021-03-11 15:00:20.828,16175,16177,16177,4,4
2021-03-11 15:00:21.212,16176,16178,16176,2,-2
2021-03-11 15:00:21.212,16176,16178,16175,1,-1
2021-03-11 15:00:22.060,16176,16178,16176,1,1
2021-03-11 15:00:22.485,16176,16178,16176,2,-2
2021-03-11 15:00:24.127,16176,16177,16177,1,1
2021-03-11 15:00:24.812,16176,16177,16177,6,6
2021-03-11 15:00:25.500,16177,16178,16177,4,-4
2021-03-11 15:00:25.566,16177,16178,16178,1,1
2021-03-11 15:00:25.754,16177,16178,16177,4,-4
2021-03-11 15:00:25.883,16177,16178,16178,1,1
2021-03-11 15:00:26.002,16177,16178,16178,1,1
2021-03-11 15:00:26.003,16177,16178,16178,3,3
2021-03-11 15:00:26.004,16177,16178,16178,6,6
2021-03-11 15:00:26.932,16177,16179,16177,1,-1
2021-03-11 15:00:27.250,16177,16179,16177,2,-2
2021-03-11 15:00:27.651,16177,16179,16177,1,-1
2021-03-11 15:00:28.268,16177,16178,16178,1,1
2021-03-11 15:00:28.289,16177,16178,16177,1,-1
2021-03-11 15:00:29.989,16177,16178,16178,1,1
2021-03-11 15:00:31.119,16177,16178,16178,2,2
2021-03-11 15:00:33.168,16177,16178,16177,2,-2
2021-03-11 15:00:33.498,16177,16178,16177,1,-1
2021-03-11 15:00:33.553,16177,16178,16177,1,-1
2021-03-11 15:00:33.588,16177,16178,16177,3,-3
2021-03-11 15:00:33.588,16177,16178,16177,9,-9
2021-03-11 15:00:34.191,16176,16177,16177,1,1
2021-03-11 15:00:34.389,16176,16177,16177,1,1
2021-03-11 15:00:34.390,16176,16177,16177,1,1
2021-03-11 15:00:34.391,16176,16177,16177,1,1
2021-03-11 15:00:36.089,16176,16177,16177,2,2
2021-03-11 15:00:36.442,16176,16177,16177,3,3
2021-03-11 15:00:36.442,16176,16177,16178,7,7
2021-03-11 15:00:36.459,16176,16177,16178,1,1
2021-03-11 15:00:37.198,16176,16178,16177,1,-1
2021-03-11 15:00:37.332,16176,16178,16176,1,-1
2021-03-11 15:00:37.426,16176,16178,16176,3,-3
2021-03-11 15:00:37.668,16176,16178,16177,1,1
2021-03-11 15:00:37.770,16177,16178,16178,8,8
2021-03-11 15:00:38.403,16177,16178,16177,1,-1
2021-03-11 15:00:38.403,16177,16178,16176,2,-2
2021-03-11 15:00:39.744,16176,16177,16176,1,-1
2021-03-11 15:00:39.744,16176,16177,16175,2,-2
2021-03-11 15:00:40.153,16175,16177,16177,1,1
2021-03-11 15:00:40.879,16175,16177,16177,1,1
2021-03-11 15:00:41.327,16175,16177,16177,1,1
2021-03-11 15:00:41.388,16176,16178,16176,2,-2
2021-03-11 15:00:41.388,16176,16178,16175,1,-1
2021-03-11 15:00:41.708,16175,16178,16176,1,1
2021-03-11 15:00:41.969,16175,16176,16176,1,1
2021-03-11 15:00:42.628,16175,16176,16175,1,-1
2021-03-11 15:00:42.628,16175,16176,16175,1,-1
2021-03-11 15:00:42.783,16175,16176,16175,1,-1
2021-03-11 15:00:43.044,16175,16176,16175,12,-12
2021-03-11 15:00:43.044,16175,16176,16175,1,-1
2021-03-11 15:00:43.044,16175,16176,16175,2,-2
2021-03-11 15:00:43.045,16175,16176,16175,3,-3
2021-03-11 15:00:43.045,16175,16176,16175,1,-1
2021-03-11 15:00:43.045,16175,16176,16175,1,-1
2021-03-11 15:00:43.045,16175,16176,16175,1,-1
2021-03-11 15:00:43.045,16175,16176,16175,1,-1
2021-03-11 15:00:43.415,16175,16176,16176,1,1
2021-03-11 15:00:43.681,16175,16176,16176,1,1
2021-03-11 15:00:44.384,16175,16177,16175,1,-1
2021-03-11 15:00:44.958,16175,16176,16176,2,2
2021-03-11 15:00:46.833,16176,16177,16176,4,-4
2021-03-11 15:00:47.370,16175,16176,16175,1,-1
2021-03-11 15:00:47.583,16174,16176,16174,1,-1
2021-03-11 15:00:53.318,16175,16176,16175,6,6
2021-03-11 15:00:53.318,16175,16176,16175,4,-4
2021-03-11 15:00:54.744,16174,16175,16174,3,-3
2021-03-11 15:00:54.745,16174,16175,16174,1,-1
2021-03-11 15:00:55.034,16174,16175,16174,2,-2
2021-03-11 15:00:55.034,16174,16175,16173,3,-3
2021-03-11 15:00:55.034,16174,16175,16172,2,-2
2021-03-11 15:00:55.049,16174,16175,16172,2,-2
2021-03-11 15:00:55.049,16174,16175,16171,2,-2
2021-03-11 15:00:55.111,16174,16175,16173,2,2
2021-03-11 15:00:55.111,16174,16175,16174,3,3
2021-03-11 15:00:55.159,16171,16173,16173,1,1
2021-03-11 15:00:55.159,16171,16173,16174,1,1
2021-03-11 15:00:55.535,16172,16173,16173,1,1
2021-03-11 15:00:55.552,16172,16173,16173,1,1
2021-03-11 15:00:55.924,16172,16173,16172,1,-1
2021-03-11 15:00:56.247,16171,16172,16171,1,-1
2021-03-11 15:00:56.249,16171,16172,16171,5,-5
2021-03-11 15:00:56.433,16171,16172,16172,1,1
2021-03-11 15:00:56.535,16171,16172,16171,2,-2
2021-03-11 15:00:56.785,16170,16171,16170,6,-6
2021-03-11 15:00:57.021,16170,16171,16170,4,-4
2021-03-11 15:00:57.093,16170,16171,16170,2,-2
2021-03-11 15:00:57.332,16170,16171,16170,1,-1
2021-03-11 15:00:57.401,16169,16170,16170,3,3
2021-03-11 15:00:57.401,16169,16170,16170,1,1
2021-03-11 15:00:57.401,16169,16170,16170,1,1
2021-03-11 15:00:58.210,16169,16170,16169,1,-1
2021-03-11 15:00:58.507,16169,16170,16169,1,-1
2021-03-11 15:00:59.669,16168,16170,16170,1,1
2021-03-11 15:01:00.034,16168,16170,16170,2,2
2021-03-11 15:01:00.034,16168,16170,16170,1,1
2021-03-11 15:01:00.034,16168,16170,16170,1,1
2021-03-11 15:01:00.034,16168,16170,16170,2,2
2021-03-11 15:01:00.053,16168,16170,16171,1,1
2021-03-11 15:01:00.213,16170,16171,16171,1,1
2021-03-11 15:01:00.268,16170,16171,16170,1,-1
2021-03-11 15:01:00.560,16170,16171,16171,1,1
2021-03-11 15:01:00.560,16170,16171,16171,3,3
2021-03-11 15:01:00.562,16170,16171,16172,2,2
2021-03-11 15:01:00.562,16170,16171,16172,2,2
2021-03-11 15:01:00.564,16170,16171,16173,1,1
2021-03-11 15:01:00.597,16170,16171,16173,1,1
2021-03-11 15:01:00.597,16170,16171,16173,1,1
2021-03-11 15:01:00.610,16170,16171,16173,1,1
2021-03-11 15:01:00.614,16170,16171,16173,1,1
2021-03-11 15:01:00.671,16173,16174,16173,1,-1
2021-03-11 15:01:00.761,16171,16173,16173,1,1
2021-03-11 15:01:01.139,16171,16173,16171,1,-1
2021-03-11 15:01:01.254,16171,16173,16171,1,-1
2021-03-11 15:01:01.479,16171,16173,16171,5,-5
2021-03-11 15:01:01.479,16171,16173,16170,8,-8
2021-03-11 15:01:01.480,16171,16173,16170,2,-2
2021-03-11 15:01:02.680,16169,16171,16171,1,1
2021-03-11 15:01:02.810,16170,16171,16171,5,5
2021-03-11 15:01:03.022,16170,16171,16171,1,1
2021-03-11 15:01:03.022,16170,16171,16172,2,2
2021-03-11 15:01:03.423,16170,16172,16170,1,-1
2021-03-11 15:01:03.529,16168,16169,16168,1,-1
2021-03-11 15:01:03.529,16168,16169,16168,1,-1
2021-03-11 15:01:03.718,16167,16168,16167,2,-2
2021-03-11 15:01:03.838,16167,16169,16167,1,-1
2021-03-11 15:01:04.083,16167,16168,16167,1,-1
2021-03-11 15:01:04.084,16167,16168,16167,1,-1
2021-03-11 15:01:04.084,16167,16168,16167,1,-1
2021-03-11 15:01:04.121,16167,16168,16167,1,-1
2021-03-11 15:01:04.131,16167,16168,16167,2,-2
2021-03-11 15:01:05.030,16166,16168,16166,2,-2
2021-03-11 15:01:05.056,16166,16168,16166,1,-1
2021-03-11 15:01:05.210,16166,16168,16166,1,-1
2021-03-11 15:01:06.132,16166,16167,16167,1,1
2021-03-11 15:01:07.562,16167,16169,16167,2,-2
2021-03-11 15:01:07.587,16167,16169,16166,2,-2
2021-03-11 15:01:07.629,16165,16168,16167,1,1
2021-03-11 15:01:07.629,16165,16168,16166,1,-1
2021-03-11 15:01:07.629,16165,16168,16165,1,-1
2021-03-11 15:01:07.629,16165,16168,16165,1,-1
2021-03-11 15:01:07.629,16165,16168,16165,1,-1
2021-03-11 15:01:07.629,16165,16168,16165,1,-1
2021-03-11 15:01:07.630,16165,16168,16165,1,-1
2021-03-11 15:01:07.630,16165,16168,16165,1,-1
2021-03-11 15:01:07.630,16165,16168,16164,1,-1
2021-03-11 15:01:07.632,16165,16168,16164,1,-1
2021-03-11 15:01:07.632,16165,16168,16164,1,-1
2021-03-11 15:01:07.632,16165,16168,16164,1,-1
2021-03-11 15:01:07.633,16165,16168,16163,1,-1
2021-03-11 15:01:07.634,16165,16168,16164,1,1
2021-03-11 15:01:07.635,16165,16168,16163,1,-1
2021-03-11 15:01:08.920,16165,16166,16165,1,1
2021-03-11 15:01:08.956,16165,16166,16165,1,-1
2021-03-11 15:01:10.097,16165,16166,16166,1,1
2021-03-11 15:01:10.184,16166,16167,16166,1,-1
2021-03-11 15:01:10.228,16166,16167,16165,1,-1
2021-03-11 15:01:12.465,16165,16167,16167,1,1
2021-03-11 15:01:13.791,16166,16168,16167,1,-1
2021-03-11 15:01:13.969,16166,16168,16167,1,-1
2021-03-11 15:01:14.181,16166,16168,16167,1,-1
2021-03-11 15:01:14.458,16166,16168,16166,1,-1
2021-03-11 15:01:14.528,16165,16167,16165,1,-1
2021-03-11 15:01:15.193,16166,16167,16166,1,1
2021-03-11 15:01:15.320,16165,16167,16165,1,-1
2021-03-11 15:01:16.095,16166,16167,16167,1,1
2021-03-11 15:01:16.442,16166,16167,16167,1,1
2021-03-11 15:01:18.573,16166,16167,16167,1,1
2021-03-11 15:01:18.629,16167,16168,16167,1,-1
2021-03-11 15:01:18.629,16167,16168,16166,1,-1
2021-03-11 15:01:18.630,16167,16168,16166,1,-1
2021-03-11 15:01:18.815,16166,16168,16168,1,1
2021-03-11 15:01:19.583,16166,16168,16168,1,1
2021-03-11 15:01:20.192,16167,16168,16167,1,-1
2021-03-11 15:01:20.325,16166,16168,16166,1,-1
2021-03-11 15:01:20.433,16166,16168,16168,2,2
2021-03-11 15:01:21.414,16167,16169,16167,1,-1
2021-03-11 15:01:22.364,16166,16168,16167,1,-1
2021-03-11 15:01:23.228,16166,16168,16167,2,-2
2021-03-11 15:01:23.228,16166,16168,16167,3,-3
2021-03-11 15:01:23.897,16166,16167,16166,2,-2
2021-03-11 15:01:23.897,16166,16167,16166,3,-3
2021-03-11 15:01:23.897,16166,16167,16166,3,-3
2021-03-11 15:01:23.897,16166,16167,16166,1,-1
2021-03-11 15:01:23.897,16166,16167,16166,1,-1
2021-03-11 15:01:23.897,16166,16167,16166,1,-1
2021-03-11 15:01:23.897,16166,16167,16166,1,-1
2021-03-11 15:01:23.897,16166,16167,16166,1,-1
2021-03-11 15:01:24.556,16165,16167,16167,1,1
2021-03-11 15:01:27.603,16165,16166,16165,3,-3
2021-03-11 15:01:27.627,16165,16166,16165,3,-3
2021-03-11 15:01:27.731,16165,16166,16164,1,-1
2021-03-11 15:01:28.469,16164,16166,16164,2,-2
2021-03-11 15:01:28.470,16164,16166,16164,1,-1
2021-03-11 15:01:28.470,16164,16166,16164,1,-1
2021-03-11 15:01:28.470,16164,16166,16164,1,-1
2021-03-11 15:01:28.470,16164,16166,16164,3,-3
2021-03-11 15:01:28.505,16163,16164,16163,1,-1
2021-03-11 15:01:28.505,16163,16164,16163,1,-1
2021-03-11 15:01:28.546,16163,16164,16164,1,1
2021-03-11 15:01:28.776,16163,16164,16164,1,1
2021-03-11 15:01:29.130,16163,16164,16163,1,-1
2021-03-11 15:01:29.977,16163,16165,16164,1,1
2021-03-11 15:01:30.296,16163,16164,16163,1,-1
2021-03-11 15:01:30.460,16163,16164,16163,1,-1
2021-03-11 15:01:30.502,16163,16164,16163,11,-11
2021-03-11 15:01:30.503,16163,16164,16163,4,-4
2021-03-11 15:01:30.503,16163,16164,16163,5,-5
2021-03-11 15:01:30.504,16163,16164,16163,23,-23
2021-03-11 15:01:31.036,16162,16163,16163,3,3
2021-03-11 15:01:31.036,16162,16163,16164,2,2
2021-03-11 15:01:31.905,16162,16163,16162,1,-1
2021-03-11 15:01:32.532,16162,16163,16163,2,2
2021-03-11 15:01:32.603,16162,16163,16162,10,-10
2021-03-11 15:01:33.122,16161,16162,16162,1,1
2021-03-11 15:01:33.700,16161,16162,16162,4,4
2021-03-11 15:01:34.933,16163,16164,16164,1,1
2021-03-11 15:01:35.104,16163,16164,16163,1,-1
2021-03-11 15:01:35.214,16163,16164,16163,1,-1
2021-03-11 15:01:35.451,16163,16164,16163,1,-1
2021-03-11 15:01:35.976,16163,16164,16164,2,2
2021-03-11 15:01:37.488,16164,16165,16165,1,1
2021-03-11 15:01:37.780,16164,16165,16164,1,-1
2021-03-11 15:01:37.780,16164,16165,16163,7,-7
2021-03-11 15:01:37.780,16164,16165,16162,2,-2
2021-03-11 15:01:38.185,16163,16165,16163,1,1
2021-03-11 15:01:38.254,16163,16165,16163,1,-1
2021-03-11 15:01:40.790,16163,16164,16164,1,1
2021-03-11 15:01:40.952,16163,16165,16163,1,-1
2021-03-11 15:01:41.572,16163,16165,16163,1,-1
2021-03-11 15:01:46.434,16164,16165,16165,1,1
2021-03-11 15:01:46.434,16164,16165,16165,2,2
2021-03-11 15:01:46.434,16164,16165,16165,1,1
2021-03-11 15:01:46.435,16164,16165,16165,1,1
2021-03-11 15:01:46.435,16164,16165,16165,1,1
2021-03-11 15:01:46.435,16164,16165,16165,1,1
2021-03-11 15:01:46.435,16164,16165,16165,1,1
2021-03-11 15:01:46.435,16164,16165,16165,10,10
2021-03-11 15:01:46.608,16164,16166,16164,1,-1
2021-03-11 15:01:48.104,16165,16166,16166,2,2
2021-03-11 15:01:48.130,16165,16167,16165,1,-1
2021-03-11 15:01:48.130,16165,16167,16165,1,-1
2021-03-11 15:01:51.182,16165,16166,16166,1,1
2021-03-11 15:01:51.303,16165,16166,16165,1,-1
2021-03-11 15:01:53.918,16165,16166,16166,2,2
2021-03-11 15:01:54.449,16165,16166,16165,1,-1
2021-03-11 15:01:54.688,16165,16166,16165,2,-2
2021-03-11 15:01:55.630,16165,16166,16166,2,2
2021-03-11 15:01:55.828,16165,16167,16165,1,-1
2021-03-11 15:01:58.048,16166,16167,16167,11,11
2021-03-11 15:01:58.196,16167,16168,16167,1,-1
2021-03-11 15:01:59.150,16167,16168,16168,2,2
2021-03-11 15:01:59.150,16167,16168,16168,4,4
2021-03-11 15:01:59.150,16167,16168,16168,1,1
2021-03-11 15:01:59.535,16167,16169,16167,1,-1
2021-03-11 15:01:59.620,16167,16169,16169,1,1
2021-03-11 15:01:59.947,16167,16169,16167,1,-1
2021-03-11 15:02:01.700,16168,16169,16168,1,1
2021-03-11 15:02:01.700,16168,16169,16167,4,-4
2021-03-11 15:02:01.700,16168,16169,16166,5,-5
2021-03-11 15:02:01.836,16166,16168,16167,1,1
2021-03-11 15:02:05.002,16166,16167,16167,2,2
2021-03-11 15:02:05.195,16166,16167,16166,1,-1
2021-03-11 15:02:10.900,16165,16166,16166,4,4
2021-03-11 15:02:11.089,16166,16167,16166,1,-1
2021-03-11 15:02:11.226,16166,16167,16167,1,1
2021-03-11 15:02:11.494,16166,16167,16166,1,-1
2021-03-11 15:02:15.200,16166,16167,16167,1,1
2021-03-11 15:02:15.288,16166,16167,16166,1,-1
2021-03-11 15:02:18.043,16166,16167,16167,1,1
2021-03-11 15:02:18.043,16166,16167,16167,1,1
2021-03-11 15:02:18.043,16166,16167,16167,1,1
2021-03-11 15:02:18.043,16166,16167,16167,1,1
2021-03-11 15:02:18.085,16166,16167,16167,1,1
2021-03-11 15:02:18.085,16166,16167,16167,1,1
2021-03-11 15:02:18.157,16166,16167,16167,7,7
2021-03-11 15:02:18.493,16167,16168,16167,2,-2
2021-03-11 15:02:19.188,16166,16168,16168,2,2
2021-03-11 15:02:19.304,16168,16169,16169,1,1
2021-03-11 15:02:19.406,16168,16169,16169,1,1
2021-03-11 15:02:19.594,16168,16169,16169,1,1
2021-03-11 15:02:20.296,16168,16169,16169,1,1
2021-03-11 15:02:20.431,16168,16170,16168,1,-1
2021-03-11 15:02:21.202,16168,16169,16168,1,-1
2021-03-11 15:02:22.004,16168,16169,16169,1,1
2021-03-11 15:02:22.004,16168,16169,16169,1,1
2021-03-11 15:02:23.743,16169,16170,16170,13,13
2021-03-11 15:02:25.093,16170,16171,16171,1,1
2021-03-11 15:02:25.164,16170,16172,16170,1,-1
2021-03-11 15:02:26.397,16170,16172,16172,1,1
2021-03-11 15:02:26.661,16170,16172,16172,1,1
2021-03-11 15:02:29.227,16170,16172,16172,1,1
2021-03-11 15:02:32.945,16170,16172,16172,3,3
2021-03-11 15:02:33.039,16171,16173,16171,1,-1
2021-03-11 15:02:36.361,16171,16173,16171,2,-2
2021-03-11 15:02:36.462,16171,16173,16171,1,-1
2021-03-11 15:02:39.095,16171,16173,16171,1,-1
2021-03-11 15:02:40.377,16171,16173,16173,6,6
2021-03-11 15:02:40.576,16172,16174,16172,1,-1
2021-03-11 15:02:49.002,16173,16174,16174,8,8
2021-03-11 15:02:49.003,16173,16174,16174,1,1
2021-03-11 15:02:49.003,16173,16174,16174,2,2
2021-03-11 15:02:49.204,16173,16175,16173,1,-1
2021-03-11 15:02:49.311,16173,16175,16175,1,1
2021-03-11 15:02:49.572,16173,16175,16173,1,-1
2021-03-11 15:02:49.573,16173,16175,16173,5,-5
2021-03-11 15:02:49.573,16173,16175,16173,1,-1
2021-03-11 15:02:49.573,16173,16175,16173,13,-13
2021-03-11 15:02:50.603,16173,16175,16175,1,1
2021-03-11 15:02:50.667,16173,16175,16173,1,-1
2021-03-11 15:02:51.468,16173,16175,16175,1,1
2021-03-11 15:02:54.017,16173,16175,16175,1,1
2021-03-11 15:02:54.537,16173,16175,16175,15,15
2021-03-11 15:02:54.537,16173,16175,16175,6,6
2021-03-11 15:02:54.537,16173,16175,16175,1,1
2021-03-11 15:02:54.540,16173,16175,16176,1,1
2021-03-11 15:02:54.706,16174,16176,16176,2,2
2021-03-11 15:02:56.165,16175,16177,16177,1,1
2021-03-11 15:02:56.320,16175,16177,16175,1,-1
2021-03-11 15:02:56.468,16175,16177,16175,1,-1
2021-03-11 15:02:56.559,16175,16177,16177,1,1
2021-03-11 15:02:57.197,16175,16177,16177,1,1
2021-03-11 15:02:58.668,16175,16177,16176,1,-1
2021-03-11 15:02:59.470,16176,16177,16176,1,-1
2021-03-11 15:02:59.931,16175,16177,16175,2,-2
2021-03-11 15:03:00.911,16174,16176,16176,1,1
2021-03-11 15:03:01.047,16174,16176,16176,1,1
2021-03-11 15:03:01.137,16174,16176,16174,1,-1
2021-03-11 15:03:01.358,16174,16176,16174,1,-1
2021-03-11 15:03:01.958,16174,16176,16176,1,1
2021-03-11 15:03:06.936,16174,16176,16176,1,1
2021-03-11 15:03:06.962,16174,16176,16176,1,1
2021-03-11 15:03:07.087,16174,16176,16175,1,-1
2021-03-11 15:03:10.899,16174,16175,16175,5,5
2021-03-11 15:03:11.087,16174,16176,16174,1,-1
2021-03-11 15:03:12.189,16174,16175,16174,1,-1
2021-03-11 15:03:12.644,16174,16175,16175,1,1
2021-03-11 15:03:12.982,16174,16176,16176,1,1
2021-03-11 15:03:13.744,16174,16175,16175,1,1
2021-03-11 15:03:14.631,16175,16176,16175,1,-1
2021-03-11 15:03:18.611,16174,16175,16175,1,1
2021-03-11 15:03:18.719,16174,16175,16174,1,-1
2021-03-11 15:03:19.750,16174,16175,16175,2,2
2021-03-11 15:03:22.249,16174,16175,16174,2,-2
2021-03-11 15:03:22.294,16174,16175,16174,1,-1
2021-03-11 15:03:31.021,16174,16175,16175,3,3
2021-03-11 15:03:31.021,16174,16175,16176,1,1
2021-03-11 15:03:31.148,16174,16176,16176,5,5
2021-03-11 15:03:31.173,16174,16176,16174,1,-1
2021-03-11 15:03:36.799,16175,16176,16175,1,1
2021-03-11 15:03:40.112,16174,16176,16175,1,-1
2021-03-11 15:03:40.176,16174,16176,16176,21,21
2021-03-11 15:03:40.178,16174,16176,16177,2,2
2021-03-11 15:03:40.179,16174,16176,16177,9,9
2021-03-11 15:03:40.238,16174,16176,16178,1,1
2021-03-11 15:03:40.257,16176,16178,16178,1,1
2021-03-11 15:03:40.462,16176,16178,16178,1,1
2021-03-11 15:03:40.508,16176,16178,16178,1,1
2021-03-11 15:03:42.489,16177,16178,16177,1,-1
2021-03-11 15:03:42.986,16176,16178,16177,1,-1
2021-03-11 15:03:44.264,16176,16177,16177,1,1
2021-03-11 15:03:44.361,16176,16177,16176,1,-1
2021-03-11 15:03:44.832,16176,16178,16178,1,1
2021-03-11 15:03:49.295,16177,16178,16178,2,2
2021-03-11 15:03:49.390,16177,16178,16178,1,1
2021-03-11 15:03:52.213,16177,16178,16177,1,-1
2021-03-11 15:03:54.338,16177,16178,16178,2,2
2021-03-11 15:03:54.974,16177,16178,16178,2,2
2021-03-11 15:03:54.974,16177,16178,16178,1,1
2021-03-11 15:03:54.974,16177,16178,16178,4,4
2021-03-11 15:03:55.935,16178,16179,16178,2,-2
2021-03-11 15:03:56.672,16178,16179,16178,1,-1
2021-03-11 15:03:59.023,16178,16179,16179,3,3
2021-03-11 15:03:59.921,16178,16179,16178,1,-1
2021-03-11 15:03:59.921,16178,16179,16177,1,-1
2021-03-11 15:04:00.162,16178,16179,16178,3,3
2021-03-11 15:04:00.162,16178,16179,16177,9,-9
2021-03-11 15:04:00.425,16177,16179,16179,1,1
2021-03-11 15:04:03.863,16178,16179,16179,1,1
2021-03-11 15:04:05.848,16178,16179,16178,1,-1
2021-03-11 15:04:05.870,16178,16179,16179,3,3
2021-03-11 15:04:05.934,16178,16179,16178,1,-1
2021-03-11 15:04:05.935,16178,16179,16178,2,-2
2021-03-11 15:04:06.881,16177,16179,16179,1,1
2021-03-11 15:04:07.020,16177,16179,16179,2,2
2021-03-11 15:04:12.089,16178,16179,16179,1,1
2021-03-11 15:04:12.306,16178,16179,16179,3,3
2021-03-11 15:04:14.421,16178,16179,16179,1,1
2021-03-11 15:04:17.572,16178,16179,16179,1,1
2021-03-11 15:04:17.681,16178,16179,16178,1,-1
2021-03-11 15:04:19.199,16178,16179,16179,1,1
2021-03-11 15:04:19.702,16178,16179,16179,11,11
2021-03-11 15:04:19.703,16178,16179,16180,5,5
2021-03-11 15:04:20.127,16179,16180,16179,1,-1
2021-03-11 15:04:20.277,16179,16180,16180,1,1
2021-03-11 15:04:20.344,16179,16180,16180,1,1
2021-03-11 15:04:20.404,16179,16180,16180,1,1
2021-03-11 15:04:20.525,16179,16180,16180,1,1
2021-03-11 15:04:20.594,16179,16180,16180,1,1
2021-03-11 15:04:21.517,16179,16180,16180,1,1
2021-03-11 15:04:22.105,16179,16180,16180,15,15
2021-03-11 15:04:22.733,16180,16181,16181,1,1
2021-03-11 15:04:22.813,16180,16181,16181,3,3
2021-03-11 15:04:23.257,16180,16182,16182,1,1
2021-03-11 15:04:23.316,16180,16182,16182,1,1
2021-03-11 15:04:23.381,16180,16182,16182,1,1
2021-03-11 15:04:23.496,16180,16182,16182,1,1
2021-03-11 15:04:25.131,16180,16182,16182,1,1
2021-03-11 15:04:25.772,16180,16182,16180,1,-1
2021-03-11 15:04:26.040,16180,16182,16182,1,1
2021-03-11 15:04:26.370,16180,16182,16182,5,5
2021-03-11 15:04:26.370,16180,16182,16183,2,2
2021-03-11 15:04:26.414,16180,16183,16183,1,1
2021-03-11 15:04:26.682,16181,16183,16183,1,1
2021-03-11 15:04:28.701,16181,16183,16183,1,1
2021-03-11 15:04:31.748,16181,16182,16182,1,1
2021-03-11 15:04:31.829,16181,16182,16182,1,1
2021-03-11 15:04:31.829,16181,16182,16183,1,1
2021-03-11 15:04:31.893,16181,16183,16183,1,1
2021-03-11 15:04:32.580,16181,16182,16182,1,1
2021-03-11 15:04:33.268,16181,16182,16181,1,-1
2021-03-11 15:04:34.060,16180,16181,16181,1,1
2021-03-11 15:04:34.060,16180,16181,16182,1,1
2021-03-11 15:04:34.155,16180,16182,16182,1,1
2021-03-11 15:04:34.880,16180,16182,16182,1,1
2021-03-11 15:04:35.660,16180,16181,16181,1,1
2021-03-11 15:04:36.750,16181,16182,16182,2,2
2021-03-11 15:04:36.857,16181,16182,16182,2,2
2021-03-11 15:04:42.535,16181,16182,16182,5,5
2021-03-11 15:04:43.557,16182,16183,16182,1,-1
2021-03-11 15:04:43.725,16182,16183,16182,1,-1
2021-03-11 15:04:43.785,16181,16183,16183,10,10
2021-03-11 15:04:43.826,16181,16183,16183,1,1
2021-03-11 15:04:44.264,16182,16183,16182,1,-1
2021-03-11 15:04:44.384,16182,16183,16182,1,-1
2021-03-11 15:04:46.411,16181,16183,16182,2,-2
2021-03-11 15:04:50.778,16182,16183,16182,1,-1
2021-03-11 15:04:52.777,16182,16183,16182,1,-1
2021-03-11 15:04:52.938,16181,16182,16181,1,-1
2021-03-11 15:04:52.976,16181,16182,16182,1,1
2021-03-11 15:04:53.960,16181,16183,16183,1,1
2021-03-11 15:04:54.202,16181,16183,16182,1,-1
2021-03-11 15:04:54.202,16181,16183,16183,4,4
2021-03-11 15:04:56.086,16182,16183,16182,2,-2
2021-03-11 15:04:56.139,16181,16182,16182,1,1
2021-03-11 15:04:56.999,16181,16182,16182,1,1
2021-03-11 15:04:58.049,16181,16182,16182,2,2
2021-03-11 15:04:58.051,16181,16182,16182,1,1
2021-03-11 15:04:58.888,16181,16182,16181,1,-1
2021-03-11 15:04:58.888,16181,16182,16181,8,-8
2021-03-11 15:04:58.893,16181,16182,16182,4,4
2021-03-11 15:04:58.893,16181,16182,16183,1,1
2021-03-11 15:04:59.109,16180,16182,16182,2,2
2021-03-11 15:04:59.673,16181,16182,16182,1,1
2021-03-11 15:05:00.228,16181,16182,16182,1,1
2021-03-11 15:05:00.844,16181,16182,16182,1,1
2021-03-11 15:05:00.994,16181,16182,16182,1,1
2021-03-11 15:05:01.023,16181,16182,16182,1,1
2021-03-11 15:05:05.421,16181,16182,16182,1,1
2021-03-11 15:05:06.524,16181,16182,16182,1,1
2021-03-11 15:05:07.751,16181,16182,16182,1,1
2021-03-11 15:05:10.961,16181,16182,16182,2,2
2021-03-11 15:05:12.889,16181,16182,16182,1,1
2021-03-11 15:05:14.007,16181,16182,16181,2,-2
2021-03-11 15:05:14.008,16181,16182,16181,2,-2
2021-03-11 15:05:14.008,16181,16182,16181,1,-1
2021-03-11 15:05:14.008,16181,16182,16181,1,-1
2021-03-11 15:05:14.499,16180,16182,16182,2,2
2021-03-11 15:05:14.653,16180,16182,16182,1,1
2021-03-11 15:05:18.896,16181,16182,16182,1,1
2021-03-11 15:05:19.420,16181,16182,16182,1,1
2021-03-11 15:05:19.580,16181,16182,16182,2,2
2021-03-11 15:05:22.531,16181,16182,16181,1,-1
2021-03-11 15:05:22.534,16181,16182,16181,1,-1
2021-03-11 15:05:23.259,16180,16181,16180,1,-1
2021-03-11 15:05:23.852,16180,16181,16180,1,-1
2021-03-11 15:05:24.330,16180,16181,16181,1,1
2021-03-11 15:05:28.520,16180,16181,16180,21,-21
2021-03-11 15:05:28.520,16180,16181,16180,1,-1
2021-03-11 15:05:28.521,16180,16181,16180,1,-1
2021-03-11 15:05:28.521,16180,16181,16180,1,-1
2021-03-11 15:05:28.521,16180,16181,16180,1,-1
2021-03-11 15:05:32.036,16179,16180,16180,1,1
2021-03-11 15:05:32.094,16179,16180,16180,1,1
2021-03-11 15:05:33.407,16179,16180,16180,1,1
2021-03-11 15:05:35.998,16179,16180,16179,1,-1
2021-03-11 15:05:41.354,16178,16179,16179,1,1
2021-03-11 15:05:42.499,16178,16180,16178,1,-1
2021-03-11 15:05:42.499,16178,16180,16178,1,-1
2021-03-11 15:05:45.203,16178,16179,16178,1,-1
2021-03-11 15:05:48.927,16177,16178,16177,1,-1
2021-03-11 15:05:51.260,16177,16178,16177,1,-1
2021-03-11 15:05:51.260,16177,16178,16177,1,-1
2021-03-11 15:05:51.262,16177,16178,16177,1,-1
2021-03-11 15:05:52.877,16176,16177,16177,1,1
2021-03-11 15:05:54.077,16176,16177,16177,1,1
2021-03-11 15:05:54.172,16176,16177,16176,2,-2
2021-03-11 15:05:54.181,16176,16177,16175,1,-1
2021-03-11 15:05:54.275,16175,16177,16175,1,-1
2021-03-11 15:05:58.790,16175,16176,16176,1,1
2021-03-11 15:06:00.076,16176,16177,16176,1,-1
2021-03-11 15:06:00.095,16176,16177,16176,1,-1
2021-03-11 15:06:02.722,16175,16176,16176,1,1
2021-03-11 15:06:04.384,16175,16177,16177,1,1
2021-03-11 15:06:11.389,16176,16177,16177,1,1
2021-03-11 15:06:11.662,16176,16177,16177,1,1
2021-03-11 15:06:12.938,16176,16177,16177,1,1
2021-03-11 15:06:13.241,16176,16177,16176,1,-1
2021-03-11 15:06:16.871,16176,16177,16176,2,-2
2021-03-11 15:06:18.472,16175,16176,16176,2,2
2021-03-11 15:06:18.473,16175,16176,16176,1,1
2021-03-11 15:06:18.504,16175,16177,16177,2,2
2021-03-11 15:06:18.504,16175,16177,16177,1,1
2021-03-11 15:06:22.790,16176,16177,16176,1,-1
2021-03-11 15:06:38.653,16176,16177,16177,2,2
2021-03-11 15:06:38.654,16176,16177,16177,2,2
2021-03-11 15:06:38.929,16177,16178,16178,2,2
2021-03-11 15:06:39.592,16177,16178,16177,1,-1
2021-03-11 15:06:39.593,16177,16178,16177,1,-1
2021-03-11 15:06:39.628,16177,16178,16178,1,1
2021-03-11 15:06:39.628,16177,16178,16179,6,6
2021-03-11 15:06:39.629,16177,16178,16179,1,1
2021-03-11 15:06:39.630,16177,16178,16179,2,2
2021-03-11 15:06:39.630,16177,16178,16180,1,1
2021-03-11 15:06:39.630,16177,16178,16180,3,3
2021-03-11 15:06:39.630,16177,16178,16180,1,1
2021-03-11 15:06:39.630,16177,16178,16180,5,5
2021-03-11 15:06:39.631,16177,16178,16180,1,1
2021-03-11 15:06:39.631,16177,16178,16180,1,1
2021-03-11 15:06:39.631,16177,16178,16180,1,1
2021-03-11 15:06:39.631,16177,16178,16180,1,1
2021-03-11 15:06:39.631,16177,16178,16180,2,2
2021-03-11 15:06:39.631,16177,16178,16180,1,1
2021-03-11 15:06:39.631,16177,16178,16180,2,2
2021-03-11 15:06:39.631,16177,16178,16181,1,1
2021-03-11 15:06:39.631,16177,16178,16181,2,2
2021-03-11 15:06:39.631,16177,16178,16181,1,1
2021-03-11 15:06:39.632,16177,16178,16181,1,1
2021-03-11 15:06:39.632,16177,16178,16181,1,1
2021-03-11 15:06:39.632,16177,16178,16181,1,1
2021-03-11 15:06:39.632,16177,16178,16181,1,1
2021-03-11 15:06:39.632,16177,16178,16181,1,1
2021-03-11 15:06:39.632,16177,16178,16181,1,1
2021-03-11 15:06:39.633,16177,16178,16181,2,2
2021-03-11 15:06:39.633,16177,16178,16182,1,1
2021-03-11 15:06:39.634,16177,16178,16181,1,1
2021-03-11 15:06:39.636,16177,16178,16181,1,1
2021-03-11 15:06:39.808,16179,16181,16181,3,3
2021-03-11 15:06:43.287,16180,16182,16180,1,-1
2021-03-11 15:06:43.880,16181,16182,16182,1,1
2021-03-11 15:06:43.880,16181,16182,16182,2,2
2021-03-11 15:06:43.880,16181,16182,16182,3,3
2021-03-11 15:06:45.732,16182,16183,16182,1,-1
2021-03-11 15:06:46.207,16181,16183,16181,1,-1
2021-03-11 15:06:47.323,16181,16183,16181,10,-10
2021-03-11 15:06:47.323,16181,16183,16181,1,-1
2021-03-11 15:06:47.324,16181,16183,16181,2,-2
2021-03-11 15:06:47.324,16181,16183,16181,4,-4
2021-03-11 15:06:47.324,16181,16183,16181,2,-2
2021-03-11 15:06:47.379,16180,16182,16182,2,2
2021-03-11 15:06:47.380,16180,16182,16183,1,1
2021-03-11 15:06:47.380,16180,16182,16183,1,1
2021-03-11 15:06:47.380,16180,16182,16183,2,2
2021-03-11 15:06:47.380,16180,16182,16183,1,1
2021-03-11 15:06:47.380,16180,16182,16183,1,1
2021-03-11 15:06:47.380,16180,16182,16183,1,1
2021-03-11 15:06:47.380,16180,16182,16183,1,1
2021-03-11 15:06:47.381,16180,16182,16183,1,1
2021-03-11 15:06:47.381,16180,16182,16183,1,1
2021-03-11 15:06:47.381,16180,16182,16184,1,1
2021-03-11 15:06:47.382,16180,16182,16184,1,1
2021-03-11 15:06:47.382,16180,16182,16184,1,1
2021-03-11 15:06:47.602,16182,16184,16183,1,-1
2021-03-11 15:06:47.602,16182,16184,16184,2,2
2021-03-11 15:06:49.198,16183,16184,16183,1,-1
2021-03-11 15:06:49.198,16183,16184,16182,4,-4
2021-03-11 15:06:49.589,16182,16183,16183,1,1
2021-03-11 15:06:50.325,16182,16184,16184,1,1
2021-03-11 15:06:51.349,16182,16184,16184,1,1
2021-03-11 15:06:53.609,16183,16184,16183,1,-1
2021-03-11 15:06:53.609,16183,16184,16182,7,-7
2021-03-11 15:06:53.896,16181,16182,16182,1,1
2021-03-11 15:06:53.921,16181,16182,16182,1,1
2021-03-11 15:06:54.094,16181,16183,16183,4,4
2021-03-11 15:06:54.994,16181,16183,16183,2,2
2021-03-11 15:06:54.994,16181,16183,16184,2,2
2021-03-11 15:06:57.038,16182,16183,16182,1,-1
2021-03-11 15:07:00.206,16181,16182,16181,1,-1
2021-03-11 15:07:00.323,16180,16181,16180,3,-3
2021-03-11 15:07:00.323,16180,16181,16179,2,-2
2021-03-11 15:07:08.769,16179,16181,16179,1,-1
2021-03-11 15:07:12.651,16179,16180,16179,1,-1
2021-03-11 15:07:12.651,16179,16180,16179,1,-1
2021-03-11 15:07:12.652,16179,16180,16179,1,-1
2021-03-11 15:07:12.652,16179,16180,16179,1,-1
2021-03-11 15:07:15.378,16179,16180,16179,1,-1
2021-03-11 15:07:25.609,16179,16180,16180,1,1
2021-03-11 15:07:35.308,16180,16181,16180,1,-1
2021-03-11 15:07:38.919,16179,16180,16180,1,1
2021-03-11 15:07:39.640,16179,16180,16180,1,1
2021-03-11 15:07:40.151,16179,16180,16180,2,2
2021-03-11 15:07:40.152,16179,16180,16180,1,1
2021-03-11 15:07:40.152,16179,16180,16180,3,3
2021-03-11 15:07:40.152,16179,16180,16180,1,1
2021-03-11 15:07:40.206,16179,16180,16181,1,1
2021-03-11 15:07:47.369,16180,16181,16180,1,-1
2021-03-11 15:07:49.230,16180,16181,16181,1,1
2021-03-11 15:07:49.661,16180,16181,16181,2,2
2021-03-11 15:07:49.753,16180,16181,16180,2,-2
2021-03-11 15:07:49.861,16180,16181,16180,1,-1
2021-03-11 15:07:49.862,16180,16181,16180,3,-3
2021-03-11 15:07:49.862,16180,16181,16180,1,-1
2021-03-11 15:07:49.862,16180,16181,16180,1,-1
2021-03-11 15:07:49.870,16180,16181,16180,1,-1
2021-03-11 15:07:49.870,16180,16181,16180,1,-1
2021-03-11 15:07:52.910,16180,16181,16180,1,-1
2021-03-11 15:07:54.119,16180,16181,16181,1,1
2021-03-11 15:07:54.920,16180,16181,16181,1,1
2021-03-11 15:07:54.920,16180,16181,16181,2,2
2021-03-11 15:07:54.920,16180,16181,16181,1,1
2021-03-11 15:07:54.920,16180,16181,16181,2,2
2021-03-11 15:07:54.978,16180,16181,16181,1,1
2021-03-11 15:07:55.560,16180,16182,16181,1,-1
2021-03-11 15:07:56.285,16181,16182,16181,1,-1
2021-03-11 15:07:56.349,16181,16182,16182,1,1
2021-03-11 15:07:56.349,16181,16182,16183,2,2
2021-03-11 15:07:59.916,16181,16183,16181,3,-3
2021-03-11 15:07:59.917,16181,16183,16181,1,-1
2021-03-11 15:07:59.917,16181,16183,16181,2,-2
2021-03-11 15:08:00.856,16180,16181,16181,4,4
2021-03-11 15:08:06.393,16182,16183,16182,1,1
2021-03-11 15:08:06.786,16182,16183,16182,1,-1
2021-03-11 15:08:09.244,16181,16182,16182,1,1
2021-03-11 15:08:15.042,16181,16182,16181,1,-1
2021-03-11 15:08:17.264,16180,16181,16181,1,1
2021-03-11 15:08:17.336,16180,16181,16181,1,1
2021-03-11 15:08:27.312,16180,16181,16180,8,-8
2021-03-11 15:08:28.472,16179,16180,16179,1,-1
2021-03-11 15:08:28.472,16179,16180,16179,5,-5
2021-03-11 15:08:28.472,16179,16180,16179,2,-2
2021-03-11 15:08:28.472,16179,16180,16179,4,-4
2021-03-11 15:08:53.257,16178,16180,16178,1,-1
2021-03-11 15:08:57.758,16179,16180,16179,1,1
2021-03-11 15:09:00.571,16178,16180,16178,1,-1
2021-03-11 15:09:02.565,16178,16179,16179,1,1
2021-03-11 15:09:05.786,16178,16179,16178,1,-1
2021-03-11 15:09:13.415,16178,16179,16178,1,-1
2021-03-11 15:09:13.415,16178,16179,16178,1,-1
2021-03-11 15:09:13.415,16178,16179,16178,1,-1
2021-03-11 15:09:13.415,16178,16179,16178,5,-5
2021-03-11 15:09:15.432,16177,16178,16178,2,2
2021-03-11 15:09:15.432,16177,16178,16179,3,3
2021-03-11 15:09:15.596,16177,16179,16179,3,3
2021-03-11 15:09:18.189,16177,16178,16178,1,1
2021-03-11 15:09:19.653,16177,16178,16178,1,1
2021-03-11 15:09:20.892,16177,16178,16177,2,-2
2021-03-11 15:09:24.095,16177,16178,16178,1,1
2021-03-11 15:09:25.021,16178,16179,16178,3,-3
2021-03-11 15:09:26.728,16178,16179,16179,2,2
2021-03-11 15:09:26.729,16178,16179,16179,1,1
2021-03-11 15:09:42.419,16177,16178,16178,1,1
2021-03-11 15:09:46.318,16177,16178,16178,1,1
2021-03-11 15:09:54.092,16177,16179,16177,1,-1
2021-03-11 15:09:54.129,16177,16179,16179,3,3
2021-03-11 15:09:54.129,16177,16179,16180,7,7
2021-03-11 15:09:54.131,16177,16179,16180,3,3
2021-03-11 15:09:54.131,16177,16179,16180,1,1
2021-03-11 15:09:54.131,16177,16179,16181,4,4
2021-03-11 15:09:54.132,16177,16179,16181,4,4
2021-03-11 15:09:54.132,16177,16179,16181,4,4
2021-03-11 15:09:54.132,16177,16179,16182,6,6
2021-03-11 15:09:54.133,16177,16179,16182,2,2
2021-03-11 15:09:54.133,16177,16179,16182,1,1
2021-03-11 15:09:54.133,16177,16179,16183,1,1
2021-03-11 15:09:54.134,16177,16179,16183,2,2
2021-03-11 15:09:54.135,16177,16179,16182,1,1
2021-03-11 15:09:54.135,16177,16179,16183,2,2
2021-03-11 15:09:54.136,16177,16179,16183,1,1
2021-03-11 15:09:54.136,16177,16179,16183,1,1
2021-03-11 15:09:54.136,16177,16179,16183,7,7
2021-03-11 15:09:54.136,16177,16179,16183,1,1
2021-03-11 15:09:54.136,16177,16179,16183,2,2
2021-03-11 15:09:54.136,16177,16179,16183,1,1
2021-03-11 15:09:54.137,16177,16179,16182,2,2
2021-03-11 15:09:54.138,16177,16179,16182,1,1
2021-03-11 15:09:54.138,16177,16179,16183,1,1
2021-03-11 15:09:54.141,16177,16179,16183,1,1
2021-03-11 15:09:54.152,16177,16179,16183,1,1
2021-03-11 15:09:54.300,16182,16183,16183,2,2
2021-03-11 15:09:54.325,16182,16183,16183,2,2
2021-03-11 15:09:57.538,16181,16183,16183,2,2
2021-03-11 15:09:58.049,16181,16183,16183,1,1
2021-03-11 15:09:58.129,16182,16184,16184,2,2
2021-03-11 15:09:58.129,16182,16184,16184,1,1
2021-03-11 15:09:58.131,16182,16184,16184,1,1
2021-03-11 15:09:58.131,16182,16184,16184,2,2
2021-03-11 15:09:58.131,16182,16184,16184,5,5
2021-03-11 15:09:58.131,16182,16184,16184,1,1
2021-03-11 15:09:58.131,16182,16184,16184,8,8
2021-03-11 15:09:58.131,16182,16184,16184,5,5
2021-03-11 15:09:58.132,16182,16184,16184,2,2
2021-03-11 15:09:58.132,16182,16184,16185,7,7
2021-03-11 15:09:58.133,16182,16184,16185,2,2
2021-03-11 15:09:58.133,16182,16184,16185,4,4
2021-03-11 15:09:58.133,16182,16184,16185,5,5
2021-03-11 15:09:58.133,16182,16184,16185,1,1
2021-03-11 15:09:58.133,16182,16184,16185,1,1
2021-03-11 15:09:58.134,16182,16184,16185,29,29
2021-03-11 15:09:58.134,16182,16184,16185,1,1
2021-03-11 15:09:58.134,16182,16184,16185,2,2
2021-03-11 15:09:58.134,16182,16184,16186,1,1
2021-03-11 15:09:58.134,16182,16184,16186,4,4
2021-03-11 15:09:58.134,16182,16184,16186,2,2
2021-03-11 15:09:58.135,16182,16184,16186,1,1
2021-03-11 15:09:58.136,16182,16184,16186,3,3
2021-03-11 15:09:58.136,16182,16184,16186,4,4
2021-03-11 15:09:58.136,16182,16184,16186,2,2
2021-03-11 15:09:58.137,16182,16184,16186,1,1
2021-03-11 15:09:58.137,16182,16184,16186,3,3
2021-03-11 15:09:58.137,16182,16184,16186,1,1
2021-03-11 15:09:58.137,16182,16184,16187,1,1
2021-03-11 15:09:58.138,16182,16184,16187,2,2
2021-03-11 15:09:58.139,16182,16184,16187,3,3
2021-03-11 15:09:58.301,16185,16187,16187,1,1
2021-03-11 15:09:58.304,16185,16187,16187,1,1
2021-03-11 15:10:05.032,16186,16187,16186,3,-3
2021-03-11 15:10:05.129,16185,16186,16186,1,1
2021-03-11 15:10:05.129,16185,16186,16187,6,6
2021-03-11 15:10:05.129,16185,16186,16188,3,3
2021-03-11 15:10:05.129,16185,16186,16188,3,3
2021-03-11 15:10:05.131,16185,16186,16187,2,2
2021-03-11 15:10:05.131,16185,16186,16188,1,1
2021-03-11 15:10:05.132,16185,16186,16188,5,5
2021-03-11 15:10:05.132,16185,16186,16188,5,5
2021-03-11 15:10:05.132,16185,16186,16188,2,2
2021-03-11 15:10:05.132,16185,16186,16189,10,10
2021-03-11 15:10:05.133,16185,16186,16189,10,10
2021-03-11 15:10:05.133,16185,16186,16189,5,5
2021-03-11 15:10:05.134,16185,16186,16189,1,1
2021-03-11 15:10:05.134,16185,16186,16190,4,4
2021-03-11 15:10:05.134,16185,16186,16190,5,5
2021-03-11 15:10:05.134,16185,16186,16190,2,2
2021-03-11 15:10:05.134,16185,16186,16190,2,2
2021-03-11 15:10:05.134,16185,16186,16190,4,4
2021-03-11 15:10:05.135,16185,16186,16191,4,4
2021-03-11 15:10:05.135,16185,16186,16191,10,10
2021-03-11 15:10:05.135,16185,16186,16191,6,6
2021-03-11 15:10:05.135,16185,16186,16191,1,1
2021-03-11 15:10:05.135,16185,16186,16192,9,9
2021-03-11 15:10:05.136,16185,16186,16191,1,1
2021-03-11 15:10:05.137,16185,16186,16191,1,1
2021-03-11 15:10:05.137,16185,16186,16191,1,1
2021-03-11 15:10:05.137,16185,16186,16192,1,1
2021-03-11 15:10:05.139,16185,16186,16191,1,1
2021-03-11 15:10:05.140,16185,16186,16191,1,1
2021-03-11 15:10:05.141,16185,16186,16192,1,1
2021-03-11 15:10:05.141,16185,16186,16192,1,1
2021-03-11 15:10:05.142,16185,16186,16192,1,1
2021-03-11 15:10:05.143,16185,16186,16191,1,1
2021-03-11 15:10:05.362,16189,16191,16191,1,1
2021-03-11 15:10:05.398,16191,16192,16191,1,-1
2021-03-11 15:10:05.444,16191,16192,16191,4,-4
2021-03-11 15:10:05.451,16191,16192,16192,3,3
2021-03-11 15:10:05.476,16191,16192,16191,2,-2
2021-03-11 15:10:05.476,16191,16192,16192,2,2
2021-03-11 15:10:05.489,16191,16192,16192,1,1
2021-03-11 15:10:05.524,16190,16192,16192,1,1
2021-03-11 15:10:05.587,16190,16192,16193,1,1
2021-03-11 15:10:05.604,16190,16192,16193,1,1
2021-03-11 15:10:05.616,16190,16192,16193,1,1
2021-03-11 15:10:05.683,16190,16193,16192,1,-1
2021-03-11 15:10:05.683,16190,16193,16193,1,1
2021-03-11 15:10:05.817,16190,16193,16193,1,1
2021-03-11 15:10:05.817,16190,16193,16193,1,1
2021-03-11 15:10:06.080,16190,16192,16190,1,-1
2021-03-11 15:10:06.222,16190,16192,16192,2,2
2021-03-11 15:10:06.474,16190,16192,16190,1,-1
2021-03-11 15:10:06.476,16190,16192,16190,1,-1
2021-03-11 15:10:07.857,16189,16190,16190,2,2
2021-03-11 15:10:08.131,16189,16190,16190,1,1
2021-03-11 15:10:08.256,16189,16190,16190,3,3
2021-03-11 15:10:08.256,16189,16190,16191,1,1
2021-03-11 15:10:08.256,16189,16190,16191,7,7
2021-03-11 15:10:08.256,16189,16190,16192,3,3
2021-03-11 15:10:08.256,16189,16190,16192,1,1
2021-03-11 15:10:08.258,16189,16190,16192,1,1
2021-03-11 15:10:08.258,16189,16190,16193,9,9
2021-03-11 15:10:08.638,16191,16192,16192,1,1
2021-03-11 15:10:09.437,16191,16192,16191,1,-1
2021-03-11 15:10:09.639,16190,16192,16190,1,-1
2021-03-11 15:10:09.906,16190,16191,16190,1,-1
2021-03-11 15:10:09.950,16190,16191,16191,1,1
2021-03-11 15:10:10.616,16190,16191,16190,2,-2
2021-03-11 15:10:10.705,16190,16191,16190,1,-1
2021-03-11 15:10:10.720,16190,16191,16190,1,-1
2021-03-11 15:10:10.840,16189,16191,16189,1,-1
2021-03-11 15:10:11.456,16189,16190,16189,1,-1
2021-03-11 15:10:11.671,16189,16190,16189,1,-1
2021-03-11 15:10:11.731,16189,16190,16190,1,1
2021-03-11 15:10:12.199,16189,16190,16190,1,1
2021-03-11 15:10:12.260,16189,16191,16191,6,6
2021-03-11 15:10:12.262,16189,16191,16192,6,6
2021-03-11 15:10:12.262,16189,16191,16193,4,4
2021-03-11 15:10:12.371,16189,16191,16191,1,1
2021-03-11 15:10:14.867,16190,16192,16192,1,1
2021-03-11 15:10:16.256,16190,16192,16192,2,2
2021-03-11 15:10:16.336,16190,16192,16191,4,-4
2021-03-11 15:10:16.854,16190,16192,16192,1,1
2021-03-11 15:10:17.472,16190,16191,16190,3,-3
2021-03-11 15:10:17.472,16190,16191,16189,3,-3
2021-03-11 15:10:17.503,16189,16191,16191,1,1
2021-03-11 15:10:17.505,16189,16191,16191,1,1
2021-03-11 15:10:17.506,16189,16191,16191,1,1
2021-03-11 15:10:17.832,16190,16192,16190,4,-4
2021-03-11 15:10:17.832,16190,16192,16189,6,-6
2021-03-11 15:10:17.888,16189,16191,16191,1,1
2021-03-11 15:10:19.490,16190,16191,16190,1,-1
2021-03-11 15:10:19.490,16190,16191,16189,7,-7
2021-03-11 15:10:19.490,16190,16191,16188,2,-2
2021-03-11 15:10:20.316,16189,16191,16189,1,1
2021-03-11 15:10:20.543,16190,16191,16190,1,1
2021-03-11 15:10:20.543,16190,16191,16189,3,-3
2021-03-11 15:10:20.543,16190,16191,16188,6,-6
2021-03-11 15:10:23.150,16189,16190,16189,2,2
2021-03-11 15:10:23.150,16189,16190,16188,6,-6
2021-03-11 15:10:26.321,16188,16189,16189,1,1
2021-03-11 15:10:26.447,16188,16189,16188,1,-1
2021-03-11 15:10:29.503,16188,16189,16189,2,2
2021-03-11 15:10:31.578,16188,16189,16189,1,1
2021-03-11 15:10:31.742,16189,16190,16190,1,1
2021-03-11 15:10:31.947,16189,16190,16190,1,1
2021-03-11 15:10:31.963,16189,16190,16190,1,1
2021-03-11 15:10:31.963,16189,16190,16190,2,2
2021-03-11 15:10:32.007,16189,16191,16189,1,-1
2021-03-11 15:10:33.156,16189,16191,16191,2,2
2021-03-11 15:10:36.466,16190,16191,16190,1,-1
2021-03-11 15:10:37.371,16190,16191,16190,1,-1
2021-03-11 15:10:39.889,16190,16191,16191,1,1
2021-03-11 15:10:41.372,16190,16191,16191,3,3
2021-03-11 15:10:41.577,16190,16191,16191,1,1
2021-03-11 15:10:41.578,16190,16191,16191,1,1
2021-03-11 15:10:41.833,16190,16192,16190,5,-5
2021-03-11 15:10:42.053,16190,16191,16191,1,1
2021-03-11 15:10:45.134,16191,16192,16191,1,-1
2021-03-11 15:10:45.571,16191,16192,16192,1,1
2021-03-11 15:10:46.177,16191,16192,16192,10,10
2021-03-11 15:10:47.349,16192,16193,16192,1,-1
2021-03-11 15:10:48.086,16191,16193,16191,1,-1
2021-03-11 15:10:49.219,16191,16192,16192,1,1
2021-03-11 15:10:51.046,16191,16193,16192,1,-1
2021-03-11 15:10:51.358,16191,16193,16192,1,-1
2021-03-11 15:10:51.426,16192,16193,16192,2,-2
2021-03-11 15:10:51.426,16192,16193,16191,7,-7
2021-03-11 15:10:52.019,16191,16193,16193,1,1
2021-03-11 15:10:54.491,16191,16192,16192,1,1
2021-03-11 15:10:54.884,16191,16193,16193,2,2
2021-03-11 15:10:55.857,16191,16192,16192,2,2
2021-03-11 15:10:57.438,16192,16193,16193,1,1
2021-03-11 15:10:57.772,16192,16193,16192,1,-1
2021-03-11 15:11:01.482,16192,16193,16193,2,2
2021-03-11 15:11:01.635,16192,16193,16193,1,1
2021-03-11 15:11:02.007,16192,16193,16193,1,1
2021-03-11 15:11:02.007,16192,16193,16194,1,1
2021-03-11 15:11:02.234,16192,16194,16192,1,-1
2021-03-11 15:11:02.312,16192,16194,16194,2,2
2021-03-11 15:11:02.351,16192,16194,16194,2,2
2021-03-11 15:11:02.358,16192,16194,16194,1,1
2021-03-11 15:11:03.533,16193,16194,16193,5,-5
2021-03-11 15:11:06.765,16192,16193,16193,1,1
2021-03-11 15:11:07.199,16192,16193,16193,1,1
2021-03-11 15:11:07.697,16192,16193,16193,1,1
2021-03-11 15:11:10.973,16192,16193,16192,1,-1
2021-03-11 15:11:10.973,16192,16193,16192,5,-5
2021-03-11 15:11:10.973,16192,16193,16192,1,-1
2021-03-11 15:11:10.974,16192,16193,16192,5,-5
2021-03-11 15:11:11.362,16191,16192,16192,1,1
2021-03-11 15:11:11.396,16191,16193,16191,1,-1
2021-03-11 15:11:11.443,16191,16193,16193,1,1
2021-03-11 15:11:12.559,16191,16193,16193,1,1
2021-03-11 15:11:14.335,16191,16192,16192,1,1
2021-03-11 15:11:17.489,16192,16193,16192,1,-1
2021-03-11 15:11:17.751,16192,16193,16192,1,-1
2021-03-11 15:11:17.752,16192,16193,16192,1,-1
2021-03-11 15:11:18.673,16192,16193,16192,1,-1
2021-03-11 15:11:19.081,16192,16193,16192,1,-1
2021-03-11 15:11:20.616,16192,16193,16192,1,-1
2021-03-11 15:11:21.286,16192,16193,16193,1,1
2021-03-11 15:11:22.520,16192,16193,16192,2,-2
2021-03-11 15:11:23.479,16192,16193,16193,2,2
2021-03-11 15:11:23.479,16192,16193,16193,6,6
2021-03-11 15:11:24.246,16193,16194,16193,1,-1
2021-03-11 15:11:25.374,16193,16194,16193,1,-1
2021-03-11 15:11:26.586,16193,16194,16194,3,3
2021-03-11 15:11:26.586,16193,16194,16194,1,1
2021-03-11 15:11:26.587,16193,16194,16194,1,1
2021-03-11 15:11:26.587,16193,16194,16194,1,1
2021-03-11 15:11:26.587,16193,16194,16194,2,2
2021-03-11 15:11:26.587,16193,16194,16194,1,1
2021-03-11 15:11:26.587,16193,16194,16194,8,8
2021-03-11 15:11:26.587,16193,16194,16194,1,1
2021-03-11 15:11:28.295,16193,16194,16193,1,-1
2021-03-11 15:11:28.403,16193,16194,16194,1,1
2021-03-11 15:11:29.640,16193,16194,16194,2,2
2021-03-11 15:11:30.216,16193,16194,16194,1,1
2021-03-11 15:11:32.664,16193,16194,16194,1,1
2021-03-11 15:11:33.615,16193,16194,16193,1,-1
2021-03-11 15:11:33.950,16193,16194,16194,1,1
2021-03-11 15:11:36.745,16193,16194,16193,1,-1
2021-03-11 15:11:37.947,16193,16194,16193,1,-1
2021-03-11 15:11:37.948,16193,16194,16193,1,-1
2021-03-11 15:11:42.317,16192,16193,16193,1,1
2021-03-11 15:11:42.916,16192,16193,16192,5,-5
2021-03-11 15:11:44.851,16192,16193,16193,1,1
2021-03-11 15:11:45.006,16192,16193,16193,1,1
2021-03-11 15:11:45.006,16192,16193,16193,5,5
2021-03-11 15:11:45.006,16192,16193,16193,2,2
2021-03-11 15:11:45.006,16192,16193,16193,2,2
2021-03-11 15:11:45.007,16192,16193,16193,1,1
2021-03-11 15:11:45.007,16192,16193,16193,2,2
2021-03-11 15:11:45.007,16192,16193,16193,1,1
2021-03-11 15:11:45.125,16192,16193,16192,1,-1
2021-03-11 15:11:50.862,16193,16194,16193,1,1
2021-03-11 15:11:53.271,16192,16194,16192,1,-1
2021-03-11 15:11:53.271,16192,16194,16192,2,-2
2021-03-11 15:11:53.271,16192,16194,16192,1,-1
2021-03-11 15:11:53.271,16192,16194,16192,2,-2
2021-03-11 15:11:53.271,16192,16194,16192,25,-25
2021-03-11 15:11:53.272,16192,16194,16191,2,-2
2021-03-11 15:11:56.343,16191,16192,16191,1,-1
2021-03-11 15:11:56.360,16191,16192,16191,1,-1
2021-03-11 15:11:56.770,16191,16192,16191,2,-2
2021-03-11 15:11:56.770,16191,16192,16191,2,-2
2021-03-11 15:11:59.433,16191,16192,16191,1,-1
2021-03-11 15:11:59.972,16191,16192,16191,2,-2
2021-03-11 15:12:02.026,16190,16191,16191,1,1
2021-03-11 15:12:03.246,16190,16191,16190,2,-2
2021-03-11 15:12:03.413,16190,16191,16190,1,-1
2021-03-11 15:12:04.887,16190,16191,16191,1,1
2021-03-11 15:12:05.765,16190,16191,16190,1,-1
2021-03-11 15:12:07.987,16191,16192,16191,1,1
2021-03-11 15:12:08.843,16190,16191,16190,2,-2
2021-03-11 15:12:08.844,16190,16191,16190,3,-3
2021-03-11 15:12:08.875,16190,16191,16191,1,1
2021-03-11 15:12:08.971,16189,16190,16190,1,1
2021-03-11 15:12:10.508,16189,16191,16191,1,1
2021-03-11 15:12:14.551,16190,16191,16190,1,-1
2021-03-11 15:12:15.195,16190,16191,16190,3,-3
2021-03-11 15:12:18.453,16190,16192,16190,4,-4
2021-03-11 15:12:18.597,16190,16192,16190,1,-1
2021-03-11 15:12:18.693,16190,16192,16190,4,-4
2021-03-11 15:12:18.693,16190,16192,16189,1,-1
2021-03-11 15:12:21.263,16190,16191,16190,2,2
2021-03-11 15:12:21.264,16190,16191,16189,1,-1
2021-03-11 15:12:21.264,16190,16191,16189,1,-1
2021-03-11 15:12:21.264,16190,16191,16189,1,-1
2021-03-11 15:12:24.767,16188,16190,16190,1,1
2021-03-11 15:12:25.432,16189,16190,16190,1,1
2021-03-11 15:12:29.965,16190,16191,16190,2,-2
2021-03-11 15:12:29.965,16190,16191,16189,1,-1
2021-03-11 15:12:31.332,16189,16191,16190,1,1
2021-03-11 15:12:34.772,16190,16191,16190,1,-1
2021-03-11 15:12:34.890,16189,16190,16190,1,1
2021-03-11 15:12:35.464,16189,16190,16190,4,4
2021-03-11 15:12:35.655,16190,16191,16190,1,-1
2021-03-11 15:12:35.740,16190,16191,16191,3,3
2021-03-11 15:12:38.543,16190,16191,16190,1,-1
2021-03-11 15:12:39.746,16190,16191,16190,1,-1
2021-03-11 15:12:41.472,16190,16191,16190,3,-3
2021-03-11 15:12:41.895,16190,16191,16191,5,5
2021-03-11 15:12:41.896,16190,16191,16191,1,1
2021-03-11 15:12:41.896,16190,16191,16191,2,2
2021-03-11 15:12:41.897,16190,16191,16191,19,19
2021-03-11 15:12:42.531,16191,16192,16191,1,-1
2021-03-11 15:12:43.095,16190,16192,16190,1,-1
2021-03-11 15:12:46.592,16190,16191,16191,5,5
2021-03-11 15:12:48.081,16190,16192,16190,1,-1
2021-03-11 15:12:55.403,16191,16192,16192,1,1
2021-03-11 15:12:55.888,16191,16193,16191,1,-1
2021-03-11 15:12:56.776,16191,16193,16192,1,1
2021-03-11 15:12:59.432,16192,16193,16193,1,1
2021-03-11 15:13:04.168,16192,16193,16193,5,5
2021-03-11 15:13:04.171,16192,16193,16193,2,2
2021-03-11 15:13:06.942,16193,16194,16193,6,-6
2021-03-11 15:13:06.942,16193,16194,16192,4,-4
2021-03-11 15:13:07.397,16192,16193,16193,1,1
2021-03-11 15:13:07.757,16192,16194,16194,2,2
2021-03-11 15:13:09.535,16192,16193,16193,1,1
2021-03-11 15:13:09.873,16192,16193,16193,1,1
2021-03-11 15:13:10.932,16192,16193,16193,2,2
2021-03-11 15:13:12.303,16192,16193,16193,1,1
2021-03-11 15:13:12.325,16192,16193,16193,1,1
2021-03-11 15:13:12.782,16193,16194,16193,1,-1
2021-03-11 15:13:15.279,16193,16194,16193,1,-1
2021-03-11 15:13:16.530,16193,16194,16194,5,5
2021-03-11 15:13:17.302,16193,16194,16193,1,-1
2021-03-11 15:13:17.302,16193,16194,16192,9,-9
2021-03-11 15:13:22.019,16192,16193,16193,1,1
2021-03-11 15:13:22.410,16193,16194,16193,1,-1
2021-03-11 15:13:22.577,16192,16194,16192,1,-1
2021-03-11 15:13:27.709,16193,16194,16193,1,1
2021-03-11 15:13:29.229,16192,16194,16192,10,-10
2021-03-11 15:13:29.231,16192,16194,16192,1,-1
2021-03-11 15:13:30.754,16191,16193,16193,2,2
2021-03-11 15:13:41.278,16192,16193,16192,2,-2
2021-03-11 15:13:41.278,16192,16193,16191,8,-8
2021-03-11 15:13:42.919,16191,16192,16192,1,1
2021-03-11 15:13:44.519,16191,16192,16192,2,2
2021-03-11 15:13:45.047,16191,16192,16192,1,1
2021-03-11 15:13:45.402,16191,16193,16193,3,3
2021-03-11 15:13:49.548,16191,16193,16193,1,1
2021-03-11 15:13:53.080,16192,16193,16192,1,-1
2021-03-11 15:13:56.405,16191,16192,16192,1,1
2021-03-11 15:13:56.407,16191,16192,16192,1,1
2021-03-11 15:13:57.341,16191,16192,16192,1,1
2021-03-11 15:13:57.487,16191,16192,16192,1,1
2021-03-11 15:13:59.605,16191,16192,16191,1,-1
2021-03-11 15:14:01.429,16191,16192,16191,1,-1
2021-03-11 15:14:02.165,16191,16192,16191,10,-10
2021-03-11 15:14:03.278,16190,16192,16192,1,1
2021-03-11 15:14:04.267,16191,16192,16191,1,-1
2021-03-11 15:14:06.233,16191,16193,16191,1,-1
2021-03-11 15:14:06.558,16190,16192,16192,1,1
2021-03-11 15:14:07.607,16191,16193,16193,1,1
2021-03-11 15:14:07.856,16191,16192,16191,1,-1
2021-03-11 15:14:11.678,16191,16192,16191,1,-1
2021-03-11 15:14:12.566,16191,16192,16192,1,1
2021-03-11 15:14:12.721,16191,16192,16191,2,-2
2021-03-11 15:14:16.130,16190,16192,16192,1,1
2021-03-11 15:14:22.194,16191,16192,16192,2,2
2021-03-11 15:14:22.195,16191,16192,16192,1,1
2021-03-11 15:14:22.195,16191,16192,16192,1,1
2021-03-11 15:14:29.996,16191,16192,16192,1,1
2021-03-11 15:14:30.773,16191,16192,16191,2,-2
2021-03-11 15:14:30.773,16191,16192,16191,6,-6
2021-03-11 15:14:34.096,16190,16192,16192,1,1
2021-03-11 15:14:37.859,16191,16192,16191,1,-1
2021-03-11 15:14:41.585,16191,16192,16191,4,-4
2021-03-11 15:14:43.963,16190,16191,16190,20,-20
2021-03-11 15:14:43.964,16190,16191,16190,1,-1
2021-03-11 15:14:43.964,16190,16191,16190,2,-2
2021-03-11 15:14:43.964,16190,16191,16190,1,-1
2021-03-11 15:14:43.964,16190,16191,16190,1,-1
2021-03-11 15:14:43.964,16190,16191,16190,1,-1
2021-03-11 15:14:43.964,16190,16191,16190,1,-1
2021-03-11 15:14:43.964,16190,16191,16190,1,-1
2021-03-11 15:14:43.965,16190,16191,16190,1,-1
2021-03-11 15:14:43.965,16190,16191,16190,2,-2
2021-03-11 15:14:43.966,16190,16191,16190,1,-1
2021-03-11 15:14:47.040,16190,16191,16191,12,12
2021-03-11 15:14:47.040,16190,16191,16192,13,13
2021-03-11 15:14:48.459,16191,16192,16191,1,-1
2021-03-11 15:14:51.552,16190,16192,16190,13,-13
2021-03-11 15:14:52.889,16190,16191,16191,2,2
2021-03-11 15:14:54.817,16190,16192,16190,1,-1
2021-03-11 15:14:56.281,16190,16192,16190,4,-4
2021-03-11 15:15:01.283,16190,16192,16192,2,2
2021-03-11 15:15:11.887,16191,16192,16192,4,4
2021-03-11 15:15:11.889,16191,16192,16193,1,1
2021-03-11 15:15:11.893,16191,16192,16193,4,4
2021-03-11 15:15:11.894,16191,16192,16193,9,9
2021-03-11 15:15:12.167,16192,16194,16194,3,3
2021-03-11 15:15:12.167,16192,16194,16194,19,19
2021-03-11 15:15:12.167,16192,16194,16195,11,11
2021-03-11 15:15:12.191,16192,16194,16195,15,15
2021-03-11 15:15:12.280,16194,16195,16195,1,1
2021-03-11 15:15:12.476,16194,16195,16195,1,1
2021-03-11 15:15:12.510,16193,16195,16195,1,1
2021-03-11 15:15:12.513,16193,16195,16195,3,3
2021-03-11 15:15:12.926,16193,16195,16193,1,-1
2021-03-11 15:15:13.127,16193,16195,16193,1,-1
2021-03-11 15:15:13.676,16193,16194,16194,1,1
2021-03-11 15:15:15.197,16193,16195,16195,2,2
2021-03-11 15:15:20.815,16194,16195,16195,1,1
2021-03-11 15:15:21.419,16194,16195,16194,1,-1
2021-03-11 15:15:21.654,16194,16195,16194,1,-1
2021-03-11 15:15:22.987,16194,16195,16195,3,3
2021-03-11 15:15:24.559,16194,16195,16194,1,-1
2021-03-11 15:15:29.552,16194,16195,16195,12,12
2021-03-11 15:15:29.681,16194,16195,16195,12,12
2021-03-11 15:15:29.681,16194,16195,16195,2,2
2021-03-11 15:15:29.681,16194,16195,16195,1,1
2021-03-11 15:15:29.681,16194,16195,16195,1,1
2021-03-11 15:15:29.681,16194,16195,16195,7,7
2021-03-11 15:15:31.986,16195,16196,16195,1,-1
2021-03-11 15:15:32.054,16195,16196,16195,1,-1
2021-03-11 15:15:33.627,16195,16196,16195,1,-1
2021-03-11 15:15:34.122,16195,16196,16195,1,-1
2021-03-11 15:15:34.350,16195,16196,16196,2,2
2021-03-11 15:15:34.842,16195,16196,16196,1,1
2021-03-11 15:15:35.672,16195,16196,16195,1,-1
2021-03-11 15:15:37.100,16195,16196,16196,1,1
2021-03-11 15:15:37.924,16195,16196,16195,1,-1
2021-03-11 15:15:39.057,16195,16196,16195,6,-6
2021-03-11 15:15:39.057,16195,16196,16195,4,-4
2021-03-11 15:15:39.057,16195,16196,16195,4,-4
2021-03-11 15:15:39.349,16194,16195,16195,1,1
2021-03-11 15:15:39.441,16194,16195,16195,2,2
2021-03-11 15:15:39.751,16194,16196,16196,2,2
2021-03-11 15:15:40.961,16195,16196,16196,1,1
2021-03-11 15:15:41.694,16195,16196,16195,1,-1
2021-03-11 15:15:41.952,16194,16195,16194,2,-2
2021-03-11 15:15:44.470,16195,16196,16195,2,2
2021-03-11 15:15:47.190,16194,16195,16195,1,1
2021-03-11 15:15:47.477,16194,16195,16194,3,-3
2021-03-11 15:15:47.504,16194,16195,16195,3,3
2021-03-11 15:15:49.019,16194,16195,16195,2,2
2021-03-11 15:15:49.600,16194,16195,16195,3,3
2021-03-11 15:15:53.395,16194,16195,16195,3,3
2021-03-11 15:15:54.404,16195,16196,16195,1,-1
2021-03-11 15:15:54.404,16195,16196,16195,1,-1
2021-03-11 15:15:56.276,16194,16195,16195,1,1
2021-03-11 15:15:56.651,16194,16195,16195,1,1
2021-03-11 15:16:05.277,16194,16195,16194,13,-13
2021-03-11 15:16:05.278,16194,16195,16194,2,-2
2021-03-11 15:16:05.278,16194,16195,16194,1,-1
2021-03-11 15:16:05.285,16194,16195,16193,5,-5
2021-03-11 15:16:05.392,16192,16194,16192,1,-1
2021-03-11 15:16:05.754,16192,16194,16194,1,1
2021-03-11 15:16:06.268,16192,16194,16194,5,5
2021-03-11 15:16:08.204,16193,16195,16195,2,2
2021-03-11 15:16:12.313,16194,16195,16194,1,-1
2021-03-11 15:16:14.684,16193,16195,16195,1,1
2021-03-11 15:16:18.586,16193,16195,16195,1,1
2021-03-11 15:16:24.812,16194,16195,16195,1,1
2021-03-11 15:16:24.904,16194,16195,16195,1,1
2021-03-11 15:16:28.384,16194,16195,16194,1,-1
2021-03-11 15:16:29.502,16193,16195,16193,1,-1
2021-03-11 15:16:31.330,16193,16195,16194,2,2
2021-03-11 15:16:31.331,16193,16195,16194,1,-1
2021-03-11 15:16:31.331,16193,16195,16194,2,-2
2021-03-11 15:16:34.076,16193,16194,16193,1,-1
2021-03-11 15:16:34.076,16193,16194,16193,1,-1
2021-03-11 15:16:34.078,16193,16194,16193,1,-1
2021-03-11 15:16:34.078,16193,16194,16193,2,-2
2021-03-11 15:16:34.078,16193,16194,16193,1,-1
2021-03-11 15:16:34.078,16193,16194,16193,4,-4
2021-03-11 15:16:36.379,16192,16193,16192,5,-5
2021-03-11 15:16:37.277,16192,16193,16192,5,-5
2021-03-11 15:16:37.278,16192,16193,16192,3,-3
2021-03-11 15:16:38.118,16191,16192,16191,5,-5
2021-03-11 15:16:38.123,16191,16192,16192,1,1
2021-03-11 15:16:44.717,16191,16192,16191,1,-1
2021-03-11 15:16:46.592,16191,16192,16191,1,-1
2021-03-11 15:16:47.527,16191,16192,16191,1,-1
2021-03-11 15:16:47.527,16191,16192,16191,2,-2
2021-03-11 15:16:47.557,16191,16192,16192,1,1
2021-03-11 15:16:47.939,16190,16192,16190,5,-5
2021-03-11 15:16:48.618,16190,16192,16190,5,-5
2021-03-11 15:16:49.714,16190,16192,16190,5,-5
2021-03-11 15:16:52.210,16190,16191,16190,1,-1
2021-03-11 15:16:53.704,16189,16190,16189,1,-1
2021-03-11 15:16:58.497,16189,16190,16190,1,1
2021-03-11 15:17:00.181,16189,16190,16190,1,1
2021-03-11 15:17:02.725,16189,16190,16190,1,1
2021-03-11 15:17:06.920,16189,16190,16190,1,1
2021-03-11 15:17:07.079,16189,16190,16189,4,-4
2021-03-11 15:17:12.770,16189,16190,16189,2,-2
2021-03-11 15:17:14.299,16189,16190,16189,1,-1
2021-03-11 15:17:15.351,16188,16189,16188,1,-1
2021-03-11 15:17:15.603,16188,16189,16189,1,1
2021-03-11 15:17:15.603,16188,16189,16190,1,1
2021-03-11 15:17:15.669,16189,16190,16189,1,-1
2021-03-11 15:17:18.649,16188,16189,16188,1,-1
2021-03-11 15:17:20.157,16188,16189,16188,5,-5
2021-03-11 15:17:20.487,16188,16189,16189,1,1
2021-03-11 15:17:22.046,16188,16189,16188,5,-5
2021-03-11 15:17:22.486,16188,16189,16189,1,1
2021-03-11 15:17:24.265,16188,16189,16188,4,-4
2021-03-11 15:17:24.266,16188,16189,16188,1,-1
2021-03-11 15:17:24.896,16188,16189,16188,1,-1
2021-03-11 15:17:25.303,16188,16189,16188,1,-1
2021-03-11 15:17:25.304,16188,16189,16188,3,-3
2021-03-11 15:17:25.304,16188,16189,16188,1,-1
2021-03-11 15:17:26.914,16188,16189,16188,3,-3
2021-03-11 15:17:26.914,16188,16189,16188,1,-1
2021-03-11 15:17:26.914,16188,16189,16188,1,-1
2021-03-11 15:17:27.755,16188,16189,16189,1,1
2021-03-11 15:17:27.997,16188,16189,16188,2,-2
2021-03-11 15:17:28.301,16187,16188,16188,3,3
2021-03-11 15:17:30.035,16188,16189,16189,1,1
2021-03-11 15:17:30.035,16188,16189,16189,2,2
2021-03-11 15:17:30.035,16188,16189,16189,2,2
2021-03-11 15:17:30.593,16189,16190,16189,1,-1
2021-03-11 15:17:32.172,16189,16190,16190,1,1
2021-03-11 15:17:32.338,16189,16190,16189,3,-3
2021-03-11 15:17:35.211,16188,16189,16189,1,1
2021-03-11 15:17:42.059,16188,16189,16188,4,-4
2021-03-11 15:17:44.706,16188,16189,16188,4,-4
2021-03-11 15:17:44.707,16188,16189,16188,1,-1
2021-03-11 15:17:45.775,16188,16189,16188,1,-1
2021-03-11 15:17:45.776,16188,16189,16188,1,-1
2021-03-11 15:17:46.990,16187,16188,16188,1,1
2021-03-11 15:17:47.033,16187,16188,16187,6,-6
2021-03-11 15:17:47.033,16187,16188,16186,6,-6
2021-03-11 15:17:47.112,16187,16188,16186,7,-7
2021-03-11 15:17:47.199,16185,16186,16185,1,-1
2021-03-11 15:17:47.285,16185,16186,16185,1,-1
2021-03-11 15:17:47.291,16185,16186,16185,1,-1
2021-03-11 15:17:47.328,16185,16186,16185,1,-1
2021-03-11 15:17:48.343,16185,16186,16186,1,1
2021-03-11 15:17:50.334,16185,16186,16185,4,-4
2021-03-11 15:17:50.334,16185,16186,16185,1,-1
2021-03-11 15:17:51.165,16185,16186,16185,1,-1
2021-03-11 15:17:51.165,16185,16186,16185,4,-4
2021-03-11 15:17:52.066,16185,16186,16185,4,-4
2021-03-11 15:17:52.068,16185,16186,16185,1,-1
2021-03-11 15:17:53.579,16185,16186,16185,1,-1
2021-03-11 15:17:57.139,16185,16186,16185,2,-2
2021-03-11 15:17:57.547,16184,16185,16185,1,1
2021-03-11 15:17:57.548,16184,16185,16185,1,1
2021-03-11 15:17:57.684,16184,16186,16184,4,-4
2021-03-11 15:17:58.993,16184,16185,16185,1,1
2021-03-11 15:17:59.181,16184,16186,16184,1,-1
2021-03-11 15:18:00.893,16185,16186,16186,4,4
2021-03-11 15:18:00.893,16185,16186,16186,1,1
2021-03-11 15:18:01.994,16186,16187,16187,1,1
2021-03-11 15:18:03.751,16186,16188,16186,2,-2
2021-03-11 15:18:04.935,16186,16188,16186,1,-1
2021-03-11 15:18:13.680,16187,16188,16187,2,2
2021-03-11 15:18:13.680,16187,16188,16186,4,-4
2021-03-11 15:18:13.680,16187,16188,16185,29,-29
2021-03-11 15:18:19.653,16186,16188,16186,1,1
2021-03-11 15:18:20.342,16186,16188,16186,1,-1
2021-03-11 15:18:21.319,16186,16188,16187,1,1
2021-03-11 15:18:22.283,16186,16187,16186,1,-1
2021-03-11 15:18:24.235,16185,16186,16185,2,-2
2021-03-11 15:18:24.236,16185,16186,16185,1,-1
2021-03-11 15:18:26.251,16185,16186,16185,1,-1
2021-03-11 15:18:27.811,16184,16186,16184,5,-5
2021-03-11 15:18:28.242,16184,16185,16185,1,1
2021-03-11 15:18:31.017,16184,16185,16184,1,-1
2021-03-11 15:18:31.274,16184,16185,16184,3,-3
2021-03-11 15:18:31.275,16184,16185,16184,4,-4
2021-03-11 15:18:31.275,16184,16185,16184,2,-2
2021-03-11 15:18:31.275,16184,16185,16184,1,-1
2021-03-11 15:18:33.508,16183,16185,16185,1,1
2021-03-11 15:18:33.972,16183,16185,16183,5,-5
2021-03-11 15:18:34.317,16183,16185,16185,1,1
2021-03-11 15:18:39.538,16183,16184,16183,1,-1
2021-03-11 15:18:43.856,16182,16183,16182,2,-2
2021-03-11 15:18:43.914,16182,16183,16182,1,-1
2021-03-11 15:18:44.753,16182,16183,16182,1,-1
2021-03-11 15:18:44.997,16181,16182,16182,1,1
2021-03-11 15:18:46.094,16181,16182,16182,1,1
2021-03-11 15:18:46.590,16181,16182,16182,1,1
2021-03-11 15:18:46.885,16181,16183,16182,1,-1
2021-03-11 15:18:49.275,16182,16183,16183,1,1
2021-03-11 15:18:49.795,16182,16183,16182,1,-1
2021-03-11 15:18:51.972,16182,16183,16182,1,-1
2021-03-11 15:18:52.733,16182,16183,16182,4,-4
2021-03-11 15:18:53.035,16182,16183,16182,1,-1
2021-03-11 15:18:53.035,16182,16183,16181,1,-1
2021-03-11 15:18:53.189,16181,16182,16181,1,-1
2021-03-11 15:18:59.374,16182,16183,16183,1,1
2021-03-11 15:18:59.374,16182,16183,16183,4,4
2021-03-11 15:18:59.768,16182,16184,16182,2,-2
2021-03-11 15:19:00.316,16182,16184,16182,1,-1
2021-03-11 15:19:01.152,16183,16184,16183,1,1
2021-03-11 15:19:01.154,16183,16184,16183,3,-3
2021-03-11 15:19:08.366,16182,16184,16184,1,1
2021-03-11 15:19:08.435,16184,16185,16184,1,-1
2021-03-11 15:19:08.435,16184,16185,16183,1,-1
2021-03-11 15:19:08.729,16184,16185,16185,1,1
2021-03-11 15:19:08.746,16184,16185,16185,1,1
2021-03-11 15:19:09.897,16184,16186,16184,1,-1
2021-03-11 15:19:09.898,16184,16186,16184,1,-1
2021-03-11 15:19:09.898,16184,16186,16184,2,-2
2021-03-11 15:19:09.898,16184,16186,16184,1,-1
2021-03-11 15:19:10.832,16183,16185,16183,3,-3
2021-03-11 15:19:10.832,16183,16185,16183,1,-1
2021-03-11 15:19:10.832,16183,16185,16183,1,-1
2021-03-11 15:19:11.542,16182,16184,16182,5,-5
2021-03-11 15:19:12.275,16182,16184,16182,2,-2
2021-03-11 15:19:12.276,16182,16184,16182,3,-3
2021-03-11 15:19:12.947,16181,16184,16182,5,-5
2021-03-11 15:19:13.686,16181,16182,16181,5,-5
2021-03-11 15:19:16.151,16181,16182,16182,1,1
2021-03-11 15:19:17.322,16181,16182,16181,1,-1
2021-03-11 15:19:18.132,16181,16182,16181,1,-1
2021-03-11 15:19:21.084,16181,16182,16182,1,1
2021-03-11 15:19:21.284,16181,16182,16181,3,-3
2021-03-11 15:19:21.284,16181,16182,16180,41,-41
2021-03-11 15:19:21.286,16181,16182,16180,1,-1
2021-03-11 15:19:21.286,16181,16182,16180,1,-1
2021-03-11 15:19:21.286,16181,16182,16180,5,-5
2021-03-11 15:19:21.287,16181,16182,16180,1,-1
2021-03-11 15:19:21.287,16181,16182,16180,5,-5
2021-03-11 15:19:21.300,16181,16182,16181,1,1
2021-03-11 15:19:21.731,16180,16182,16180,1,-1
2021-03-11 15:19:21.745,16180,16182,16179,1,-1
2021-03-11 15:19:21.757,16179,16181,16179,1,-1
2021-03-11 15:19:21.762,16179,16181,16178,1,-1
2021-03-11 15:19:22.045,16180,16181,16180,1,1
2021-03-11 15:19:22.045,16180,16181,16179,1,-1
2021-03-11 15:19:22.065,16180,16181,16179,2,-2
2021-03-11 15:19:22.169,16179,16181,16179,1,-1
2021-03-11 15:19:22.182,16179,16181,16179,1,-1
2021-03-11 15:19:22.233,16179,16181,16181,1,1
2021-03-11 15:19:22.309,16179,16181,16179,1,-1
2021-03-11 15:19:22.398,16179,16181,16179,1,-1
2021-03-11 15:19:22.404,16179,16181,16179,1,-1
2021-03-11 15:19:25.895,16179,16181,16179,3,-3
2021-03-11 15:19:25.895,16179,16181,16178,1,-1
2021-03-11 15:19:27.687,16178,16180,16178,1,-1
2021-03-11 15:19:28.295,16178,16180,16179,1,1
2021-03-11 15:19:29.874,16178,16179,16178,1,-1
2021-03-11 15:19:30.305,16178,16179,16178,1,-1
2021-03-11 15:19:30.640,16178,16179,16178,1,-1
2021-03-11 15:19:30.991,16178,16179,16178,1,-1
2021-03-11 15:19:31.564,16178,16179,16178,1,-1
2021-03-11 15:19:32.902,16178,16179,16179,1,1
2021-03-11 15:19:33.242,16179,16180,16179,1,-1
2021-03-11 15:19:33.640,16179,16180,16179,1,-1
2021-03-11 15:19:34.980,16179,16180,16179,1,-1
2021-03-11 15:19:36.137,16178,16179,16178,8,-8
2021-03-11 15:19:37.496,16178,16179,16179,1,1
2021-03-11 15:19:38.189,16178,16179,16179,7,7
2021-03-11 15:19:39.045,16179,16180,16179,2,-2
2021-03-11 15:19:39.045,16179,16180,16178,3,-3
2021-03-11 15:19:39.405,16179,16180,16179,1,1
2021-03-11 15:19:41.460,16178,16179,16178,1,-1
2021-03-11 15:19:42.421,16178,16179,16178,5,-5
2021-03-11 15:19:43.557,16178,16179,16178,1,-1
2021-03-11 15:19:43.558,16178,16179,16178,4,-4
2021-03-11 15:19:43.596,16178,16179,16177,1,-1
2021-03-11 15:19:43.664,16177,16178,16177,1,-1
2021-03-11 15:19:43.710,16177,16178,16178,1,1
2021-03-11 15:19:44.617,16178,16179,16179,1,1
2021-03-11 15:19:44.618,16178,16179,16179,1,1
2021-03-11 15:19:47.165,16178,16179,16178,1,-1
2021-03-11 15:19:47.980,16178,16179,16178,2,-2
2021-03-11 15:19:48.814,16177,16178,16178,2,2
2021-03-11 15:19:49.038,16177,16179,16177,5,-5
2021-03-11 15:19:50.011,16178,16179,16178,2,2
2021-03-11 15:19:50.351,16177,16178,16178,2,2
2021-03-11 15:19:50.351,16177,16178,16178,1,1
2021-03-11 15:19:51.741,16178,16179,16178,2,-2
2021-03-11 15:19:51.870,16177,16178,16178,2,2
2021-03-11 15:19:52.170,16177,16178,16178,1,1
2021-03-11 15:19:52.274,16178,16179,16178,2,-2
2021-03-11 15:19:53.082,16177,16178,16178,1,1
2021-03-11 15:19:54.031,16177,16178,16178,1,1
2021-03-11 15:19:54.382,16178,16179,16178,1,-1
2021-03-11 15:19:56.823,16178,16179,16178,1,-1
2021-03-11 15:19:57.914,16178,16179,16179,2,2
2021-03-11 15:19:58.246,16178,16179,16178,1,-1
2021-03-11 15:19:58.351,16177,16178,16178,2,2
2021-03-11 15:19:58.652,16177,16178,16177,1,-1
2021-03-11 15:19:58.652,16177,16178,16177,1,-1
2021-03-11 15:19:58.652,16177,16178,16177,1,-1
2021-03-11 15:19:58.652,16177,16178,16177,1,-1
2021-03-11 15:19:58.652,16177,16178,16177,1,-1
2021-03-11 15:19:58.652,16177,16178,16177,8,-8
2021-03-11 15:19:58.652,16177,16178,16177,3,-3
2021-03-11 15:19:58.652,16177,16178,16177,1,-1
2021-03-11 15:19:58.652,16177,16178,16177,1,-1
2021-03-11 15:19:58.653,16177,16178,16177,1,-1
2021-03-11 15:19:58.653,16177,16178,16177,1,-1
2021-03-11 15:20:00.569,16177,16178,16177,2,-2
2021-03-11 15:20:01.126,16176,16177,16177,1,1
2021-03-11 15:20:01.522,16176,16178,16176,2,-2
2021-03-11 15:20:01.571,16176,16178,16176,1,-1
2021-03-11 15:20:02.572,16176,16178,16178,2,2
2021-03-11 15:20:02.976,16176,16178,16178,1,1
2021-03-11 15:20:05.501,16177,16178,16177,1,-1
2021-03-11 15:20:07.623,16176,16178,16178,1,1
2021-03-11 15:20:12.838,16177,16178,16177,3,-3
2021-03-11 15:20:13.167,16176,16177,16177,1,1
2021-03-11 15:20:13.167,16176,16177,16177,1,1
2021-03-11 15:20:14.328,16176,16177,16176,5,-5
2021-03-11 15:20:16.712,16176,16177,16176,1,-1
2021-03-11 15:20:16.896,16176,16177,16176,3,-3
2021-03-11 15:20:17.843,16175,16176,16175,1,-1
2021-03-11 15:20:17.988,16175,16176,16176,1,1
2021-03-11 15:20:17.998,16175,16176,16175,4,-4
2021-03-11 15:20:18.043,16175,16176,16175,4,-4
2021-03-11 15:20:18.115,16175,16176,16176,1,1
2021-03-11 15:20:18.264,16175,16176,16176,2,2
2021-03-11 15:20:18.264,16175,16176,16177,2,2
2021-03-11 15:20:20.569,16175,16177,16177,1,1
2021-03-11 15:20:20.982,16175,16177,16177,1,1
2021-03-11 15:20:24.004,16176,16177,16177,1,1
2021-03-11 15:20:24.238,16176,16177,16177,1,1
2021-03-11 15:20:27.545,16176,16177,16177,1,1
2021-03-11 15:20:28.565,16176,16177,16177,1,1
2021-03-11 15:20:30.539,16176,16178,16176,4,-4
2021-03-11 15:20:30.540,16176,16178,16176,1,-1
2021-03-11 15:20:31.709,16176,16178,16176,5,-5
2021-03-11 15:20:33.080,16176,16178,16177,1,1
2021-03-11 15:20:33.910,16177,16178,16178,1,1
2021-03-11 15:20:34.696,16177,16178,16177,1,-1
2021-03-11 15:20:36.219,16176,16177,16177,1,1
2021-03-11 15:20:39.164,16176,16177,16176,5,-5
2021-03-11 15:20:42.116,16176,16177,16177,1,1
2021-03-11 15:20:43.402,16177,16178,16177,1,-1
2021-03-11 15:20:43.416,16177,16178,16177,2,-2
2021-03-11 15:20:43.427,16177,16178,16176,2,-2
2021-03-11 15:20:43.427,16177,16178,16176,2,-2
2021-03-11 15:20:49.707,16176,16177,16177,1,1
2021-03-11 15:20:49.707,16176,16177,16177,1,1
2021-03-11 15:20:49.707,16176,16177,16177,1,1
2021-03-11 15:20:49.708,16176,16177,16177,1,1
2021-03-11 15:20:53.670,16177,16178,16178,1,1
2021-03-11 15:20:53.918,16177,16178,16177,5,-5
2021-03-11 15:20:54.387,16177,16178,16177,5,-5
2021-03-11 15:20:54.760,16177,16178,16177,5,-5
2021-03-11 15:20:54.910,16177,16178,16178,3,3
2021-03-11 15:20:54.910,16177,16178,16178,1,1
2021-03-11 15:20:54.910,16177,16178,16178,2,2
2021-03-11 15:20:55.154,16178,16179,16178,5,-5
2021-03-11 15:21:04.957,16178,16179,16178,5,-5
2021-03-11 15:21:05.257,16178,16179,16178,5,-5
2021-03-11 15:21:05.685,16178,16179,16178,5,-5
2021-03-11 15:21:05.686,16178,16179,16178,1,-1
2021-03-11 15:21:06.509,16178,16179,16178,1,-1
2021-03-11 15:21:07.061,16177,16178,16178,1,1
2021-03-11 15:21:07.348,16177,16178,16178,4,4
2021-03-11 15:21:08.892,16178,16179,16178,1,-1
2021-03-11 15:21:10.787,16177,16178,16177,1,-1
2021-03-11 15:21:13.495,16176,16178,16176,1,-1
2021-03-11 15:21:16.586,16177,16178,16178,1,1
2021-03-11 15:21:22.604,16177,16178,16178,1,1
2021-03-11 15:21:25.389,16177,16178,16177,5,-5
2021-03-11 15:21:31.904,16176,16177,16177,4,4
2021-03-11 15:21:33.703,16177,16178,16178,1,1
2021-03-11 15:21:36.844,16177,16178,16177,1,-1
2021-03-11 15:21:37.574,16177,16178,16178,1,1
2021-03-11 15:21:39.235,16177,16178,16177,3,-3
2021-03-11 15:21:39.713,16177,16178,16177,1,-1
2021-03-11 15:21:39.713,16177,16178,16177,1,-1
2021-03-11 15:21:39.713,16177,16178,16177,1,-1
2021-03-11 15:21:46.977,16176,16177,16177,1,1
2021-03-11 15:21:47.469,16177,16178,16177,1,-1
2021-03-11 15:21:47.735,16177,16178,16177,1,-1
2021-03-11 15:21:48.674,16177,16178,16177,1,-1
2021-03-11 15:21:48.674,16177,16178,16177,1,-1
2021-03-11 15:21:51.245,16176,16177,16177,1,1
2021-03-11 15:21:58.224,16176,16177,16177,1,1
2021-03-11 15:21:58.468,16176,16177,16177,5,5
2021-03-11 15:22:04.484,16177,16178,16177,1,-1
2021-03-11 15:22:04.529,16177,16178,16177,1,-1
2021-03-11 15:22:04.529,16177,16178,16177,1,-1
2021-03-11 15:22:10.138,16176,16177,16177,2,2
2021-03-11 15:22:12.874,16176,16177,16176,3,-3
2021-03-11 15:22:12.874,16176,16177,16176,1,-1
2021-03-11 15:22:12.874,16176,16177,16176,1,-1
2021-03-11 15:22:12.875,16176,16177,16176,1,-1
2021-03-11 15:22:13.990,16176,16177,16176,3,-3
2021-03-11 15:22:14.728,16176,16177,16176,1,-1
2021-03-11 15:22:17.023,16175,16176,16176,1,1
2021-03-11 15:22:20.515,16175,16176,16176,1,1
2021-03-11 15:22:23.840,16175,16176,16175,3,-3
2021-03-11 15:22:24.982,16175,16176,16175,1,-1
2021-03-11 15:22:26.457,16175,16176,16176,1,1
2021-03-11 15:22:27.685,16175,16176,16175,3,-3
2021-03-11 15:22:27.699,16175,16176,16175,1,-1
2021-03-11 15:22:27.699,16175,16176,16175,1,-1
2021-03-11 15:22:31.414,16175,16176,16175,1,-1
2021-03-11 15:22:34.343,16174,16175,16175,1,1
2021-03-11 15:22:36.749,16174,16175,16174,3,-3
2021-03-11 15:22:37.061,16174,16175,16174,3,-3
2021-03-11 15:22:37.478,16174,16175,16174,1,-1
2021-03-11 15:22:37.481,16174,16175,16174,1,-1
2021-03-11 15:22:39.746,16173,16174,16173,4,-4
2021-03-11 15:22:40.238,16173,16174,16174,1,1
2021-03-11 15:22:41.377,16173,16174,16173,1,-1
2021-03-11 15:22:42.078,16173,16174,16173,3,-3
2021-03-11 15:22:44.296,16172,16173,16172,5,-5
2021-03-11 15:22:44.418,16172,16173,16172,1,-1
2021-03-11 15:22:44.467,16172,16173,16171,5,-5
2021-03-11 15:22:44.574,16171,16172,16171,2,-2
2021-03-11 15:22:44.794,16170,16172,16172,1,1
2021-03-11 15:22:45.159,16170,16172,16170,2,-2
2021-03-11 15:22:45.258,16170,16172,16170,1,-1
2021-03-11 15:22:45.328,16170,16172,16170,2,-2
2021-03-11 15:22:45.476,16170,16172,16170,1,-1
2021-03-11 15:22:45.601,16170,16172,16170,1,-1
2021-03-11 15:22:45.857,16170,16172,16170,2,-2
2021-03-11 15:22:46.318,16170,16172,16170,1,-1
2021-03-11 15:22:47.637,16170,16171,16171,1,1
2021-03-11 15:22:47.752,16171,16172,16171,1,-1
2021-03-11 15:22:47.758,16171,16172,16171,1,-1
2021-03-11 15:22:47.898,16170,16172,16170,1,-1
2021-03-11 15:22:47.903,16170,16172,16170,5,-5
2021-03-11 15:22:48.083,16170,16171,16170,5,-5
2021-03-11 15:22:48.296,16170,16171,16170,1,-1
2021-03-11 15:22:49.339,16169,16170,16170,5,5
2021-03-11 15:22:49.340,16169,16170,16170,1,1
2021-03-11 15:22:49.340,16169,16170,16170,1,1
2021-03-11 15:22:49.340,16169,16170,16170,1,1
2021-03-11 15:22:49.340,16169,16170,16170,1,1
2021-03-11 15:22:50.005,16169,16171,16169,1,-1
2021-03-11 15:22:50.502,16169,16170,16170,1,1
2021-03-11 15:22:51.101,16169,16170,16169,20,-20
2021-03-11 15:22:52.184,16168,16169,16168,8,-8
2021-03-11 15:22:52.184,16168,16169,16168,3,-3
2021-03-11 15:22:52.317,16167,16169,16167,1,-1
2021-03-11 15:22:52.373,16167,16169,16167,2,-2
2021-03-11 15:22:52.377,16167,16169,16167,3,-3
2021-03-11 15:22:52.411,16167,16169,16166,3,-3
2021-03-11 15:22:52.527,16166,16168,16166,1,-1
2021-03-11 15:22:52.586,16166,16168,16166,1,-1
2021-03-11 15:22:52.766,16166,16167,16166,1,-1
2021-03-11 15:22:52.775,16166,16167,16167,3,3
2021-03-11 15:22:52.824,16166,16167,16167,1,1
2021-03-11 15:22:52.887,16167,16168,16167,1,-1
2021-03-11 15:22:52.887,16167,16168,16166,1,-1
2021-03-11 15:22:52.913,16167,16168,16166,2,-2
2021-03-11 15:22:53.877,16167,16168,16167,1,1
2021-03-11 15:22:54.934,16166,16168,16168,2,2
2021-03-11 15:22:56.373,16167,16168,16168,1,1
2021-03-11 15:22:56.547,16168,16169,16168,1,-1
2021-03-11 15:22:56.547,16168,16169,16167,4,-4
2021-03-11 15:22:56.829,16167,16168,16168,1,1
2021-03-11 15:22:58.261,16167,16169,16167,1,-1
2021-03-11 15:22:58.946,16167,16169,16167,1,-1
2021-03-11 15:22:59.021,16167,16168,16167,1,-1
2021-03-11 15:23:00.047,16167,16169,16167,1,-1
2021-03-11 15:23:00.463,16167,16169,16167,1,-1
2021-03-11 15:23:01.909,16167,16169,16168,1,1
2021-03-11 15:23:01.909,16167,16169,16167,9,-9
2021-03-11 15:23:03.412,16168,16169,16168,1,1
2021-03-11 15:23:04.530,16168,16169,16168,1,-1
2021-03-11 15:23:08.147,16167,16169,16167,5,-5
2021-03-11 15:23:08.468,16167,16169,16167,3,-3
2021-03-11 15:23:08.468,16167,16169,16167,1,-1
2021-03-11 15:23:08.468,16167,16169,16167,1,-1
2021-03-11 15:23:09.043,16167,16168,16167,1,-1
2021-03-11 15:23:09.044,16167,16168,16167,4,-4
2021-03-11 15:23:09.545,16166,16168,16168,1,1
2021-03-11 15:23:10.533,16166,16167,16167,1,1
2021-03-11 15:23:10.557,16166,16167,16167,1,1
2021-03-11 15:23:12.208,16166,16167,16167,1,1
2021-03-11 15:23:12.752,16167,16168,16167,1,-1
2021-03-11 15:23:14.070,16166,16167,16166,4,-4
2021-03-11 15:23:15.479,16165,16166,16166,1,1
2021-03-11 15:23:16.676,16166,16167,16166,1,-1
2021-03-11 15:23:17.944,16166,16167,16166,2,-2
2021-03-11 15:23:19.421,16166,16167,16166,3,-3
2021-03-11 15:23:20.186,16166,16167,16167,1,1
2021-03-11 15:23:20.738,16166,16167,16166,1,-1
2021-03-11 15:23:21.238,16166,16167,16167,2,2
2021-03-11 15:23:21.238,16166,16167,16167,3,3
2021-03-11 15:23:21.238,16166,16167,16167,1,1
2021-03-11 15:23:22.009,16167,16168,16168,1,1
2021-03-11 15:23:22.010,16167,16168,16168,4,4
2021-03-11 15:23:22.010,16167,16168,16168,1,1
2021-03-11 15:23:22.368,16168,16169,16168,2,-2
2021-03-11 15:23:22.787,16168,16169,16168,1,-1
2021-03-11 15:23:26.627,16168,16169,16168,1,-1
2021-03-11 15:23:27.807,16167,16169,16167,1,-1
2021-03-11 15:23:29.441,16168,16169,16168,1,1
2021-03-11 15:23:29.441,16168,16169,16168,1,-1
2021-03-11 15:23:29.846,16167,16169,16169,1,1
2021-03-11 15:23:30.355,16167,16169,16168,1,-1
2021-03-11 15:23:32.812,16168,16169,16169,2,2
2021-03-11 15:23:32.813,16168,16169,16169,26,26
2021-03-11 15:23:33.077,16169,16170,16170,3,3
2021-03-11 15:23:33.162,16169,16170,16170,2,2
2021-03-11 15:23:33.199,16169,16170,16170,2,2
2021-03-11 15:23:33.233,16169,16170,16170,1,1
2021-03-11 15:23:33.325,16169,16170,16170,1,1
2021-03-11 15:23:35.230,16169,16170,16170,1,1
2021-03-11 15:23:35.710,16169,16170,16170,1,1
2021-03-11 15:23:35.711,16169,16170,16170,2,2
2021-03-11 15:23:35.711,16169,16170,16170,2,2
2021-03-11 15:23:35.711,16169,16170,16170,1,1
2021-03-11 15:23:35.999,16169,16170,16170,1,1
2021-03-11 15:23:36.059,16169,16170,16170,2,2
2021-03-11 15:23:36.392,16170,16171,16170,2,-2
2021-03-11 15:23:36.453,16170,16171,16171,1,1
2021-03-11 15:23:36.799,16170,16172,16170,2,-2
2021-03-11 15:23:37.679,16170,16172,16172,1,1
2021-03-11 15:23:38.184,16171,16172,16172,1,1
2021-03-11 15:23:38.612,16171,16172,16172,1,1
2021-03-11 15:23:39.721,16171,16172,16171,5,-5
2021-03-11 15:23:40.438,16171,16172,16171,1,-1
2021-03-11 15:23:41.007,16169,16171,16171,1,1
2021-03-11 15:23:43.777,16170,16171,16170,1,-1
2021-03-11 15:23:44.445,16169,16170,16170,1,1
2021-03-11 15:23:45.047,16169,16170,16170,1,1
2021-03-11 15:23:45.750,16169,16170,16170,1,1
2021-03-11 15:23:46.165,16169,16170,16170,1,1
2021-03-11 15:23:47.427,16170,16171,16171,1,1
2021-03-11 15:23:48.441,16170,16171,16170,1,-1
2021-03-11 15:23:49.979,16170,16171,16170,2,-2
2021-03-11 15:23:52.344,16170,16171,16170,1,-1
2021-03-11 15:23:53.222,16170,16171,16170,2,-2
2021-03-11 15:23:53.685,16169,16170,16170,1,1
2021-03-11 15:23:54.670,16169,16171,16169,1,-1
2021-03-11 15:23:55.952,16170,16171,16170,1,1
2021-03-11 15:23:55.952,16170,16171,16169,1,-1
2021-03-11 15:23:59.010,16169,16170,16170,2,2
2021-03-11 15:23:59.010,16169,16170,16171,3,3
2021-03-11 15:24:00.120,16170,16171,16171,2,2
2021-03-11 15:24:01.127,16170,16171,16170,1,-1
2021-03-11 15:24:01.180,16170,16171,16169,1,-1
2021-03-11 15:24:02.255,16169,16170,16169,2,-2
2021-03-11 15:24:05.959,16170,16171,16170,3,3
2021-03-11 15:24:05.959,16170,16171,16170,2,-2
2021-03-11 15:24:08.718,16169,16171,16171,1,1
2021-03-11 15:24:09.392,16169,16170,16170,1,1
2021-03-11 15:24:09.672,16169,16170,16170,1,1
2021-03-11 15:24:09.672,16169,16170,16170,1,1
2021-03-11 15:24:09.673,16169,16170,16170,1,1
2021-03-11 15:24:13.294,16170,16171,16170,1,-1
2021-03-11 15:24:14.319,16170,16171,16170,1,-1
2021-03-11 15:24:15.078,16170,16171,16170,2,-2
2021-03-11 15:24:18.750,16170,16171,16170,1,-1
2021-03-11 15:24:18.750,16170,16171,16170,1,-1
2021-03-11 15:24:21.957,16170,16171,16170,1,-1
2021-03-11 15:24:25.690,16170,16171,16171,1,1
2021-03-11 15:24:31.733,16170,16171,16171,1,1
2021-03-11 15:24:35.039,16170,16171,16170,1,-1
2021-03-11 15:24:35.258,16170,16171,16171,2,2
2021-03-11 15:24:35.545,16170,16171,16171,1,1
2021-03-11 15:24:40.173,16170,16171,16171,1,1
2021-03-11 15:24:43.997,16170,16171,16171,2,2
2021-03-11 15:24:46.473,16170,16171,16170,1,-1
2021-03-11 15:24:46.807,16170,16171,16171,1,1
2021-03-11 15:24:52.531,16170,16171,16171,4,4
2021-03-11 15:24:52.531,16170,16171,16171,2,2
2021-03-11 15:24:53.705,16171,16172,16171,1,-1
2021-03-11 15:24:53.706,16171,16172,16171,1,-1
2021-03-11 15:24:53.789,16171,16172,16171,1,-1
2021-03-11 15:24:56.329,16171,16172,16171,1,-1
2021-03-11 15:24:56.544,16171,16172,16171,1,-1
2021-03-11 15:24:56.545,16171,16172,16171,1,-1
2021-03-11 15:25:03.459,16171,16172,16172,1,1
2021-03-11 15:25:03.459,16171,16172,16172,1,1
2021-03-11 15:25:03.459,16171,16172,16172,1,1
2021-03-11 15:25:06.974,16171,16172,16171,1,-1
2021-03-11 15:25:07.476,16171,16172,16172,3,3
2021-03-11 15:25:09.015,16171,16172,16171,1,-1
2021-03-11 15:25:10.239,16171,16172,16172,1,1
2021-03-11 15:25:18.453,16171,16172,16172,1,1
2021-03-11 15:25:21.145,16171,16172,16172,1,1
2021-03-11 15:25:23.168,16171,16172,16172,1,1
2021-03-11 15:25:26.187,16172,16173,16173,1,1
2021-03-11 15:25:32.198,16172,16173,16173,2,2
2021-03-11 15:25:35.247,16173,16174,16173,1,-1
2021-03-11 15:25:36.998,16173,16174,16174,1,1
2021-03-11 15:25:37.071,16173,16174,16173,1,-1
2021-03-11 15:25:40.012,16173,16174,16174,1,1
2021-03-11 15:25:40.013,16173,16174,16174,1,1
2021-03-11 15:25:40.751,16174,16175,16174,1,-1
2021-03-11 15:25:41.343,16173,16175,16173,1,-1
2021-03-11 15:25:42.307,16174,16175,16174,1,1
2021-03-11 15:25:44.700,16173,16175,16175,1,1
2021-03-11 15:25:46.411,16174,16176,16174,1,-1
2021-03-11 15:25:46.411,16174,16176,16173,1,-1
2021-03-11 15:25:48.043,16174,16176,16174,1,1
2021-03-11 15:25:55.186,16174,16175,16174,1,-1
2021-03-11 15:25:57.195,16174,16175,16175,1,1
2021-03-11 15:25:57.237,16174,16175,16174,1,-1
2021-03-11 15:26:01.743,16174,16175,16175,1,1
2021-03-11 15:26:01.915,16174,16175,16174,1,-1
2021-03-11 15:26:03.444,16173,16174,16174,1,1
2021-03-11 15:26:12.508,16173,16174,16174,2,2
2021-03-11 15:26:17.637,16173,16174,16174,1,1
2021-03-11 15:26:19.846,16173,16174,16174,1,1
2021-03-11 15:26:25.850,16174,16175,16175,2,2
2021-03-11 15:26:25.850,16174,16175,16176,3,3
2021-03-11 15:26:37.256,16174,16175,16175,1,1
2021-03-11 15:26:37.256,16174,16175,16176,4,4
2021-03-11 15:26:49.341,16175,16176,16176,1,1
2021-03-11 15:26:49.342,16175,16176,16176,1,1
2021-03-11 15:26:49.342,16175,16176,16176,2,2
2021-03-11 15:26:52.906,16176,16177,16176,1,-1
2021-03-11 15:26:56.583,16176,16177,16177,1,1
2021-03-11 15:26:56.583,16176,16177,16177,3,3
2021-03-11 15:26:56.583,16176,16177,16177,1,1
2021-03-11 15:26:57.716,16176,16178,16178,1,1
2021-03-11 15:26:59.813,16176,16178,16177,1,-1
2021-03-11 15:27:02.135,16176,16178,16178,2,2
2021-03-11 15:27:03.723,16176,16178,16178,5,5
2021-03-11 15:27:08.754,16177,16178,16178,1,1
2021-03-11 15:27:08.754,16177,16178,16178,11,11
2021-03-11 15:27:08.755,16177,16178,16178,1,1
2021-03-11 15:27:09.100,16178,16179,16178,1,-1
2021-03-11 15:27:11.676,16178,16179,16179,1,1
2021-03-11 15:27:11.752,16178,16179,16179,1,1
2021-03-11 15:27:12.886,16178,16179,16179,1,1
2021-03-11 15:27:12.912,16178,16179,16179,1,1
2021-03-11 15:27:15.121,16178,16180,16179,1,-1
2021-03-11 15:27:25.936,16178,16179,16179,1,1
2021-03-11 15:27:25.945,16178,16179,16180,1,1
2021-03-11 15:27:26.191,16179,16180,16180,2,2
2021-03-11 15:27:27.907,16179,16180,16180,1,1
2021-03-11 15:27:29.354,16179,16180,16180,1,1
2021-03-11 15:27:31.502,16178,16179,16179,1,1
2021-03-11 15:27:34.015,16179,16180,16179,1,-1
2021-03-11 15:27:38.842,16179,16180,16180,2,2
2021-03-11 15:27:38.875,16179,16180,16180,1,1
2021-03-11 15:27:39.613,16179,16180,16180,1,1
2021-03-11 15:27:40.833,16179,16180,16180,1,1
2021-03-11 15:27:43.214,16179,16180,16180,1,1
2021-03-11 15:27:43.991,16179,16180,16179,1,-1
2021-03-11 15:27:44.794,16179,16180,16180,3,3
2021-03-11 15:27:44.877,16179,16180,16180,1,1
2021-03-11 15:27:45.466,16179,16180,16180,2,2
2021-03-11 15:27:45.658,16179,16181,16181,1,1
2021-03-11 15:27:45.663,16179,16181,16181,1,1
2021-03-11 15:27:45.667,16179,16181,16181,1,1
2021-03-11 15:27:45.674,16179,16181,16181,1,1
2021-03-11 15:27:45.828,16180,16181,16181,2,2
2021-03-11 15:27:47.905,16179,16181,16180,1,-1
2021-03-11 15:27:48.127,16179,16180,16180,1,1
2021-03-11 15:27:48.358,16179,16181,16181,1,1
2021-03-11 15:27:50.459,16179,16180,16180,2,2
2021-03-11 15:27:51.964,16179,16180,16180,9,9
2021-03-11 15:27:52.012,16180,16181,16180,1,-1
2021-03-11 15:27:53.122,16179,16180,16180,1,1
2021-03-11 15:27:56.576,16179,16180,16180,3,3
2021-03-11 15:27:57.457,16179,16180,16180,1,1
2021-03-11 15:28:02.959,16179,16180,16180,2,2
2021-03-11 15:28:03.002,16179,16180,16180,1,1
2021-03-11 15:28:03.848,16179,16180,16180,1,1
2021-03-11 15:28:04.102,16179,16180,16180,2,2
2021-03-11 15:28:06.974,16179,16180,16179,1,-1
2021-03-11 15:28:07.670,16179,16180,16179,2,-2
2021-03-11 15:28:08.744,16179,16180,16180,1,1
2021-03-11 15:28:08.744,16179,16180,16180,1,1
2021-03-11 15:28:08.744,16179,16180,16180,1,1
2021-03-11 15:28:08.744,16179,16180,16180,1,1
2021-03-11 15:28:08.744,16179,16180,16180,1,1
2021-03-11 15:28:09.046,16179,16181,16181,1,1
2021-03-11 15:28:10.638,16180,16181,16180,1,-1
2021-03-11 15:28:11.134,16179,16181,16179,3,-3
2021-03-11 15:28:11.656,16179,16180,16180,1,1
2021-03-11 15:28:15.256,16179,16180,16180,10,10
2021-03-11 15:28:16.841,16180,16181,16181,5,5
2021-03-11 15:28:16.841,16180,16181,16181,1,1
2021-03-11 15:28:16.841,16180,16181,16181,2,2
2021-03-11 15:28:16.842,16180,16181,16181,2,2
2021-03-11 15:28:16.842,16180,16181,16181,8,8
2021-03-11 15:28:16.842,16180,16181,16181,1,1
2021-03-11 15:28:16.842,16180,16181,16181,3,3
2021-03-11 15:28:16.845,16180,16181,16182,1,1
2021-03-11 15:28:16.847,16180,16181,16182,1,1
2021-03-11 15:28:16.847,16180,16181,16182,1,1
2021-03-11 15:28:17.033,16181,16182,16182,1,1
2021-03-11 15:28:18.698,16180,16182,16180,1,-1
2021-03-11 15:28:19.652,16180,16182,16180,1,-1
2021-03-11 15:28:24.850,16180,16181,16180,2,-2
2021-03-11 15:28:27.467,16180,16181,16180,1,-1
2021-03-11 15:28:27.682,16179,16180,16180,1,1
2021-03-11 15:28:28.149,16179,16180,16180,1,1
2021-03-11 15:28:29.627,16179,16180,16180,1,1
2021-03-11 15:28:30.168,16179,16180,16180,4,4
2021-03-11 15:28:47.468,16179,16180,16180,1,1
2021-03-11 15:28:51.231,16179,16180,16179,1,-1
2021-03-11 15:28:51.231,16179,16180,16179,4,-4
2021-03-11 15:28:51.231,16179,16180,16179,5,-5
2021-03-11 15:28:51.231,16179,16180,16179,1,-1
2021-03-11 15:28:58.697,16179,16180,16180,1,1
2021-03-11 15:29:06.420,16178,16180,16178,1,-1
2021-03-11 15:29:08.050,16178,16179,16179,1,1
2021-03-11 15:29:11.551,16178,16179,16178,6,-6
2021-03-11 15:29:11.552,16178,16179,16178,1,-1
2021-03-11 15:29:11.898,16177,16179,16179,2,2
2021-03-11 15:29:27.528,16178,16179,16178,1,-1
2021-03-11 15:29:29.088,16177,16179,16179,1,1
2021-03-11 15:29:47.205,16178,16179,16178,1,-1
2021-03-11 15:29:47.932,16178,16179,16178,1,-1
2021-03-11 15:29:52.966,16177,16178,16178,2,2
2021-03-11 15:29:53.506,16177,16178,16177,1,-1
2021-03-11 15:29:53.655,16177,16178,16177,1,-1
2021-03-11 15:29:55.233,16177,16178,16177,3,-3
2021-03-11 15:29:55.233,16177,16178,16177,1,-1
2021-03-11 15:30:04.979,16177,16178,16177,1,-1
2021-03-11 15:30:05.241,16177,16178,16178,1,1
2021-03-11 15:30:08.286,16177,16178,16178,1,1
2021-03-11 15:30:08.322,16177,16178,16177,1,-1
2021-03-11 15:30:08.734,16177,16178,16177,1,-1
2021-03-11 15:30:08.747,16177,16178,16177,1,-1
2021-03-11 15:30:09.622,16177,16178,16177,1,-1
2021-03-11 15:30:09.624,16177,16178,16177,1,-1
2021-03-11 15:30:09.846,16177,16178,16178,2,2
2021-03-11 15:30:10.043,16177,16178,16178,3,3
2021-03-11 15:30:10.043,16177,16178,16178,1,1
2021-03-11 15:30:11.263,16177,16179,16177,1,-1
2021-03-11 15:30:20.405,16178,16179,16178,1,1
2021-03-11 15:30:20.405,16178,16179,16177,1,-1
2021-03-11 15:30:23.239,16178,16179,16178,1,1
2021-03-11 15:30:23.348,16177,16179,16177,2,-2
2021-03-11 15:30:32.461,16177,16178,16177,1,-1
2021-03-11 15:30:37.156,16177,16178,16177,2,-2
2021-03-11 15:30:37.156,16177,16178,16177,2,-2
2021-03-11 15:30:48.561,16176,16177,16177,1,1
2021-03-11 15:30:55.182,16176,16177,16176,7,-7
2021-03-11 15:30:56.087,16175,16176,16176,1,1
2021-03-11 15:30:56.329,16175,16176,16175,2,-2
2021-03-11 15:30:56.330,16175,16176,16175,1,-1
2021-03-11 15:30:56.330,16175,16176,16175,2,-2
2021-03-11 15:30:56.330,16175,16176,16175,1,-1
2021-03-11 15:30:56.330,16175,16176,16175,1,-1
2021-03-11 15:30:59.585,16174,16175,16174,4,-4
2021-03-11 15:30:59.585,16174,16175,16174,1,-1
2021-03-11 15:31:00.815,16173,16174,16174,1,1
2021-03-11 15:31:02.237,16174,16175,16175,2,2
2021-03-11 15:31:02.275,16175,16176,16176,1,1
2021-03-11 15:31:04.403,16176,16177,16176,2,-2
2021-03-11 15:31:05.545,16175,16177,16177,3,3
2021-03-11 15:31:10.045,16175,16177,16177,1,1
2021-03-11 15:31:11.989,16175,16177,16175,1,-1
2021-03-11 15:31:12.270,16175,16177,16175,1,-1
2021-03-11 15:31:12.581,16175,16177,16175,1,-1
2021-03-11 15:31:12.957,16175,16177,16175,1,-1
2021-03-11 15:31:13.382,16175,16177,16175,1,-1
2021-03-11 15:31:13.834,16175,16177,16176,1,1
2021-03-11 15:31:18.120,16176,16177,16176,2,-2
2021-03-11 15:31:18.684,16175,16176,16176,2,2
2021-03-11 15:31:23.452,16175,16176,16175,2,-2
2021-03-11 15:31:23.837,16174,16175,16175,2,2
2021-03-11 15:31:27.606,16174,16176,16176,1,1
2021-03-11 15:31:32.140,16175,16176,16176,1,1
2021-03-11 15:31:32.140,16175,16176,16177,1,1
2021-03-11 15:31:32.202,16175,16176,16175,6,-6
2021-03-11 15:31:37.372,16174,16175,16174,1,-1
2021-03-11 15:31:37.372,16174,16175,16174,2,-2
2021-03-11 15:31:37.372,16174,16175,16174,1,-1
2021-03-11 15:31:39.978,16173,16174,16174,1,1
2021-03-11 15:31:39.978,16173,16174,16175,2,2
2021-03-11 15:31:52.476,16174,16175,16174,2,-2
2021-03-11 15:31:57.245,16174,16175,16174,1,-1
2021-03-11 15:31:59.354,16173,16174,16174,1,1
2021-03-11 15:32:02.945,16173,16174,16173,1,-1
2021-03-11 15:32:06.985,16173,16174,16173,1,-1
2021-03-11 15:32:07.677,16173,16174,16173,1,-1
2021-03-11 15:32:07.791,16173,16174,16173,3,-3
2021-03-11 15:32:12.947,16173,16174,16174,2,2
2021-03-11 15:32:12.947,16173,16174,16174,1,1
2021-03-11 15:32:12.947,16173,16174,16174,1,1
2021-03-11 15:32:12.947,16173,16174,16174,3,3
2021-03-11 15:32:13.308,16174,16175,16175,1,1
2021-03-11 15:32:13.370,16174,16175,16175,1,1
2021-03-11 15:32:14.754,16174,16175,16175,2,2
2021-03-11 15:32:14.982,16174,16175,16175,1,1
2021-03-11 15:32:14.992,16174,16175,16175,2,2
2021-03-11 15:32:14.993,16174,16175,16175,4,4
2021-03-11 15:32:15.044,16175,16176,16176,1,1
2021-03-11 15:32:15.044,16175,16176,16176,2,2
2021-03-11 15:32:15.163,16176,16177,16176,1,-1
2021-03-11 15:32:15.315,16175,16177,16177,5,5
2021-03-11 15:32:15.671,16175,16177,16177,4,4
2021-03-11 15:32:16.179,16177,16178,16178,1,1
2021-03-11 15:32:16.900,16177,16178,16178,2,2
2021-03-11 15:32:16.900,16177,16178,16178,1,1
2021-03-11 15:32:16.900,16177,16178,16178,1,1
2021-03-11 15:32:20.682,16177,16179,16177,2,-2
2021-03-11 15:32:20.921,16178,16179,16179,1,1
2021-03-11 15:32:22.920,16178,16180,16180,1,1
2021-03-11 15:32:24.863,16179,16180,16180,1,1
2021-03-11 15:32:25.365,16179,16180,16180,1,1
2021-03-11 15:32:32.176,16179,16180,16180,1,1
2021-03-11 15:32:32.587,16179,16180,16179,3,-3
2021-03-11 15:32:33.609,16178,16180,16179,1,-1
2021-03-11 15:32:34.152,16177,16179,16179,1,1
2021-03-11 15:32:34.701,16177,16179,16179,1,1
2021-03-11 15:32:39.764,16177,16179,16177,2,-2
2021-03-11 15:32:47.118,16178,16179,16178,1,1
2021-03-11 15:32:55.740,16177,16178,16178,1,1
2021-03-11 15:33:15.600,16178,16179,16178,1,-1
2021-03-11 15:33:15.600,16178,16179,16178,1,-1
2021-03-11 15:33:28.458,16177,16178,16177,1,-1
2021-03-11 15:33:28.458,16177,16178,16177,1,-1
2021-03-11 15:33:28.458,16177,16178,16177,1,-1
2021-03-11 15:33:36.557,16176,16177,16177,1,1
2021-03-11 15:33:49.298,16176,16177,16176,1,-1
2021-03-11 15:33:49.591,16176,16177,16176,1,-1
2021-03-11 15:33:49.592,16176,16177,16176,1,-1
2021-03-11 15:33:50.461,16175,16177,16177,3,3
2021-03-11 15:33:58.045,16176,16177,16176,1,-1
2021-03-11 15:34:06.249,16175,16176,16176,1,1
2021-03-11 15:34:11.055,16175,16176,16176,1,1
2021-03-11 15:34:11.239,16175,16176,16176,1,1
2021-03-11 15:34:12.174,16176,16177,16176,1,-1
2021-03-11 15:34:16.839,16176,16177,16177,1,1
2021-03-11 15:34:17.525,16176,16177,16176,1,-1
2021-03-11 15:34:29.990,16176,16177,16176,2,-2
2021-03-11 15:34:29.990,16176,16177,16176,3,-3
2021-03-11 15:34:29.990,16176,16177,16176,1,-1
2021-03-11 15:34:29.990,16176,16177,16176,2,-2
2021-03-11 15:34:29.990,16176,16177,16176,1,-1
2021-03-11 15:34:49.999,16175,16176,16175,1,-1
2021-03-11 15:34:50.000,16175,16176,16175,1,-1
2021-03-11 15:34:50.000,16175,16176,16175,6,-6
2021-03-11 15:34:53.740,16174,16175,16174,2,-2
2021-03-11 15:34:54.307,16173,16175,16175,3,3
2021-03-11 15:34:54.363,16173,16175,16175,1,1
2021-03-11 15:34:54.382,16173,16175,16174,1,-1
2021-03-11 15:34:55.890,16173,16174,16173,2,-2
2021-03-11 15:34:56.045,16173,16174,16173,1,-1
2021-03-11 15:34:57.452,16173,16174,16175,1,1
2021-03-11 15:34:57.773,16174,16175,16175,1,1
2021-03-11 15:35:00.347,16174,16175,16175,1,1
2021-03-11 15:35:00.347,16174,16175,16176,1,1
2021-03-11 15:35:00.407,16175,16176,16176,1,1
2021-03-11 15:35:00.409,16175,16176,16176,1,1
2021-03-11 15:35:01.037,16175,16176,16175,1,-1
2021-03-11 15:35:01.037,16175,16176,16174,1,-1
2021-03-11 15:35:03.667,16174,16175,16175,1,1
2021-03-11 15:35:04.159,16174,16175,16175,1,1
2021-03-11 15:35:12.003,16175,16176,16176,2,2
2021-03-11 15:35:12.311,16175,16177,16177,1,1
2021-03-11 15:35:34.486,16176,16177,16176,1,-1
2021-03-11 15:35:34.486,16176,16177,16176,6,-6
2021-03-11 15:35:34.487,16176,16177,16176,1,-1
2021-03-11 15:35:34.487,16176,16177,16176,1,-1
2021-03-11 15:35:34.487,16176,16177,16176,1,-1
2021-03-11 15:35:34.487,16176,16177,16176,6,-6
2021-03-11 15:35:44.261,16175,16177,16175,2,-2
2021-03-11 15:35:47.910,16175,16176,16176,1,1
2021-03-11 15:35:51.179,16175,16177,16175,1,-1
2021-03-11 15:35:52.557,16175,16176,16175,2,-2
2021-03-11 15:35:52.557,16175,16176,16175,3,-3
2021-03-11 15:36:13.288,16174,16175,16175,1,1
2021-03-11 15:36:13.588,16174,16175,16175,1,1
2021-03-11 15:36:13.674,16174,16176,16176,6,6
2021-03-11 15:36:13.733,16174,16176,16176,1,1
2021-03-11 15:36:13.733,16174,16176,16177,1,1
2021-03-11 15:36:18.308,16175,16177,16177,5,5
2021-03-11 15:36:18.506,16175,16177,16177,5,5
2021-03-11 15:36:18.656,16176,16178,16178,5,5
2021-03-11 15:36:18.817,16176,16178,16178,5,5
2021-03-11 15:36:18.969,16176,16179,16179,5,5
2021-03-11 15:36:19.157,16177,16179,16179,4,4
2021-03-11 15:36:19.157,16177,16179,16180,1,1
2021-03-11 15:36:22.877,16179,16180,16179,1,-1
2021-03-11 15:36:35.282,16179,16180,16180,2,2
2021-03-11 15:36:35.283,16179,16180,16180,2,2
2021-03-11 15:36:35.283,16179,16180,16180,3,3
