2024-10-21 15:00:00.036,23578,23580,23560,67,-67
2024-10-21 15:00:00.037,23559,23561,23561,1,1
2024-10-21 15:00:00.037,23559,23561,23561,1,1
2024-10-21 15:00:00.038,23559,23561,23559,1,-1
2024-10-21 15:00:00.038,23559,23561,23561,1,1
2024-10-21 15:00:00.039,23559,23561,23561,1,1
2024-10-21 15:00:00.039,23559,23561,23562,1,1
2024-10-21 15:00:00.040,23559,23561,23562,1,1
2024-10-21 15:00:00.041,23559,23561,23563,2,2
2024-10-21 15:00:00.042,23559,23561,23564,1,1
2024-10-21 15:00:00.043,23559,23561,23564,1,1
2024-10-21 15:00:00.079,23557,23565,23557,1,-1
2024-10-21 15:00:00.079,23557,23565,23556,2,-2
2024-10-21 15:00:00.094,23557,23565,23564,1,1
2024-10-21 15:00:00.095,23557,23565,23565,1,1
2024-10-21 15:00:00.097,23557,23565,23564,1,1
2024-10-21 15:00:00.160,23561,23565,23561,1,-1
2024-10-21 15:00:00.164,23561,23565,23560,1,-1
2024-10-21 15:00:00.169,23561,23565,23559,1,-1
2024-10-21 15:00:00.172,23561,23565,23558,1,-1
2024-10-21 15:00:00.172,23561,23565,23557,1,-1
2024-10-21 15:00:00.172,23561,23565,23556,2,-2
2024-10-21 15:00:00.180,23561,23565,23552,2,-2
2024-10-21 15:00:00.180,23561,23565,23551,3,-3
2024-10-21 15:00:00.180,23561,23565,23556,3,-3
2024-10-21 15:00:00.180,23561,23565,23553,2,-2
2024-10-21 15:00:00.182,23561,23565,23552,1,-1
2024-10-21 15:00:00.182,23561,23565,23551,1,-1
2024-10-21 15:00:00.182,23561,23565,23550,2,-2
2024-10-21 15:00:00.200,23561,23565,23551,1,-1
2024-10-21 15:00:00.200,23561,23565,23550,4,-4
2024-10-21 15:00:00.200,23561,23565,23548,1,-1
2024-10-21 15:00:00.243,23561,23565,23548,2,-2
2024-10-21 15:00:00.278,23548,23563,23542,1,-1
2024-10-21 15:00:00.278,23548,23563,23548,1,-1
2024-10-21 15:00:00.278,23548,23563,23547,1,-1
2024-10-21 15:00:00.294,23548,23563,23542,1,-1
2024-10-21 15:00:00.300,23548,23563,23545,2,-2
2024-10-21 15:00:00.301,23548,23563,23544,1,-1
2024-10-21 15:00:00.332,23548,23563,23544,1,-1
2024-10-21 15:00:00.332,23548,23563,23550,1,-1
2024-10-21 15:00:00.347,23548,23563,23550,1,-1
2024-10-21 15:00:00.347,23548,23563,23544,1,-1
2024-10-21 15:00:00.347,23548,23563,23543,1,-1
2024-10-21 15:00:00.347,23548,23563,23542,1,-1
2024-10-21 15:00:00.347,23548,23563,23548,1,-1
2024-10-21 15:00:00.364,23548,23563,23542,1,-1
2024-10-21 15:00:00.377,23541,23550,23550,1,1
2024-10-21 15:00:00.380,23541,23550,23541,2,-2
2024-10-21 15:00:00.380,23541,23550,23542,1,-1
2024-10-21 15:00:00.380,23541,23550,23542,1,-1
2024-10-21 15:00:00.386,23541,23550,23541,1,-1
2024-10-21 15:00:00.391,23541,23550,23550,1,1
2024-10-21 15:00:00.396,23541,23550,23542,1,-1
2024-10-21 15:00:00.399,23541,23550,23550,1,1
2024-10-21 15:00:00.402,23541,23550,23551,1,1
2024-10-21 15:00:00.410,23541,23550,23542,1,-1
2024-10-21 15:00:00.427,23541,23550,23542,2,-2
2024-10-21 15:00:00.427,23541,23550,23541,2,-2
2024-10-21 15:00:00.443,23541,23550,23541,1,-1
2024-10-21 15:00:00.496,23541,23556,23541,1,-1
2024-10-21 15:00:00.500,23541,23556,23541,1,-1
2024-10-21 15:00:00.505,23541,23556,23541,4,-4
2024-10-21 15:00:00.507,23541,23556,23555,1,1
2024-10-21 15:00:00.519,23541,23556,23541,1,-1
2024-10-21 15:00:00.523,23541,23556,23556,1,1
2024-10-21 15:00:00.526,23541,23556,23541,1,-1
2024-10-21 15:00:00.556,23541,23556,23540,1,-1
2024-10-21 15:00:00.576,23541,23556,23540,1,-1
2024-10-21 15:00:00.584,23541,23556,23540,1,-1
2024-10-21 15:00:00.605,23541,23556,23539,2,-2
2024-10-21 15:00:00.610,23541,23556,23538,1,-1
2024-10-21 15:00:00.630,23538,23554,23554,1,1
2024-10-21 15:00:00.631,23538,23554,23554,1,1
2024-10-21 15:00:00.644,23538,23554,23538,1,-1
2024-10-21 15:00:00.644,23538,23554,23537,1,-1
2024-10-21 15:00:00.649,23538,23554,23537,1,-1
2024-10-21 15:00:00.711,23538,23554,23538,1,-1
2024-10-21 15:00:00.759,23537,23554,23554,1,1
2024-10-21 15:00:00.762,23537,23554,23537,1,-1
2024-10-21 15:00:00.769,23537,23554,23552,1,1
2024-10-21 15:00:00.847,23537,23554,23551,1,1
2024-10-21 15:00:00.859,23537,23554,23545,1,-1
2024-10-21 15:00:00.859,23537,23554,23546,1,1
2024-10-21 15:00:00.860,23537,23554,23544,1,-1
2024-10-21 15:00:00.910,23544,23551,23546,1,-1
2024-10-21 15:00:00.910,23544,23551,23546,3,-3
2024-10-21 15:00:00.924,23544,23551,23545,1,-1
2024-10-21 15:00:00.924,23544,23551,23544,2,-2
2024-10-21 15:00:00.940,23544,23551,23538,1,-1
2024-10-21 15:00:00.940,23544,23551,23537,1,-1
2024-10-21 15:00:00.941,23544,23551,23537,1,-1
2024-10-21 15:00:00.941,23544,23551,23536,2,-2
2024-10-21 15:00:00.941,23544,23551,23538,1,-1
2024-10-21 15:00:00.941,23544,23551,23536,1,-1
2024-10-21 15:00:00.942,23544,23551,23534,1,-1
2024-10-21 15:00:00.942,23544,23551,23531,1,-1
2024-10-21 15:00:00.942,23544,23551,23536,1,-1
2024-10-21 15:00:00.942,23544,23551,23535,1,-1
2024-10-21 15:00:00.958,23544,23551,23535,1,-1
2024-10-21 15:00:00.958,23544,23551,23531,1,-1
2024-10-21 15:00:00.958,23544,23551,23536,1,-1
2024-10-21 15:00:00.959,23544,23551,23531,1,-1
2024-10-21 15:00:00.959,23544,23551,23530,3,-3
2024-10-21 15:00:00.960,23544,23551,23531,1,-1
2024-10-21 15:00:00.960,23544,23551,23530,1,-1
2024-10-21 15:00:00.974,23544,23551,23529,2,-2
2024-10-21 15:00:00.974,23544,23551,23527,2,-2
2024-10-21 15:00:00.974,23544,23551,23531,1,-1
2024-10-21 15:00:00.974,23544,23551,23530,1,-1
2024-10-21 15:00:00.975,23544,23551,23525,1,-1
2024-10-21 15:00:00.975,23544,23551,23523,1,-1
2024-10-21 15:00:00.975,23544,23551,23521,2,-2
2024-10-21 15:00:00.975,23544,23551,23520,4,-4
2024-10-21 15:00:00.975,23544,23551,23520,4,-4
2024-10-21 15:00:00.977,23544,23551,23520,1,-1
2024-10-21 15:00:01.010,23521,23550,23521,1,-1
2024-10-21 15:00:01.010,23521,23550,23520,3,-3
2024-10-21 15:00:01.014,23521,23550,23520,1,-1
2024-10-21 15:00:01.014,23521,23550,23521,1,-1
2024-10-21 15:00:01.018,23521,23550,23520,1,-1
2024-10-21 15:00:01.028,23521,23550,23519,1,-1
2024-10-21 15:00:01.040,23521,23550,23519,1,-1
2024-10-21 15:00:01.040,23521,23550,23515,1,-1
2024-10-21 15:00:01.041,23521,23550,23513,1,-1
2024-10-21 15:00:01.047,23521,23550,23512,1,-1
2024-10-21 15:00:01.047,23521,23550,23544,1,1
2024-10-21 15:00:01.050,23521,23550,23543,1,1
2024-10-21 15:00:01.054,23521,23550,23542,1,1
2024-10-21 15:00:01.055,23521,23550,23512,2,-2
2024-10-21 15:00:01.058,23521,23550,23512,1,-1
2024-10-21 15:00:01.077,23521,23550,23512,1,-1
2024-10-21 15:00:01.091,23521,23550,23511,4,-4
2024-10-21 15:00:01.091,23521,23550,23510,1,-1
2024-10-21 15:00:01.113,23521,23550,23541,1,1
2024-10-21 15:00:01.114,23521,23550,23541,1,1
2024-10-21 15:00:01.120,23521,23550,23541,1,1
2024-10-21 15:00:01.126,23510,23550,23510,1,-1
2024-10-21 15:00:01.153,23510,23550,23511,2,-2
2024-10-21 15:00:01.163,23510,23550,23516,2,-2
2024-10-21 15:00:01.163,23510,23550,23514,1,-1
2024-10-21 15:00:01.163,23510,23550,23510,3,-3
2024-10-21 15:00:01.184,23510,23550,23513,1,-1
2024-10-21 15:00:01.184,23510,23550,23512,1,-1
2024-10-21 15:00:01.184,23510,23550,23510,1,-1
2024-10-21 15:00:01.188,23510,23550,23511,1,-1
2024-10-21 15:00:01.188,23510,23550,23510,1,-1
2024-10-21 15:00:01.189,23510,23550,23510,3,-3
2024-10-21 15:00:01.192,23510,23550,23511,1,-1
2024-10-21 15:00:01.206,23510,23550,23510,1,-1
2024-10-21 15:00:01.208,23510,23550,23511,1,-1
2024-10-21 15:00:01.208,23510,23550,23536,1,1
2024-10-21 15:00:01.213,23510,23550,23510,1,-1
2024-10-21 15:00:01.213,23510,23550,23511,1,-1
2024-10-21 15:00:01.219,23510,23550,23510,2,-2
2024-10-21 15:00:01.223,23510,23550,23509,1,-1
2024-10-21 15:00:01.223,23510,23550,23508,1,-1
2024-10-21 15:00:01.242,23510,23550,23542,1,1
2024-10-21 15:00:01.322,23509,23542,23511,1,-1
2024-10-21 15:00:01.338,23509,23542,23538,1,1
2024-10-21 15:00:01.349,23509,23542,23511,1,-1
2024-10-21 15:00:01.392,23509,23538,23510,1,-1
2024-10-21 15:00:01.399,23509,23538,23510,1,-1
2024-10-21 15:00:01.399,23509,23538,23509,1,-1
2024-10-21 15:00:01.438,23509,23538,23538,1,1
2024-10-21 15:00:01.438,23509,23538,23539,1,1
2024-10-21 15:00:01.438,23509,23538,23540,1,1
2024-10-21 15:00:01.461,23509,23538,23511,1,-1
2024-10-21 15:00:01.461,23509,23538,23512,1,-1
2024-10-21 15:00:01.477,23509,23538,23510,1,-1
2024-10-21 15:00:01.485,23509,23538,23510,1,-1
2024-10-21 15:00:01.487,23509,23538,23510,1,-1
2024-10-21 15:00:01.504,23510,23537,23510,1,-1
2024-10-21 15:00:01.504,23510,23537,23509,1,-1
2024-10-21 15:00:01.504,23510,23537,23508,1,-1
2024-10-21 15:00:01.512,23510,23537,23537,1,1
2024-10-21 15:00:01.521,23510,23537,23511,1,-1
2024-10-21 15:00:01.558,23510,23537,23510,1,-1
2024-10-21 15:00:01.558,23510,23537,23508,1,-1
2024-10-21 15:00:01.562,23510,23537,23508,1,-1
2024-10-21 15:00:01.600,23510,23537,23524,1,1
2024-10-21 15:00:01.615,23510,23537,23524,1,1
2024-10-21 15:00:01.658,23525,23537,23525,1,-1
2024-10-21 15:00:01.659,23525,23537,23524,1,-1
2024-10-21 15:00:01.660,23525,23537,23530,1,-1
2024-10-21 15:00:01.671,23525,23537,23532,1,1
2024-10-21 15:00:01.672,23525,23537,23534,1,1
2024-10-21 15:00:01.687,23525,23537,23537,1,1
2024-10-21 15:00:01.691,23525,23537,23538,1,1
2024-10-21 15:00:01.692,23525,23537,23540,2,2
2024-10-21 15:00:01.693,23525,23537,23545,1,1
2024-10-21 15:00:01.739,23525,23537,23539,1,1
2024-10-21 15:00:01.739,23525,23537,23538,1,1
2024-10-21 15:00:01.739,23525,23537,23537,1,1
2024-10-21 15:00:01.739,23525,23537,23536,1,1
2024-10-21 15:00:01.739,23525,23537,23535,1,1
2024-10-21 15:00:01.769,23534,23548,23542,1,1
2024-10-21 15:00:01.784,23534,23548,23544,1,1
2024-10-21 15:00:01.818,23534,23548,23538,1,-1
2024-10-21 15:00:01.819,23534,23548,23542,1,1
2024-10-21 15:00:01.859,23534,23548,23536,1,-1
2024-10-21 15:00:01.859,23534,23548,23542,1,1
2024-10-21 15:00:01.860,23534,23548,23542,1,1
2024-10-21 15:00:01.870,23534,23548,23536,1,-1
2024-10-21 15:00:01.875,23535,23543,23542,1,1
2024-10-21 15:00:01.950,23535,23543,23536,1,-1
2024-10-21 15:00:01.951,23535,23543,23541,1,1
2024-10-21 15:00:01.980,23535,23543,23533,1,-1
2024-10-21 15:00:02.218,23535,23542,23542,1,1
2024-10-21 15:00:02.247,23536,23543,23543,1,1
2024-10-21 15:00:02.347,23536,23543,23537,1,-1
2024-10-21 15:00:02.369,23536,23543,23545,1,1
2024-10-21 15:00:02.370,23536,23543,23546,1,1
2024-10-21 15:00:02.375,23539,23547,23540,1,-1
2024-10-21 15:00:02.375,23539,23547,23539,1,-1
2024-10-21 15:00:02.376,23539,23547,23538,1,-1
2024-10-21 15:00:02.412,23539,23547,23546,1,1
2024-10-21 15:00:02.415,23539,23547,23547,2,2
2024-10-21 15:00:02.584,23539,23549,23549,1,1
2024-10-21 15:00:02.650,23541,23551,23541,1,-1
2024-10-21 15:00:02.666,23541,23551,23548,1,1
2024-10-21 15:00:02.666,23541,23551,23549,1,1
2024-10-21 15:00:02.666,23541,23551,23547,1,1
2024-10-21 15:00:02.667,23541,23551,23552,1,1
2024-10-21 15:00:02.760,23550,23557,23557,1,1
2024-10-21 15:00:02.806,23550,23557,23558,1,1
2024-10-21 15:00:02.807,23550,23557,23559,1,1
2024-10-21 15:00:02.820,23550,23557,23556,1,1
2024-10-21 15:00:02.825,23550,23557,23558,1,1
2024-10-21 15:00:02.825,23550,23557,23559,1,1
2024-10-21 15:00:02.895,23558,23561,23558,1,-1
2024-10-21 15:00:02.904,23558,23561,23558,1,-1
2024-10-21 15:00:02.904,23558,23561,23561,2,2
2024-10-21 15:00:02.905,23558,23561,23559,1,-1
2024-10-21 15:00:02.951,23558,23561,23562,1,1
2024-10-21 15:00:02.953,23558,23561,23563,1,1
2024-10-21 15:00:03.025,23560,23564,23564,1,1
2024-10-21 15:00:03.025,23560,23564,23562,1,1
2024-10-21 15:00:03.025,23560,23564,23562,1,1
2024-10-21 15:00:03.040,23560,23564,23562,1,1
2024-10-21 15:00:03.070,23560,23564,23561,1,-1
2024-10-21 15:00:03.089,23560,23564,23564,1,1
2024-10-21 15:00:03.090,23560,23564,23565,2,2
2024-10-21 15:00:03.090,23560,23564,23564,7,7
2024-10-21 15:00:03.157,23561,23566,23561,1,-1
2024-10-21 15:00:03.158,23561,23566,23560,2,-2
2024-10-21 15:00:03.219,23561,23566,23559,1,-1
2024-10-21 15:00:03.219,23561,23566,23558,1,-1
2024-10-21 15:00:03.503,23558,23563,23558,1,-1
2024-10-21 15:00:03.503,23558,23563,23558,1,-1
2024-10-21 15:00:03.624,23558,23563,23563,1,1
2024-10-21 15:00:03.660,23558,23563,23564,1,1
2024-10-21 15:00:03.742,23558,23563,23564,1,1
2024-10-21 15:00:03.763,23558,23564,23564,1,1
2024-10-21 15:00:04.078,23559,23564,23564,1,1
2024-10-21 15:00:04.120,23559,23564,23564,1,1
2024-10-21 15:00:04.246,23559,23565,23556,1,-1
2024-10-21 15:00:04.246,23559,23565,23557,1,-1
2024-10-21 15:00:04.246,23559,23565,23559,1,-1
2024-10-21 15:00:04.246,23559,23565,23558,2,-2
2024-10-21 15:00:04.583,23559,23563,23560,1,-1
2024-10-21 15:00:04.634,23559,23563,23563,1,1
2024-10-21 15:00:04.635,23559,23563,23563,1,1
2024-10-21 15:00:04.845,23559,23564,23559,1,-1
2024-10-21 15:00:04.856,23559,23564,23557,1,-1
2024-10-21 15:00:05.001,23556,23562,23556,1,-1
2024-10-21 15:00:05.046,23556,23562,23556,1,-1
2024-10-21 15:00:05.052,23556,23562,23554,1,-1
2024-10-21 15:00:05.052,23556,23562,23553,1,-1
2024-10-21 15:00:05.954,23552,23556,23556,1,1
2024-10-21 15:00:06.005,23552,23557,23554,1,-1
2024-10-21 15:00:06.005,23552,23557,23552,1,-1
2024-10-21 15:00:06.156,23553,23555,23549,1,-1
2024-10-21 15:00:06.156,23553,23555,23550,1,-1
2024-10-21 15:00:06.156,23553,23555,23546,1,-1
2024-10-21 15:00:06.156,23553,23555,23553,1,-1
2024-10-21 15:00:06.156,23553,23555,23551,1,-1
2024-10-21 15:00:06.353,23548,23553,23549,1,-1
2024-10-21 15:00:06.353,23548,23553,23553,1,1
2024-10-21 15:00:06.593,23548,23554,23549,1,-1
2024-10-21 15:00:06.646,23548,23554,23548,1,-1
2024-10-21 15:00:06.649,23548,23554,23548,1,-1
2024-10-21 15:00:06.649,23548,23554,23547,1,-1
2024-10-21 15:00:06.650,23548,23554,23553,1,1
2024-10-21 15:00:06.708,23548,23554,23546,1,-1
2024-10-21 15:00:06.979,23545,23552,23545,1,-1
2024-10-21 15:00:07.051,23544,23552,23546,1,-1
2024-10-21 15:00:07.053,23544,23552,23547,1,-1
2024-10-21 15:00:07.117,23544,23552,23543,1,-1
2024-10-21 15:00:07.188,23541,23546,23545,1,1
2024-10-21 15:00:07.205,23541,23546,23547,1,1
2024-10-21 15:00:07.230,23541,23546,23548,2,2
2024-10-21 15:00:07.366,23544,23549,23545,1,-1
2024-10-21 15:00:07.670,23545,23547,23545,1,-1
2024-10-21 15:00:07.729,23545,23547,23546,1,-1
2024-10-21 15:00:07.729,23545,23547,23547,1,1
2024-10-21 15:00:07.864,23545,23548,23544,1,-1
2024-10-21 15:00:07.925,23543,23547,23543,1,-1
2024-10-21 15:00:07.978,23543,23547,23543,1,-1
2024-10-21 15:00:08.042,23542,23547,23541,1,-1
2024-10-21 15:00:08.068,23542,23547,23544,1,-1
2024-10-21 15:00:08.069,23542,23547,23545,1,1
2024-10-21 15:00:08.213,23542,23546,23546,1,1
2024-10-21 15:00:08.254,23544,23547,23547,2,2
2024-10-21 15:00:08.258,23544,23547,23548,1,1
2024-10-21 15:00:08.296,23544,23547,23548,1,1
2024-10-21 15:00:08.817,23544,23547,23544,1,-1
2024-10-21 15:00:08.943,23544,23546,23544,1,-1
2024-10-21 15:00:08.972,23544,23546,23541,2,-2
2024-10-21 15:00:08.972,23544,23546,23542,1,-1
2024-10-21 15:00:08.972,23544,23546,23543,2,-2
2024-10-21 15:00:09.115,23541,23544,23542,1,-1
2024-10-21 15:00:09.193,23541,23543,23543,1,1
2024-10-21 15:00:09.333,23541,23544,23541,1,-1
2024-10-21 15:00:09.555,23538,23541,23541,1,1
2024-10-21 15:00:09.575,23538,23541,23543,1,1
2024-10-21 15:00:09.576,23538,23541,23544,2,2
2024-10-21 15:00:10.018,23543,23545,23545,1,1
2024-10-21 15:00:10.024,23543,23545,23543,1,-1
2024-10-21 15:00:10.040,23543,23545,23546,1,1
2024-10-21 15:00:10.201,23543,23546,23545,1,1
2024-10-21 15:00:10.290,23543,23545,23545,1,1
2024-10-21 15:00:10.391,23543,23546,23543,1,-1
2024-10-21 15:00:10.442,23543,23546,23542,1,-1
2024-10-21 15:00:10.443,23543,23546,23542,1,-1
2024-10-21 15:00:10.506,23542,23544,23542,1,-1
2024-10-21 15:00:10.907,23543,23544,23544,1,1
2024-10-21 15:00:10.908,23543,23544,23545,1,1
2024-10-21 15:00:10.917,23543,23544,23547,1,1
2024-10-21 15:00:10.917,23543,23544,23547,1,1
2024-10-21 15:00:11.204,23545,23548,23545,1,-1
2024-10-21 15:00:11.814,23543,23545,23543,1,-1
2024-10-21 15:00:11.814,23543,23545,23542,1,-1
2024-10-21 15:00:11.814,23543,23545,23541,1,-1
2024-10-21 15:00:11.814,23543,23545,23540,1,-1
2024-10-21 15:00:11.817,23543,23545,23541,1,-1
2024-10-21 15:00:11.919,23540,23543,23543,2,2
2024-10-21 15:00:12.041,23542,23545,23544,1,1
2024-10-21 15:00:12.150,23541,23544,23544,1,1
2024-10-21 15:00:12.362,23542,23545,23542,1,-1
2024-10-21 15:00:12.427,23541,23545,23541,1,-1
2024-10-21 15:00:12.428,23541,23545,23544,1,1
2024-10-21 15:00:12.567,23542,23545,23542,2,-2
2024-10-21 15:00:12.689,23541,23544,23539,2,-2
2024-10-21 15:00:12.689,23541,23544,23540,2,-2
2024-10-21 15:00:12.689,23541,23544,23541,1,-1
2024-10-21 15:00:12.695,23541,23544,23539,1,-1
2024-10-21 15:00:12.857,23539,23543,23539,1,-1
2024-10-21 15:00:12.869,23539,23543,23539,1,-1
2024-10-21 15:00:13.369,23539,23542,23539,1,-1
2024-10-21 15:00:13.369,23539,23542,23538,1,-1
2024-10-21 15:00:13.433,23537,23541,23537,1,-1
2024-10-21 15:00:13.921,23535,23537,23535,1,-1
2024-10-21 15:00:14.007,23534,23536,23534,1,-1
2024-10-21 15:00:14.007,23534,23536,23533,1,-1
2024-10-21 15:00:14.402,23533,23535,23535,1,1
2024-10-21 15:00:14.413,23533,23535,23536,1,1
2024-10-21 15:00:14.737,23534,23537,23537,1,1
2024-10-21 15:00:14.939,23535,23538,23534,1,-1
2024-10-21 15:00:14.984,23535,23538,23534,1,-1
2024-10-21 15:00:15.137,23530,23533,23533,1,1
2024-10-21 15:00:15.951,23533,23535,23533,1,-1
2024-10-21 15:00:15.951,23533,23535,23532,1,-1
2024-10-21 15:00:15.951,23533,23535,23531,2,-2
2024-10-21 15:00:15.951,23533,23535,23530,1,-1
2024-10-21 15:00:15.952,23533,23535,23533,2,-2
2024-10-21 15:00:15.985,23533,23535,23530,1,-1
2024-10-21 15:00:16.150,23527,23529,23527,2,-2
2024-10-21 15:00:16.185,23527,23529,23529,1,1
2024-10-21 15:00:17.185,23526,23528,23526,2,-2
2024-10-21 15:00:17.285,23526,23528,23529,1,1
2024-10-21 15:00:17.397,23528,23530,23528,1,-1
2024-10-21 15:00:17.534,23526,23530,23530,1,1
2024-10-21 15:00:17.535,23526,23530,23530,1,1
2024-10-21 15:00:17.580,23526,23530,23527,1,-1
2024-10-21 15:00:17.580,23526,23530,23527,1,-1
2024-10-21 15:00:17.956,23525,23527,23524,2,-2
2024-10-21 15:00:17.956,23525,23527,23523,1,-1
2024-10-21 15:00:17.956,23525,23527,23525,2,-2
2024-10-21 15:00:18.190,23523,23525,23525,1,1
2024-10-21 15:00:18.227,23523,23525,23525,1,1
2024-10-21 15:00:18.227,23523,23525,23525,1,1
2024-10-21 15:00:18.289,23522,23526,23522,1,-1
2024-10-21 15:00:18.408,23522,23525,23524,1,1
2024-10-21 15:00:18.408,23522,23525,23525,1,1
2024-10-21 15:00:18.408,23522,23525,23524,1,1
2024-10-21 15:00:18.409,23522,23525,23525,1,1
2024-10-21 15:00:18.409,23522,23525,23525,1,1
2024-10-21 15:00:18.420,23522,23525,23526,1,1
2024-10-21 15:00:18.428,23522,23525,23527,1,1
2024-10-21 15:00:18.473,23522,23525,23527,1,1
2024-10-21 15:00:18.507,23523,23527,23523,1,-1
2024-10-21 15:00:18.547,23523,23527,23523,1,-1
2024-10-21 15:00:18.554,23523,23527,23523,1,-1
2024-10-21 15:00:19.276,23523,23527,23527,2,2
2024-10-21 15:00:19.882,23524,23527,23527,1,1
2024-10-21 15:00:19.923,23524,23527,23528,1,1
2024-10-21 15:00:19.932,23524,23527,23528,1,1
2024-10-21 15:00:20.430,23525,23527,23527,2,2
2024-10-21 15:00:20.475,23525,23527,23529,2,2
2024-10-21 15:00:20.780,23526,23529,23526,1,-1
2024-10-21 15:00:21.228,23528,23529,23529,1,1
2024-10-21 15:00:21.486,23528,23530,23530,1,1
2024-10-21 15:00:21.692,23528,23531,23531,2,2
2024-10-21 15:00:21.935,23529,23532,23532,4,4
2024-10-21 15:00:21.935,23529,23532,23533,3,3
2024-10-21 15:00:21.936,23529,23532,23533,1,1
2024-10-21 15:00:22.026,23531,23534,23534,1,1
2024-10-21 15:00:22.027,23531,23534,23534,1,1
2024-10-21 15:00:22.037,23531,23534,23535,2,2
2024-10-21 15:00:22.114,23531,23534,23542,2,2
2024-10-21 15:00:22.114,23531,23534,23544,5,5
2024-10-21 15:00:22.114,23531,23534,23543,2,2
2024-10-21 15:00:22.114,23531,23534,23541,2,2
2024-10-21 15:00:22.114,23531,23534,23540,2,2
2024-10-21 15:00:22.114,23531,23534,23538,1,1
2024-10-21 15:00:22.114,23531,23534,23537,3,3
2024-10-21 15:00:22.114,23531,23534,23536,2,2
2024-10-21 15:00:22.114,23531,23534,23539,1,1
2024-10-21 15:00:22.480,23535,23539,23535,1,-1
2024-10-21 15:00:22.900,23538,23540,23538,1,-1
2024-10-21 15:00:23.223,23534,23537,23537,1,1
2024-10-21 15:00:23.254,23536,23539,23536,1,-1
2024-10-21 15:00:23.386,23534,23537,23537,1,1
2024-10-21 15:00:23.529,23535,23538,23535,1,-1
2024-10-21 15:00:23.924,23535,23537,23535,1,-1
2024-10-21 15:00:24.034,23534,23537,23537,3,3
2024-10-21 15:00:24.095,23534,23537,23537,1,1
2024-10-21 15:00:24.258,23536,23539,23536,1,-1
2024-10-21 15:00:24.508,23535,23537,23535,1,-1
2024-10-21 15:00:24.770,23534,23537,23537,1,1
2024-10-21 15:00:24.770,23534,23537,23536,1,1
2024-10-21 15:00:24.881,23534,23537,23534,1,-1
2024-10-21 15:00:25.441,23535,23536,23536,1,1
2024-10-21 15:00:25.576,23535,23537,23535,1,-1
2024-10-21 15:00:25.923,23535,23537,23535,1,-1
2024-10-21 15:00:25.986,23535,23537,23537,5,5
2024-10-21 15:00:25.986,23535,23537,23539,1,1
2024-10-21 15:00:28.063,23537,23538,23538,1,1
2024-10-21 15:00:28.136,23537,23539,23539,1,1
2024-10-21 15:00:28.327,23538,23540,23540,1,1
2024-10-21 15:00:29.510,23539,23541,23541,2,2
2024-10-21 15:00:29.510,23539,23541,23542,3,3
2024-10-21 15:00:29.510,23539,23541,23543,3,3
2024-10-21 15:00:29.511,23539,23541,23543,1,1
2024-10-21 15:00:29.511,23539,23541,23543,1,1
2024-10-21 15:00:29.696,23543,23544,23543,1,-1
2024-10-21 15:00:29.801,23543,23544,23543,4,-4
2024-10-21 15:00:30.005,23540,23543,23540,1,-1
2024-10-21 15:00:30.005,23540,23543,23541,1,-1
2024-10-21 15:00:30.362,23539,23542,23541,1,1
2024-10-21 15:00:30.883,23540,23541,23541,3,3
2024-10-21 15:00:30.883,23540,23541,23542,3,3
2024-10-21 15:00:30.883,23540,23541,23543,3,3
2024-10-21 15:00:30.883,23540,23541,23544,1,1
2024-10-21 15:00:30.884,23540,23541,23541,1,1
2024-10-21 15:00:32.484,23540,23543,23540,2,-2
2024-10-21 15:00:32.484,23540,23543,23538,1,-1
2024-10-21 15:00:33.055,23540,23541,23541,1,1
2024-10-21 15:00:33.056,23540,23541,23542,1,1
2024-10-21 15:00:33.868,23542,23544,23542,1,-1
2024-10-21 15:00:33.910,23542,23544,23544,1,1
2024-10-21 15:00:33.910,23542,23544,23545,1,1
2024-10-21 15:00:34.090,23542,23545,23545,1,1
2024-10-21 15:00:34.503,23543,23545,23545,1,1
2024-10-21 15:00:34.594,23543,23545,23546,3,3
2024-10-21 15:00:35.032,23546,23547,23548,3,3
2024-10-21 15:00:35.032,23546,23547,23547,2,2
2024-10-21 15:00:35.032,23546,23547,23547,1,1
2024-10-21 15:00:35.172,23547,23549,23549,4,4
2024-10-21 15:00:35.823,23549,23550,23550,2,2
2024-10-21 15:00:35.823,23549,23550,23551,1,1
2024-10-21 15:00:35.894,23550,23552,23552,2,2
2024-10-21 15:00:36.046,23551,23553,23553,1,1
2024-10-21 15:00:36.048,23551,23553,23552,1,1
2024-10-21 15:00:36.484,23550,23553,23550,1,-1
2024-10-21 15:00:36.497,23549,23552,23549,1,-1
2024-10-21 15:00:38.024,23545,23547,23545,1,-1
2024-10-21 15:00:38.229,23544,23546,23547,1,1
2024-10-21 15:00:38.309,23545,23548,23547,2,2
2024-10-21 15:00:38.309,23545,23548,23548,4,4
2024-10-21 15:00:38.614,23546,23549,23546,1,-1
2024-10-21 15:00:38.843,23547,23549,23546,1,-1
2024-10-21 15:00:42.773,23547,23548,23549,2,2
2024-10-21 15:00:42.773,23547,23548,23548,1,1
2024-10-21 15:00:43.018,23548,23550,23548,2,-2
2024-10-21 15:00:43.018,23548,23550,23547,3,-3
2024-10-21 15:00:43.675,23547,23550,23547,2,-2
2024-10-21 15:00:43.677,23547,23550,23546,1,-1
2024-10-21 15:00:43.678,23547,23550,23545,2,-2
2024-10-21 15:00:43.802,23543,23545,23545,1,1
2024-10-21 15:00:44.143,23543,23545,23543,2,-2
2024-10-21 15:00:44.173,23543,23545,23541,2,-2
2024-10-21 15:00:44.174,23543,23545,23540,1,-1
2024-10-21 15:00:44.662,23541,23543,23541,1,-1
2024-10-21 15:00:45.077,23541,23543,23543,1,1
2024-10-21 15:00:45.592,23542,23543,23543,1,1
2024-10-21 15:00:46.646,23542,23545,23543,1,-1
2024-10-21 15:00:47.660,23544,23547,23544,2,-2
2024-10-21 15:00:47.790,23543,23546,23543,1,-1
2024-10-21 15:00:48.536,23543,23546,23546,2,2
2024-10-21 15:00:49.361,23544,23546,23544,1,-1
2024-10-21 15:00:49.684,23543,23546,23546,1,1
2024-10-21 15:00:51.627,23543,23545,23543,3,-3
2024-10-21 15:00:51.627,23543,23545,23542,1,-1
2024-10-21 15:00:51.627,23543,23545,23541,1,-1
2024-10-21 15:00:52.506,23541,23543,23541,1,-1
2024-10-21 15:00:52.507,23541,23543,23540,3,-3
2024-10-21 15:00:52.974,23539,23541,23541,1,1
2024-10-21 15:00:52.975,23539,23541,23541,1,1
2024-10-21 15:00:54.208,23541,23542,23541,1,-1
2024-10-21 15:00:54.215,23541,23542,23541,1,-1
2024-10-21 15:00:54.392,23539,23541,23539,1,-1
2024-10-21 15:00:54.566,23538,23540,23539,1,-1
2024-10-21 15:00:54.619,23538,23540,23538,3,-3
2024-10-21 15:00:55.702,23536,23539,23539,2,2
2024-10-21 15:00:55.703,23536,23539,23539,1,1
2024-10-21 15:00:55.844,23538,23541,23542,1,1
2024-10-21 15:00:55.865,23538,23541,23543,1,1
2024-10-21 15:00:56.303,23542,23543,23542,2,-2
2024-10-21 15:00:56.303,23542,23543,23541,1,-1
2024-10-21 15:00:56.791,23542,23543,23542,1,-1
2024-10-21 15:00:56.791,23542,23543,23543,1,1
2024-10-21 15:00:58.457,23541,23543,23543,1,1
2024-10-21 15:00:58.639,23541,23545,23541,1,-1
2024-10-21 15:00:58.835,23541,23544,23541,1,-1
2024-10-21 15:00:59.348,23540,23543,23540,1,-1
2024-10-21 15:00:59.559,23539,23542,23542,1,1
2024-10-21 15:00:59.992,23539,23542,23539,1,-1
2024-10-21 15:01:00.017,23538,23541,23537,1,-1
2024-10-21 15:01:00.025,23538,23541,23537,2,-2
2024-10-21 15:01:00.025,23538,23541,23536,1,-1
2024-10-21 15:01:00.055,23538,23541,23535,1,-1
2024-10-21 15:01:00.055,23538,23541,23534,1,-1
2024-10-21 15:01:00.056,23538,23541,23536,4,-4
2024-10-21 15:01:00.056,23538,23541,23535,1,-1
2024-10-21 15:01:00.068,23538,23541,23534,1,-1
2024-10-21 15:01:00.071,23538,23541,23534,1,-1
2024-10-21 15:01:00.071,23538,23541,23533,2,-2
2024-10-21 15:01:00.074,23538,23541,23533,1,-1
2024-10-21 15:01:00.081,23538,23541,23531,1,-1
2024-10-21 15:01:00.087,23538,23541,23531,2,-2
2024-10-21 15:01:00.088,23538,23541,23530,1,-1
2024-10-21 15:01:00.093,23538,23541,23530,1,-1
2024-10-21 15:01:00.115,23538,23541,23530,2,-2
2024-10-21 15:01:00.127,23529,23532,23532,2,2
2024-10-21 15:01:00.133,23529,23532,23534,1,1
2024-10-21 15:01:00.135,23529,23532,23534,1,1
2024-10-21 15:01:00.137,23529,23532,23534,1,1
2024-10-21 15:01:00.138,23529,23532,23534,1,1
2024-10-21 15:01:00.141,23529,23532,23520,3,-3
2024-10-21 15:01:00.141,23529,23532,23522,1,-1
2024-10-21 15:01:00.141,23529,23532,23519,1,-1
2024-10-21 15:01:00.141,23529,23532,23523,2,-2
2024-10-21 15:01:00.141,23529,23532,23515,2,-2
2024-10-21 15:01:00.141,23529,23532,23529,1,-1
2024-10-21 15:01:00.141,23529,23532,23530,4,-4
2024-10-21 15:01:00.141,23529,23532,23531,1,1
2024-10-21 15:01:00.141,23529,23532,23532,1,1
2024-10-21 15:01:00.141,23529,23532,23524,1,-1
2024-10-21 15:01:00.147,23529,23532,23518,2,-2
2024-10-21 15:01:00.147,23529,23532,23518,2,-2
2024-10-21 15:01:00.147,23529,23532,23517,1,-1
2024-10-21 15:01:00.152,23529,23532,23519,2,-2
2024-10-21 15:01:00.153,23529,23532,23519,1,-1
2024-10-21 15:01:00.153,23529,23532,23518,1,-1
2024-10-21 15:01:00.179,23529,23532,23519,3,-3
2024-10-21 15:01:00.179,23529,23532,23518,1,-1
2024-10-21 15:01:00.179,23529,23532,23517,1,-1
2024-10-21 15:01:00.179,23529,23532,23516,1,-1
2024-10-21 15:01:00.186,23529,23532,23515,2,-2
2024-10-21 15:01:00.186,23529,23532,23516,1,-1
2024-10-21 15:01:00.186,23529,23532,23517,2,-2
2024-10-21 15:01:00.188,23529,23532,23516,2,-2
2024-10-21 15:01:00.188,23529,23532,23515,1,-1
2024-10-21 15:01:00.188,23529,23532,23513,2,-2
2024-10-21 15:01:00.188,23529,23532,23512,1,-1
2024-10-21 15:01:00.192,23529,23532,23522,1,-1
2024-10-21 15:01:00.192,23529,23532,23523,1,-1
2024-10-21 15:01:00.226,23529,23532,23516,1,-1
2024-10-21 15:01:00.227,23529,23532,23520,1,-1
2024-10-21 15:01:00.228,23529,23532,23520,1,-1
2024-10-21 15:01:00.229,23529,23532,23521,1,-1
2024-10-21 15:01:00.229,23529,23532,23520,1,-1
2024-10-21 15:01:00.234,23529,23532,23522,2,-2
2024-10-21 15:01:00.243,23529,23532,23524,2,-2
2024-10-21 15:01:00.244,23529,23532,23525,1,-1
2024-10-21 15:01:00.247,23521,23526,23526,1,1
2024-10-21 15:01:00.251,23521,23526,23526,1,1
2024-10-21 15:01:00.326,23521,23526,23519,1,-1
2024-10-21 15:01:00.365,23521,23526,23523,1,-1
2024-10-21 15:01:00.389,23519,23524,23524,3,3
2024-10-21 15:01:00.477,23519,23524,23527,3,3
2024-10-21 15:01:00.478,23519,23524,23528,2,2
2024-10-21 15:01:00.479,23519,23524,23529,3,3
2024-10-21 15:01:00.482,23519,23524,23530,4,4
2024-10-21 15:01:00.484,23519,23524,23523,2,2
2024-10-21 15:01:00.488,23519,23524,23530,1,1
2024-10-21 15:01:00.508,23525,23530,23530,1,1
2024-10-21 15:01:00.539,23525,23530,23527,1,-1
2024-10-21 15:01:00.581,23525,23530,23530,1,1
2024-10-21 15:01:00.581,23525,23530,23531,2,2
2024-10-21 15:01:00.618,23525,23530,23531,2,2
2024-10-21 15:01:00.784,23529,23532,23532,1,1
2024-10-21 15:01:00.807,23529,23532,23532,1,1
2024-10-21 15:01:00.835,23529,23532,23532,1,1
2024-10-21 15:01:00.839,23529,23532,23533,2,2
2024-10-21 15:01:00.859,23529,23532,23532,1,1
2024-10-21 15:01:00.860,23529,23532,23534,2,2
2024-10-21 15:01:00.899,23532,23535,23535,1,1
2024-10-21 15:01:00.959,23532,23535,23532,1,-1
2024-10-21 15:01:01.028,23530,23535,23535,1,1
2024-10-21 15:01:01.124,23532,23535,23535,1,1
2024-10-21 15:01:01.126,23532,23535,23536,1,1
2024-10-21 15:01:01.130,23532,23535,23536,2,2
2024-10-21 15:01:01.187,23532,23535,23535,1,1
2024-10-21 15:01:01.308,23530,23533,23533,1,1
2024-10-21 15:01:01.411,23531,23534,23534,1,1
2024-10-21 15:01:01.419,23531,23534,23534,1,1
2024-10-21 15:01:02.294,23533,23536,23535,1,1
2024-10-21 15:01:02.561,23532,23535,23532,3,-3
2024-10-21 15:01:02.561,23532,23535,23531,2,-2
2024-10-21 15:01:02.639,23531,23534,23534,1,1
2024-10-21 15:01:02.831,23530,23534,23534,2,2
2024-10-21 15:01:02.919,23532,23534,23534,1,1
2024-10-21 15:01:02.920,23532,23534,23535,1,1
2024-10-21 15:01:02.921,23532,23534,23535,1,1
2024-10-21 15:01:03.044,23533,23536,23536,1,1
2024-10-21 15:01:03.045,23533,23536,23536,1,1
2024-10-21 15:01:03.045,23533,23536,23536,1,1
2024-10-21 15:01:03.357,23533,23536,23536,1,1
2024-10-21 15:01:04.830,23536,23539,23539,1,1
2024-10-21 15:01:05.337,23537,23540,23540,2,2
2024-10-21 15:01:05.337,23537,23540,23540,1,1
2024-10-21 15:01:05.388,23538,23541,23541,1,1
2024-10-21 15:01:05.962,23538,23541,23539,1,-1
2024-10-21 15:01:06.376,23541,23544,23541,2,-2
2024-10-21 15:01:07.193,23538,23541,23538,1,-1
2024-10-21 15:01:07.250,23538,23541,23541,1,1
2024-10-21 15:01:07.251,23538,23541,23542,1,1
2024-10-21 15:01:07.251,23538,23541,23542,1,1
2024-10-21 15:01:07.251,23538,23541,23542,1,1
2024-10-21 15:01:07.251,23538,23541,23541,1,1
2024-10-21 15:01:07.251,23538,23541,23541,1,1
2024-10-21 15:01:07.262,23538,23541,23543,1,1
2024-10-21 15:01:07.400,23542,23544,23544,1,1
2024-10-21 15:01:09.860,23541,23544,23541,3,-3
2024-10-21 15:01:09.861,23541,23544,23543,1,1
2024-10-21 15:01:11.343,23540,23543,23540,1,-1
2024-10-21 15:01:11.762,23540,23541,23540,1,-1
2024-10-21 15:01:11.775,23540,23541,23541,1,1
2024-10-21 15:01:11.788,23540,23541,23541,1,1
2024-10-21 15:01:11.982,23539,23542,23542,1,1
2024-10-21 15:01:12.067,23540,23543,23540,1,-1
2024-10-21 15:01:12.318,23540,23543,23540,1,-1
2024-10-21 15:01:13.620,23537,23539,23540,1,1
2024-10-21 15:01:14.293,23538,23539,23538,1,-1
2024-10-21 15:01:14.293,23538,23539,23537,5,-5
2024-10-21 15:01:14.408,23536,23538,23538,1,1
2024-10-21 15:01:14.780,23537,23539,23539,1,1
2024-10-21 15:01:15.227,23537,23540,23536,3,-3
2024-10-21 15:01:15.227,23537,23540,23537,2,-2
2024-10-21 15:01:15.639,23535,23538,23538,1,1
2024-10-21 15:01:15.952,23536,23539,23538,1,1
2024-10-21 15:01:16.493,23538,23541,23538,1,-1
2024-10-21 15:01:17.063,23538,23541,23539,1,-1
2024-10-21 15:01:17.457,23538,23541,23538,1,-1
2024-10-21 15:01:17.999,23538,23541,23541,1,1
2024-10-21 15:01:18.266,23538,23541,23538,1,-1
2024-10-21 15:01:18.374,23538,23541,23541,1,1
2024-10-21 15:01:18.375,23538,23541,23541,1,1
2024-10-21 15:01:18.375,23538,23541,23541,1,1
2024-10-21 15:01:18.375,23538,23541,23541,1,1
2024-10-21 15:01:18.376,23538,23541,23542,1,1
2024-10-21 15:01:18.418,23538,23541,23543,2,2
2024-10-21 15:01:18.419,23538,23541,23544,2,2
2024-10-21 15:01:18.420,23538,23541,23544,2,2
2024-10-21 15:01:19.208,23543,23545,23543,1,-1
2024-10-21 15:01:19.512,23543,23545,23543,1,-1
2024-10-21 15:01:21.716,23543,23544,23544,1,1
2024-10-21 15:01:21.716,23543,23544,23545,2,2
2024-10-21 15:01:21.716,23543,23544,23546,5,5
2024-10-21 15:01:21.716,23543,23544,23547,6,6
2024-10-21 15:01:21.716,23543,23544,23548,2,2
2024-10-21 15:01:21.716,23543,23544,23549,4,4
2024-10-21 15:01:22.394,23547,23549,23547,1,-1
2024-10-21 15:01:22.537,23547,23549,23548,1,-1
2024-10-21 15:01:24.002,23546,23548,23548,1,1
2024-10-21 15:01:24.043,23546,23548,23548,1,1
2024-10-21 15:01:24.652,23547,23549,23547,1,-1
2024-10-21 15:01:25.898,23543,23546,23546,1,1
2024-10-21 15:01:26.749,23543,23544,23544,4,4
2024-10-21 15:01:27.049,23543,23545,23545,2,2
2024-10-21 15:01:27.049,23543,23545,23546,1,1
2024-10-21 15:01:27.125,23545,23548,23548,1,1
2024-10-21 15:01:27.126,23545,23548,23549,1,1
2024-10-21 15:01:27.126,23545,23548,23548,1,1
2024-10-21 15:01:27.126,23545,23548,23548,1,1
2024-10-21 15:01:27.230,23545,23548,23549,5,5
2024-10-21 15:01:27.230,23545,23548,23549,6,6
2024-10-21 15:01:27.231,23545,23548,23550,2,2
2024-10-21 15:01:28.359,23550,23552,23550,1,-1
2024-10-21 15:01:28.426,23550,23552,23552,1,1
2024-10-21 15:01:28.426,23550,23552,23553,1,1
2024-10-21 15:01:28.818,23551,23554,23551,1,-1
2024-10-21 15:01:29.089,23551,23554,23554,1,1
2024-10-21 15:01:29.256,23553,23555,23555,2,2
2024-10-21 15:01:29.256,23553,23555,23555,1,1
2024-10-21 15:01:29.561,23554,23556,23554,1,-1
2024-10-21 15:01:29.778,23553,23555,23553,1,-1
2024-10-21 15:01:30.324,23553,23555,23553,1,-1
2024-10-21 15:01:30.324,23553,23555,23552,1,-1
2024-10-21 15:01:30.826,23551,23554,23554,1,1
2024-10-21 15:01:31.044,23551,23554,23551,1,-1
2024-10-21 15:01:32.187,23551,23552,23553,1,1
2024-10-21 15:01:32.887,23550,23553,23553,1,1
2024-10-21 15:01:33.393,23551,23553,23553,1,1
2024-10-21 15:01:34.452,23552,23554,23554,1,1
2024-10-21 15:01:34.554,23553,23556,23554,1,-1
2024-10-21 15:01:34.554,23553,23556,23553,1,-1
2024-10-21 15:01:34.958,23552,23555,23553,1,-1
2024-10-21 15:01:35.416,23554,23556,23556,2,2
2024-10-21 15:01:35.503,23555,23557,23555,1,-1
2024-10-21 15:01:36.174,23555,23557,23557,4,4
2024-10-21 15:01:36.175,23555,23557,23557,2,2
2024-10-21 15:01:36.175,23555,23557,23558,2,2
2024-10-21 15:01:36.175,23555,23557,23558,1,1
2024-10-21 15:01:36.279,23557,23559,23559,1,1
2024-10-21 15:01:37.373,23556,23558,23558,1,1
2024-10-21 15:01:37.373,23556,23558,23559,1,1
2024-10-21 15:01:37.373,23556,23558,23560,3,3
2024-10-21 15:01:37.917,23557,23560,23560,1,1
2024-10-21 15:01:38.608,23559,23561,23559,1,-1
2024-10-21 15:01:39.383,23558,23560,23560,1,1
2024-10-21 15:01:40.187,23557,23560,23557,1,-1
2024-10-21 15:01:42.014,23554,23557,23554,1,-1
2024-10-21 15:01:42.015,23554,23557,23554,1,-1
2024-10-21 15:01:42.934,23554,23555,23554,1,-1
2024-10-21 15:01:44.064,23550,23553,23550,1,-1
2024-10-21 15:01:44.108,23550,23553,23549,1,-1
2024-10-21 15:01:45.826,23545,23547,23548,1,1
2024-10-21 15:01:45.875,23546,23549,23549,1,1
2024-10-21 15:01:48.321,23546,23548,23548,1,1
2024-10-21 15:01:49.459,23546,23548,23548,1,1
2024-10-21 15:01:51.648,23548,23549,23548,1,-1
2024-10-21 15:01:51.648,23548,23549,23547,3,-3
2024-10-21 15:01:52.042,23546,23549,23546,1,-1
2024-10-21 15:01:52.042,23546,23549,23545,4,-4
2024-10-21 15:01:52.066,23546,23549,23547,1,-1
2024-10-21 15:01:53.639,23545,23547,23547,1,1
2024-10-21 15:01:57.899,23545,23546,23546,1,1
2024-10-21 15:02:00.000,23547,23548,23547,1,-1
2024-10-21 15:02:00.209,23546,23548,23546,3,-3
2024-10-21 15:02:00.316,23545,23546,23545,1,-1
2024-10-21 15:02:00.519,23544,23546,23546,1,1
2024-10-21 15:02:04.051,23544,23546,23546,1,1
2024-10-21 15:02:04.359,23544,23546,23544,1,-1
2024-10-21 15:02:06.052,23544,23546,23547,3,3
2024-10-21 15:02:06.052,23544,23546,23546,2,2
2024-10-21 15:02:08.664,23545,23547,23547,1,1
2024-10-21 15:02:08.749,23545,23548,23545,1,-1
2024-10-21 15:02:09.230,23544,23547,23547,1,1
2024-10-21 15:02:09.455,23544,23547,23544,8,-8
2024-10-21 15:02:09.456,23544,23547,23543,1,-1
2024-10-21 15:02:09.456,23544,23547,23542,3,-3
2024-10-21 15:02:09.457,23544,23547,23542,1,-1
2024-10-21 15:02:09.457,23544,23547,23542,1,-1
2024-10-21 15:02:10.133,23541,23543,23541,3,-3
2024-10-21 15:02:10.134,23541,23543,23540,4,-4
2024-10-21 15:02:10.134,23541,23543,23540,3,-3
2024-10-21 15:02:10.348,23539,23541,23541,1,1
2024-10-21 15:02:11.005,23539,23541,23539,2,-2
2024-10-21 15:02:11.005,23539,23541,23538,3,-3
2024-10-21 15:02:12.903,23535,23537,23535,1,-1
2024-10-21 15:02:12.904,23535,23537,23534,1,-1
2024-10-21 15:02:12.943,23535,23537,23534,1,-1
2024-10-21 15:02:13.083,23534,23536,23534,2,-2
2024-10-21 15:02:13.084,23534,23536,23533,4,-4
2024-10-21 15:02:13.085,23534,23536,23532,6,-6
2024-10-21 15:02:14.153,23530,23532,23535,1,1
2024-10-21 15:02:14.390,23534,23537,23537,12,12
2024-10-21 15:02:14.397,23534,23537,23538,1,1
2024-10-21 15:02:14.739,23537,23539,23539,1,1
2024-10-21 15:02:14.782,23539,23541,23541,2,2
2024-10-21 15:02:14.828,23539,23541,23539,1,-1
2024-10-21 15:02:15.392,23540,23543,23539,1,-1
2024-10-21 15:02:15.476,23540,23543,23539,1,-1
2024-10-21 15:02:17.235,23538,23539,23538,1,-1
2024-10-21 15:02:17.275,23538,23539,23538,1,-1
2024-10-21 15:02:17.562,23538,23539,23538,1,-1
2024-10-21 15:02:18.048,23536,23538,23535,1,-1
2024-10-21 15:02:18.629,23534,23536,23536,2,2
2024-10-21 15:02:19.562,23535,23537,23537,1,1
2024-10-21 15:02:20.236,23535,23538,23535,1,-1
2024-10-21 15:02:20.885,23534,23535,23535,3,3
2024-10-21 15:02:20.885,23534,23535,23536,1,1
2024-10-21 15:02:20.886,23534,23535,23537,1,1
2024-10-21 15:02:21.327,23536,23538,23536,1,-1
2024-10-21 15:02:23.559,23536,23538,23538,2,2
2024-10-21 15:02:23.559,23536,23538,23539,2,2
2024-10-21 15:02:23.559,23536,23538,23538,3,3
2024-10-21 15:02:23.560,23536,23538,23540,7,7
2024-10-21 15:02:23.560,23536,23538,23540,4,4
2024-10-21 15:02:23.560,23536,23538,23541,1,1
2024-10-21 15:02:23.560,23536,23538,23541,1,1
2024-10-21 15:02:23.560,23536,23538,23542,2,2
2024-10-21 15:02:24.913,23543,23545,23545,4,4
2024-10-21 15:02:25.725,23544,23546,23546,1,1
2024-10-21 15:02:27.342,23543,23545,23543,2,-2
2024-10-21 15:02:27.408,23542,23545,23545,1,1
2024-10-21 15:02:32.576,23545,23546,23545,2,-2
2024-10-21 15:02:32.576,23545,23546,23544,4,-4
2024-10-21 15:02:32.577,23545,23546,23543,1,-1
2024-10-21 15:02:34.222,23541,23543,23543,1,1
2024-10-21 15:02:34.411,23543,23545,23545,1,1
2024-10-21 15:02:35.281,23543,23545,23545,1,1
2024-10-21 15:02:35.283,23543,23545,23546,1,1
2024-10-21 15:02:36.202,23545,23546,23547,3,3
2024-10-21 15:02:36.202,23545,23546,23546,2,2
2024-10-21 15:02:37.523,23547,23548,23548,2,2
2024-10-21 15:02:37.523,23547,23548,23548,2,2
2024-10-21 15:02:37.655,23548,23549,23549,1,1
2024-10-21 15:02:37.656,23548,23549,23550,6,6
2024-10-21 15:02:37.659,23548,23549,23552,1,1
2024-10-21 15:02:37.660,23548,23549,23553,2,2
2024-10-21 15:02:38.043,23552,23554,23554,1,1
2024-10-21 15:02:38.309,23553,23555,23555,3,3
2024-10-21 15:02:38.309,23553,23555,23556,2,2
2024-10-21 15:02:38.371,23553,23556,23556,2,2
2024-10-21 15:02:39.119,23553,23555,23555,1,1
2024-10-21 15:02:39.119,23553,23555,23556,2,2
2024-10-21 15:02:39.120,23553,23555,23557,1,1
2024-10-21 15:02:39.120,23553,23555,23557,1,1
2024-10-21 15:02:39.121,23553,23555,23558,3,3
2024-10-21 15:02:39.330,23557,23559,23560,1,1
2024-10-21 15:02:39.332,23557,23559,23561,1,1
2024-10-21 15:02:40.099,23561,23562,23561,2,-2
2024-10-21 15:02:40.470,23558,23560,23558,1,-1
2024-10-21 15:02:40.622,23556,23558,23556,3,-3
2024-10-21 15:02:41.419,23554,23556,23554,1,-1
2024-10-21 15:02:41.419,23554,23556,23553,2,-2
2024-10-21 15:02:41.512,23552,23554,23554,1,1
2024-10-21 15:02:41.513,23552,23554,23555,8,8
2024-10-21 15:02:42.882,23555,23556,23556,1,1
2024-10-21 15:02:43.192,23556,23557,23557,2,2
2024-10-21 15:02:44.770,23558,23560,23560,1,1
2024-10-21 15:02:45.975,23559,23561,23559,1,-1
2024-10-21 15:02:48.191,23559,23561,23561,3,3
2024-10-21 15:02:48.191,23559,23561,23562,1,1
2024-10-21 15:02:48.857,23561,23562,23561,1,-1
2024-10-21 15:02:50.215,23559,23560,23560,1,1
2024-10-21 15:02:50.277,23560,23561,23560,1,-1
2024-10-21 15:02:51.461,23559,23560,23560,1,1
2024-10-21 15:02:52.615,23559,23560,23560,1,1
2024-10-21 15:02:53.306,23559,23561,23561,2,2
2024-10-21 15:02:53.418,23561,23562,23562,1,1
2024-10-21 15:02:53.418,23561,23562,23562,3,3
2024-10-21 15:02:54.018,23562,23563,23562,1,-1
2024-10-21 15:02:55.157,23561,23562,23562,1,1
2024-10-21 15:02:55.157,23561,23562,23563,4,4
2024-10-21 15:02:55.632,23562,23564,23564,1,1
2024-10-21 15:02:56.380,23563,23564,23564,1,1
2024-10-21 15:02:56.381,23563,23564,23565,3,3
2024-10-21 15:02:56.601,23564,23566,23566,1,1
2024-10-21 15:02:56.681,23566,23567,23567,1,1
2024-10-21 15:02:56.684,23566,23567,23567,1,1
2024-10-21 15:02:56.684,23566,23567,23567,1,1
2024-10-21 15:02:56.877,23566,23568,23566,1,-1
2024-10-21 15:02:56.887,23566,23568,23565,1,-1
2024-10-21 15:02:57.338,23563,23565,23565,1,1
2024-10-21 15:02:57.425,23563,23565,23565,3,3
2024-10-21 15:02:57.497,23563,23566,23563,1,-1
2024-10-21 15:02:57.655,23563,23566,23563,2,-2
2024-10-21 15:02:57.808,23562,23564,23562,1,-1
2024-10-21 15:02:58.022,23562,23563,23562,1,-1
2024-10-21 15:02:58.210,23560,23563,23561,2,-2
2024-10-21 15:02:59.100,23560,23563,23560,4,-4
2024-10-21 15:02:59.101,23560,23563,23560,1,-1
2024-10-21 15:03:00.224,23557,23560,23560,3,3
2024-10-21 15:03:00.640,23558,23560,23560,1,1
2024-10-21 15:03:01.912,23558,23560,23560,11,11
2024-10-21 15:03:01.912,23558,23560,23561,1,1
2024-10-21 15:03:02.112,23561,23564,23564,1,1
2024-10-21 15:03:02.774,23562,23565,23562,1,-1
2024-10-21 15:03:03.852,23562,23565,23565,1,1
2024-10-21 15:03:03.927,23563,23565,23563,2,-2
2024-10-21 15:03:03.927,23563,23565,23562,1,-1
2024-10-21 15:03:04.260,23561,23564,23561,1,-1
2024-10-21 15:03:05.616,23561,23564,23560,2,-2
2024-10-21 15:03:05.616,23561,23564,23561,3,-3
2024-10-21 15:03:06.662,23560,23562,23560,2,-2
2024-10-21 15:03:06.662,23560,23562,23559,6,-6
2024-10-21 15:03:06.662,23560,23562,23558,8,-8
2024-10-21 15:03:06.662,23560,23562,23557,10,-10
2024-10-21 15:03:06.664,23560,23562,23557,1,-1
2024-10-21 15:03:06.664,23560,23562,23557,3,-3
2024-10-21 15:03:07.494,23556,23558,23556,1,-1
2024-10-21 15:03:07.494,23556,23558,23556,1,-1
2024-10-21 15:03:07.630,23554,23556,23556,2,2
2024-10-21 15:03:07.630,23554,23556,23557,3,3
2024-10-21 15:03:08.178,23555,23558,23558,1,1
2024-10-21 15:03:08.711,23555,23558,23558,2,2
2024-10-21 15:03:09.013,23555,23558,23555,1,-1
2024-10-21 15:03:10.261,23556,23557,23556,1,-1
2024-10-21 15:03:11.536,23555,23556,23555,1,-1
2024-10-21 15:03:11.537,23555,23556,23554,1,-1
2024-10-21 15:03:12.163,23554,23555,23554,1,-1
2024-10-21 15:03:12.586,23549,23552,23552,2,2
2024-10-21 15:03:12.796,23552,23554,23554,1,1
2024-10-21 15:03:12.943,23553,23555,23555,1,1
2024-10-21 15:03:14.478,23554,23556,23556,1,1
2024-10-21 15:03:15.055,23557,23559,23557,2,-2
2024-10-21 15:03:15.055,23557,23559,23556,3,-3
2024-10-21 15:03:17.698,23555,23558,23555,1,-1
2024-10-21 15:03:19.098,23556,23558,23556,1,-1
2024-10-21 15:03:20.769,23555,23557,23555,1,-1
2024-10-21 15:03:25.742,23554,23557,23554,5,-5
2024-10-21 15:03:25.742,23554,23557,23553,2,-2
2024-10-21 15:03:29.332,23553,23555,23555,2,2
2024-10-21 15:03:29.333,23553,23555,23556,2,2
2024-10-21 15:03:31.090,23555,23557,23555,1,-1
2024-10-21 15:03:32.810,23555,23557,23557,1,1
2024-10-21 15:03:32.883,23556,23559,23556,1,-1
2024-10-21 15:03:32.898,23556,23559,23557,1,-1
2024-10-21 15:03:33.444,23555,23558,23555,1,-1
2024-10-21 15:03:36.640,23556,23558,23556,1,-1
2024-10-21 15:03:37.292,23553,23555,23555,1,1
2024-10-21 15:03:42.248,23555,23557,23555,1,-1
2024-10-21 15:03:44.608,23553,23555,23553,1,-1
2024-10-21 15:03:44.854,23553,23555,23553,4,-4
2024-10-21 15:03:49.991,23553,23554,23553,1,-1
2024-10-21 15:03:50.059,23552,23553,23552,1,-1
2024-10-21 15:03:51.098,23550,23552,23550,2,-2
2024-10-21 15:03:51.499,23547,23549,23549,1,1
2024-10-21 15:03:52.273,23548,23551,23551,1,1
2024-10-21 15:03:52.326,23548,23551,23549,1,-1
2024-10-21 15:03:56.265,23549,23552,23549,1,-1
2024-10-21 15:04:02.969,23549,23551,23550,1,-1
2024-10-21 15:04:03.405,23550,23551,23551,2,2
2024-10-21 15:04:03.407,23550,23551,23552,1,1
2024-10-21 15:04:04.152,23553,23555,23555,1,1
2024-10-21 15:04:04.152,23553,23555,23556,1,1
2024-10-21 15:04:10.330,23557,23559,23557,1,-1
2024-10-21 15:04:10.741,23555,23557,23555,1,-1
2024-10-21 15:04:16.772,23555,23558,23558,1,1
2024-10-21 15:04:17.873,23556,23557,23556,1,-1
2024-10-21 15:04:17.873,23556,23557,23555,1,-1
2024-10-21 15:04:17.873,23556,23557,23554,8,-8
2024-10-21 15:04:17.874,23556,23557,23554,1,-1
2024-10-21 15:04:18.080,23550,23552,23552,1,1
2024-10-21 15:04:18.563,23550,23553,23553,1,1
2024-10-21 15:04:22.278,23551,23554,23554,1,1
2024-10-21 15:04:24.090,23551,23554,23554,1,1
2024-10-21 15:04:34.808,23555,23557,23557,1,1
2024-10-21 15:04:37.045,23556,23558,23556,1,-1
2024-10-21 15:04:38.545,23556,23558,23557,1,-1
2024-10-21 15:04:38.762,23556,23558,23558,1,1
2024-10-21 15:04:39.972,23558,23560,23560,1,1
2024-10-21 15:04:39.972,23558,23560,23560,3,3
2024-10-21 15:04:39.972,23558,23560,23560,1,1
2024-10-21 15:04:39.972,23558,23560,23560,1,1
2024-10-21 15:04:42.298,23560,23562,23560,1,-1
2024-10-21 15:04:43.679,23558,23561,23561,1,1
2024-10-21 15:04:44.074,23559,23562,23562,1,1
2024-10-21 15:04:44.689,23560,23562,23560,1,-1
2024-10-21 15:04:44.956,23560,23562,23562,2,2
2024-10-21 15:04:45.077,23561,23563,23563,2,2
2024-10-21 15:04:45.077,23561,23563,23564,1,1
2024-10-21 15:04:45.262,23561,23564,23564,1,1
2024-10-21 15:04:45.360,23561,23564,23561,1,-1
2024-10-21 15:04:45.709,23561,23564,23564,1,1
2024-10-21 15:04:46.090,23562,23566,23565,1,1
2024-10-21 15:04:46.093,23562,23566,23566,1,1
2024-10-21 15:04:46.898,23564,23566,23566,1,1
2024-10-21 15:04:47.057,23564,23566,23566,1,1
2024-10-21 15:04:47.057,23564,23566,23567,2,2
2024-10-21 15:04:47.058,23564,23566,23567,2,2
2024-10-21 15:04:47.972,23563,23566,23566,1,1
2024-10-21 15:04:49.718,23561,23563,23563,1,1
2024-10-21 15:04:50.477,23562,23565,23562,1,-1
2024-10-21 15:04:52.585,23562,23565,23563,1,-1
2024-10-21 15:04:56.307,23567,23568,23568,1,1
2024-10-21 15:04:56.307,23567,23568,23568,2,2
2024-10-21 15:04:56.462,23567,23569,23569,1,1
2024-10-21 15:04:58.579,23568,23570,23570,1,1
2024-10-21 15:04:58.676,23568,23570,23570,1,1
2024-10-21 15:04:58.754,23568,23570,23568,1,-1
2024-10-21 15:04:59.046,23568,23570,23570,1,1
2024-10-21 15:04:59.560,23568,23570,23570,1,1
2024-10-21 15:04:59.826,23568,23570,23570,2,2
2024-10-21 15:04:59.827,23568,23570,23570,3,3
2024-10-21 15:05:00.786,23569,23571,23571,1,1
2024-10-21 15:05:00.787,23569,23571,23572,2,2
2024-10-21 15:05:00.878,23570,23572,23572,2,2
2024-10-21 15:05:00.881,23570,23572,23573,1,1
2024-10-21 15:05:00.882,23570,23572,23573,1,1
2024-10-21 15:05:00.882,23570,23572,23573,1,1
2024-10-21 15:05:00.974,23570,23572,23574,1,1
2024-10-21 15:05:01.005,23571,23574,23571,1,-1
2024-10-21 15:05:01.042,23571,23574,23572,3,-3
2024-10-21 15:05:01.042,23571,23574,23573,1,1
2024-10-21 15:05:01.401,23570,23571,23570,1,-1
2024-10-21 15:05:01.439,23570,23571,23569,1,-1
2024-10-21 15:05:01.440,23570,23571,23569,1,-1
2024-10-21 15:05:01.558,23568,23571,23571,2,2
2024-10-21 15:05:01.573,23568,23571,23571,1,1
2024-10-21 15:05:01.653,23568,23571,23571,1,1
2024-10-21 15:05:01.686,23568,23571,23571,1,1
2024-10-21 15:05:01.686,23568,23571,23572,1,1
2024-10-21 15:05:02.135,23569,23572,23570,1,-1
2024-10-21 15:05:02.565,23570,23573,23570,1,-1
2024-10-21 15:05:02.648,23570,23572,23572,1,1
2024-10-21 15:05:02.668,23570,23572,23573,1,1
2024-10-21 15:05:04.482,23572,23575,23572,5,-5
2024-10-21 15:05:04.494,23572,23575,23573,2,-2
2024-10-21 15:05:04.507,23571,23574,23574,1,1
2024-10-21 15:05:04.950,23573,23575,23575,1,1
2024-10-21 15:05:05.788,23574,23575,23575,1,1
2024-10-21 15:05:05.789,23574,23575,23575,1,1
2024-10-21 15:05:06.204,23574,23576,23576,1,1
2024-10-21 15:05:06.650,23573,23576,23576,1,1
2024-10-21 15:05:06.690,23573,23576,23576,1,1
2024-10-21 15:05:06.877,23574,23576,23576,1,1
2024-10-21 15:05:07.197,23574,23576,23576,7,7
2024-10-21 15:05:07.249,23575,23577,23577,1,1
2024-10-21 15:05:07.250,23575,23577,23577,7,7
2024-10-21 15:05:07.252,23575,23577,23578,2,2
2024-10-21 15:05:07.252,23575,23577,23578,5,5
2024-10-21 15:05:07.455,23578,23579,23579,1,1
2024-10-21 15:05:07.455,23578,23579,23579,1,1
2024-10-21 15:05:07.596,23578,23580,23578,1,-1
2024-10-21 15:05:07.600,23578,23580,23579,1,-1
2024-10-21 15:05:07.655,23577,23579,23579,1,1
2024-10-21 15:05:07.655,23577,23579,23579,1,1
2024-10-21 15:05:07.762,23577,23579,23579,1,1
2024-10-21 15:05:07.826,23577,23579,23580,1,1
2024-10-21 15:05:07.998,23577,23580,23580,1,1
2024-10-21 15:05:08.065,23577,23580,23580,1,1
2024-10-21 15:05:08.139,23578,23580,23580,1,1
2024-10-21 15:05:08.140,23578,23580,23580,2,2
2024-10-21 15:05:08.295,23578,23581,23578,1,-1
2024-10-21 15:05:08.957,23578,23581,23581,1,1
2024-10-21 15:05:10.002,23579,23581,23581,1,1
2024-10-21 15:05:10.002,23579,23581,23581,1,1
2024-10-21 15:05:10.625,23577,23579,23579,1,1
2024-10-21 15:05:11.045,23577,23579,23579,3,3
2024-10-21 15:05:11.592,23577,23579,23577,1,-1
2024-10-21 15:05:12.741,23575,23578,23575,1,-1
2024-10-21 15:05:12.964,23575,23576,23575,1,-1
2024-10-21 15:05:13.152,23575,23576,23577,1,1
2024-10-21 15:05:13.811,23575,23577,23575,1,-1
2024-10-21 15:05:14.074,23573,23576,23576,2,2
2024-10-21 15:05:16.635,23573,23576,23575,1,1
2024-10-21 15:05:17.236,23573,23575,23573,1,-1
2024-10-21 15:05:17.684,23572,23574,23574,1,1
2024-10-21 15:05:17.684,23572,23574,23575,2,2
2024-10-21 15:05:18.311,23573,23575,23575,1,1
2024-10-21 15:05:18.375,23573,23575,23575,1,1
2024-10-21 15:05:18.375,23573,23575,23575,1,1
2024-10-21 15:05:19.104,23575,23577,23575,1,-1
2024-10-21 15:05:20.295,23574,23576,23574,2,-2
2024-10-21 15:05:20.296,23574,23576,23573,1,-1
2024-10-21 15:05:20.488,23571,23574,23574,1,1
2024-10-21 15:05:21.301,23572,23575,23574,1,1
2024-10-21 15:05:21.621,23573,23575,23572,2,-2
2024-10-21 15:05:21.621,23573,23575,23573,3,-3
2024-10-21 15:05:23.971,23572,23574,23571,2,-2
2024-10-21 15:05:23.971,23572,23574,23572,1,-1
2024-10-21 15:05:26.879,23571,23574,23574,1,1
2024-10-21 15:05:27.771,23573,23575,23573,1,-1
2024-10-21 15:05:27.875,23573,23575,23575,1,1
2024-10-21 15:05:27.906,23573,23575,23576,1,1
2024-10-21 15:05:29.736,23574,23577,23574,1,-1
2024-10-21 15:05:31.105,23574,23576,23574,1,-1
2024-10-21 15:05:31.606,23572,23575,23572,1,-1
2024-10-21 15:05:34.339,23572,23573,23572,1,-1
2024-10-21 15:05:34.695,23571,23573,23573,2,2
2024-10-21 15:05:34.711,23571,23573,23573,1,1
2024-10-21 15:05:36.081,23573,23574,23573,2,-2
2024-10-21 15:05:36.853,23571,23573,23578,1,1
2024-10-21 15:05:37.249,23578,23580,23578,1,-1
2024-10-21 15:05:37.376,23574,23577,23577,1,1
2024-10-21 15:05:38.349,23575,23577,23577,1,1
2024-10-21 15:05:42.255,23575,23578,23578,1,1
2024-10-21 15:05:43.705,23577,23578,23577,1,-1
2024-10-21 15:05:45.898,23577,23579,23579,1,1
2024-10-21 15:05:47.931,23579,23580,23580,2,2
2024-10-21 15:05:47.931,23579,23580,23580,1,1
2024-10-21 15:05:48.101,23580,23581,23580,1,-1
2024-10-21 15:05:48.359,23579,23581,23581,1,1
2024-10-21 15:05:49.712,23578,23579,23579,1,1
2024-10-21 15:05:49.712,23578,23579,23581,1,1
2024-10-21 15:05:51.859,23579,23582,23582,2,2
2024-10-21 15:05:51.860,23579,23582,23582,1,1
2024-10-21 15:05:52.600,23582,23583,23583,1,1
2024-10-21 15:05:52.600,23582,23583,23583,3,3
2024-10-21 15:05:52.925,23582,23584,23584,3,3
2024-10-21 15:05:52.926,23582,23584,23585,7,7
2024-10-21 15:05:53.433,23582,23585,23582,1,-1
2024-10-21 15:05:57.978,23579,23581,23581,1,1
2024-10-21 15:06:01.090,23580,23582,23582,2,2
2024-10-21 15:06:01.090,23580,23582,23583,1,1
2024-10-21 15:06:01.125,23581,23583,23583,1,1
2024-10-21 15:06:01.126,23581,23583,23584,1,1
2024-10-21 15:06:01.133,23581,23583,23585,1,1
2024-10-21 15:06:01.133,23581,23583,23586,1,1
2024-10-21 15:06:01.437,23582,23584,23584,1,1
2024-10-21 15:06:01.876,23583,23585,23583,1,-1
2024-10-21 15:06:01.876,23583,23585,23583,1,-1
2024-10-21 15:06:02.365,23582,23584,23582,4,-4
2024-10-21 15:06:02.375,23580,23582,23582,1,1
2024-10-21 15:06:02.716,23580,23583,23583,1,1
2024-10-21 15:06:02.716,23580,23583,23583,1,1
2024-10-21 15:06:02.822,23581,23584,23584,1,1
2024-10-21 15:06:03.211,23581,23584,23581,1,-1
2024-10-21 15:06:04.989,23584,23586,23584,1,-1
2024-10-21 15:06:05.837,23584,23586,23586,2,2
2024-10-21 15:06:07.010,23582,23585,23585,4,4
2024-10-21 15:06:07.010,23582,23585,23586,1,1
2024-10-21 15:06:09.085,23582,23583,23582,1,-1
2024-10-21 15:06:09.125,23580,23582,23582,1,1
2024-10-21 15:06:09.832,23581,23584,23584,1,1
2024-10-21 15:06:10.455,23582,23583,23582,1,-1
2024-10-21 15:06:10.823,23580,23582,23582,1,1
2024-10-21 15:06:11.089,23580,23583,23583,1,1
2024-10-21 15:06:17.468,23582,23584,23584,1,1
2024-10-21 15:06:17.468,23582,23584,23585,1,1
2024-10-21 15:06:18.619,23583,23585,23585,1,1
2024-10-21 15:06:18.619,23583,23585,23585,1,1
2024-10-21 15:06:18.619,23583,23585,23585,1,1
2024-10-21 15:06:18.624,23583,23585,23586,1,1
2024-10-21 15:06:18.626,23583,23585,23587,1,1
2024-10-21 15:06:18.626,23583,23585,23587,1,1
2024-10-21 15:06:18.626,23583,23585,23587,1,1
2024-10-21 15:06:18.627,23583,23585,23587,1,1
2024-10-21 15:06:18.627,23583,23585,23588,1,1
2024-10-21 15:06:18.630,23583,23585,23588,1,1
2024-10-21 15:06:18.631,23583,23585,23588,3,3
2024-10-21 15:06:18.954,23585,23588,23587,3,3
2024-10-21 15:06:18.954,23585,23588,23588,2,2
2024-10-21 15:06:19.746,23584,23587,23587,1,1
2024-10-21 15:06:20.369,23586,23588,23588,1,1
2024-10-21 15:06:22.027,23586,23589,23589,2,2
2024-10-21 15:06:23.282,23586,23588,23588,2,2
2024-10-21 15:06:23.418,23586,23588,23588,1,1
2024-10-21 15:06:24.832,23587,23589,23589,1,1
2024-10-21 15:06:24.921,23587,23589,23589,3,3
2024-10-21 15:06:24.921,23587,23589,23589,1,1
2024-10-21 15:06:26.057,23588,23589,23588,1,-1
2024-10-21 15:06:27.236,23587,23589,23587,2,-2
2024-10-21 15:06:27.250,23585,23587,23587,1,1
2024-10-21 15:06:27.251,23585,23587,23588,1,1
2024-10-21 15:06:28.294,23586,23588,23586,2,-2
2024-10-21 15:06:30.042,23585,23586,23586,1,1
2024-10-21 15:06:30.669,23585,23586,23585,1,-1
2024-10-21 15:06:34.114,23585,23586,23586,3,3
2024-10-21 15:06:34.129,23586,23587,23587,2,2
2024-10-21 15:06:34.376,23586,23588,23588,1,1
2024-10-21 15:06:34.918,23587,23589,23589,1,1
2024-10-21 15:06:35.346,23588,23589,23588,1,-1
2024-10-21 15:06:36.471,23587,23589,23589,1,1
2024-10-21 15:06:36.500,23589,23590,23590,1,1
2024-10-21 15:06:36.646,23589,23590,23589,1,-1
2024-10-21 15:06:36.683,23589,23590,23590,1,1
2024-10-21 15:06:36.856,23588,23590,23588,1,-1
2024-10-21 15:06:39.695,23589,23590,23590,3,3
2024-10-21 15:06:39.695,23589,23590,23590,2,2
2024-10-21 15:06:39.695,23589,23590,23590,2,2
2024-10-21 15:06:39.695,23589,23590,23590,3,3
2024-10-21 15:06:39.807,23590,23591,23590,1,-1
2024-10-21 15:06:39.807,23590,23591,23589,3,-3
2024-10-21 15:06:39.900,23589,23591,23589,1,-1
2024-10-21 15:06:40.087,23589,23591,23591,1,1
2024-10-21 15:06:40.218,23589,23591,23591,1,1
2024-10-21 15:06:40.941,23589,23592,23589,1,-1
2024-10-21 15:06:41.435,23588,23591,23588,1,-1
2024-10-21 15:06:45.291,23588,23589,23588,3,-3
2024-10-21 15:06:45.293,23588,23589,23587,2,-2
2024-10-21 15:06:46.496,23586,23587,23586,3,-3
2024-10-21 15:06:46.496,23586,23587,23586,2,-2
2024-10-21 15:06:46.528,23586,23587,23587,1,1
2024-10-21 15:06:46.921,23585,23587,23587,1,1
2024-10-21 15:06:47.244,23585,23587,23587,2,2
2024-10-21 15:06:51.997,23584,23586,23584,1,-1
2024-10-21 15:06:52.238,23582,23585,23585,2,2
2024-10-21 15:06:54.680,23583,23586,23586,1,1
2024-10-21 15:06:56.830,23584,23586,23584,1,-1
2024-10-21 15:06:58.238,23582,23584,23584,1,1
2024-10-21 15:06:59.049,23582,23584,23582,1,-1
2024-10-21 15:07:00.068,23582,23584,23582,1,-1
2024-10-21 15:07:02.201,23583,23584,23583,1,-1
2024-10-21 15:07:03.412,23581,23583,23581,6,-6
2024-10-21 15:07:03.412,23581,23583,23582,1,-1
2024-10-21 15:07:04.477,23580,23582,23580,1,-1
2024-10-21 15:07:05.415,23580,23582,23580,4,-4
2024-10-21 15:07:07.063,23580,23581,23580,2,-2
2024-10-21 15:07:07.166,23579,23581,23581,1,1
2024-10-21 15:07:07.620,23580,23581,23580,1,-1
2024-10-21 15:07:07.898,23580,23582,23580,1,-1
2024-10-21 15:07:08.486,23580,23582,23582,1,1
2024-10-21 15:07:11.829,23580,23582,23580,1,-1
2024-10-21 15:07:11.969,23580,23581,23581,2,2
2024-10-21 15:07:11.972,23580,23581,23581,1,1
2024-10-21 15:07:12.896,23580,23581,23581,1,1
2024-10-21 15:07:13.155,23580,23583,23580,2,-2
2024-10-21 15:07:15.943,23580,23583,23580,4,-4
2024-10-21 15:07:19.078,23580,23582,23580,1,-1
2024-10-21 15:07:20.975,23579,23580,23580,1,1
2024-10-21 15:07:22.041,23580,23581,23580,1,-1
2024-10-21 15:07:26.302,23581,23583,23583,1,1
2024-10-21 15:07:26.427,23583,23584,23583,1,-1
2024-10-21 15:07:28.845,23583,23584,23584,1,1
2024-10-21 15:07:28.875,23583,23585,23586,1,1
2024-10-21 15:07:28.875,23583,23585,23585,1,1
2024-10-21 15:07:28.875,23583,23585,23586,1,1
2024-10-21 15:07:28.875,23583,23585,23585,1,1
2024-10-21 15:07:28.875,23583,23585,23585,1,1
2024-10-21 15:07:28.876,23583,23585,23586,1,1
2024-10-21 15:07:28.876,23583,23585,23586,1,1
2024-10-21 15:07:28.877,23583,23585,23586,2,2
2024-10-21 15:07:30.072,23585,23587,23587,1,1
2024-10-21 15:07:32.352,23587,23588,23588,3,3
2024-10-21 15:07:32.352,23587,23588,23589,4,4
2024-10-21 15:07:33.870,23589,23590,23589,1,-1
2024-10-21 15:07:35.918,23587,23590,23590,3,3
2024-10-21 15:07:36.241,23588,23590,23588,1,-1
2024-10-21 15:07:36.249,23588,23590,23590,1,1
2024-10-21 15:07:36.250,23588,23590,23590,1,1
2024-10-21 15:07:36.250,23588,23590,23590,2,2
2024-10-21 15:07:37.106,23589,23591,23588,1,-1
2024-10-21 15:07:39.399,23588,23589,23589,1,1
2024-10-21 15:07:42.594,23589,23591,23590,1,1
2024-10-21 15:07:46.565,23589,23590,23589,3,-3
2024-10-21 15:07:46.755,23589,23590,23590,2,2
2024-10-21 15:07:46.755,23589,23590,23591,1,1
2024-10-21 15:07:46.755,23589,23590,23591,2,2
2024-10-21 15:07:46.936,23590,23592,23590,3,-3
2024-10-21 15:07:46.938,23590,23592,23590,2,-2
2024-10-21 15:07:46.938,23590,23592,23589,2,-2
2024-10-21 15:07:46.938,23590,23592,23589,3,-3
2024-10-21 15:07:46.938,23590,23592,23588,1,-1
2024-10-21 15:07:46.971,23590,23592,23589,3,-3
2024-10-21 15:07:47.558,23590,23592,23592,2,2
2024-10-21 15:07:48.011,23590,23592,23591,1,1
2024-10-21 15:07:50.050,23589,23592,23589,4,-4
2024-10-21 15:07:50.181,23588,23591,23590,1,1
2024-10-21 15:07:51.266,23588,23590,23590,1,1
2024-10-21 15:07:52.109,23588,23590,23590,2,2
2024-10-21 15:07:58.141,23588,23590,23588,2,-2
2024-10-21 15:07:58.142,23588,23590,23587,1,-1
2024-10-21 15:07:58.142,23588,23590,23587,1,-1
2024-10-21 15:08:02.257,23586,23589,23589,1,1
2024-10-21 15:08:02.814,23586,23588,23586,1,-1
2024-10-21 15:08:04.593,23588,23590,23588,3,-3
2024-10-21 15:08:04.594,23588,23590,23588,1,-1
2024-10-21 15:08:04.594,23588,23590,23587,2,-2
2024-10-21 15:08:04.595,23588,23590,23587,1,-1
2024-10-21 15:08:06.922,23585,23587,23585,1,-1
2024-10-21 15:08:10.280,23586,23587,23586,3,-3
2024-10-21 15:08:12.172,23584,23585,23585,1,1
2024-10-21 15:08:13.381,23584,23585,23584,1,-1
2024-10-21 15:08:14.295,23583,23584,23583,2,-2
2024-10-21 15:08:14.295,23583,23584,23582,1,-1
2024-10-21 15:08:18.250,23583,23584,23584,1,1
2024-10-21 15:08:19.076,23583,23585,23585,1,1
2024-10-21 15:08:19.124,23583,23585,23585,1,1
2024-10-21 15:08:19.125,23583,23585,23585,7,7
2024-10-21 15:08:20.030,23585,23587,23585,1,-1
2024-10-21 15:08:27.732,23586,23587,23587,1,1
2024-10-21 15:08:27.732,23586,23587,23587,1,1
2024-10-21 15:08:27.732,23586,23587,23587,1,1
2024-10-21 15:08:27.930,23586,23588,23588,1,1
2024-10-21 15:08:28.134,23587,23590,23587,1,-1
2024-10-21 15:08:29.503,23586,23588,23586,3,-3
2024-10-21 15:08:31.146,23587,23588,23588,3,3
2024-10-21 15:08:31.347,23588,23590,23588,3,-3
2024-10-21 15:08:31.945,23586,23589,23589,1,1
2024-10-21 15:08:33.200,23586,23587,23587,1,1
2024-10-21 15:08:36.719,23585,23588,23588,1,1
2024-10-21 15:08:37.358,23586,23589,23589,4,4
2024-10-21 15:08:39.264,23587,23590,23587,1,-1
2024-10-21 15:08:40.238,23587,23590,23588,1,-1
2024-10-21 15:08:45.980,23588,23590,23589,1,-1
2024-10-21 15:08:45.980,23588,23590,23588,3,-3
2024-10-21 15:08:45.980,23588,23590,23589,1,-1
2024-10-21 15:08:48.666,23588,23590,23590,1,1
2024-10-21 15:08:48.818,23588,23590,23589,1,1
2024-10-21 15:08:50.049,23588,23590,23590,1,1
2024-10-21 15:08:55.967,23588,23590,23590,1,1
2024-10-21 15:08:56.416,23588,23589,23588,1,-1
2024-10-21 15:09:00.883,23589,23590,23590,2,2
2024-10-21 15:09:00.883,23589,23590,23590,1,1
2024-10-21 15:09:02.069,23589,23592,23589,1,-1
2024-10-21 15:09:04.558,23590,23591,23591,1,1
2024-10-21 15:09:04.558,23590,23591,23591,1,1
2024-10-21 15:09:04.683,23590,23592,23592,1,1
2024-10-21 15:09:04.688,23590,23592,23592,1,1
2024-10-21 15:09:04.689,23590,23592,23592,2,2
2024-10-21 15:09:04.704,23590,23592,23593,2,2
2024-10-21 15:09:04.711,23590,23592,23593,1,1
2024-10-21 15:09:04.711,23590,23592,23593,4,4
2024-10-21 15:09:04.729,23590,23592,23594,1,1
2024-10-21 15:09:04.738,23590,23592,23594,2,2
2024-10-21 15:09:04.788,23594,23595,23595,1,1
2024-10-21 15:09:04.988,23593,23595,23595,1,1
2024-10-21 15:09:05.064,23593,23595,23593,1,-1
2024-10-21 15:09:07.340,23592,23594,23593,1,-1
2024-10-21 15:09:09.682,23589,23591,23590,1,-1
2024-10-21 15:09:10.538,23589,23590,23589,1,-1
2024-10-21 15:09:10.538,23589,23590,23589,1,-1
2024-10-21 15:09:10.538,23589,23590,23589,1,-1
2024-10-21 15:09:10.949,23588,23589,23588,5,-5
2024-10-21 15:09:10.949,23588,23589,23588,5,-5
2024-10-21 15:09:11.476,23585,23587,23586,1,-1
2024-10-21 15:09:13.548,23585,23587,23586,1,-1
2024-10-21 15:09:14.259,23585,23587,23586,1,-1
2024-10-21 15:09:14.259,23585,23587,23586,1,-1
2024-10-21 15:09:15.604,23585,23588,23588,1,1
2024-10-21 15:09:16.031,23587,23589,23587,1,-1
2024-10-21 15:09:17.039,23586,23589,23588,1,1
2024-10-21 15:09:17.347,23587,23589,23588,1,1
2024-10-21 15:09:17.580,23587,23589,23589,2,2
2024-10-21 15:09:17.581,23587,23589,23589,1,1
2024-10-21 15:09:24.776,23588,23590,23590,1,1
2024-10-21 15:09:25.563,23589,23592,23592,1,1
2024-10-21 15:09:25.637,23590,23592,23590,2,-2
2024-10-21 15:09:25.637,23590,23592,23589,1,-1
2024-10-21 15:09:27.638,23589,23591,23589,3,-3
2024-10-21 15:09:27.639,23589,23591,23591,1,1
2024-10-21 15:09:27.640,23589,23591,23591,1,1
2024-10-21 15:09:27.985,23590,23591,23590,1,-1
2024-10-21 15:09:29.581,23591,23592,23591,1,-1
2024-10-21 15:09:29.640,23590,23593,23590,3,-3
2024-10-21 15:09:30.892,23590,23591,23590,1,-1
2024-10-21 15:09:31.184,23590,23591,23591,1,1
2024-10-21 15:09:31.184,23590,23591,23591,1,1
2024-10-21 15:09:31.442,23590,23593,23593,2,2
2024-10-21 15:09:31.443,23590,23593,23593,1,1
2024-10-21 15:09:31.443,23590,23593,23593,3,3
2024-10-21 15:09:31.610,23593,23595,23593,1,-1
2024-10-21 15:09:31.610,23593,23595,23592,1,-1
2024-10-21 15:09:31.638,23592,23595,23592,3,-3
2024-10-21 15:09:32.421,23591,23594,23594,3,3
2024-10-21 15:09:33.516,23593,23595,23595,2,2
2024-10-21 15:09:33.681,23593,23595,23593,3,-3
2024-10-21 15:09:35.675,23593,23595,23594,1,-1
2024-10-21 15:09:37.329,23593,23595,23596,3,3
2024-10-21 15:09:37.329,23593,23595,23595,6,6
2024-10-21 15:09:37.599,23594,23596,23596,1,1
2024-10-21 15:09:37.614,23594,23596,23596,2,2
2024-10-21 15:09:37.614,23594,23596,23596,2,2
2024-10-21 15:09:37.619,23594,23596,23597,3,3
2024-10-21 15:09:37.622,23594,23596,23597,1,1
2024-10-21 15:09:37.641,23594,23596,23598,2,2
2024-10-21 15:09:37.642,23594,23596,23598,1,1
2024-10-21 15:09:37.642,23594,23596,23598,1,1
2024-10-21 15:09:37.650,23594,23596,23598,4,4
2024-10-21 15:09:37.650,23594,23596,23599,8,8
2024-10-21 15:09:37.650,23594,23596,23600,3,3
2024-10-21 15:09:37.652,23594,23596,23600,3,3
2024-10-21 15:09:37.652,23594,23596,23600,5,5
2024-10-21 15:09:37.653,23594,23596,23601,2,2
2024-10-21 15:09:37.673,23594,23596,23602,4,4
2024-10-21 15:09:37.673,23594,23596,23602,1,1
2024-10-21 15:09:37.680,23594,23596,23603,1,1
2024-10-21 15:09:37.683,23594,23596,23603,2,2
2024-10-21 15:09:37.702,23594,23596,23604,1,1
2024-10-21 15:09:37.768,23603,23604,23604,1,1
2024-10-21 15:09:37.768,23603,23604,23604,6,6
2024-10-21 15:09:37.782,23603,23604,23604,2,2
2024-10-21 15:09:37.826,23603,23604,23602,1,-1
2024-10-21 15:09:37.836,23603,23604,23603,1,-1
2024-10-21 15:09:37.843,23603,23604,23603,1,-1
2024-10-21 15:09:37.850,23603,23604,23601,1,-1
2024-10-21 15:09:37.870,23603,23604,23601,1,-1
2024-10-21 15:09:37.880,23600,23602,23600,1,-1
2024-10-21 15:09:37.880,23600,23602,23602,1,1
2024-10-21 15:09:37.888,23600,23602,23600,1,-1
2024-10-21 15:09:37.960,23600,23602,23602,1,1
2024-10-21 15:09:38.047,23600,23602,23602,1,1
2024-10-21 15:09:38.336,23600,23601,23600,1,-1
2024-10-21 15:09:38.336,23600,23601,23600,2,-2
2024-10-21 15:09:38.374,23599,23601,23601,2,2
2024-10-21 15:09:38.849,23596,23597,23596,1,-1
2024-10-21 15:09:39.231,23596,23597,23597,1,1
2024-10-21 15:09:39.833,23598,23600,23600,1,1
2024-10-21 15:09:39.847,23598,23600,23600,1,1
2024-10-21 15:09:39.909,23599,23601,23599,1,-1
2024-10-21 15:09:40.184,23599,23601,23601,1,1
2024-10-21 15:09:40.438,23600,23602,23602,1,1
2024-10-21 15:09:41.240,23600,23602,23602,1,1
2024-10-21 15:09:41.316,23600,23602,23603,1,1
2024-10-21 15:09:41.622,23600,23602,23602,1,1
2024-10-21 15:09:42.051,23600,23602,23602,1,1
2024-10-21 15:09:43.169,23601,23603,23603,1,1
2024-10-21 15:09:43.170,23601,23603,23603,1,1
2024-10-21 15:09:43.170,23601,23603,23604,1,1
2024-10-21 15:09:43.170,23601,23603,23605,1,1
2024-10-21 15:09:43.330,23603,23605,23605,1,1
2024-10-21 15:09:43.372,23603,23605,23603,1,-1
2024-10-21 15:09:44.019,23603,23605,23605,3,3
2024-10-21 15:09:44.587,23603,23605,23605,1,1
2024-10-21 15:09:44.607,23603,23605,23605,2,2
2024-10-21 15:09:44.607,23603,23605,23605,2,2
2024-10-21 15:09:44.986,23605,23606,23606,1,1
2024-10-21 15:09:46.299,23605,23606,23605,1,-1
2024-10-21 15:09:47.288,23604,23606,23606,1,1
2024-10-21 15:09:47.688,23604,23606,23604,1,-1
2024-10-21 15:09:48.178,23604,23605,23604,1,-1
2024-10-21 15:09:48.396,23602,23603,23603,1,1
2024-10-21 15:09:49.136,23602,23603,23603,2,2
2024-10-21 15:09:49.139,23602,23603,23603,1,1
2024-10-21 15:09:49.144,23602,23603,23603,1,1
2024-10-21 15:09:49.147,23602,23603,23603,1,1
2024-10-21 15:09:49.147,23602,23603,23604,1,1
2024-10-21 15:09:49.240,23602,23603,23604,1,1
2024-10-21 15:09:49.769,23602,23605,23602,1,-1
2024-10-21 15:09:50.006,23602,23604,23602,1,-1
2024-10-21 15:09:50.491,23601,23603,23601,1,-1
2024-10-21 15:09:50.603,23601,23603,23603,1,1
2024-10-21 15:09:51.662,23602,23605,23602,1,-1
2024-10-21 15:09:52.229,23602,23605,23602,1,-1
2024-10-21 15:09:52.844,23601,23604,23601,1,-1
2024-10-21 15:09:52.949,23601,23603,23603,2,2
2024-10-21 15:09:52.950,23601,23603,23602,1,1
2024-10-21 15:09:54.019,23601,23603,23603,1,1
2024-10-21 15:09:55.275,23602,23604,23604,2,2
2024-10-21 15:09:55.740,23602,23604,23602,3,-3
2024-10-21 15:09:56.556,23601,23602,23602,1,1
2024-10-21 15:09:57.669,23603,23605,23605,3,3
2024-10-21 15:10:00.219,23605,23606,23606,5,5
2024-10-21 15:10:00.266,23605,23607,23607,1,1
2024-10-21 15:10:00.266,23605,23607,23607,1,1
2024-10-21 15:10:00.275,23605,23607,23607,1,1
2024-10-21 15:10:00.358,23605,23607,23607,1,1
2024-10-21 15:10:00.358,23605,23607,23607,1,1
2024-10-21 15:10:00.468,23606,23607,23607,1,1
2024-10-21 15:10:00.594,23606,23607,23607,2,2
2024-10-21 15:10:00.596,23606,23607,23608,1,1
2024-10-21 15:10:00.628,23606,23608,23608,1,1
2024-10-21 15:10:00.910,23606,23608,23608,1,1
2024-10-21 15:10:01.702,23606,23608,23606,1,-1
2024-10-21 15:10:01.749,23606,23608,23608,1,1
2024-10-21 15:10:01.750,23606,23608,23608,1,1
2024-10-21 15:10:02.244,23607,23608,23607,2,-2
2024-10-21 15:10:02.818,23606,23608,23606,1,-1
2024-10-21 15:10:04.051,23606,23608,23608,1,1
2024-10-21 15:10:04.525,23607,23608,23607,1,-1
2024-10-21 15:10:04.583,23607,23608,23607,1,-1
2024-10-21 15:10:05.085,23606,23607,23608,1,1
2024-10-21 15:10:05.395,23606,23608,23607,1,1
2024-10-21 15:10:05.677,23606,23608,23606,1,-1
2024-10-21 15:10:05.677,23606,23608,23606,4,-4
2024-10-21 15:10:05.919,23605,23607,23605,1,-1
2024-10-21 15:10:05.922,23605,23607,23606,1,-1
2024-10-21 15:10:06.386,23605,23606,23606,1,1
2024-10-21 15:10:06.441,23605,23606,23607,1,1
2024-10-21 15:10:06.661,23605,23607,23607,1,1
2024-10-21 15:10:06.800,23605,23607,23605,1,-1
2024-10-21 15:10:07.810,23604,23605,23605,1,1
2024-10-21 15:10:07.810,23604,23605,23605,2,2
2024-10-21 15:10:07.874,23604,23606,23606,1,1
2024-10-21 15:10:07.874,23604,23606,23607,1,1
2024-10-21 15:10:07.946,23604,23606,23606,1,1
2024-10-21 15:10:07.946,23604,23606,23607,1,1
2024-10-21 15:10:08.639,23605,23607,23607,1,1
2024-10-21 15:10:09.801,23604,23606,23605,1,1
2024-10-21 15:10:10.551,23604,23606,23606,1,1
2024-10-21 15:10:10.740,23604,23607,23607,1,1
2024-10-21 15:10:11.258,23604,23605,23604,2,-2
2024-10-21 15:10:12.081,23603,23606,23606,1,1
2024-10-21 15:10:12.089,23603,23606,23603,3,-3
2024-10-21 15:10:12.378,23603,23605,23605,1,1
2024-10-21 15:10:12.826,23603,23606,23605,3,3
2024-10-21 15:10:12.826,23603,23606,23606,2,2
2024-10-21 15:10:16.422,23603,23606,23604,1,-1
2024-10-21 15:10:16.624,23603,23604,23603,1,-1
2024-10-21 15:10:17.194,23603,23604,23604,1,1
2024-10-21 15:10:17.821,23603,23605,23603,1,-1
2024-10-21 15:10:22.676,23602,23603,23602,1,-1
2024-10-21 15:10:22.749,23602,23603,23603,1,1
2024-10-21 15:10:22.750,23602,23603,23603,1,1
2024-10-21 15:10:23.582,23602,23605,23603,1,-1
2024-10-21 15:10:24.846,23602,23605,23603,1,-1
2024-10-21 15:10:25.396,23603,23605,23605,1,1
2024-10-21 15:10:32.844,23602,23604,23602,2,-2
2024-10-21 15:10:32.847,23602,23604,23601,2,-2
2024-10-21 15:10:33.346,23600,23602,23601,2,-2
2024-10-21 15:10:33.375,23600,23602,23602,1,1
2024-10-21 15:10:33.375,23600,23602,23602,1,1
2024-10-21 15:10:33.375,23600,23602,23602,1,1
2024-10-21 15:10:33.375,23600,23602,23602,1,1
2024-10-21 15:10:33.376,23600,23602,23603,1,1
2024-10-21 15:10:33.376,23600,23602,23603,1,1
2024-10-21 15:10:33.377,23600,23602,23603,1,1
2024-10-21 15:10:33.477,23600,23602,23601,1,1
2024-10-21 15:10:33.551,23601,23603,23601,1,-1
2024-10-21 15:10:33.716,23601,23603,23601,1,-1
2024-10-21 15:10:34.531,23601,23603,23601,1,-1
2024-10-21 15:10:39.448,23601,23603,23601,1,-1
2024-10-21 15:10:42.661,23600,23602,23601,1,-1
2024-10-21 15:10:42.661,23600,23602,23600,13,-13
2024-10-21 15:10:42.665,23600,23602,23599,1,-1
2024-10-21 15:10:42.749,23598,23599,23599,1,1
2024-10-21 15:10:42.750,23598,23599,23600,1,1
2024-10-21 15:10:42.751,23598,23599,23601,1,1
2024-10-21 15:10:42.751,23598,23599,23601,1,1
2024-10-21 15:10:45.340,23598,23600,23598,1,-1
2024-10-21 15:10:47.469,23598,23601,23598,3,-3
2024-10-21 15:10:47.504,23597,23600,23600,1,1
2024-10-21 15:10:47.929,23597,23600,23598,1,-1
2024-10-21 15:10:49.652,23598,23600,23598,1,-1
2024-10-21 15:10:51.606,23597,23599,23597,2,-2
2024-10-21 15:10:52.584,23596,23598,23596,1,-1
2024-10-21 15:10:54.344,23596,23598,23598,1,1
2024-10-21 15:10:54.963,23596,23598,23596,1,-1
2024-10-21 15:10:59.696,23594,23596,23596,1,1
2024-10-21 15:11:00.228,23595,23597,23597,1,1
2024-10-21 15:11:00.290,23595,23597,23595,1,-1
2024-10-21 15:11:01.952,23595,23597,23592,4,-4
2024-10-21 15:11:01.952,23595,23597,23593,5,-5
2024-10-21 15:11:01.952,23595,23597,23595,4,-4
2024-10-21 15:11:01.952,23595,23597,23594,7,-7
2024-10-21 15:11:02.350,23592,23594,23593,1,-1
2024-10-21 15:11:02.351,23592,23594,23592,1,-1
2024-10-21 15:11:03.469,23591,23594,23594,1,1
2024-10-21 15:11:03.554,23591,23594,23591,1,-1
2024-10-21 15:11:03.554,23591,23594,23590,2,-2
2024-10-21 15:11:03.559,23591,23594,23592,1,-1
2024-10-21 15:11:05.695,23591,23593,23591,1,-1
2024-10-21 15:11:05.872,23590,23593,23593,1,1
2024-10-21 15:11:05.893,23590,23593,23592,1,1
2024-10-21 15:11:08.295,23590,23592,23592,1,1
2024-10-21 15:11:09.525,23590,23592,23590,2,-2
2024-10-21 15:11:11.048,23590,23591,23591,1,1
2024-10-21 15:11:11.237,23590,23591,23591,1,1
2024-10-21 15:11:11.888,23590,23592,23590,2,-2
2024-10-21 15:11:17.077,23589,23591,23589,2,-2
2024-10-21 15:11:17.077,23589,23591,23588,5,-5
2024-10-21 15:11:17.209,23588,23590,23588,2,-2
2024-10-21 15:11:17.209,23588,23590,23589,1,-1
2024-10-21 15:11:17.241,23588,23590,23587,1,-1
2024-10-21 15:11:18.243,23589,23590,23590,1,1
2024-10-21 15:11:18.309,23589,23590,23589,1,-1
2024-10-21 15:11:19.454,23588,23589,23589,1,1
2024-10-21 15:11:19.658,23589,23590,23589,1,-1
2024-10-21 15:11:20.210,23589,23590,23590,2,2
2024-10-21 15:11:21.226,23590,23591,23591,1,1
2024-10-21 15:11:22.754,23592,23593,23593,1,1
2024-10-21 15:11:24.784,23592,23595,23595,1,1
2024-10-21 15:11:31.189,23592,23594,23592,1,-1
2024-10-21 15:11:31.670,23589,23592,23592,1,1
2024-10-21 15:11:32.063,23591,23593,23591,1,-1
2024-10-21 15:11:35.473,23590,23593,23590,6,-6
2024-10-21 15:11:35.473,23590,23593,23589,7,-7
2024-10-21 15:11:35.473,23590,23593,23588,7,-7
2024-10-21 15:11:35.474,23590,23593,23588,1,-1
2024-10-21 15:11:35.552,23589,23590,23590,1,1
2024-10-21 15:11:38.074,23591,23592,23591,2,-2
2024-10-21 15:11:39.888,23591,23593,23591,3,-3
2024-10-21 15:11:40.196,23592,23594,23592,1,-1
2024-10-21 15:11:40.196,23592,23594,23591,2,-2
2024-10-21 15:11:40.196,23592,23594,23591,3,-3
2024-10-21 15:11:41.472,23590,23591,23590,2,-2
2024-10-21 15:11:41.472,23590,23591,23590,2,-2
2024-10-21 15:11:41.870,23589,23590,23589,1,-1
2024-10-21 15:11:42.215,23588,23589,23589,1,1
2024-10-21 15:11:43.163,23588,23590,23588,1,-1
2024-10-21 15:11:47.426,23588,23590,23589,1,-1
2024-10-21 15:11:49.061,23590,23591,23591,1,1
2024-10-21 15:11:49.067,23590,23591,23591,3,3
2024-10-21 15:11:49.067,23590,23591,23591,1,1
2024-10-21 15:11:55.328,23590,23593,23590,1,-1
2024-10-21 15:11:56.702,23591,23592,23591,1,-1
2024-10-21 15:11:57.217,23591,23592,23592,1,1
2024-10-21 15:12:00.590,23590,23593,23590,2,-2
2024-10-21 15:12:01.121,23590,23591,23591,1,1
2024-10-21 15:12:02.950,23590,23592,23590,4,-4
2024-10-21 15:12:02.950,23590,23592,23589,1,-1
2024-10-21 15:12:04.050,23590,23591,23591,1,1
2024-10-21 15:12:04.345,23590,23592,23592,3,3
2024-10-21 15:12:04.905,23592,23593,23592,1,-1
2024-10-21 15:12:07.639,23592,23593,23593,1,1
2024-10-21 15:12:09.959,23589,23592,23590,1,-1
2024-10-21 15:12:10.043,23589,23591,23589,1,-1
2024-10-21 15:12:10.074,23589,23591,23590,1,-1
2024-10-21 15:12:12.351,23588,23591,23588,1,-1
2024-10-21 15:12:18.406,23590,23593,23591,1,-1
2024-10-21 15:12:21.277,23590,23593,23590,1,-1
2024-10-21 15:12:22.829,23589,23592,23591,1,1
2024-10-21 15:12:23.851,23589,23592,23589,5,-5
2024-10-21 15:12:23.851,23589,23592,23588,2,-2
2024-10-21 15:12:25.486,23589,23591,23591,1,1
2024-10-21 15:12:31.210,23588,23590,23590,1,1
2024-10-21 15:12:32.703,23589,23590,23590,1,1
2024-10-21 15:12:34.101,23590,23591,23591,1,1
2024-10-21 15:12:34.101,23590,23591,23591,1,1
2024-10-21 15:12:34.101,23590,23591,23591,1,1
2024-10-21 15:12:41.065,23593,23594,23594,1,1
2024-10-21 15:12:41.066,23593,23594,23594,2,2
2024-10-21 15:12:42.363,23592,23595,23595,1,1
2024-10-21 15:12:43.782,23593,23595,23595,1,1
2024-10-21 15:12:53.429,23591,23593,23591,1,-1
2024-10-21 15:12:54.381,23591,23592,23591,3,-3
2024-10-21 15:12:59.795,23590,23591,23591,1,1
2024-10-21 15:13:08.730,23589,23590,23589,1,-1
2024-10-21 15:13:08.923,23589,23590,23589,1,-1
2024-10-21 15:13:09.179,23588,23590,23588,1,-1
2024-10-21 15:13:14.801,23588,23590,23590,1,1
2024-10-21 15:13:15.004,23589,23590,23587,4,-4
2024-10-21 15:13:15.004,23589,23590,23588,5,-5
2024-10-21 15:13:15.004,23589,23590,23589,1,-1
2024-10-21 15:13:15.521,23587,23588,23588,1,1
2024-10-21 15:13:18.244,23588,23589,23588,1,-1
2024-10-21 15:13:18.244,23587,23588,23588,1,1
2024-10-21 15:13:19.960,23587,23588,23588,2,2
2024-10-21 15:13:20.219,23587,23588,23588,2,2
2024-10-21 15:13:22.011,23587,23588,23587,1,-1
2024-10-21 15:13:22.953,23586,23588,23586,2,-2
2024-10-21 15:13:22.953,23586,23588,23586,1,-1
2024-10-21 15:13:22.953,23586,23588,23586,3,-3
2024-10-21 15:13:23.286,23585,23587,23585,1,-1
2024-10-21 15:13:23.402,23585,23586,23585,1,-1
2024-10-21 15:13:23.505,23585,23586,23585,1,-1
2024-10-21 15:13:24.438,23585,23586,23585,1,-1
2024-10-21 15:13:24.681,23585,23586,23586,1,1
2024-10-21 15:13:27.255,23585,23587,23585,2,-2
2024-10-21 15:13:27.256,23585,23587,23585,2,-2
2024-10-21 15:13:28.515,23583,23586,23583,1,-1
2024-10-21 15:13:29.564,23583,23584,23584,2,2
2024-10-21 15:13:29.802,23583,23585,23585,3,3
2024-10-21 15:13:29.999,23584,23587,23584,1,-1
2024-10-21 15:13:30.076,23584,23587,23584,1,-1
2024-10-21 15:13:30.544,23584,23587,23585,3,-3
2024-10-21 15:13:32.345,23584,23587,23586,1,1
2024-10-21 15:13:32.350,23584,23587,23586,1,1
2024-10-21 15:13:32.820,23585,23587,23585,1,-1
2024-10-21 15:13:32.823,23585,23587,23585,2,-2
2024-10-21 15:13:34.341,23586,23587,23587,2,2
2024-10-21 15:13:34.341,23586,23587,23587,1,1
2024-10-21 15:13:34.543,23586,23588,23587,1,1
2024-10-21 15:13:34.543,23586,23588,23586,2,-2
2024-10-21 15:13:35.029,23586,23588,23587,1,-1
2024-10-21 15:13:35.130,23586,23588,23587,2,-2
2024-10-21 15:13:36.342,23586,23588,23588,1,1
2024-10-21 15:13:36.342,23586,23588,23588,2,2
2024-10-21 15:13:36.586,23588,23590,23588,3,-3
2024-10-21 15:13:38.545,23587,23589,23589,2,2
2024-10-21 15:13:44.325,23585,23587,23587,2,2
2024-10-21 15:13:44.548,23588,23590,23588,1,-1
2024-10-21 15:13:44.864,23587,23590,23589,2,2
2024-10-21 15:13:46.005,23587,23590,23590,3,3
2024-10-21 15:13:47.511,23589,23592,23589,1,-1
2024-10-21 15:13:55.326,23587,23590,23590,1,1
2024-10-21 15:14:07.367,23591,23592,23592,2,2
2024-10-21 15:14:08.473,23591,23592,23591,1,-1
2024-10-21 15:14:08.591,23590,23591,23590,2,-2
2024-10-21 15:14:08.591,23590,23591,23590,4,-4
2024-10-21 15:14:08.651,23587,23590,23590,1,1
2024-10-21 15:14:12.142,23587,23590,23587,6,-6
2024-10-21 15:14:13.595,23586,23587,23586,3,-3
2024-10-21 15:14:22.609,23586,23589,23586,1,-1
2024-10-21 15:14:23.390,23586,23588,23586,1,-1
2024-10-21 15:14:23.841,23585,23587,23585,1,-1
2024-10-21 15:14:23.841,23585,23587,23585,2,-2
2024-10-21 15:14:28.828,23584,23585,23584,2,-2
2024-10-21 15:14:28.828,23584,23585,23583,1,-1
2024-10-21 15:14:29.132,23583,23584,23583,1,-1
2024-10-21 15:14:29.132,23583,23584,23583,1,-1
2024-10-21 15:14:29.132,23583,23584,23583,1,-1
2024-10-21 15:14:29.132,23583,23584,23583,6,-6
2024-10-21 15:14:30.229,23582,23583,23583,1,1
2024-10-21 15:14:33.100,23582,23583,23583,1,1
2024-10-21 15:14:33.870,23583,23586,23584,1,-1
2024-10-21 15:15:00.217,23584,23585,23585,3,3
2024-10-21 15:15:00.390,23584,23586,23586,1,1
2024-10-21 15:15:00.396,23584,23586,23587,4,4
2024-10-21 15:15:00.396,23584,23586,23586,1,1
2024-10-21 15:15:00.396,23584,23586,23588,7,7
2024-10-21 15:15:00.652,23587,23590,23587,1,-1
2024-10-21 15:15:00.771,23586,23588,23585,1,-1
2024-10-21 15:15:00.771,23586,23588,23586,1,-1
2024-10-21 15:15:01.028,23585,23588,23588,1,1
2024-10-21 15:15:01.028,23585,23588,23588,1,1
2024-10-21 15:15:01.687,23587,23588,23588,1,1
2024-10-21 15:15:02.477,23589,23590,23589,2,-2
2024-10-21 15:15:02.624,23587,23588,23588,1,1
2024-10-21 15:15:06.666,23589,23590,23590,1,1
2024-10-21 15:15:12.484,23589,23591,23590,1,1
2024-10-21 15:15:13.232,23590,23591,23591,1,1
2024-10-21 15:15:16.874,23592,23593,23592,1,-1
2024-10-21 15:15:29.533,23592,23593,23593,1,1
2024-10-21 15:15:35.273,23592,23594,23594,2,2
2024-10-21 15:15:36.495,23593,23595,23593,1,-1
2024-10-21 15:15:36.564,23592,23595,23591,1,-1
2024-10-21 15:15:38.002,23588,23589,23589,2,2
2024-10-21 15:15:38.789,23588,23590,23588,2,-2
2024-10-21 15:15:43.025,23589,23590,23588,1,-1
2024-10-21 15:15:43.025,23589,23590,23589,2,-2
2024-10-21 15:15:43.026,23589,23590,23588,3,-3
2024-10-21 15:15:43.026,23589,23590,23587,1,-1
2024-10-21 15:15:43.262,23588,23590,23588,3,-3
2024-10-21 15:15:45.439,23588,23590,23590,1,1
2024-10-21 15:15:45.439,23588,23590,23590,1,1
2024-10-21 15:15:45.640,23590,23591,23590,1,-1
2024-10-21 15:15:45.640,23590,23591,23589,2,-2
2024-10-21 15:15:45.645,23590,23591,23589,2,-2
2024-10-21 15:15:45.645,23590,23591,23588,1,-1
2024-10-21 15:15:49.262,23588,23589,23588,1,-1
2024-10-21 15:15:55.917,23584,23587,23585,1,-1
2024-10-21 15:16:00.694,23584,23586,23586,1,1
2024-10-21 15:16:00.754,23584,23587,23587,1,1
2024-10-21 15:16:00.761,23584,23587,23586,1,1
2024-10-21 15:16:00.763,23584,23587,23589,3,3
2024-10-21 15:16:00.763,23584,23587,23589,5,5
2024-10-21 15:16:00.763,23584,23587,23588,4,4
2024-10-21 15:16:00.763,23584,23587,23587,1,1
2024-10-21 15:16:00.765,23584,23587,23590,1,1
2024-10-21 15:16:00.765,23584,23587,23591,1,1
2024-10-21 15:16:05.179,23587,23590,23587,1,-1
2024-10-21 15:16:05.250,23587,23590,23590,2,2
2024-10-21 15:16:07.820,23589,23591,23589,1,-1
2024-10-21 15:16:08.797,23588,23591,23588,1,-1
2024-10-21 15:16:08.874,23588,23590,23590,1,1
2024-10-21 15:16:12.300,23590,23591,23591,1,1
2024-10-21 15:16:12.300,23590,23591,23592,1,1
2024-10-21 15:16:12.375,23592,23593,23593,1,1
2024-10-21 15:16:12.886,23592,23595,23592,1,-1
2024-10-21 15:16:14.093,23593,23595,23593,1,-1
2024-10-21 15:16:14.093,23593,23595,23592,2,-2
2024-10-21 15:16:17.257,23592,23595,23595,1,1
2024-10-21 15:16:17.449,23592,23595,23595,1,1
2024-10-21 15:16:21.240,23592,23594,23594,1,1
2024-10-21 15:16:21.250,23592,23594,23595,1,1
2024-10-21 15:16:21.251,23592,23594,23595,2,2
2024-10-21 15:16:21.251,23592,23594,23595,2,2
2024-10-21 15:16:21.253,23592,23594,23597,1,1
2024-10-21 15:16:26.564,23595,23597,23597,1,1
2024-10-21 15:16:26.626,23595,23597,23597,1,1
2024-10-21 15:16:26.626,23595,23597,23597,2,2
2024-10-21 15:16:26.929,23596,23598,23598,1,1
2024-10-21 15:16:29.637,23595,23597,23595,1,-1
2024-10-21 15:16:29.750,23593,23595,23596,1,1
2024-10-21 15:16:29.750,23593,23595,23596,1,1
2024-10-21 15:16:29.751,23593,23595,23596,1,1
2024-10-21 15:16:29.751,23593,23595,23597,1,1
2024-10-21 15:16:29.751,23593,23595,23597,1,1
2024-10-21 15:16:30.722,23595,23597,23595,1,-1
2024-10-21 15:16:32.429,23595,23597,23597,1,1
2024-10-21 15:16:39.155,23596,23598,23598,3,3
2024-10-21 15:16:39.155,23596,23598,23598,1,1
2024-10-21 15:16:39.155,23596,23598,23598,1,1
2024-10-21 15:16:39.854,23597,23599,23599,1,1
2024-10-21 15:16:41.285,23597,23599,23597,1,-1
2024-10-21 15:16:41.375,23596,23598,23598,1,1
2024-10-21 15:16:41.616,23596,23598,23596,1,-1
2024-10-21 15:16:46.074,23595,23596,23596,2,2
2024-10-21 15:16:46.075,23595,23596,23597,1,1
2024-10-21 15:16:51.673,23597,23599,23599,2,2
2024-10-21 15:16:51.674,23597,23599,23600,2,2
2024-10-21 15:16:51.674,23597,23599,23600,2,2
2024-10-21 15:16:51.695,23597,23599,23599,2,2
2024-10-21 15:16:51.750,23599,23600,23600,1,1
2024-10-21 15:16:51.750,23599,23600,23600,1,1
2024-10-21 15:16:51.807,23599,23600,23600,2,2
2024-10-21 15:16:51.807,23599,23600,23599,2,-2
2024-10-21 15:16:54.743,23600,23601,23600,1,-1
2024-10-21 15:16:55.463,23600,23601,23600,1,-1
2024-10-21 15:17:00.806,23598,23600,23599,1,-1
2024-10-21 15:17:00.824,23598,23600,23598,1,-1
2024-10-21 15:17:01.032,23596,23598,23596,1,-1
2024-10-21 15:17:01.033,23596,23598,23596,1,-1
2024-10-21 15:17:01.124,23594,23597,23597,1,1
2024-10-21 15:17:07.500,23595,23597,23597,1,1
2024-10-21 15:17:15.677,23595,23598,23598,1,1
2024-10-21 15:17:17.273,23596,23598,23596,1,-1
2024-10-21 15:17:25.434,23595,23598,23595,2,-2
2024-10-21 15:17:26.608,23594,23597,23594,1,-1
2024-10-21 15:17:28.339,23594,23596,23594,1,-1
2024-10-21 15:17:33.826,23593,23596,23596,1,1
2024-10-21 15:17:42.246,23594,23596,23596,1,1
2024-10-21 15:17:44.784,23594,23597,23596,1,1
2024-10-21 15:17:44.784,23594,23597,23597,1,1
2024-10-21 15:17:46.864,23591,23593,23593,1,1
2024-10-21 15:17:46.929,23591,23594,23594,1,1
2024-10-21 15:17:51.214,23592,23595,23594,1,1
2024-10-21 15:17:59.913,23591,23593,23593,1,1
2024-10-21 15:18:00.125,23592,23594,23594,1,1
2024-10-21 15:18:00.255,23593,23595,23595,1,1
2024-10-21 15:18:00.255,23593,23595,23596,1,1
2024-10-21 15:18:00.255,23593,23595,23596,1,1
2024-10-21 15:18:00.256,23593,23595,23596,1,1
2024-10-21 15:18:00.440,23596,23598,23598,1,1
2024-10-21 15:18:00.464,23596,23598,23597,1,1
2024-10-21 15:18:11.071,23594,23596,23596,2,2
2024-10-21 15:18:11.071,23594,23596,23597,3,3
2024-10-21 15:18:16.660,23594,23596,23596,1,1
2024-10-21 15:18:16.750,23594,23597,23597,1,1
2024-10-21 15:18:16.751,23594,23597,23597,1,1
2024-10-21 15:18:17.378,23594,23595,23594,1,-1
2024-10-21 15:18:24.463,23590,23592,23590,4,-4
2024-10-21 15:18:24.499,23589,23592,23592,1,1
2024-10-21 15:18:24.499,23589,23592,23592,1,1
2024-10-21 15:18:24.499,23589,23592,23592,1,1
2024-10-21 15:18:24.500,23589,23592,23593,1,1
2024-10-21 15:18:24.977,23591,23593,23594,1,1
2024-10-21 15:18:29.795,23591,23593,23593,1,1
2024-10-21 15:18:33.653,23591,23593,23591,1,-1
2024-10-21 15:18:33.653,23591,23593,23590,1,-1
2024-10-21 15:18:33.751,23590,23593,23593,1,1
2024-10-21 15:18:38.716,23591,23593,23593,1,1
2024-10-21 15:18:38.911,23591,23594,23591,1,-1
2024-10-21 15:18:40.263,23591,23593,23591,1,-1
2024-10-21 15:18:40.562,23590,23591,23591,2,2
2024-10-21 15:18:44.985,23590,23592,23591,1,1
2024-10-21 15:18:44.985,23590,23592,23590,1,-1
2024-10-21 15:18:46.333,23589,23591,23589,1,-1
2024-10-21 15:18:46.375,23588,23590,23590,1,1
2024-10-21 15:18:46.376,23588,23590,23591,1,1
2024-10-21 15:18:48.160,23588,23591,23590,1,1
2024-10-21 15:18:50.393,23588,23590,23588,1,-1
2024-10-21 15:18:58.641,23588,23590,23588,1,-1
2024-10-21 15:19:02.859,23588,23590,23589,1,-1
2024-10-21 15:19:03.029,23588,23589,23589,1,1
2024-10-21 15:19:07.957,23588,23590,23590,2,2
2024-10-21 15:19:18.463,23588,23591,23588,1,-1
2024-10-21 15:19:21.337,23588,23591,23588,1,-1
2024-10-21 15:19:36.523,23589,23591,23591,2,2
2024-10-21 15:19:36.523,23589,23591,23591,2,2
2024-10-21 15:19:36.524,23589,23591,23591,2,2
2024-10-21 15:19:36.545,23589,23591,23591,1,1
2024-10-21 15:19:36.731,23590,23592,23592,1,1
2024-10-21 15:19:41.665,23591,23593,23593,1,1
2024-10-21 15:19:42.122,23592,23593,23592,1,-1
2024-10-21 15:19:42.244,23592,23593,23593,1,1
2024-10-21 15:19:46.522,23592,23594,23592,1,-1
2024-10-21 15:19:51.326,23593,23594,23593,1,-1
2024-10-21 15:19:51.679,23593,23594,23594,2,2
2024-10-21 15:19:51.679,23593,23594,23594,1,1
2024-10-21 15:19:59.181,23593,23595,23595,2,2
2024-10-21 15:20:00.101,23594,23596,23594,1,-1
2024-10-21 15:20:00.136,23594,23596,23596,1,1
2024-10-21 15:20:00.138,23594,23596,23597,1,1
2024-10-21 15:20:00.138,23594,23596,23597,1,1
2024-10-21 15:20:00.294,23596,23598,23596,2,-2
2024-10-21 15:20:00.294,23596,23598,23595,1,-1
2024-10-21 15:20:00.740,23595,23598,23598,1,1
2024-10-21 15:20:01.228,23595,23598,23598,2,2
2024-10-21 15:20:01.250,23596,23598,23598,1,1
2024-10-21 15:20:04.841,23595,23597,23597,1,1
2024-10-21 15:20:06.314,23595,23598,23598,1,1
2024-10-21 15:20:07.773,23597,23598,23598,1,1
2024-10-21 15:20:07.874,23597,23599,23599,1,1
2024-10-21 15:20:07.879,23597,23599,23600,1,1
2024-10-21 15:20:08.241,23599,23600,23600,1,1
2024-10-21 15:20:08.241,23599,23600,23600,1,1
2024-10-21 15:20:10.808,23597,23600,23600,1,1
2024-10-21 15:20:12.553,23598,23601,23598,1,-1
2024-10-21 15:20:18.992,23595,23596,23595,1,-1
2024-10-21 15:20:22.070,23591,23594,23594,1,1
2024-10-21 15:20:22.125,23591,23594,23594,1,1
2024-10-21 15:20:22.125,23591,23594,23594,1,1
2024-10-21 15:20:35.959,23592,23593,23592,2,-2
2024-10-21 15:20:37.951,23590,23592,23590,1,-1
2024-10-21 15:20:37.951,23590,23592,23590,1,-1
2024-10-21 15:20:38.000,23589,23592,23592,1,1
2024-10-21 15:20:38.001,23589,23592,23592,1,1
2024-10-21 15:20:45.087,23591,23594,23591,1,-1
2024-10-21 15:20:46.491,23591,23594,23594,1,1
2024-10-21 15:20:46.760,23592,23593,23593,1,1
2024-10-21 15:20:54.182,23590,23593,23590,1,-1
2024-10-21 15:21:06.859,23590,23593,23591,1,-1
2024-10-21 15:21:07.039,23590,23592,23592,1,1
2024-10-21 15:21:17.577,23590,23592,23592,1,1
2024-10-21 15:21:19.465,23591,23593,23593,1,1
2024-10-21 15:21:19.465,23591,23593,23593,2,2
2024-10-21 15:21:19.465,23591,23593,23593,1,1
2024-10-21 15:21:19.465,23591,23593,23593,1,1
2024-10-21 15:21:19.465,23591,23593,23593,1,1
2024-10-21 15:21:32.982,23596,23598,23598,1,1
2024-10-21 15:21:32.983,23596,23598,23598,1,1
2024-10-21 15:21:34.030,23596,23599,23596,1,-1
2024-10-21 15:21:35.184,23596,23598,23596,1,-1
2024-10-21 15:21:38.769,23596,23599,23599,2,2
2024-10-21 15:21:39.015,23599,23600,23600,1,1
2024-10-21 15:21:39.015,23599,23600,23600,2,2
2024-10-21 15:21:39.015,23599,23600,23600,1,1
2024-10-21 15:21:42.879,23600,23601,23601,1,1
2024-10-21 15:21:44.591,23600,23602,23601,1,1
2024-10-21 15:21:46.850,23601,23602,23602,1,1
2024-10-21 15:21:50.512,23601,23602,23601,2,-2
2024-10-21 15:21:50.535,23601,23602,23600,1,-1
2024-10-21 15:21:56.271,23598,23601,23601,1,1
2024-10-21 15:22:01.826,23600,23601,23601,2,2
2024-10-21 15:22:02.680,23601,23602,23602,2,2
2024-10-21 15:22:02.766,23602,23603,23603,2,2
2024-10-21 15:22:02.766,23602,23603,23603,1,1
2024-10-21 15:22:03.807,23603,23604,23604,1,1
2024-10-21 15:22:03.808,23603,23604,23605,8,8
2024-10-21 15:22:04.742,23603,23605,23604,1,1
2024-10-21 15:22:04.796,23603,23605,23605,1,1
2024-10-21 15:22:06.260,23603,23606,23606,1,1
2024-10-21 15:22:06.402,23604,23606,23606,1,1
2024-10-21 15:22:06.566,23604,23607,23604,1,-1
2024-10-21 15:22:06.648,23603,23606,23606,1,1
2024-10-21 15:22:06.736,23603,23606,23606,1,1
2024-10-21 15:22:07.418,23604,23606,23606,1,1
2024-10-21 15:22:13.136,23606,23607,23607,3,3
2024-10-21 15:22:13.136,23606,23607,23608,8,8
2024-10-21 15:22:13.326,23607,23609,23609,1,1
2024-10-21 15:22:13.326,23607,23609,23609,1,1
2024-10-21 15:22:13.383,23608,23609,23609,3,3
2024-10-21 15:22:13.383,23608,23609,23609,1,1
2024-10-21 15:22:14.008,23608,23610,23608,1,-1
2024-10-21 15:22:14.452,23608,23609,23609,1,1
2024-10-21 15:22:14.977,23608,23609,23608,1,-1
2024-10-21 15:22:18.840,23607,23609,23609,5,5
2024-10-21 15:22:18.840,23607,23609,23610,5,5
2024-10-21 15:22:19.081,23607,23610,23610,1,1
2024-10-21 15:22:19.469,23608,23610,23610,1,1
2024-10-21 15:22:19.583,23608,23610,23608,1,-1
2024-10-21 15:22:19.782,23607,23608,23608,1,1
2024-10-21 15:22:20.483,23607,23609,23607,1,-1
2024-10-21 15:22:20.564,23606,23608,23608,1,1
2024-10-21 15:22:21.118,23606,23608,23606,1,-1
2024-10-21 15:22:21.170,23605,23607,23607,1,1
2024-10-21 15:22:21.379,23605,23607,23604,1,-1
2024-10-21 15:22:21.379,23605,23607,23605,1,-1
2024-10-21 15:22:23.002,23604,23606,23606,1,1
2024-10-21 15:22:26.937,23605,23606,23605,1,-1
2024-10-21 15:22:33.885,23602,23605,23602,1,-1
2024-10-21 15:22:35.907,23602,23603,23602,2,-2
2024-10-21 15:22:37.629,23601,23602,23602,1,1
2024-10-21 15:22:38.926,23601,23603,23601,1,-1
2024-10-21 15:22:39.917,23600,23602,23601,1,-1
2024-10-21 15:22:40.260,23600,23602,23600,2,-2
2024-10-21 15:22:40.260,23600,23602,23600,1,-1
2024-10-21 15:22:41.984,23599,23601,23599,1,-1
2024-10-21 15:22:46.875,23596,23597,23597,1,1
2024-10-21 15:22:49.571,23596,23599,23596,3,-3
2024-10-21 15:22:49.723,23595,23596,23595,1,-1
2024-10-21 15:22:49.723,23595,23596,23595,1,-1
2024-10-21 15:22:54.081,23593,23595,23593,1,-1
2024-10-21 15:22:55.299,23593,23595,23593,1,-1
2024-10-21 15:22:57.701,23593,23595,23592,1,-1
2024-10-21 15:22:57.701,23593,23595,23593,1,-1
2024-10-21 15:22:59.440,23593,23596,23593,2,-2
2024-10-21 15:23:03.699,23594,23597,23594,1,-1
2024-10-21 15:23:03.948,23595,23596,23595,1,-1
2024-10-21 15:23:03.971,23595,23596,23594,1,-1
2024-10-21 15:23:05.746,23594,23595,23595,1,1
2024-10-21 15:23:05.746,23594,23595,23595,1,1
2024-10-21 15:23:05.748,23594,23595,23596,1,1
2024-10-21 15:23:05.947,23596,23598,23596,1,-1
2024-10-21 15:23:05.947,23596,23598,23595,2,-2
2024-10-21 15:23:05.947,23596,23598,23595,2,-2
2024-10-21 15:23:05.947,23596,23598,23594,1,-1
2024-10-21 15:23:16.866,23596,23599,23599,1,1
2024-10-21 15:23:23.108,23598,23599,23598,1,-1
2024-10-21 15:23:32.639,23597,23599,23597,1,-1
2024-10-21 15:23:39.379,23596,23597,23596,1,-1
2024-10-21 15:23:44.355,23595,23597,23595,1,-1
2024-10-21 15:23:48.976,23595,23596,23595,1,-1
2024-10-21 15:24:02.887,23594,23595,23594,1,-1
2024-10-21 15:24:08.220,23593,23595,23593,1,-1
2024-10-21 15:24:10.753,23592,23593,23592,1,-1
2024-10-21 15:24:15.429,23592,23595,23592,1,-1
2024-10-21 15:24:25.867,23593,23594,23593,2,-2
2024-10-21 15:24:37.765,23592,23593,23592,1,-1
2024-10-21 15:24:38.161,23591,23593,23591,1,-1
2024-10-21 15:24:38.833,23590,23591,23590,7,-7
2024-10-21 15:24:39.517,23589,23590,23590,1,1
2024-10-21 15:24:39.555,23589,23590,23590,1,1
2024-10-21 15:24:39.655,23589,23590,23589,1,-1
2024-10-21 15:24:40.204,23589,23590,23590,2,2
2024-10-21 15:24:40.267,23590,23593,23590,1,-1
2024-10-21 15:24:40.760,23590,23593,23590,1,-1
2024-10-21 15:24:43.410,23590,23592,23590,1,-1
2024-10-21 15:24:50.292,23589,23592,23589,1,-1
2024-10-21 15:24:52.579,23589,23592,23592,1,1
2024-10-21 15:24:55.560,23590,23593,23590,2,-2
2024-10-21 15:24:58.951,23589,23591,23589,2,-2
2024-10-21 15:24:59.659,23588,23590,23590,1,1
2024-10-21 15:25:01.427,23588,23590,23588,1,-1
2024-10-21 15:25:01.427,23588,23590,23588,5,-5
2024-10-21 15:25:02.440,23586,23588,23589,1,1
2024-10-21 15:25:03.335,23586,23587,23586,5,-5
2024-10-21 15:25:03.456,23585,23587,23585,1,-1
2024-10-21 15:25:04.333,23585,23587,23587,1,1
2024-10-21 15:25:05.036,23586,23589,23586,1,-1
2024-10-21 15:25:06.453,23586,23588,23586,1,-1
2024-10-21 15:25:07.480,23585,23586,23586,1,1
2024-10-21 15:25:12.154,23585,23586,23585,5,-5
2024-10-21 15:25:12.155,23585,23586,23585,5,-5
2024-10-21 15:25:13.066,23584,23585,23585,1,1
2024-10-21 15:25:13.066,23584,23585,23586,1,1
2024-10-21 15:25:13.178,23584,23586,23584,1,-1
2024-10-21 15:25:14.507,23584,23585,23584,2,-2
2024-10-21 15:25:14.507,23584,23585,23584,1,-1
2024-10-21 15:25:15.493,23583,23584,23583,1,-1
2024-10-21 15:25:16.795,23583,23584,23583,2,-2
2024-10-21 15:25:17.313,23582,23583,23582,1,-1
2024-10-21 15:25:17.314,23582,23583,23582,2,-2
2024-10-21 15:25:17.405,23581,23583,23581,4,-4
2024-10-21 15:25:17.405,23581,23583,23580,1,-1
2024-10-21 15:25:17.526,23580,23583,23580,2,-2
2024-10-21 15:25:17.621,23581,23583,23581,2,-2
2024-10-21 15:25:18.695,23580,23582,23580,5,-5
2024-10-21 15:25:18.696,23580,23582,23579,4,-4
2024-10-21 15:25:19.329,23578,23579,23578,1,-1
2024-10-21 15:25:19.905,23578,23579,23578,1,-1
2024-10-21 15:25:20.009,23578,23579,23578,1,-1
2024-10-21 15:25:20.242,23578,23579,23579,1,1
2024-10-21 15:25:20.249,23578,23580,23578,3,-3
2024-10-21 15:25:20.250,23578,23580,23578,5,-5
2024-10-21 15:25:20.251,23578,23580,23578,1,-1
2024-10-21 15:25:20.707,23578,23579,23578,1,-1
2024-10-21 15:25:21.036,23577,23580,23580,4,4
2024-10-21 15:25:23.814,23578,23579,23579,1,1
2024-10-21 15:25:23.814,23578,23579,23579,1,1
2024-10-21 15:25:23.942,23578,23580,23578,1,-1
2024-10-21 15:25:24.737,23578,23579,23578,1,-1
2024-10-21 15:25:28.421,23577,23579,23579,1,1
2024-10-21 15:25:32.223,23578,23579,23579,1,1
2024-10-21 15:25:32.223,23578,23579,23579,1,1
2024-10-21 15:25:32.605,23579,23580,23579,1,-1
2024-10-21 15:25:32.605,23579,23580,23578,1,-1
2024-10-21 15:25:34.995,23578,23580,23578,1,-1
2024-10-21 15:25:40.228,23578,23580,23577,1,-1
2024-10-21 15:25:40.766,23576,23577,23576,2,-2
2024-10-21 15:25:40.766,23576,23577,23575,1,-1
2024-10-21 15:25:41.186,23575,23577,23575,1,-1
2024-10-21 15:25:41.186,23575,23577,23575,1,-1
2024-10-21 15:25:41.566,23574,23575,23575,1,1
2024-10-21 15:25:42.638,23576,23577,23576,1,-1
2024-10-21 15:25:47.753,23575,23576,23575,1,-1
2024-10-21 15:25:47.981,23574,23576,23575,1,-1
2024-10-21 15:25:48.769,23574,23575,23574,1,-1
2024-10-21 15:25:48.769,23574,23575,23574,2,-2
2024-10-21 15:25:48.770,23574,23575,23574,2,-2
2024-10-21 15:25:50.208,23573,23574,23573,1,-1
2024-10-21 15:25:50.315,23573,23574,23573,1,-1
2024-10-21 15:25:50.315,23573,23574,23573,3,-3
2024-10-21 15:25:52.080,23572,23573,23572,1,-1
2024-10-21 15:25:52.081,23572,23573,23572,1,-1
2024-10-21 15:25:52.081,23572,23573,23572,1,-1
2024-10-21 15:25:53.035,23571,23572,23571,2,-2
2024-10-21 15:25:53.035,23571,23572,23571,4,-4
2024-10-21 15:25:53.035,23571,23572,23571,1,-1
2024-10-21 15:25:53.035,23571,23572,23571,1,-1
2024-10-21 15:25:55.233,23570,23571,23570,4,-4
2024-10-21 15:25:55.265,23570,23571,23570,1,-1
2024-10-21 15:25:55.275,23570,23571,23570,1,-1
2024-10-21 15:25:55.310,23570,23571,23569,1,-1
2024-10-21 15:25:55.365,23570,23571,23569,1,-1
2024-10-21 15:25:55.710,23569,23570,23569,3,-3
2024-10-21 15:25:57.133,23569,23570,23569,1,-1
2024-10-21 15:25:57.133,23569,23570,23569,1,-1
2024-10-21 15:25:57.763,23568,23570,23570,1,1
2024-10-21 15:25:57.808,23568,23570,23570,1,1
2024-10-21 15:25:57.891,23570,23571,23570,1,-1
2024-10-21 15:25:58.172,23569,23571,23569,1,-1
2024-10-21 15:25:58.950,23568,23571,23571,1,1
2024-10-21 15:26:00.904,23570,23571,23571,1,1
2024-10-21 15:26:00.959,23570,23571,23571,1,1
2024-10-21 15:26:04.023,23571,23572,23569,3,-3
2024-10-21 15:26:04.023,23571,23572,23570,2,-2
2024-10-21 15:26:04.023,23571,23572,23571,1,-1
2024-10-21 15:26:04.198,23569,23571,23569,1,-1
2024-10-21 15:26:04.293,23568,23570,23570,1,1
2024-10-21 15:26:06.293,23568,23569,23569,1,1
2024-10-21 15:26:06.338,23568,23569,23570,1,1
2024-10-21 15:26:09.723,23569,23570,23569,1,-1
2024-10-21 15:26:09.723,23569,23570,23568,1,-1
2024-10-21 15:26:09.957,23568,23570,23570,2,2
2024-10-21 15:26:10.033,23568,23571,23568,1,-1
2024-10-21 15:26:11.385,23569,23570,23570,1,1
2024-10-21 15:26:12.712,23571,23573,23571,4,-4
2024-10-21 15:26:12.712,23571,23573,23570,2,-2
2024-10-21 15:26:13.888,23570,23573,23570,4,-4
2024-10-21 15:26:13.888,23570,23573,23569,2,-2
2024-10-21 15:26:16.102,23570,23573,23570,2,-2
2024-10-21 15:26:16.102,23570,23573,23569,4,-4
2024-10-21 15:26:16.138,23569,23571,23567,2,-2
2024-10-21 15:26:16.138,23569,23571,23569,1,-1
2024-10-21 15:26:16.138,23569,23571,23568,7,-7
2024-10-21 15:26:16.303,23566,23569,23568,1,1
2024-10-21 15:26:16.672,23569,23570,23569,1,-1
2024-10-21 15:26:16.672,23569,23570,23568,2,-2
2024-10-21 15:26:16.672,23569,23570,23567,3,-3
2024-10-21 15:26:17.407,23567,23570,23567,1,-1
2024-10-21 15:26:17.844,23568,23570,23568,1,-1
2024-10-21 15:26:17.844,23568,23570,23568,2,-2
2024-10-21 15:26:18.027,23567,23570,23567,1,-1
2024-10-21 15:26:18.909,23567,23570,23570,1,1
2024-10-21 15:26:19.264,23569,23570,23569,1,-1
2024-10-21 15:26:19.264,23569,23570,23568,3,-3
2024-10-21 15:26:19.264,23569,23570,23567,2,-2
2024-10-21 15:26:20.845,23567,23568,23568,2,2
2024-10-21 15:26:21.070,23568,23570,23568,6,-6
2024-10-21 15:26:22.033,23568,23569,23568,1,-1
2024-10-21 15:26:22.115,23568,23569,23568,1,-1
2024-10-21 15:26:22.888,23568,23570,23568,3,-3
2024-10-21 15:26:23.200,23568,23569,23568,1,-1
2024-10-21 15:26:23.200,23568,23569,23566,5,-5
2024-10-21 15:26:23.588,23566,23568,23566,1,-1
2024-10-21 15:26:23.741,23566,23567,23567,1,1
2024-10-21 15:26:26.884,23567,23569,23567,1,-1
2024-10-21 15:26:26.884,23567,23569,23566,3,-3
2024-10-21 15:26:27.076,23565,23568,23567,1,1
2024-10-21 15:26:27.076,23565,23568,23566,1,-1
2024-10-21 15:26:27.076,23565,23568,23565,1,-1
2024-10-21 15:26:27.159,23565,23568,23566,1,-1
2024-10-21 15:26:33.257,23568,23569,23569,1,1
2024-10-21 15:26:33.333,23568,23569,23570,1,1
2024-10-21 15:26:33.764,23569,23570,23569,1,-1
2024-10-21 15:26:33.764,23569,23570,23568,3,-3
2024-10-21 15:26:33.764,23569,23570,23567,5,-5
2024-10-21 15:26:39.621,23567,23569,23569,1,1
2024-10-21 15:26:40.960,23569,23570,23570,1,1
2024-10-21 15:26:41.093,23569,23571,23571,1,1
2024-10-21 15:26:42.580,23570,23572,23572,1,1
2024-10-21 15:26:44.717,23571,23572,23573,4,4
2024-10-21 15:26:44.717,23571,23572,23574,1,1
2024-10-21 15:26:45.331,23571,23573,23573,1,1
2024-10-21 15:26:45.331,23571,23573,23574,1,1
2024-10-21 15:26:45.949,23571,23574,23574,1,1
2024-10-21 15:26:47.351,23571,23574,23574,1,1
2024-10-21 15:26:48.331,23571,23574,23574,1,1
2024-10-21 15:26:48.876,23571,23574,23574,1,1
2024-10-21 15:26:56.631,23574,23576,23576,1,1
2024-10-21 15:26:56.632,23574,23576,23576,1,1
2024-10-21 15:26:56.706,23574,23576,23575,1,1
2024-10-21 15:26:59.817,23574,23577,23577,1,1
2024-10-21 15:27:02.130,23575,23576,23575,2,-2
2024-10-21 15:27:02.204,23575,23576,23574,1,-1
2024-10-21 15:27:06.224,23571,23572,23571,1,-1
2024-10-21 15:27:06.286,23570,23571,23570,1,-1
2024-10-21 15:27:06.286,23570,23571,23570,1,-1
2024-10-21 15:27:07.070,23569,23570,23570,1,1
2024-10-21 15:27:07.353,23569,23570,23569,1,-1
2024-10-21 15:27:08.244,23568,23569,23568,2,-2
2024-10-21 15:27:11.726,23566,23569,23567,1,-1
2024-10-21 15:27:14.881,23566,23568,23566,2,-2
2024-10-21 15:27:14.881,23566,23568,23565,2,-2
2024-10-21 15:27:15.485,23565,23567,23565,2,-2
2024-10-21 15:27:23.970,23566,23569,23566,2,-2
2024-10-21 15:27:23.971,23566,23569,23566,1,-1
2024-10-21 15:27:27.577,23567,23569,23567,2,-2
2024-10-21 15:27:28.760,23567,23569,23567,2,-2
