2020-09-28,15:00:00.095000,12417,12418,12419,61
2020-09-28,15:00:00.286000,12418,12419,12419,1
2020-09-28,15:00:00.301000,12418,12419,12419,2
2020-09-28,15:00:00.351000,12418,12419,12419,1
2020-09-28,15:00:00.375000,12418,12419,12419,2
2020-09-28,15:00:00.375000,12418,12419,12420,23
2020-09-28,15:00:00.376000,12418,12419,12420,1
2020-09-28,15:00:00.385000,12418,12419,12420,1
2020-09-28,15:00:00.389000,12418,12419,12420,12
2020-09-28,15:00:00.402000,12418,12419,12421,1
2020-09-28,15:00:00.429000,12418,12419,12421,1
2020-09-28,15:00:00.434000,12418,12419,12421,1
2020-09-28,15:00:00.463000,12419,12421,12421,1
2020-09-28,15:00:00.472000,12419,12421,12421,1
2020-09-28,15:00:00.492000,12419,12421,12421,1
2020-09-28,15:00:00.531000,12419,12421,12421,2
2020-09-28,15:00:00.677000,12419,12421,12421,1
2020-09-28,15:00:00.749000,12419,12421,12421,1
2020-09-28,15:00:00.778000,12419,12421,12421,1
2020-09-28,15:00:00.822000,12419,12421,12421,3
2020-09-28,15:00:00.823000,12419,12421,12419,1
2020-09-28,15:00:00.851000,12419,12421,12421,1
2020-09-28,15:00:00.867000,12419,12421,12419,1
2020-09-28,15:00:00.872000,12419,12421,12421,1
2020-09-28,15:00:00.918000,12419,12421,12421,2
2020-09-28,15:00:00.959000,12419,12421,12420,1
2020-09-28,15:00:00.974000,12419,12421,12421,1
2020-09-28,15:00:01.439000,12419,12422,12421,1
2020-09-28,15:00:01.481000,12421,12422,12422,4
2020-09-28,15:00:01.613000,12421,12422,12422,3
2020-09-28,15:00:01.613000,12421,12422,12422,2
2020-09-28,15:00:01.714000,12421,12423,12423,2
2020-09-28,15:00:01.815000,12421,12423,12423,2
2020-09-28,15:00:01.857000,12421,12423,12423,1
2020-09-28,15:00:01.913000,12421,12423,12423,1
2020-09-28,15:00:01.913000,12421,12423,12423,2
2020-09-28,15:00:01.913000,12421,12423,12424,2
2020-09-28,15:00:01.915000,12421,12423,12424,1
2020-09-28,15:00:02.136000,12422,12424,12424,3
2020-09-28,15:00:02.136000,12422,12424,12422,2
2020-09-28,15:00:02.136000,12422,12424,12421,5
2020-09-28,15:00:02.136000,12422,12424,12420,1
2020-09-28,15:00:02.136000,12422,12424,12419,2
2020-09-28,15:00:02.185000,12422,12424,12421,1
2020-09-28,15:00:02.412000,12420,12423,12422,1
2020-09-28,15:00:02.545000,12420,12422,12422,1
2020-09-28,15:00:02.716000,12420,12422,12422,1
2020-09-28,15:00:02.743000,12420,12422,12423,1
2020-09-28,15:00:02.743000,12420,12422,12424,5
2020-09-28,15:00:02.945000,12420,12423,12423,1
2020-09-28,15:00:03.347000,12420,12421,12421,1
2020-09-28,15:00:03.445000,12420,12422,12422,1
2020-09-28,15:00:03.937000,12420,12422,12422,1
2020-09-28,15:00:04.615000,12419,12421,12419,1
2020-09-28,15:00:06.458000,12419,12420,12419,2
2020-09-28,15:00:07.104000,12419,12420,12419,4
2020-09-28,15:00:07.567000,12418,12419,12418,7
2020-09-28,15:00:07.587000,12418,12419,12417,12
2020-09-28,15:00:07.587000,12418,12419,12417,4
2020-09-28,15:00:07.587000,12418,12419,12417,7
2020-09-28,15:00:07.588000,12418,12419,12417,3
2020-09-28,15:00:08.567000,12417,12418,12417,4
2020-09-28,15:00:08.869000,12416,12418,12418,1
2020-09-28,15:00:09.363000,12417,12418,12418,1
2020-09-28,15:00:10.353000,12417,12418,12417,1
2020-09-28,15:00:11.474000,12417,12418,12418,1
2020-09-28,15:00:11.490000,12417,12418,12418,1
2020-09-28,15:00:12.994000,12417,12418,12418,1
2020-09-28,15:00:13.039000,12417,12418,12418,1
2020-09-28,15:00:13.817000,12417,12418,12417,1
2020-09-28,15:00:14.692000,12416,12417,12416,13
2020-09-28,15:00:15.009000,12415,12417,12417,5
2020-09-28,15:00:15.099000,12415,12417,12415,1
2020-09-28,15:00:15.251000,12415,12416,12416,1
2020-09-28,15:00:15.584000,12415,12417,12417,1
2020-09-28,15:00:15.594000,12415,12417,12417,1
2020-09-28,15:00:15.772000,12415,12417,12416,2
2020-09-28,15:00:15.970000,12416,12417,12416,1
2020-09-28,15:00:16.722000,12416,12417,12416,1
2020-09-28,15:00:16.817000,12416,12417,12416,1
2020-09-28,15:00:16.853000,12416,12417,12417,1
2020-09-28,15:00:16.898000,12416,12417,12417,1
2020-09-28,15:00:17.704000,12416,12418,12416,1
2020-09-28,15:00:18.109000,12416,12417,12416,1
2020-09-28,15:00:18.268000,12415,12417,12417,4
2020-09-28,15:00:18.269000,12415,12417,12417,3
2020-09-28,15:00:20.719000,12416,12418,12416,1
2020-09-28,15:00:20.833000,12416,12418,12418,12
2020-09-28,15:00:21.345000,12416,12418,12416,4
2020-09-28,15:00:21.442000,12416,12417,12416,1
2020-09-28,15:00:22.801000,12415,12417,12417,2
2020-09-28,15:00:22.848000,12415,12417,12417,2
2020-09-28,15:00:23.203000,12416,12417,12417,2
2020-09-28,15:00:23.667000,12417,12418,12418,16
2020-09-28,15:00:23.667000,12417,12418,12419,9
2020-09-28,15:00:23.752000,12419,12420,12419,1
2020-09-28,15:00:25.346000,12419,12420,12420,1
2020-09-28,15:00:26.180000,12419,12420,12419,1
2020-09-28,15:00:31.198000,12419,12420,12420,1
2020-09-28,15:00:34.474000,12419,12420,12420,4
2020-09-28,15:00:36.843000,12419,12420,12419,2
2020-09-28,15:00:38.972000,12419,12420,12420,15
2020-09-28,15:00:40.162000,12420,12421,12420,5
2020-09-28,15:00:41.025000,12420,12421,12420,1
2020-09-28,15:00:41.496000,12419,12421,12419,1
2020-09-28,15:00:42.816000,12419,12421,12421,1
2020-09-28,15:00:43.630000,12419,12421,12421,3
2020-09-28,15:00:43.630000,12419,12421,12422,15
2020-09-28,15:00:44.505000,12420,12422,12422,3
2020-09-28,15:00:44.565000,12420,12422,12422,1
2020-09-28,15:00:45.248000,12420,12422,12421,1
2020-09-28,15:00:45.248000,12420,12422,12421,1
2020-09-28,15:00:46.933000,12420,12421,12421,1
2020-09-28,15:00:46.933000,12420,12421,12421,1
2020-09-28,15:00:47.456000,12421,12422,12421,1
2020-09-28,15:00:48.251000,12420,12422,12422,1
2020-09-28,15:00:48.376000,12421,12422,12421,1
2020-09-28,15:00:48.621000,12420,12422,12422,4
2020-09-28,15:00:49.454000,12421,12422,12421,1
2020-09-28,15:00:49.638000,12420,12421,12421,1
2020-09-28,15:00:49.662000,12420,12421,12421,1
2020-09-28,15:00:50.994000,12420,12421,12421,2
2020-09-28,15:00:52.914000,12421,12422,12422,1
2020-09-28,15:00:53.730000,12422,12423,12422,1
2020-09-28,15:00:55.765000,12422,12423,12423,1
2020-09-28,15:00:56.038000,12422,12423,12422,1
2020-09-28,15:00:57.907000,12421,12423,12422,1
2020-09-28,15:00:57.907000,12421,12423,12423,1
2020-09-28,15:00:59.896000,12422,12423,12423,5
2020-09-28,15:00:59.921000,12422,12423,12423,3
2020-09-28,15:00:59.921000,12422,12423,12424,2
2020-09-28,15:00:59.933000,12422,12423,12424,1
2020-09-28,15:00:59.947000,12422,12424,12424,2
2020-09-28,15:00:59.972000,12422,12424,12424,2
2020-09-28,15:00:59.988000,12422,12424,12424,1
2020-09-28,15:01:00.016000,12422,12424,12424,1
2020-09-28,15:01:00.038000,12422,12424,12424,1
2020-09-28,15:01:00.038000,12422,12424,12422,4
2020-09-28,15:01:00.038000,12422,12424,12421,13
2020-09-28,15:01:00.051000,12422,12424,12422,1
2020-09-28,15:01:00.068000,12420,12422,12422,1
2020-09-28,15:01:00.079000,12420,12422,12420,7
2020-09-28,15:01:00.097000,12420,12422,12420,1
2020-09-28,15:01:00.118000,12420,12422,12422,1
2020-09-28,15:01:00.120000,12420,12422,12420,12
2020-09-28,15:01:00.122000,12420,12422,12420,1
2020-09-28,15:01:00.122000,12420,12422,12420,6
2020-09-28,15:01:00.122000,12420,12422,12420,2
2020-09-28,15:01:00.130000,12420,12422,12419,5
2020-09-28,15:01:00.182000,12420,12422,12419,1
2020-09-28,15:01:00.182000,12420,12422,12418,2
2020-09-28,15:01:00.182000,12420,12422,12418,4
2020-09-28,15:01:00.186000,12420,12422,12418,1
2020-09-28,15:01:00.214000,12418,12420,12420,1
2020-09-28,15:01:00.301000,12418,12420,12419,4
2020-09-28,15:01:00.330000,12419,12421,12419,3
2020-09-28,15:01:00.330000,12419,12421,12418,3
2020-09-28,15:01:00.344000,12419,12421,12418,3
2020-09-28,15:01:00.344000,12419,12421,12417,4
2020-09-28,15:01:00.344000,12419,12421,12417,4
2020-09-28,15:01:00.447000,12417,12418,12417,3
2020-09-28,15:01:00.447000,12417,12418,12416,1
2020-09-28,15:01:00.682000,12416,12418,12416,1
2020-09-28,15:01:00.924000,12416,12418,12416,1
2020-09-28,15:01:02.250000,12416,12418,12418,3
2020-09-28,15:01:02.250000,12416,12418,12419,1
2020-09-28,15:01:03.185000,12418,12420,12420,4
2020-09-28,15:01:04.662000,12418,12420,12420,1
2020-09-28,15:01:04.859000,12418,12420,12418,1
2020-09-28,15:01:12.786000,12418,12419,12418,2
2020-09-28,15:01:13.008000,12418,12419,12419,1
2020-09-28,15:01:13.083000,12419,12420,12419,1
2020-09-28,15:01:15.943000,12419,12420,12419,1
2020-09-28,15:01:17.553000,12418,12420,12418,1
2020-09-28,15:01:17.595000,12418,12420,12418,1
2020-09-28,15:01:23.876000,12418,12419,12418,2
2020-09-28,15:01:23.897000,12418,12419,12418,1
2020-09-28,15:01:23.944000,12418,12419,12418,1
2020-09-28,15:01:23.944000,12418,12419,12418,1
2020-09-28,15:01:23.944000,12418,12419,12418,3
2020-09-28,15:01:23.944000,12418,12419,12418,1
2020-09-28,15:01:23.944000,12418,12419,12418,2
2020-09-28,15:01:23.945000,12418,12419,12417,1
2020-09-28,15:01:24.140000,12417,12419,12419,1
2020-09-28,15:01:29.377000,12418,12419,12419,1
2020-09-28,15:01:32.144000,12418,12419,12418,8
2020-09-28,15:01:33.486000,12417,12418,12418,4
2020-09-28,15:01:34.440000,12418,12419,12418,1
2020-09-28,15:01:35.284000,12418,12419,12418,1
2020-09-28,15:01:35.537000,12417,12419,12417,1
2020-09-28,15:01:37.768000,12418,12419,12418,1
2020-09-28,15:01:37.768000,12418,12419,12417,2
2020-09-28,15:01:38.119000,12417,12419,12419,1
2020-09-28,15:01:39.400000,12417,12418,12418,1
2020-09-28,15:01:40.895000,12418,12419,12418,1
2020-09-28,15:01:42.727000,12418,12419,12418,1
2020-09-28,15:01:42.773000,12418,12419,12419,1
2020-09-28,15:01:43.802000,12418,12419,12418,1
2020-09-28,15:01:49.890000,12418,12419,12418,1
2020-09-28,15:01:51.005000,12418,12419,12419,1
2020-09-28,15:01:59.280000,12418,12419,12418,7
2020-09-28,15:02:01.150000,12417,12418,12418,1
2020-09-28,15:02:01.210000,12417,12418,12417,1
2020-09-28,15:02:01.273000,12417,12418,12417,1
2020-09-28,15:02:01.699000,12417,12418,12418,4
2020-09-28,15:02:04.078000,12418,12419,12418,1
2020-09-28,15:02:07.146000,12418,12419,12418,1
2020-09-28,15:02:07.326000,12418,12419,12419,1
2020-09-28,15:02:08.284000,12418,12419,12419,1
2020-09-28,15:02:11.148000,12418,12419,12418,1
2020-09-28,15:02:13.716000,12418,12419,12419,4
2020-09-28,15:02:15.037000,12419,12420,12419,1
2020-09-28,15:02:16.032000,12418,12419,12419,1
2020-09-28,15:02:16.033000,12418,12419,12419,1
2020-09-28,15:02:18.851000,12419,12420,12420,1
2020-09-28,15:02:20.277000,12419,12420,12420,1
2020-09-28,15:02:21.681000,12419,12420,12419,1
2020-09-28,15:02:22.495000,12419,12420,12420,11
2020-09-28,15:02:22.567000,12420,12421,12421,6
2020-09-28,15:02:22.692000,12421,12422,12422,5
2020-09-28,15:02:24.970000,12421,12423,12421,2
2020-09-28,15:02:28.860000,12421,12422,12421,1
2020-09-28,15:02:29.646000,12420,12422,12422,1
2020-09-28,15:02:33.697000,12421,12422,12421,1
2020-09-28,15:02:34.963000,12421,12422,12422,2
2020-09-28,15:02:36.398000,12421,12423,12422,1
2020-09-28,15:02:37.092000,12422,12423,12422,2
2020-09-28,15:02:40.690000,12421,12423,12423,1
2020-09-28,15:02:40.692000,12422,12423,12423,6
2020-09-28,15:02:40.842000,12423,12424,12424,1
2020-09-28,15:02:41.283000,12423,12424,12423,1
2020-09-28,15:02:41.732000,12422,12424,12422,1
2020-09-28,15:02:44.824000,12422,12424,12422,1
2020-09-28,15:02:45.450000,12423,12424,12423,1
2020-09-28,15:02:48.524000,12423,12424,12423,1
2020-09-28,15:02:49.895000,12422,12424,12424,1
2020-09-28,15:02:54.224000,12423,12424,12423,1
2020-09-28,15:02:54.224000,12423,12424,12422,1
2020-09-28,15:02:55.240000,12422,12423,12423,1
2020-09-28,15:02:55.240000,12422,12423,12424,2
2020-09-28,15:02:56.522000,12423,12424,12423,2
2020-09-28,15:02:59.664000,12423,12424,12423,1
2020-09-28,15:03:00.034000,12423,12424,12424,1
2020-09-28,15:03:00.084000,12423,12424,12423,1
2020-09-28,15:03:00.166000,12423,12424,12423,1
2020-09-28,15:03:00.917000,12423,12424,12424,5
2020-09-28,15:03:00.928000,12423,12424,12425,10
2020-09-28,15:03:00.929000,12423,12424,12425,5
2020-09-28,15:03:00.929000,12423,12424,12425,8
2020-09-28,15:03:00.929000,12423,12424,12425,6
2020-09-28,15:03:01.062000,12425,12426,12424,1
2020-09-28,15:03:01.119000,12424,12426,12424,1
2020-09-28,15:03:01.131000,12424,12426,12424,1
2020-09-28,15:03:01.140000,12424,12426,12424,1
2020-09-28,15:03:01.196000,12423,12425,12423,3
2020-09-28,15:03:01.208000,12423,12425,12423,3
2020-09-28,15:03:01.609000,12423,12425,12423,1
2020-09-28,15:03:02.691000,12423,12425,12423,1
2020-09-28,15:03:03.009000,12423,12424,12423,1
2020-09-28,15:03:03.418000,12423,12424,12423,1
2020-09-28,15:03:03.660000,12422,12424,12422,2
2020-09-28,15:03:05.408000,12422,12424,12422,1
2020-09-28,15:03:05.743000,12422,12423,12422,4
2020-09-28,15:03:05.743000,12422,12423,12422,2
2020-09-28,15:03:09.534000,12422,12423,12422,1
2020-09-28,15:03:09.620000,12422,12423,12422,1
2020-09-28,15:03:12.211000,12421,12422,12422,1
2020-09-28,15:03:27.818000,12421,12422,12421,2
2020-09-28,15:03:27.818000,12421,12422,12421,4
2020-09-28,15:03:27.819000,12421,12422,12421,1
2020-09-28,15:03:28.003000,12420,12421,12421,1
2020-09-28,15:03:29.704000,12420,12421,12421,4
2020-09-28,15:03:30.240000,12421,12422,12422,3
2020-09-28,15:03:30.586000,12421,12422,12422,1
2020-09-28,15:03:34.853000,12421,12422,12422,4
2020-09-28,15:03:36.583000,12421,12422,12422,1
2020-09-28,15:03:38.083000,12422,12423,12422,1
2020-09-28,15:03:41.694000,12422,12423,12422,1
2020-09-28,15:03:43.424000,12422,12423,12422,1
2020-09-28,15:04:01.493000,12422,12423,12422,1
2020-09-28,15:04:01.584000,12422,12423,12422,1
2020-09-28,15:04:01.668000,12422,12423,12422,1
2020-09-28,15:04:02.607000,12422,12423,12422,1
2020-09-28,15:04:03.349000,12422,12423,12422,2
2020-09-28,15:04:04.816000,12421,12422,12422,1
2020-09-28,15:04:04.817000,12421,12422,12422,3
2020-09-28,15:04:12.754000,12422,12423,12422,2
2020-09-28,15:04:16.870000,12422,12423,12422,1
2020-09-28,15:04:17.320000,12421,12422,12422,1
2020-09-28,15:04:28.591000,12422,12423,12423,2
2020-09-28,15:04:37.937000,12422,12423,12423,3
2020-09-28,15:04:41.610000,12422,12423,12422,1
2020-09-28,15:04:45.391000,12422,12423,12422,3
2020-09-28,15:04:49.014000,12422,12423,12423,8
2020-09-28,15:04:57.943000,12422,12423,12423,1
2020-09-28,15:05:16.234000,12422,12423,12422,1
2020-09-28,15:05:16.334000,12422,12423,12422,1
2020-09-28,15:05:16.435000,12422,12423,12422,1
2020-09-28,15:05:18.724000,12422,12423,12422,1
2020-09-28,15:05:20.469000,12422,12423,12423,14
2020-09-28,15:05:20.469000,12422,12423,12424,1
2020-09-28,15:05:21.225000,12422,12423,12422,2
2020-09-28,15:05:23.169000,12422,12423,12422,1
2020-09-28,15:05:24.400000,12422,12423,12422,2
2020-09-28,15:05:24.517000,12421,12422,12421,23
2020-09-28,15:05:32.389000,12420,12421,12420,8
2020-09-28,15:05:32.527000,12419,12420,12419,1
2020-09-28,15:05:32.527000,12419,12420,12419,5
2020-09-28,15:05:32.813000,12418,12420,12418,2
2020-09-28,15:05:34.311000,12418,12419,12418,5
2020-09-28,15:05:34.349000,12418,12419,12418,1
2020-09-28,15:05:35.538000,12418,12419,12418,1
2020-09-28,15:05:38.245000,12418,12420,12418,1
2020-09-28,15:05:40.780000,12418,12419,12418,4
2020-09-28,15:05:41.817000,12418,12419,12418,2
2020-09-28,15:05:47.165000,12417,12418,12418,1
2020-09-28,15:05:47.165000,12417,12418,12418,1
2020-09-28,15:05:47.484000,12418,12419,12419,1
2020-09-28,15:05:55.464000,12418,12419,12418,1
2020-09-28,15:05:55.990000,12418,12419,12418,1
2020-09-28,15:05:56.725000,12418,12419,12418,1
2020-09-28,15:05:57.261000,12418,12419,12418,1
2020-09-28,15:05:58.903000,12418,12419,12418,1
2020-09-28,15:05:58.920000,12418,12419,12418,1
2020-09-28,15:05:58.925000,12418,12419,12418,1
2020-09-28,15:05:58.938000,12418,12419,12418,1
2020-09-28,15:06:01.772000,12418,12419,12418,1
2020-09-28,15:06:01.833000,12418,12419,12418,1
2020-09-28,15:06:01.943000,12418,12419,12418,1
2020-09-28,15:06:02.225000,12418,12419,12418,1
2020-09-28,15:06:02.738000,12418,12419,12419,1
2020-09-28,15:06:03.245000,12419,12420,12420,5
2020-09-28,15:06:03.377000,12419,12421,12419,4
2020-09-28,15:06:03.404000,12419,12421,12418,1
2020-09-28,15:06:07.877000,12418,12420,12418,1
2020-09-28,15:06:09.493000,12418,12419,12418,1
2020-09-28,15:06:23.042000,12418,12420,12418,1
2020-09-28,15:06:26.844000,12419,12420,12419,1
2020-09-28,15:06:35.494000,12418,12419,12418,5
2020-09-28,15:06:36.918000,12417,12418,12418,1
2020-09-28,15:06:36.982000,12417,12419,12417,1
2020-09-28,15:06:37.094000,12417,12419,12417,1
2020-09-28,15:06:37.838000,12417,12418,12418,4
2020-09-28,15:06:38.064000,12418,12419,12418,1
2020-09-28,15:06:38.219000,12417,12419,12417,2
2020-09-28,15:06:45.696000,12417,12418,12417,1
2020-09-28,15:06:46.078000,12417,12418,12418,1
2020-09-28,15:06:48.233000,12417,12418,12417,1
2020-09-28,15:06:48.233000,12417,12418,12417,8
2020-09-28,15:06:48.708000,12416,12417,12417,6
2020-09-28,15:06:48.708000,12416,12417,12418,4
2020-09-28,15:06:55.317000,12416,12417,12416,6
2020-09-28,15:06:56.785000,12415,12417,12416,1
2020-09-28,15:07:00.824000,12415,12417,12415,1
2020-09-28,15:07:00.958000,12415,12417,12415,1
2020-09-28,15:07:01.063000,12415,12417,12415,1
2020-09-28,15:07:01.184000,12415,12417,12416,1
2020-09-28,15:07:01.186000,12415,12417,12415,1
2020-09-28,15:07:01.210000,12415,12417,12415,1
2020-09-28,15:07:01.217000,12415,12417,12415,1
2020-09-28,15:07:01.230000,12415,12417,12415,1
2020-09-28,15:07:01.230000,12415,12417,12415,1
2020-09-28,15:07:01.238000,12415,12417,12415,1
2020-09-28,15:07:01.239000,12415,12417,12415,1
2020-09-28,15:07:01.263000,12415,12417,12415,1
2020-09-28,15:07:01.278000,12415,12417,12415,1
2020-09-28,15:07:01.301000,12415,12417,12415,1
2020-09-28,15:07:01.317000,12415,12416,12415,4
2020-09-28,15:07:01.321000,12415,12416,12414,3
2020-09-28,15:07:01.477000,12414,12416,12414,3
2020-09-28,15:07:01.941000,12414,12416,12416,1
2020-09-28,15:07:02.442000,12414,12415,12414,1
2020-09-28,15:07:02.615000,12413,12415,12415,1
2020-09-28,15:07:04.538000,12413,12414,12414,1
2020-09-28,15:07:06.584000,12413,12414,12414,1
2020-09-28,15:07:09.012000,12413,12414,12413,11
2020-09-28,15:07:09.012000,12413,12414,12412,12
2020-09-28,15:07:09.012000,12413,12414,12411,4
2020-09-28,15:07:09.160000,12412,12414,12412,1
2020-09-28,15:07:13.796000,12412,12413,12412,1
2020-09-28,15:07:16.986000,12412,12413,12412,3
2020-09-28,15:07:19.010000,12411,12412,12411,5
2020-09-28,15:07:19.010000,12411,12412,12410,17
2020-09-28,15:07:19.010000,12411,12412,12409,5
2020-09-28,15:07:19.365000,12409,12411,12409,1
2020-09-28,15:07:19.682000,12409,12411,12409,1
2020-09-28,15:07:20.131000,12409,12410,12410,1
2020-09-28,15:07:20.164000,12409,12410,12409,1
2020-09-28,15:07:20.191000,12409,12410,12409,1
2020-09-28,15:07:20.236000,12408,12410,12408,1
2020-09-28,15:07:20.236000,12408,12410,12408,1
2020-09-28,15:07:20.254000,12408,12410,12408,1
2020-09-28,15:07:20.767000,12408,12409,12409,1
2020-09-28,15:07:20.878000,12408,12409,12409,1
2020-09-28,15:07:22.795000,12408,12410,12410,2
2020-09-28,15:07:23.176000,12408,12410,12410,4
2020-09-28,15:07:23.721000,12409,12410,12409,1
2020-09-28,15:07:23.948000,12409,12410,12410,1
2020-09-28,15:07:24.745000,12409,12410,12409,1
2020-09-28,15:07:25.751000,12409,12410,12410,1
2020-09-28,15:07:25.905000,12409,12411,12409,1
2020-09-28,15:07:26.241000,12409,12411,12411,4
2020-09-28,15:07:26.586000,12409,12411,12409,1
2020-09-28,15:07:27.285000,12409,12411,12411,1
2020-09-28,15:07:30.129000,12409,12410,12409,1
2020-09-28,15:07:30.539000,12409,12410,12409,1
2020-09-28,15:07:31.982000,12409,12410,12410,1
2020-09-28,15:07:40.089000,12409,12410,12409,1
2020-09-28,15:07:40.382000,12409,12410,12409,1
2020-09-28,15:07:43.574000,12409,12410,12409,1
2020-09-28,15:07:44.051000,12409,12410,12409,1
2020-09-28,15:07:48.358000,12409,12410,12409,1
2020-09-28,15:07:52.038000,12409,12410,12410,7
2020-09-28,15:07:52.865000,12410,12411,12410,1
2020-09-28,15:08:05.465000,12410,12411,12410,3
2020-09-28,15:08:05.585000,12409,12411,12409,1
2020-09-28,15:08:05.700000,12409,12411,12409,1
2020-09-28,15:08:08.405000,12409,12410,12409,2
2020-09-28,15:08:11.036000,12408,12409,12409,1
2020-09-28,15:08:17.730000,12408,12410,12408,1
2020-09-28,15:08:18.185000,12408,12410,12410,2
2020-09-28,15:08:25.208000,12409,12410,12410,2
2020-09-28,15:08:27.321000,12409,12410,12409,2
2020-09-28,15:08:28.012000,12409,12410,12409,1
2020-09-28,15:08:28.425000,12408,12409,12408,1
2020-09-28,15:08:31.812000,12408,12409,12409,1
2020-09-28,15:08:31.813000,12408,12409,12409,3
2020-09-28,15:08:39.030000,12409,12410,12409,2
2020-09-28,15:08:40.260000,12409,12410,12409,2
2020-09-28,15:08:40.532000,12409,12410,12409,1
2020-09-28,15:08:42.076000,12408,12409,12409,1
2020-09-28,15:08:42.139000,12408,12409,12409,2
2020-09-28,15:08:43.554000,12408,12410,12408,1
2020-09-28,15:08:51.121000,12408,12409,12408,1
2020-09-28,15:08:51.121000,12408,12409,12408,11
2020-09-28,15:08:51.121000,12408,12409,12408,8
2020-09-28,15:08:51.142000,12408,12409,12408,3
2020-09-28,15:08:51.145000,12408,12409,12408,3
2020-09-28,15:08:52.170000,12407,12408,12408,1
2020-09-28,15:08:54.410000,12407,12408,12408,1
2020-09-28,15:09:02.789000,12407,12408,12407,1
2020-09-28,15:09:02.833000,12407,12408,12407,1
2020-09-28,15:09:02.847000,12407,12408,12407,1
2020-09-28,15:09:02.945000,12407,12408,12407,1
2020-09-28,15:09:04.409000,12407,12408,12407,1
2020-09-28,15:09:04.668000,12406,12407,12406,5
2020-09-28,15:09:07.180000,12406,12407,12407,2
2020-09-28,15:09:07.741000,12406,12407,12407,1
2020-09-28,15:09:11.572000,12406,12407,12407,1
2020-09-28,15:09:20.150000,12406,12407,12407,5
2020-09-28,15:09:20.150000,12406,12407,12407,1
2020-09-28,15:09:26.271000,12406,12407,12407,4
2020-09-28,15:09:28.354000,12407,12408,12408,2
2020-09-28,15:09:32.820000,12407,12408,12408,2
2020-09-28,15:09:33.408000,12407,12408,12408,2
2020-09-28,15:09:33.518000,12407,12408,12408,1
2020-09-28,15:09:33.518000,12407,12408,12409,3
2020-09-28,15:09:34.525000,12407,12408,12408,1
2020-09-28,15:09:36.838000,12408,12409,12409,1
2020-09-28,15:09:38.305000,12408,12409,12409,1
2020-09-28,15:09:39.223000,12408,12409,12408,1
2020-09-28,15:09:43.025000,12408,12409,12408,1
2020-09-28,15:09:44.708000,12408,12409,12408,1
2020-09-28,15:09:46.408000,12408,12409,12409,1
2020-09-28,15:09:48.072000,12408,12409,12409,2
2020-09-28,15:09:49.703000,12409,12410,12409,1
2020-09-28,15:09:54.053000,12409,12410,12410,1
2020-09-28,15:09:55.236000,12409,12410,12410,1
2020-09-28,15:09:55.236000,12409,12410,12410,1
2020-09-28,15:09:56.218000,12410,12411,12411,2
2020-09-28,15:09:56.930000,12410,12412,12410,3
2020-09-28,15:09:57.526000,12410,12412,12410,3
2020-09-28,15:10:07.462000,12411,12412,12412,1
2020-09-28,15:10:07.585000,12411,12412,12411,1
2020-09-28,15:10:07.707000,12411,12412,12411,1
2020-09-28,15:10:07.842000,12411,12412,12412,1
2020-09-28,15:10:07.843000,12411,12412,12412,2
2020-09-28,15:10:07.843000,12411,12412,12412,1
2020-09-28,15:10:07.850000,12411,12412,12413,1
2020-09-28,15:10:07.853000,12411,12412,12413,1
2020-09-28,15:10:07.864000,12411,12412,12413,1
2020-09-28,15:10:07.867000,12411,12412,12413,1
2020-09-28,15:10:07.873000,12411,12412,12413,1
2020-09-28,15:10:07.880000,12411,12412,12413,1
2020-09-28,15:10:07.902000,12411,12412,12413,1
2020-09-28,15:10:07.914000,12411,12412,12413,1
2020-09-28,15:10:07.934000,12411,12412,12414,1
2020-09-28,15:10:08.150000,12412,12414,12414,3
2020-09-28,15:10:08.155000,12412,12414,12414,3
2020-09-28,15:10:08.316000,12413,12414,12413,1
2020-09-28,15:10:13.421000,12412,12413,12413,1
2020-09-28,15:10:16.032000,12413,12414,12414,1
2020-09-28,15:10:16.032000,12413,12414,12414,1
2020-09-28,15:10:17.057000,12413,12415,12414,1
2020-09-28,15:10:17.416000,12414,12415,12415,1
2020-09-28,15:10:17.463000,12414,12415,12415,1
2020-09-28,15:10:18.547000,12414,12415,12415,1
2020-09-28,15:10:19.379000,12414,12415,12415,4
2020-09-28,15:10:19.379000,12414,12415,12415,2
2020-09-28,15:10:20.978000,12415,12416,12415,3
2020-09-28,15:10:27.248000,12415,12416,12415,1
2020-09-28,15:10:27.338000,12415,12416,12415,1
2020-09-28,15:10:28.421000,12415,12416,12416,1
2020-09-28,15:10:29.033000,12415,12416,12415,8
2020-09-28,15:10:29.033000,12415,12416,12414,16
2020-09-28,15:10:29.033000,12415,12416,12413,22
2020-09-28,15:10:29.033000,12415,12416,12412,20
2020-09-28,15:10:29.033000,12415,12416,12411,14
2020-09-28,15:10:29.037000,12415,12416,12413,1
2020-09-28,15:10:29.038000,12415,12416,12413,1
2020-09-28,15:10:29.044000,12415,12416,12412,1
2020-09-28,15:10:29.050000,12415,12416,12412,1
2020-09-28,15:10:29.108000,12411,12413,12411,2
2020-09-28,15:10:29.424000,12411,12412,12412,2
2020-09-28,15:10:29.442000,12411,12412,12412,2
2020-09-28,15:10:30.057000,12411,12413,12411,2
2020-09-28,15:10:30.693000,12411,12413,12413,1
2020-09-28,15:10:32.969000,12411,12413,12413,1
2020-09-28,15:10:35.512000,12411,12413,12413,1
2020-09-28,15:10:40.655000,12412,12413,12413,1
2020-09-28,15:10:46.822000,12411,12413,12413,1
2020-09-28,15:10:47.337000,12411,12413,12413,1
2020-09-28,15:10:57.050000,12411,12413,12413,2
2020-09-28,15:10:57.772000,12411,12413,12413,5
2020-09-28,15:10:59.891000,12412,12413,12412,1
2020-09-28,15:11:02.251000,12412,12413,12412,2
2020-09-28,15:11:02.334000,12412,12413,12412,1
2020-09-28,15:11:02.446000,12412,12413,12412,1
2020-09-28,15:11:02.920000,12411,12413,12413,1
2020-09-28,15:11:10.647000,12411,12412,12412,1
2020-09-28,15:11:11.815000,12411,12412,12411,1
2020-09-28,15:11:12.928000,12410,12412,12412,1
2020-09-28,15:11:16.227000,12411,12412,12412,1
2020-09-28,15:11:17.439000,12411,12413,12411,1
2020-09-28,15:11:21.145000,12412,12413,12412,1
2020-09-28,15:11:24.084000,12412,12413,12412,1
2020-09-28,15:11:26.954000,12412,12413,12412,1
2020-09-28,15:11:29.462000,12412,12413,12413,3
2020-09-28,15:11:31.732000,12413,12414,12414,1
2020-09-28,15:11:32.654000,12413,12414,12414,3
2020-09-28,15:11:33.114000,12413,12414,12414,1
2020-09-28,15:11:33.114000,12413,12414,12414,1
2020-09-28,15:11:33.114000,12413,12414,12414,4
2020-09-28,15:11:35.706000,12414,12415,12414,1
2020-09-28,15:11:38.993000,12414,12415,12415,1
2020-09-28,15:11:38.993000,12414,12415,12415,1
2020-09-28,15:11:41.314000,12415,12416,12416,1
2020-09-28,15:11:41.548000,12415,12417,12416,2
2020-09-28,15:11:46.786000,12415,12416,12415,2
2020-09-28,15:11:49.993000,12415,12416,12415,1
2020-09-28,15:11:50.337000,12415,12416,12415,1
2020-09-28,15:11:50.395000,12415,12416,12416,1
2020-09-28,15:11:52.699000,12415,12416,12416,1
2020-09-28,15:11:54.279000,12415,12416,12415,1
2020-09-28,15:11:54.870000,12414,12416,12416,1
2020-09-28,15:11:57.315000,12414,12415,12415,2
2020-09-28,15:12:01.515000,12414,12415,12415,6
2020-09-28,15:12:01.584000,12414,12416,12414,1
2020-09-28,15:12:01.702000,12414,12416,12414,1
2020-09-28,15:12:01.718000,12414,12416,12415,1
2020-09-28,15:12:01.720000,12414,12416,12416,10
2020-09-28,15:12:01.720000,12414,12416,12417,15
2020-09-28,15:12:01.722000,12414,12416,12416,1
2020-09-28,15:12:01.722000,12414,12416,12416,2
2020-09-28,15:12:01.731000,12414,12416,12417,4
2020-09-28,15:12:01.731000,12414,12416,12418,8
2020-09-28,15:12:01.760000,12414,12416,12415,1
2020-09-28,15:12:01.770000,12414,12416,12417,1
2020-09-28,15:12:01.773000,12414,12416,12417,2
2020-09-28,15:12:01.795000,12414,12416,12415,1
2020-09-28,15:12:01.892000,12415,12417,12417,2
2020-09-28,15:12:09.228000,12416,12417,12417,1
2020-09-28,15:12:14.551000,12416,12417,12417,1
2020-09-28,15:12:15.167000,12416,12417,12416,1
2020-09-28,15:12:15.168000,12416,12417,12416,1
2020-09-28,15:12:15.497000,12415,12416,12416,1
2020-09-28,15:12:24.981000,12416,12417,12416,1
2020-09-28,15:12:24.981000,12416,12417,12416,2
2020-09-28,15:12:27.378000,12415,12416,12416,1
2020-09-28,15:12:29.578000,12416,12417,12416,1
2020-09-28,15:12:31.313000,12416,12417,12416,1
2020-09-28,15:12:31.361000,12415,12416,12416,1
2020-09-28,15:12:31.361000,12415,12416,12417,1
2020-09-28,15:12:31.477000,12415,12417,12417,1
2020-09-28,15:12:32.534000,12415,12417,12417,1
2020-09-28,15:12:36.677000,12416,12417,12416,1
2020-09-28,15:12:37.462000,12415,12416,12416,1
2020-09-28,15:12:37.463000,12415,12416,12415,1
2020-09-28,15:12:37.875000,12415,12416,12415,1
2020-09-28,15:12:42.322000,12415,12417,12417,4
2020-09-28,15:12:42.761000,12416,12417,12416,1
2020-09-28,15:12:42.775000,12416,12417,12417,1
2020-09-28,15:12:44.842000,12416,12417,12417,4
2020-09-28,15:12:45.154000,12416,12417,12417,4
2020-09-28,15:12:49.293000,12416,12417,12416,4
2020-09-28,15:12:53.543000,12416,12417,12417,3
2020-09-28,15:13:04.318000,12416,12417,12417,2
2020-09-28,15:13:04.461000,12416,12417,12416,1
2020-09-28,15:13:04.584000,12416,12417,12416,1
2020-09-28,15:13:15.581000,12415,12416,12416,3
2020-09-28,15:13:15.581000,12415,12416,12417,1
2020-09-28,15:13:23.943000,12415,12416,12416,1
2020-09-28,15:13:23.943000,12415,12416,12416,1
2020-09-28,15:13:24.320000,12416,12417,12417,3
2020-09-28,15:13:30.540000,12416,12417,12417,1
2020-09-28,15:13:30.541000,12416,12417,12417,1
2020-09-28,15:13:33.376000,12416,12418,12418,3
2020-09-28,15:13:43.379000,12417,12418,12418,2
2020-09-28,15:13:48.222000,12417,12419,12419,2
2020-09-28,15:13:48.690000,12417,12418,12418,1
2020-09-28,15:13:50.762000,12417,12418,12418,1
2020-09-28,15:13:50.787000,12417,12418,12418,1
2020-09-28,15:13:52.722000,12417,12418,12418,5
2020-09-28,15:13:52.722000,12417,12418,12418,1
2020-09-28,15:13:53.682000,12417,12418,12418,1
2020-09-28,15:14:01.116000,12417,12418,12418,1
2020-09-28,15:14:01.141000,12417,12418,12418,1
2020-09-28,15:14:01.209000,12417,12418,12417,1
2020-09-28,15:14:01.323000,12417,12418,12417,1
2020-09-28,15:14:03.761000,12417,12418,12417,1
2020-09-28,15:14:07.538000,12417,12418,12417,1
2020-09-28,15:14:07.539000,12417,12418,12417,6
2020-09-28,15:14:12.930000,12416,12417,12417,1
2020-09-28,15:14:14.753000,12416,12417,12417,1
2020-09-28,15:14:15.728000,12416,12417,12416,1
2020-09-28,15:14:15.729000,12416,12417,12416,2
2020-09-28,15:14:19.327000,12415,12416,12416,1
2020-09-28,15:14:34.389000,12415,12416,12416,1
2020-09-28,15:14:40.414000,12415,12416,12415,1
2020-09-28,15:14:46.410000,12415,12416,12416,1
2020-09-28,15:14:46.417000,12415,12416,12416,1
2020-09-28,15:14:50.630000,12416,12417,12416,1
2020-09-28,15:15:01.397000,12416,12417,12416,2
2020-09-28,15:15:01.462000,12415,12416,12415,1
2020-09-28,15:15:01.580000,12415,12416,12415,1
2020-09-28,15:15:01.656000,12415,12416,12416,1
2020-09-28,15:15:01.671000,12415,12416,12416,1
2020-09-28,15:15:02.007000,12415,12416,12416,1
2020-09-28,15:15:02.140000,12415,12416,12416,1
2020-09-28,15:15:02.157000,12415,12416,12416,1
2020-09-28,15:15:02.161000,12415,12416,12417,1
2020-09-28,15:15:02.180000,12415,12416,12417,1
2020-09-28,15:15:02.238000,12415,12417,12417,2
2020-09-28,15:15:02.770000,12415,12417,12417,2
2020-09-28,15:15:06.926000,12416,12417,12417,2
2020-09-28,15:15:15.786000,12416,12417,12416,9
2020-09-28,15:15:25.136000,12415,12416,12415,1
2020-09-28,15:15:25.136000,12415,12416,12415,4
2020-09-28,15:15:25.136000,12415,12416,12415,10
2020-09-28,15:15:25.137000,12415,12416,12415,3
2020-09-28,15:15:30.721000,12414,12415,12415,1
2020-09-28,15:15:30.721000,12414,12415,12415,1
2020-09-28,15:15:30.721000,12414,12415,12415,2
2020-09-28,15:15:30.746000,12414,12415,12415,1
2020-09-28,15:15:32.073000,12415,12416,12415,1
2020-09-28,15:15:47.479000,12415,12416,12416,1
2020-09-28,15:15:52.022000,12414,12416,12414,1
2020-09-28,15:15:52.096000,12415,12416,12415,1
2020-09-28,15:15:56.664000,12415,12416,12416,4
2020-09-28,15:15:56.664000,12415,12416,12416,10
2020-09-28,15:16:10.071000,12415,12416,12416,1
2020-09-28,15:16:10.212000,12415,12416,12415,1
2020-09-28,15:16:10.323000,12415,12416,12415,1
2020-09-28,15:16:28.978000,12415,12416,12415,3
2020-09-28,15:16:28.978000,12415,12416,12415,2
2020-09-28,15:16:31.008000,12414,12415,12414,4
2020-09-28,15:16:31.009000,12414,12415,12414,14
2020-09-28,15:16:36.249000,12413,12414,12413,1
2020-09-28,15:16:36.436000,12412,12413,12413,1
2020-09-28,15:16:40.669000,12412,12413,12412,1
2020-09-28,15:16:42.150000,12412,12413,12412,2
2020-09-28,15:16:42.669000,12412,12413,12412,1
2020-09-28,15:16:54.950000,12412,12413,12412,5
2020-09-28,15:17:03.938000,12411,12412,12411,5
2020-09-28,15:17:03.964000,12411,12412,12411,1
2020-09-28,15:17:04.033000,12411,12412,12411,2
2020-09-28,15:17:04.079000,12411,12412,12411,1
2020-09-28,15:17:05.931000,12411,12412,12411,5
2020-09-28,15:17:09.035000,12411,12412,12411,5
2020-09-28,15:17:09.472000,12411,12412,12412,1
2020-09-28,15:17:13.950000,12411,12412,12412,6
2020-09-28,15:17:14.290000,12411,12412,12412,1
2020-09-28,15:17:17.759000,12411,12413,12411,1
2020-09-28,15:17:21.611000,12411,12413,12411,1
2020-09-28,15:17:22.353000,12411,12412,12411,3
2020-09-28,15:17:27.278000,12411,12412,12411,2
2020-09-28,15:17:28.483000,12410,12411,12411,1
2020-09-28,15:17:28.920000,12410,12411,12411,1
2020-09-28,15:17:28.920000,12410,12411,12411,1
2020-09-28,15:17:30.769000,12411,12412,12412,2
2020-09-28,15:17:31.941000,12411,12412,12412,3
2020-09-28,15:17:37.604000,12411,12412,12411,1
2020-09-28,15:17:38.103000,12410,12411,12410,2
2020-09-28,15:17:39.484000,12410,12411,12411,3
2020-09-28,15:17:40.023000,12410,12411,12411,1
2020-09-28,15:17:47.399000,12410,12412,12412,2
2020-09-28,15:17:53.121000,12410,12412,12412,4
2020-09-28,15:17:55.394000,12411,12412,12411,1
2020-09-28,15:18:00.110000,12410,12411,12411,1
2020-09-28,15:18:00.207000,12410,12412,12410,1
2020-09-28,15:18:00.334000,12410,12412,12410,1
2020-09-28,15:18:02.432000,12410,12411,12410,1
2020-09-28,15:18:03.022000,12410,12411,12410,1
2020-09-28,15:18:03.224000,12410,12411,12410,4
2020-09-28,15:18:03.224000,12410,12411,12410,1
2020-09-28,15:18:05.579000,12409,12410,12410,1
2020-09-28,15:18:06.606000,12409,12410,12410,3
2020-09-28,15:18:09.253000,12410,12411,12410,1
2020-09-28,15:18:09.253000,12410,12411,12409,2
2020-09-28,15:18:11.608000,12409,12410,12410,3
2020-09-28,15:18:20.829000,12409,12410,12410,1
2020-09-28,15:18:23.650000,12409,12410,12410,1
2020-09-28,15:18:25.146000,12409,12410,12409,1
2020-09-28,15:18:26.108000,12409,12410,12410,4
2020-09-28,15:18:31.563000,12409,12410,12410,1
2020-09-28,15:18:32.609000,12410,12411,12410,1
2020-09-28,15:18:34.837000,12410,12411,12410,2
2020-09-28,15:18:41.577000,12409,12410,12410,1
2020-09-28,15:18:44.877000,12409,12410,12410,1
2020-09-28,15:18:44.991000,12409,12410,12410,1
2020-09-28,15:18:45.564000,12409,12410,12409,1
2020-09-28,15:18:47.579000,12409,12410,12410,1
2020-09-28,15:18:48.573000,12409,12411,12409,5
2020-09-28,15:18:52.364000,12409,12410,12410,1
2020-09-28,15:19:02.252000,12409,12410,12409,1
2020-09-28,15:19:02.335000,12409,12410,12409,1
2020-09-28,15:19:02.450000,12409,12410,12409,1
2020-09-28,15:19:03.114000,12409,12410,12410,1
2020-09-28,15:19:07.273000,12409,12410,12409,1
2020-09-28,15:19:08.627000,12408,12409,12408,5
2020-09-28,15:19:09.442000,12408,12409,12408,1
2020-09-28,15:19:10.175000,12407,12409,12409,1
2020-09-28,15:19:10.749000,12407,12409,12409,1
2020-09-28,15:19:25.063000,12408,12409,12409,8
2020-09-28,15:19:27.234000,12409,12410,12409,1
2020-09-28,15:19:27.560000,12408,12409,12409,1
2020-09-28,15:19:32.550000,12408,12409,12409,1
2020-09-28,15:19:33.111000,12408,12409,12409,2
2020-09-28,15:19:34.815000,12408,12409,12409,1
2020-09-28,15:19:36.640000,12408,12410,12408,1
2020-09-28,15:19:41.262000,12409,12410,12409,1
2020-09-28,15:19:56.488000,12408,12409,12409,7
2020-09-28,15:19:57.871000,12409,12410,12409,2
2020-09-28,15:20:02.155000,12408,12409,12408,4
2020-09-28,15:20:02.193000,12408,12409,12409,1
2020-09-28,15:20:02.193000,12408,12409,12409,1
2020-09-28,15:20:02.194000,12408,12409,12409,1
2020-09-28,15:20:02.213000,12408,12409,12409,1
2020-09-28,15:20:02.331000,12409,12410,12409,1
2020-09-28,15:20:03.494000,12409,12410,12409,2
2020-09-28,15:20:03.719000,12408,12409,12409,1
2020-09-28,15:20:03.719000,12408,12409,12409,1
2020-09-28,15:20:03.720000,12408,12409,12409,1
2020-09-28,15:20:06.741000,12409,12410,12409,5
2020-09-28,15:20:06.741000,12409,12410,12409,1
2020-09-28,15:20:07.182000,12408,12410,12409,1
2020-09-28,15:20:08.970000,12408,12409,12409,5
2020-09-28,15:20:08.970000,12408,12409,12410,1
2020-09-28,15:20:12.593000,12409,12410,12409,2
2020-09-28,15:20:13.202000,12409,12410,12409,1
2020-09-28,15:20:16.735000,12408,12409,12409,1
2020-09-28,15:20:20.124000,12408,12409,12409,1
2020-09-28,15:20:26.680000,12408,12409,12409,1
2020-09-28,15:20:26.680000,12408,12409,12409,3
2020-09-28,15:20:28.308000,12409,12410,12409,4
2020-09-28,15:20:30.266000,12408,12409,12409,1
2020-09-28,15:20:32.537000,12408,12409,12409,1
2020-09-28,15:20:33.318000,12408,12409,12409,3
2020-09-28,15:20:33.905000,12408,12409,12409,1
2020-09-28,15:20:36.937000,12408,12409,12409,1
2020-09-28,15:20:38.522000,12408,12409,12409,1
2020-09-28,15:20:40.741000,12408,12409,12408,5
2020-09-28,15:20:40.742000,12408,12409,12408,4
2020-09-28,15:20:40.742000,12408,12409,12408,6
2020-09-28,15:20:40.742000,12408,12409,12408,6
2020-09-28,15:20:41.946000,12407,12408,12408,1
2020-09-28,15:20:42.900000,12407,12408,12408,5
2020-09-28,15:20:48.624000,12408,12409,12409,3
2020-09-28,15:20:58.311000,12409,12410,12409,1
2020-09-28,15:21:02.322000,12408,12409,12408,2
2020-09-28,15:21:02.332000,12408,12409,12408,3
2020-09-28,15:21:02.460000,12408,12409,12408,1
2020-09-28,15:21:02.714000,12408,12409,12408,1
2020-09-28,15:21:12.556000,12408,12409,12409,1
2020-09-28,15:21:19.298000,12408,12409,12409,1
2020-09-28,15:21:19.595000,12408,12409,12409,2
2020-09-28,15:21:19.595000,12408,12409,12409,1
2020-09-28,15:21:19.605000,12408,12409,12410,1
2020-09-28,15:21:23.031000,12409,12410,12410,1
2020-09-28,15:21:30.394000,12409,12410,12409,3
2020-09-28,15:21:32.206000,12409,12410,12410,2
2020-09-28,15:21:37.511000,12409,12410,12410,4
2020-09-28,15:21:37.512000,12409,12410,12410,6
2020-09-28,15:21:37.557000,12409,12410,12411,1
2020-09-28,15:21:38.598000,12410,12411,12410,5
2020-09-28,15:21:40.439000,12410,12411,12410,5
2020-09-28,15:21:41.598000,12410,12411,12410,5
2020-09-28,15:21:45.990000,12410,12411,12410,5
2020-09-28,15:21:48.736000,12410,12411,12411,1
2020-09-28,15:21:49.268000,12410,12411,12411,1
2020-09-28,15:21:49.358000,12410,12411,12411,3
2020-09-28,15:21:49.382000,12410,12411,12411,1
2020-09-28,15:21:49.499000,12410,12411,12410,5
2020-09-28,15:21:51.366000,12410,12411,12410,4
2020-09-28,15:21:51.366000,12410,12411,12410,1
2020-09-28,15:21:53.228000,12410,12411,12410,1
2020-09-28,15:21:53.228000,12410,12411,12410,1
2020-09-28,15:21:53.254000,12410,12411,12410,1
2020-09-28,15:21:53.279000,12410,12411,12410,1
2020-09-28,15:21:53.304000,12410,12411,12410,1
2020-09-28,15:21:55.542000,12410,12411,12410,5
2020-09-28,15:21:57.226000,12410,12411,12410,2
2020-09-28,15:22:01.290000,12409,12410,12410,2
2020-09-28,15:22:01.291000,12409,12410,12410,1
2020-09-28,15:22:01.336000,12410,12411,12410,1
2020-09-28,15:22:02.502000,12410,12411,12410,3
2020-09-28,15:22:06.808000,12409,12410,12410,1
2020-09-28,15:22:08.058000,12409,12410,12410,1
2020-09-28,15:22:08.947000,12410,12411,12411,1
2020-09-28,15:22:10.291000,12410,12411,12410,1
2020-09-28,15:22:10.971000,12410,12411,12410,5
2020-09-28,15:22:14.080000,12410,12411,12410,2
2020-09-28,15:22:14.173000,12410,12411,12410,1
2020-09-28,15:22:14.174000,12410,12411,12410,2
2020-09-28,15:22:16.360000,12410,12411,12411,5
2020-09-28,15:22:20.055000,12410,12411,12411,7
2020-09-28,15:22:20.055000,12410,12411,12412,13
2020-09-28,15:22:21.435000,12411,12412,12411,4
2020-09-28,15:22:21.435000,12411,12412,12411,1
2020-09-28,15:22:25.553000,12410,12411,12411,1
2020-09-28,15:22:40.634000,12410,12411,12411,1
2020-09-28,15:22:41.732000,12410,12411,12411,1
2020-09-28,15:22:42.817000,12410,12411,12411,5
2020-09-28,15:22:43.341000,12410,12412,12412,1
2020-09-28,15:22:43.560000,12410,12412,12411,3
2020-09-28,15:22:45.737000,12410,12411,12410,1
2020-09-28,15:22:46.484000,12410,12411,12411,1
2020-09-28,15:22:49.218000,12410,12411,12411,1
2020-09-28,15:23:03.614000,12410,12411,12410,2
2020-09-28,15:23:03.710000,12410,12411,12410,1
2020-09-28,15:23:05.562000,12410,12411,12410,4
2020-09-28,15:23:05.562000,12410,12411,12410,4
2020-09-28,15:23:05.562000,12410,12411,12410,1
2020-09-28,15:23:10.167000,12409,12411,12409,2
2020-09-28,15:23:18.842000,12410,12411,12411,1
2020-09-28,15:23:24.516000,12410,12411,12411,5
2020-09-28,15:23:25.461000,12411,12412,12411,5
2020-09-28,15:23:27.052000,12411,12412,12411,5
2020-09-28,15:23:31.350000,12410,12411,12411,1
2020-09-28,15:23:36.668000,12410,12411,12411,1
2020-09-28,15:23:36.668000,12410,12411,12411,1
2020-09-28,15:23:40.617000,12411,12412,12411,5
2020-09-28,15:23:42.083000,12411,12412,12411,1
2020-09-28,15:23:42.366000,12410,12411,12411,4
2020-09-28,15:23:43.989000,12411,12412,12411,5
2020-09-28,15:23:47.174000,12410,12411,12411,4
2020-09-28,15:23:47.175000,12410,12411,12411,1
2020-09-28,15:23:49.316000,12411,12412,12411,1
2020-09-28,15:23:53.143000,12410,12411,12410,4
2020-09-28,15:23:53.144000,12410,12411,12410,4
2020-09-28,15:23:53.144000,12410,12411,12410,6
2020-09-28,15:23:57.580000,12409,12410,12410,1
2020-09-28,15:24:00.715000,12409,12410,12410,1
2020-09-28,15:24:00.835000,12409,12410,12409,1
2020-09-28,15:24:02.259000,12409,12410,12410,3
2020-09-28,15:24:08.327000,12409,12410,12410,1
2020-09-28,15:24:08.327000,12409,12410,12410,1
2020-09-28,15:24:08.327000,12409,12410,12410,3
2020-09-28,15:24:13.011000,12409,12410,12410,2
2020-09-28,15:24:13.724000,12409,12410,12410,1
2020-09-28,15:24:18.412000,12409,12410,12410,1
2020-09-28,15:24:18.412000,12409,12410,12410,1
2020-09-28,15:24:27.712000,12409,12410,12410,1
2020-09-28,15:24:40.703000,12409,12410,12410,1
2020-09-28,15:24:41.569000,12409,12410,12410,3
2020-09-28,15:24:45.034000,12410,12411,12411,1
2020-09-28,15:24:45.034000,12410,12411,12412,2
2020-09-28,15:24:51.768000,12410,12412,12412,1
2020-09-28,15:24:52.082000,12410,12412,12412,1
2020-09-28,15:24:54.204000,12410,12412,12412,1
2020-09-28,15:25:04.399000,12411,12413,12413,1
2020-09-28,15:25:04.459000,12411,12413,12411,1
2020-09-28,15:25:22.130000,12411,12412,12411,1
2020-09-28,15:25:30.605000,12411,12412,12411,1
2020-09-28,15:25:37.655000,12410,12412,12411,1
2020-09-28,15:25:56.353000,12411,12412,12412,1
2020-09-28,15:25:56.865000,12411,12412,12412,1
2020-09-28,15:25:57.176000,12411,12412,12412,1
2020-09-28,15:26:02.340000,12411,12412,12412,2
2020-09-28,15:26:02.458000,12412,12413,12412,1
2020-09-28,15:26:04.911000,12412,12413,12412,1
2020-09-28,15:26:15.490000,12410,12412,12412,1
2020-09-28,15:26:20.317000,12411,12412,12411,1
2020-09-28,15:26:24.183000,12410,12412,12410,1
2020-09-28,15:26:25.038000,12410,12412,12410,1
2020-09-28,15:26:34.310000,12410,12411,12410,1
2020-09-28,15:26:37.305000,12410,12411,12411,1
2020-09-28,15:26:37.305000,12410,12411,12412,1
2020-09-28,15:26:43.934000,12410,12411,12411,1
2020-09-28,15:26:44.245000,12410,12412,12412,6
2020-09-28,15:26:45.238000,12411,12413,12413,2
2020-09-28,15:26:48.978000,12412,12413,12413,1
2020-09-28,15:26:49.100000,12412,12414,12414,1
2020-09-28,15:26:53.847000,12413,12414,12414,2
2020-09-28,15:26:53.987000,12413,12414,12414,1
2020-09-28,15:26:55.651000,12413,12414,12414,1
2020-09-28,15:26:58.556000,12414,12415,12414,1
2020-09-28,15:27:00.308000,12414,12415,12414,1
2020-09-28,15:27:00.335000,12413,12415,12413,1
2020-09-28,15:27:03.453000,12414,12415,12414,1
2020-09-28,15:27:06.252000,12414,12415,12415,1
2020-09-28,15:27:10.199000,12414,12415,12415,2
2020-09-28,15:27:10.224000,12414,12415,12415,1
2020-09-28,15:27:14.499000,12414,12415,12415,5
2020-09-28,15:27:15.877000,12414,12415,12415,1
2020-09-28,15:27:16.885000,12414,12415,12415,1
2020-09-28,15:27:20.483000,12414,12415,12415,1
2020-09-28,15:27:26.658000,12414,12415,12415,1
2020-09-28,15:27:30.555000,12414,12415,12415,2
2020-09-28,15:27:39.364000,12414,12415,12414,1
2020-09-28,15:27:40.145000,12413,12415,12415,1
2020-09-28,15:27:42.788000,12413,12415,12415,5
2020-09-28,15:27:46.764000,12413,12414,12414,1
2020-09-28,15:27:57.768000,12414,12415,12415,3
2020-09-28,15:27:57.768000,12414,12415,12416,2
2020-09-28,15:28:16.894000,12414,12416,12416,1
2020-09-28,15:28:16.961000,12414,12416,12414,1
2020-09-28,15:28:17.013000,12414,12416,12416,1
2020-09-28,15:28:17.521000,12414,12416,12416,1
2020-09-28,15:28:18.942000,12414,12416,12414,1
2020-09-28,15:28:31.096000,12414,12416,12414,1
2020-09-28,15:28:52.656000,12415,12416,12416,1
2020-09-28,15:28:53.905000,12415,12416,12416,1
2020-09-28,15:28:53.906000,12415,12416,12416,6
2020-09-28,15:29:02.326000,12416,12417,12417,2
2020-09-28,15:29:02.458000,12416,12417,12416,1
2020-09-28,15:29:14.477000,12416,12417,12416,1
2020-09-28,15:29:18.883000,12416,12417,12417,2
2020-09-28,15:29:24.863000,12416,12417,12417,1
2020-09-28,15:29:28.817000,12416,12417,12417,5
2020-09-28,15:29:34.635000,12417,12418,12418,1
2020-09-28,15:29:39.234000,12417,12418,12418,3
2020-09-28,15:29:40.552000,12417,12418,12418,1
2020-09-28,15:29:42.075000,12417,12418,12417,1
2020-09-28,15:29:42.919000,12417,12418,12417,1
2020-09-28,15:29:45.642000,12417,12418,12418,4
2020-09-28,15:29:52.497000,12417,12418,12417,3
2020-09-28,15:29:54.086000,12417,12418,12418,13
2020-09-28,15:29:55.533000,12417,12419,12417,1
2020-09-28,15:29:56.907000,12417,12419,12417,3
2020-09-28,15:29:57.866000,12417,12419,12417,1
2020-09-28,15:30:00.586000,12417,12418,12417,1
2020-09-28,15:30:00.587000,12417,12418,12417,4
2020-09-28,15:30:00.615000,12417,12418,12416,1
2020-09-28,15:30:00.709000,12416,12418,12416,1
2020-09-28,15:30:00.911000,12416,12418,12418,3
2020-09-28,15:30:01.020000,12416,12418,12418,3
2020-09-28,15:30:01.299000,12417,12418,12419,1
2020-09-28,15:30:01.381000,12417,12419,12419,1
2020-09-28,15:30:01.390000,12417,12419,12419,1
2020-09-28,15:30:02.166000,12417,12419,12417,1
2020-09-28,15:30:02.175000,12417,12419,12417,1
2020-09-28,15:30:02.178000,12417,12419,12418,2
2020-09-28,15:30:02.184000,12417,12419,12417,1
2020-09-28,15:30:02.210000,12417,12419,12417,1
2020-09-28,15:30:06.315000,12417,12418,12418,1
2020-09-28,15:30:10.522000,12416,12418,12416,3
2020-09-28,15:30:10.523000,12416,12418,12416,4
2020-09-28,15:30:10.523000,12416,12418,12416,2
2020-09-28,15:30:10.524000,12416,12418,12415,2
2020-09-28,15:30:10.524000,12416,12418,12415,4
2020-09-28,15:30:15.687000,12414,12416,12416,1
2020-09-28,15:30:15.687000,12414,12416,12416,1
2020-09-28,15:30:18.473000,12415,12417,12417,1
2020-09-28,15:30:24.844000,12415,12417,12415,1
2020-09-28,15:30:25.077000,12415,12417,12415,1
2020-09-28,15:30:25.785000,12415,12417,12415,1
2020-09-28,15:30:30.015000,12415,12417,12415,2
2020-09-28,15:30:31.805000,12415,12416,12416,1
2020-09-28,15:30:40.335000,12416,12417,12416,1
2020-09-28,15:30:49.996000,12416,12417,12416,1
2020-09-28,15:30:57.507000,12416,12417,12416,1
2020-09-28,15:31:00.703000,12416,12417,12416,1
2020-09-28,15:31:02.378000,12416,12417,12417,1
2020-09-28,15:31:21.626000,12416,12417,12416,1
2020-09-28,15:31:22.510000,12416,12417,12416,1
2020-09-28,15:31:25.892000,12416,12417,12417,2
2020-09-28,15:31:25.892000,12416,12417,12417,5
2020-09-28,15:31:30.856000,12417,12418,12417,1
2020-09-28,15:31:36.068000,12417,12418,12417,1
2020-09-28,15:31:36.074000,12417,12418,12417,1
2020-09-28,15:31:36.518000,12417,12418,12417,3
2020-09-28,15:31:52.057000,12416,12418,12418,10
2020-09-28,15:31:54.643000,12417,12418,12417,1
2020-09-28,15:31:55.037000,12417,12418,12418,2
2020-09-28,15:31:59.265000,12418,12419,12418,2
2020-09-28,15:32:19.182000,12417,12418,12418,1
2020-09-28,15:32:19.361000,12417,12418,12418,2
2020-09-28,15:32:19.361000,12417,12418,12418,1
2020-09-28,15:32:30.589000,12417,12418,12418,2
2020-09-28,15:32:33.200000,12418,12419,12418,1
2020-09-28,15:32:34.454000,12418,12419,12419,1
2020-09-28,15:32:35.445000,12418,12419,12418,1
2020-09-28,15:32:41.656000,12417,12418,12418,1
2020-09-28,15:32:44.618000,12418,12419,12418,1
2020-09-28,15:32:46.707000,12417,12419,12418,1
2020-09-28,15:32:52.441000,12418,12419,12418,1
2020-09-28,15:32:52.654000,12418,12419,12418,1
2020-09-28,15:32:53.912000,12417,12419,12419,1
2020-09-28,15:32:54.313000,12417,12419,12419,1
2020-09-28,15:32:54.314000,12417,12419,12419,4
2020-09-28,15:32:54.314000,12417,12419,12419,3
2020-09-28,15:32:54.314000,12417,12419,12419,16
2020-09-28,15:32:54.314000,12417,12419,12419,9
2020-09-28,15:32:54.369000,12419,12420,12420,1
2020-09-28,15:32:54.813000,12418,12420,12420,1
2020-09-28,15:32:55.093000,12418,12420,12420,1
2020-09-28,15:32:55.119000,12418,12420,12420,1
2020-09-28,15:32:56.462000,12418,12420,12420,2
2020-09-28,15:32:59.846000,12418,12420,12420,5
2020-09-28,15:33:06.928000,12419,12420,12419,2
2020-09-28,15:33:06.929000,12419,12420,12419,2
2020-09-28,15:33:14.348000,12418,12419,12419,1
2020-09-28,15:33:15.557000,12418,12419,12418,1
2020-09-28,15:33:26.594000,12418,12419,12418,3
2020-09-28,15:33:31.169000,12418,12419,12418,1
2020-09-28,15:33:33.664000,12417,12419,12417,1
2020-09-28,15:33:38.933000,12418,12419,12418,1
2020-09-28,15:33:42.519000,12417,12418,12417,1
2020-09-28,15:33:44.803000,12417,12418,12417,13
2020-09-28,15:33:44.803000,12417,12418,12417,1
2020-09-28,15:33:45.617000,12416,12417,12416,1
2020-09-28,15:33:49.360000,12416,12417,12416,2
2020-09-28,15:33:49.360000,12416,12417,12416,3
2020-09-28,15:33:58.945000,12416,12417,12416,1
2020-09-28,15:34:01.676000,12415,12416,12415,1
2020-09-28,15:34:05.805000,12415,12417,12415,1
2020-09-28,15:34:06.183000,12415,12417,12417,1
2020-09-28,15:34:15.518000,12416,12417,12416,2
2020-09-28,15:34:15.589000,12415,12417,12415,1
2020-09-28,15:34:24.125000,12415,12416,12415,1
2020-09-28,15:34:25.597000,12415,12416,12415,1
2020-09-28,15:34:39.476000,12415,12416,12415,33
2020-09-28,15:34:40.858000,12414,12415,12414,2
2020-09-28,15:34:40.859000,12414,12415,12414,2
2020-09-28,15:34:40.859000,12414,12415,12414,1
2020-09-28,15:34:40.975000,12413,12415,12413,1
2020-09-28,15:34:49.796000,12413,12415,12413,3
2020-09-28,15:34:51.297000,12414,12415,12414,1
2020-09-28,15:34:58.082000,12413,12414,12414,1
2020-09-28,15:35:04.039000,12414,12415,12414,2
2020-09-28,15:35:13.435000,12414,12415,12415,3
2020-09-28,15:35:18.093000,12414,12415,12415,1
2020-09-28,15:35:34.965000,12414,12415,12415,3
2020-09-28,15:35:36.124000,12415,12416,12416,1
2020-09-28,15:35:36.124000,12415,12416,12416,5
2020-09-28,15:35:36.125000,12415,12416,12416,23
2020-09-28,15:35:36.125000,12415,12416,12416,2
2020-09-28,15:35:40.020000,12415,12417,12417,1
2020-09-28,15:35:40.304000,12415,12417,12417,1
2020-09-28,15:36:00.858000,12416,12417,12417,2
2020-09-28,15:36:02.039000,12416,12417,12417,2
2020-09-28,15:36:08.100000,12417,12418,12418,2
2020-09-28,15:36:08.343000,12417,12418,12418,3
2020-09-28,15:36:08.346000,12417,12418,12418,1
2020-09-28,15:36:08.346000,12417,12418,12419,2
2020-09-28,15:36:17.137000,12417,12418,12418,1
2020-09-28,15:36:18.092000,12417,12419,12419,2
2020-09-28,15:36:27.018000,12418,12419,12418,5
2020-09-28,15:36:31.494000,12417,12418,12418,2
2020-09-28,15:36:35.452000,12417,12418,12418,1
2020-09-28,15:36:42.785000,12417,12418,12418,1
2020-09-28,15:37:01.333000,12417,12418,12418,1
2020-09-28,15:37:01.442000,12417,12418,12418,2
2020-09-28,15:37:01.442000,12417,12418,12418,1
2020-09-28,15:37:06.951000,12418,12419,12418,1
2020-09-28,15:37:07.621000,12418,12419,12418,1
2020-09-28,15:37:14.848000,12418,12419,12419,2
2020-09-28,15:37:23.837000,12418,12419,12418,1
2020-09-28,15:37:23.838000,12418,12419,12418,1
2020-09-28,15:37:34.052000,12417,12418,12418,1
2020-09-28,15:37:39.930000,12417,12418,12418,2
2020-09-28,15:37:39.930000,12417,12418,12419,2
2020-09-28,15:37:39.987000,12417,12419,12419,1
2020-09-28,15:37:43.798000,12418,12419,12419,1
2020-09-28,15:37:58.764000,12418,12419,12418,1
2020-09-28,15:37:58.764000,12418,12419,12418,2
2020-09-28,15:37:58.764000,12418,12419,12418,1
2020-09-28,15:37:58.765000,12418,12419,12418,2
2020-09-28,15:37:59.006000,12418,12419,12419,5
2020-09-28,15:37:59.064000,12418,12419,12419,2
2020-09-28,15:38:15.405000,12418,12419,12419,2
2020-09-28,15:38:17.212000,12418,12419,12419,1
2020-09-28,15:38:17.704000,12418,12419,12419,1
2020-09-28,15:39:15.917000,12418,12419,12418,1
2020-09-28,15:39:21.836000,12418,12419,12418,5
2020-09-28,15:39:40.294000,12418,12419,12418,2
2020-09-28,15:39:45.429000,12418,12419,12418,3
2020-09-28,15:39:45.429000,12418,12419,12418,1
2020-09-28,15:40:05.843000,12418,12419,12419,1
2020-09-28,15:40:18.401000,12417,12418,12418,2
2020-09-28,15:40:41.479000,12417,12418,12417,2
2020-09-28,15:40:41.479000,12417,12418,12417,3
2020-09-28,15:41:36.266000,12416,12417,12417,1
2020-09-28,15:41:36.266000,12416,12417,12417,1
2020-09-28,15:41:36.683000,12417,12418,12418,1
2020-09-28,15:41:40.160000,12417,12418,12417,1
2020-09-28,15:42:03.177000,12417,12418,12418,2
2020-09-28,15:42:40.490000,12417,12418,12418,1
2020-09-28,15:42:45.595000,12417,12418,12417,1
2020-09-28,15:42:56.808000,12417,12418,12418,2
2020-09-28,15:43:07.072000,12417,12418,12417,1
2020-09-28,15:43:07.072000,12417,12418,12417,2
2020-09-28,15:43:07.072000,12417,12418,12417,2
2020-09-28,15:43:26.063000,12416,12417,12417,1
2020-09-28,15:43:26.081000,12417,12418,12417,1
2020-09-28,15:44:08.236000,12416,12417,12416,1
2020-09-28,15:44:08.236000,12416,12417,12416,2
2020-09-28,15:44:08.236000,12416,12417,12416,2
2020-09-28,15:44:08.236000,12416,12417,12416,3
2020-09-28,15:44:11.486000,12415,12416,12415,1
2020-09-28,15:44:11.863000,12415,12416,12415,1
2020-09-28,15:44:15.214000,12415,12416,12415,2
2020-09-28,15:44:33.986000,12415,12416,12415,1
2020-09-28,15:44:34.359000,12415,12416,12415,10
2020-09-28,15:44:38.089000,12415,12416,12415,1
2020-09-28,15:44:43.398000,12415,12416,12416,2
2020-09-28,15:44:50.502000,12415,12416,12415,1
2020-09-28,15:45:08.326000,12415,12416,12416,2
2020-09-28,15:45:08.326000,12415,12416,12416,3
2020-09-28,15:45:08.327000,12415,12416,12416,4
2020-09-28,15:45:10.625000,12416,12417,12416,1
2020-09-28,15:45:10.739000,12416,12417,12416,1
2020-09-28,15:45:11.005000,12416,12417,12416,3
2020-09-28,15:45:17.694000,12416,12417,12417,2
2020-09-28,15:45:21.676000,12416,12417,12417,2
2020-09-28,15:45:21.676000,12416,12417,12417,1
2020-09-28,15:45:21.676000,12416,12417,12417,1
2020-09-28,15:45:21.677000,12416,12417,12417,5
2020-09-28,15:45:21.677000,12416,12417,12417,3
2020-09-28,15:45:46.223000,12416,12417,12417,1
2020-09-28,15:45:49.602000,12417,12418,12417,1
2020-09-28,15:45:59.390000,12417,12418,12418,4
2020-09-28,15:45:59.390000,12417,12418,12418,1
2020-09-28,15:45:59.390000,12417,12418,12418,3
2020-09-28,15:46:09.261000,12417,12419,12418,2
2020-09-28,15:46:11.289000,12417,12419,12418,2
2020-09-28,15:46:25.523000,12417,12419,12417,7
2020-09-28,15:46:25.523000,12417,12419,12416,7
2020-09-28,15:46:25.523000,12417,12419,12417,1
2020-09-28,15:46:51.060000,12417,12418,12417,1
2020-09-28,15:47:07.393000,12417,12418,12418,2
2020-09-28,15:47:09.198000,12417,12418,12418,2
2020-09-28,15:47:14.368000,12417,12418,12418,2
2020-09-28,15:47:14.854000,12417,12418,12418,2
2020-09-28,15:47:15.321000,12417,12418,12418,5
2020-09-28,15:47:16.817000,12417,12419,12418,2
2020-09-28,15:47:28.158000,12417,12418,12418,1
2020-09-28,15:47:47.317000,12418,12419,12418,1
2020-09-28,15:48:01.931000,12418,12419,12418,2
2020-09-28,15:48:01.931000,12418,12419,12417,2
2020-09-28,15:48:03.728000,12418,12419,12418,1
2020-09-28,15:48:07.262000,12417,12418,12418,2
2020-09-28,15:48:13.946000,12417,12419,12418,1
2020-09-28,15:48:19.435000,12418,12419,12418,2
2020-09-28,15:48:19.435000,12418,12419,12417,2
2020-09-28,15:48:30.390000,12416,12418,12418,5
2020-09-28,15:48:31.606000,12417,12418,12418,2
2020-09-28,15:48:41.038000,12418,12419,12418,1
2020-09-28,15:48:41.418000,12418,12419,12419,5
2020-09-28,15:48:56.584000,12418,12419,12418,1
2020-09-28,15:48:59.417000,12418,12419,12418,1
2020-09-28,15:49:04.768000,12418,12419,12418,1
2020-09-28,15:49:11.098000,12418,12419,12418,1
2020-09-28,15:49:20.598000,12418,12419,12418,2
2020-09-28,15:49:39.484000,12417,12418,12418,1
2020-09-28,15:49:42.175000,12417,12419,12419,1
2020-09-28,15:49:42.205000,12417,12419,12419,1
2020-09-28,15:50:17.510000,12418,12419,12419,2
2020-09-28,15:50:18.038000,12418,12419,12418,2
2020-09-28,15:50:18.038000,12418,12419,12418,4
2020-09-28,15:50:19.663000,12417,12418,12417,2
2020-09-28,15:50:39.372000,12417,12419,12419,2
2020-09-28,15:50:45.001000,12418,12419,12419,1
2020-09-28,15:50:45.001000,12418,12419,12419,2
2020-09-28,15:50:45.001000,12418,12419,12419,2
2020-09-28,15:50:45.001000,12418,12419,12419,10
2020-09-28,15:50:45.002000,12418,12419,12419,8
2020-09-28,15:50:45.002000,12418,12419,12419,2
2020-09-28,15:50:45.002000,12418,12419,12419,2
2020-09-28,15:50:55.210000,12419,12420,12420,1
2020-09-28,15:50:56.361000,12419,12420,12420,1
2020-09-28,15:51:01.969000,12419,12420,12420,1
2020-09-28,15:51:04.435000,12419,12420,12420,1
2020-09-28,15:51:04.435000,12419,12420,12420,2
2020-09-28,15:51:04.435000,12419,12420,12420,2
2020-09-28,15:51:04.435000,12419,12420,12420,1
2020-09-28,15:51:04.436000,12419,12420,12420,4
2020-09-28,15:51:09.239000,12420,12421,12421,16
2020-09-28,15:51:12.267000,12420,12421,12420,2
2020-09-28,15:51:18.223000,12420,12421,12420,1
2020-09-28,15:51:20.602000,12420,12421,12421,1
2020-09-28,15:51:22.824000,12420,12421,12421,1
2020-09-28,15:51:27.032000,12420,12421,12420,1
2020-09-28,15:51:32.589000,12420,12421,12421,1
2020-09-28,15:51:33.522000,12420,12421,12421,1
2020-09-28,15:51:36.469000,12421,12422,12422,2
2020-09-28,15:51:41.027000,12421,12422,12422,3
2020-09-28,15:51:45.664000,12421,12422,12422,1
2020-09-28,15:51:45.772000,12421,12422,12422,1
2020-09-28,15:51:48.582000,12421,12422,12422,2
2020-09-28,15:51:49.714000,12421,12422,12422,1
2020-09-28,15:51:54.177000,12421,12422,12422,2
2020-09-28,15:51:54.177000,12421,12422,12422,3
2020-09-28,15:51:55.023000,12422,12423,12423,1
2020-09-28,15:51:57.203000,12422,12423,12422,6
2020-09-28,15:52:02.164000,12422,12423,12423,1
2020-09-28,15:52:02.700000,12422,12423,12423,2
2020-09-28,15:52:07.948000,12422,12423,12423,1
2020-09-28,15:52:08.740000,12422,12423,12423,1
2020-09-28,15:52:10.012000,12422,12423,12423,3
2020-09-28,15:52:11.062000,12422,12423,12423,3
2020-09-28,15:52:12.375000,12422,12423,12423,1
2020-09-28,15:52:12.859000,12422,12424,12424,1
2020-09-28,15:52:12.870000,12422,12424,12422,1
2020-09-28,15:52:13.361000,12422,12424,12424,1
2020-09-28,15:52:15.253000,12423,12424,12424,7
2020-09-28,15:52:15.409000,12423,12424,12424,2
2020-09-28,15:52:16.163000,12423,12424,12424,1
2020-09-28,15:52:16.163000,12423,12424,12424,4
2020-09-28,15:52:16.163000,12423,12424,12424,4
2020-09-28,15:52:16.488000,12424,12425,12424,1
2020-09-28,15:52:16.795000,12424,12425,12424,4
2020-09-28,15:52:19.769000,12424,12425,12425,2
2020-09-28,15:52:19.845000,12424,12425,12425,2
2020-09-28,15:52:19.858000,12424,12425,12425,2
2020-09-28,15:52:19.886000,12424,12425,12425,5
2020-09-28,15:52:19.914000,12424,12425,12425,2
2020-09-28,15:52:19.917000,12424,12425,12425,1
2020-09-28,15:52:19.948000,12424,12425,12425,1
2020-09-28,15:52:19.966000,12424,12425,12425,1
2020-09-28,15:52:20.002000,12424,12425,12425,1
2020-09-28,15:52:20.034000,12424,12425,12425,1
2020-09-28,15:52:20.050000,12424,12425,12425,1
2020-09-28,15:52:20.061000,12424,12425,12425,1
2020-09-28,15:52:20.067000,12424,12425,12425,5
2020-09-28,15:52:20.074000,12424,12425,12426,1
2020-09-28,15:52:20.079000,12424,12425,12426,1
2020-09-28,15:52:20.096000,12424,12425,12426,6
2020-09-28,15:52:20.096000,12424,12425,12427,2
2020-09-28,15:52:20.109000,12424,12425,12427,2
2020-09-28,15:52:20.120000,12424,12425,12427,1
2020-09-28,15:52:20.138000,12424,12425,12427,1
2020-09-28,15:52:20.161000,12424,12425,12427,1
2020-09-28,15:52:20.182000,12424,12425,12427,1
2020-09-28,15:52:20.241000,12426,12427,12427,1
2020-09-28,15:52:20.244000,12426,12427,12427,2
2020-09-28,15:52:20.244000,12426,12427,12427,1
2020-09-28,15:52:20.244000,12426,12427,12427,1
2020-09-28,15:52:20.248000,12426,12427,12428,8
2020-09-28,15:52:20.251000,12426,12427,12428,1
2020-09-28,15:52:20.252000,12426,12427,12428,3
2020-09-28,15:52:20.256000,12426,12427,12429,2
2020-09-28,15:52:20.256000,12426,12427,12429,4
2020-09-28,15:52:20.283000,12426,12427,12429,1
2020-09-28,15:52:20.290000,12426,12427,12429,2
2020-09-28,15:52:20.335000,12428,12429,12429,1
2020-09-28,15:52:20.350000,12428,12429,12429,1
2020-09-28,15:52:20.355000,12428,12429,12429,1
2020-09-28,15:52:20.356000,12428,12429,12429,10
2020-09-28,15:52:20.357000,12428,12429,12430,2
2020-09-28,15:52:20.363000,12428,12429,12430,2
2020-09-28,15:52:20.375000,12428,12429,12430,1
2020-09-28,15:52:20.381000,12428,12429,12430,1
2020-09-28,15:52:20.448000,12429,12430,12430,1
2020-09-28,15:52:20.471000,12429,12430,12430,1
2020-09-28,15:52:20.501000,12429,12430,12430,1
2020-09-28,15:52:20.542000,12429,12430,12430,1
2020-09-28,15:52:20.593000,12429,12430,12430,1
2020-09-28,15:52:20.601000,12429,12430,12429,3
2020-09-28,15:52:20.610000,12429,12430,12428,3
2020-09-28,15:52:20.669000,12429,12430,12429,1
2020-09-28,15:52:20.708000,12428,12429,12429,1
2020-09-28,15:52:20.712000,12428,12429,12429,2
2020-09-28,15:52:20.756000,12428,12429,12430,1
2020-09-28,15:52:20.845000,12428,12429,12429,1
2020-09-28,15:52:20.859000,12428,12429,12429,1
2020-09-28,15:52:20.868000,12428,12429,12429,1
2020-09-28,15:52:20.906000,12428,12429,12430,1
2020-09-28,15:52:20.959000,12428,12430,12430,1
2020-09-28,15:52:20.960000,12428,12430,12428,1
2020-09-28,15:52:20.960000,12428,12430,12430,1
2020-09-28,15:52:20.961000,12428,12430,12430,8
2020-09-28,15:52:20.977000,12428,12430,12430,1
2020-09-28,15:52:21.034000,12428,12430,12430,1
2020-09-28,15:52:21.071000,12428,12430,12430,1
2020-09-28,15:52:21.115000,12428,12430,12430,1
2020-09-28,15:52:21.140000,12428,12430,12430,1
2020-09-28,15:52:21.183000,12428,12430,12430,1
2020-09-28,15:52:21.278000,12429,12430,12430,1
2020-09-28,15:52:21.408000,12429,12431,12429,1
2020-09-28,15:52:21.431000,12429,12431,12431,1
2020-09-28,15:52:21.471000,12429,12431,12431,1
2020-09-28,15:52:21.480000,12429,12431,12431,1
2020-09-28,15:52:21.692000,12430,12431,12430,1
2020-09-28,15:52:21.692000,12430,12431,12429,1
2020-09-28,15:52:21.762000,12430,12431,12429,1
2020-09-28,15:52:21.788000,12430,12431,12429,1
2020-09-28,15:52:21.812000,12430,12431,12430,3
2020-09-28,15:52:22.008000,12429,12430,12429,1
2020-09-28,15:52:23.137000,12428,12429,12428,3
2020-09-28,15:52:23.143000,12428,12429,12427,3
2020-09-28,15:52:23.262000,12426,12427,12426,1
2020-09-28,15:52:23.262000,12426,12427,12426,5
2020-09-28,15:52:23.511000,12425,12426,12426,2
2020-09-28,15:52:23.511000,12425,12426,12427,2
2020-09-28,15:52:24.570000,12425,12427,12426,1
2020-09-28,15:52:25.598000,12425,12427,12427,1
2020-09-28,15:52:30.712000,12426,12428,12427,1
2020-09-28,15:52:33.268000,12427,12428,12428,1
2020-09-28,15:52:33.268000,12427,12428,12429,4
2020-09-28,15:52:33.357000,12427,12429,12427,1
2020-09-28,15:52:33.468000,12427,12429,12427,1
2020-09-28,15:52:35.595000,12427,12429,12427,1
2020-09-28,15:52:36.371000,12427,12429,12428,6
2020-09-28,15:52:36.499000,12427,12429,12429,1
2020-09-28,15:52:37.172000,12428,12430,12430,1
2020-09-28,15:52:37.404000,12428,12430,12430,4
2020-09-28,15:52:38.131000,12429,12430,12429,2
2020-09-28,15:52:41.453000,12429,12430,12430,1
2020-09-28,15:52:41.588000,12429,12430,12430,1
2020-09-28,15:52:41.894000,12429,12430,12429,1
2020-09-28,15:52:45.525000,12429,12430,12429,2
2020-09-28,15:52:46.262000,12428,12430,12430,1
2020-09-28,15:52:47.787000,12428,12429,12429,1
2020-09-28,15:52:48.383000,12429,12430,12430,1
2020-09-28,15:52:48.516000,12429,12430,12429,1
2020-09-28,15:52:57.494000,12429,12430,12430,2
2020-09-28,15:52:57.731000,12429,12430,12429,1
2020-09-28,15:52:57.911000,12429,12430,12430,7
2020-09-28,15:52:58.521000,12429,12430,12429,1
2020-09-28,15:52:58.709000,12429,12430,12429,1
2020-09-28,15:53:00.503000,12429,12430,12430,1
2020-09-28,15:53:00.573000,12429,12430,12430,4
2020-09-28,15:53:00.573000,12429,12430,12430,9
2020-09-28,15:53:00.573000,12429,12430,12430,4
2020-09-28,15:53:00.573000,12429,12430,12430,6
2020-09-28,15:53:00.573000,12429,12430,12430,10
2020-09-28,15:53:00.580000,12429,12430,12431,1
2020-09-28,15:53:00.582000,12429,12430,12431,1
2020-09-28,15:53:00.582000,12429,12430,12431,1
2020-09-28,15:53:00.592000,12429,12430,12431,1
2020-09-28,15:53:00.592000,12429,12430,12432,2
2020-09-28,15:53:00.743000,12430,12432,12432,3
2020-09-28,15:53:00.779000,12430,12432,12432,1
2020-09-28,15:53:00.783000,12430,12432,12430,2
2020-09-28,15:53:00.972000,12430,12432,12432,3
2020-09-28,15:53:01.453000,12430,12432,12430,1
2020-09-28,15:53:01.568000,12430,12432,12432,1
2020-09-28,15:53:01.569000,12430,12432,12432,1
2020-09-28,15:53:01.569000,12430,12432,12432,1
2020-09-28,15:53:02.203000,12430,12432,12432,1
2020-09-28,15:53:02.627000,12430,12432,12432,1
2020-09-28,15:53:04.414000,12431,12432,12431,1
2020-09-28,15:53:04.414000,12431,12432,12430,4
2020-09-28,15:53:06.816000,12429,12431,12429,4
2020-09-28,15:53:07.821000,12429,12431,12431,1
2020-09-28,15:53:07.943000,12429,12431,12431,1
2020-09-28,15:53:07.945000,12429,12431,12431,1
2020-09-28,15:53:07.945000,12429,12431,12431,1
2020-09-28,15:53:07.946000,12429,12431,12432,1
2020-09-28,15:53:08.355000,12430,12432,12432,1
2020-09-28,15:53:09.776000,12431,12432,12432,5
2020-09-28,15:53:09.776000,12431,12432,12432,1
2020-09-28,15:53:09.776000,12431,12432,12432,4
2020-09-28,15:53:09.776000,12431,12432,12432,2
2020-09-28,15:53:09.776000,12431,12432,12432,1
2020-09-28,15:53:10.206000,12432,12433,12432,1
2020-09-28,15:53:10.952000,12431,12433,12433,1
2020-09-28,15:53:11.161000,12431,12432,12432,1
2020-09-28,15:53:11.161000,12431,12432,12433,1
2020-09-28,15:53:12.299000,12432,12433,12432,5
2020-09-28,15:53:12.354000,12431,12433,12433,1
2020-09-28,15:53:13.706000,12431,12433,12433,1
2020-09-28,15:53:16.043000,12432,12433,12433,1
2020-09-28,15:53:16.465000,12432,12434,12432,1
2020-09-28,15:53:16.635000,12432,12434,12432,1
2020-09-28,15:53:17.775000,12432,12433,12433,1
2020-09-28,15:53:17.819000,12432,12434,12434,1
2020-09-28,15:53:17.821000,12432,12434,12434,1
2020-09-28,15:53:17.830000,12432,12434,12433,1
2020-09-28,15:53:18.121000,12433,12434,12434,1
2020-09-28,15:53:18.481000,12432,12434,12434,1
2020-09-28,15:53:18.981000,12432,12434,12432,2
2020-09-28,15:53:19.130000,12432,12434,12434,4
2020-09-28,15:53:19.214000,12432,12434,12434,2
2020-09-28,15:53:20.710000,12433,12434,12433,2
2020-09-28,15:53:20.989000,12432,12433,12433,3
2020-09-28,15:53:21.172000,12432,12433,12433,1
2020-09-28,15:53:21.172000,12432,12433,12434,3
2020-09-28,15:53:21.379000,12432,12434,12434,2
2020-09-28,15:53:24.671000,12433,12434,12433,1
2020-09-28,15:53:25.045000,12432,12434,12432,1
2020-09-28,15:53:25.611000,12432,12433,12433,1
2020-09-28,15:53:28.134000,12433,12434,12433,1
2020-09-28,15:53:29.223000,12432,12434,12433,1
2020-09-28,15:53:29.320000,12432,12433,12433,1
2020-09-28,15:53:33.235000,12432,12433,12432,1
2020-09-28,15:53:37.463000,12432,12433,12432,4
2020-09-28,15:53:37.676000,12432,12433,12433,1
2020-09-28,15:53:40.289000,12432,12433,12433,1
2020-09-28,15:53:40.318000,12432,12433,12433,1
2020-09-28,15:53:40.318000,12432,12433,12433,1
2020-09-28,15:53:40.318000,12432,12433,12434,1
2020-09-28,15:53:40.319000,12432,12433,12434,1
2020-09-28,15:53:40.319000,12432,12433,12434,1
2020-09-28,15:53:40.460000,12433,12434,12434,1
2020-09-28,15:53:40.906000,12433,12434,12434,1
2020-09-28,15:53:42.307000,12433,12434,12433,1
2020-09-28,15:53:43.326000,12433,12434,12433,1
2020-09-28,15:53:43.741000,12433,12434,12433,1
2020-09-28,15:53:44.295000,12433,12434,12434,1
2020-09-28,15:53:45.617000,12433,12434,12434,1
2020-09-28,15:53:45.765000,12433,12434,12433,1
2020-09-28,15:53:45.887000,12433,12434,12434,1
2020-09-28,15:53:46.327000,12433,12434,12434,1
2020-09-28,15:53:46.327000,12433,12434,12435,2
2020-09-28,15:53:46.495000,12433,12435,12435,1
2020-09-28,15:53:46.723000,12433,12435,12433,1
2020-09-28,15:53:48.507000,12433,12434,12434,1
2020-09-28,15:53:53.216000,12434,12435,12434,1
2020-09-28,15:53:54.389000,12434,12435,12435,1
2020-09-28,15:53:56.942000,12434,12435,12434,1
2020-09-28,15:53:57.178000,12434,12435,12434,1
2020-09-28,15:53:57.984000,12434,12435,12435,1
2020-09-28,15:54:00.574000,12434,12435,12434,3
2020-09-28,15:54:00.574000,12434,12435,12433,1
2020-09-28,15:54:01.015000,12433,12434,12434,1
2020-09-28,15:54:01.082000,12433,12434,12434,2
2020-09-28,15:54:01.133000,12433,12434,12434,1
2020-09-28,15:54:01.133000,12433,12434,12435,1
2020-09-28,15:54:01.144000,12433,12434,12435,1
2020-09-28,15:54:01.584000,12434,12435,12435,2
2020-09-28,15:54:01.598000,12434,12435,12434,1
2020-09-28,15:54:01.643000,12434,12435,12435,2
2020-09-28,15:54:03.704000,12433,12434,12433,1
2020-09-28,15:54:04.656000,12433,12434,12433,1
2020-09-28,15:54:04.721000,12433,12434,12434,1
2020-09-28,15:54:05.059000,12433,12434,12434,1
2020-09-28,15:54:06.438000,12433,12434,12434,1
2020-09-28,15:54:07.418000,12433,12434,12433,1
2020-09-28,15:54:08.480000,12433,12434,12434,1
2020-09-28,15:54:08.971000,12433,12434,12433,2
2020-09-28,15:54:09.754000,12433,12434,12433,4
2020-09-28,15:54:09.755000,12433,12434,12433,1
2020-09-28,15:54:09.755000,12433,12434,12433,39
2020-09-28,15:54:09.755000,12433,12434,12433,2
2020-09-28,15:54:10.244000,12432,12433,12432,2
2020-09-28,15:54:11.067000,12432,12433,12432,2
2020-09-28,15:54:15.317000,12432,12433,12432,1
2020-09-28,15:54:16.259000,12431,12433,12431,1
2020-09-28,15:54:20.405000,12431,12432,12432,1
2020-09-28,15:54:20.614000,12432,12433,12432,2
2020-09-28,15:54:23.386000,12432,12433,12432,1
2020-09-28,15:54:24.881000,12431,12432,12431,1
2020-09-28,15:54:30.219000,12431,12432,12432,2
2020-09-28,15:54:31.268000,12431,12432,12431,4
2020-09-28,15:54:33.527000,12431,12432,12431,2
2020-09-28,15:54:33.527000,12431,12432,12430,2
2020-09-28,15:54:35.054000,12430,12431,12430,1
2020-09-28,15:54:35.054000,12430,12431,12430,2
2020-09-28,15:54:35.054000,12430,12431,12430,2
2020-09-28,15:54:35.054000,12430,12431,12430,4
2020-09-28,15:54:37.668000,12429,12430,12430,1
2020-09-28,15:54:38.397000,12429,12431,12431,3
2020-09-28,15:54:43.954000,12429,12431,12431,1
2020-09-28,15:54:53.138000,12430,12431,12431,2
2020-09-28,15:55:03.688000,12430,12431,12431,2
2020-09-28,15:55:03.809000,12430,12431,12430,6
2020-09-28,15:55:03.925000,12429,12430,12430,1
2020-09-28,15:55:04.169000,12429,12430,12430,3
2020-09-28,15:55:04.169000,12429,12430,12431,1
2020-09-28,15:55:06.718000,12430,12431,12430,1
2020-09-28,15:55:08.948000,12430,12431,12431,1
2020-09-28,15:55:09.096000,12430,12431,12431,1
2020-09-28,15:55:09.206000,12430,12431,12431,1
2020-09-28,15:55:09.368000,12430,12431,12431,1
2020-09-28,15:55:09.374000,12430,12431,12430,1
2020-09-28,15:55:09.518000,12430,12431,12431,1
2020-09-28,15:55:09.642000,12430,12431,12431,1
2020-09-28,15:55:09.804000,12430,12431,12431,1
2020-09-28,15:55:09.970000,12430,12431,12431,1
2020-09-28,15:55:10.101000,12430,12431,12431,1
2020-09-28,15:55:10.242000,12430,12431,12431,1
2020-09-28,15:55:10.258000,12430,12431,12430,1
2020-09-28,15:55:10.393000,12430,12431,12431,1
2020-09-28,15:55:10.525000,12430,12431,12431,1
2020-09-28,15:55:10.672000,12430,12431,12430,1
2020-09-28,15:55:10.695000,12430,12431,12431,1
2020-09-28,15:55:10.765000,12430,12431,12431,1
2020-09-28,15:55:10.833000,12430,12432,12432,1
2020-09-28,15:55:10.988000,12430,12432,12432,1
2020-09-28,15:55:11.125000,12430,12432,12432,1
2020-09-28,15:55:11.278000,12430,12432,12432,1
2020-09-28,15:55:11.450000,12430,12432,12432,1
2020-09-28,15:55:18.996000,12431,12432,12432,1
2020-09-28,15:55:19.156000,12431,12432,12432,1
2020-09-28,15:55:19.313000,12431,12432,12432,1
2020-09-28,15:55:19.420000,12431,12432,12432,1
2020-09-28,15:55:19.490000,12431,12432,12432,1
2020-09-28,15:55:19.666000,12431,12432,12432,1
2020-09-28,15:55:19.838000,12431,12432,12432,1
2020-09-28,15:55:19.978000,12431,12432,12432,1
2020-09-28,15:55:20.127000,12431,12432,12432,1
2020-09-28,15:55:20.245000,12431,12433,12433,1
2020-09-28,15:55:20.398000,12431,12433,12433,1
2020-09-28,15:55:20.552000,12431,12433,12433,1
2020-09-28,15:55:21.264000,12432,12433,12433,1
2020-09-28,15:55:22.455000,12432,12433,12433,1
2020-09-28,15:55:22.602000,12432,12433,12433,1
2020-09-28,15:55:22.736000,12432,12433,12433,1
2020-09-28,15:55:22.941000,12432,12433,12433,1
2020-09-28,15:55:23.055000,12432,12433,12433,1
2020-09-28,15:55:23.198000,12432,12433,12433,1
2020-09-28,15:55:23.358000,12432,12433,12433,1
2020-09-28,15:55:23.502000,12432,12433,12433,1
2020-09-28,15:55:23.653000,12432,12433,12433,1
2020-09-28,15:55:23.816000,12432,12433,12433,1
2020-09-28,15:55:23.992000,12432,12433,12433,1
2020-09-28,15:55:24.132000,12432,12433,12433,1
2020-09-28,15:55:24.649000,12432,12433,12433,1
2020-09-28,15:55:26.215000,12432,12433,12432,1
2020-09-28,15:55:27.550000,12431,12433,12431,5
2020-09-28,15:55:28.466000,12431,12433,12432,1
2020-09-28,15:55:29.817000,12431,12433,12431,1
2020-09-28,15:55:31.006000,12431,12433,12432,1
2020-09-28,15:55:31.748000,12432,12433,12432,1
2020-09-28,15:55:32.173000,12431,12433,12432,1
2020-09-28,15:55:33.708000,12431,12433,12433,2
2020-09-28,15:55:35.218000,12431,12433,12432,1
2020-09-28,15:55:45.145000,12431,12432,12431,1
2020-09-28,15:55:45.145000,12431,12432,12431,4
2020-09-28,15:55:45.145000,12431,12432,12431,2
2020-09-28,15:55:49.126000,12431,12432,12431,1
2020-09-28,15:55:55.206000,12431,12432,12431,1
2020-09-28,15:55:55.206000,12431,12432,12431,2
2020-09-28,15:55:58.114000,12430,12432,12430,1
2020-09-28,15:56:01.345000,12430,12431,12431,1
2020-09-28,15:56:08.052000,12430,12431,12431,1
2020-09-28,15:56:09.201000,12430,12431,12431,1
2020-09-28,15:56:20.158000,12431,12432,12431,1
2020-09-28,15:56:21.532000,12431,12432,12431,1
2020-09-28,15:56:22.683000,12430,12431,12431,1
2020-09-28,15:56:28.217000,12430,12431,12430,1
2020-09-28,15:56:28.217000,12430,12431,12430,11
2020-09-28,15:56:28.347000,12429,12430,12430,2
2020-09-28,15:56:31.550000,12429,12430,12429,9
2020-09-28,15:56:32.405000,12428,12429,12428,2
2020-09-28,15:56:34.114000,12428,12429,12429,1
2020-09-28,15:56:34.994000,12428,12429,12428,1
2020-09-28,15:56:39.834000,12428,12429,12429,1
2020-09-28,15:56:44.218000,12428,12429,12428,1
2020-09-28,15:56:45.009000,12428,12429,12428,1
2020-09-28,15:56:45.010000,12428,12429,12428,2
2020-09-28,15:56:49.567000,12427,12428,12428,1
2020-09-28,15:56:52.367000,12427,12429,12429,1
2020-09-28,15:56:58.992000,12427,12428,12427,1
2020-09-28,15:57:00.763000,12427,12428,12428,4
2020-09-28,15:57:02.093000,12427,12429,12427,9
2020-09-28,15:57:08.683000,12427,12429,12427,1
2020-09-28,15:57:08.870000,12427,12428,12428,1
2020-09-28,15:57:10.499000,12427,12428,12428,1
2020-09-28,15:57:10.810000,12428,12429,12428,1
2020-09-28,15:57:11.959000,12428,12429,12428,1
2020-09-28,15:57:12.983000,12427,12429,12427,1
2020-09-28,15:57:13.575000,12426,12428,12428,1
2020-09-28,15:57:15.467000,12426,12428,12426,1
2020-09-28,15:57:17.101000,12426,12427,12427,1
2020-09-28,15:57:18.191000,12426,12427,12427,1
2020-09-28,15:57:21.004000,12426,12427,12427,1
2020-09-28,15:57:24.977000,12426,12427,12426,4
2020-09-28,15:57:28.345000,12426,12427,12427,2
2020-09-28,15:57:34.566000,12427,12428,12427,1
2020-09-28,15:57:34.567000,12427,12428,12427,2
2020-09-28,15:57:34.880000,12426,12428,12428,2
2020-09-28,15:57:35.748000,12426,12427,12427,1
2020-09-28,15:57:36.444000,12426,12428,12426,1
2020-09-28,15:57:37.813000,12426,12428,12428,1
2020-09-28,15:57:43.745000,12427,12428,12427,1
2020-09-28,15:57:45.330000,12426,12428,12428,2
2020-09-28,15:57:55.358000,12427,12428,12428,5
2020-09-28,15:57:56.886000,12427,12429,12428,1
2020-09-28,15:57:58.084000,12427,12429,12429,2
2020-09-28,15:58:05.156000,12427,12429,12427,8
2020-09-28,15:58:05.195000,12427,12429,12427,1
2020-09-28,15:58:05.686000,12427,12429,12427,1
2020-09-28,15:58:06.805000,12427,12429,12427,3
2020-09-28,15:58:08.064000,12427,12428,12428,1
2020-09-28,15:58:09.796000,12427,12429,12429,2
2020-09-28,15:58:16.561000,12427,12428,12428,1
2020-09-28,15:58:17.755000,12427,12429,12429,1
2020-09-28,15:58:20.359000,12427,12429,12427,2
2020-09-28,15:58:25.503000,12427,12428,12427,2
2020-09-28,15:58:26.305000,12426,12428,12428,1
2020-09-28,15:58:31.679000,12426,12427,12427,1
2020-09-28,15:58:32.134000,12426,12427,12427,1
2020-09-28,15:58:36.037000,12426,12427,12426,1
2020-09-28,15:58:46.681000,12426,12427,12426,1
2020-09-28,15:58:47.712000,12426,12427,12426,1
2020-09-28,15:58:51.845000,12426,12427,12426,2
2020-09-28,15:58:54.067000,12426,12427,12426,1
2020-09-28,15:58:55.184000,12426,12427,12426,1
2020-09-28,15:58:57.070000,12426,12427,12426,4
2020-09-28,15:58:59.354000,12425,12426,12425,1
2020-09-28,15:58:59.561000,12425,12426,12425,1
2020-09-28,15:58:59.602000,12425,12426,12425,1
2020-09-28,15:59:03.939000,12425,12426,12425,14
2020-09-28,15:59:03.940000,12425,12426,12425,1
2020-09-28,15:59:06.346000,12425,12426,12425,1
2020-09-28,15:59:07.217000,12424,12425,12425,1
2020-09-28,15:59:14.974000,12425,12426,12426,1
2020-09-28,15:59:15.593000,12425,12426,12425,2
2020-09-28,15:59:16.520000,12425,12426,12425,1
2020-09-28,15:59:16.520000,12425,12426,12424,9
2020-09-28,15:59:16.876000,12425,12426,12426,1
2020-09-28,15:59:21.493000,12425,12426,12425,3
2020-09-28,15:59:21.493000,12425,12426,12424,2
2020-09-28,15:59:24.540000,12425,12426,12426,2
2020-09-28,15:59:31.246000,12425,12426,12425,1
2020-09-28,15:59:33.596000,12425,12426,12425,2
2020-09-28,15:59:35.033000,12423,12425,12423,1
2020-09-28,15:59:35.126000,12423,12424,12423,1
2020-09-28,15:59:36.579000,12423,12424,12424,1
2020-09-28,15:59:45.630000,12424,12425,12424,1
2020-09-28,15:59:50.885000,12423,12424,12424,3
2020-09-28,15:59:54.037000,12424,12425,12424,3
2020-09-28,15:59:54.743000,12424,12425,12424,1
2020-09-28,15:59:59.530000,12424,12425,12424,1
2020-09-28,16:00:00.195000,12424,12425,12424,1
2020-09-28,16:00:00.528000,12423,12424,12424,2
2020-09-28,16:00:00.536000,12423,12424,12424,2
2020-09-28,16:00:00.659000,12423,12424,12424,1
2020-09-28,16:00:00.665000,12423,12424,12424,1
2020-09-28,16:00:00.683000,12423,12424,12424,1
2020-09-28,16:00:00.700000,12423,12425,12423,9
2020-09-28,16:00:00.700000,12423,12425,12422,6
2020-09-28,16:00:01.282000,12422,12424,12424,1
2020-09-28,16:00:01.905000,12422,12424,12424,1
2020-09-28,16:00:01.921000,12422,12424,12422,2
2020-09-28,16:00:02.031000,12422,12424,12424,2
2020-09-28,16:00:03.472000,12422,12424,12424,1
2020-09-28,16:00:04.643000,12422,12424,12424,2
2020-09-28,16:00:05.955000,12422,12424,12422,1
2020-09-28,16:00:09.840000,12422,12423,12423,1
2020-09-28,16:00:10.642000,12422,12423,12423,1
2020-09-28,16:00:11.677000,12422,12424,12424,1
2020-09-28,16:00:12.425000,12422,12423,12423,1
2020-09-28,16:00:13.759000,12422,12423,12422,1
2020-09-28,16:00:14.844000,12421,12423,12421,1
2020-09-28,16:00:16.645000,12421,12423,12421,1
2020-09-28,16:00:17.471000,12421,12423,12422,1
2020-09-28,16:00:20.219000,12421,12423,12421,4
2020-09-28,16:00:22.208000,12421,12422,12422,2
2020-09-28,16:00:23.638000,12421,12422,12422,1
2020-09-28,16:00:24.571000,12421,12422,12422,2
2020-09-28,16:00:24.571000,12421,12422,12422,2
2020-09-28,16:00:24.571000,12421,12422,12422,4
2020-09-28,16:00:26.363000,12422,12423,12422,1
2020-09-28,16:00:27.616000,12422,12423,12422,2
2020-09-28,16:00:27.617000,12422,12423,12422,1
2020-09-28,16:00:31.653000,12422,12423,12422,4
2020-09-28,16:00:32.752000,12421,12423,12422,1
2020-09-28,16:00:34.398000,12421,12422,12422,2
2020-09-28,16:00:34.522000,12421,12422,12421,1
2020-09-28,16:00:35.248000,12421,12422,12421,1
2020-09-28,16:00:35.248000,12421,12422,12421,11
2020-09-28,16:00:35.248000,12421,12422,12421,16
2020-09-28,16:00:35.492000,12420,12422,12420,1
2020-09-28,16:00:35.768000,12420,12422,12420,1
2020-09-28,16:00:35.812000,12420,12422,12420,2
2020-09-28,16:00:35.821000,12420,12422,12420,1
2020-09-28,16:00:35.833000,12420,12422,12420,1
2020-09-28,16:00:35.868000,12420,12422,12420,1
2020-09-28,16:00:35.939000,12420,12422,12420,1
2020-09-28,16:00:36.035000,12420,12422,12420,1
2020-09-28,16:00:36.100000,12420,12422,12420,1
2020-09-28,16:00:36.103000,12420,12422,12420,1
2020-09-28,16:00:36.113000,12420,12422,12420,1
2020-09-28,16:00:36.137000,12420,12422,12420,1
2020-09-28,16:00:36.168000,12420,12422,12420,1
2020-09-28,16:00:36.252000,12420,12421,12420,1
2020-09-28,16:00:36.252000,12420,12421,12420,1
2020-09-28,16:00:37.044000,12420,12421,12420,1
2020-09-28,16:00:37.664000,12420,12421,12420,3
2020-09-28,16:00:38.282000,12419,12420,12419,1
2020-09-28,16:00:38.467000,12419,12420,12419,4
2020-09-28,16:00:38.538000,12419,12420,12419,1
2020-09-28,16:00:38.964000,12419,12420,12420,4
2020-09-28,16:00:39.119000,12419,12421,12421,2
2020-09-28,16:00:42.441000,12419,12420,12420,1
2020-09-28,16:00:42.520000,12419,12420,12419,7
2020-09-28,16:00:42.658000,12419,12420,12419,1
2020-09-28,16:00:43.919000,12420,12422,12420,9
2020-09-28,16:00:43.919000,12420,12422,12420,1
2020-09-28,16:00:43.964000,12420,12421,12420,7
2020-09-28,16:00:51.321000,12419,12420,12420,1
2020-09-28,16:00:52.529000,12419,12420,12420,2
2020-09-28,16:00:55.722000,12419,12420,12419,2
2020-09-28,16:00:57.018000,12419,12420,12419,1
2020-09-28,16:00:58.190000,12419,12420,12419,2
2020-09-28,16:00:58.852000,12418,12420,12420,1
2020-09-28,16:00:59.275000,12418,12420,12420,1
2020-09-28,16:00:59.765000,12418,12420,12420,1
2020-09-28,16:01:00.526000,12418,12420,12418,1
2020-09-28,16:01:00.595000,12418,12420,12418,1
2020-09-28,16:01:00.839000,12418,12420,12418,4
2020-09-28,16:01:06.099000,12418,12419,12419,1
2020-09-28,16:01:06.122000,12418,12419,12419,1
2020-09-28,16:01:07.582000,12419,12420,12420,1
2020-09-28,16:01:10.760000,12419,12420,12420,1
2020-09-28,16:01:12.017000,12419,12420,12420,1
2020-09-28,16:01:13.707000,12419,12420,12420,1
2020-09-28,16:01:13.914000,12419,12420,12419,1
2020-09-28,16:01:13.915000,12419,12420,12419,2
2020-09-28,16:01:13.915000,12419,12420,12419,4
2020-09-28,16:01:13.915000,12419,12420,12419,4
2020-09-28,16:01:16.454000,12418,12420,12418,1
2020-09-28,16:01:17.137000,12418,12420,12418,1
2020-09-28,16:01:18.232000,12418,12419,12418,1
2020-09-28,16:01:19.368000,12418,12419,12418,1
2020-09-28,16:01:21.595000,12418,12419,12418,1
2020-09-28,16:01:22.559000,12418,12419,12418,1
2020-09-28,16:01:23.411000,12418,12419,12419,1
2020-09-28,16:01:24.966000,12418,12419,12418,2
2020-09-28,16:01:28.406000,12418,12419,12418,2
2020-09-28,16:01:28.406000,12418,12419,12418,2
2020-09-28,16:01:29.007000,12417,12418,12417,3
2020-09-28,16:01:29.030000,12417,12418,12418,1
2020-09-28,16:01:29.999000,12417,12418,12418,1
2020-09-28,16:01:30.861000,12417,12418,12418,1
2020-09-28,16:01:36.663000,12417,12419,12419,3
2020-09-28,16:01:38.331000,12418,12419,12418,1
2020-09-28,16:01:39.265000,12418,12419,12418,1
2020-09-28,16:01:39.447000,12418,12419,12418,1
2020-09-28,16:01:41.758000,12418,12419,12418,1
2020-09-28,16:01:43.317000,12417,12418,12417,1
2020-09-28,16:01:46.252000,12417,12418,12418,1
2020-09-28,16:01:48.574000,12417,12418,12417,3
2020-09-28,16:01:51.658000,12417,12418,12418,3
2020-09-28,16:01:52.516000,12417,12418,12417,1
2020-09-28,16:01:53.276000,12417,12418,12417,1
2020-09-28,16:01:58.258000,12417,12418,12417,1
2020-09-28,16:02:00.569000,12417,12418,12417,2
2020-09-28,16:02:01.338000,12417,12418,12417,2
2020-09-28,16:02:01.389000,12417,12418,12417,2
2020-09-28,16:02:02.463000,12417,12418,12417,2
2020-09-28,16:02:04.376000,12417,12418,12417,1
2020-09-28,16:02:09.864000,12416,12417,12417,2
2020-09-28,16:02:14.632000,12416,12418,12416,1
2020-09-28,16:02:16.958000,12416,12417,12417,3
2020-09-28,16:02:21.398000,12417,12418,12417,1
2020-09-28,16:02:21.644000,12417,12418,12417,1
2020-09-28,16:02:25.311000,12416,12417,12417,1
2020-09-28,16:02:33.224000,12417,12418,12417,2
2020-09-28,16:02:33.317000,12417,12418,12417,1
2020-09-28,16:02:34.480000,12417,12418,12417,1
2020-09-28,16:02:36.841000,12416,12417,12417,1
2020-09-28,16:02:39.541000,12417,12418,12417,2
2020-09-28,16:02:49.305000,12417,12418,12417,1
2020-09-28,16:02:52.441000,12416,12417,12417,1
2020-09-28,16:02:59.749000,12417,12418,12418,4
2020-09-28,16:02:59.750000,12417,12418,12418,6
2020-09-28,16:03:15.263000,12418,12419,12419,2
2020-09-28,16:03:15.264000,12418,12419,12419,1
2020-09-28,16:03:16.758000,12419,12420,12420,34
2020-09-28,16:03:16.759000,12419,12420,12420,17
2020-09-28,16:03:16.759000,12419,12420,12420,1
2020-09-28,16:03:16.760000,12419,12420,12421,1
2020-09-28,16:03:22.956000,12421,12422,12421,1
2020-09-28,16:03:26.162000,12421,12422,12421,1
2020-09-28,16:03:30.431000,12421,12422,12422,2
2020-09-28,16:03:36.661000,12421,12422,12422,1
2020-09-28,16:03:37.104000,12421,12422,12422,1
2020-09-28,16:03:38.368000,12421,12422,12422,1
2020-09-28,16:03:39.589000,12421,12422,12422,1
2020-09-28,16:03:43.279000,12421,12422,12422,3
2020-09-28,16:03:43.716000,12421,12423,12422,1
2020-09-28,16:03:47.782000,12421,12422,12421,5
2020-09-28,16:03:47.783000,12421,12422,12421,7
2020-09-28,16:03:52.028000,12420,12421,12420,5
2020-09-28,16:04:08.187000,12419,12420,12419,2
2020-09-28,16:04:08.187000,12419,12420,12418,1
2020-09-28,16:04:17.263000,12419,12420,12420,4
2020-09-28,16:04:18.494000,12419,12420,12419,1
2020-09-28,16:04:21.428000,12419,12420,12419,1
2020-09-28,16:04:21.428000,12419,12420,12418,1
2020-09-28,16:04:24.605000,12418,12419,12419,1
2020-09-28,16:04:24.816000,12419,12420,12419,2
2020-09-28,16:04:36.009000,12419,12420,12419,1
2020-09-28,16:04:39.013000,12418,12419,12419,1
2020-09-28,16:04:41.669000,12418,12419,12419,1
2020-09-28,16:04:47.305000,12418,12419,12418,4
2020-09-28,16:04:47.305000,12418,12419,12418,1
2020-09-28,16:04:48.925000,12417,12418,12418,1
2020-09-28,16:04:58.443000,12417,12419,12419,2
2020-09-28,16:05:02.942000,12417,12419,12419,1
2020-09-28,16:05:03.232000,12417,12419,12417,1
2020-09-28,16:05:04.490000,12418,12419,12419,4
2020-09-28,16:05:09.549000,12420,12421,12421,1
2020-09-28,16:05:10.328000,12420,12421,12421,1
2020-09-28,16:05:30.732000,12421,12422,12421,2
2020-09-28,16:05:36.301000,12421,12422,12422,5
2020-09-28,16:05:36.990000,12421,12423,12422,2
2020-09-28,16:05:39.994000,12422,12423,12422,1
2020-09-28,16:05:44.030000,12422,12423,12422,2
2020-09-28,16:05:45.411000,12421,12423,12423,1
2020-09-28,16:05:45.412000,12421,12423,12423,1
2020-09-28,16:05:45.412000,12421,12423,12423,4
2020-09-28,16:05:53.696000,12422,12423,12423,1
2020-09-28,16:05:55.317000,12422,12424,12424,2
2020-09-28,16:05:55.597000,12423,12424,12423,1
2020-09-28,16:05:59.751000,12423,12424,12424,1
2020-09-28,16:06:05.287000,12423,12424,12424,1
2020-09-28,16:06:05.288000,12423,12424,12424,5
2020-09-28,16:06:05.288000,12423,12424,12424,2
2020-09-28,16:06:08.487000,12424,12425,12425,4
2020-09-28,16:06:08.595000,12424,12426,12426,1
2020-09-28,16:06:08.633000,12424,12426,12426,1
2020-09-28,16:06:08.638000,12424,12426,12426,2
2020-09-28,16:06:09.642000,12425,12426,12426,1
2020-09-28,16:06:10.592000,12425,12427,12425,1
2020-09-28,16:06:12.186000,12425,12427,12425,2
2020-09-28,16:06:13.775000,12425,12427,12425,1
2020-09-28,16:06:15.211000,12425,12427,12425,1
2020-09-28,16:06:17.378000,12425,12426,12426,1
2020-09-28,16:06:24.941000,12425,12426,12425,1
2020-09-28,16:06:24.941000,12425,12426,12425,2
2020-09-28,16:06:27.311000,12425,12426,12426,2
2020-09-28,16:06:40.509000,12424,12426,12426,1
2020-09-28,16:06:44.008000,12424,12426,12426,1
2020-09-28,16:06:50.784000,12424,12425,12425,1
2020-09-28,16:07:00.801000,12425,12426,12425,1
2020-09-28,16:07:00.801000,12425,12426,12424,2
2020-09-28,16:07:02.190000,12424,12426,12424,2
2020-09-28,16:07:04.207000,12424,12426,12426,1
2020-09-28,16:07:04.511000,12424,12426,12426,3
2020-09-28,16:07:09.138000,12425,12426,12425,1
2020-09-28,16:07:09.228000,12425,12426,12426,11
2020-09-28,16:07:17.273000,12426,12427,12426,2
2020-09-28,16:07:18.559000,12425,12426,12425,1
2020-09-28,16:07:19.172000,12424,12426,12424,2
2020-09-28,16:07:36.743000,12424,12425,12425,1
2020-09-28,16:07:36.743000,12424,12425,12425,1
2020-09-28,16:07:49.308000,12424,12425,12425,1
2020-09-28,16:07:56.775000,12424,12425,12425,1
2020-09-28,16:08:01.153000,12425,12426,12425,2
2020-09-28,16:08:01.897000,12425,12426,12426,1
2020-09-28,16:08:01.897000,12425,12426,12426,1
2020-09-28,16:08:01.897000,12425,12426,12426,1
2020-09-28,16:08:02.055000,12426,12427,12427,1
2020-09-28,16:08:07.445000,12426,12427,12427,2
2020-09-28,16:08:08.389000,12426,12427,12426,1
2020-09-28,16:08:12.657000,12426,12427,12426,1
2020-09-28,16:08:32.356000,12426,12427,12427,1
2020-09-28,16:08:47.627000,12426,12427,12427,1
2020-09-28,16:08:52.227000,12426,12427,12427,3
2020-09-28,16:08:52.228000,12426,12427,12427,2
2020-09-28,16:08:52.228000,12426,12427,12427,4
2020-09-28,16:08:52.228000,12426,12427,12427,3
2020-09-28,16:08:54.977000,12427,12428,12427,1
2020-09-28,16:08:56.364000,12427,12428,12427,1
2020-09-28,16:08:57.428000,12427,12428,12428,2
2020-09-28,16:08:57.428000,12427,12428,12428,8
2020-09-28,16:09:03.105000,12428,12429,12428,4
2020-09-28,16:09:03.880000,12427,12428,12428,1
2020-09-28,16:09:06.111000,12427,12428,12428,1
2020-09-28,16:09:07.177000,12427,12428,12428,3
2020-09-28,16:09:07.178000,12427,12428,12428,1
2020-09-28,16:09:12.782000,12427,12428,12427,4
2020-09-28,16:09:13.978000,12426,12428,12428,6
2020-09-28,16:09:14.411000,12426,12427,12427,1
2020-09-28,16:09:18.017000,12426,12427,12426,2
2020-09-28,16:09:18.793000,12426,12427,12427,1
2020-09-28,16:09:28.837000,12426,12427,12426,1
2020-09-28,16:09:30.879000,12426,12427,12427,1
2020-09-28,16:09:30.879000,12426,12427,12428,4
2020-09-28,16:09:36.949000,12427,12428,12428,6
2020-09-28,16:09:36.949000,12427,12428,12429,4
2020-09-28,16:09:41.634000,12427,12428,12428,1
2020-09-28,16:09:44.782000,12427,12429,12427,1
2020-09-28,16:09:48.336000,12427,12428,12428,1
2020-09-28,16:09:55.898000,12428,12429,12429,1
2020-09-28,16:09:59.118000,12428,12429,12429,1
2020-09-28,16:10:02.367000,12428,12429,12429,3
2020-09-28,16:10:02.734000,12428,12429,12429,1
2020-09-28,16:10:03.786000,12428,12429,12429,4
2020-09-28,16:10:03.787000,12428,12429,12429,3
2020-09-28,16:10:03.787000,12428,12429,12429,3
2020-09-28,16:10:05.500000,12429,12430,12429,1
2020-09-28,16:10:06.347000,12429,12430,12430,1
2020-09-28,16:10:06.598000,12429,12430,12430,1
2020-09-28,16:10:06.629000,12429,12430,12430,1
2020-09-28,16:10:08.115000,12429,12430,12430,1
2020-09-28,16:10:09.254000,12429,12430,12430,1
2020-09-28,16:10:10.506000,12429,12430,12430,1
2020-09-28,16:10:10.957000,12429,12430,12430,6
2020-09-28,16:10:11.280000,12430,12431,12431,2
2020-09-28,16:10:11.281000,12430,12431,12431,6
2020-09-28,16:10:11.354000,12431,12432,12432,1
2020-09-28,16:10:11.558000,12431,12432,12432,1
2020-09-28,16:10:12.630000,12431,12432,12432,1
2020-09-28,16:10:13.666000,12431,12432,12432,1
2020-09-28,16:10:16.243000,12430,12432,12430,2
2020-09-28,16:10:27.572000,12430,12432,12430,2
2020-09-28,16:10:29.484000,12430,12432,12430,2
2020-09-28,16:10:32.662000,12430,12431,12431,1
2020-09-28,16:10:34.760000,12430,12432,12430,1
2020-09-28,16:10:50.955000,12430,12431,12431,2
2020-09-28,16:10:50.955000,12430,12431,12432,16
2020-09-28,16:10:50.956000,12430,12431,12432,2
2020-09-28,16:10:55.281000,12431,12432,12432,1
2020-09-28,16:10:55.778000,12431,12432,12432,1
2020-09-28,16:10:56.016000,12431,12432,12432,1
2020-09-28,16:10:57.814000,12431,12432,12432,1
2020-09-28,16:10:59.301000,12431,12432,12431,2
2020-09-28,16:10:59.740000,12431,12432,12432,1
2020-09-28,16:11:00.644000,12431,12432,12431,1
2020-09-28,16:11:00.644000,12431,12432,12431,27
2020-09-28,16:11:00.644000,12431,12432,12431,1
2020-09-28,16:11:02.071000,12430,12431,12430,1
2020-09-28,16:11:02.266000,12430,12431,12431,1
2020-09-28,16:11:02.332000,12430,12431,12430,2
2020-09-28,16:11:02.333000,12430,12431,12430,2
2020-09-28,16:11:02.333000,12430,12431,12430,1
2020-09-28,16:11:02.333000,12430,12431,12430,9
2020-09-28,16:11:02.333000,12430,12431,12430,3
2020-09-28,16:11:03.355000,12429,12430,12430,1
2020-09-28,16:11:05.805000,12429,12431,12429,1
2020-09-28,16:11:10.479000,12429,12431,12431,1
2020-09-28,16:11:25.711000,12430,12431,12430,1
2020-09-28,16:11:32.453000,12429,12430,12429,1
2020-09-28,16:11:32.504000,12429,12430,12430,1
2020-09-28,16:11:32.511000,12429,12430,12428,1
2020-09-28,16:11:34.868000,12428,12429,12428,5
2020-09-28,16:11:36.215000,12427,12428,12427,1
2020-09-28,16:11:36.365000,12427,12428,12428,1
2020-09-28,16:11:46.104000,12427,12428,12428,1
2020-09-28,16:11:47.934000,12428,12429,12428,1
2020-09-28,16:11:56.645000,12427,12428,12428,2
2020-09-28,16:11:58.065000,12427,12428,12428,2
2020-09-28,16:11:58.065000,12427,12428,12429,3
2020-09-28,16:12:04.277000,12427,12429,12427,4
2020-09-28,16:12:04.323000,12426,12428,12426,9
2020-09-28,16:12:04.323000,12426,12428,12425,17
2020-09-28,16:12:04.457000,12424,12426,12426,1
2020-09-28,16:12:04.638000,12424,12426,12425,1
2020-09-28,16:12:04.712000,12425,12426,12426,1
2020-09-28,16:12:05.405000,12424,12426,12426,1
2020-09-28,16:12:09.531000,12425,12426,12426,4
2020-09-28,16:12:12.524000,12425,12426,12426,1
2020-09-28,16:12:14.751000,12425,12426,12426,1
2020-09-28,16:12:20.408000,12425,12426,12426,1
2020-09-28,16:12:21.976000,12426,12427,12426,1
2020-09-28,16:12:24.557000,12425,12427,12425,1
2020-09-28,16:12:33.826000,12425,12426,12426,1
2020-09-28,16:12:51.469000,12426,12427,12427,2
2020-09-28,16:12:51.469000,12426,12427,12427,1
2020-09-28,16:13:01.739000,12426,12428,12426,1
2020-09-28,16:13:02.077000,12426,12428,12428,1
2020-09-28,16:13:15.313000,12426,12427,12426,4
2020-09-28,16:13:22.305000,12426,12427,12426,3
2020-09-28,16:13:22.305000,12426,12427,12426,2
2020-09-28,16:13:24.094000,12425,12426,12425,1
2020-09-28,16:13:28.987000,12425,12426,12426,2
2020-09-28,16:13:29.528000,12425,12427,12425,1
2020-09-28,16:13:30.959000,12425,12427,12425,1
2020-09-28,16:13:34.051000,12425,12426,12425,1
2020-09-28,16:13:35.622000,12425,12426,12426,1
2020-09-28,16:13:39.218000,12426,12427,12426,3
2020-09-28,16:13:39.219000,12426,12427,12426,2
2020-09-28,16:13:53.734000,12425,12426,12426,2
2020-09-28,16:13:53.734000,12425,12426,12427,7
2020-09-28,16:13:53.734000,12425,12426,12428,1
2020-09-28,16:13:57.189000,12426,12428,12426,2
2020-09-28,16:14:15.827000,12426,12428,12426,1
2020-09-28,16:14:23.013000,12426,12427,12426,1
2020-09-28,16:14:36.603000,12425,12426,12426,1
2020-09-28,16:14:36.910000,12425,12426,12425,1
2020-09-28,16:14:36.910000,12425,12426,12425,1
2020-09-28,16:14:36.910000,12425,12426,12425,8
2020-09-28,16:14:36.978000,12424,12426,12424,1
2020-09-28,16:14:36.995000,12424,12426,12424,2
2020-09-28,16:14:38.374000,12424,12425,12424,1
2020-09-28,16:14:38.574000,12423,12424,12424,1
2020-09-28,16:14:45.807000,12423,12425,12423,1
2020-09-28,16:14:46.215000,12423,12425,12423,1
2020-09-28,16:14:51.967000,12423,12424,12423,1
2020-09-28,16:14:53.765000,12423,12424,12424,6
2020-09-28,16:14:59.623000,12424,12425,12425,1
2020-09-28,16:14:59.623000,12424,12425,12425,2
2020-09-28,16:14:59.624000,12424,12425,12425,2
2020-09-28,16:15:00.800000,12425,12426,12426,1
2020-09-28,16:15:01.120000,12425,12427,12425,1
2020-09-28,16:15:02.586000,12424,12426,12426,1
2020-09-28,16:15:08.593000,12426,12427,12427,1
2020-09-28,16:15:09.969000,12427,12428,12428,2
2020-09-28,16:15:09.969000,12427,12428,12428,2
2020-09-28,16:15:20.205000,12426,12428,12428,2
2020-09-28,16:15:21.105000,12426,12427,12427,1
2020-09-28,16:15:23.145000,12426,12428,12426,8
2020-09-28,16:15:23.146000,12426,12428,12426,12
2020-09-28,16:15:33.176000,12426,12427,12427,3
2020-09-28,16:15:33.176000,12426,12427,12427,1
2020-09-28,16:15:37.841000,12427,12429,12427,1
2020-09-28,16:15:42.621000,12426,12428,12428,4
2020-09-28,16:15:49.113000,12427,12429,12427,6
2020-09-28,16:15:49.114000,12427,12429,12427,1
2020-09-28,16:15:49.114000,12427,12429,12427,14
2020-09-28,16:15:57.110000,12427,12428,12427,1
2020-09-28,16:16:03.310000,12427,12428,12427,1
2020-09-28,16:16:31.253000,12426,12427,12427,1
2020-09-28,16:16:32.129000,12427,12428,12428,1
2020-09-28,16:16:39.412000,12427,12429,12427,1
2020-09-28,16:16:49.049000,12428,12429,12429,2
2020-09-28,16:16:57.238000,12428,12430,12430,1
2020-09-28,16:16:58.923000,12428,12430,12430,1
2020-09-28,16:17:02.606000,12428,12430,12430,1
2020-09-28,16:17:08.399000,12429,12430,12430,1
2020-09-28,16:17:08.414000,12429,12430,12430,1
2020-09-28,16:17:08.421000,12429,12430,12430,1
2020-09-28,16:17:08.446000,12429,12430,12430,1
2020-09-28,16:17:10.381000,12429,12430,12430,1
2020-09-28,16:17:10.978000,12429,12430,12430,2
2020-09-28,16:17:19.795000,12429,12430,12429,1
2020-09-28,16:17:22.264000,12428,12429,12429,1
2020-09-28,16:17:22.264000,12428,12429,12430,1
2020-09-28,16:17:27.516000,12428,12430,12430,1
2020-09-28,16:17:38.021000,12429,12430,12429,1
2020-09-28,16:17:42.388000,12429,12430,12430,1
2020-09-28,16:17:45.291000,12429,12430,12429,1
2020-09-28,16:18:02.361000,12429,12430,12430,6
2020-09-28,16:18:12.797000,12429,12430,12429,2
2020-09-28,16:18:14.834000,12428,12429,12429,1
2020-09-28,16:18:16.118000,12428,12429,12429,1
2020-09-28,16:18:21.239000,12428,12429,12428,1
2020-09-28,16:18:35.616000,12427,12428,12427,2
2020-09-28,16:18:35.641000,12427,12428,12427,2
2020-09-28,16:18:36.039000,12427,12428,12428,2
2020-09-28,16:18:36.039000,12427,12428,12429,3
2020-09-28,16:18:54.789000,12429,12430,12429,1
2020-09-28,16:19:21.748000,12428,12429,12428,2
2020-09-28,16:19:34.911000,12428,12429,12428,1
2020-09-28,16:19:44.247000,12427,12428,12428,1
2020-09-28,16:19:44.248000,12427,12428,12428,1
2020-09-28,16:19:47.330000,12428,12429,12428,1
2020-09-28,16:20:00.773000,12428,12429,12429,1
2020-09-28,16:20:19.573000,12427,12428,12427,3
2020-09-28,16:20:25.305000,12427,12428,12427,1
2020-09-28,16:20:25.305000,12427,12428,12427,4
2020-09-28,16:20:40.221000,12426,12427,12427,1
2020-09-28,16:20:42.986000,12427,12428,12427,1
2020-09-28,16:20:49.777000,12426,12427,12427,1
2020-09-28,16:21:07.255000,12427,12428,12428,1
2020-09-28,16:21:09.845000,12428,12429,12428,1
2020-09-28,16:21:27.033000,12428,12429,12428,3
2020-09-28,16:21:41.592000,12428,12429,12428,1
2020-09-28,16:22:00.547000,12427,12428,12428,1
2020-09-28,16:22:00.547000,12427,12428,12428,1
2020-09-28,16:22:00.548000,12427,12428,12428,1
2020-09-28,16:22:04.718000,12428,12429,12429,2
2020-09-28,16:22:05.154000,12428,12429,12429,1
2020-09-28,16:22:11.544000,12428,12429,12429,1
2020-09-28,16:22:11.972000,12428,12429,12429,2
2020-09-28,16:22:15.182000,12428,12429,12429,2
2020-09-28,16:22:21.976000,12429,12430,12430,2
2020-09-28,16:22:28.971000,12429,12430,12430,1
2020-09-28,16:22:29.893000,12429,12430,12430,1
2020-09-28,16:22:31.804000,12429,12430,12430,2
2020-09-28,16:22:35.125000,12429,12430,12430,2
2020-09-28,16:22:39.212000,12429,12430,12430,2
2020-09-28,16:22:42.341000,12429,12430,12429,1
2020-09-28,16:22:42.565000,12429,12430,12429,1
2020-09-28,16:22:44.763000,12428,12429,12428,2
2020-09-28,16:22:46.965000,12427,12428,12427,1
2020-09-28,16:22:46.965000,12427,12428,12427,6
2020-09-28,16:23:04.997000,12426,12427,12427,1
2020-09-28,16:23:32.046000,12426,12427,12426,1
2020-09-28,16:23:35.843000,12426,12427,12427,1
2020-09-28,16:23:56.146000,12426,12427,12427,1
2020-09-28,16:24:07.973000,12426,12427,12426,1
2020-09-28,16:24:07.974000,12426,12427,12426,5
2020-09-28,16:24:07.974000,12426,12427,12426,5
2020-09-28,16:24:08.023000,12426,12427,12425,2
2020-09-28,16:24:08.303000,12425,12426,12426,1
2020-09-28,16:24:11.450000,12425,12426,12425,5
2020-09-28,16:24:12.681000,12425,12426,12425,1
2020-09-28,16:24:12.681000,12425,12426,12425,1
2020-09-28,16:24:23.496000,12425,12427,12425,1
2020-09-28,16:24:23.727000,12425,12426,12425,1
2020-09-28,16:24:26.262000,12424,12426,12424,1
2020-09-28,16:24:26.357000,12424,12426,12424,1
2020-09-28,16:24:29.843000,12425,12426,12425,1
2020-09-28,16:24:36.846000,12424,12425,12425,1
2020-09-28,16:24:40.459000,12425,12426,12425,1
2020-09-28,16:24:43.440000,12425,12426,12426,1
2020-09-28,16:24:46.663000,12425,12427,12425,1
2020-09-28,16:24:53.817000,12426,12427,12426,1
2020-09-28,16:25:07.344000,12425,12426,12426,1
2020-09-28,16:25:08.423000,12426,12427,12426,1
2020-09-28,16:25:09.164000,12426,12427,12427,1
2020-09-28,16:25:09.981000,12427,12428,12428,2
2020-09-28,16:25:18.588000,12429,12430,12430,2
2020-09-28,16:25:18.588000,12429,12430,12430,3
2020-09-28,16:25:18.589000,12429,12430,12430,1
2020-09-28,16:25:20.005000,12429,12430,12430,4
2020-09-28,16:25:20.766000,12429,12431,12430,4
2020-09-28,16:25:20.766000,12429,12431,12429,1
2020-09-28,16:25:21.008000,12429,12431,12431,4
2020-09-28,16:25:25.320000,12430,12431,12430,1
2020-09-28,16:25:25.569000,12429,12431,12431,4
2020-09-28,16:25:26.052000,12429,12431,12431,1
2020-09-28,16:25:27.615000,12429,12431,12431,3
2020-09-28,16:25:29.032000,12429,12431,12431,1
2020-09-28,16:25:36.105000,12430,12431,12431,1
2020-09-28,16:25:46.543000,12430,12431,12431,4
2020-09-28,16:25:48.693000,12431,12432,12431,7
