2019-11-20 15:00:00.093,11592,11593,11592,44,-44
2019-11-20 15:00:00.103,11592,11593,11593,7,7
2019-11-20 15:00:00.103,11592,11593,11594,2,2
2019-11-20 15:00:00.104,11592,11593,11594,2,2
2019-11-20 15:00:00.104,11592,11593,11595,1,1
2019-11-20 15:00:00.104,11592,11593,11596,3,3
2019-11-20 15:00:00.104,11592,11593,11596,2,2
2019-11-20 15:00:00.104,11592,11593,11597,5,5
2019-11-20 15:00:00.106,11592,11593,11592,1,-1
2019-11-20 15:00:00.106,11592,11593,11597,1,1
2019-11-20 15:00:00.106,11592,11593,11598,4,4
2019-11-20 15:00:00.106,11592,11593,11599,7,7
2019-11-20 15:00:00.106,11592,11593,11600,6,6
2019-11-20 15:00:00.106,11592,11593,11601,2,2
2019-11-20 15:00:00.106,11592,11593,11602,2,2
2019-11-20 15:00:00.113,11592,11602,11602,17,17
2019-11-20 15:00:00.113,11592,11602,11603,5,5
2019-11-20 15:00:00.118,11592,11602,11592,1,-1
2019-11-20 15:00:00.118,11592,11602,11592,1,-1
2019-11-20 15:00:00.124,11592,11602,11602,3,3
2019-11-20 15:00:00.124,11592,11602,11603,10,10
2019-11-20 15:00:00.124,11592,11602,11604,5,5
2019-11-20 15:00:00.124,11592,11602,11604,18,18
2019-11-20 15:00:00.124,11592,11602,11605,3,3
2019-11-20 15:00:00.124,11592,11602,11605,6,6
2019-11-20 15:00:00.124,11592,11602,11605,3,3
2019-11-20 15:00:00.124,11592,11602,11605,15,15
2019-11-20 15:00:00.124,11592,11602,11606,6,6
2019-11-20 15:00:00.125,11592,11602,11606,7,7
2019-11-20 15:00:00.125,11592,11602,11607,1,1
2019-11-20 15:00:00.125,11592,11602,11607,5,5
2019-11-20 15:00:00.126,11592,11602,11607,2,2
2019-11-20 15:00:00.126,11592,11602,11608,12,12
2019-11-20 15:00:00.126,11592,11602,11609,8,8
2019-11-20 15:00:00.126,11592,11602,11610,5,5
2019-11-20 15:00:00.126,11592,11602,11610,3,3
2019-11-20 15:00:00.127,11592,11602,11610,8,8
2019-11-20 15:00:00.127,11592,11602,11611,2,2
2019-11-20 15:00:00.127,11592,11602,11612,11,11
2019-11-20 15:00:00.135,11592,11602,11612,4,4
2019-11-20 15:00:00.135,11592,11602,11613,4,4
2019-11-20 15:00:00.135,11592,11602,11613,9,9
2019-11-20 15:00:00.136,11592,11602,11613,4,4
2019-11-20 15:00:00.139,11592,11602,11613,9,9
2019-11-20 15:00:00.141,11592,11602,11592,2,-2
2019-11-20 15:00:00.141,11592,11602,11592,5,-5
2019-11-20 15:00:00.141,11592,11602,11592,1,-1
2019-11-20 15:00:00.145,11592,11602,11613,1,1
2019-11-20 15:00:00.146,11592,11602,11613,1,1
2019-11-20 15:00:00.150,11592,11602,11613,1,1
2019-11-20 15:00:00.291,11591,11613,11591,1,-1
2019-11-20 15:00:00.385,11591,11613,11591,1,-1
2019-11-20 15:00:00.474,11591,11613,11591,1,-1
2019-11-20 15:00:00.479,11591,11613,11591,1,-1
2019-11-20 15:00:00.479,11591,11613,11607,1,1
2019-11-20 15:00:00.479,11591,11613,11613,4,4
2019-11-20 15:00:00.479,11591,11613,11614,1,1
2019-11-20 15:00:00.494,11591,11614,11591,3,-3
2019-11-20 15:00:00.693,11593,11609,11593,2,2
2019-11-20 15:00:00.698,11593,11609,11593,1,-1
2019-11-20 15:00:00.735,11593,11609,11608,2,2
2019-11-20 15:00:00.768,11592,11608,11604,1,-1
2019-11-20 15:00:00.768,11592,11608,11607,3,3
2019-11-20 15:00:00.769,11592,11608,11591,2,-2
2019-11-20 15:00:00.802,11592,11608,11593,1,1
2019-11-20 15:00:00.815,11592,11608,11593,1,-1
2019-11-20 15:00:00.846,11592,11608,11601,3,3
2019-11-20 15:00:00.846,11592,11608,11593,2,-2
2019-11-20 15:00:01.079,11594,11603,11594,1,1
2019-11-20 15:00:01.110,11594,11603,11593,2,-2
2019-11-20 15:00:01.155,11593,11602,11594,1,1
2019-11-20 15:00:01.444,11593,11602,11602,2,2
2019-11-20 15:00:01.512,11593,11602,11594,1,-1
2019-11-20 15:00:01.537,11593,11602,11594,1,-1
2019-11-20 15:00:01.769,11594,11602,11602,1,1
2019-11-20 15:00:02.013,11596,11600,11600,2,2
2019-11-20 15:00:02.461,11595,11598,11596,7,-7
2019-11-20 15:00:02.780,11596,11597,11596,2,-2
2019-11-20 15:00:02.885,11596,11597,11596,4,-4
2019-11-20 15:00:02.909,11596,11597,11595,1,-1
2019-11-20 15:00:03.172,11596,11597,11596,2,2
2019-11-20 15:00:03.260,11596,11597,11596,2,-2
2019-11-20 15:00:04.043,11596,11597,11596,4,-4
2019-11-20 15:00:04.052,11596,11597,11595,1,-1
2019-11-20 15:00:04.125,11595,11597,11597,1,1
2019-11-20 15:00:04.125,11595,11597,11597,1,1
2019-11-20 15:00:04.126,11595,11597,11597,1,1
2019-11-20 15:00:04.134,11595,11597,11597,1,1
2019-11-20 15:00:04.135,11595,11597,11597,1,1
2019-11-20 15:00:04.135,11595,11597,11597,1,1
2019-11-20 15:00:04.142,11595,11597,11598,1,1
2019-11-20 15:00:04.220,11595,11597,11596,1,-1
2019-11-20 15:00:04.615,11596,11597,11596,3,-3
2019-11-20 15:00:04.869,11596,11597,11597,1,1
2019-11-20 15:00:05.043,11597,11598,11597,2,-2
2019-11-20 15:00:05.055,11597,11598,11597,1,-1
2019-11-20 15:00:05.454,11597,11598,11597,2,-2
2019-11-20 15:00:06.043,11597,11598,11597,3,-3
2019-11-20 15:00:07.044,11596,11597,11596,2,-2
2019-11-20 15:00:08.191,11595,11596,11596,1,1
2019-11-20 15:00:09.484,11595,11596,11596,1,1
2019-11-20 15:00:11.862,11595,11596,11595,1,-1
2019-11-20 15:00:11.922,11595,11596,11596,1,1
2019-11-20 15:00:11.994,11595,11596,11596,1,1
2019-11-20 15:00:12.356,11595,11596,11595,1,-1
2019-11-20 15:00:13.888,11595,11596,11596,1,1
2019-11-20 15:00:15.118,11595,11596,11595,2,-2
2019-11-20 15:00:15.184,11595,11596,11596,1,1
2019-11-20 15:00:15.647,11595,11596,11596,5,5
2019-11-20 15:00:18.830,11595,11596,11595,1,-1
2019-11-20 15:00:18.835,11595,11596,11596,2,2
2019-11-20 15:00:18.835,11595,11596,11597,6,6
2019-11-20 15:00:19.037,11596,11597,11596,1,-1
2019-11-20 15:00:19.270,11595,11596,11596,1,1
2019-11-20 15:00:20.102,11595,11596,11596,1,1
2019-11-20 15:00:20.494,11595,11596,11596,2,2
2019-11-20 15:00:20.675,11595,11596,11596,1,1
2019-11-20 15:00:21.928,11595,11596,11596,1,1
2019-11-20 15:00:21.928,11595,11596,11597,9,9
2019-11-20 15:00:23.392,11595,11598,11598,3,3
2019-11-20 15:00:26.946,11596,11598,11598,1,1
2019-11-20 15:00:30.923,11596,11598,11598,1,1
2019-11-20 15:00:30.989,11596,11598,11598,3,3
2019-11-20 15:00:32.372,11597,11598,11597,1,-1
2019-11-20 15:00:32.372,11597,11598,11596,4,-4
2019-11-20 15:00:33.483,11596,11598,11596,1,-1
2019-11-20 15:00:35.221,11597,11598,11597,1,1
2019-11-20 15:00:35.296,11596,11598,11596,1,-1
2019-11-20 15:00:36.246,11596,11598,11598,2,2
2019-11-20 15:00:38.584,11597,11598,11597,1,-1
2019-11-20 15:00:39.946,11596,11597,11596,1,-1
2019-11-20 15:00:40.798,11596,11597,11597,1,1
2019-11-20 15:00:40.955,11596,11598,11598,2,2
2019-11-20 15:00:43.093,11596,11597,11597,1,1
2019-11-20 15:00:43.454,11596,11597,11596,2,-2
2019-11-20 15:00:44.843,11596,11597,11597,1,1
2019-11-20 15:00:44.843,11596,11597,11598,2,2
2019-11-20 15:00:45.508,11596,11597,11596,2,-2
2019-11-20 15:00:46.266,11596,11597,11597,1,1
2019-11-20 15:00:46.771,11596,11597,11596,1,-1
2019-11-20 15:00:46.922,11596,11597,11597,2,2
2019-11-20 15:00:47.574,11596,11598,11596,1,-1
2019-11-20 15:00:49.028,11596,11598,11598,1,1
2019-11-20 15:00:51.517,11597,11598,11597,1,-1
2019-11-20 15:00:54.676,11597,11598,11598,1,1
2019-11-20 15:00:54.824,11597,11598,11598,1,1
2019-11-20 15:00:56.049,11597,11598,11598,1,1
2019-11-20 15:00:57.938,11597,11598,11597,2,-2
2019-11-20 15:00:57.951,11597,11598,11598,2,2
2019-11-20 15:00:58.570,11597,11598,11598,1,1
2019-11-20 15:01:01.674,11597,11598,11597,9,-9
2019-11-20 15:01:01.680,11597,11598,11597,2,-2
2019-11-20 15:01:01.703,11597,11598,11597,1,-1
2019-11-20 15:01:01.705,11597,11598,11597,1,-1
2019-11-20 15:01:01.706,11597,11598,11597,1,-1
2019-11-20 15:01:01.706,11597,11598,11597,1,-1
2019-11-20 15:01:01.848,11597,11598,11598,1,1
2019-11-20 15:01:02.133,11597,11598,11598,1,1
2019-11-20 15:01:02.148,11597,11598,11598,1,1
2019-11-20 15:01:02.181,11597,11598,11598,1,1
2019-11-20 15:01:02.188,11597,11598,11598,1,1
2019-11-20 15:01:05.984,11597,11598,11597,1,-1
2019-11-20 15:01:06.131,11597,11598,11597,1,-1
2019-11-20 15:01:08.150,11597,11598,11598,1,1
2019-11-20 15:01:11.258,11597,11598,11598,1,1
2019-11-20 15:01:12.709,11597,11598,11598,1,1
2019-11-20 15:01:17.633,11598,11599,11598,1,-1
2019-11-20 15:01:17.961,11598,11599,11599,1,1
2019-11-20 15:01:20.189,11598,11599,11598,1,-1
2019-11-20 15:01:21.836,11598,11599,11599,3,3
2019-11-20 15:01:21.836,11598,11599,11600,2,2
2019-11-20 15:01:23.385,11599,11600,11599,1,-1
2019-11-20 15:01:23.760,11598,11600,11598,1,-1
2019-11-20 15:01:23.934,11598,11600,11598,1,-1
2019-11-20 15:01:24.593,11599,11600,11599,1,1
2019-11-20 15:01:27.427,11598,11599,11599,1,1
2019-11-20 15:01:30.579,11598,11599,11599,1,1
2019-11-20 15:01:30.579,11598,11599,11600,1,1
2019-11-20 15:01:31.010,11599,11600,11599,2,-2
2019-11-20 15:01:31.794,11599,11600,11599,1,-1
2019-11-20 15:01:33.013,11599,11600,11599,1,-1
2019-11-20 15:01:34.187,11599,11600,11600,4,4
2019-11-20 15:01:34.651,11599,11600,11600,20,20
2019-11-20 15:01:35.469,11600,11601,11600,1,-1
2019-11-20 15:01:36.138,11600,11601,11600,1,-1
2019-11-20 15:01:38.536,11599,11600,11600,1,1
2019-11-20 15:01:39.960,11599,11600,11600,1,1
2019-11-20 15:01:39.987,11599,11600,11600,1,1
2019-11-20 15:01:41.634,11599,11600,11600,1,1
2019-11-20 15:01:42.917,11599,11600,11600,1,1
2019-11-20 15:01:43.326,11599,11600,11600,1,1
2019-11-20 15:01:44.707,11599,11600,11600,1,1
2019-11-20 15:01:46.041,11599,11600,11600,2,2
2019-11-20 15:01:46.431,11599,11600,11600,1,1
2019-11-20 15:01:46.580,11599,11600,11600,1,1
2019-11-20 15:01:47.400,11599,11600,11600,2,2
2019-11-20 15:01:47.400,11599,11600,11601,1,1
2019-11-20 15:01:47.885,11599,11601,11599,1,-1
2019-11-20 15:01:49.268,11599,11600,11599,1,-1
2019-11-20 15:01:49.288,11599,11600,11600,1,1
2019-11-20 15:01:50.549,11599,11600,11600,1,1
2019-11-20 15:01:56.773,11599,11600,11600,1,1
2019-11-20 15:01:57.349,11599,11600,11599,1,-1
2019-11-20 15:02:00.112,11599,11600,11600,1,1
2019-11-20 15:02:02.365,11599,11600,11600,5,5
2019-11-20 15:02:04.324,11600,11601,11600,2,-2
2019-11-20 15:02:04.810,11600,11601,11600,1,-1
2019-11-20 15:02:07.121,11600,11601,11600,1,-1
2019-11-20 15:02:09.711,11600,11601,11601,1,1
2019-11-20 15:02:10.128,11600,11601,11600,1,-1
2019-11-20 15:02:10.188,11600,11601,11600,1,-1
2019-11-20 15:02:11.621,11600,11601,11601,1,1
2019-11-20 15:02:11.655,11600,11601,11601,1,1
2019-11-20 15:02:13.541,11600,11601,11600,7,-7
2019-11-20 15:02:13.593,11600,11601,11601,1,1
2019-11-20 15:02:13.763,11600,11601,11601,4,4
2019-11-20 15:02:14.535,11600,11601,11600,1,-1
2019-11-20 15:02:16.153,11600,11601,11600,2,-2
2019-11-20 15:02:16.409,11600,11601,11600,1,-1
2019-11-20 15:02:18.124,11600,11601,11601,4,4
2019-11-20 15:02:18.138,11600,11601,11600,5,-5
2019-11-20 15:02:21.703,11600,11601,11600,1,-1
2019-11-20 15:02:23.789,11600,11601,11601,2,2
2019-11-20 15:02:27.921,11600,11601,11601,2,2
2019-11-20 15:02:27.921,11600,11601,11601,3,3
2019-11-20 15:02:27.972,11600,11601,11600,5,-5
2019-11-20 15:02:28.852,11600,11601,11601,2,2
2019-11-20 15:02:28.891,11600,11601,11601,1,1
2019-11-20 15:02:31.617,11600,11601,11601,1,1
2019-11-20 15:02:33.617,11600,11601,11601,1,1
2019-11-20 15:02:33.981,11601,11602,11601,1,-1
2019-11-20 15:02:35.279,11600,11602,11601,2,-2
2019-11-20 15:02:40.234,11600,11601,11601,1,1
2019-11-20 15:02:42.119,11600,11601,11601,2,2
2019-11-20 15:02:42.341,11600,11602,11600,1,-1
2019-11-20 15:02:44.119,11600,11601,11601,1,1
2019-11-20 15:02:46.119,11600,11601,11601,1,1
2019-11-20 15:02:46.950,11601,11602,11601,1,-1
2019-11-20 15:02:48.473,11601,11602,11601,1,-1
2019-11-20 15:02:49.285,11601,11602,11601,1,-1
2019-11-20 15:02:49.286,11601,11602,11601,1,-1
2019-11-20 15:02:49.748,11601,11602,11602,5,5
2019-11-20 15:02:53.807,11601,11602,11602,1,1
2019-11-20 15:02:55.780,11601,11602,11602,1,1
2019-11-20 15:02:58.334,11601,11602,11602,4,4
2019-11-20 15:03:00.252,11601,11602,11602,1,1
2019-11-20 15:03:03.062,11601,11602,11602,1,1
2019-11-20 15:03:06.369,11601,11602,11601,1,-1
2019-11-20 15:03:07.359,11601,11602,11601,1,-1
2019-11-20 15:03:07.540,11601,11602,11601,1,-1
2019-11-20 15:03:08.127,11601,11602,11601,1,-1
2019-11-20 15:03:09.098,11601,11602,11601,1,-1
2019-11-20 15:03:11.911,11601,11602,11602,3,3
2019-11-20 15:03:13.693,11601,11602,11601,1,-1
2019-11-20 15:03:17.068,11601,11602,11601,1,-1
2019-11-20 15:03:18.218,11601,11602,11602,7,7
2019-11-20 15:03:24.243,11601,11602,11602,1,1
2019-11-20 15:03:25.516,11601,11602,11602,1,1
2019-11-20 15:03:26.304,11601,11602,11602,1,1
2019-11-20 15:03:32.524,11601,11602,11602,1,1
2019-11-20 15:03:32.912,11601,11602,11601,1,-1
2019-11-20 15:03:34.217,11601,11602,11601,1,-1
2019-11-20 15:03:35.730,11601,11602,11601,1,-1
2019-11-20 15:03:41.313,11601,11602,11602,1,1
2019-11-20 15:03:44.616,11601,11602,11601,1,-1
2019-11-20 15:03:45.088,11601,11602,11602,1,1
2019-11-20 15:03:45.119,11601,11602,11602,9,9
2019-11-20 15:03:45.319,11602,11603,11602,1,-1
2019-11-20 15:03:45.829,11602,11603,11602,2,-2
2019-11-20 15:03:45.900,11602,11603,11603,1,1
2019-11-20 15:03:46.107,11602,11603,11603,8,8
2019-11-20 15:03:47.976,11603,11604,11603,1,-1
2019-11-20 15:03:50.125,11603,11604,11604,1,1
2019-11-20 15:03:51.378,11603,11604,11603,3,-3
2019-11-20 15:03:53.718,11603,11604,11603,5,-5
2019-11-20 15:03:53.965,11603,11604,11603,2,-2
2019-11-20 15:04:01.475,11603,11604,11603,5,-5
2019-11-20 15:04:02.524,11603,11604,11604,1,1
2019-11-20 15:04:04.246,11603,11604,11604,1,1
2019-11-20 15:04:04.399,11603,11604,11604,2,2
2019-11-20 15:04:04.424,11603,11604,11604,1,1
2019-11-20 15:04:04.715,11603,11604,11604,1,1
2019-11-20 15:04:05.115,11603,11604,11603,1,-1
2019-11-20 15:04:05.696,11603,11604,11603,1,-1
2019-11-20 15:04:06.198,11603,11604,11603,1,-1
2019-11-20 15:04:09.569,11603,11604,11604,1,1
2019-11-20 15:04:12.432,11603,11604,11603,1,-1
2019-11-20 15:04:17.469,11603,11604,11604,1,1
2019-11-20 15:04:19.517,11603,11604,11604,2,2
2019-11-20 15:04:20.076,11603,11604,11604,1,1
2019-11-20 15:04:21.272,11603,11604,11604,13,13
2019-11-20 15:04:22.790,11604,11605,11604,1,-1
2019-11-20 15:04:25.529,11604,11605,11604,1,-1
2019-11-20 15:04:26.192,11604,11605,11605,1,1
2019-11-20 15:04:26.453,11604,11605,11604,1,-1
2019-11-20 15:04:26.594,11604,11605,11604,1,-1
2019-11-20 15:04:30.059,11604,11605,11604,5,-5
2019-11-20 15:04:33.366,11604,11605,11605,2,2
2019-11-20 15:04:34.707,11604,11605,11604,1,-1
2019-11-20 15:04:34.786,11604,11605,11604,2,-2
2019-11-20 15:04:35.692,11604,11605,11604,1,-1
2019-11-20 15:04:41.687,11604,11605,11604,1,-1
2019-11-20 15:04:42.014,11604,11605,11604,1,-1
2019-11-20 15:04:42.135,11604,11605,11604,5,-5
2019-11-20 15:04:42.556,11604,11605,11604,1,-1
2019-11-20 15:04:42.812,11604,11605,11604,2,-2
2019-11-20 15:04:43.228,11604,11605,11604,2,-2
2019-11-20 15:04:45.085,11604,11605,11604,1,-1
2019-11-20 15:04:46.251,11604,11605,11604,1,-1
2019-11-20 15:04:47.382,11604,11605,11604,2,-2
2019-11-20 15:04:47.652,11604,11605,11604,3,-3
2019-11-20 15:04:49.860,11603,11604,11604,1,1
2019-11-20 15:04:50.636,11604,11605,11604,1,-1
2019-11-20 15:04:53.158,11603,11604,11604,1,1
2019-11-20 15:04:55.083,11603,11604,11604,1,1
2019-11-20 15:04:58.079,11603,11604,11604,1,1
2019-11-20 15:04:58.135,11603,11604,11604,1,1
2019-11-20 15:04:58.504,11603,11604,11604,1,1
2019-11-20 15:05:01.260,11603,11604,11604,2,2
2019-11-20 15:05:01.872,11603,11604,11604,2,2
2019-11-20 15:05:02.044,11603,11604,11603,1,-1
2019-11-20 15:05:05.702,11603,11604,11603,1,-1
2019-11-20 15:05:06.195,11603,11604,11604,1,1
2019-11-20 15:05:10.751,11603,11604,11604,1,1
2019-11-20 15:05:10.803,11603,11604,11604,1,1
2019-11-20 15:05:11.850,11603,11604,11604,2,2
2019-11-20 15:05:13.160,11603,11604,11603,10,-10
2019-11-20 15:05:21.838,11603,11604,11603,1,-1
2019-11-20 15:05:23.417,11603,11604,11603,1,-1
2019-11-20 15:05:24.192,11603,11604,11603,2,-2
2019-11-20 15:05:24.510,11603,11604,11604,2,2
2019-11-20 15:05:25.412,11603,11604,11603,1,-1
2019-11-20 15:05:26.907,11603,11604,11604,20,20
2019-11-20 15:05:32.611,11604,11605,11605,8,8
2019-11-20 15:05:33.214,11604,11605,11604,1,-1
2019-11-20 15:05:37.817,11604,11605,11604,1,-1
2019-11-20 15:05:40.214,11604,11605,11604,1,-1
2019-11-20 15:05:45.147,11604,11605,11605,1,1
2019-11-20 15:05:45.195,11604,11605,11605,5,5
2019-11-20 15:05:45.842,11604,11605,11605,3,3
2019-11-20 15:05:45.961,11605,11606,11605,2,-2
2019-11-20 15:05:50.993,11604,11605,11605,1,1
2019-11-20 15:05:50.996,11605,11606,11605,4,-4
2019-11-20 15:05:51.473,11604,11605,11605,1,1
2019-11-20 15:05:53.411,11604,11605,11605,2,2
2019-11-20 15:05:53.662,11605,11606,11605,1,-1
2019-11-20 15:05:54.295,11605,11606,11605,1,-1
2019-11-20 15:05:55.005,11605,11606,11605,1,-1
2019-11-20 15:05:56.842,11604,11605,11605,1,1
2019-11-20 15:05:58.234,11604,11605,11605,1,1
2019-11-20 15:06:03.385,11604,11605,11605,1,1
2019-11-20 15:06:04.056,11604,11605,11605,1,1
2019-11-20 15:06:06.887,11604,11605,11604,1,-1
2019-11-20 15:06:07.804,11604,11605,11604,1,-1
2019-11-20 15:06:09.170,11604,11605,11604,1,-1
2019-11-20 15:06:12.598,11604,11605,11605,1,1
2019-11-20 15:06:13.775,11604,11605,11605,5,5
2019-11-20 15:06:14.972,11604,11605,11605,5,5
2019-11-20 15:06:15.226,11604,11605,11605,1,1
2019-11-20 15:06:16.924,11605,11606,11606,1,1
2019-11-20 15:06:18.507,11605,11606,11606,2,2
2019-11-20 15:06:21.003,11605,11606,11605,7,-7
2019-11-20 15:06:21.351,11604,11605,11605,1,1
2019-11-20 15:06:22.712,11604,11606,11606,1,1
2019-11-20 15:06:26.971,11605,11606,11606,1,1
2019-11-20 15:06:27.610,11605,11606,11605,4,-4
2019-11-20 15:06:33.087,11605,11606,11605,1,-1
2019-11-20 15:06:34.244,11605,11606,11606,1,1
2019-11-20 15:06:35.976,11605,11606,11606,1,1
2019-11-20 15:06:36.743,11605,11606,11605,1,-1
2019-11-20 15:06:40.529,11605,11606,11605,10,-10
2019-11-20 15:06:44.598,11605,11606,11605,2,-2
2019-11-20 15:06:51.721,11605,11606,11605,1,-1
2019-11-20 15:06:52.843,11605,11606,11605,1,-1
2019-11-20 15:06:52.870,11605,11606,11605,13,-13
2019-11-20 15:06:53.488,11604,11605,11604,1,-1
2019-11-20 15:06:53.648,11604,11605,11605,1,1
2019-11-20 15:06:54.177,11604,11606,11604,6,-6
2019-11-20 15:06:56.605,11605,11606,11605,5,5
2019-11-20 15:06:57.240,11605,11606,11605,1,-1
2019-11-20 15:06:57.872,11605,11606,11605,4,-4
2019-11-20 15:06:59.107,11605,11606,11605,1,-1
2019-11-20 15:07:02.874,11605,11606,11605,5,-5
2019-11-20 15:07:04.433,11605,11606,11606,5,5
2019-11-20 15:07:06.177,11605,11606,11605,1,-1
2019-11-20 15:07:07.876,11605,11606,11605,4,-4
2019-11-20 15:07:09.538,11605,11606,11605,3,-3
2019-11-20 15:07:10.259,11605,11606,11605,4,-4
2019-11-20 15:07:10.600,11604,11605,11605,1,1
2019-11-20 15:07:13.222,11604,11605,11605,2,2
2019-11-20 15:07:13.996,11605,11606,11605,1,-1
2019-11-20 15:07:15.598,11604,11605,11605,1,1
2019-11-20 15:07:16.223,11604,11605,11605,1,1
2019-11-20 15:07:18.259,11604,11605,11605,2,2
2019-11-20 15:07:20.979,11604,11605,11605,1,1
2019-11-20 15:07:30.544,11604,11605,11605,5,5
2019-11-20 15:07:32.816,11604,11605,11605,1,1
2019-11-20 15:07:33.031,11604,11605,11605,5,5
2019-11-20 15:07:33.350,11604,11605,11605,1,1
2019-11-20 15:07:33.904,11604,11605,11605,5,5
2019-11-20 15:07:34.150,11604,11605,11604,1,-1
2019-11-20 15:07:35.463,11604,11605,11605,2,2
2019-11-20 15:07:39.433,11605,11606,11605,1,-1
2019-11-20 15:07:40.923,11605,11606,11605,1,-1
2019-11-20 15:07:43.883,11605,11606,11606,1,1
2019-11-20 15:07:44.786,11605,11606,11605,1,-1
2019-11-20 15:07:44.973,11605,11606,11606,1,1
2019-11-20 15:07:49.214,11605,11606,11605,1,-1
2019-11-20 15:07:53.097,11605,11606,11605,6,-6
2019-11-20 15:07:53.354,11604,11605,11605,1,1
2019-11-20 15:07:56.904,11605,11606,11605,1,-1
2019-11-20 15:07:57.903,11605,11606,11605,1,-1
2019-11-20 15:08:01.558,11605,11606,11605,1,-1
2019-11-20 15:08:02.359,11605,11606,11605,1,-1
2019-11-20 15:08:07.350,11605,11606,11605,1,-1
2019-11-20 15:08:09.675,11605,11606,11605,1,-1
2019-11-20 15:08:10.932,11605,11606,11605,2,-2
2019-11-20 15:08:16.218,11605,11606,11606,4,4
2019-11-20 15:08:30.581,11605,11606,11605,5,-5
2019-11-20 15:08:30.619,11605,11606,11605,2,-2
2019-11-20 15:08:30.645,11605,11606,11605,2,-2
2019-11-20 15:08:30.670,11605,11606,11605,2,-2
2019-11-20 15:08:30.695,11605,11606,11605,2,-2
2019-11-20 15:08:30.720,11605,11606,11605,2,-2
2019-11-20 15:08:30.744,11605,11606,11605,1,-1
2019-11-20 15:08:30.869,11605,11606,11605,1,-1
2019-11-20 15:08:35.934,11605,11606,11606,1,1
2019-11-20 15:08:37.018,11605,11606,11605,2,-2
2019-11-20 15:08:37.745,11604,11605,11604,1,-1
2019-11-20 15:08:40.723,11605,11606,11605,1,1
2019-11-20 15:08:42.368,11604,11606,11606,1,1
2019-11-20 15:08:43.139,11604,11606,11606,1,1
2019-11-20 15:08:52.034,11604,11606,11604,1,-1
2019-11-20 15:09:00.898,11605,11606,11605,1,1
2019-11-20 15:09:16.994,11605,11606,11605,2,-2
2019-11-20 15:09:17.001,11605,11606,11605,1,-1
2019-11-20 15:09:17.121,11604,11605,11604,2,-2
2019-11-20 15:09:17.478,11604,11605,11605,1,1
2019-11-20 15:09:23.924,11604,11605,11605,1,1
2019-11-20 15:09:31.260,11604,11605,11605,3,3
2019-11-20 15:09:31.954,11604,11605,11604,1,-1
2019-11-20 15:09:37.388,11604,11605,11605,2,2
2019-11-20 15:09:38.505,11605,11606,11605,2,-2
2019-11-20 15:09:42.757,11605,11606,11605,1,-1
2019-11-20 15:09:43.759,11604,11605,11605,1,1
2019-11-20 15:09:48.297,11604,11605,11605,1,1
2019-11-20 15:09:51.267,11604,11605,11605,1,1
2019-11-20 15:09:59.981,11604,11605,11604,1,-1
2019-11-20 15:10:00.760,11604,11605,11605,1,1
2019-11-20 15:10:12.680,11604,11605,11604,1,-1
2019-11-20 15:10:13.648,11604,11605,11605,5,5
2019-11-20 15:10:13.648,11604,11605,11606,17,17
2019-11-20 15:10:13.960,11604,11606,11606,35,35
2019-11-20 15:10:13.960,11604,11606,11607,39,39
2019-11-20 15:10:14.215,11606,11607,11607,3,3
2019-11-20 15:10:14.215,11606,11607,11608,19,19
2019-11-20 15:10:14.319,11606,11607,11607,2,2
2019-11-20 15:10:20.869,11607,11608,11607,1,-1
2019-11-20 15:10:24.491,11606,11607,11607,1,1
2019-11-20 15:10:27.335,11606,11607,11607,1,1
2019-11-20 15:10:27.565,11606,11607,11607,1,1
2019-11-20 15:10:29.748,11606,11607,11606,1,-1
2019-11-20 15:10:30.366,11606,11607,11607,1,1
2019-11-20 15:10:30.813,11606,11607,11606,1,-1
2019-11-20 15:10:38.679,11606,11607,11606,2,-2
2019-11-20 15:10:40.282,11606,11607,11606,1,-1
2019-11-20 15:10:41.048,11606,11607,11606,1,-1
2019-11-20 15:10:46.361,11606,11607,11606,2,-2
2019-11-20 15:10:52.735,11606,11607,11606,1,-1
2019-11-20 15:10:54.916,11606,11607,11606,1,-1
2019-11-20 15:10:58.149,11606,11607,11607,1,1
2019-11-20 15:11:04.578,11606,11607,11607,3,3
2019-11-20 15:11:04.668,11606,11607,11607,5,5
2019-11-20 15:11:07.364,11606,11607,11606,1,-1
2019-11-20 15:11:08.556,11606,11607,11607,1,1
2019-11-20 15:11:09.479,11606,11607,11606,2,-2
2019-11-20 15:11:12.382,11606,11607,11607,1,1
2019-11-20 15:11:13.207,11606,11607,11607,1,1
2019-11-20 15:11:15.006,11606,11607,11607,1,1
2019-11-20 15:11:16.080,11606,11607,11607,1,1
2019-11-20 15:11:19.777,11606,11607,11607,1,1
2019-11-20 15:11:19.777,11606,11607,11607,2,2
2019-11-20 15:11:19.778,11606,11607,11607,3,3
2019-11-20 15:11:19.781,11606,11607,11607,3,3
2019-11-20 15:11:19.781,11606,11607,11607,4,4
2019-11-20 15:11:19.781,11606,11607,11607,4,4
2019-11-20 15:11:21.120,11606,11607,11607,1,1
2019-11-20 15:11:22.757,11606,11607,11607,1,1
2019-11-20 15:11:22.971,11606,11607,11607,1,1
2019-11-20 15:11:23.355,11606,11607,11607,1,1
2019-11-20 15:11:27.489,11606,11607,11607,5,5
2019-11-20 15:11:27.609,11606,11607,11607,1,1
2019-11-20 15:11:34.594,11607,11608,11607,1,-1
2019-11-20 15:11:39.084,11607,11608,11607,1,-1
2019-11-20 15:11:50.047,11607,11608,11608,1,1
2019-11-20 15:11:50.176,11607,11608,11608,2,2
2019-11-20 15:11:51.756,11607,11608,11607,1,-1
2019-11-20 15:11:53.184,11607,11608,11607,1,-1
2019-11-20 15:11:55.170,11607,11608,11607,2,-2
2019-11-20 15:11:55.516,11607,11608,11608,1,1
2019-11-20 15:11:57.721,11607,11608,11608,1,1
2019-11-20 15:12:03.659,11607,11608,11607,1,-1
2019-11-20 15:12:05.182,11607,11608,11607,1,-1
2019-11-20 15:12:10.105,11607,11608,11607,1,-1
2019-11-20 15:12:13.281,11607,11608,11607,1,-1
2019-11-20 15:12:15.210,11607,11608,11608,1,1
2019-11-20 15:12:15.635,11607,11608,11607,4,-4
2019-11-20 15:12:16.068,11607,11608,11608,1,1
2019-11-20 15:12:16.125,11607,11608,11608,65,65
2019-11-20 15:12:31.832,11608,11609,11609,1,1
2019-11-20 15:12:33.663,11608,11609,11609,1,1
2019-11-20 15:12:34.838,11608,11609,11609,1,1
2019-11-20 15:12:34.958,11608,11609,11609,2,2
2019-11-20 15:12:35.267,11608,11609,11609,1,1
2019-11-20 15:12:39.336,11608,11609,11608,1,-1
2019-11-20 15:12:40.142,11608,11609,11609,1,1
2019-11-20 15:12:41.421,11608,11609,11609,1,1
2019-11-20 15:12:41.425,11608,11609,11609,1,1
2019-11-20 15:12:45.168,11608,11609,11609,1,1
2019-11-20 15:12:45.519,11608,11609,11609,1,1
2019-11-20 15:12:46.542,11608,11609,11608,1,-1
2019-11-20 15:12:47.808,11608,11609,11609,2,2
2019-11-20 15:12:49.110,11608,11609,11609,34,34
2019-11-20 15:12:49.839,11609,11610,11610,3,3
2019-11-20 15:12:50.749,11609,11610,11609,2,-2
2019-11-20 15:12:54.297,11609,11610,11610,1,1
2019-11-20 15:12:54.464,11609,11610,11610,1,1
2019-11-20 15:12:54.553,11609,11610,11609,1,-1
2019-11-20 15:12:57.621,11609,11610,11609,3,-3
2019-11-20 15:13:02.053,11609,11610,11610,1,1
2019-11-20 15:13:03.345,11609,11610,11610,1,1
2019-11-20 15:13:04.247,11609,11610,11609,2,-2
2019-11-20 15:13:04.442,11609,11610,11610,10,10
2019-11-20 15:13:04.549,11609,11610,11610,1,1
2019-11-20 15:13:06.047,11609,11610,11610,1,1
2019-11-20 15:13:06.199,11609,11610,11609,1,-1
2019-11-20 15:13:07.016,11609,11610,11609,1,-1
2019-11-20 15:13:08.635,11609,11610,11610,3,3
2019-11-20 15:13:09.775,11609,11610,11610,1,1
2019-11-20 15:13:10.985,11609,11610,11610,1,1
2019-11-20 15:13:11.441,11609,11610,11610,1,1
2019-11-20 15:13:11.643,11609,11610,11610,1,1
2019-11-20 15:13:12.719,11609,11610,11610,1,1
2019-11-20 15:13:14.768,11609,11610,11610,1,1
2019-11-20 15:13:15.227,11609,11610,11610,2,2
2019-11-20 15:13:15.841,11609,11610,11610,1,1
2019-11-20 15:13:15.972,11609,11610,11610,2,2
2019-11-20 15:13:17.340,11609,11610,11610,1,1
2019-11-20 15:13:18.537,11609,11610,11610,1,1
2019-11-20 15:13:19.078,11609,11610,11610,2,2
2019-11-20 15:13:19.354,11609,11610,11610,2,2
2019-11-20 15:13:19.416,11609,11610,11610,2,2
2019-11-20 15:13:20.908,11609,11610,11610,5,5
2019-11-20 15:13:21.224,11609,11610,11610,1,1
2019-11-20 15:13:23.213,11609,11610,11610,2,2
2019-11-20 15:13:23.456,11609,11610,11610,2,2
2019-11-20 15:13:24.463,11609,11610,11610,1,1
2019-11-20 15:13:24.948,11609,11610,11609,2,-2
2019-11-20 15:13:33.121,11609,11610,11610,3,3
2019-11-20 15:13:33.244,11609,11610,11610,9,9
2019-11-20 15:13:33.244,11609,11610,11610,4,4
2019-11-20 15:13:33.386,11609,11610,11610,1,1
2019-11-20 15:13:33.617,11609,11610,11610,1,1
2019-11-20 15:13:34.896,11609,11611,11611,1,1
2019-11-20 15:13:35.186,11610,11611,11611,1,1
2019-11-20 15:13:35.369,11610,11611,11610,2,-2
2019-11-20 15:13:35.395,11610,11611,11610,2,-2
2019-11-20 15:13:35.420,11610,11611,11610,1,-1
2019-11-20 15:13:38.204,11610,11611,11610,5,-5
2019-11-20 15:13:38.474,11609,11610,11610,2,2
2019-11-20 15:13:39.561,11609,11610,11610,1,1
2019-11-20 15:13:41.383,11609,11610,11610,1,1
2019-11-20 15:13:44.649,11609,11610,11610,2,2
2019-11-20 15:13:45.412,11609,11610,11610,1,1
2019-11-20 15:13:46.097,11609,11610,11610,1,1
2019-11-20 15:13:47.007,11609,11610,11610,1,1
2019-11-20 15:13:48.867,11609,11610,11610,1,1
2019-11-20 15:13:49.043,11609,11610,11610,1,1
2019-11-20 15:13:51.002,11609,11610,11610,1,1
2019-11-20 15:13:51.533,11609,11610,11610,3,3
2019-11-20 15:13:53.876,11609,11610,11610,5,5
2019-11-20 15:13:54.379,11609,11610,11610,1,1
2019-11-20 15:13:59.417,11609,11610,11610,7,7
2019-11-20 15:14:02.601,11610,11611,11611,1,1
2019-11-20 15:14:08.713,11610,11611,11611,1,1
2019-11-20 15:14:10.290,11610,11611,11611,2,2
2019-11-20 15:14:10.989,11610,11611,11611,1,1
2019-11-20 15:14:11.994,11610,11611,11610,2,-2
2019-11-20 15:14:12.019,11610,11611,11610,2,-2
2019-11-20 15:14:12.045,11610,11611,11610,2,-2
2019-11-20 15:14:12.070,11610,11611,11610,2,-2
2019-11-20 15:14:12.119,11610,11611,11610,2,-2
2019-11-20 15:14:12.244,11610,11611,11610,5,-5
2019-11-20 15:14:13.238,11609,11610,11610,1,1
2019-11-20 15:14:13.393,11609,11610,11610,1,1
2019-11-20 15:14:14.765,11609,11610,11610,2,2
2019-11-20 15:14:15.264,11609,11610,11610,1,1
2019-11-20 15:14:17.226,11609,11610,11610,2,2
2019-11-20 15:14:20.480,11609,11610,11610,1,1
2019-11-20 15:14:20.513,11609,11610,11610,1,1
2019-11-20 15:14:21.128,11609,11610,11610,1,1
2019-11-20 15:14:25.534,11609,11610,11609,1,-1
2019-11-20 15:14:30.495,11609,11610,11609,28,-28
2019-11-20 15:14:35.652,11608,11609,11609,1,1
2019-11-20 15:14:38.692,11608,11609,11609,1,1
2019-11-20 15:14:38.886,11608,11609,11609,1,1
2019-11-20 15:14:40.792,11608,11609,11609,1,1
2019-11-20 15:14:41.966,11608,11609,11608,1,-1
2019-11-20 15:14:55.034,11608,11609,11609,1,1
2019-11-20 15:15:10.912,11608,11609,11608,3,-3
2019-11-20 15:15:10.962,11608,11609,11609,1,1
2019-11-20 15:15:13.130,11608,11609,11609,1,1
2019-11-20 15:15:13.597,11608,11609,11609,2,2
2019-11-20 15:15:15.247,11608,11609,11609,2,2
2019-11-20 15:15:19.748,11608,11609,11609,3,3
2019-11-20 15:15:22.486,11608,11609,11609,1,1
2019-11-20 15:15:23.671,11608,11609,11609,1,1
2019-11-20 15:15:27.037,11608,11609,11609,10,10
2019-11-20 15:15:27.471,11608,11609,11609,2,2
2019-11-20 15:15:30.794,11608,11609,11608,1,-1
2019-11-20 15:15:31.119,11608,11609,11608,2,-2
2019-11-20 15:15:31.145,11608,11609,11608,2,-2
2019-11-20 15:15:31.170,11608,11609,11608,2,-2
2019-11-20 15:15:34.744,11608,11609,11608,3,-3
2019-11-20 15:15:34.994,11608,11609,11608,18,-18
2019-11-20 15:15:35.119,11608,11609,11608,6,-6
2019-11-20 15:15:35.119,11608,11609,11608,3,-3
2019-11-20 15:15:35.119,11608,11609,11608,4,-4
2019-11-20 15:15:40.406,11607,11608,11608,1,1
2019-11-20 15:15:45.215,11608,11609,11608,1,-1
2019-11-20 15:15:45.908,11607,11608,11608,1,1
2019-11-20 15:15:50.738,11608,11609,11608,2,-2
2019-11-20 15:16:00.443,11608,11609,11608,1,-1
2019-11-20 15:16:00.495,11608,11609,11608,11,-11
2019-11-20 15:16:01.830,11607,11608,11607,1,-1
2019-11-20 15:16:03.205,11607,11608,11607,2,-2
2019-11-20 15:16:03.254,11607,11608,11608,1,1
2019-11-20 15:16:03.254,11607,11608,11608,1,1
2019-11-20 15:16:03.254,11607,11608,11608,1,1
2019-11-20 15:16:03.254,11607,11608,11608,1,1
2019-11-20 15:16:03.256,11607,11608,11608,1,1
2019-11-20 15:16:03.256,11607,11608,11608,1,1
2019-11-20 15:16:03.264,11607,11608,11608,1,1
2019-11-20 15:16:08.426,11607,11608,11608,1,1
2019-11-20 15:16:09.221,11607,11608,11608,1,1
2019-11-20 15:16:17.208,11607,11608,11607,7,-7
2019-11-20 15:16:17.433,11606,11607,11606,2,-2
2019-11-20 15:16:19.781,11606,11607,11607,3,3
2019-11-20 15:16:25.929,11607,11608,11607,1,-1
2019-11-20 15:16:28.400,11607,11608,11607,1,-1
2019-11-20 15:16:32.855,11607,11608,11608,1,1
2019-11-20 15:16:33.107,11607,11608,11608,1,1
2019-11-20 15:16:33.336,11607,11608,11608,1,1
2019-11-20 15:16:33.911,11607,11608,11608,1,1
2019-11-20 15:16:33.935,11607,11608,11607,1,-1
2019-11-20 15:16:37.577,11607,11608,11607,1,-1
2019-11-20 15:16:37.945,11607,11608,11607,10,-10
2019-11-20 15:16:39.893,11607,11608,11607,8,-8
2019-11-20 15:16:40.323,11607,11608,11607,2,-2
2019-11-20 15:16:46.025,11606,11607,11607,2,2
2019-11-20 15:16:46.608,11607,11608,11607,1,-1
2019-11-20 15:16:47.054,11606,11607,11607,1,1
2019-11-20 15:16:49.929,11606,11607,11607,1,1
2019-11-20 15:16:51.762,11606,11607,11607,4,4
2019-11-20 15:17:04.411,11606,11607,11607,3,3
2019-11-20 15:17:10.455,11606,11607,11606,12,-12
2019-11-20 15:17:30.375,11606,11607,11606,4,-4
2019-11-20 15:17:30.999,11606,11607,11606,1,-1
2019-11-20 15:17:34.724,11606,11607,11606,1,-1
2019-11-20 15:17:37.113,11606,11607,11607,1,1
2019-11-20 15:17:43.329,11606,11607,11607,1,1
2019-11-20 15:17:53.473,11606,11607,11607,1,1
2019-11-20 15:17:54.567,11606,11607,11607,1,1
2019-11-20 15:17:57.938,11606,11607,11607,1,1
2019-11-20 15:18:00.139,11606,11607,11606,1,-1
2019-11-20 15:18:01.538,11606,11607,11607,1,1
2019-11-20 15:18:01.810,11606,11607,11606,2,-2
2019-11-20 15:18:05.450,11606,11607,11606,14,-14
2019-11-20 15:18:14.468,11605,11606,11606,2,2
2019-11-20 15:18:17.988,11605,11606,11606,3,3
2019-11-20 15:18:20.845,11605,11606,11606,1,1
2019-11-20 15:18:24.620,11605,11606,11605,3,-3
2019-11-20 15:18:28.383,11605,11606,11606,1,1
2019-11-20 15:18:28.557,11605,11606,11605,1,-1
2019-11-20 15:18:34.425,11605,11606,11605,2,-2
2019-11-20 15:18:40.124,11605,11606,11605,1,-1
2019-11-20 15:18:43.833,11605,11606,11605,1,-1
2019-11-20 15:18:44.432,11605,11606,11605,1,-1
2019-11-20 15:18:45.034,11605,11606,11606,1,1
2019-11-20 15:18:47.200,11605,11606,11605,1,-1
2019-11-20 15:18:47.945,11605,11606,11606,27,27
2019-11-20 15:18:47.994,11605,11606,11606,1,1
2019-11-20 15:18:47.994,11605,11606,11606,6,6
2019-11-20 15:18:51.953,11606,11607,11607,1,1
2019-11-20 15:18:52.603,11606,11607,11606,1,-1
2019-11-20 15:19:02.225,11606,11607,11607,1,1
2019-11-20 15:19:02.620,11606,11607,11606,1,-1
2019-11-20 15:19:04.777,11606,11607,11606,1,-1
2019-11-20 15:19:05.909,11606,11607,11606,1,-1
2019-11-20 15:19:09.369,11606,11607,11606,2,-2
2019-11-20 15:19:09.395,11606,11607,11606,2,-2
2019-11-20 15:19:09.420,11606,11607,11606,1,-1
2019-11-20 15:19:09.728,11605,11606,11606,1,1
2019-11-20 15:19:17.789,11605,11606,11605,1,-1
2019-11-20 15:19:26.996,11605,11606,11606,1,1
2019-11-20 15:19:27.382,11605,11606,11606,2,2
2019-11-20 15:19:34.212,11605,11606,11606,3,3
2019-11-20 15:19:38.441,11605,11606,11606,1,1
2019-11-20 15:19:39.525,11605,11606,11605,1,-1
2019-11-20 15:19:45.856,11605,11606,11606,1,1
2019-11-20 15:19:49.333,11605,11606,11606,1,1
2019-11-20 15:20:00.355,11605,11606,11605,1,-1
2019-11-20 15:20:01.522,11605,11606,11606,1,1
2019-11-20 15:20:02.194,11605,11606,11605,1,-1
2019-11-20 15:20:02.445,11605,11606,11606,4,4
2019-11-20 15:20:05.566,11605,11606,11606,1,1
2019-11-20 15:20:05.623,11605,11606,11606,1,1
2019-11-20 15:20:05.624,11605,11606,11606,1,1
2019-11-20 15:20:06.248,11606,11607,11607,1,1
2019-11-20 15:20:07.130,11606,11607,11606,1,-1
2019-11-20 15:20:13.496,11606,11607,11606,14,-14
2019-11-20 15:20:20.104,11605,11606,11606,1,1
2019-11-20 15:20:27.982,11605,11606,11606,5,5
2019-11-20 15:20:32.380,11605,11606,11606,1,1
2019-11-20 15:20:36.664,11605,11606,11606,1,1
2019-11-20 15:20:49.104,11605,11606,11606,1,1
2019-11-20 15:20:57.764,11605,11606,11606,1,1
2019-11-20 15:20:58.676,11605,11606,11606,1,1
2019-11-20 15:21:02.287,11605,11606,11606,6,6
2019-11-20 15:21:24.846,11605,11606,11606,3,3
2019-11-20 15:21:24.869,11605,11606,11606,2,2
2019-11-20 15:21:24.878,11605,11606,11606,1,1
2019-11-20 15:21:24.880,11605,11606,11606,2,2
2019-11-20 15:21:24.880,11605,11606,11606,1,1
2019-11-20 15:21:24.881,11605,11606,11606,6,6
2019-11-20 15:21:24.895,11605,11606,11606,3,3
2019-11-20 15:21:24.954,11605,11606,11606,2,2
2019-11-20 15:21:29.219,11606,11607,11606,2,-2
2019-11-20 15:21:37.497,11606,11607,11606,1,-1
2019-11-20 15:21:41.507,11606,11607,11607,1,1
2019-11-20 15:21:42.788,11606,11607,11606,2,-2
2019-11-20 15:21:54.187,11606,11607,11606,1,-1
2019-11-20 15:21:57.426,11606,11607,11606,2,-2
2019-11-20 15:22:05.097,11605,11606,11606,2,2
2019-11-20 15:22:08.407,11605,11606,11606,1,1
2019-11-20 15:22:10.097,11605,11606,11606,1,1
2019-11-20 15:22:10.119,11605,11606,11606,1,1
2019-11-20 15:22:21.604,11605,11606,11606,1,1
2019-11-20 15:22:43.589,11606,11607,11607,4,4
2019-11-20 15:22:51.094,11606,11607,11607,24,24
2019-11-20 15:22:51.094,11606,11607,11608,69,69
2019-11-20 15:22:52.872,11607,11608,11608,1,1
2019-11-20 15:22:53.226,11607,11608,11608,1,1
2019-11-20 15:22:59.375,11607,11608,11608,1,1
2019-11-20 15:23:02.326,11607,11608,11608,1,1
2019-11-20 15:23:08.261,11607,11608,11607,2,-2
2019-11-20 15:23:13.608,11607,11608,11608,6,6
2019-11-20 15:23:13.608,11607,11608,11609,52,52
2019-11-20 15:23:13.744,11608,11609,11609,5,5
2019-11-20 15:23:14.231,11608,11609,11609,1,1
2019-11-20 15:23:14.292,11608,11610,11610,1,1
2019-11-20 15:23:20.664,11608,11609,11609,1,1
2019-11-20 15:23:20.973,11608,11609,11609,1,1
2019-11-20 15:23:26.944,11608,11609,11609,1,1
2019-11-20 15:23:27.945,11608,11609,11608,2,-2
2019-11-20 15:23:36.814,11608,11609,11609,22,22
2019-11-20 15:23:36.814,11608,11609,11610,28,28
2019-11-20 15:23:36.814,11608,11609,11609,1,1
2019-11-20 15:23:36.814,11608,11609,11609,2,2
2019-11-20 15:23:36.994,11609,11610,11609,1,-1
2019-11-20 15:23:37.469,11608,11609,11608,5,-5
2019-11-20 15:23:37.474,11608,11609,11609,1,1
2019-11-20 15:23:41.625,11608,11609,11609,5,5
2019-11-20 15:23:41.651,11608,11609,11609,2,2
2019-11-20 15:23:41.676,11608,11609,11609,2,2
2019-11-20 15:23:45.071,11609,11610,11609,1,-1
2019-11-20 15:23:49.391,11609,11610,11609,1,-1
2019-11-20 15:23:52.484,11609,11610,11609,1,-1
2019-11-20 15:23:54.068,11609,11610,11609,4,-4
2019-11-20 15:23:55.085,11609,11610,11609,2,-2
2019-11-20 15:23:55.085,11609,11610,11609,1,-1
2019-11-20 15:23:58.962,11608,11609,11609,1,1
2019-11-20 15:24:02.169,11608,11610,11610,3,3
2019-11-20 15:24:04.906,11608,11610,11610,1,1
2019-11-20 15:24:05.931,11608,11610,11610,3,3
2019-11-20 15:24:08.908,11609,11610,11610,4,4
2019-11-20 15:24:10.421,11609,11610,11610,3,3
2019-11-20 15:24:11.586,11609,11610,11610,1,1
2019-11-20 15:24:11.643,11609,11610,11610,2,2
2019-11-20 15:24:12.748,11609,11610,11610,1,1
2019-11-20 15:24:13.401,11609,11610,11610,1,1
2019-11-20 15:24:13.878,11609,11610,11610,1,1
2019-11-20 15:24:21.438,11609,11610,11610,1,1
2019-11-20 15:24:27.526,11609,11610,11609,1,-1
2019-11-20 15:24:28.190,11609,11610,11609,7,-7
2019-11-20 15:24:28.892,11608,11610,11610,10,10
2019-11-20 15:24:30.624,11609,11610,11609,1,-1
2019-11-20 15:24:30.951,11608,11609,11608,2,-2
2019-11-20 15:24:30.973,11608,11609,11609,1,1
2019-11-20 15:24:30.980,11608,11609,11608,1,-1
2019-11-20 15:24:31.165,11608,11609,11609,5,5
2019-11-20 15:24:34.218,11608,11609,11608,1,-1
2019-11-20 15:24:45.760,11608,11609,11609,2,2
2019-11-20 15:24:54.183,11608,11609,11608,5,-5
2019-11-20 15:25:16.001,11608,11609,11608,1,-1
2019-11-20 15:25:17.428,11608,11609,11608,1,-1
2019-11-20 15:25:27.907,11608,11609,11608,1,-1
2019-11-20 15:25:30.248,11608,11609,11609,1,1
2019-11-20 15:25:33.552,11608,11609,11608,3,-3
2019-11-20 15:25:41.498,11608,11609,11609,1,1
2019-11-20 15:25:51.654,11608,11609,11609,3,3
2019-11-20 15:25:55.532,11608,11609,11609,1,1
2019-11-20 15:25:59.704,11608,11609,11609,1,1
2019-11-20 15:26:14.173,11608,11609,11609,1,1
2019-11-20 15:26:14.543,11608,11609,11609,3,3
2019-11-20 15:26:19.079,11608,11609,11609,9,9
2019-11-20 15:26:20.828,11609,11610,11609,1,-1
2019-11-20 15:26:32.843,11609,11610,11609,2,-2
2019-11-20 15:26:40.914,11609,11610,11609,1,-1
2019-11-20 15:26:49.883,11609,11610,11609,3,-3
2019-11-20 15:26:56.820,11609,11610,11610,5,5
2019-11-20 15:27:06.393,11609,11610,11610,1,1
2019-11-20 15:27:09.896,11609,11610,11610,1,1
2019-11-20 15:27:11.359,11609,11610,11610,1,1
2019-11-20 15:27:11.360,11609,11610,11610,1,1
2019-11-20 15:27:13.302,11609,11610,11610,9,9
2019-11-20 15:27:13.805,11610,11611,11610,2,-2
2019-11-20 15:27:15.669,11610,11611,11610,1,-1
2019-11-20 15:27:15.739,11610,11611,11611,1,1
2019-11-20 15:27:15.961,11610,11611,11610,1,-1
2019-11-20 15:27:16.175,11610,11611,11610,1,-1
2019-11-20 15:27:16.175,11610,11611,11609,1,-1
2019-11-20 15:27:17.802,11609,11611,11611,1,1
2019-11-20 15:27:19.894,11609,11611,11609,1,-1
2019-11-20 15:27:21.478,11610,11611,11610,1,1
2019-11-20 15:27:21.724,11609,11611,11609,2,-2
2019-11-20 15:27:23.652,11610,11611,11610,1,1
2019-11-20 15:27:24.970,11609,11611,11611,5,5
2019-11-20 15:27:27.197,11609,11611,11609,1,-1
2019-11-20 15:27:27.512,11609,11611,11611,4,4
2019-11-20 15:27:32.466,11610,11611,11610,1,-1
2019-11-20 15:27:37.924,11610,11611,11610,1,-1
2019-11-20 15:27:38.039,11610,11611,11611,1,1
2019-11-20 15:27:38.115,11610,11611,11610,1,-1
2019-11-20 15:27:40.804,11610,11611,11610,1,-1
2019-11-20 15:27:43.098,11610,11611,11610,1,-1
2019-11-20 15:27:45.522,11610,11611,11610,1,-1
2019-11-20 15:27:54.092,11610,11611,11610,1,-1
2019-11-20 15:27:54.699,11610,11611,11610,3,-3
2019-11-20 15:27:57.119,11610,11611,11610,2,-2
2019-11-20 15:27:57.144,11610,11611,11610,2,-2
2019-11-20 15:27:57.170,11610,11611,11610,2,-2
2019-11-20 15:28:00.973,11610,11611,11610,1,-1
2019-11-20 15:28:14.453,11610,11611,11610,1,-1
2019-11-20 15:28:15.261,11610,11611,11611,1,1
2019-11-20 15:28:17.919,11610,11611,11611,1,1
2019-11-20 15:28:30.204,11610,11611,11610,1,-1
2019-11-20 15:28:33.353,11610,11611,11611,1,1
2019-11-20 15:28:39.931,11610,11611,11611,1,1
2019-11-20 15:28:42.651,11610,11611,11611,1,1
2019-11-20 15:28:46.315,11610,11611,11611,6,6
2019-11-20 15:28:48.343,11610,11611,11610,5,-5
2019-11-20 15:28:50.409,11610,11611,11611,1,1
2019-11-20 15:28:52.970,11610,11611,11610,20,-20
2019-11-20 15:28:52.994,11610,11611,11610,2,-2
2019-11-20 15:28:53.448,11610,11611,11610,2,-2
2019-11-20 15:28:53.448,11610,11611,11610,5,-5
2019-11-20 15:28:53.686,11609,11610,11610,5,5
2019-11-20 15:28:59.373,11609,11610,11610,2,2
2019-11-20 15:29:01.216,11609,11610,11609,1,-1
2019-11-20 15:29:14.688,11609,11610,11610,1,1
2019-11-20 15:29:16.177,11609,11610,11609,3,-3
2019-11-20 15:29:29.064,11609,11610,11610,8,8
2019-11-20 15:29:29.354,11610,11611,11610,2,-2
2019-11-20 15:29:30.220,11609,11611,11611,3,3
2019-11-20 15:29:30.336,11609,11611,11611,1,1
2019-11-20 15:29:37.867,11609,11610,11610,1,1
2019-11-20 15:29:39.491,11609,11610,11610,3,3
2019-11-20 15:29:40.130,11610,11611,11610,1,-1
2019-11-20 15:29:40.730,11610,11611,11611,1,1
2019-11-20 15:29:45.662,11610,11611,11610,1,-1
2019-11-20 15:29:51.924,11610,11611,11611,1,1
2019-11-20 15:29:57.256,11610,11611,11611,1,1
2019-11-20 15:30:05.033,11610,11611,11610,2,-2
2019-11-20 15:30:05.384,11610,11611,11611,1,1
2019-11-20 15:30:05.409,11610,11611,11611,1,1
2019-11-20 15:30:05.670,11610,11611,11611,5,5
2019-11-20 15:30:05.671,11610,11611,11611,5,5
2019-11-20 15:30:06.012,11610,11611,11610,1,-1
2019-11-20 15:30:06.208,11610,11611,11610,1,-1
2019-11-20 15:30:07.200,11610,11611,11611,1,1
2019-11-20 15:30:07.825,11610,11611,11611,1,1
2019-11-20 15:30:14.227,11610,11611,11611,1,1
2019-11-20 15:30:15.820,11610,11611,11611,1,1
2019-11-20 15:30:16.227,11610,11611,11611,1,1
2019-11-20 15:30:16.245,11610,11611,11611,47,47
2019-11-20 15:30:16.994,11611,11612,11611,2,-2
2019-11-20 15:30:17.020,11611,11612,11611,2,-2
2019-11-20 15:30:17.045,11611,11612,11611,2,-2
2019-11-20 15:30:18.042,11611,11612,11611,1,-1
2019-11-20 15:30:22.813,11611,11612,11611,1,-1
2019-11-20 15:30:22.914,11611,11612,11611,2,-2
2019-11-20 15:30:27.477,11611,11612,11611,6,-6
2019-11-20 15:30:32.949,11611,11612,11612,2,2
2019-11-20 15:30:33.137,11611,11612,11612,1,1
2019-11-20 15:30:34.012,11611,11612,11611,2,-2
2019-11-20 15:30:36.957,11611,11612,11612,1,1
2019-11-20 15:30:45.163,11611,11612,11612,1,1
2019-11-20 15:31:01.332,11611,11612,11612,1,1
2019-11-20 15:31:04.076,11611,11612,11612,2,2
2019-11-20 15:31:04.396,11611,11612,11612,1,1
2019-11-20 15:31:04.942,11611,11612,11611,1,-1
2019-11-20 15:31:05.470,11611,11612,11612,1,1
2019-11-20 15:31:06.090,11611,11612,11612,1,1
2019-11-20 15:31:06.414,11611,11612,11612,1,1
2019-11-20 15:31:11.061,11611,11612,11612,2,2
2019-11-20 15:31:12.695,11611,11612,11612,1,1
2019-11-20 15:31:14.331,11611,11612,11612,1,1
2019-11-20 15:31:15.901,11611,11612,11612,1,1
2019-11-20 15:31:17.035,11611,11612,11612,1,1
2019-11-20 15:31:19.029,11611,11612,11612,1,1
2019-11-20 15:31:23.567,11611,11612,11612,1,1
2019-11-20 15:31:23.978,11611,11612,11612,1,1
2019-11-20 15:31:24.346,11611,11612,11612,1,1
2019-11-20 15:31:25.756,11611,11612,11612,1,1
2019-11-20 15:31:27.110,11611,11612,11611,1,-1
2019-11-20 15:31:33.156,11611,11612,11612,1,1
2019-11-20 15:31:39.264,11611,11612,11612,1,1
2019-11-20 15:31:39.557,11611,11612,11611,1,-1
2019-11-20 15:31:40.746,11611,11612,11611,5,-5
2019-11-20 15:31:43.801,11611,11612,11611,1,-1
2019-11-20 15:31:45.482,11611,11612,11611,3,-3
2019-11-20 15:31:51.023,11611,11612,11612,1,1
2019-11-20 15:31:51.394,11611,11612,11611,1,-1
2019-11-20 15:31:51.648,11611,11612,11612,1,1
2019-11-20 15:31:55.085,11611,11612,11612,1,1
2019-11-20 15:31:56.835,11611,11612,11612,1,1
2019-11-20 15:31:57.469,11611,11612,11612,1,1
2019-11-20 15:31:58.123,11611,11612,11612,1,1
2019-11-20 15:32:03.005,11611,11612,11612,1,1
2019-11-20 15:32:05.512,11611,11612,11611,1,-1
2019-11-20 15:32:07.771,11611,11612,11611,1,-1
2019-11-20 15:32:08.934,11611,11612,11611,1,-1
2019-11-20 15:32:11.815,11611,11612,11612,1,1
2019-11-20 15:32:23.663,11611,11612,11611,1,-1
2019-11-20 15:32:23.879,11611,11612,11611,1,-1
2019-11-20 15:32:24.276,11611,11612,11612,2,2
2019-11-20 15:32:25.660,11611,11612,11612,1,1
2019-11-20 15:32:29.650,11611,11612,11612,1,1
2019-11-20 15:32:30.249,11611,11612,11612,1,1
2019-11-20 15:32:36.192,11611,11612,11612,3,3
2019-11-20 15:32:37.951,11611,11612,11612,1,1
2019-11-20 15:32:38.669,11611,11612,11612,1,1
2019-11-20 15:32:38.865,11611,11612,11611,1,-1
2019-11-20 15:32:38.966,11611,11612,11612,1,1
2019-11-20 15:32:39.291,11611,11612,11612,1,1
2019-11-20 15:32:40.797,11611,11612,11612,5,5
2019-11-20 15:32:42.097,11611,11612,11612,1,1
2019-11-20 15:32:42.638,11611,11612,11612,1,1
2019-11-20 15:32:42.930,11611,11612,11612,1,1
2019-11-20 15:32:43.046,11611,11612,11612,2,2
2019-11-20 15:32:43.046,11611,11612,11612,5,5
2019-11-20 15:32:43.119,11611,11612,11612,2,2
2019-11-20 15:32:43.268,11611,11612,11612,1,1
2019-11-20 15:32:43.564,11611,11612,11612,1,1
2019-11-20 15:32:44.066,11611,11612,11612,1,1
2019-11-20 15:32:44.823,11611,11612,11612,1,1
2019-11-20 15:32:46.050,11611,11612,11612,1,1
2019-11-20 15:32:46.699,11611,11612,11612,1,1
2019-11-20 15:32:51.143,11611,11612,11612,1,1
2019-11-20 15:32:51.465,11611,11612,11612,1,1
2019-11-20 15:33:02.457,11611,11612,11612,1,1
2019-11-20 15:33:02.527,11611,11612,11612,2,2
2019-11-20 15:33:08.499,11611,11612,11612,1,1
2019-11-20 15:33:09.816,11611,11612,11612,1,1
2019-11-20 15:33:10.222,11611,11612,11612,2,2
2019-11-20 15:33:10.532,11611,11612,11612,1,1
2019-11-20 15:33:12.938,11611,11612,11612,5,5
2019-11-20 15:33:14.761,11612,11613,11612,1,-1
2019-11-20 15:33:29.507,11611,11612,11612,1,1
2019-11-20 15:33:32.781,11611,11612,11612,1,1
2019-11-20 15:33:35.356,11611,11612,11612,1,1
2019-11-20 15:33:39.174,11611,11612,11612,1,1
2019-11-20 15:33:40.029,11611,11612,11612,1,1
2019-11-20 15:33:40.247,11611,11612,11611,5,-5
2019-11-20 15:33:41.328,11611,11612,11611,1,-1
2019-11-20 15:33:42.964,11611,11612,11612,1,1
2019-11-20 15:33:44.590,11611,11612,11612,4,4
2019-11-20 15:33:44.909,11611,11612,11612,1,1
2019-11-20 15:33:47.177,11611,11612,11612,1,1
2019-11-20 15:33:51.699,11611,11612,11612,1,1
2019-11-20 15:33:56.403,11611,11612,11612,1,1
2019-11-20 15:34:04.603,11611,11612,11611,2,-2
2019-11-20 15:34:08.331,11611,11612,11612,1,1
2019-11-20 15:34:08.756,11611,11612,11611,2,-2
2019-11-20 15:34:10.627,11611,11612,11611,1,-1
2019-11-20 15:34:10.869,11611,11612,11611,9,-9
2019-11-20 15:34:10.994,11611,11612,11611,18,-18
2019-11-20 15:34:13.642,11610,11611,11610,1,-1
2019-11-20 15:34:27.942,11610,11611,11610,1,-1
2019-11-20 15:34:49.133,11610,11611,11610,49,-49
2019-11-20 15:34:54.356,11609,11610,11609,1,-1
2019-11-20 15:34:55.936,11609,11610,11609,1,-1
2019-11-20 15:34:56.183,11609,11610,11609,1,-1
2019-11-20 15:35:00.465,11609,11610,11609,1,-1
2019-11-20 15:35:02.134,11609,11610,11610,2,2
2019-11-20 15:35:27.960,11609,11610,11609,1,-1
2019-11-20 15:35:32.946,11609,11610,11609,1,-1
2019-11-20 15:35:39.106,11609,11610,11610,1,1
2019-11-20 15:35:44.610,11609,11610,11609,2,-2
2019-11-20 15:35:46.886,11609,11610,11609,1,-1
2019-11-20 15:35:47.184,11609,11610,11609,2,-2
2019-11-20 15:35:47.184,11609,11610,11609,2,-2
2019-11-20 15:35:47.187,11609,11610,11609,1,-1
2019-11-20 15:35:47.244,11609,11610,11609,3,-3
2019-11-20 15:35:47.244,11609,11610,11609,2,-2
2019-11-20 15:35:47.403,11609,11610,11609,2,-2
2019-11-20 15:35:47.403,11609,11610,11609,2,-2
2019-11-20 15:35:49.149,11608,11609,11609,1,1
2019-11-20 15:35:51.420,11608,11609,11609,1,1
2019-11-20 15:36:05.979,11608,11609,11608,1,-1
2019-11-20 15:36:06.019,11608,11609,11608,1,-1
2019-11-20 15:36:06.473,11608,11609,11609,1,1
2019-11-20 15:36:12.278,11608,11609,11608,1,-1
2019-11-20 15:36:24.714,11608,11609,11608,1,-1
2019-11-20 15:36:25.281,11608,11609,11608,2,-2
2019-11-20 15:36:25.682,11608,11609,11608,2,-2
2019-11-20 15:36:29.660,11608,11609,11608,1,-1
2019-11-20 15:36:38.572,11608,11609,11608,2,-2
2019-11-20 15:36:38.574,11608,11609,11608,2,-2
2019-11-20 15:36:38.574,11608,11609,11608,1,-1
2019-11-20 15:36:38.575,11608,11609,11608,1,-1
2019-11-20 15:36:39.323,11608,11609,11608,1,-1
2019-11-20 15:36:40.019,11608,11609,11608,1,-1
2019-11-20 15:36:48.296,11608,11609,11608,1,-1
2019-11-20 15:36:49.878,11608,11609,11608,1,-1
2019-11-20 15:36:53.030,11608,11609,11608,1,-1
2019-11-20 15:36:54.733,11608,11609,11608,1,-1
2019-11-20 15:37:01.259,11608,11609,11609,1,1
2019-11-20 15:37:01.331,11608,11609,11608,3,-3
2019-11-20 15:37:07.402,11608,11609,11608,3,-3
2019-11-20 15:37:07.757,11608,11609,11608,1,-1
2019-11-20 15:37:14.487,11608,11609,11608,1,-1
2019-11-20 15:37:24.249,11608,11609,11608,5,-5
2019-11-20 15:37:24.387,11608,11609,11608,5,-5
2019-11-20 15:37:28.403,11608,11609,11608,1,-1
2019-11-20 15:37:28.791,11608,11609,11608,1,-1
2019-11-20 15:37:29.510,11608,11609,11608,1,-1
2019-11-20 15:37:32.906,11608,11609,11608,1,-1
2019-11-20 15:37:34.273,11608,11609,11608,2,-2
2019-11-20 15:37:42.319,11607,11608,11608,2,2
2019-11-20 15:37:43.633,11607,11608,11608,3,3
2019-11-20 15:37:44.375,11608,11609,11608,1,-1
2019-11-20 15:37:50.664,11608,11609,11608,1,-1
2019-11-20 15:37:52.864,11608,11609,11608,1,-1
2019-11-20 15:38:14.438,11608,11609,11608,1,-1
2019-11-20 15:38:29.443,11608,11609,11608,1,-1
2019-11-20 15:39:44.222,11608,11609,11608,1,-1
2019-11-20 15:39:48.026,11608,11609,11609,9,9
2019-11-20 15:40:05.472,11608,11609,11609,4,4
2019-11-20 15:40:24.440,11608,11609,11609,1,1
2019-11-20 15:40:24.670,11608,11609,11608,1,-1
2019-11-20 15:40:25.573,11608,11609,11608,1,-1
2019-11-20 15:40:25.820,11608,11609,11608,2,-2
2019-11-20 15:40:25.821,11608,11609,11608,1,-1
2019-11-20 15:40:25.821,11608,11609,11608,2,-2
2019-11-20 15:40:25.822,11608,11609,11608,6,-6
2019-11-20 15:40:28.008,11607,11608,11608,1,1
2019-11-20 15:40:44.214,11607,11608,11608,1,1
2019-11-20 15:41:24.523,11607,11608,11607,14,-14
2019-11-20 15:41:24.619,11607,11608,11607,3,-3
2019-11-20 15:41:24.619,11607,11608,11607,9,-9
2019-11-20 15:41:25.479,11606,11607,11606,10,-10
2019-11-20 15:41:26.999,11606,11607,11606,1,-1
2019-11-20 15:41:33.279,11606,11607,11606,1,-1
2019-11-20 15:41:34.803,11606,11607,11606,2,-2
2019-11-20 15:41:35.001,11606,11607,11607,1,1
2019-11-20 15:41:39.425,11606,11607,11606,2,-2
2019-11-20 15:41:44.617,11606,11607,11606,4,-4
2019-11-20 15:41:44.619,11606,11607,11606,1,-1
2019-11-20 15:41:44.619,11606,11607,11606,13,-13
2019-11-20 15:41:44.783,11605,11606,11606,1,1
2019-11-20 15:41:47.760,11605,11606,11605,22,-22
2019-11-20 15:41:47.913,11605,11606,11605,22,-22
2019-11-20 15:41:49.245,11605,11606,11605,1,-1
2019-11-20 15:41:52.459,11605,11606,11605,1,-1
2019-11-20 15:41:55.610,11605,11606,11605,15,-15
2019-11-20 15:41:56.883,11605,11606,11605,1,-1
2019-11-20 15:41:58.172,11605,11606,11605,1,-1
2019-11-20 15:41:59.272,11605,11606,11605,1,-1
2019-11-20 15:41:59.938,11605,11606,11606,4,4
2019-11-20 15:42:01.476,11605,11606,11605,8,-8
2019-11-20 15:42:01.476,11605,11606,11605,4,-4
2019-11-20 15:42:01.478,11605,11606,11605,6,-6
2019-11-20 15:42:01.478,11605,11606,11605,6,-6
2019-11-20 15:42:01.478,11605,11606,11605,3,-3
2019-11-20 15:42:01.478,11605,11606,11605,3,-3
2019-11-20 15:42:01.478,11605,11606,11605,9,-9
2019-11-20 15:42:01.479,11605,11606,11605,1,-1
2019-11-20 15:42:01.494,11605,11606,11605,3,-3
2019-11-20 15:42:01.494,11605,11606,11605,2,-2
2019-11-20 15:42:05.507,11604,11605,11605,2,2
2019-11-20 15:42:05.642,11604,11605,11605,4,4
2019-11-20 15:42:07.172,11604,11605,11604,2,-2
2019-11-20 15:42:07.231,11604,11605,11604,2,-2
2019-11-20 15:42:07.378,11604,11605,11605,5,5
2019-11-20 15:42:10.255,11604,11605,11605,2,2
2019-11-20 15:42:11.533,11604,11605,11605,5,5
2019-11-20 15:42:12.922,11604,11605,11604,1,-1
2019-11-20 15:42:12.995,11604,11605,11604,8,-8
2019-11-20 15:42:13.119,11604,11605,11604,13,-13
2019-11-20 15:42:16.249,11603,11604,11604,5,5
2019-11-20 15:42:19.285,11603,11604,11603,1,-1
2019-11-20 15:42:19.479,11603,11604,11603,1,-1
2019-11-20 15:42:20.160,11603,11604,11604,1,1
2019-11-20 15:42:20.174,11603,11604,11604,5,5
2019-11-20 15:42:20.204,11603,11604,11604,2,2
2019-11-20 15:42:22.889,11603,11604,11604,1,1
2019-11-20 15:42:23.152,11603,11604,11604,2,2
2019-11-20 15:42:24.023,11604,11605,11604,1,-1
2019-11-20 15:42:27.687,11604,11605,11604,1,-1
2019-11-20 15:42:29.756,11604,11605,11605,5,5
2019-11-20 15:42:34.945,11604,11605,11605,1,1
2019-11-20 15:42:35.974,11604,11605,11604,5,-5
2019-11-20 15:42:36.231,11604,11605,11604,5,-5
2019-11-20 15:42:37.469,11604,11605,11604,2,-2
2019-11-20 15:42:37.938,11603,11604,11603,1,-1
2019-11-20 15:42:37.994,11603,11604,11603,13,-13
2019-11-20 15:42:37.994,11603,11604,11603,4,-4
2019-11-20 15:42:37.995,11603,11604,11603,2,-2
2019-11-20 15:42:38.037,11603,11604,11603,2,-2
2019-11-20 15:42:38.119,11603,11604,11603,1,-1
2019-11-20 15:42:38.119,11603,11604,11603,4,-4
2019-11-20 15:42:38.119,11603,11604,11603,4,-4
2019-11-20 15:42:38.119,11603,11604,11603,4,-4
2019-11-20 15:42:38.575,11602,11603,11602,4,-4
2019-11-20 15:42:38.619,11602,11603,11602,3,-3
2019-11-20 15:42:38.654,11602,11603,11602,1,-1
2019-11-20 15:42:38.689,11602,11603,11602,3,-3
2019-11-20 15:42:38.689,11602,11603,11602,4,-4
2019-11-20 15:42:38.690,11602,11603,11602,1,-1
2019-11-20 15:42:38.690,11602,11603,11602,3,-3
2019-11-20 15:42:38.690,11602,11603,11602,2,-2
2019-11-20 15:42:38.691,11602,11603,11602,4,-4
2019-11-20 15:42:38.691,11602,11603,11602,3,-3
2019-11-20 15:42:38.772,11601,11602,11601,4,-4
2019-11-20 15:42:38.773,11601,11602,11601,3,-3
2019-11-20 15:42:38.773,11601,11602,11601,2,-2
2019-11-20 15:42:38.774,11601,11602,11601,5,-5
2019-11-20 15:42:38.774,11601,11602,11601,16,-16
2019-11-20 15:42:38.779,11601,11602,11601,2,-2
2019-11-20 15:42:38.870,11600,11601,11600,4,-4
2019-11-20 15:42:38.871,11600,11601,11600,4,-4
2019-11-20 15:42:38.924,11600,11601,11600,69,-69
2019-11-20 15:42:38.979,11600,11601,11601,2,2
2019-11-20 15:42:38.995,11599,11601,11600,2,-2
2019-11-20 15:42:39.020,11599,11601,11600,2,-2
2019-11-20 15:42:39.037,11599,11601,11599,5,-5
2019-11-20 15:42:39.045,11599,11601,11600,2,2
2019-11-20 15:42:39.071,11599,11601,11600,2,-2
2019-11-20 15:42:39.096,11599,11601,11600,2,-2
2019-11-20 15:42:39.170,11599,11600,11599,1,-1
2019-11-20 15:42:39.415,11599,11600,11599,5,-5
2019-11-20 15:42:39.596,11599,11600,11599,4,-4
2019-11-20 15:42:39.705,11599,11600,11599,2,-2
2019-11-20 15:42:39.783,11599,11600,11599,1,-1
2019-11-20 15:42:40.043,11599,11600,11599,7,-7
2019-11-20 15:42:40.075,11599,11600,11599,2,-2
2019-11-20 15:42:40.119,11599,11600,11599,4,-4
2019-11-20 15:42:40.123,11599,11600,11599,1,-1
2019-11-20 15:42:40.340,11598,11599,11599,4,4
2019-11-20 15:42:40.342,11598,11599,11599,2,2
2019-11-20 15:42:40.369,11598,11599,11599,1,1
2019-11-20 15:42:40.417,11598,11599,11598,5,-5
2019-11-20 15:42:40.534,11598,11599,11598,2,-2
2019-11-20 15:42:40.541,11598,11599,11599,1,1
2019-11-20 15:42:40.542,11598,11599,11598,1,-1
2019-11-20 15:42:40.701,11598,11599,11599,1,1
2019-11-20 15:42:40.701,11598,11599,11599,3,3
2019-11-20 15:42:40.701,11598,11599,11599,3,3
2019-11-20 15:42:41.292,11599,11600,11599,5,-5
2019-11-20 15:42:41.482,11598,11600,11599,1,-1
2019-11-20 15:42:41.513,11598,11599,11598,2,-2
2019-11-20 15:42:41.572,11598,11599,11599,1,1
2019-11-20 15:42:41.574,11598,11599,11599,2,2
2019-11-20 15:42:41.883,11599,11600,11600,2,2
2019-11-20 15:42:42.053,11599,11600,11599,1,-1
2019-11-20 15:42:42.165,11599,11600,11599,1,-1
2019-11-20 15:42:42.271,11599,11600,11600,4,4
2019-11-20 15:42:42.272,11599,11600,11600,1,1
2019-11-20 15:42:42.833,11599,11600,11599,2,-2
2019-11-20 15:42:42.870,11599,11600,11599,1,-1
2019-11-20 15:42:44.503,11599,11600,11600,2,2
2019-11-20 15:42:44.636,11599,11600,11599,1,-1
2019-11-20 15:42:44.651,11599,11600,11599,1,-1
2019-11-20 15:42:44.752,11598,11599,11598,4,-4
2019-11-20 15:42:45.238,11598,11599,11598,1,-1
2019-11-20 15:42:45.238,11598,11599,11598,2,-2
2019-11-20 15:42:45.240,11598,11599,11598,2,-2
2019-11-20 15:42:45.243,11598,11599,11598,1,-1
2019-11-20 15:42:45.244,11598,11599,11598,4,-4
2019-11-20 15:42:45.244,11598,11599,11598,8,-8
2019-11-20 15:42:46.001,11597,11599,11599,2,2
2019-11-20 15:42:46.072,11597,11599,11598,1,-1
2019-11-20 15:42:46.328,11598,11599,11599,1,1
2019-11-20 15:42:46.917,11599,11600,11600,4,4
2019-11-20 15:42:47.076,11600,11601,11600,1,-1
2019-11-20 15:42:48.213,11600,11601,11600,1,-1
2019-11-20 15:42:49.017,11600,11601,11600,1,-1
2019-11-20 15:42:49.095,11600,11601,11599,4,-4
2019-11-20 15:42:50.674,11599,11600,11599,1,-1
2019-11-20 15:42:51.059,11599,11600,11600,1,1
2019-11-20 15:42:53.391,11599,11600,11600,1,1
2019-11-20 15:42:54.100,11599,11600,11599,1,-1
2019-11-20 15:42:54.622,11599,11600,11599,9,-9
2019-11-20 15:42:54.622,11599,11600,11598,60,-60
2019-11-20 15:42:54.744,11597,11598,11598,4,4
2019-11-20 15:42:54.745,11597,11598,11597,3,-3
2019-11-20 15:42:54.745,11597,11598,11597,5,-5
2019-11-20 15:42:54.890,11597,11598,11597,3,-3
2019-11-20 15:42:55.735,11596,11597,11597,1,1
2019-11-20 15:42:56.055,11596,11597,11597,1,1
2019-11-20 15:42:57.842,11596,11598,11596,1,-1
2019-11-20 15:42:57.898,11596,11598,11596,1,-1
2019-11-20 15:42:58.839,11596,11598,11596,1,-1
2019-11-20 15:42:59.174,11596,11598,11597,1,1
2019-11-20 15:42:59.511,11597,11598,11598,2,2
2019-11-20 15:42:59.794,11597,11598,11598,2,2
2019-11-20 15:42:59.883,11597,11599,11597,5,-5
2019-11-20 15:43:00.544,11597,11598,11597,18,-18
2019-11-20 15:43:00.544,11597,11598,11596,37,-37
2019-11-20 15:43:00.754,11596,11597,11597,1,1
2019-11-20 15:43:01.590,11597,11598,11598,1,1
2019-11-20 15:43:01.654,11597,11598,11597,1,-1
2019-11-20 15:43:02.007,11596,11598,11596,1,-1
2019-11-20 15:43:03.545,11596,11597,11596,1,-1
2019-11-20 15:43:04.935,11596,11597,11596,1,-1
2019-11-20 15:43:05.105,11595,11596,11596,2,2
2019-11-20 15:43:05.119,11595,11596,11596,1,1
2019-11-20 15:43:05.225,11595,11596,11597,1,1
2019-11-20 15:43:07.497,11595,11596,11596,1,1
2019-11-20 15:43:07.852,11595,11597,11595,1,-1
2019-11-20 15:43:08.545,11596,11597,11596,1,1
2019-11-20 15:43:08.849,11596,11597,11596,1,-1
2019-11-20 15:43:10.480,11595,11596,11596,1,1
2019-11-20 15:43:10.726,11595,11596,11595,3,-3
2019-11-20 15:43:10.744,11595,11596,11595,4,-4
2019-11-20 15:43:11.071,11595,11596,11596,1,1
2019-11-20 15:43:11.280,11595,11596,11596,1,1
2019-11-20 15:43:11.311,11595,11596,11595,1,-1
2019-11-20 15:43:11.615,11595,11596,11596,1,1
2019-11-20 15:43:11.658,11595,11596,11595,2,-2
2019-11-20 15:43:11.786,11595,11596,11595,1,-1
2019-11-20 15:43:11.800,11595,11596,11595,5,-5
2019-11-20 15:43:13.689,11595,11597,11595,1,-1
2019-11-20 15:43:14.435,11596,11597,11597,1,1
2019-11-20 15:43:15.390,11596,11598,11596,1,-1
2019-11-20 15:43:17.790,11596,11597,11597,1,1
2019-11-20 15:43:19.179,11596,11597,11597,1,1
2019-11-20 15:43:19.897,11597,11598,11597,1,-1
2019-11-20 15:43:20.752,11597,11598,11598,23,23
2019-11-20 15:43:20.869,11597,11598,11598,4,4
2019-11-20 15:43:20.869,11597,11598,11598,7,7
2019-11-20 15:43:20.869,11597,11598,11598,2,2
2019-11-20 15:43:21.727,11598,11599,11598,2,-2
2019-11-20 15:43:25.677,11598,11599,11599,1,1
2019-11-20 15:43:26.102,11599,11600,11599,1,-1
2019-11-20 15:43:27.926,11599,11600,11600,2,2
2019-11-20 15:43:27.927,11599,11600,11600,5,5
2019-11-20 15:43:28.261,11600,11601,11601,3,3
2019-11-20 15:43:28.460,11601,11602,11602,2,2
2019-11-20 15:43:28.477,11601,11602,11602,2,2
2019-11-20 15:43:28.494,11601,11602,11602,4,4
2019-11-20 15:43:29.119,11602,11603,11603,2,2
2019-11-20 15:43:29.120,11602,11603,11603,10,10
2019-11-20 15:43:29.121,11602,11603,11602,17,-17
2019-11-20 15:43:29.121,11602,11603,11601,38,-38
2019-11-20 15:43:29.122,11602,11603,11602,2,2
2019-11-20 15:43:29.122,11602,11603,11602,3,-3
2019-11-20 15:43:29.244,11602,11603,11603,4,4
2019-11-20 15:43:29.245,11602,11603,11602,1,-1
2019-11-20 15:43:29.245,11602,11603,11602,2,-2
2019-11-20 15:43:29.399,11602,11603,11603,2,2
2019-11-20 15:43:29.400,11602,11603,11603,5,5
2019-11-20 15:43:29.495,11603,11604,11603,5,-5
2019-11-20 15:43:29.537,11603,11604,11602,1,-1
2019-11-20 15:43:30.824,11601,11602,11602,1,1
2019-11-20 15:43:31.521,11601,11602,11602,2,2
2019-11-20 15:43:31.521,11601,11602,11602,2,2
2019-11-20 15:43:32.115,11602,11603,11602,1,-1
2019-11-20 15:43:32.115,11602,11603,11601,1,-1
2019-11-20 15:43:36.389,11601,11602,11601,1,-1
2019-11-20 15:43:36.494,11601,11602,11601,2,-2
2019-11-20 15:43:36.659,11600,11601,11601,1,1
2019-11-20 15:43:37.260,11600,11601,11600,1,-1
2019-11-20 15:43:37.490,11600,11601,11601,1,1
2019-11-20 15:43:38.143,11600,11601,11601,1,1
2019-11-20 15:43:39.696,11600,11601,11600,1,-1
2019-11-20 15:43:40.045,11600,11601,11601,1,1
2019-11-20 15:43:42.452,11600,11601,11600,2,-2
2019-11-20 15:43:43.081,11599,11600,11600,2,2
2019-11-20 15:43:43.082,11599,11600,11600,2,2
2019-11-20 15:43:43.082,11599,11600,11600,4,4
2019-11-20 15:43:44.379,11600,11601,11600,1,-1
2019-11-20 15:43:48.070,11600,11601,11600,10,-10
2019-11-20 15:43:48.167,11599,11601,11600,1,-1
2019-11-20 15:43:49.324,11600,11601,11600,1,-1
2019-11-20 15:43:51.366,11600,11601,11600,1,-1
2019-11-20 15:43:53.886,11600,11601,11600,2,-2
2019-11-20 15:43:56.816,11600,11601,11600,1,-1
2019-11-20 15:43:57.532,11599,11600,11600,1,1
2019-11-20 15:44:01.863,11599,11600,11600,3,3
2019-11-20 15:44:04.817,11599,11600,11599,3,-3
2019-11-20 15:44:04.869,11599,11600,11599,3,-3
2019-11-20 15:44:05.865,11598,11599,11598,16,-16
2019-11-20 15:44:06.742,11597,11598,11598,9,9
2019-11-20 15:44:06.749,11597,11599,11599,5,5
2019-11-20 15:44:07.704,11598,11600,11600,1,1
2019-11-20 15:44:15.451,11599,11600,11600,2,2
2019-11-20 15:44:15.494,11599,11600,11600,1,1
2019-11-20 15:44:15.494,11599,11600,11600,10,10
2019-11-20 15:44:15.495,11599,11600,11600,6,6
2019-11-20 15:44:18.012,11600,11601,11600,3,-3
2019-11-20 15:44:19.100,11600,11601,11601,9,9
2019-11-20 15:44:19.101,11600,11601,11601,6,6
2019-11-20 15:44:19.102,11600,11601,11601,5,5
2019-11-20 15:44:19.241,11601,11602,11602,3,3
2019-11-20 15:44:19.243,11601,11602,11602,2,2
2019-11-20 15:44:19.243,11601,11602,11602,3,3
2019-11-20 15:44:19.244,11601,11602,11602,2,2
2019-11-20 15:44:19.781,11602,11603,11603,1,1
2019-11-20 15:44:20.053,11602,11603,11603,1,1
2019-11-20 15:44:20.206,11602,11603,11602,3,-3
2019-11-20 15:44:20.418,11601,11603,11603,1,1
2019-11-20 15:44:20.803,11601,11603,11603,1,1
2019-11-20 15:44:25.369,11602,11603,11602,10,-10
2019-11-20 15:44:38.302,11602,11603,11603,10,10
2019-11-20 15:44:39.421,11602,11603,11603,1,1
2019-11-20 15:44:41.929,11602,11604,11603,1,-1
2019-11-20 15:44:48.255,11603,11604,11603,1,-1
2019-11-20 15:44:51.244,11603,11604,11603,1,-1
2019-11-20 15:44:51.818,11603,11604,11603,1,-1
2019-11-20 15:44:53.274,11603,11604,11603,1,-1
2019-11-20 15:44:53.679,11602,11603,11603,4,4
2019-11-20 15:44:55.507,11603,11604,11603,1,-1
2019-11-20 15:44:58.235,11603,11604,11603,1,-1
2019-11-20 15:44:59.246,11603,11604,11603,1,-1
2019-11-20 15:44:59.411,11603,11604,11603,1,-1
2019-11-20 15:45:01.006,11603,11604,11603,2,-2
2019-11-20 15:45:01.590,11603,11604,11603,1,-1
2019-11-20 15:45:02.151,11603,11604,11604,2,2
2019-11-20 15:45:06.031,11603,11604,11603,3,-3
2019-11-20 15:45:06.444,11602,11603,11603,1,1
2019-11-20 15:45:09.700,11603,11604,11603,1,-1
2019-11-20 15:45:11.313,11603,11604,11604,2,2
2019-11-20 15:45:14.214,11603,11604,11603,5,-5
2019-11-20 15:45:16.832,11603,11604,11603,1,-1
2019-11-20 15:45:17.824,11603,11604,11603,1,-1
2019-11-20 15:45:18.861,11603,11604,11603,1,-1
2019-11-20 15:45:22.583,11603,11604,11603,1,-1
2019-11-20 15:45:22.583,11603,11604,11603,4,-4
2019-11-20 15:45:22.584,11603,11604,11603,1,-1
2019-11-20 15:45:27.916,11602,11603,11603,1,1
2019-11-20 15:45:34.661,11602,11603,11602,2,-2
2019-11-20 15:45:35.994,11602,11603,11602,1,-1
2019-11-20 15:45:40.505,11602,11603,11602,1,-1
2019-11-20 15:45:43.215,11602,11603,11603,1,1
2019-11-20 15:45:49.208,11602,11603,11602,1,-1
2019-11-20 15:46:03.489,11602,11603,11603,1,1
2019-11-20 15:46:04.438,11602,11603,11602,1,-1
2019-11-20 15:46:06.862,11602,11603,11602,2,-2
2019-11-20 15:46:06.862,11602,11603,11602,1,-1
2019-11-20 15:46:06.862,11602,11603,11602,2,-2
2019-11-20 15:46:06.862,11602,11603,11602,2,-2
2019-11-20 15:46:06.862,11602,11603,11602,14,-14
2019-11-20 15:46:06.863,11602,11603,11602,1,-1
2019-11-20 15:46:06.863,11602,11603,11602,6,-6
2019-11-20 15:46:11.567,11601,11602,11602,2,2
2019-11-20 15:46:11.567,11601,11602,11603,2,2
2019-11-20 15:46:13.217,11601,11603,11603,1,1
2019-11-20 15:46:13.447,11601,11603,11603,1,1
2019-11-20 15:46:13.676,11602,11603,11603,1,1
2019-11-20 15:46:14.015,11602,11603,11603,1,1
2019-11-20 15:46:22.237,11602,11603,11602,1,-1
2019-11-20 15:46:22.975,11602,11603,11602,1,-1
2019-11-20 15:46:23.648,11602,11603,11603,4,4
2019-11-20 15:46:31.301,11602,11603,11603,1,1
2019-11-20 15:46:35.291,11602,11603,11603,4,4
2019-11-20 15:46:56.515,11602,11603,11603,1,1
2019-11-20 15:46:59.223,11602,11603,11602,3,-3
2019-11-20 15:46:59.223,11602,11603,11602,5,-5
2019-11-20 15:47:01.864,11601,11603,11601,1,-1
2019-11-20 15:47:02.161,11601,11603,11601,5,-5
2019-11-20 15:47:03.643,11601,11602,11601,1,-1
2019-11-20 15:47:09.455,11601,11602,11602,1,1
2019-11-20 15:47:16.850,11601,11602,11601,5,-5
2019-11-20 15:47:18.361,11601,11602,11601,1,-1
2019-11-20 15:47:22.787,11601,11602,11601,1,-1
2019-11-20 15:47:24.187,11601,11602,11602,1,1
2019-11-20 15:47:26.976,11601,11602,11601,1,-1
2019-11-20 15:47:29.854,11601,11602,11601,2,-2
2019-11-20 15:47:29.854,11601,11602,11601,3,-3
2019-11-20 15:47:38.861,11601,11602,11601,1,-1
2019-11-20 15:47:39.597,11601,11602,11601,2,-2
2019-11-20 15:47:48.245,11601,11602,11602,4,4
2019-11-20 15:47:49.666,11602,11603,11602,1,-1
2019-11-20 15:47:55.421,11601,11602,11601,1,-1
2019-11-20 15:48:11.015,11601,11602,11601,2,-2
2019-11-20 15:48:11.153,11601,11602,11602,1,1
2019-11-20 15:48:16.177,11601,11602,11602,1,1
2019-11-20 15:48:24.375,11601,11602,11601,2,-2
2019-11-20 15:48:24.375,11601,11602,11601,2,-2
2019-11-20 15:48:24.436,11601,11602,11601,2,-2
2019-11-20 15:48:29.507,11601,11602,11601,3,-3
2019-11-20 15:48:32.268,11601,11602,11601,2,-2
2019-11-20 15:48:45.780,11601,11602,11601,1,-1
2019-11-20 15:48:47.558,11601,11602,11602,1,1
2019-11-20 15:48:52.995,11601,11602,11602,1,1
2019-11-20 15:49:01.906,11601,11602,11602,1,1
2019-11-20 15:49:11.278,11601,11602,11602,1,1
2019-11-20 15:49:12.912,11601,11602,11602,1,1
2019-11-20 15:49:12.919,11601,11602,11602,4,4
2019-11-20 15:49:12.944,11601,11602,11602,1,1
2019-11-20 15:49:17.843,11602,11603,11602,1,-1
2019-11-20 15:49:19.826,11602,11603,11602,1,-1
2019-11-20 15:49:20.143,11602,11603,11602,1,-1
2019-11-20 15:49:20.622,11602,11603,11602,1,-1
2019-11-20 15:49:28.998,11602,11603,11602,11,-11
2019-11-20 15:49:36.619,11601,11602,11602,1,1
2019-11-20 15:49:39.435,11601,11602,11602,1,1
2019-11-20 15:49:40.203,11601,11602,11602,2,2
2019-11-20 15:49:43.415,11601,11602,11602,1,1
2019-11-20 15:49:45.849,11601,11602,11602,1,1
2019-11-20 15:49:54.317,11601,11602,11601,5,-5
2019-11-20 15:50:00.216,11601,11602,11602,1,1
2019-11-20 15:50:07.044,11601,11602,11602,1,1
2019-11-20 15:50:13.586,11601,11602,11601,2,-2
2019-11-20 15:50:22.054,11601,11602,11602,2,2
2019-11-20 15:50:22.057,11601,11602,11602,6,6
2019-11-20 15:50:30.824,11602,11603,11602,3,-3
2019-11-20 15:50:30.887,11602,11603,11602,4,-4
2019-11-20 15:50:32.072,11602,11603,11602,1,-1
2019-11-20 15:50:53.735,11602,11603,11602,2,-2
2019-11-20 15:50:54.611,11602,11603,11602,2,-2
2019-11-20 15:50:54.611,11602,11603,11602,5,-5
2019-11-20 15:50:54.611,11602,11603,11602,2,-2
2019-11-20 15:50:54.612,11602,11603,11602,2,-2
2019-11-20 15:51:00.191,11601,11602,11602,2,2
2019-11-20 15:51:01.985,11601,11602,11602,1,1
2019-11-20 15:51:18.869,11601,11602,11602,1,1
2019-11-20 15:51:20.448,11601,11602,11602,1,1
2019-11-20 15:51:25.363,11601,11603,11602,1,-1
2019-11-20 15:51:38.716,11602,11603,11602,1,-1
2019-11-20 15:51:52.836,11602,11603,11603,1,1
2019-11-20 15:51:53.156,11602,11603,11603,1,1
2019-11-20 15:51:54.083,11602,11603,11603,1,1
2019-11-20 15:51:54.357,11602,11603,11603,1,1
2019-11-20 15:51:56.317,11602,11603,11603,1,1
2019-11-20 15:51:58.117,11602,11603,11603,1,1
2019-11-20 15:52:03.964,11602,11603,11602,4,-4
2019-11-20 15:52:13.729,11601,11602,11602,1,1
2019-11-20 15:52:18.649,11601,11602,11601,12,-12
2019-11-20 15:52:26.006,11601,11602,11601,1,-1
2019-11-20 15:52:27.442,11601,11602,11601,3,-3
2019-11-20 15:52:28.372,11601,11602,11601,2,-2
2019-11-20 15:52:31.102,11600,11601,11601,9,9
2019-11-20 15:52:31.102,11600,11601,11601,1,1
2019-11-20 15:52:33.489,11601,11602,11601,11,-11
2019-11-20 15:52:53.008,11600,11601,11600,4,-4
2019-11-20 15:53:00.280,11600,11601,11600,1,-1
2019-11-20 15:53:00.532,11600,11601,11600,10,-10
2019-11-20 15:53:04.483,11600,11601,11600,1,-1
2019-11-20 15:53:07.303,11600,11601,11601,1,1
2019-11-20 15:53:08.692,11600,11601,11601,3,3
2019-11-20 15:53:14.824,11601,11602,11601,1,-1
2019-11-20 15:53:16.471,11601,11602,11601,1,-1
2019-11-20 15:53:16.844,11601,11602,11601,1,-1
2019-11-20 15:53:18.987,11601,11602,11601,3,-3
2019-11-20 15:53:19.627,11600,11601,11601,1,1
2019-11-20 15:53:41.728,11600,11601,11600,4,-4
2019-11-20 15:53:49.547,11600,11601,11600,3,-3
2019-11-20 15:53:50.889,11600,11601,11600,1,-1
2019-11-20 15:53:51.194,11600,11601,11600,9,-9
2019-11-20 15:53:51.194,11600,11601,11599,1,-1
2019-11-20 15:53:51.401,11599,11600,11599,1,-1
2019-11-20 15:53:51.451,11599,11600,11599,1,-1
2019-11-20 15:53:51.501,11599,11600,11599,1,-1
2019-11-20 15:53:53.348,11599,11600,11600,1,1
2019-11-20 15:53:57.635,11599,11600,11599,1,-1
2019-11-20 15:54:00.298,11599,11600,11600,1,1
2019-11-20 15:54:07.662,11599,11600,11600,5,5
2019-11-20 15:54:07.859,11599,11600,11599,1,-1
2019-11-20 15:54:11.876,11599,11600,11600,2,2
2019-11-20 15:54:21.040,11599,11600,11600,1,1
2019-11-20 15:54:35.016,11599,11600,11600,3,3
2019-11-20 15:54:42.781,11599,11600,11600,4,4
2019-11-20 15:54:42.827,11599,11600,11600,2,2
2019-11-20 15:54:42.827,11599,11600,11600,1,1
2019-11-20 15:54:42.886,11600,11601,11601,2,2
2019-11-20 15:54:42.913,11600,11601,11601,3,3
2019-11-20 15:54:42.916,11600,11601,11601,2,2
2019-11-20 15:54:42.994,11600,11601,11601,1,1
2019-11-20 15:54:42.994,11600,11601,11601,7,7
2019-11-20 15:54:44.054,11600,11601,11600,1,-1
2019-11-20 15:54:47.278,11600,11601,11600,5,-5
2019-11-20 15:54:56.282,11599,11601,11599,1,-1
2019-11-20 15:55:00.405,11599,11600,11600,1,1
2019-11-20 15:55:18.921,11599,11600,11600,2,2
2019-11-20 15:55:24.612,11599,11600,11599,31,-31
2019-11-20 15:55:31.447,11598,11599,11599,1,1
2019-11-20 15:55:31.494,11598,11599,11599,3,3
2019-11-20 15:55:34.560,11599,11600,11599,1,-1
2019-11-20 15:55:36.867,11598,11599,11599,1,1
2019-11-20 15:55:37.563,11598,11599,11599,1,1
2019-11-20 15:55:39.517,11598,11599,11599,2,2
2019-11-20 15:55:40.434,11598,11599,11599,1,1
2019-11-20 15:55:47.503,11598,11599,11599,1,1
2019-11-20 15:55:49.420,11599,11600,11599,4,-4
2019-11-20 15:55:49.420,11599,11600,11599,5,-5
2019-11-20 15:55:54.820,11598,11599,11599,1,1
2019-11-20 15:56:00.684,11598,11599,11598,1,-1
2019-11-20 15:56:00.770,11598,11599,11598,1,-1
2019-11-20 15:56:02.777,11598,11599,11598,1,-1
2019-11-20 15:56:07.456,11598,11599,11598,1,-1
2019-11-20 15:56:08.143,11598,11599,11598,1,-1
2019-11-20 15:56:16.607,11598,11599,11598,12,-12
2019-11-20 15:56:16.619,11598,11599,11598,3,-3
2019-11-20 15:56:16.619,11598,11599,11598,2,-2
2019-11-20 15:56:19.573,11597,11598,11598,1,1
2019-11-20 15:56:35.994,11598,11599,11598,2,-2
2019-11-20 15:56:36.020,11598,11599,11598,2,-2
2019-11-20 15:56:37.191,11598,11599,11598,1,-1
2019-11-20 15:56:38.653,11597,11598,11598,1,1
2019-11-20 15:56:38.936,11598,11599,11598,1,-1
2019-11-20 15:56:39.327,11598,11599,11598,3,-3
2019-11-20 15:56:45.354,11597,11598,11597,6,-6
2019-11-20 15:56:49.514,11597,11598,11598,1,1
2019-11-20 15:56:49.766,11597,11598,11597,5,-5
2019-11-20 15:56:50.030,11597,11598,11597,5,-5
2019-11-20 15:56:51.472,11597,11598,11598,1,1
2019-11-20 15:56:52.124,11597,11598,11597,1,-1
2019-11-20 15:56:56.899,11597,11598,11597,2,-2
2019-11-20 15:56:59.222,11597,11598,11597,1,-1
2019-11-20 15:57:00.065,11597,11598,11597,1,-1
2019-11-20 15:57:05.710,11597,11598,11598,6,6
2019-11-20 15:57:05.710,11597,11598,11598,4,4
2019-11-20 15:57:05.710,11597,11598,11598,2,2
2019-11-20 15:57:05.740,11597,11598,11598,1,1
2019-11-20 15:57:08.054,11598,11599,11598,1,-1
2019-11-20 15:57:09.128,11598,11599,11598,5,-5
2019-11-20 15:57:15.949,11597,11598,11598,2,2
2019-11-20 15:57:16.763,11597,11598,11597,1,-1
2019-11-20 15:57:26.921,11597,11598,11598,1,1
2019-11-20 15:57:26.922,11597,11598,11598,3,3
2019-11-20 15:57:26.994,11597,11598,11598,2,2
2019-11-20 15:57:26.994,11597,11598,11598,6,6
2019-11-20 15:57:36.266,11598,11599,11598,1,-1
2019-11-20 15:57:46.506,11598,11599,11599,1,1
2019-11-20 15:57:54.093,11598,11599,11599,1,1
2019-11-20 15:57:54.742,11598,11599,11599,2,2
2019-11-20 15:58:25.067,11598,11599,11599,1,1
2019-11-20 15:58:26.430,11598,11599,11599,1,1
2019-11-20 15:58:30.720,11598,11599,11598,12,-12
2019-11-20 15:58:30.758,11598,11599,11599,1,1
2019-11-20 15:58:35.092,11598,11599,11598,2,-2
2019-11-20 15:58:35.092,11598,11599,11598,1,-1
2019-11-20 15:58:35.092,11598,11599,11598,3,-3
2019-11-20 15:58:43.925,11598,11599,11598,1,-1
2019-11-20 15:58:46.787,11597,11598,11597,1,-1
2019-11-20 15:58:55.821,11597,11598,11597,3,-3
2019-11-20 15:58:56.620,11597,11598,11598,1,1
2019-11-20 15:59:02.293,11597,11598,11598,2,2
2019-11-20 15:59:02.293,11597,11598,11599,3,3
2019-11-20 15:59:06.796,11597,11598,11598,1,1
2019-11-20 15:59:15.420,11597,11598,11598,1,1
2019-11-20 15:59:21.531,11597,11598,11598,1,1
2019-11-20 15:59:25.946,11597,11598,11598,1,1
2019-11-20 15:59:34.229,11597,11598,11598,1,1
2019-11-20 15:59:36.129,11598,11599,11598,1,-1
2019-11-20 15:59:37.766,11597,11598,11598,1,1
2019-11-20 15:59:49.614,11598,11599,11598,1,-1
2019-11-20 15:59:58.698,11597,11598,11598,1,1
2019-11-20 16:00:08.946,11597,11598,11598,2,2
2019-11-20 16:00:08.994,11597,11598,11598,2,2
2019-11-20 16:00:09.338,11597,11599,11597,1,-1
2019-11-20 16:00:09.403,11597,11599,11597,1,-1
2019-11-20 16:00:09.674,11597,11598,11597,2,-2
2019-11-20 16:00:14.698,11597,11598,11598,1,1
2019-11-20 16:00:20.160,11597,11598,11598,2,2
2019-11-20 16:00:21.118,11598,11599,11598,1,-1
2019-11-20 16:00:21.762,11598,11599,11598,3,-3
2019-11-20 16:00:22.182,11598,11599,11598,1,-1
2019-11-20 16:00:22.349,11598,11599,11598,3,-3
2019-11-20 16:00:22.349,11598,11599,11597,2,-2
2019-11-20 16:00:23.941,11598,11599,11598,1,1
2019-11-20 16:00:24.244,11598,11599,11598,1,-1
2019-11-20 16:00:25.869,11598,11599,11598,2,-2
2019-11-20 16:00:28.754,11597,11598,11598,5,5
2019-11-20 16:00:31.383,11597,11598,11597,1,-1
2019-11-20 16:00:31.384,11597,11598,11597,18,-18
2019-11-20 16:00:31.384,11597,11598,11597,3,-3
2019-11-20 16:00:31.494,11597,11598,11597,2,-2
2019-11-20 16:00:35.744,11596,11597,11596,3,-3
2019-11-20 16:00:36.149,11596,11597,11596,1,-1
2019-11-20 16:00:36.178,11596,11597,11596,3,-3
2019-11-20 16:00:36.244,11596,11597,11596,6,-6
2019-11-20 16:00:47.109,11596,11597,11596,1,-1
2019-11-20 16:00:48.198,11596,11597,11597,1,1
2019-11-20 16:00:48.922,11596,11597,11597,1,1
2019-11-20 16:00:50.883,11596,11598,11598,1,1
2019-11-20 16:00:52.238,11596,11598,11596,1,-1
2019-11-20 16:00:58.997,11596,11597,11597,5,5
2019-11-20 16:00:59.820,11597,11598,11598,1,1
2019-11-20 16:01:09.619,11597,11598,11598,2,2
2019-11-20 16:01:20.179,11597,11598,11598,1,1
2019-11-20 16:01:33.377,11598,11599,11599,1,1
2019-11-20 16:01:33.504,11598,11599,11599,1,1
2019-11-20 16:01:33.504,11598,11599,11599,1,1
2019-11-20 16:01:33.505,11598,11599,11599,1,1
2019-11-20 16:01:33.506,11598,11599,11599,1,1
2019-11-20 16:01:33.506,11598,11599,11599,1,1
2019-11-20 16:01:33.507,11598,11599,11599,1,1
2019-11-20 16:01:33.517,11598,11599,11599,1,1
2019-11-20 16:01:33.518,11598,11599,11599,1,1
2019-11-20 16:01:34.316,11598,11599,11599,1,1
2019-11-20 16:01:35.982,11598,11599,11599,1,1
2019-11-20 16:01:36.340,11598,11599,11598,2,-2
2019-11-20 16:01:37.277,11597,11598,11598,1,1
2019-11-20 16:01:40.034,11597,11598,11598,1,1
2019-11-20 16:01:42.369,11597,11598,11598,2,2
2019-11-20 16:01:43.491,11598,11599,11599,1,1
2019-11-20 16:01:44.641,11598,11599,11599,5,5
2019-11-20 16:01:53.949,11598,11599,11599,2,2
2019-11-20 16:01:55.559,11598,11599,11598,1,-1
2019-11-20 16:01:57.205,11598,11599,11599,1,1
2019-11-20 16:01:58.699,11598,11599,11598,4,-4
2019-11-20 16:02:06.867,11598,11599,11599,1,1
2019-11-20 16:02:07.458,11598,11599,11599,1,1
2019-11-20 16:02:10.351,11598,11599,11599,1,1
2019-11-20 16:02:11.563,11598,11599,11598,4,-4
2019-11-20 16:02:12.990,11598,11599,11598,5,-5
2019-11-20 16:02:21.229,11597,11598,11597,3,-3
2019-11-20 16:02:29.200,11597,11598,11597,6,-6
2019-11-20 16:02:29.745,11597,11598,11597,5,-5
2019-11-20 16:02:29.871,11597,11598,11597,1,-1
2019-11-20 16:02:35.067,11596,11597,11596,1,-1
2019-11-20 16:02:38.413,11596,11597,11597,2,2
2019-11-20 16:02:49.192,11596,11597,11596,2,-2
2019-11-20 16:02:49.192,11596,11597,11596,1,-1
2019-11-20 16:02:49.227,11596,11597,11596,3,-3
2019-11-20 16:02:49.232,11596,11597,11596,5,-5
2019-11-20 16:02:49.232,11596,11597,11596,7,-7
2019-11-20 16:02:49.232,11596,11597,11596,1,-1
2019-11-20 16:02:49.232,11596,11597,11596,2,-2
2019-11-20 16:02:52.407,11595,11597,11596,1,-1
2019-11-20 16:02:53.074,11596,11597,11596,2,-2
2019-11-20 16:02:53.252,11596,11597,11597,1,1
2019-11-20 16:02:58.402,11596,11598,11596,1,-1
2019-11-20 16:03:04.833,11596,11597,11596,1,-1
2019-11-20 16:03:06.788,11595,11596,11596,1,1
2019-11-20 16:03:08.373,11595,11596,11596,2,2
2019-11-20 16:03:11.568,11595,11596,11596,1,1
2019-11-20 16:03:11.719,11595,11596,11596,1,1
2019-11-20 16:03:18.156,11595,11596,11596,1,1
2019-11-20 16:03:20.292,11595,11596,11596,2,2
2019-11-20 16:03:23.495,11595,11596,11595,24,-24
2019-11-20 16:03:23.719,11595,11596,11595,1,-1
2019-11-20 16:03:23.754,11595,11596,11596,1,1
2019-11-20 16:03:23.795,11595,11596,11596,1,1
2019-11-20 16:03:23.998,11595,11596,11596,1,1
2019-11-20 16:03:24.164,11595,11596,11595,2,-2
2019-11-20 16:03:27.475,11595,11596,11596,9,9
2019-11-20 16:03:27.482,11595,11596,11595,1,-1
2019-11-20 16:03:30.980,11596,11597,11596,1,1
2019-11-20 16:03:32.902,11596,11597,11597,1,1
2019-11-20 16:03:33.331,11596,11597,11596,1,-1
2019-11-20 16:03:37.982,11596,11597,11596,1,-1
2019-11-20 16:03:38.087,11596,11597,11597,1,1
2019-11-20 16:03:42.310,11596,11597,11596,1,-1
2019-11-20 16:03:45.738,11596,11597,11597,8,8
2019-11-20 16:03:45.744,11596,11597,11597,13,13
2019-11-20 16:03:50.967,11597,11598,11597,1,-1
2019-11-20 16:03:52.489,11597,11598,11597,1,-1
2019-11-20 16:03:56.469,11597,11598,11597,2,-2
2019-11-20 16:03:58.240,11597,11598,11598,4,4
2019-11-20 16:03:58.241,11597,11598,11598,2,2
2019-11-20 16:03:58.244,11597,11598,11598,2,2
2019-11-20 16:03:58.244,11597,11598,11598,5,5
2019-11-20 16:03:58.245,11597,11598,11598,1,1
2019-11-20 16:03:58.245,11597,11598,11598,7,7
2019-11-20 16:04:07.896,11597,11598,11598,1,1
2019-11-20 16:04:08.131,11597,11598,11598,1,1
2019-11-20 16:04:08.810,11597,11599,11599,1,1
2019-11-20 16:04:08.899,11597,11599,11597,10,-10
2019-11-20 16:04:09.105,11597,11598,11597,10,-10
2019-11-20 16:04:16.067,11597,11598,11598,1,1
2019-11-20 16:04:16.808,11597,11598,11598,1,1
2019-11-20 16:04:20.394,11597,11598,11598,1,1
2019-11-20 16:04:26.930,11597,11598,11598,1,1
2019-11-20 16:04:31.559,11597,11598,11598,1,1
2019-11-20 16:04:48.040,11597,11598,11598,1,1
2019-11-20 16:04:48.710,11597,11598,11597,1,-1
2019-11-20 16:04:49.241,11597,11598,11598,1,1
2019-11-20 16:04:50.923,11597,11598,11598,1,1
2019-11-20 16:04:52.598,11597,11598,11597,4,-4
2019-11-20 16:04:52.598,11597,11598,11597,6,-6
2019-11-20 16:04:52.619,11597,11598,11597,1,-1
2019-11-20 16:04:52.619,11597,11598,11597,5,-5
2019-11-20 16:04:52.619,11597,11598,11597,3,-3
2019-11-20 16:05:05.134,11597,11598,11597,1,-1
2019-11-20 16:05:07.437,11597,11598,11597,3,-3
2019-11-20 16:05:11.592,11597,11598,11597,1,-1
2019-11-20 16:05:11.946,11597,11598,11597,1,-1
2019-11-20 16:05:21.377,11596,11597,11597,2,2
2019-11-20 16:05:21.377,11596,11597,11597,15,15
2019-11-20 16:05:21.377,11596,11597,11597,1,1
2019-11-20 16:05:21.377,11596,11597,11597,4,4
2019-11-20 16:05:37.744,11597,11598,11597,1,-1
2019-11-20 16:05:39.622,11597,11598,11597,5,-5
2019-11-20 16:05:39.648,11597,11598,11597,1,-1
2019-11-20 16:05:39.650,11597,11598,11597,1,-1
2019-11-20 16:05:39.661,11597,11598,11597,1,-1
2019-11-20 16:05:39.664,11597,11598,11597,1,-1
2019-11-20 16:05:45.916,11596,11597,11596,1,-1
2019-11-20 16:05:46.541,11596,11597,11597,18,18
2019-11-20 16:05:46.541,11596,11597,11598,2,2
2019-11-20 16:05:47.327,11596,11598,11598,1,1
2019-11-20 16:05:47.340,11596,11598,11598,1,1
2019-11-20 16:05:48.375,11597,11598,11597,3,-3
2019-11-20 16:05:48.957,11596,11597,11597,1,1
2019-11-20 16:05:50.128,11596,11597,11597,1,1
2019-11-20 16:05:51.994,11596,11597,11597,1,1
2019-11-20 16:06:02.408,11597,11598,11598,5,5
2019-11-20 16:06:02.642,11597,11598,11598,2,2
2019-11-20 16:06:03.879,11597,11598,11597,3,-3
2019-11-20 16:06:05.126,11596,11597,11597,5,5
2019-11-20 16:06:05.369,11596,11597,11597,15,15
2019-11-20 16:06:08.510,11597,11598,11597,2,-2
2019-11-20 16:06:08.510,11597,11598,11597,5,-5
2019-11-20 16:06:13.209,11596,11597,11597,1,1
2019-11-20 16:06:28.824,11596,11597,11597,7,7
2019-11-20 16:06:28.824,11596,11597,11597,1,1
2019-11-20 16:06:28.869,11596,11597,11597,1,1
2019-11-20 16:06:28.869,11596,11597,11597,2,2
2019-11-20 16:06:28.870,11596,11597,11597,3,3
2019-11-20 16:06:28.994,11596,11597,11597,1,1
2019-11-20 16:06:37.320,11596,11597,11597,5,5
2019-11-20 16:06:38.585,11596,11597,11597,1,1
2019-11-20 16:06:51.909,11596,11597,11597,22,22
2019-11-20 16:06:58.446,11597,11598,11597,1,-1
2019-11-20 16:07:01.701,11597,11598,11597,1,-1
2019-11-20 16:07:07.655,11597,11598,11597,1,-1
2019-11-20 16:07:13.112,11597,11598,11597,1,-1
2019-11-20 16:07:20.019,11597,11598,11598,1,1
2019-11-20 16:07:20.119,11597,11598,11598,11,11
2019-11-20 16:07:20.119,11597,11598,11598,4,4
2019-11-20 16:07:20.245,11597,11598,11598,5,5
2019-11-20 16:07:27.161,11598,11599,11599,3,3
2019-11-20 16:07:32.962,11598,11599,11599,1,1
2019-11-20 16:07:35.225,11598,11599,11599,1,1
2019-11-20 16:07:35.430,11598,11599,11599,1,1
2019-11-20 16:07:37.415,11598,11599,11599,2,2
2019-11-20 16:07:38.808,11598,11599,11598,1,-1
2019-11-20 16:07:43.288,11598,11599,11599,1,1
2019-11-20 16:07:46.494,11598,11599,11599,4,4
2019-11-20 16:07:47.488,11598,11599,11599,1,1
2019-11-20 16:07:48.274,11598,11599,11599,10,10
2019-11-20 16:07:56.441,11599,11600,11600,1,1
2019-11-20 16:07:56.682,11599,11600,11600,1,1
2019-11-20 16:07:57.635,11599,11600,11600,1,1
2019-11-20 16:07:57.833,11599,11600,11600,1,1
2019-11-20 16:07:59.215,11599,11600,11600,1,1
2019-11-20 16:07:59.448,11599,11600,11600,1,1
2019-11-20 16:07:59.499,11599,11600,11599,1,-1
2019-11-20 16:08:00.888,11599,11600,11600,1,1
2019-11-20 16:08:01.099,11599,11600,11600,2,2
2019-11-20 16:08:06.490,11599,11600,11600,1,1
2019-11-20 16:08:07.791,11599,11600,11599,1,-1
2019-11-20 16:08:14.510,11599,11600,11599,10,-10
2019-11-20 16:08:14.747,11599,11600,11599,5,-5
2019-11-20 16:08:15.453,11599,11600,11600,1,1
2019-11-20 16:08:19.585,11599,11600,11599,4,-4
2019-11-20 16:08:23.903,11599,11600,11600,1,1
2019-11-20 16:08:35.018,11599,11600,11599,4,-4
2019-11-20 16:08:35.317,11599,11600,11599,2,-2
2019-11-20 16:08:35.317,11599,11600,11599,9,-9
2019-11-20 16:08:35.523,11598,11599,11599,1,1
2019-11-20 16:08:38.364,11598,11599,11599,1,1
2019-11-20 16:08:38.442,11598,11600,11599,1,-1
2019-11-20 16:08:39.853,11598,11600,11600,2,2
2019-11-20 16:08:40.768,11598,11600,11600,1,1
2019-11-20 16:08:40.960,11598,11600,11600,1,1
2019-11-20 16:08:41.675,11598,11600,11600,1,1
2019-11-20 16:08:41.841,11598,11600,11600,1,1
2019-11-20 16:08:43.402,11598,11600,11600,1,1
2019-11-20 16:08:43.605,11599,11600,11599,1,-1
2019-11-20 16:08:44.503,11598,11599,11599,1,1
2019-11-20 16:08:44.824,11598,11599,11599,1,1
2019-11-20 16:08:45.908,11598,11599,11599,1,1
2019-11-20 16:08:52.964,11598,11599,11598,10,-10
2019-11-20 16:08:53.770,11598,11599,11598,1,-1
2019-11-20 16:08:56.871,11598,11599,11598,1,-1
2019-11-20 16:08:57.289,11598,11599,11598,2,-2
2019-11-20 16:08:57.289,11598,11599,11598,1,-1
2019-11-20 16:08:57.289,11598,11599,11598,2,-2
2019-11-20 16:08:57.289,11598,11599,11598,2,-2
2019-11-20 16:08:59.384,11597,11598,11598,1,1
2019-11-20 16:09:02.833,11597,11598,11597,11,-11
2019-11-20 16:09:11.873,11596,11597,11596,10,-10
2019-11-20 16:09:11.995,11596,11597,11596,16,-16
2019-11-20 16:09:11.995,11596,11597,11596,1,-1
2019-11-20 16:09:12.119,11596,11597,11596,5,-5
2019-11-20 16:09:25.811,11597,11598,11597,4,4
2019-11-20 16:09:32.000,11596,11597,11597,1,1
2019-11-20 16:09:32.120,11596,11597,11597,7,7
2019-11-20 16:09:37.271,11597,11598,11597,1,-1
2019-11-20 16:09:38.993,11597,11598,11598,4,4
2019-11-20 16:09:48.208,11598,11599,11599,1,1
2019-11-20 16:09:56.527,11598,11599,11599,2,2
2019-11-20 16:09:56.619,11598,11599,11599,1,1
2019-11-20 16:10:02.856,11598,11599,11598,3,-3
2019-11-20 16:10:08.521,11598,11599,11598,1,-1
2019-11-20 16:10:11.749,11598,11599,11598,1,-1
2019-11-20 16:10:19.111,11598,11599,11598,1,-1
2019-11-20 16:10:19.150,11598,11599,11598,1,-1
2019-11-20 16:10:19.152,11598,11599,11598,1,-1
2019-11-20 16:10:19.152,11598,11599,11598,2,-2
2019-11-20 16:10:35.686,11597,11598,11597,2,-2
2019-11-20 16:10:40.727,11597,11598,11597,11,-11
2019-11-20 16:10:41.662,11596,11597,11596,5,-5
2019-11-20 16:10:44.261,11595,11597,11595,10,-10
2019-11-20 16:10:44.552,11595,11596,11595,2,-2
2019-11-20 16:10:47.274,11596,11597,11596,1,1
2019-11-20 16:10:47.282,11596,11597,11596,1,-1
2019-11-20 16:10:49.337,11595,11596,11595,1,-1
2019-11-20 16:10:51.225,11595,11596,11595,1,-1
2019-11-20 16:10:58.309,11595,11596,11595,1,-1
2019-11-20 16:11:00.004,11595,11596,11595,1,-1
2019-11-20 16:11:04.852,11595,11596,11595,6,-6
2019-11-20 16:11:04.852,11595,11596,11595,2,-2
2019-11-20 16:11:04.852,11595,11596,11595,2,-2
2019-11-20 16:11:04.869,11595,11596,11595,9,-9
2019-11-20 16:11:04.870,11595,11596,11595,4,-4
2019-11-20 16:11:04.877,11595,11596,11595,3,-3
2019-11-20 16:11:04.877,11595,11596,11595,4,-4
2019-11-20 16:11:04.996,11595,11596,11595,2,-2
2019-11-20 16:11:07.899,11595,11596,11595,2,-2
2019-11-20 16:11:12.569,11595,11596,11595,1,-1
2019-11-20 16:11:14.782,11595,11596,11595,1,-1
2019-11-20 16:11:16.553,11595,11596,11595,1,-1
2019-11-20 16:11:18.325,11594,11595,11595,1,1
2019-11-20 16:11:19.380,11595,11596,11595,3,-3
2019-11-20 16:11:24.365,11595,11596,11595,1,-1
2019-11-20 16:11:25.118,11595,11596,11595,1,-1
2019-11-20 16:11:27.046,11595,11596,11595,3,-3
2019-11-20 16:11:29.034,11594,11595,11594,1,-1
2019-11-20 16:11:29.401,11594,11595,11594,1,-1
2019-11-20 16:11:29.467,11594,11595,11594,1,-1
2019-11-20 16:11:29.537,11594,11595,11594,1,-1
2019-11-20 16:11:30.543,11594,11595,11594,1,-1
2019-11-20 16:11:36.945,11594,11595,11594,1,-1
2019-11-20 16:11:37.134,11594,11595,11594,1,-1
2019-11-20 16:11:45.863,11594,11595,11594,27,-27
2019-11-20 16:11:45.863,11594,11595,11593,13,-13
2019-11-20 16:11:45.892,11593,11595,11593,4,-4
2019-11-20 16:11:45.898,11593,11595,11593,2,-2
2019-11-20 16:11:46.138,11593,11594,11593,2,-2
2019-11-20 16:11:46.955,11593,11594,11593,3,-3
2019-11-20 16:11:47.714,11593,11594,11593,1,-1
2019-11-20 16:11:47.744,11592,11593,11593,1,1
2019-11-20 16:11:48.022,11593,11594,11594,2,2
2019-11-20 16:11:49.696,11593,11594,11593,1,-1
2019-11-20 16:11:51.214,11593,11594,11593,1,-1
2019-11-20 16:11:52.324,11593,11594,11593,17,-17
2019-11-20 16:11:52.369,11592,11593,11593,2,2
2019-11-20 16:11:52.371,11592,11593,11593,20,20
2019-11-20 16:11:52.953,11593,11594,11593,2,-2
2019-11-20 16:11:53.005,11592,11593,11593,1,1
2019-11-20 16:11:53.350,11592,11593,11593,1,1
2019-11-20 16:11:54.956,11593,11594,11593,1,-1
2019-11-20 16:11:55.083,11593,11594,11593,1,-1
2019-11-20 16:11:55.083,11593,11594,11592,3,-3
2019-11-20 16:11:55.155,11592,11594,11592,1,-1
2019-11-20 16:11:56.941,11592,11593,11593,1,1
2019-11-20 16:11:57.018,11592,11593,11592,2,-2
2019-11-20 16:12:01.989,11592,11593,11592,1,-1
2019-11-20 16:12:02.213,11592,11593,11592,10,-10
2019-11-20 16:12:02.389,11592,11593,11592,1,-1
2019-11-20 16:12:02.403,11592,11593,11592,3,-3
2019-11-20 16:12:02.500,11592,11593,11593,1,1
2019-11-20 16:12:02.706,11592,11593,11592,2,-2
2019-11-20 16:12:03.483,11592,11593,11592,1,-1
2019-11-20 16:12:04.030,11592,11593,11593,1,1
2019-11-20 16:12:04.940,11592,11593,11592,6,-6
2019-11-20 16:12:06.207,11592,11593,11592,2,-2
2019-11-20 16:12:09.370,11592,11593,11592,1,-1
2019-11-20 16:12:09.455,11592,11593,11592,4,-4
2019-11-20 16:12:10.740,11592,11593,11592,1,-1
2019-11-20 16:12:12.706,11592,11593,11592,1,-1
2019-11-20 16:12:15.825,11592,11593,11592,1,-1
2019-11-20 16:12:16.509,11592,11593,11592,1,-1
2019-11-20 16:12:17.278,11592,11593,11593,2,2
2019-11-20 16:12:17.278,11592,11593,11593,1,1
2019-11-20 16:12:17.279,11592,11593,11593,2,2
2019-11-20 16:12:17.279,11592,11593,11593,5,5
2019-11-20 16:12:17.279,11592,11593,11593,5,5
2019-11-20 16:12:17.279,11592,11593,11593,1,1
2019-11-20 16:12:18.869,11592,11593,11593,1,1
2019-11-20 16:12:18.994,11592,11594,11593,1,-1
2019-11-20 16:12:19.886,11592,11593,11593,1,1
2019-11-20 16:12:20.652,11592,11593,11593,1,1
2019-11-20 16:12:22.360,11592,11594,11592,2,-2
2019-11-20 16:12:23.146,11593,11594,11593,1,1
2019-11-20 16:12:25.402,11593,11594,11593,1,-1
2019-11-20 16:12:26.065,11592,11594,11593,2,-2
2019-11-20 16:12:26.463,11592,11593,11593,6,6
2019-11-20 16:12:28.822,11592,11593,11593,2,2
2019-11-20 16:12:28.848,11592,11593,11593,2,2
2019-11-20 16:12:28.869,11592,11593,11593,2,2
2019-11-20 16:12:28.895,11592,11593,11593,2,2
2019-11-20 16:12:28.920,11592,11593,11593,2,2
2019-11-20 16:12:28.945,11592,11593,11593,2,2
2019-11-20 16:12:29.446,11592,11593,11593,1,1
2019-11-20 16:12:31.250,11592,11593,11592,6,-6
2019-11-20 16:12:31.579,11592,11593,11593,1,1
2019-11-20 16:12:41.294,11592,11593,11593,5,5
2019-11-20 16:12:44.731,11592,11593,11593,5,5
2019-11-20 16:12:45.483,11592,11594,11592,3,-3
2019-11-20 16:12:46.122,11592,11594,11594,1,1
2019-11-20 16:12:47.151,11592,11593,11593,1,1
2019-11-20 16:12:48.888,11593,11594,11593,1,-1
2019-11-20 16:12:55.665,11593,11594,11593,5,-5
2019-11-20 16:13:01.298,11593,11594,11593,19,-19
2019-11-20 16:13:03.605,11593,11594,11593,1,-1
2019-11-20 16:13:08.501,11593,11594,11593,1,-1
2019-11-20 16:13:10.221,11593,11594,11594,1,1
2019-11-20 16:13:10.590,11593,11594,11593,1,-1
2019-11-20 16:13:10.976,11593,11594,11594,1,1
2019-11-20 16:13:12.834,11593,11594,11594,1,1
2019-11-20 16:13:14.536,11593,11594,11594,1,1
2019-11-20 16:13:14.547,11593,11594,11594,1,1
2019-11-20 16:13:16.607,11593,11594,11594,1,1
2019-11-20 16:13:18.303,11593,11594,11594,12,12
2019-11-20 16:13:21.057,11593,11594,11594,1,1
2019-11-20 16:13:21.560,11593,11595,11593,1,-1
2019-11-20 16:13:25.284,11593,11594,11594,1,1
2019-11-20 16:13:31.993,11593,11594,11594,1,1
2019-11-20 16:13:32.280,11593,11594,11594,1,1
2019-11-20 16:13:33.196,11593,11594,11594,1,1
2019-11-20 16:13:33.471,11593,11594,11594,1,1
2019-11-20 16:13:35.161,11593,11594,11594,1,1
2019-11-20 16:13:36.849,11593,11594,11594,1,1
2019-11-20 16:13:41.244,11593,11594,11594,1,1
2019-11-20 16:13:45.224,11593,11594,11594,1,1
2019-11-20 16:13:47.826,11594,11595,11595,1,1
2019-11-20 16:13:47.907,11594,11595,11595,2,2
2019-11-20 16:13:47.933,11594,11595,11595,2,2
2019-11-20 16:13:47.958,11594,11595,11595,2,2
2019-11-20 16:13:58.244,11594,11595,11595,1,1
2019-11-20 16:13:58.603,11594,11595,11595,1,1
2019-11-20 16:13:59.394,11594,11595,11595,1,1
2019-11-20 16:14:02.559,11594,11595,11595,1,1
2019-11-20 16:14:02.903,11594,11595,11594,1,-1
2019-11-20 16:14:04.161,11594,11595,11595,1,1
2019-11-20 16:14:05.513,11594,11595,11595,2,2
2019-11-20 16:14:07.580,11594,11595,11594,1,-1
2019-11-20 16:14:14.624,11594,11595,11595,2,2
2019-11-20 16:14:16.405,11594,11595,11594,1,-1
2019-11-20 16:14:16.710,11594,11595,11595,1,1
2019-11-20 16:14:18.763,11594,11595,11595,1,1
2019-11-20 16:14:23.295,11594,11595,11594,1,-1
2019-11-20 16:14:23.390,11594,11595,11595,1,1
2019-11-20 16:14:26.658,11594,11595,11595,1,1
2019-11-20 16:14:28.757,11594,11595,11595,1,1
2019-11-20 16:14:30.647,11594,11595,11595,1,1
2019-11-20 16:14:34.486,11594,11595,11595,1,1
2019-11-20 16:14:36.893,11594,11595,11595,6,6
2019-11-20 16:14:41.763,11595,11596,11595,1,-1
2019-11-20 16:14:44.570,11595,11596,11595,1,-1
2019-11-20 16:14:48.308,11595,11596,11595,2,-2
2019-11-20 16:14:48.369,11595,11596,11595,5,-5
2019-11-20 16:14:49.668,11594,11596,11594,2,-2
2019-11-20 16:14:57.645,11594,11595,11594,1,-1
2019-11-20 16:15:01.728,11594,11595,11595,1,1
2019-11-20 16:15:02.488,11594,11595,11595,1,1
2019-11-20 16:15:02.938,11594,11595,11594,1,-1
2019-11-20 16:15:03.999,11594,11595,11594,1,-1
2019-11-20 16:15:04.238,11594,11595,11595,1,1
2019-11-20 16:15:15.896,11594,11595,11595,1,1
2019-11-20 16:15:16.372,11594,11595,11594,1,-1
2019-11-20 16:15:19.499,11594,11595,11595,4,4
2019-11-20 16:15:21.362,11595,11596,11595,2,-2
2019-11-20 16:15:48.058,11595,11596,11595,12,-12
2019-11-20 16:15:48.334,11595,11596,11595,6,-6
2019-11-20 16:15:53.640,11595,11596,11596,1,1
2019-11-20 16:15:54.850,11595,11596,11596,1,1
2019-11-20 16:15:56.521,11595,11596,11596,1,1
2019-11-20 16:15:58.480,11595,11596,11596,1,1
2019-11-20 16:16:01.897,11595,11596,11595,2,-2
2019-11-20 16:16:02.248,11595,11596,11596,5,5
2019-11-20 16:16:04.823,11595,11596,11596,1,1
2019-11-20 16:16:09.694,11595,11596,11596,5,5
2019-11-20 16:16:12.090,11595,11596,11596,5,5
2019-11-20 16:16:15.215,11595,11596,11596,5,5
2019-11-20 16:16:17.618,11595,11596,11596,3,3
2019-11-20 16:16:17.833,11596,11597,11596,2,-2
2019-11-20 16:16:19.858,11595,11596,11596,5,5
2019-11-20 16:16:24.561,11595,11596,11596,5,5
2019-11-20 16:16:27.436,11595,11596,11596,4,4
2019-11-20 16:16:27.869,11596,11597,11596,1,-1
2019-11-20 16:16:31.270,11596,11597,11596,1,-1
2019-11-20 16:16:31.369,11596,11597,11596,1,-1
2019-11-20 16:16:36.253,11596,11597,11596,6,-6
2019-11-20 16:16:40.419,11595,11596,11596,2,2
2019-11-20 16:16:42.623,11596,11597,11596,1,-1
2019-11-20 16:16:42.924,11596,11597,11596,2,-2
2019-11-20 16:16:45.297,11596,11597,11597,3,3
2019-11-20 16:16:45.447,11596,11597,11596,5,-5
2019-11-20 16:16:45.613,11595,11596,11595,1,-1
2019-11-20 16:16:51.696,11595,11596,11595,5,-5
2019-11-20 16:17:01.311,11595,11596,11595,1,-1
2019-11-20 16:17:02.057,11595,11596,11595,5,-5
2019-11-20 16:17:02.935,11595,11596,11596,1,1
2019-11-20 16:17:03.816,11595,11596,11596,1,1
2019-11-20 16:17:04.172,11595,11596,11595,4,-4
2019-11-20 16:17:06.195,11594,11595,11595,1,1
2019-11-20 16:17:07.793,11594,11596,11596,1,1
2019-11-20 16:17:12.482,11594,11595,11594,5,-5
2019-11-20 16:17:13.382,11594,11595,11595,2,2
2019-11-20 16:17:15.747,11595,11596,11595,1,-1
2019-11-20 16:17:16.727,11595,11596,11595,5,-5
2019-11-20 16:17:16.921,11595,11596,11595,1,-1
2019-11-20 16:17:18.647,11595,11596,11595,2,-2
2019-11-20 16:17:19.768,11595,11596,11595,5,-5
2019-11-20 16:17:21.773,11595,11596,11595,5,-5
2019-11-20 16:17:23.557,11595,11596,11595,5,-5
2019-11-20 16:17:25.119,11595,11596,11595,4,-4
2019-11-20 16:17:25.245,11594,11595,11595,1,1
2019-11-20 16:17:26.813,11594,11596,11594,5,-5
2019-11-20 16:17:36.870,11594,11595,11595,5,5
2019-11-20 16:17:40.320,11595,11596,11595,2,-2
2019-11-20 16:18:05.402,11594,11595,11594,1,-1
2019-11-20 16:18:10.023,11594,11595,11594,5,-5
2019-11-20 16:18:12.143,11594,11595,11594,5,-5
2019-11-20 16:18:15.124,11594,11595,11594,5,-5
2019-11-20 16:18:17.179,11594,11595,11594,1,-1
2019-11-20 16:18:17.480,11594,11595,11594,5,-5
2019-11-20 16:18:18.022,11594,11595,11594,1,-1
2019-11-20 16:18:19.567,11594,11595,11594,5,-5
2019-11-20 16:18:21.679,11594,11595,11594,5,-5
2019-11-20 16:18:27.512,11594,11595,11594,3,-3
2019-11-20 16:18:30.551,11594,11595,11594,5,-5
2019-11-20 16:18:41.402,11594,11595,11594,1,-1
2019-11-20 16:18:41.654,11594,11595,11594,1,-1
2019-11-20 16:18:53.850,11594,11595,11594,5,-5
2019-11-20 16:18:57.909,11594,11595,11594,5,-5
2019-11-20 16:19:03.214,11594,11595,11594,5,-5
2019-11-20 16:19:09.808,11594,11595,11594,5,-5
2019-11-20 16:19:12.113,11594,11595,11594,1,-1
2019-11-20 16:19:14.259,11593,11594,11594,1,1
2019-11-20 16:19:18.023,11593,11594,11594,1,1
2019-11-20 16:19:25.093,11593,11594,11594,1,1
2019-11-20 16:19:26.747,11593,11594,11594,2,2
2019-11-20 16:19:32.613,11594,11595,11594,3,-3
2019-11-20 16:19:46.261,11593,11594,11593,3,-3
2019-11-20 16:19:51.762,11593,11594,11593,1,-1
2019-11-20 16:19:53.351,11593,11594,11594,1,1
2019-11-20 16:20:01.023,11593,11594,11594,4,4
2019-11-20 16:20:20.256,11593,11594,11593,1,-1
2019-11-20 16:20:20.749,11593,11594,11594,1,1
2019-11-20 16:20:31.093,11593,11594,11593,1,-1
2019-11-20 16:20:31.095,11593,11594,11593,1,-1
2019-11-20 16:20:31.096,11593,11594,11593,2,-2
2019-11-20 16:20:31.119,11593,11594,11593,6,-6
2019-11-20 16:20:31.119,11593,11594,11593,7,-7
2019-11-20 16:20:31.119,11593,11594,11593,4,-4
2019-11-20 16:20:31.244,11593,11594,11593,12,-12
2019-11-20 16:20:31.244,11593,11594,11593,1,-1
2019-11-20 16:20:31.244,11593,11594,11593,1,-1
2019-11-20 16:20:31.244,11593,11594,11593,8,-8
2019-11-20 16:20:42.467,11592,11593,11592,4,-4
2019-11-20 16:20:42.753,11592,11593,11592,6,-6
2019-11-20 16:20:42.796,11592,11593,11592,8,-8
2019-11-20 16:20:42.891,11592,11593,11592,4,-4
2019-11-20 16:21:00.044,11592,11593,11592,1,-1
2019-11-20 16:21:00.466,11592,11593,11592,3,-3
2019-11-20 16:21:00.477,11592,11593,11592,1,-1
2019-11-20 16:21:00.477,11592,11593,11592,2,-2
2019-11-20 16:21:00.603,11592,11593,11592,2,-2
2019-11-20 16:21:00.604,11592,11593,11592,3,-3
2019-11-20 16:21:00.749,11592,11593,11592,1,-1
2019-11-20 16:21:00.793,11592,11593,11592,1,-1
2019-11-20 16:21:00.795,11592,11593,11592,1,-1
2019-11-20 16:21:00.886,11592,11593,11592,1,-1
2019-11-20 16:21:00.913,11592,11593,11592,1,-1
2019-11-20 16:21:01.581,11592,11593,11592,1,-1
2019-11-20 16:21:01.744,11592,11593,11592,1,-1
2019-11-20 16:21:03.703,11591,11592,11591,1,-1
2019-11-20 16:21:03.777,11591,11592,11591,2,-2
2019-11-20 16:21:03.803,11591,11592,11591,1,-1
2019-11-20 16:21:03.879,11591,11592,11591,1,-1
2019-11-20 16:21:03.957,11591,11592,11591,1,-1
2019-11-20 16:21:03.961,11591,11592,11591,6,-6
2019-11-20 16:21:03.966,11591,11592,11591,8,-8
2019-11-20 16:21:03.970,11591,11592,11591,1,-1
2019-11-20 16:21:03.970,11591,11592,11591,1,-1
2019-11-20 16:21:03.972,11591,11592,11591,1,-1
2019-11-20 16:21:03.978,11591,11592,11591,1,-1
2019-11-20 16:21:03.979,11591,11592,11591,1,-1
2019-11-20 16:21:03.993,11591,11592,11591,1,-1
2019-11-20 16:21:04.041,11591,11592,11591,1,-1
2019-11-20 16:21:04.058,11591,11592,11591,1,-1
2019-11-20 16:21:04.096,11591,11592,11591,2,-2
2019-11-20 16:21:04.175,11591,11592,11591,1,-1
2019-11-20 16:21:04.199,11591,11592,11591,3,-3
2019-11-20 16:21:04.201,11591,11592,11591,1,-1
2019-11-20 16:21:04.202,11591,11592,11591,3,-3
2019-11-20 16:21:04.202,11591,11592,11591,1,-1
2019-11-20 16:21:04.214,11591,11592,11591,1,-1
2019-11-20 16:21:04.230,11591,11592,11591,1,-1
2019-11-20 16:21:04.240,11591,11592,11591,2,-2
2019-11-20 16:21:04.244,11591,11592,11591,2,-2
2019-11-20 16:21:04.245,11591,11592,11591,3,-3
2019-11-20 16:21:04.352,11591,11592,11591,1,-1
2019-11-20 16:21:04.465,11591,11592,11591,1,-1
2019-11-20 16:21:04.624,11591,11592,11591,1,-1
2019-11-20 16:21:04.673,11591,11592,11591,2,-2
2019-11-20 16:21:04.744,11591,11592,11591,5,-5
2019-11-20 16:21:05.125,11591,11592,11591,2,-2
2019-11-20 16:21:08.265,11591,11592,11591,1,-1
2019-11-20 16:21:08.703,11591,11592,11591,5,-5
2019-11-20 16:21:09.087,11591,11592,11592,1,1
2019-11-20 16:21:09.716,11591,11592,11592,1,1
2019-11-20 16:21:10.163,11591,11592,11591,3,-3
2019-11-20 16:21:10.625,11591,11592,11591,2,-2
2019-11-20 16:21:10.748,11591,11592,11591,7,-7
2019-11-20 16:21:10.907,11590,11591,11590,1,-1
2019-11-20 16:21:11.013,11590,11591,11590,1,-1
2019-11-20 16:21:11.036,11590,11591,11590,1,-1
2019-11-20 16:21:11.145,11590,11591,11590,1,-1
2019-11-20 16:21:11.219,11590,11591,11590,2,-2
2019-11-20 16:21:11.560,11590,11591,11590,1,-1
2019-11-20 16:21:11.567,11590,11591,11590,1,-1
2019-11-20 16:21:11.903,11590,11591,11590,1,-1
2019-11-20 16:21:14.118,11590,11591,11591,1,1
2019-11-20 16:21:17.640,11590,11591,11591,5,5
