2022-12-08 15:00:00,14510,14510,14510,198,0
2022-12-08 15:00:00,14510,14510,14510,4,0
2022-12-08 15:00:00,14509,14509,14509,2,-2
2022-12-08 15:00:00,14510,14510,14510,28,28
2022-12-08 15:00:00,14510,14510,14510,14,0
2022-12-08 15:00:00,14510,14510,14510,2,0
2022-12-08 15:00:00,14509,14509,14509,2,-2
2022-12-08 15:00:00,14511,14511,14511,2,2
2022-12-08 15:00:00,14509,14509,14509,2,-2
2022-12-08 15:00:01,14511,14511,14511,4,4
2022-12-08 15:00:01,14511,14511,14511,2,0
2022-12-08 15:00:01,14510,14510,14510,2,-2
2022-12-08 15:00:01,14511,14511,14511,4,4
2022-12-08 15:00:01,14511,14511,14511,4,0
2022-12-08 15:00:01,14511,14511,14511,4,0
2022-12-08 15:00:01,14511,14511,14511,2,0
2022-12-08 15:00:02,14511,14511,14511,2,0
2022-12-08 15:00:02,14512,14512,14512,2,2
2022-12-08 15:00:02,14511,14511,14511,2,-2
2022-12-08 15:00:02,14511,14511,14511,4,0
2022-12-08 15:00:02,14509,14509,14509,2,-2
2022-12-08 15:00:02,14510,14510,14510,2,2
2022-12-08 15:00:02,14510,14510,14510,2,0
2022-12-08 15:00:02,14510,14510,14510,2,0
2022-12-08 15:00:02,14510,14510,14510,2,0
2022-12-08 15:00:02,14511,14511,14511,2,2
2022-12-08 15:00:02,14511,14511,14511,2,0
2022-12-08 15:00:02,14509,14509,14509,6,-6
2022-12-08 15:00:02,14511,14511,14511,4,4
2022-12-08 15:00:02,14509,14509,14509,2,-2
2022-12-08 15:00:03,14509,14509,14509,2,0
2022-12-08 15:00:03,14510,14510,14510,2,2
2022-12-08 15:00:03,14509,14509,14509,2,-2
2022-12-08 15:00:04,14511,14511,14511,2,2
2022-12-08 15:00:04,14511,14511,14511,2,0
2022-12-08 15:00:04,14512,14512,14512,2,2
2022-12-08 15:00:04,14511,14511,14511,4,-4
2022-12-08 15:00:04,14512,14512,14512,2,2
2022-12-08 15:00:05,14513,14513,14513,10,10
2022-12-08 15:00:05,14513,14513,14513,2,0
2022-12-08 15:00:06,14513,14513,14513,4,0
2022-12-08 15:00:06,14513,14513,14513,4,0
2022-12-08 15:00:06,14514,14514,14514,2,2
2022-12-08 15:00:06,14512,14512,14512,2,-2
2022-12-08 15:00:07,14513,14513,14513,2,2
2022-12-08 15:00:07,14512,14512,14512,2,-2
2022-12-08 15:00:08,14512,14512,14512,2,0
2022-12-08 15:00:08,14511,14511,14511,2,-2
2022-12-08 15:00:09,14513,14513,14513,2,2
2022-12-08 15:00:09,14512,14512,14512,2,-2
2022-12-08 15:00:09,14512,14512,14512,4,0
2022-12-08 15:00:09,14512,14512,14512,2,0
2022-12-08 15:00:09,14512,14512,14512,2,0
2022-12-08 15:00:10,14511,14511,14511,2,-2
2022-12-08 15:00:10,14511,14511,14511,2,0
2022-12-08 15:00:11,14511,14511,14511,2,0
2022-12-08 15:00:11,14511,14511,14511,2,0
2022-12-08 15:00:11,14511,14511,14511,4,0
2022-12-08 15:00:12,14511,14511,14511,2,0
2022-12-08 15:00:12,14511,14511,14511,2,0
2022-12-08 15:00:14,14511,14511,14511,2,0
2022-12-08 15:00:15,14511,14511,14511,2,0
2022-12-08 15:00:15,14511,14511,14511,2,0
2022-12-08 15:00:15,14511,14511,14511,2,0
2022-12-08 15:00:15,14511,14511,14511,2,0
2022-12-08 15:00:15,14511,14511,14511,2,0
2022-12-08 15:00:16,14512,14512,14512,12,12
2022-12-08 15:00:16,14513,14513,14513,14,14
2022-12-08 15:00:16,14512,14512,14512,2,-2
2022-12-08 15:00:16,14512,14512,14512,2,0
2022-12-08 15:00:16,14513,14513,14513,2,2
2022-12-08 15:00:16,14512,14512,14512,2,-2
2022-12-08 15:00:17,14513,14513,14513,2,2
2022-12-08 15:00:17,14513,14513,14513,2,0
2022-12-08 15:00:17,14513,14513,14513,2,0
2022-12-08 15:00:17,14513,14513,14513,4,0
2022-12-08 15:00:18,14514,14514,14514,2,2
2022-12-08 15:00:19,14514,14514,14514,2,0
2022-12-08 15:00:19,14513,14513,14513,2,-2
2022-12-08 15:00:19,14513,14513,14513,2,0
2022-12-08 15:00:19,14514,14514,14514,2,2
2022-12-08 15:00:20,14514,14514,14514,20,0
2022-12-08 15:00:20,14514,14514,14514,4,0
2022-12-08 15:00:20,14514,14514,14514,2,0
2022-12-08 15:00:20,14514,14514,14514,2,0
2022-12-08 15:00:21,14514,14514,14514,2,0
2022-12-08 15:00:21,14515,14515,14515,2,2
2022-12-08 15:00:21,14515,14515,14515,4,0
2022-12-08 15:00:21,14515,14515,14515,2,0
2022-12-08 15:00:21,14515,14515,14515,2,0
2022-12-08 15:00:21,14514,14514,14514,2,-2
2022-12-08 15:00:22,14514,14514,14514,2,0
2022-12-08 15:00:22,14515,14515,14515,4,4
2022-12-08 15:00:22,14516,14516,14516,8,8
2022-12-08 15:00:22,14515,14515,14515,2,-2
2022-12-08 15:00:22,14515,14515,14515,6,0
2022-12-08 15:00:22,14514,14514,14514,2,-2
2022-12-08 15:00:22,14515,14515,14515,4,4
2022-12-08 15:00:22,14514,14514,14514,2,-2
2022-12-08 15:00:22,14514,14514,14514,2,0
2022-12-08 15:00:22,14514,14514,14514,2,0
2022-12-08 15:00:22,14514,14514,14514,2,0
2022-12-08 15:00:23,14514,14514,14514,2,0
2022-12-08 15:00:23,14516,14516,14516,2,2
2022-12-08 15:00:23,14514,14514,14514,2,-2
2022-12-08 15:00:23,14514,14514,14514,2,0
2022-12-08 15:00:24,14516,14516,14516,4,4
2022-12-08 15:00:25,14516,14516,14516,2,0
2022-12-08 15:00:25,14516,14516,14516,2,0
2022-12-08 15:00:25,14514,14514,14514,2,-2
2022-12-08 15:00:25,14514,14514,14514,2,0
2022-12-08 15:00:25,14514,14514,14514,4,0
2022-12-08 15:00:25,14514,14514,14514,2,0
2022-12-08 15:00:26,14513,14513,14513,10,-10
2022-12-08 15:00:26,14513,14513,14513,20,0
2022-12-08 15:00:26,14513,14513,14513,2,0
2022-12-08 15:00:26,14513,14513,14513,2,0
2022-12-08 15:00:26,14513,14513,14513,2,0
2022-12-08 15:00:26,14513,14513,14513,2,0
2022-12-08 15:00:27,14512,14512,14512,2,-2
2022-12-08 15:00:27,14512,14512,14512,2,0
2022-12-08 15:00:27,14512,14512,14512,4,0
2022-12-08 15:00:27,14512,14512,14512,2,0
2022-12-08 15:00:27,14514,14514,14514,2,2
2022-12-08 15:00:28,14512,14512,14512,2,-2
2022-12-08 15:00:28,14511,14511,14511,4,-4
2022-12-08 15:00:29,14511,14511,14511,4,0
2022-12-08 15:00:29,14511,14511,14511,4,0
2022-12-08 15:00:29,14511,14511,14511,2,0
2022-12-08 15:00:29,14511,14511,14511,4,0
2022-12-08 15:00:29,14510,14510,14510,2,-2
2022-12-08 15:00:29,14510,14510,14510,2,0
2022-12-08 15:00:29,14510,14510,14510,2,0
2022-12-08 15:00:29,14510,14510,14510,4,0
2022-12-08 15:00:29,14510,14510,14510,2,0
2022-12-08 15:00:29,14511,14511,14511,4,4
2022-12-08 15:00:29,14510,14510,14510,2,-2
2022-12-08 15:00:29,14511,14511,14511,2,2
2022-12-08 15:00:29,14511,14511,14511,8,0
2022-12-08 15:00:29,14512,14512,14512,2,2
2022-12-08 15:00:29,14510,14510,14510,4,-4
2022-12-08 15:00:29,14510,14510,14510,2,0
2022-12-08 15:00:29,14511,14511,14511,2,2
2022-12-08 15:00:29,14511,14511,14511,2,0
2022-12-08 15:00:29,14510,14510,14510,4,-4
2022-12-08 15:00:29,14510,14510,14510,2,0
2022-12-08 15:00:29,14511,14511,14511,2,2
2022-12-08 15:00:29,14511,14511,14511,2,0
2022-12-08 15:00:29,14512,14512,14512,8,8
2022-12-08 15:00:29,14510,14510,14510,4,-4
2022-12-08 15:00:29,14510,14510,14510,2,0
2022-12-08 15:00:29,14510,14510,14510,4,0
2022-12-08 15:00:29,14511,14511,14511,2,2
2022-12-08 15:00:30,14511,14511,14511,2,0
2022-12-08 15:00:30,14510,14510,14510,2,-2
2022-12-08 15:00:30,14510,14510,14510,2,0
2022-12-08 15:00:30,14511,14511,14511,2,2
2022-12-08 15:00:31,14510,14510,14510,2,-2
2022-12-08 15:00:31,14510,14510,14510,2,0
2022-12-08 15:00:32,14509,14509,14509,2,-2
2022-12-08 15:00:32,14509,14509,14509,2,0
2022-12-08 15:00:32,14509,14509,14509,2,0
2022-12-08 15:00:32,14509,14509,14509,2,0
2022-12-08 15:00:32,14509,14509,14509,2,0
2022-12-08 15:00:32,14509,14509,14509,10,0
2022-12-08 15:00:32,14509,14509,14509,2,0
2022-12-08 15:00:32,14509,14509,14509,2,0
2022-12-08 15:00:32,14509,14509,14509,2,0
2022-12-08 15:00:33,14509,14509,14509,2,0
2022-12-08 15:00:33,14509,14509,14509,24,0
2022-12-08 15:00:34,14509,14509,14509,2,0
2022-12-08 15:00:34,14510,14510,14510,2,2
2022-12-08 15:00:35,14510,14510,14510,2,0
2022-12-08 15:00:35,14510,14510,14510,2,0
2022-12-08 15:00:35,14510,14510,14510,2,0
2022-12-08 15:00:35,14510,14510,14510,2,0
2022-12-08 15:00:36,14510,14510,14510,2,0
2022-12-08 15:00:36,14510,14510,14510,2,0
2022-12-08 15:00:36,14510,14510,14510,4,0
2022-12-08 15:00:36,14510,14510,14510,2,0
2022-12-08 15:00:36,14510,14510,14510,2,0
2022-12-08 15:00:36,14510,14510,14510,2,0
2022-12-08 15:00:36,14510,14510,14510,6,0
2022-12-08 15:00:40,14511,14511,14511,2,2
2022-12-08 15:00:40,14512,14512,14512,8,8
2022-12-08 15:00:41,14513,14513,14513,4,4
2022-12-08 15:00:41,14513,14513,14513,2,0
2022-12-08 15:00:41,14513,14513,14513,2,0
2022-12-08 15:00:41,14513,14513,14513,4,0
2022-12-08 15:00:41,14514,14514,14514,2,2
2022-12-08 15:00:42,14514,14514,14514,4,0
2022-12-08 15:00:44,14514,14514,14514,8,0
2022-12-08 15:00:44,14512,14512,14512,2,-2
2022-12-08 15:00:47,14515,14515,14515,4,4
2022-12-08 15:00:48,14514,14514,14514,2,-2
2022-12-08 15:00:49,14515,14515,14515,4,4
2022-12-08 15:00:51,14514,14514,14514,2,-2
2022-12-08 15:00:53,14514,14514,14514,4,0
2022-12-08 15:00:54,14514,14514,14514,8,0
2022-12-08 15:00:54,14514,14514,14514,4,0
2022-12-08 15:00:55,14515,14515,14515,6,6
2022-12-08 15:00:56,14515,14515,14515,4,0
2022-12-08 15:00:57,14514,14514,14514,2,-2
2022-12-08 15:00:58,14514,14514,14514,2,0
2022-12-08 15:00:58,14515,14515,14515,22,22
2022-12-08 15:00:59,14515,14515,14515,2,0
2022-12-08 15:00:59,14514,14514,14514,2,-2
2022-12-08 15:00:59,14514,14514,14514,6,0
2022-12-08 15:00:59,14514,14514,14514,2,0
2022-12-08 15:01:00,14515,14515,14515,2,2
2022-12-08 15:01:00,14515,14515,14515,12,0
2022-12-08 15:01:00,14516,14516,14516,2,2
2022-12-08 15:01:00,14516,14516,14516,10,0
2022-12-08 15:01:00,14517,14517,14517,2,2
2022-12-08 15:01:01,14517,14517,14517,2,0
2022-12-08 15:01:01,14518,14518,14518,2,2
2022-12-08 15:01:01,14516,14516,14516,2,-2
2022-12-08 15:01:01,14516,14516,14516,2,0
2022-12-08 15:01:01,14517,14517,14517,2,2
2022-12-08 15:01:01,14517,14517,14517,2,0
2022-12-08 15:01:02,14517,14517,14517,2,0
2022-12-08 15:01:02,14518,14518,14518,30,30
2022-12-08 15:01:02,14518,14518,14518,14,0
2022-12-08 15:01:02,14518,14518,14518,2,0
2022-12-08 15:01:03,14517,14517,14517,2,-2
2022-12-08 15:01:03,14519,14519,14519,2,2
2022-12-08 15:01:03,14519,14519,14519,4,0
2022-12-08 15:01:03,14518,14518,14518,2,-2
2022-12-08 15:01:04,14517,14517,14517,2,-2
2022-12-08 15:01:04,14519,14519,14519,2,2
2022-12-08 15:01:05,14520,14520,14520,4,4
2022-12-08 15:01:05,14520,14520,14520,4,0
2022-12-08 15:01:05,14520,14520,14520,2,0
2022-12-08 15:01:05,14520,14520,14520,8,0
2022-12-08 15:01:05,14520,14520,14520,2,0
2022-12-08 15:01:05,14520,14520,14520,8,0
2022-12-08 15:01:05,14520,14520,14520,4,0
2022-12-08 15:01:05,14520,14520,14520,6,0
2022-12-08 15:01:05,14520,14520,14520,2,0
2022-12-08 15:01:05,14521,14521,14521,2,2
2022-12-08 15:01:05,14521,14521,14521,4,0
2022-12-08 15:01:05,14521,14521,14521,6,0
2022-12-08 15:01:05,14522,14522,14522,4,4
2022-12-08 15:01:05,14522,14522,14522,2,0
2022-12-08 15:01:05,14522,14522,14522,4,0
2022-12-08 15:01:06,14522,14522,14522,2,0
2022-12-08 15:01:06,14521,14521,14521,2,-2
2022-12-08 15:01:06,14521,14521,14521,2,0
2022-12-08 15:01:06,14521,14521,14521,2,0
2022-12-08 15:01:06,14521,14521,14521,2,0
2022-12-08 15:01:06,14521,14521,14521,12,0
2022-12-08 15:01:06,14521,14521,14521,2,0
2022-12-08 15:01:06,14519,14519,14519,2,-2
2022-12-08 15:01:06,14519,14519,14519,2,0
2022-12-08 15:01:06,14519,14519,14519,2,0
2022-12-08 15:01:06,14519,14519,14519,6,0
2022-12-08 15:01:06,14519,14519,14519,2,0
2022-12-08 15:01:06,14519,14519,14519,2,0
2022-12-08 15:01:07,14520,14520,14520,2,2
2022-12-08 15:01:09,14519,14519,14519,2,-2
2022-12-08 15:01:09,14519,14519,14519,2,0
2022-12-08 15:01:09,14519,14519,14519,2,0
2022-12-08 15:01:10,14518,14518,14518,2,-2
2022-12-08 15:01:10,14518,14518,14518,2,0
2022-12-08 15:01:11,14519,14519,14519,4,4
2022-12-08 15:01:11,14519,14519,14519,4,0
2022-12-08 15:01:11,14520,14520,14520,18,18
2022-12-08 15:01:11,14521,14521,14521,60,60
2022-12-08 15:01:11,14522,14522,14522,18,18
2022-12-08 15:01:11,14522,14522,14522,2,0
2022-12-08 15:01:13,14521,14521,14521,2,-2
2022-12-08 15:01:13,14521,14521,14521,2,0
2022-12-08 15:01:13,14521,14521,14521,2,0
2022-12-08 15:01:13,14521,14521,14521,2,0
2022-12-08 15:01:15,14522,14522,14522,2,2
2022-12-08 15:01:15,14522,14522,14522,8,0
2022-12-08 15:01:15,14522,14522,14522,2,0
2022-12-08 15:01:15,14521,14521,14521,2,-2
2022-12-08 15:01:16,14521,14521,14521,2,0
2022-12-08 15:01:16,14521,14521,14521,2,0
2022-12-08 15:01:16,14521,14521,14521,2,0
2022-12-08 15:01:17,14521,14521,14521,2,0
2022-12-08 15:01:17,14520,14520,14520,2,-2
2022-12-08 15:01:20,14520,14520,14520,2,0
2022-12-08 15:01:20,14521,14521,14521,6,6
2022-12-08 15:01:21,14520,14520,14520,2,-2
2022-12-08 15:01:21,14521,14521,14521,2,2
2022-12-08 15:01:21,14520,14520,14520,2,-2
2022-12-08 15:01:23,14521,14521,14521,2,2
2022-12-08 15:01:24,14521,14521,14521,2,0
2022-12-08 15:01:24,14521,14521,14521,2,0
2022-12-08 15:01:24,14520,14520,14520,2,-2
2022-12-08 15:01:24,14520,14520,14520,2,0
2022-12-08 15:01:24,14520,14520,14520,2,0
2022-12-08 15:01:24,14520,14520,14520,2,0
2022-12-08 15:01:24,14520,14520,14520,2,0
2022-12-08 15:01:24,14520,14520,14520,2,0
2022-12-08 15:01:24,14520,14520,14520,2,0
2022-12-08 15:01:24,14520,14520,14520,2,0
2022-12-08 15:01:24,14520,14520,14520,2,0
2022-12-08 15:01:24,14520,14520,14520,4,0
2022-12-08 15:01:24,14520,14520,14520,2,0
2022-12-08 15:01:24,14520,14520,14520,2,0
2022-12-08 15:01:25,14519,14519,14519,2,-2
2022-12-08 15:01:25,14519,14519,14519,2,0
2022-12-08 15:01:26,14518,14518,14518,2,-2
2022-12-08 15:01:26,14519,14519,14519,2,2
2022-12-08 15:01:27,14519,14519,14519,4,0
2022-12-08 15:01:28,14519,14519,14519,10,0
2022-12-08 15:01:28,14520,14520,14520,2,2
2022-12-08 15:01:30,14519,14519,14519,4,-4
2022-12-08 15:01:32,14518,14518,14518,2,-2
2022-12-08 15:01:32,14518,14518,14518,2,0
2022-12-08 15:01:33,14519,14519,14519,2,2
2022-12-08 15:01:33,14518,14518,14518,4,-4
2022-12-08 15:01:33,14518,14518,14518,2,0
2022-12-08 15:01:34,14517,14517,14517,2,-2
2022-12-08 15:01:34,14517,14517,14517,2,0
2022-12-08 15:01:34,14517,14517,14517,2,0
2022-12-08 15:01:38,14517,14517,14517,2,0
2022-12-08 15:01:38,14516,14516,14516,2,-2
2022-12-08 15:01:38,14516,14516,14516,2,0
2022-12-08 15:01:40,14516,14516,14516,2,0
2022-12-08 15:01:40,14516,14516,14516,2,0
2022-12-08 15:01:41,14515,14515,14515,6,-6
2022-12-08 15:01:43,14516,14516,14516,2,2
2022-12-08 15:01:49,14517,14517,14517,2,2
2022-12-08 15:01:49,14517,14517,14517,2,0
2022-12-08 15:01:49,14517,14517,14517,2,0
2022-12-08 15:01:50,14519,14519,14519,2,2
2022-12-08 15:01:50,14519,14519,14519,2,0
2022-12-08 15:01:50,14519,14519,14519,2,0
2022-12-08 15:01:50,14519,14519,14519,2,0
2022-12-08 15:01:54,14518,14518,14518,2,-2
2022-12-08 15:01:54,14518,14518,14518,2,0
2022-12-08 15:01:55,14518,14518,14518,8,0
2022-12-08 15:01:55,14518,14518,14518,2,0
2022-12-08 15:01:55,14519,14519,14519,2,2
2022-12-08 15:01:55,14519,14519,14519,2,0
2022-12-08 15:01:56,14520,14520,14520,4,4
2022-12-08 15:01:57,14519,14519,14519,4,-4
2022-12-08 15:01:59,14520,14520,14520,2,2
2022-12-08 15:01:59,14519,14519,14519,2,-2
2022-12-08 15:01:59,14519,14519,14519,2,0
2022-12-08 15:02:00,14519,14519,14519,2,0
2022-12-08 15:02:01,14519,14519,14519,4,0
2022-12-08 15:02:01,14519,14519,14519,2,0
2022-12-08 15:02:01,14518,14518,14518,2,-2
2022-12-08 15:02:01,14518,14518,14518,2,0
2022-12-08 15:02:02,14519,14519,14519,4,4
2022-12-08 15:02:04,14519,14519,14519,10,0
2022-12-08 15:02:04,14520,14520,14520,10,10
2022-12-08 15:02:08,14518,14518,14518,2,-2
2022-12-08 15:02:08,14518,14518,14518,4,0
2022-12-08 15:02:08,14518,14518,14518,2,0
2022-12-08 15:02:08,14518,14518,14518,2,0
2022-12-08 15:02:08,14518,14518,14518,2,0
2022-12-08 15:02:10,14519,14519,14519,2,2
2022-12-08 15:02:15,14519,14519,14519,2,0
2022-12-08 15:02:17,14518,14518,14518,2,-2
2022-12-08 15:02:19,14518,14518,14518,2,0
2022-12-08 15:02:19,14518,14518,14518,2,0
2022-12-08 15:02:19,14519,14519,14519,4,4
2022-12-08 15:02:22,14518,14518,14518,2,-2
2022-12-08 15:02:29,14517,14517,14517,2,-2
2022-12-08 15:02:29,14517,14517,14517,2,0
2022-12-08 15:02:29,14517,14517,14517,2,0
2022-12-08 15:02:29,14517,14517,14517,8,0
2022-12-08 15:02:29,14517,14517,14517,2,0
2022-12-08 15:02:31,14517,14517,14517,2,0
2022-12-08 15:02:31,14516,14516,14516,2,-2
2022-12-08 15:02:31,14516,14516,14516,2,0
2022-12-08 15:02:31,14515,14515,14515,2,-2
2022-12-08 15:02:32,14515,14515,14515,2,0
2022-12-08 15:02:32,14515,14515,14515,2,0
2022-12-08 15:02:32,14515,14515,14515,2,0
2022-12-08 15:02:39,14516,14516,14516,2,2
2022-12-08 15:02:39,14516,14516,14516,2,0
2022-12-08 15:02:39,14516,14516,14516,2,0
2022-12-08 15:02:39,14516,14516,14516,2,0
2022-12-08 15:02:39,14515,14515,14515,2,-2
2022-12-08 15:02:42,14516,14516,14516,2,2
2022-12-08 15:02:42,14517,14517,14517,2,2
2022-12-08 15:02:45,14516,14516,14516,2,-2
2022-12-08 15:02:47,14517,14517,14517,2,2
2022-12-08 15:02:47,14517,14517,14517,2,0
2022-12-08 15:02:47,14517,14517,14517,2,0
2022-12-08 15:02:51,14517,14517,14517,2,0
2022-12-08 15:02:54,14517,14517,14517,2,0
2022-12-08 15:02:56,14517,14517,14517,2,0
2022-12-08 15:03:00,14517,14517,14517,4,0
2022-12-08 15:03:00,14517,14517,14517,2,0
2022-12-08 15:03:00,14517,14517,14517,2,0
2022-12-08 15:03:00,14518,14518,14518,2,2
2022-12-08 15:03:00,14518,14518,14518,2,0
2022-12-08 15:03:00,14518,14518,14518,2,0
2022-12-08 15:03:00,14518,14518,14518,2,0
2022-12-08 15:03:00,14518,14518,14518,2,0
2022-12-08 15:03:00,14518,14518,14518,4,0
2022-12-08 15:03:01,14517,14517,14517,8,-8
2022-12-08 15:03:01,14517,14517,14517,2,0
2022-12-08 15:03:01,14517,14517,14517,2,0
2022-12-08 15:03:04,14518,14518,14518,2,2
2022-12-08 15:03:13,14518,14518,14518,2,0
2022-12-08 15:03:13,14518,14518,14518,2,0
2022-12-08 15:03:13,14518,14518,14518,4,0
2022-12-08 15:03:14,14519,14519,14519,2,2
2022-12-08 15:03:15,14519,14519,14519,2,0
2022-12-08 15:03:15,14519,14519,14519,2,0
2022-12-08 15:03:16,14518,14518,14518,2,-2
2022-12-08 15:03:16,14518,14518,14518,2,0
2022-12-08 15:03:19,14517,14517,14517,2,-2
2022-12-08 15:03:19,14517,14517,14517,2,0
2022-12-08 15:03:19,14517,14517,14517,2,0
2022-12-08 15:03:19,14517,14517,14517,2,0
2022-12-08 15:03:19,14517,14517,14517,2,0
2022-12-08 15:03:22,14518,14518,14518,2,2
2022-12-08 15:03:25,14517,14517,14517,6,-6
2022-12-08 15:03:25,14518,14518,14518,4,4
2022-12-08 15:03:29,14517,14517,14517,2,-2
2022-12-08 15:03:30,14516,14516,14516,2,-2
2022-12-08 15:03:30,14516,14516,14516,2,0
2022-12-08 15:03:30,14516,14516,14516,2,0
2022-12-08 15:03:30,14516,14516,14516,2,0
2022-12-08 15:03:47,14516,14516,14516,2,0
2022-12-08 15:03:47,14515,14515,14515,4,-4
2022-12-08 15:03:50,14515,14515,14515,2,0
2022-12-08 15:03:50,14515,14515,14515,2,0
2022-12-08 15:03:50,14515,14515,14515,6,0
2022-12-08 15:03:50,14515,14515,14515,2,0
2022-12-08 15:03:50,14515,14515,14515,2,0
2022-12-08 15:03:51,14515,14515,14515,2,0
2022-12-08 15:03:51,14515,14515,14515,2,0
2022-12-08 15:03:51,14515,14515,14515,2,0
2022-12-08 15:03:51,14515,14515,14515,4,0
2022-12-08 15:03:51,14515,14515,14515,4,0
2022-12-08 15:03:51,14515,14515,14515,2,0
2022-12-08 15:03:51,14514,14514,14514,2,-2
2022-12-08 15:03:51,14514,14514,14514,2,0
2022-12-08 15:03:51,14514,14514,14514,2,0
2022-12-08 15:03:54,14514,14514,14514,2,0
2022-12-08 15:03:56,14515,14515,14515,2,2
2022-12-08 15:03:57,14514,14514,14514,2,-2
2022-12-08 15:04:00,14515,14515,14515,4,4
2022-12-08 15:04:00,14514,14514,14514,2,-2
2022-12-08 15:04:00,14513,14513,14513,2,-2
2022-12-08 15:04:02,14514,14514,14514,2,2
2022-12-08 15:04:04,14513,14513,14513,2,-2
2022-12-08 15:04:04,14513,14513,14513,2,0
2022-12-08 15:04:04,14513,14513,14513,2,0
2022-12-08 15:04:04,14513,14513,14513,2,0
2022-12-08 15:04:05,14513,14513,14513,2,0
2022-12-08 15:04:05,14513,14513,14513,2,0
2022-12-08 15:04:09,14513,14513,14513,2,0
2022-12-08 15:04:09,14513,14513,14513,2,0
2022-12-08 15:04:09,14513,14513,14513,2,0
2022-12-08 15:04:09,14513,14513,14513,4,0
2022-12-08 15:04:09,14513,14513,14513,2,0
2022-12-08 15:04:09,14513,14513,14513,2,0
2022-12-08 15:04:11,14513,14513,14513,2,0
2022-12-08 15:04:12,14513,14513,14513,2,0
2022-12-08 15:04:13,14513,14513,14513,2,0
2022-12-08 15:04:13,14513,14513,14513,2,0
2022-12-08 15:04:15,14514,14514,14514,12,12
2022-12-08 15:04:16,14513,14513,14513,2,-2
2022-12-08 15:04:18,14513,14513,14513,2,0
2022-12-08 15:04:19,14514,14514,14514,2,2
2022-12-08 15:04:24,14514,14514,14514,2,0
2022-12-08 15:04:27,14513,14513,14513,2,-2
2022-12-08 15:04:27,14513,14513,14513,2,0
2022-12-08 15:04:27,14513,14513,14513,2,0
2022-12-08 15:04:27,14512,14512,14512,2,-2
2022-12-08 15:04:31,14513,14513,14513,2,2
2022-12-08 15:04:31,14512,14512,14512,2,-2
2022-12-08 15:04:36,14513,14513,14513,2,2
2022-12-08 15:04:37,14513,14513,14513,2,0
2022-12-08 15:04:40,14512,14512,14512,2,-2
2022-12-08 15:04:41,14512,14512,14512,2,0
2022-12-08 15:04:46,14513,14513,14513,8,8
2022-12-08 15:04:49,14512,14512,14512,2,-2
2022-12-08 15:04:49,14512,14512,14512,2,0
2022-12-08 15:04:49,14512,14512,14512,2,0
2022-12-08 15:04:49,14512,14512,14512,2,0
2022-12-08 15:04:49,14512,14512,14512,2,0
2022-12-08 15:04:49,14512,14512,14512,2,0
2022-12-08 15:04:49,14512,14512,14512,2,0
2022-12-08 15:04:52,14511,14511,14511,2,-2
2022-12-08 15:04:53,14511,14511,14511,2,0
2022-12-08 15:04:53,14511,14511,14511,2,0
2022-12-08 15:04:53,14511,14511,14511,2,0
2022-12-08 15:04:53,14511,14511,14511,2,0
2022-12-08 15:04:56,14511,14511,14511,10,0
2022-12-08 15:04:57,14510,14510,14510,2,-2
2022-12-08 15:04:57,14510,14510,14510,2,0
2022-12-08 15:04:57,14510,14510,14510,2,0
2022-12-08 15:04:57,14510,14510,14510,2,0
2022-12-08 15:04:57,14510,14510,14510,2,0
2022-12-08 15:04:57,14510,14510,14510,2,0
2022-12-08 15:04:57,14510,14510,14510,2,0
2022-12-08 15:04:57,14510,14510,14510,2,0
2022-12-08 15:04:57,14510,14510,14510,2,0
2022-12-08 15:04:57,14510,14510,14510,2,0
2022-12-08 15:04:57,14510,14510,14510,2,0
2022-12-08 15:04:57,14510,14510,14510,2,0
2022-12-08 15:04:58,14511,14511,14511,10,10
2022-12-08 15:05:01,14511,14511,14511,4,0
2022-12-08 15:05:04,14512,14512,14512,2,2
2022-12-08 15:05:05,14511,14511,14511,2,-2
2022-12-08 15:05:11,14510,14510,14510,2,-2
2022-12-08 15:05:12,14510,14510,14510,2,0
2022-12-08 15:05:13,14511,14511,14511,2,2
2022-12-08 15:05:13,14512,14512,14512,2,2
2022-12-08 15:05:14,14512,14512,14512,2,0
2022-12-08 15:05:16,14512,14512,14512,2,0
2022-12-08 15:05:16,14512,14512,14512,2,0
2022-12-08 15:05:17,14511,14511,14511,2,-2
2022-12-08 15:05:17,14511,14511,14511,4,0
2022-12-08 15:05:17,14511,14511,14511,4,0
2022-12-08 15:05:17,14511,14511,14511,2,0
2022-12-08 15:05:17,14511,14511,14511,4,0
2022-12-08 15:05:22,14510,14510,14510,2,-2
2022-12-08 15:05:22,14510,14510,14510,2,0
2022-12-08 15:05:22,14510,14510,14510,2,0
2022-12-08 15:05:22,14510,14510,14510,2,0
2022-12-08 15:05:22,14511,14511,14511,2,2
2022-12-08 15:05:24,14509,14509,14509,4,-4
2022-12-08 15:05:24,14509,14509,14509,2,0
2022-12-08 15:05:25,14511,14511,14511,2,2
2022-12-08 15:05:25,14510,14510,14510,2,-2
2022-12-08 15:05:27,14511,14511,14511,2,2
2022-12-08 15:05:27,14511,14511,14511,2,0
2022-12-08 15:05:27,14511,14511,14511,2,0
2022-12-08 15:05:27,14511,14511,14511,2,0
2022-12-08 15:05:28,14511,14511,14511,2,0
2022-12-08 15:05:28,14512,14512,14512,2,2
2022-12-08 15:05:28,14511,14511,14511,2,-2
2022-12-08 15:05:28,14511,14511,14511,2,0
2022-12-08 15:05:28,14511,14511,14511,2,0
2022-12-08 15:05:30,14510,14510,14510,2,-2
2022-12-08 15:05:30,14510,14510,14510,2,0
2022-12-08 15:05:32,14511,14511,14511,2,2
2022-12-08 15:05:36,14512,14512,14512,2,2
2022-12-08 15:05:40,14513,14513,14513,2,2
2022-12-08 15:05:42,14513,14513,14513,2,0
2022-12-08 15:05:42,14514,14514,14514,2,2
2022-12-08 15:05:44,14513,14513,14513,2,-2
2022-12-08 15:05:44,14513,14513,14513,2,0
2022-12-08 15:05:45,14514,14514,14514,2,2
2022-12-08 15:05:46,14514,14514,14514,4,0
2022-12-08 15:05:47,14515,14515,14515,10,10
2022-12-08 15:05:51,14514,14514,14514,2,-2
2022-12-08 15:05:51,14515,14515,14515,2,2
2022-12-08 15:05:53,14515,14515,14515,2,0
2022-12-08 15:05:55,14516,14516,14516,6,6
2022-12-08 15:05:58,14517,14517,14517,2,2
2022-12-08 15:05:59,14517,14517,14517,4,0
2022-12-08 15:06:00,14517,14517,14517,2,0
2022-12-08 15:06:00,14516,14516,14516,2,-2
2022-12-08 15:06:01,14517,14517,14517,4,4
2022-12-08 15:06:02,14517,14517,14517,4,0
2022-12-08 15:06:04,14516,14516,14516,4,-4
2022-12-08 15:06:04,14516,14516,14516,2,0
2022-12-08 15:06:04,14516,14516,14516,2,0
2022-12-08 15:06:05,14515,14515,14515,2,-2
2022-12-08 15:06:08,14516,14516,14516,2,2
2022-12-08 15:06:09,14515,14515,14515,2,-2
2022-12-08 15:06:11,14515,14515,14515,10,0
2022-12-08 15:06:12,14514,14514,14514,2,-2
2022-12-08 15:06:18,14516,14516,14516,2,2
2022-12-08 15:06:28,14516,14516,14516,2,0
2022-12-08 15:06:29,14516,14516,14516,2,0
2022-12-08 15:06:35,14515,14515,14515,2,-2
2022-12-08 15:06:38,14514,14514,14514,2,-2
2022-12-08 15:06:43,14515,14515,14515,2,2
2022-12-08 15:06:45,14515,14515,14515,2,0
2022-12-08 15:06:46,14515,14515,14515,2,0
2022-12-08 15:06:50,14515,14515,14515,2,0
2022-12-08 15:06:50,14514,14514,14514,2,-2
2022-12-08 15:06:50,14514,14514,14514,2,0
2022-12-08 15:06:50,14514,14514,14514,4,0
2022-12-08 15:06:58,14515,14515,14515,6,6
2022-12-08 15:07:00,14514,14514,14514,2,-2
2022-12-08 15:07:00,14514,14514,14514,4,0
2022-12-08 15:07:05,14514,14514,14514,4,0
2022-12-08 15:07:08,14512,14512,14512,2,-2
2022-12-08 15:07:11,14512,14512,14512,4,0
2022-12-08 15:07:11,14512,14512,14512,4,0
2022-12-08 15:07:11,14512,14512,14512,2,0
2022-12-08 15:07:11,14512,14512,14512,2,0
2022-12-08 15:07:12,14511,14511,14511,2,-2
2022-12-08 15:07:12,14511,14511,14511,2,0
2022-12-08 15:07:20,14510,14510,14510,6,-6
2022-12-08 15:07:20,14510,14510,14510,2,0
2022-12-08 15:07:20,14510,14510,14510,4,0
2022-12-08 15:07:20,14510,14510,14510,2,0
2022-12-08 15:07:24,14511,14511,14511,2,2
2022-12-08 15:07:29,14510,14510,14510,4,-4
2022-12-08 15:07:29,14510,14510,14510,2,0
2022-12-08 15:07:29,14510,14510,14510,2,0
2022-12-08 15:07:29,14510,14510,14510,2,0
2022-12-08 15:07:29,14510,14510,14510,2,0
2022-12-08 15:07:29,14510,14510,14510,4,0
2022-12-08 15:07:32,14511,14511,14511,2,2
2022-12-08 15:07:33,14512,14512,14512,2,2
2022-12-08 15:07:37,14513,14513,14513,2,2
2022-12-08 15:07:38,14513,14513,14513,2,0
2022-12-08 15:07:42,14511,14511,14511,4,-4
2022-12-08 15:07:42,14511,14511,14511,2,0
2022-12-08 15:07:42,14511,14511,14511,2,0
2022-12-08 15:07:46,14510,14510,14510,2,-2
2022-12-08 15:07:47,14511,14511,14511,2,2
2022-12-08 15:07:48,14511,14511,14511,2,0
2022-12-08 15:07:55,14511,14511,14511,2,0
2022-12-08 15:08:07,14511,14511,14511,2,0
2022-12-08 15:08:09,14512,14512,14512,4,4
2022-12-08 15:08:10,14512,14512,14512,4,0
2022-12-08 15:08:10,14512,14512,14512,2,0
2022-12-08 15:08:16,14513,14513,14513,2,2
2022-12-08 15:08:19,14513,14513,14513,2,0
2022-12-08 15:08:25,14512,14512,14512,2,-2
2022-12-08 15:08:26,14512,14512,14512,2,0
2022-12-08 15:08:34,14512,14512,14512,4,0
2022-12-08 15:08:38,14512,14512,14512,4,0
2022-12-08 15:08:38,14512,14512,14512,2,0
2022-12-08 15:08:38,14512,14512,14512,2,0
2022-12-08 15:08:38,14512,14512,14512,2,0
2022-12-08 15:08:40,14511,14511,14511,2,-2
2022-12-08 15:08:43,14512,14512,14512,2,2
2022-12-08 15:08:44,14512,14512,14512,2,0
2022-12-08 15:08:50,14512,14512,14512,2,0
2022-12-08 15:08:54,14512,14512,14512,2,0
2022-12-08 15:08:59,14512,14512,14512,2,0
2022-12-08 15:09:01,14512,14512,14512,2,0
2022-12-08 15:09:11,14512,14512,14512,2,0
2022-12-08 15:09:11,14512,14512,14512,10,0
2022-12-08 15:09:17,14512,14512,14512,2,0
2022-12-08 15:09:23,14512,14512,14512,2,0
2022-12-08 15:09:31,14512,14512,14512,2,0
2022-12-08 15:09:36,14512,14512,14512,2,0
2022-12-08 15:09:45,14514,14514,14514,4,4
2022-12-08 15:09:45,14515,14515,14515,2,2
2022-12-08 15:09:45,14514,14514,14514,2,-2
2022-12-08 15:09:45,14515,14515,14515,2,2
2022-12-08 15:09:48,14515,14515,14515,2,0
2022-12-08 15:09:51,14515,14515,14515,2,0
2022-12-08 15:09:51,14516,14516,14516,18,18
2022-12-08 15:09:55,14515,14515,14515,4,-4
2022-12-08 15:09:55,14515,14515,14515,2,0
2022-12-08 15:09:56,14516,14516,14516,2,2
2022-12-08 15:09:58,14515,14515,14515,2,-2
2022-12-08 15:09:59,14514,14514,14514,10,-10
2022-12-08 15:09:59,14514,14514,14514,2,0
2022-12-08 15:10:01,14514,14514,14514,2,0
2022-12-08 15:10:01,14515,14515,14515,2,2
2022-12-08 15:10:10,14515,14515,14515,2,0
2022-12-08 15:10:10,14516,14516,14516,12,12
2022-12-08 15:10:14,14517,14517,14517,14,14
2022-12-08 15:10:14,14517,14517,14517,2,0
2022-12-08 15:10:15,14517,14517,14517,2,0
2022-12-08 15:10:16,14516,14516,14516,2,-2
2022-12-08 15:10:20,14516,14516,14516,2,0
2022-12-08 15:10:21,14516,14516,14516,2,0
2022-12-08 15:10:21,14516,14516,14516,2,0
2022-12-08 15:10:23,14516,14516,14516,2,0
2022-12-08 15:10:25,14517,14517,14517,2,2
2022-12-08 15:10:27,14516,14516,14516,2,-2
2022-12-08 15:10:29,14517,14517,14517,2,2
2022-12-08 15:10:33,14516,14516,14516,2,-2
2022-12-08 15:10:37,14516,14516,14516,2,0
2022-12-08 15:10:49,14516,14516,14516,2,0
2022-12-08 15:10:52,14516,14516,14516,2,0
2022-12-08 15:10:59,14517,14517,14517,4,4
2022-12-08 15:10:59,14518,14518,14518,26,26
2022-12-08 15:10:59,14518,14518,14518,2,0
2022-12-08 15:10:59,14518,14518,14518,2,0
2022-12-08 15:10:59,14519,14519,14519,2,2
2022-12-08 15:11:00,14518,14518,14518,2,-2
2022-12-08 15:11:00,14517,14517,14517,2,-2
2022-12-08 15:11:00,14517,14517,14517,2,0
2022-12-08 15:11:00,14518,14518,14518,24,24
2022-12-08 15:11:07,14517,14517,14517,2,-2
2022-12-08 15:11:13,14517,14517,14517,2,0
2022-12-08 15:11:14,14517,14517,14517,4,0
2022-12-08 15:11:17,14517,14517,14517,2,0
2022-12-08 15:11:17,14517,14517,14517,2,0
2022-12-08 15:11:17,14517,14517,14517,2,0
2022-12-08 15:11:19,14518,14518,14518,4,4
2022-12-08 15:11:19,14517,14517,14517,2,-2
2022-12-08 15:11:22,14518,14518,14518,6,6
2022-12-08 15:11:22,14519,14519,14519,10,10
2022-12-08 15:11:22,14518,14518,14518,2,-2
2022-12-08 15:11:25,14518,14518,14518,2,0
2022-12-08 15:11:26,14518,14518,14518,2,0
2022-12-08 15:11:26,14518,14518,14518,2,0
2022-12-08 15:11:26,14519,14519,14519,10,10
2022-12-08 15:11:29,14519,14519,14519,4,0
2022-12-08 15:11:29,14518,14518,14518,2,-2
2022-12-08 15:11:32,14519,14519,14519,10,10
2022-12-08 15:11:32,14519,14519,14519,6,0
2022-12-08 15:11:33,14520,14520,14520,2,2
2022-12-08 15:11:33,14519,14519,14519,2,-2
2022-12-08 15:11:33,14520,14520,14520,42,42
2022-12-08 15:11:34,14521,14521,14521,2,2
2022-12-08 15:11:35,14521,14521,14521,2,0
2022-12-08 15:11:36,14520,14520,14520,4,-4
2022-12-08 15:11:36,14520,14520,14520,2,0
2022-12-08 15:11:36,14520,14520,14520,2,0
2022-12-08 15:11:36,14520,14520,14520,2,0
2022-12-08 15:11:36,14519,14519,14519,2,-2
2022-12-08 15:11:36,14519,14519,14519,2,0
2022-12-08 15:11:36,14519,14519,14519,2,0
2022-12-08 15:11:37,14519,14519,14519,2,0
2022-12-08 15:11:38,14519,14519,14519,2,0
2022-12-08 15:11:38,14520,14520,14520,4,4
2022-12-08 15:11:41,14520,14520,14520,2,0
2022-12-08 15:11:42,14520,14520,14520,4,0
2022-12-08 15:11:42,14521,14521,14521,6,6
2022-12-08 15:11:43,14521,14521,14521,6,0
2022-12-08 15:11:46,14519,14519,14519,2,-2
2022-12-08 15:11:46,14518,14518,14518,2,-2
2022-12-08 15:11:46,14518,14518,14518,2,0
2022-12-08 15:11:46,14518,14518,14518,2,0
2022-12-08 15:11:50,14519,14519,14519,12,12
2022-12-08 15:11:50,14520,14520,14520,4,4
2022-12-08 15:11:50,14519,14519,14519,10,-10
2022-12-08 15:11:50,14519,14519,14519,2,0
2022-12-08 15:11:54,14520,14520,14520,4,4
2022-12-08 15:11:55,14519,14519,14519,2,-2
2022-12-08 15:11:55,14519,14519,14519,2,0
2022-12-08 15:11:55,14520,14520,14520,10,10
2022-12-08 15:11:56,14521,14521,14521,10,10
2022-12-08 15:11:57,14519,14519,14519,4,-4
2022-12-08 15:11:57,14519,14519,14519,2,0
2022-12-08 15:11:57,14519,14519,14519,2,0
2022-12-08 15:11:57,14520,14520,14520,10,10
2022-12-08 15:11:57,14520,14520,14520,10,0
2022-12-08 15:11:58,14520,14520,14520,2,0
2022-12-08 15:11:58,14521,14521,14521,8,8
2022-12-08 15:11:58,14521,14521,14521,10,0
2022-12-08 15:11:58,14522,14522,14522,10,10
2022-12-08 15:11:59,14521,14521,14521,2,-2
2022-12-08 15:12:00,14522,14522,14522,8,8
2022-12-08 15:12:00,14523,14523,14523,2,2
2022-12-08 15:12:00,14523,14523,14523,2,0
2022-12-08 15:12:00,14523,14523,14523,4,0
2022-12-08 15:12:00,14522,14522,14522,2,-2
2022-12-08 15:12:01,14522,14522,14522,2,0
2022-12-08 15:12:01,14522,14522,14522,2,0
2022-12-08 15:12:02,14523,14523,14523,10,10
2022-12-08 15:12:02,14523,14523,14523,2,0
2022-12-08 15:12:02,14523,14523,14523,2,0
2022-12-08 15:12:02,14523,14523,14523,2,0
2022-12-08 15:12:02,14523,14523,14523,2,0
2022-12-08 15:12:03,14524,14524,14524,10,10
2022-12-08 15:12:05,14524,14524,14524,10,0
2022-12-08 15:12:05,14523,14523,14523,2,-2
2022-12-08 15:12:06,14523,14523,14523,2,0
2022-12-08 15:12:06,14523,14523,14523,2,0
2022-12-08 15:12:06,14523,14523,14523,2,0
2022-12-08 15:12:06,14523,14523,14523,2,0
2022-12-08 15:12:08,14523,14523,14523,2,0
2022-12-08 15:12:09,14523,14523,14523,8,0
2022-12-08 15:12:09,14522,14522,14522,2,-2
2022-12-08 15:12:09,14523,14523,14523,6,6
2022-12-08 15:12:09,14523,14523,14523,2,0
2022-12-08 15:12:10,14523,14523,14523,12,0
2022-12-08 15:12:10,14524,14524,14524,4,4
2022-12-08 15:12:10,14523,14523,14523,2,-2
2022-12-08 15:12:11,14524,14524,14524,10,10
2022-12-08 15:12:14,14524,14524,14524,2,0
2022-12-08 15:12:16,14523,14523,14523,2,-2
2022-12-08 15:12:16,14523,14523,14523,2,0
2022-12-08 15:12:16,14523,14523,14523,2,0
2022-12-08 15:12:16,14523,14523,14523,10,0
2022-12-08 15:12:17,14524,14524,14524,4,4
2022-12-08 15:12:17,14522,14522,14522,2,-2
2022-12-08 15:12:17,14522,14522,14522,2,0
2022-12-08 15:12:17,14522,14522,14522,2,0
2022-12-08 15:12:17,14522,14522,14522,2,0
2022-12-08 15:12:20,14524,14524,14524,4,4
2022-12-08 15:12:22,14524,14524,14524,2,0
2022-12-08 15:12:22,14523,14523,14523,2,-2
2022-12-08 15:12:22,14524,14524,14524,4,4
2022-12-08 15:12:24,14524,14524,14524,4,0
2022-12-08 15:12:25,14524,14524,14524,2,0
2022-12-08 15:12:28,14524,14524,14524,2,0
2022-12-08 15:12:29,14523,14523,14523,2,-2
2022-12-08 15:12:30,14524,14524,14524,2,2
2022-12-08 15:12:30,14524,14524,14524,2,0
2022-12-08 15:12:31,14524,14524,14524,2,0
2022-12-08 15:12:32,14523,14523,14523,2,-2
2022-12-08 15:12:32,14522,14522,14522,2,-2
2022-12-08 15:12:32,14522,14522,14522,4,0
2022-12-08 15:12:35,14522,14522,14522,2,0
2022-12-08 15:12:36,14521,14521,14521,2,-2
2022-12-08 15:12:37,14520,14520,14520,2,-2
2022-12-08 15:12:38,14520,14520,14520,2,0
2022-12-08 15:12:38,14520,14520,14520,2,0
2022-12-08 15:12:38,14520,14520,14520,4,0
2022-12-08 15:12:38,14520,14520,14520,2,0
2022-12-08 15:12:41,14521,14521,14521,4,4
2022-12-08 15:12:44,14521,14521,14521,6,0
2022-12-08 15:12:44,14522,14522,14522,24,24
2022-12-08 15:12:52,14522,14522,14522,2,0
2022-12-08 15:12:54,14521,14521,14521,4,-4
2022-12-08 15:12:54,14521,14521,14521,4,0
2022-12-08 15:12:54,14521,14521,14521,2,0
2022-12-08 15:12:55,14520,14520,14520,2,-2
2022-12-08 15:12:56,14520,14520,14520,2,0
2022-12-08 15:12:56,14520,14520,14520,2,0
2022-12-08 15:13:07,14521,14521,14521,2,2
2022-12-08 15:13:08,14521,14521,14521,2,0
2022-12-08 15:13:08,14521,14521,14521,2,0
2022-12-08 15:13:18,14522,14522,14522,26,26
2022-12-08 15:13:19,14523,14523,14523,2,2
2022-12-08 15:13:19,14522,14522,14522,2,-2
2022-12-08 15:13:22,14523,14523,14523,2,2
2022-12-08 15:13:28,14522,14522,14522,2,-2
2022-12-08 15:13:29,14522,14522,14522,2,0
2022-12-08 15:13:29,14522,14522,14522,2,0
2022-12-08 15:13:36,14522,14522,14522,2,0
2022-12-08 15:13:37,14523,14523,14523,2,2
2022-12-08 15:13:38,14522,14522,14522,2,-2
2022-12-08 15:13:41,14522,14522,14522,2,0
2022-12-08 15:13:42,14521,14521,14521,2,-2
2022-12-08 15:13:42,14521,14521,14521,8,0
2022-12-08 15:13:42,14521,14521,14521,2,0
2022-12-08 15:13:42,14521,14521,14521,2,0
2022-12-08 15:14:01,14522,14522,14522,4,4
2022-12-08 15:14:02,14521,14521,14521,2,-2
2022-12-08 15:14:02,14521,14521,14521,2,0
2022-12-08 15:14:03,14521,14521,14521,2,0
2022-12-08 15:14:06,14522,14522,14522,2,2
2022-12-08 15:14:12,14523,14523,14523,10,10
2022-12-08 15:14:12,14523,14523,14523,2,0
2022-12-08 15:14:12,14522,14522,14522,2,-2
2022-12-08 15:14:18,14523,14523,14523,10,10
2022-12-08 15:14:18,14523,14523,14523,4,0
2022-12-08 15:14:18,14524,14524,14524,2,2
2022-12-08 15:14:18,14524,14524,14524,6,0
2022-12-08 15:14:18,14525,14525,14525,2,2
2022-12-08 15:14:18,14525,14525,14525,6,0
2022-12-08 15:14:18,14525,14525,14525,2,0
2022-12-08 15:14:18,14525,14525,14525,38,0
2022-12-08 15:14:18,14526,14526,14526,2,2
2022-12-08 15:14:18,14526,14526,14526,2,0
2022-12-08 15:14:19,14526,14526,14526,2,0
2022-12-08 15:14:19,14526,14526,14526,2,0
2022-12-08 15:14:19,14526,14526,14526,2,0
2022-12-08 15:14:19,14526,14526,14526,2,0
2022-12-08 15:14:19,14526,14526,14526,6,0
2022-12-08 15:14:19,14525,14525,14525,2,-2
2022-12-08 15:14:20,14526,14526,14526,2,2
2022-12-08 15:14:30,14525,14525,14525,2,-2
2022-12-08 15:14:36,14525,14525,14525,2,0
2022-12-08 15:14:37,14523,14523,14523,2,-2
2022-12-08 15:14:41,14523,14523,14523,4,0
2022-12-08 15:14:41,14523,14523,14523,2,0
2022-12-08 15:14:43,14522,14522,14522,2,-2
2022-12-08 15:14:43,14522,14522,14522,2,0
2022-12-08 15:14:43,14522,14522,14522,2,0
2022-12-08 15:14:43,14521,14521,14521,2,-2
2022-12-08 15:14:43,14521,14521,14521,2,0
2022-12-08 15:14:43,14521,14521,14521,2,0
2022-12-08 15:14:43,14522,14522,14522,2,2
2022-12-08 15:14:48,14522,14522,14522,2,0
2022-12-08 15:14:52,14521,14521,14521,2,-2
2022-12-08 15:14:58,14521,14521,14521,2,0
2022-12-08 15:14:58,14521,14521,14521,4,0
2022-12-08 15:14:58,14521,14521,14521,2,0
2022-12-08 15:14:58,14521,14521,14521,2,0
2022-12-08 15:14:58,14521,14521,14521,8,0
2022-12-08 15:15:01,14520,14520,14520,2,-2
2022-12-08 15:15:01,14520,14520,14520,2,0
2022-12-08 15:15:01,14520,14520,14520,2,0
2022-12-08 15:15:01,14520,14520,14520,2,0
2022-12-08 15:15:01,14520,14520,14520,2,0
2022-12-08 15:15:01,14520,14520,14520,40,0
2022-12-08 15:15:01,14520,14520,14520,2,0
2022-12-08 15:15:01,14520,14520,14520,2,0
2022-12-08 15:15:01,14520,14520,14520,2,0
2022-12-08 15:15:01,14519,14519,14519,2,-2
2022-12-08 15:15:01,14519,14519,14519,2,0
2022-12-08 15:15:02,14519,14519,14519,2,0
2022-12-08 15:15:02,14520,14520,14520,4,4
2022-12-08 15:15:03,14520,14520,14520,2,0
2022-12-08 15:15:04,14520,14520,14520,2,0
2022-12-08 15:15:19,14521,14521,14521,2,2
2022-12-08 15:15:29,14520,14520,14520,2,-2
2022-12-08 15:15:31,14520,14520,14520,2,0
2022-12-08 15:15:36,14519,14519,14519,2,-2
2022-12-08 15:15:36,14518,14518,14518,2,-2
2022-12-08 15:15:36,14518,14518,14518,2,0
2022-12-08 15:15:41,14519,14519,14519,2,2
2022-12-08 15:15:41,14519,14519,14519,2,0
2022-12-08 15:15:45,14520,14520,14520,4,4
2022-12-08 15:15:49,14519,14519,14519,2,-2
2022-12-08 15:15:55,14519,14519,14519,2,0
2022-12-08 15:16:00,14518,14518,14518,2,-2
2022-12-08 15:16:00,14519,14519,14519,2,2
2022-12-08 15:16:00,14519,14519,14519,2,0
2022-12-08 15:16:00,14519,14519,14519,2,0
2022-12-08 15:16:00,14519,14519,14519,16,0
2022-12-08 15:16:11,14518,14518,14518,2,-2
2022-12-08 15:16:11,14518,14518,14518,4,0
2022-12-08 15:16:11,14518,14518,14518,4,0
2022-12-08 15:16:11,14518,14518,14518,4,0
2022-12-08 15:16:11,14518,14518,14518,2,0
2022-12-08 15:16:11,14518,14518,14518,2,0
2022-12-08 15:16:11,14518,14518,14518,2,0
2022-12-08 15:16:11,14518,14518,14518,2,0
2022-12-08 15:16:11,14518,14518,14518,2,0
2022-12-08 15:16:11,14518,14518,14518,2,0
2022-12-08 15:16:11,14518,14518,14518,2,0
2022-12-08 15:16:11,14518,14518,14518,2,0
2022-12-08 15:16:11,14518,14518,14518,2,0
2022-12-08 15:16:12,14517,14517,14517,2,-2
2022-12-08 15:16:12,14517,14517,14517,2,0
2022-12-08 15:16:12,14517,14517,14517,10,0
2022-12-08 15:16:12,14516,14516,14516,2,-2
2022-12-08 15:16:19,14516,14516,14516,2,0
2022-12-08 15:16:23,14517,14517,14517,2,2
2022-12-08 15:16:23,14517,14517,14517,2,0
2022-12-08 15:16:39,14518,14518,14518,2,2
2022-12-08 15:16:39,14517,14517,14517,2,-2
2022-12-08 15:17:08,14517,14517,14517,2,0
2022-12-08 15:17:21,14517,14517,14517,2,0
2022-12-08 15:17:21,14517,14517,14517,2,0
2022-12-08 15:17:22,14517,14517,14517,2,0
2022-12-08 15:17:22,14517,14517,14517,2,0
2022-12-08 15:17:23,14518,14518,14518,2,2
2022-12-08 15:17:23,14518,14518,14518,4,0
2022-12-08 15:17:27,14519,14519,14519,4,4
2022-12-08 15:17:42,14519,14519,14519,2,0
2022-12-08 15:17:50,14519,14519,14519,2,0
2022-12-08 15:17:53,14518,14518,14518,2,-2
2022-12-08 15:17:53,14518,14518,14518,2,0
2022-12-08 15:18:57,14517,14517,14517,2,-2
2022-12-08 15:18:57,14518,14518,14518,8,8
2022-12-08 15:19:04,14518,14518,14518,2,0
2022-12-08 15:19:04,14518,14518,14518,2,0
2022-12-08 15:19:05,14519,14519,14519,2,2
2022-12-08 15:19:05,14519,14519,14519,2,0
2022-12-08 15:19:05,14518,14518,14518,2,-2
2022-12-08 15:19:14,14518,14518,14518,2,0
2022-12-08 15:19:36,14519,14519,14519,2,2
2022-12-08 15:19:41,14518,14518,14518,2,-2
2022-12-08 15:19:41,14518,14518,14518,2,0
2022-12-08 15:19:41,14518,14518,14518,2,0
2022-12-08 15:19:41,14518,14518,14518,2,0
2022-12-08 15:19:41,14518,14518,14518,2,0
2022-12-08 15:19:41,14518,14518,14518,2,0
2022-12-08 15:19:41,14518,14518,14518,2,0
2022-12-08 15:19:41,14518,14518,14518,2,0
2022-12-08 15:19:41,14518,14518,14518,2,0
2022-12-08 15:19:51,14518,14518,14518,2,0
2022-12-08 15:19:52,14518,14518,14518,4,0
2022-12-08 15:19:52,14518,14518,14518,8,0
2022-12-08 15:19:52,14518,14518,14518,2,0
2022-12-08 15:19:52,14518,14518,14518,2,0
2022-12-08 15:19:52,14518,14518,14518,4,0
2022-12-08 15:19:53,14519,14519,14519,4,4
2022-12-08 15:19:53,14519,14519,14519,2,0
2022-12-08 15:19:53,14519,14519,14519,2,0
2022-12-08 15:19:59,14520,14520,14520,2,2
2022-12-08 15:20:00,14520,14520,14520,2,0
2022-12-08 15:20:00,14520,14520,14520,2,0
2022-12-08 15:20:03,14520,14520,14520,4,0
2022-12-08 15:20:06,14520,14520,14520,4,0
2022-12-08 15:20:07,14521,14521,14521,2,2
2022-12-08 15:20:07,14521,14521,14521,2,0
2022-12-08 15:20:07,14521,14521,14521,4,0
2022-12-08 15:20:07,14522,14522,14522,2,2
2022-12-08 15:20:09,14520,14520,14520,2,-2
2022-12-08 15:20:09,14522,14522,14522,2,2
2022-12-08 15:20:13,14521,14521,14521,2,-2
2022-12-08 15:20:16,14523,14523,14523,2,2
2022-12-08 15:20:16,14523,14523,14523,4,0
2022-12-08 15:20:18,14523,14523,14523,2,0
2022-12-08 15:20:20,14523,14523,14523,6,0
2022-12-08 15:20:26,14523,14523,14523,2,0
2022-12-08 15:20:27,14524,14524,14524,4,4
2022-12-08 15:20:30,14524,14524,14524,18,0
2022-12-08 15:20:33,14524,14524,14524,2,0
2022-12-08 15:20:33,14525,14525,14525,2,2
2022-12-08 15:20:35,14525,14525,14525,2,0
2022-12-08 15:20:41,14524,14524,14524,4,-4
2022-12-08 15:20:41,14524,14524,14524,10,0
2022-12-08 15:20:41,14524,14524,14524,2,0
2022-12-08 15:20:41,14524,14524,14524,4,0
2022-12-08 15:20:41,14524,14524,14524,2,0
2022-12-08 15:20:43,14523,14523,14523,2,-2
2022-12-08 15:20:54,14522,14522,14522,2,-2
2022-12-08 15:21:22,14522,14522,14522,2,0
2022-12-08 15:21:43,14521,14521,14521,2,-2
2022-12-08 15:21:51,14521,14521,14521,2,0
2022-12-08 15:21:55,14521,14521,14521,4,0
2022-12-08 15:22:02,14522,14522,14522,2,2
2022-12-08 15:22:03,14522,14522,14522,12,0
2022-12-08 15:22:03,14522,14522,14522,2,0
2022-12-08 15:22:11,14522,14522,14522,2,0
2022-12-08 15:22:21,14522,14522,14522,2,0
2022-12-08 15:22:23,14522,14522,14522,6,0
2022-12-08 15:22:23,14523,14523,14523,4,4
2022-12-08 15:22:28,14523,14523,14523,2,0
2022-12-08 15:22:28,14523,14523,14523,2,0
2022-12-08 15:22:28,14524,14524,14524,4,4
2022-12-08 15:22:28,14524,14524,14524,2,0
2022-12-08 15:22:33,14524,14524,14524,2,0
2022-12-08 15:22:34,14525,14525,14525,2,2
2022-12-08 15:22:34,14525,14525,14525,2,0
2022-12-08 15:22:34,14525,14525,14525,8,0
2022-12-08 15:22:34,14525,14525,14525,2,0
2022-12-08 15:22:34,14525,14525,14525,2,0
2022-12-08 15:22:34,14525,14525,14525,2,0
2022-12-08 15:22:34,14525,14525,14525,6,0
2022-12-08 15:22:35,14524,14524,14524,4,-4
2022-12-08 15:22:43,14525,14525,14525,2,2
2022-12-08 15:22:49,14525,14525,14525,2,0
2022-12-08 15:22:51,14525,14525,14525,2,0
2022-12-08 15:23:00,14525,14525,14525,2,0
2022-12-08 15:23:00,14524,14524,14524,2,-2
2022-12-08 15:23:00,14524,14524,14524,2,0
2022-12-08 15:23:07,14521,14521,14521,2,-2
2022-12-08 15:23:07,14521,14521,14521,2,0
2022-12-08 15:23:07,14521,14521,14521,2,0
2022-12-08 15:23:10,14522,14522,14522,2,2
2022-12-08 15:23:15,14522,14522,14522,2,0
2022-12-08 15:23:21,14522,14522,14522,2,0
2022-12-08 15:23:21,14522,14522,14522,2,0
2022-12-08 15:23:22,14523,14523,14523,2,2
2022-12-08 15:23:27,14521,14521,14521,2,-2
2022-12-08 15:23:29,14521,14521,14521,2,0
2022-12-08 15:23:29,14521,14521,14521,2,0
2022-12-08 15:23:46,14522,14522,14522,2,2
2022-12-08 15:23:50,14522,14522,14522,2,0
2022-12-08 15:23:54,14522,14522,14522,2,0
2022-12-08 15:23:57,14522,14522,14522,2,0
2022-12-08 15:23:57,14522,14522,14522,2,0
2022-12-08 15:23:59,14523,14523,14523,2,2
2022-12-08 15:24:03,14522,14522,14522,2,-2
2022-12-08 15:24:03,14523,14523,14523,2,2
2022-12-08 15:24:12,14523,14523,14523,2,0
2022-12-08 15:24:13,14523,14523,14523,2,0
2022-12-08 15:24:17,14523,14523,14523,10,0
2022-12-08 15:24:17,14523,14523,14523,2,0
2022-12-08 15:24:17,14523,14523,14523,42,0
2022-12-08 15:24:18,14523,14523,14523,2,0
2022-12-08 15:24:19,14524,14524,14524,2,2
2022-12-08 15:24:19,14523,14523,14523,4,-4
2022-12-08 15:24:20,14524,14524,14524,2,2
2022-12-08 15:24:20,14524,14524,14524,2,0
2022-12-08 15:24:25,14524,14524,14524,2,0
2022-12-08 15:24:33,14523,14523,14523,2,-2
2022-12-08 15:24:33,14523,14523,14523,2,0
2022-12-08 15:24:39,14523,14523,14523,2,0
2022-12-08 15:24:40,14522,14522,14522,2,-2
2022-12-08 15:24:43,14524,14524,14524,2,2
2022-12-08 15:24:47,14523,14523,14523,2,-2
2022-12-08 15:25:02,14524,14524,14524,2,2
2022-12-08 15:25:10,14524,14524,14524,8,0
2022-12-08 15:25:10,14523,14523,14523,2,-2
2022-12-08 15:25:20,14523,14523,14523,2,0
2022-12-08 15:25:20,14523,14523,14523,2,0
2022-12-08 15:25:21,14524,14524,14524,2,2
2022-12-08 15:25:21,14524,14524,14524,4,0
2022-12-08 15:25:23,14524,14524,14524,4,0
2022-12-08 15:25:23,14524,14524,14524,2,0
2022-12-08 15:25:25,14525,14525,14525,2,2
2022-12-08 15:25:27,14525,14525,14525,4,0
2022-12-08 15:25:34,14525,14525,14525,4,0
2022-12-08 15:25:36,14525,14525,14525,4,0
2022-12-08 15:25:39,14525,14525,14525,2,0
2022-12-08 15:25:40,14524,14524,14524,2,-2
2022-12-08 15:25:54,14524,14524,14524,2,0
2022-12-08 15:25:58,14524,14524,14524,2,0
2022-12-08 15:25:58,14524,14524,14524,2,0
2022-12-08 15:26:05,14524,14524,14524,2,0
2022-12-08 15:26:07,14524,14524,14524,2,0
2022-12-08 15:26:07,14524,14524,14524,6,0
2022-12-08 15:26:13,14524,14524,14524,2,0
2022-12-08 15:26:21,14523,14523,14523,2,-2
2022-12-08 15:26:23,14523,14523,14523,2,0
2022-12-08 15:26:23,14523,14523,14523,4,0
2022-12-08 15:26:23,14523,14523,14523,4,0
2022-12-08 15:26:23,14523,14523,14523,2,0
2022-12-08 15:26:31,14522,14522,14522,2,-2
2022-12-08 15:26:31,14522,14522,14522,2,0
2022-12-08 15:26:32,14521,14521,14521,2,-2
2022-12-08 15:26:32,14521,14521,14521,2,0
2022-12-08 15:26:33,14520,14520,14520,2,-2
2022-12-08 15:26:35,14520,14520,14520,2,0
2022-12-08 15:26:50,14520,14520,14520,2,0
2022-12-08 15:26:50,14520,14520,14520,6,0
2022-12-08 15:26:50,14520,14520,14520,2,0
2022-12-08 15:26:50,14520,14520,14520,2,0
2022-12-08 15:26:50,14519,14519,14519,2,-2
2022-12-08 15:27:08,14519,14519,14519,2,0
2022-12-08 15:27:08,14520,14520,14520,2,2
2022-12-08 15:27:08,14520,14520,14520,2,0
2022-12-08 15:27:09,14518,14518,14518,2,-2
2022-12-08 15:27:09,14519,14519,14519,2,2
2022-12-08 15:27:09,14520,14520,14520,2,2
2022-12-08 15:27:09,14520,14520,14520,2,0
2022-12-08 15:27:09,14520,14520,14520,2,0
2022-12-08 15:27:09,14520,14520,14520,2,0
2022-12-08 15:27:09,14520,14520,14520,2,0
2022-12-08 15:27:09,14520,14520,14520,2,0
2022-12-08 15:27:09,14520,14520,14520,2,0
2022-12-08 15:27:09,14520,14520,14520,2,0
2022-12-08 15:27:09,14520,14520,14520,2,0
2022-12-08 15:27:09,14520,14520,14520,2,0
2022-12-08 15:27:09,14521,14521,14521,2,2
2022-12-08 15:27:17,14519,14519,14519,2,-2
2022-12-08 15:27:24,14520,14520,14520,2,2
2022-12-08 15:27:24,14520,14520,14520,4,0
2022-12-08 15:27:24,14520,14520,14520,2,0
2022-12-08 15:27:24,14520,14520,14520,4,0
2022-12-08 15:27:24,14520,14520,14520,2,0
2022-12-08 15:27:24,14520,14520,14520,4,0
2022-12-08 15:27:24,14520,14520,14520,2,0
2022-12-08 15:27:24,14521,14521,14521,2,2
2022-12-08 15:27:24,14521,14521,14521,4,0
2022-12-08 15:27:24,14521,14521,14521,2,0
2022-12-08 15:27:24,14521,14521,14521,2,0
2022-12-08 15:27:24,14521,14521,14521,2,0
2022-12-08 15:27:24,14521,14521,14521,2,0
2022-12-08 15:27:24,14521,14521,14521,4,0
2022-12-08 15:27:24,14522,14522,14522,2,2
2022-12-08 15:27:24,14522,14522,14522,4,0
2022-12-08 15:27:24,14522,14522,14522,6,0
2022-12-08 15:27:35,14521,14521,14521,2,-2
2022-12-08 15:27:35,14521,14521,14521,2,0
2022-12-08 15:27:35,14521,14521,14521,2,0
2022-12-08 15:27:35,14521,14521,14521,2,0
2022-12-08 15:27:43,14520,14520,14520,4,-4
2022-12-08 15:27:43,14520,14520,14520,4,0
2022-12-08 15:27:43,14520,14520,14520,2,0
2022-12-08 15:27:43,14520,14520,14520,2,0
2022-12-08 15:27:43,14520,14520,14520,2,0
2022-12-08 15:27:43,14520,14520,14520,2,0
2022-12-08 15:27:43,14520,14520,14520,2,0
2022-12-08 15:27:43,14521,14521,14521,2,2
2022-12-08 15:27:43,14521,14521,14521,2,0
2022-12-08 15:27:43,14521,14521,14521,2,0
2022-12-08 15:27:50,14520,14520,14520,8,-8
2022-12-08 15:27:50,14520,14520,14520,8,0
2022-12-08 15:28:04,14520,14520,14520,2,0
2022-12-08 15:28:10,14519,14519,14519,4,-4
2022-12-08 15:28:13,14520,14520,14520,4,4
2022-12-08 15:28:14,14520,14520,14520,2,0
2022-12-08 15:28:20,14521,14521,14521,2,2
2022-12-08 15:28:22,14521,14521,14521,2,0
2022-12-08 15:28:22,14521,14521,14521,2,0
2022-12-08 15:28:22,14521,14521,14521,2,0
2022-12-08 15:28:50,14522,14522,14522,2,2
2022-12-08 15:28:52,14521,14521,14521,2,-2
2022-12-08 15:28:52,14522,14522,14522,2,2
2022-12-08 15:28:54,14522,14522,14522,2,0
2022-12-08 15:29:02,14522,14522,14522,2,0
2022-12-08 15:29:49,14522,14522,14522,2,0
2022-12-08 15:29:50,14522,14522,14522,2,0
2022-12-08 15:29:53,14522,14522,14522,2,0
2022-12-08 15:29:53,14522,14522,14522,2,0
2022-12-08 15:29:56,14522,14522,14522,2,0
2022-12-08 15:30:01,14522,14522,14522,2,0
2022-12-08 15:30:01,14523,14523,14523,2,2
2022-12-08 15:30:01,14523,14523,14523,10,0
2022-12-08 15:30:22,14523,14523,14523,2,0
2022-12-08 15:30:33,14524,14524,14524,2,2
2022-12-08 15:30:33,14524,14524,14524,10,0
2022-12-08 15:30:33,14524,14524,14524,2,0
2022-12-08 15:30:33,14524,14524,14524,2,0
2022-12-08 15:30:38,14525,14525,14525,8,8
2022-12-08 15:30:38,14525,14525,14525,2,0
2022-12-08 15:30:38,14525,14525,14525,2,0
2022-12-08 15:30:38,14525,14525,14525,6,0
2022-12-08 15:30:38,14525,14525,14525,2,0
2022-12-08 15:30:38,14526,14526,14526,4,4
2022-12-08 15:30:38,14526,14526,14526,4,0
2022-12-08 15:30:38,14526,14526,14526,4,0
2022-12-08 15:30:38,14527,14527,14527,12,12
2022-12-08 15:30:38,14527,14527,14527,6,0
2022-12-08 15:30:38,14527,14527,14527,2,0
2022-12-08 15:30:38,14527,14527,14527,6,0
2022-12-08 15:30:38,14527,14527,14527,2,0
2022-12-08 15:30:38,14527,14527,14527,2,0
2022-12-08 15:30:43,14527,14527,14527,4,0
2022-12-08 15:30:51,14527,14527,14527,4,0
2022-12-08 15:30:52,14527,14527,14527,22,0
2022-12-08 15:30:52,14527,14527,14527,2,0
2022-12-08 15:30:52,14527,14527,14527,2,0
2022-12-08 15:30:54,14527,14527,14527,2,0
2022-12-08 15:30:55,14527,14527,14527,2,0
2022-12-08 15:30:57,14527,14527,14527,8,0
2022-12-08 15:30:57,14527,14527,14527,2,0
2022-12-08 15:30:57,14526,14526,14526,2,-2
2022-12-08 15:30:57,14526,14526,14526,2,0
2022-12-08 15:30:57,14526,14526,14526,2,0
2022-12-08 15:30:59,14525,14525,14525,4,-4
2022-12-08 15:30:59,14525,14525,14525,2,0
2022-12-08 15:30:59,14525,14525,14525,2,0
2022-12-08 15:30:59,14525,14525,14525,2,0
2022-12-08 15:30:59,14525,14525,14525,4,0
2022-12-08 15:30:59,14525,14525,14525,4,0
2022-12-08 15:30:59,14525,14525,14525,2,0
2022-12-08 15:31:06,14526,14526,14526,2,2
2022-12-08 15:31:06,14525,14525,14525,2,-2
2022-12-08 15:31:07,14526,14526,14526,2,2
2022-12-08 15:31:08,14525,14525,14525,2,-2
2022-12-08 15:31:09,14525,14525,14525,2,0
2022-12-08 15:31:14,14525,14525,14525,2,0
2022-12-08 15:31:21,14526,14526,14526,2,2
2022-12-08 15:31:27,14526,14526,14526,2,0
2022-12-08 15:31:34,14526,14526,14526,2,0
2022-12-08 15:31:40,14526,14526,14526,2,0
2022-12-08 15:31:43,14527,14527,14527,6,6
2022-12-08 15:31:48,14526,14526,14526,2,-2
2022-12-08 15:31:48,14526,14526,14526,2,0
2022-12-08 15:31:55,14526,14526,14526,2,0
2022-12-08 15:32:02,14526,14526,14526,2,0
2022-12-08 15:32:02,14526,14526,14526,2,0
2022-12-08 15:32:03,14527,14527,14527,2,2
2022-12-08 15:32:08,14527,14527,14527,2,0
2022-12-08 15:32:10,14526,14526,14526,2,-2
2022-12-08 15:32:10,14527,14527,14527,2,2
2022-12-08 15:32:27,14526,14526,14526,10,-10
2022-12-08 15:32:28,14527,14527,14527,2,2
2022-12-08 15:32:31,14526,14526,14526,4,-4
2022-12-08 15:32:36,14526,14526,14526,2,0
2022-12-08 15:32:36,14526,14526,14526,2,0
2022-12-08 15:32:39,14526,14526,14526,2,0
2022-12-08 15:32:39,14526,14526,14526,2,0
2022-12-08 15:32:39,14526,14526,14526,2,0
2022-12-08 15:32:57,14527,14527,14527,4,4
2022-12-08 15:33:02,14527,14527,14527,2,0
2022-12-08 15:33:05,14527,14527,14527,2,0
2022-12-08 15:33:05,14527,14527,14527,4,0
2022-12-08 15:33:06,14528,14528,14528,20,20
2022-12-08 15:33:06,14528,14528,14528,2,0
2022-12-08 15:33:11,14529,14529,14529,2,2
2022-12-08 15:33:11,14529,14529,14529,4,0
2022-12-08 15:33:18,14529,14529,14529,2,0
2022-12-08 15:33:18,14529,14529,14529,2,0
2022-12-08 15:33:18,14529,14529,14529,12,0
2022-12-08 15:33:22,14530,14530,14530,2,2
2022-12-08 15:33:22,14530,14530,14530,10,0
2022-12-08 15:33:23,14530,14530,14530,4,0
2022-12-08 15:33:23,14530,14530,14530,6,0
2022-12-08 15:33:23,14530,14530,14530,4,0
2022-12-08 15:33:24,14530,14530,14530,4,0
2022-12-08 15:33:29,14530,14530,14530,4,0
2022-12-08 15:33:30,14530,14530,14530,2,0
2022-12-08 15:33:38,14530,14530,14530,2,0
2022-12-08 15:33:38,14531,14531,14531,2,2
2022-12-08 15:33:39,14531,14531,14531,2,0
2022-12-08 15:33:39,14531,14531,14531,8,0
2022-12-08 15:33:39,14531,14531,14531,6,0
2022-12-08 15:33:40,14531,14531,14531,2,0
2022-12-08 15:33:43,14532,14532,14532,4,4
2022-12-08 15:33:44,14532,14532,14532,2,0
2022-12-08 15:33:45,14532,14532,14532,2,0
2022-12-08 15:33:45,14532,14532,14532,4,0
2022-12-08 15:33:47,14532,14532,14532,2,0
2022-12-08 15:33:47,14532,14532,14532,4,0
2022-12-08 15:33:49,14532,14532,14532,4,0
2022-12-08 15:33:49,14532,14532,14532,2,0
2022-12-08 15:33:51,14532,14532,14532,2,0
2022-12-08 15:33:53,14532,14532,14532,2,0
2022-12-08 15:33:55,14533,14533,14533,2,2
2022-12-08 15:33:55,14533,14533,14533,18,0
2022-12-08 15:33:55,14534,14534,14534,2,2
2022-12-08 15:33:55,14534,14534,14534,6,0
2022-12-08 15:33:55,14535,14535,14535,4,4
2022-12-08 15:33:55,14535,14535,14535,2,0
2022-12-08 15:33:55,14534,14534,14534,2,-2
2022-12-08 15:33:55,14535,14535,14535,2,2
2022-12-08 15:33:55,14535,14535,14535,6,0
2022-12-08 15:33:56,14534,14534,14534,2,-2
2022-12-08 15:33:57,14534,14534,14534,8,0
2022-12-08 15:33:59,14534,14534,14534,6,0
2022-12-08 15:33:59,14535,14535,14535,2,2
2022-12-08 15:34:00,14534,14534,14534,2,-2
2022-12-08 15:34:00,14534,14534,14534,2,0
2022-12-08 15:34:02,14534,14534,14534,4,0
2022-12-08 15:34:03,14534,14534,14534,2,0
2022-12-08 15:34:03,14534,14534,14534,6,0
2022-12-08 15:34:03,14535,14535,14535,4,4
2022-12-08 15:34:03,14535,14535,14535,2,0
2022-12-08 15:34:04,14534,14534,14534,4,-4
2022-12-08 15:34:05,14534,14534,14534,4,0
2022-12-08 15:34:07,14534,14534,14534,2,0
2022-12-08 15:34:07,14534,14534,14534,2,0
2022-12-08 15:34:07,14535,14535,14535,4,4
2022-12-08 15:34:08,14535,14535,14535,2,0
2022-12-08 15:34:09,14534,14534,14534,2,-2
2022-12-08 15:34:11,14534,14534,14534,2,0
2022-12-08 15:34:11,14535,14535,14535,2,2
2022-12-08 15:34:11,14533,14533,14533,2,-2
2022-12-08 15:34:13,14534,14534,14534,2,2
2022-12-08 15:34:14,14534,14534,14534,2,0
2022-12-08 15:34:15,14534,14534,14534,4,0
2022-12-08 15:34:15,14534,14534,14534,2,0
2022-12-08 15:34:17,14533,14533,14533,2,-2
2022-12-08 15:34:17,14533,14533,14533,2,0
2022-12-08 15:34:17,14533,14533,14533,2,0
2022-12-08 15:34:17,14533,14533,14533,2,0
2022-12-08 15:34:17,14533,14533,14533,2,0
2022-12-08 15:34:17,14533,14533,14533,6,0
2022-12-08 15:34:17,14533,14533,14533,2,0
2022-12-08 15:34:17,14533,14533,14533,2,0
2022-12-08 15:34:17,14533,14533,14533,2,0
2022-12-08 15:34:17,14533,14533,14533,2,0
2022-12-08 15:34:18,14534,14534,14534,2,2
2022-12-08 15:34:20,14533,14533,14533,2,-2
2022-12-08 15:34:21,14533,14533,14533,2,0
2022-12-08 15:34:23,14533,14533,14533,4,0
2022-12-08 15:34:26,14532,14532,14532,2,-2
2022-12-08 15:34:29,14533,14533,14533,10,10
2022-12-08 15:34:29,14531,14531,14531,2,-2
2022-12-08 15:34:32,14534,14534,14534,2,2
2022-12-08 15:34:42,14533,14533,14533,2,-2
2022-12-08 15:34:44,14532,14532,14532,2,-2
2022-12-08 15:34:44,14533,14533,14533,2,2
2022-12-08 15:34:49,14532,14532,14532,2,-2
2022-12-08 15:34:49,14532,14532,14532,2,0
2022-12-08 15:34:50,14533,14533,14533,2,2
2022-12-08 15:34:50,14533,14533,14533,2,0
2022-12-08 15:34:51,14533,14533,14533,2,0
2022-12-08 15:34:57,14534,14534,14534,12,12
2022-12-08 15:34:57,14534,14534,14534,4,0
2022-12-08 15:35:05,14534,14534,14534,2,0
2022-12-08 15:35:05,14534,14534,14534,6,0
2022-12-08 15:35:07,14534,14534,14534,2,0
2022-12-08 15:35:07,14535,14535,14535,8,8
2022-12-08 15:35:07,14535,14535,14535,2,0
2022-12-08 15:35:12,14535,14535,14535,2,0
2022-12-08 15:35:13,14535,14535,14535,4,0
2022-12-08 15:35:16,14534,14534,14534,2,-2
2022-12-08 15:35:16,14534,14534,14534,2,0
2022-12-08 15:35:16,14534,14534,14534,2,0
2022-12-08 15:35:19,14533,14533,14533,2,-2
2022-12-08 15:35:19,14533,14533,14533,2,0
2022-12-08 15:35:19,14533,14533,14533,2,0
2022-12-08 15:35:19,14533,14533,14533,4,0
2022-12-08 15:35:25,14534,14534,14534,2,2
2022-12-08 15:35:25,14535,14535,14535,2,2
2022-12-08 15:35:30,14534,14534,14534,2,-2
2022-12-08 15:35:35,14534,14534,14534,2,0
2022-12-08 15:35:35,14534,14534,14534,2,0
2022-12-08 15:35:40,14534,14534,14534,2,0
2022-12-08 15:35:40,14534,14534,14534,4,0
2022-12-08 15:35:42,14534,14534,14534,2,0
2022-12-08 15:35:45,14533,14533,14533,2,-2
2022-12-08 15:35:45,14533,14533,14533,2,0
2022-12-08 15:35:45,14533,14533,14533,4,0
2022-12-08 15:35:45,14533,14533,14533,2,0
2022-12-08 15:35:45,14533,14533,14533,4,0
2022-12-08 15:35:48,14533,14533,14533,2,0
2022-12-08 15:35:51,14532,14532,14532,4,-4
2022-12-08 15:35:51,14532,14532,14532,2,0
2022-12-08 15:35:51,14533,14533,14533,2,2
2022-12-08 15:35:52,14533,14533,14533,20,0
2022-12-08 15:35:52,14533,14533,14533,12,0
2022-12-08 15:35:56,14533,14533,14533,4,0
2022-12-08 15:36:01,14534,14534,14534,4,4
2022-12-08 15:36:01,14534,14534,14534,6,0
2022-12-08 15:36:01,14534,14534,14534,2,0
2022-12-08 15:36:02,14532,14532,14532,2,-2
2022-12-08 15:36:07,14533,14533,14533,2,2
2022-12-08 15:36:07,14533,14533,14533,2,0
2022-12-08 15:36:12,14533,14533,14533,4,0
2022-12-08 15:36:20,14533,14533,14533,2,0
2022-12-08 15:36:24,14532,14532,14532,2,-2
2022-12-08 15:36:29,14532,14532,14532,2,0
2022-12-08 15:36:29,14532,14532,14532,4,0
2022-12-08 15:36:29,14532,14532,14532,2,0
2022-12-08 15:36:29,14532,14532,14532,2,0
2022-12-08 15:36:29,14532,14532,14532,2,0
2022-12-08 15:36:29,14532,14532,14532,2,0
2022-12-08 15:36:29,14532,14532,14532,2,0
2022-12-08 15:36:37,14531,14531,14531,2,-2
2022-12-08 15:36:46,14532,14532,14532,4,4
2022-12-08 15:37:00,14532,14532,14532,2,0
2022-12-08 15:37:02,14531,14531,14531,2,-2
2022-12-08 15:37:08,14531,14531,14531,2,0
2022-12-08 15:37:14,14531,14531,14531,2,0
2022-12-08 15:37:16,14531,14531,14531,2,0
2022-12-08 15:37:18,14532,14532,14532,2,2
2022-12-08 15:37:18,14531,14531,14531,2,-2
2022-12-08 15:37:20,14532,14532,14532,2,2
2022-12-08 15:37:26,14532,14532,14532,2,0
2022-12-08 15:37:27,14532,14532,14532,10,0
2022-12-08 15:37:28,14532,14532,14532,2,0
2022-12-08 15:37:35,14533,14533,14533,2,2
2022-12-08 15:37:35,14533,14533,14533,4,0
2022-12-08 15:37:40,14533,14533,14533,2,0
2022-12-08 15:37:40,14533,14533,14533,4,0
2022-12-08 15:37:48,14533,14533,14533,2,0
2022-12-08 15:37:49,14534,14534,14534,4,4
2022-12-08 15:37:58,14534,14534,14534,2,0
2022-12-08 15:38:00,14533,14533,14533,2,-2
2022-12-08 15:38:00,14533,14533,14533,2,0
2022-12-08 15:38:00,14533,14533,14533,8,0
2022-12-08 15:38:00,14534,14534,14534,2,2
2022-12-08 15:38:04,14534,14534,14534,2,0
2022-12-08 15:38:05,14534,14534,14534,6,0
2022-12-08 15:38:08,14535,14535,14535,2,2
2022-12-08 15:38:09,14535,14535,14535,2,0
2022-12-08 15:38:14,14534,14534,14534,2,-2
2022-12-08 15:38:16,14535,14535,14535,2,2
2022-12-08 15:38:18,14535,14535,14535,2,0
2022-12-08 15:38:18,14535,14535,14535,2,0
2022-12-08 15:38:18,14535,14535,14535,2,0
2022-12-08 15:38:19,14535,14535,14535,4,0
2022-12-08 15:38:19,14535,14535,14535,2,0
2022-12-08 15:38:19,14535,14535,14535,2,0
2022-12-08 15:38:26,14535,14535,14535,2,0
2022-12-08 15:38:26,14534,14534,14534,2,-2
2022-12-08 15:38:26,14534,14534,14534,2,0
2022-12-08 15:38:26,14534,14534,14534,2,0
2022-12-08 15:38:26,14534,14534,14534,2,0
2022-12-08 15:38:26,14534,14534,14534,2,0
2022-12-08 15:38:26,14534,14534,14534,10,0
2022-12-08 15:38:27,14535,14535,14535,8,8
2022-12-08 15:38:40,14535,14535,14535,4,0
2022-12-08 15:38:45,14535,14535,14535,8,0
2022-12-08 15:38:47,14535,14535,14535,2,0
2022-12-08 15:38:55,14536,14536,14536,30,30
2022-12-08 15:38:55,14537,14537,14537,8,8
2022-12-08 15:38:56,14537,14537,14537,2,0
2022-12-08 15:38:57,14536,14536,14536,2,-2
2022-12-08 15:38:57,14536,14536,14536,2,0
2022-12-08 15:38:57,14536,14536,14536,2,0
2022-12-08 15:38:57,14536,14536,14536,2,0
2022-12-08 15:38:57,14536,14536,14536,4,0
2022-12-08 15:38:57,14536,14536,14536,2,0
2022-12-08 15:38:57,14537,14537,14537,2,2
2022-12-08 15:38:57,14537,14537,14537,6,0
2022-12-08 15:38:57,14537,14537,14537,2,0
2022-12-08 15:38:57,14537,14537,14537,2,0
2022-12-08 15:38:57,14537,14537,14537,2,0
2022-12-08 15:38:57,14537,14537,14537,4,0
2022-12-08 15:38:57,14537,14537,14537,2,0
2022-12-08 15:38:57,14537,14537,14537,2,0
2022-12-08 15:38:57,14537,14537,14537,2,0
2022-12-08 15:38:57,14537,14537,14537,2,0
2022-12-08 15:38:57,14537,14537,14537,2,0
2022-12-08 15:38:57,14537,14537,14537,2,0
2022-12-08 15:38:57,14538,14538,14538,40,40
2022-12-08 15:38:57,14537,14537,14537,2,-2
2022-12-08 15:38:58,14537,14537,14537,2,0
2022-12-08 15:39:02,14537,14537,14537,2,0
2022-12-08 15:39:03,14537,14537,14537,2,0
2022-12-08 15:39:03,14537,14537,14537,2,0
2022-12-08 15:39:05,14537,14537,14537,4,0
2022-12-08 15:39:05,14537,14537,14537,2,0
2022-12-08 15:39:05,14537,14537,14537,2,0
2022-12-08 15:39:05,14537,14537,14537,2,0
2022-12-08 15:39:12,14537,14537,14537,2,0
2022-12-08 15:39:18,14538,14538,14538,2,2
2022-12-08 15:39:19,14537,14537,14537,2,-2
2022-12-08 15:39:23,14539,14539,14539,2,2
2022-12-08 15:39:23,14539,14539,14539,2,0
2022-12-08 15:39:24,14539,14539,14539,2,0
2022-12-08 15:39:24,14539,14539,14539,10,0
2022-12-08 15:39:25,14538,14538,14538,2,-2
2022-12-08 15:39:28,14537,14537,14537,4,-4
2022-12-08 15:39:29,14539,14539,14539,2,2
2022-12-08 15:39:42,14538,14538,14538,2,-2
2022-12-08 15:39:47,14537,14537,14537,2,-2
2022-12-08 15:39:48,14538,14538,14538,4,4
2022-12-08 15:39:48,14538,14538,14538,4,0
2022-12-08 15:39:52,14537,14537,14537,4,-4
2022-12-08 15:39:52,14537,14537,14537,2,0
2022-12-08 15:39:52,14537,14537,14537,2,0
2022-12-08 15:39:52,14537,14537,14537,2,0
2022-12-08 15:39:53,14538,14538,14538,16,16
2022-12-08 15:39:53,14538,14538,14538,4,0
2022-12-08 15:39:55,14537,14537,14537,2,-2
2022-12-08 15:39:56,14538,14538,14538,2,2
2022-12-08 15:40:03,14538,14538,14538,8,0
2022-12-08 15:40:03,14538,14538,14538,2,0
2022-12-08 15:40:03,14538,14538,14538,4,0
2022-12-08 15:40:03,14538,14538,14538,2,0
2022-12-08 15:40:04,14537,14537,14537,2,-2
2022-12-08 15:40:04,14537,14537,14537,2,0
2022-12-08 15:40:04,14537,14537,14537,2,0
2022-12-08 15:40:04,14537,14537,14537,34,0
2022-12-08 15:40:04,14537,14537,14537,2,0
2022-12-08 15:40:04,14537,14537,14537,2,0
2022-12-08 15:40:04,14537,14537,14537,2,0
2022-12-08 15:40:04,14537,14537,14537,2,0
2022-12-08 15:40:04,14537,14537,14537,2,0
2022-12-08 15:40:04,14537,14537,14537,2,0
2022-12-08 15:40:04,14537,14537,14537,22,0
2022-12-08 15:40:04,14537,14537,14537,2,0
2022-12-08 15:40:04,14537,14537,14537,10,0
2022-12-08 15:40:05,14537,14537,14537,2,0
2022-12-08 15:40:15,14538,14538,14538,4,4
2022-12-08 15:40:20,14537,14537,14537,2,-2
2022-12-08 15:40:20,14537,14537,14537,6,0
2022-12-08 15:40:20,14537,14537,14537,2,0
2022-12-08 15:40:20,14537,14537,14537,2,0
2022-12-08 15:40:20,14537,14537,14537,4,0
2022-12-08 15:40:20,14537,14537,14537,4,0
2022-12-08 15:40:23,14537,14537,14537,2,0
2022-12-08 15:40:23,14537,14537,14537,2,0
2022-12-08 15:40:24,14538,14538,14538,2,2
2022-12-08 15:40:37,14537,14537,14537,2,-2
2022-12-08 15:40:39,14538,14538,14538,2,2
2022-12-08 15:40:41,14537,14537,14537,2,-2
2022-12-08 15:40:45,14538,14538,14538,6,6
2022-12-08 15:40:47,14538,14538,14538,12,0
2022-12-08 15:40:48,14539,14539,14539,2,2
2022-12-08 15:40:48,14537,14537,14537,2,-2
2022-12-08 15:40:48,14537,14537,14537,2,0
2022-12-08 15:40:53,14537,14537,14537,2,0
2022-12-08 15:40:55,14537,14537,14537,2,0
2022-12-08 15:40:55,14536,14536,14536,2,-2
2022-12-08 15:40:55,14536,14536,14536,2,0
2022-12-08 15:40:57,14536,14536,14536,2,0
2022-12-08 15:40:57,14536,14536,14536,4,0
2022-12-08 15:40:57,14536,14536,14536,4,0
2022-12-08 15:40:57,14536,14536,14536,4,0
2022-12-08 15:40:57,14536,14536,14536,4,0
2022-12-08 15:40:57,14536,14536,14536,2,0
2022-12-08 15:41:01,14536,14536,14536,2,0
2022-12-08 15:41:01,14536,14536,14536,2,0
2022-12-08 15:41:01,14536,14536,14536,2,0
2022-12-08 15:41:01,14536,14536,14536,2,0
2022-12-08 15:41:04,14535,14535,14535,2,-2
2022-12-08 15:41:04,14535,14535,14535,4,0
2022-12-08 15:41:04,14535,14535,14535,2,0
2022-12-08 15:41:04,14535,14535,14535,2,0
2022-12-08 15:41:04,14535,14535,14535,2,0
2022-12-08 15:41:04,14535,14535,14535,2,0
2022-12-08 15:41:06,14535,14535,14535,2,0
2022-12-08 15:41:06,14535,14535,14535,4,0
2022-12-08 15:41:06,14535,14535,14535,4,0
2022-12-08 15:41:06,14535,14535,14535,4,0
2022-12-08 15:41:06,14535,14535,14535,4,0
2022-12-08 15:41:06,14535,14535,14535,2,0
2022-12-08 15:41:06,14535,14535,14535,4,0
2022-12-08 15:41:06,14535,14535,14535,2,0
2022-12-08 15:41:06,14534,14534,14534,2,-2
2022-12-08 15:41:06,14533,14533,14533,2,-2
2022-12-08 15:41:06,14533,14533,14533,2,0
2022-12-08 15:41:06,14533,14533,14533,4,0
2022-12-08 15:41:06,14533,14533,14533,4,0
2022-12-08 15:41:06,14533,14533,14533,8,0
2022-12-08 15:41:06,14533,14533,14533,2,0
2022-12-08 15:41:07,14532,14532,14532,2,-2
2022-12-08 15:41:12,14532,14532,14532,2,0
2022-12-08 15:41:12,14532,14532,14532,2,0
2022-12-08 15:41:12,14532,14532,14532,2,0
2022-12-08 15:41:12,14532,14532,14532,2,0
2022-12-08 15:41:13,14533,14533,14533,4,4
2022-12-08 15:41:14,14532,14532,14532,2,-2
2022-12-08 15:41:14,14532,14532,14532,2,0
2022-12-08 15:41:17,14532,14532,14532,2,0
2022-12-08 15:41:22,14532,14532,14532,2,0
2022-12-08 15:41:25,14533,14533,14533,2,2
2022-12-08 15:41:26,14534,14534,14534,4,4
2022-12-08 15:41:28,14532,14532,14532,2,-2
2022-12-08 15:41:29,14532,14532,14532,2,0
2022-12-08 15:41:35,14533,14533,14533,2,2
2022-12-08 15:41:37,14533,14533,14533,2,0
2022-12-08 15:41:37,14534,14534,14534,22,22
2022-12-08 15:41:59,14534,14534,14534,2,0
2022-12-08 15:41:59,14534,14534,14534,4,0
2022-12-08 15:42:01,14535,14535,14535,2,2
2022-12-08 15:42:02,14535,14535,14535,2,0
2022-12-08 15:42:02,14535,14535,14535,2,0
2022-12-08 15:42:12,14535,14535,14535,2,0
2022-12-08 15:42:13,14534,14534,14534,2,-2
2022-12-08 15:42:13,14534,14534,14534,2,0
2022-12-08 15:42:13,14536,14536,14536,4,4
2022-12-08 15:42:13,14534,14534,14534,2,-2
2022-12-08 15:42:27,14534,14534,14534,2,0
2022-12-08 15:42:27,14534,14534,14534,2,0
2022-12-08 15:42:33,14534,14534,14534,2,0
2022-12-08 15:42:35,14534,14534,14534,2,0
2022-12-08 15:42:41,14533,14533,14533,2,-2
2022-12-08 15:42:49,14533,14533,14533,2,0
2022-12-08 15:42:49,14533,14533,14533,2,0
2022-12-08 15:42:53,14534,14534,14534,4,4
2022-12-08 15:42:53,14534,14534,14534,4,0
2022-12-08 15:42:53,14535,14535,14535,2,2
2022-12-08 15:43:04,14535,14535,14535,2,0
2022-12-08 15:43:04,14535,14535,14535,2,0
2022-12-08 15:43:15,14535,14535,14535,2,0
2022-12-08 15:43:19,14536,14536,14536,2,2
2022-12-08 15:43:29,14536,14536,14536,10,0
2022-12-08 15:43:34,14537,14537,14537,10,10
2022-12-08 15:43:34,14537,14537,14537,8,0
2022-12-08 15:43:34,14537,14537,14537,2,0
2022-12-08 15:43:37,14537,14537,14537,2,0
2022-12-08 15:43:37,14536,14536,14536,2,-2
2022-12-08 15:43:37,14536,14536,14536,2,0
2022-12-08 15:43:38,14536,14536,14536,2,0
2022-12-08 15:43:40,14536,14536,14536,2,0
2022-12-08 15:43:45,14536,14536,14536,2,0
2022-12-08 15:43:47,14536,14536,14536,2,0
2022-12-08 15:43:48,14537,14537,14537,2,2
2022-12-08 15:43:48,14536,14536,14536,2,-2
2022-12-08 15:43:50,14536,14536,14536,2,0
2022-12-08 15:43:52,14536,14536,14536,2,0
2022-12-08 15:43:53,14536,14536,14536,2,0
2022-12-08 15:43:53,14536,14536,14536,2,0
2022-12-08 15:43:54,14536,14536,14536,2,0
2022-12-08 15:43:55,14536,14536,14536,2,0
2022-12-08 15:43:57,14537,14537,14537,10,10
2022-12-08 15:43:58,14537,14537,14537,10,0
2022-12-08 15:43:58,14538,14538,14538,2,2
2022-12-08 15:43:58,14538,14538,14538,2,0
2022-12-08 15:44:00,14536,14536,14536,2,-2
2022-12-08 15:44:00,14536,14536,14536,2,0
2022-12-08 15:44:00,14536,14536,14536,2,0
2022-12-08 15:44:00,14536,14536,14536,2,0
2022-12-08 15:44:02,14537,14537,14537,2,2
2022-12-08 15:44:09,14536,14536,14536,2,-2
2022-12-08 15:44:10,14536,14536,14536,2,0
2022-12-08 15:44:10,14536,14536,14536,2,0
2022-12-08 15:44:11,14535,14535,14535,2,-2
2022-12-08 15:44:25,14535,14535,14535,2,0
2022-12-08 15:44:25,14535,14535,14535,2,0
2022-12-08 15:44:25,14535,14535,14535,2,0
2022-12-08 15:44:25,14535,14535,14535,2,0
2022-12-08 15:44:36,14535,14535,14535,2,0
2022-12-08 15:44:37,14535,14535,14535,2,0
2022-12-08 15:44:41,14535,14535,14535,2,0
2022-12-08 15:44:43,14536,14536,14536,2,2
2022-12-08 15:44:43,14536,14536,14536,2,0
2022-12-08 15:44:43,14536,14536,14536,4,0
2022-12-08 15:44:46,14537,14537,14537,4,4
2022-12-08 15:44:58,14535,14535,14535,2,-2
2022-12-08 15:44:58,14535,14535,14535,2,0
2022-12-08 15:45:04,14536,14536,14536,2,2
2022-12-08 15:45:05,14536,14536,14536,2,0
2022-12-08 15:45:05,14535,14535,14535,2,-2
2022-12-08 15:45:06,14535,14535,14535,2,0
2022-12-08 15:45:15,14536,14536,14536,6,6
2022-12-08 15:45:28,14536,14536,14536,2,0
2022-12-08 15:45:30,14535,14535,14535,2,-2
2022-12-08 15:45:38,14535,14535,14535,2,0
2022-12-08 15:45:42,14535,14535,14535,4,0
2022-12-08 15:45:42,14535,14535,14535,2,0
2022-12-08 15:45:42,14535,14535,14535,2,0
2022-12-08 15:45:44,14534,14534,14534,2,-2
2022-12-08 15:45:53,14533,14533,14533,2,-2
2022-12-08 15:45:58,14532,14532,14532,2,-2
2022-12-08 15:46:01,14533,14533,14533,2,2
2022-12-08 15:46:02,14533,14533,14533,2,0
2022-12-08 15:46:07,14534,14534,14534,4,4
2022-12-08 15:46:07,14534,14534,14534,10,0
2022-12-08 15:46:09,14534,14534,14534,2,0
2022-12-08 15:46:09,14534,14534,14534,2,0
2022-12-08 15:46:09,14533,14533,14533,2,-2
2022-12-08 15:46:25,14534,14534,14534,2,2
2022-12-08 15:46:25,14534,14534,14534,2,0
2022-12-08 15:46:26,14535,14535,14535,2,2
2022-12-08 15:46:51,14535,14535,14535,2,0
2022-12-08 15:47:03,14534,14534,14534,2,-2
2022-12-08 15:47:07,14534,14534,14534,2,0
2022-12-08 15:47:44,14534,14534,14534,2,0
2022-12-08 15:47:56,14534,14534,14534,2,0
2022-12-08 15:48:12,14535,14535,14535,8,8
2022-12-08 15:48:12,14536,14536,14536,22,22
2022-12-08 15:48:13,14537,14537,14537,2,2
2022-12-08 15:48:13,14537,14537,14537,4,0
2022-12-08 15:48:13,14538,14538,14538,2,2
2022-12-08 15:48:13,14538,14538,14538,2,0
2022-12-08 15:48:13,14538,14538,14538,2,0
2022-12-08 15:48:19,14538,14538,14538,30,0
2022-12-08 15:48:26,14538,14538,14538,4,0
2022-12-08 15:48:26,14538,14538,14538,2,0
2022-12-08 15:48:26,14538,14538,14538,4,0
2022-12-08 15:48:26,14538,14538,14538,2,0
2022-12-08 15:48:26,14539,14539,14539,2,2
2022-12-08 15:48:26,14539,14539,14539,2,0
2022-12-08 15:48:26,14539,14539,14539,2,0
2022-12-08 15:48:38,14537,14537,14537,2,-2
2022-12-08 15:48:38,14537,14537,14537,2,0
2022-12-08 15:48:38,14537,14537,14537,2,0
2022-12-08 15:48:39,14537,14537,14537,4,0
2022-12-08 15:48:39,14538,14538,14538,2,2
2022-12-08 15:48:41,14537,14537,14537,2,-2
2022-12-08 15:48:41,14537,14537,14537,2,0
2022-12-08 15:48:42,14537,14537,14537,2,0
2022-12-08 15:48:42,14537,14537,14537,2,0
2022-12-08 15:48:42,14537,14537,14537,2,0
2022-12-08 15:48:42,14537,14537,14537,2,0
2022-12-08 15:48:42,14537,14537,14537,2,0
2022-12-08 15:48:42,14537,14537,14537,2,0
2022-12-08 15:48:42,14537,14537,14537,2,0
2022-12-08 15:48:50,14537,14537,14537,2,0
2022-12-08 15:48:54,14538,14538,14538,2,2
2022-12-08 15:49:02,14537,14537,14537,2,-2
2022-12-08 15:49:02,14537,14537,14537,2,0
2022-12-08 15:49:02,14537,14537,14537,2,0
2022-12-08 15:49:03,14537,14537,14537,2,0
2022-12-08 15:49:03,14537,14537,14537,2,0
2022-12-08 15:49:05,14536,14536,14536,2,-2
2022-12-08 15:49:05,14536,14536,14536,10,0
2022-12-08 15:49:11,14536,14536,14536,8,0
2022-12-08 15:49:11,14536,14536,14536,2,0
2022-12-08 15:49:11,14536,14536,14536,6,0
2022-12-08 15:49:11,14536,14536,14536,2,0
2022-12-08 15:49:11,14536,14536,14536,2,0
2022-12-08 15:49:12,14536,14536,14536,2,0
2022-12-08 15:49:26,14536,14536,14536,2,0
2022-12-08 15:49:27,14537,14537,14537,16,16
2022-12-08 15:49:29,14536,14536,14536,2,-2
2022-12-08 15:49:31,14537,14537,14537,2,2
2022-12-08 15:49:31,14537,14537,14537,2,0
2022-12-08 15:49:37,14537,14537,14537,2,0
2022-12-08 15:49:47,14537,14537,14537,12,0
2022-12-08 15:49:48,14538,14538,14538,6,6
2022-12-08 15:49:50,14538,14538,14538,8,0
2022-12-08 15:49:51,14539,14539,14539,20,20
2022-12-08 15:49:52,14538,14538,14538,2,-2
2022-12-08 15:49:52,14538,14538,14538,2,0
2022-12-08 15:49:59,14538,14538,14538,2,0
2022-12-08 15:49:59,14538,14538,14538,4,0
2022-12-08 15:49:59,14538,14538,14538,2,0
2022-12-08 15:50:04,14538,14538,14538,4,0
2022-12-08 15:50:04,14539,14539,14539,2,2
2022-12-08 15:50:04,14539,14539,14539,2,0
2022-12-08 15:50:04,14539,14539,14539,2,0
2022-12-08 15:50:04,14539,14539,14539,2,0
2022-12-08 15:50:05,14539,14539,14539,2,0
2022-12-08 15:50:05,14539,14539,14539,2,0
2022-12-08 15:50:05,14539,14539,14539,2,0
2022-12-08 15:50:05,14539,14539,14539,2,0
2022-12-08 15:50:06,14539,14539,14539,2,0
2022-12-08 15:50:06,14539,14539,14539,4,0
2022-12-08 15:50:10,14539,14539,14539,4,0
2022-12-08 15:50:11,14539,14539,14539,20,0
2022-12-08 15:50:12,14539,14539,14539,2,0
2022-12-08 15:50:14,14540,14540,14540,2,2
2022-12-08 15:50:14,14540,14540,14540,2,0
2022-12-08 15:50:14,14540,14540,14540,10,0
2022-12-08 15:50:14,14540,14540,14540,6,0
2022-12-08 15:50:19,14540,14540,14540,60,0
2022-12-08 15:50:19,14540,14540,14540,8,0
2022-12-08 15:50:19,14540,14540,14540,46,0
2022-12-08 15:50:19,14540,14540,14540,10,0
2022-12-08 15:50:19,14541,14541,14541,2,2
2022-12-08 15:50:19,14541,14541,14541,2,0
2022-12-08 15:50:19,14541,14541,14541,2,0
2022-12-08 15:50:19,14541,14541,14541,8,0
2022-12-08 15:50:19,14541,14541,14541,8,0
2022-12-08 15:50:19,14542,14542,14542,8,8
2022-12-08 15:50:19,14542,14542,14542,6,0
2022-12-08 15:50:19,14542,14542,14542,2,0
2022-12-08 15:50:19,14542,14542,14542,2,0
2022-12-08 15:50:19,14541,14541,14541,2,-2
2022-12-08 15:50:19,14541,14541,14541,2,0
2022-12-08 15:50:19,14542,14542,14542,10,10
2022-12-08 15:50:20,14543,14543,14543,2,2
2022-12-08 15:50:20,14541,14541,14541,2,-2
2022-12-08 15:50:20,14541,14541,14541,2,0
2022-12-08 15:50:20,14542,14542,14542,2,2
2022-12-08 15:50:21,14540,14540,14540,2,-2
2022-12-08 15:50:22,14539,14539,14539,2,-2
2022-12-08 15:50:22,14539,14539,14539,2,0
2022-12-08 15:50:23,14540,14540,14540,2,2
2022-12-08 15:50:23,14540,14540,14540,6,0
2022-12-08 15:50:23,14540,14540,14540,12,0
2022-12-08 15:50:23,14541,14541,14541,4,4
2022-12-08 15:50:23,14541,14541,14541,2,0
2022-12-08 15:50:25,14540,14540,14540,2,-2
2022-12-08 15:50:28,14541,14541,14541,18,18
2022-12-08 15:50:30,14542,14542,14542,10,10
2022-12-08 15:50:37,14542,14542,14542,10,0
2022-12-08 15:50:39,14542,14542,14542,2,0
2022-12-08 15:50:42,14542,14542,14542,8,0
2022-12-08 15:50:43,14542,14542,14542,2,0
2022-12-08 15:50:44,14542,14542,14542,2,0
2022-12-08 15:50:45,14542,14542,14542,4,0
2022-12-08 15:50:45,14542,14542,14542,2,0
2022-12-08 15:50:45,14542,14542,14542,2,0
2022-12-08 15:50:45,14542,14542,14542,2,0
2022-12-08 15:50:45,14542,14542,14542,2,0
2022-12-08 15:50:52,14542,14542,14542,2,0
2022-12-08 15:50:53,14542,14542,14542,2,0
2022-12-08 15:50:59,14541,14541,14541,2,-2
2022-12-08 15:51:05,14541,14541,14541,2,0
2022-12-08 15:51:07,14541,14541,14541,2,0
2022-12-08 15:51:18,14541,14541,14541,2,0
2022-12-08 15:51:19,14542,14542,14542,14,14
2022-12-08 15:51:19,14543,14543,14543,2,2
2022-12-08 15:51:20,14542,14542,14542,2,-2
2022-12-08 15:51:22,14543,14543,14543,2,2
2022-12-08 15:51:22,14543,14543,14543,2,0
2022-12-08 15:51:23,14543,14543,14543,2,0
2022-12-08 15:51:23,14543,14543,14543,2,0
2022-12-08 15:51:23,14542,14542,14542,2,-2
2022-12-08 15:51:23,14543,14543,14543,2,2
2022-12-08 15:51:25,14542,14542,14542,2,-2
2022-12-08 15:51:27,14543,14543,14543,2,2
2022-12-08 15:51:28,14542,14542,14542,2,-2
2022-12-08 15:51:29,14542,14542,14542,2,0
2022-12-08 15:51:34,14542,14542,14542,2,0
2022-12-08 15:51:34,14541,14541,14541,2,-2
2022-12-08 15:51:34,14541,14541,14541,2,0
2022-12-08 15:51:34,14541,14541,14541,2,0
2022-12-08 15:51:34,14541,14541,14541,2,0
2022-12-08 15:51:34,14541,14541,14541,2,0
2022-12-08 15:51:34,14541,14541,14541,2,0
2022-12-08 15:51:34,14541,14541,14541,2,0
2022-12-08 15:51:34,14541,14541,14541,2,0
2022-12-08 15:51:34,14541,14541,14541,2,0
2022-12-08 15:51:34,14541,14541,14541,2,0
2022-12-08 15:51:34,14541,14541,14541,2,0
2022-12-08 15:51:34,14541,14541,14541,2,0
2022-12-08 15:51:34,14541,14541,14541,2,0
2022-12-08 15:51:34,14541,14541,14541,2,0
2022-12-08 15:51:34,14541,14541,14541,2,0
2022-12-08 15:51:34,14541,14541,14541,2,0
2022-12-08 15:51:34,14541,14541,14541,2,0
2022-12-08 15:51:34,14541,14541,14541,2,0
2022-12-08 15:51:34,14541,14541,14541,2,0
2022-12-08 15:51:34,14541,14541,14541,2,0
2022-12-08 15:51:34,14541,14541,14541,2,0
2022-12-08 15:51:34,14541,14541,14541,2,0
2022-12-08 15:51:34,14541,14541,14541,2,0
2022-12-08 15:51:34,14541,14541,14541,4,0
2022-12-08 15:51:34,14541,14541,14541,2,0
2022-12-08 15:51:34,14541,14541,14541,2,0
2022-12-08 15:51:35,14540,14540,14540,2,-2
2022-12-08 15:51:35,14540,14540,14540,2,0
2022-12-08 15:51:35,14540,14540,14540,2,0
2022-12-08 15:51:36,14540,14540,14540,2,0
2022-12-08 15:51:37,14540,14540,14540,2,0
2022-12-08 15:51:37,14540,14540,14540,2,0
2022-12-08 15:51:37,14541,14541,14541,4,4
2022-12-08 15:51:40,14540,14540,14540,2,-2
2022-12-08 15:51:44,14539,14539,14539,2,-2
2022-12-08 15:51:47,14539,14539,14539,2,0
2022-12-08 15:51:53,14540,14540,14540,10,10
2022-12-08 15:51:53,14540,14540,14540,4,0
2022-12-08 15:51:54,14540,14540,14540,2,0
2022-12-08 15:51:57,14541,14541,14541,6,6
2022-12-08 15:52:00,14542,14542,14542,2,2
2022-12-08 15:52:00,14543,14543,14543,10,10
2022-12-08 15:52:00,14542,14542,14542,2,-2
2022-12-08 15:52:02,14541,14541,14541,2,-2
2022-12-08 15:52:05,14542,14542,14542,2,2
2022-12-08 15:52:05,14542,14542,14542,2,0
2022-12-08 15:52:14,14541,14541,14541,2,-2
2022-12-08 15:52:19,14542,14542,14542,2,2
2022-12-08 15:52:22,14542,14542,14542,2,0
2022-12-08 15:52:27,14542,14542,14542,2,0
2022-12-08 15:52:27,14542,14542,14542,4,0
2022-12-08 15:52:27,14541,14541,14541,2,-2
2022-12-08 15:52:27,14541,14541,14541,2,0
2022-12-08 15:52:27,14540,14540,14540,2,-2
2022-12-08 15:52:27,14540,14540,14540,4,0
2022-12-08 15:52:27,14540,14540,14540,4,0
2022-12-08 15:52:27,14540,14540,14540,2,0
2022-12-08 15:52:27,14540,14540,14540,2,0
2022-12-08 15:52:27,14540,14540,14540,2,0
2022-12-08 15:52:27,14540,14540,14540,2,0
2022-12-08 15:52:27,14540,14540,14540,2,0
2022-12-08 15:52:27,14540,14540,14540,2,0
2022-12-08 15:52:27,14540,14540,14540,2,0
2022-12-08 15:52:27,14540,14540,14540,2,0
2022-12-08 15:52:31,14541,14541,14541,2,2
2022-12-08 15:52:42,14540,14540,14540,2,-2
2022-12-08 15:52:42,14540,14540,14540,2,0
2022-12-08 15:52:44,14540,14540,14540,2,0
2022-12-08 15:52:46,14540,14540,14540,8,0
2022-12-08 15:52:47,14541,14541,14541,4,4
2022-12-08 15:52:49,14540,14540,14540,2,-2
2022-12-08 15:52:51,14540,14540,14540,2,0
2022-12-08 15:52:56,14540,14540,14540,2,0
2022-12-08 15:52:56,14540,14540,14540,2,0
2022-12-08 15:52:56,14540,14540,14540,2,0
2022-12-08 15:52:59,14541,14541,14541,10,10
2022-12-08 15:52:59,14540,14540,14540,2,-2
2022-12-08 15:53:00,14540,14540,14540,2,0
2022-12-08 15:53:02,14541,14541,14541,8,8
2022-12-08 15:53:02,14541,14541,14541,2,0
2022-12-08 15:53:02,14542,14542,14542,10,10
2022-12-08 15:53:06,14543,14543,14543,4,4
2022-12-08 15:53:07,14542,14542,14542,2,-2
2022-12-08 15:53:07,14542,14542,14542,2,0
2022-12-08 15:53:10,14543,14543,14543,18,18
2022-12-08 15:53:10,14543,14543,14543,6,0
2022-12-08 15:53:12,14544,14544,14544,2,2
2022-12-08 15:53:17,14544,14544,14544,4,0
2022-12-08 15:53:17,14543,14543,14543,2,-2
2022-12-08 15:53:24,14543,14543,14543,2,0
2022-12-08 15:53:27,14542,14542,14542,2,-2
2022-12-08 15:53:34,14542,14542,14542,2,0
2022-12-08 15:53:34,14542,14542,14542,10,0
2022-12-08 15:53:46,14542,14542,14542,2,0
2022-12-08 15:53:50,14542,14542,14542,2,0
2022-12-08 15:53:52,14542,14542,14542,2,0
2022-12-08 15:53:58,14543,14543,14543,2,2
2022-12-08 15:54:01,14543,14543,14543,4,0
2022-12-08 15:54:01,14543,14543,14543,2,0
2022-12-08 15:54:04,14542,14542,14542,4,-4
2022-12-08 15:54:07,14542,14542,14542,2,0
2022-12-08 15:54:07,14543,14543,14543,8,8
2022-12-08 15:54:07,14541,14541,14541,2,-2
2022-12-08 15:54:07,14541,14541,14541,2,0
2022-12-08 15:54:08,14543,14543,14543,2,2
2022-12-08 15:54:14,14543,14543,14543,2,0
2022-12-08 15:54:15,14543,14543,14543,4,0
2022-12-08 15:54:15,14543,14543,14543,26,0
2022-12-08 15:54:17,14544,14544,14544,4,4
2022-12-08 15:54:17,14544,14544,14544,8,0
2022-12-08 15:54:18,14543,14543,14543,2,-2
2022-12-08 15:54:23,14542,14542,14542,2,-2
2022-12-08 15:54:23,14542,14542,14542,2,0
2022-12-08 15:54:23,14543,14543,14543,2,2
2022-12-08 15:54:23,14543,14543,14543,2,0
2022-12-08 15:54:33,14541,14541,14541,2,-2
2022-12-08 15:54:34,14541,14541,14541,2,0
2022-12-08 15:54:34,14541,14541,14541,2,0
2022-12-08 15:54:34,14541,14541,14541,2,0
2022-12-08 15:54:34,14541,14541,14541,2,0
2022-12-08 15:54:39,14540,14540,14540,2,-2
2022-12-08 15:54:39,14540,14540,14540,2,0
2022-12-08 15:54:39,14540,14540,14540,2,0
2022-12-08 15:54:39,14539,14539,14539,2,-2
2022-12-08 15:54:39,14539,14539,14539,2,0
2022-12-08 15:54:41,14539,14539,14539,2,0
2022-12-08 15:54:41,14539,14539,14539,4,0
2022-12-08 15:54:48,14538,14538,14538,2,-2
2022-12-08 15:54:55,14539,14539,14539,2,2
2022-12-08 15:54:55,14539,14539,14539,2,0
2022-12-08 15:54:56,14540,14540,14540,2,2
2022-12-08 15:54:56,14540,14540,14540,2,0
2022-12-08 15:54:56,14539,14539,14539,2,-2
2022-12-08 15:54:56,14539,14539,14539,4,0
2022-12-08 15:54:56,14539,14539,14539,2,0
2022-12-08 15:54:56,14539,14539,14539,2,0
2022-12-08 15:54:56,14539,14539,14539,2,0
2022-12-08 15:54:56,14539,14539,14539,4,0
2022-12-08 15:54:57,14539,14539,14539,2,0
2022-12-08 15:55:03,14538,14538,14538,2,-2
2022-12-08 15:55:03,14538,14538,14538,4,0
2022-12-08 15:55:03,14538,14538,14538,2,0
2022-12-08 15:55:03,14538,14538,14538,2,0
2022-12-08 15:55:03,14538,14538,14538,2,0
2022-12-08 15:55:03,14538,14538,14538,4,0
2022-12-08 15:55:03,14538,14538,14538,2,0
2022-12-08 15:55:04,14538,14538,14538,2,0
2022-12-08 15:55:04,14539,14539,14539,2,2
2022-12-08 15:55:04,14539,14539,14539,4,0
2022-12-08 15:55:04,14539,14539,14539,4,0
2022-12-08 15:55:04,14539,14539,14539,4,0
2022-12-08 15:55:05,14537,14537,14537,2,-2
2022-12-08 15:55:05,14537,14537,14537,2,0
2022-12-08 15:55:07,14537,14537,14537,2,0
2022-12-08 15:55:13,14537,14537,14537,2,0
2022-12-08 15:55:13,14537,14537,14537,2,0
2022-12-08 15:55:16,14536,14536,14536,2,-2
2022-12-08 15:55:17,14536,14536,14536,2,0
2022-12-08 15:55:22,14536,14536,14536,2,0
2022-12-08 15:55:23,14536,14536,14536,4,0
2022-12-08 15:55:27,14537,14537,14537,2,2
2022-12-08 15:55:33,14536,14536,14536,2,-2
2022-12-08 15:55:36,14536,14536,14536,2,0
2022-12-08 15:55:40,14535,14535,14535,2,-2
2022-12-08 15:55:40,14535,14535,14535,4,0
2022-12-08 15:55:40,14535,14535,14535,2,0
2022-12-08 15:55:43,14535,14535,14535,2,0
2022-12-08 15:55:43,14535,14535,14535,2,0
2022-12-08 15:55:45,14535,14535,14535,4,0
2022-12-08 15:55:45,14535,14535,14535,12,0
2022-12-08 15:55:45,14535,14535,14535,2,0
2022-12-08 15:55:45,14535,14535,14535,2,0
2022-12-08 15:55:47,14535,14535,14535,2,0
2022-12-08 15:55:50,14534,14534,14534,2,-2
2022-12-08 15:55:51,14534,14534,14534,2,0
2022-12-08 15:56:00,14534,14534,14534,2,0
2022-12-08 15:56:02,14534,14534,14534,2,0
2022-12-08 15:56:07,14534,14534,14534,2,0
2022-12-08 15:56:11,14534,14534,14534,2,0
2022-12-08 15:56:11,14534,14534,14534,2,0
2022-12-08 15:56:14,14534,14534,14534,2,0
2022-12-08 15:56:17,14534,14534,14534,8,0
2022-12-08 15:56:17,14535,14535,14535,6,6
2022-12-08 15:56:29,14534,14534,14534,2,-2
2022-12-08 15:56:29,14534,14534,14534,2,0
2022-12-08 15:56:29,14534,14534,14534,2,0
2022-12-08 15:56:29,14534,14534,14534,2,0
2022-12-08 15:56:29,14534,14534,14534,2,0
2022-12-08 15:56:33,14534,14534,14534,2,0
2022-12-08 15:56:33,14534,14534,14534,2,0
2022-12-08 15:56:36,14534,14534,14534,2,0
2022-12-08 15:56:41,14534,14534,14534,2,0
2022-12-08 15:56:47,14534,14534,14534,2,0
2022-12-08 15:56:49,14535,14535,14535,2,2
2022-12-08 15:56:59,14534,14534,14534,2,-2
2022-12-08 15:57:12,14534,14534,14534,2,0
2022-12-08 15:57:12,14533,14533,14533,6,-6
2022-12-08 15:57:12,14533,14533,14533,2,0
2022-12-08 15:57:14,14533,14533,14533,2,0
2022-12-08 15:57:20,14533,14533,14533,2,0
2022-12-08 15:57:22,14533,14533,14533,2,0
2022-12-08 15:57:29,14534,14534,14534,4,4
2022-12-08 15:57:33,14535,14535,14535,2,2
2022-12-08 15:57:34,14535,14535,14535,2,0
2022-12-08 15:57:34,14535,14535,14535,4,0
2022-12-08 15:57:34,14535,14535,14535,2,0
2022-12-08 15:57:34,14535,14535,14535,2,0
2022-12-08 15:57:37,14536,14536,14536,8,8
2022-12-08 15:57:37,14537,14537,14537,6,6
2022-12-08 15:57:43,14537,14537,14537,2,0
2022-12-08 15:57:45,14536,14536,14536,2,-2
2022-12-08 15:57:56,14536,14536,14536,2,0
2022-12-08 15:58:00,14535,14535,14535,2,-2
2022-12-08 15:58:00,14535,14535,14535,2,0
2022-12-08 15:58:00,14535,14535,14535,2,0
2022-12-08 15:58:00,14535,14535,14535,2,0
2022-12-08 15:58:00,14534,14534,14534,6,-6
2022-12-08 15:58:10,14534,14534,14534,2,0
2022-12-08 15:58:11,14534,14534,14534,2,0
2022-12-08 15:58:19,14534,14534,14534,2,0
2022-12-08 15:58:19,14534,14534,14534,2,0
2022-12-08 15:58:19,14534,14534,14534,2,0
2022-12-08 15:58:19,14534,14534,14534,2,0
2022-12-08 15:58:19,14534,14534,14534,2,0
2022-12-08 15:58:19,14533,14533,14533,2,-2
2022-12-08 15:58:19,14533,14533,14533,10,0
2022-12-08 15:58:19,14533,14533,14533,2,0
2022-12-08 15:58:19,14533,14533,14533,2,0
2022-12-08 15:58:19,14533,14533,14533,4,0
2022-12-08 15:58:19,14533,14533,14533,10,0
2022-12-08 15:58:19,14533,14533,14533,2,0
2022-12-08 15:58:19,14533,14533,14533,2,0
2022-12-08 15:58:19,14533,14533,14533,2,0
2022-12-08 15:58:19,14533,14533,14533,2,0
2022-12-08 15:58:21,14534,14534,14534,2,2
2022-12-08 15:58:25,14535,14535,14535,2,2
2022-12-08 15:58:30,14535,14535,14535,2,0
2022-12-08 15:58:45,14534,14534,14534,2,-2
2022-12-08 15:58:52,14534,14534,14534,2,0
2022-12-08 15:59:08,14535,14535,14535,6,6
2022-12-08 15:59:20,14533,14533,14533,2,-2
2022-12-08 15:59:20,14533,14533,14533,2,0
2022-12-08 15:59:20,14533,14533,14533,2,0
2022-12-08 15:59:20,14533,14533,14533,2,0
2022-12-08 15:59:20,14533,14533,14533,2,0
2022-12-08 15:59:20,14533,14533,14533,2,0
2022-12-08 15:59:24,14533,14533,14533,2,0
2022-12-08 15:59:24,14533,14533,14533,4,0
2022-12-08 15:59:35,14533,14533,14533,2,0
2022-12-08 15:59:58,14534,14534,14534,2,2
2022-12-08 15:59:58,14534,14534,14534,4,0
2022-12-08 15:59:58,14533,14533,14533,2,-2
2022-12-08 15:59:58,14533,14533,14533,2,0
2022-12-08 15:59:58,14533,14533,14533,2,0
2022-12-08 16:00:00,14533,14533,14533,4,0
2022-12-08 16:00:00,14534,14534,14534,2,2
2022-12-08 16:00:00,14534,14534,14534,14,0
2022-12-08 16:00:00,14534,14534,14534,2,0
2022-12-08 16:00:00,14534,14534,14534,8,0
2022-12-08 16:00:00,14535,14535,14535,2,2
2022-12-08 16:00:00,14535,14535,14535,2,0
2022-12-08 16:00:00,14535,14535,14535,2,0
2022-12-08 16:00:00,14535,14535,14535,2,0
2022-12-08 16:00:00,14535,14535,14535,2,0
2022-12-08 16:00:00,14535,14535,14535,2,0
2022-12-08 16:00:00,14535,14535,14535,4,0
2022-12-08 16:00:02,14533,14533,14533,4,-4
2022-12-08 16:00:02,14533,14533,14533,4,0
2022-12-08 16:00:02,14533,14533,14533,2,0
2022-12-08 16:00:02,14533,14533,14533,4,0
2022-12-08 16:00:02,14533,14533,14533,4,0
2022-12-08 16:00:02,14533,14533,14533,2,0
2022-12-08 16:00:02,14533,14533,14533,4,0
2022-12-08 16:00:02,14532,14532,14532,2,-2
2022-12-08 16:00:02,14532,14532,14532,2,0
2022-12-08 16:00:03,14534,14534,14534,4,4
2022-12-08 16:00:03,14535,14535,14535,2,2
2022-12-08 16:00:03,14534,14534,14534,2,-2
2022-12-08 16:00:05,14533,14533,14533,2,-2
2022-12-08 16:00:09,14535,14535,14535,2,2
2022-12-08 16:00:09,14536,14536,14536,8,8
2022-12-08 16:00:12,14535,14535,14535,2,-2
2022-12-08 16:00:12,14535,14535,14535,2,0
2022-12-08 16:00:12,14535,14535,14535,2,0
2022-12-08 16:00:12,14535,14535,14535,2,0
2022-12-08 16:00:12,14535,14535,14535,4,0
2022-12-08 16:00:12,14535,14535,14535,4,0
2022-12-08 16:00:15,14535,14535,14535,2,0
2022-12-08 16:00:20,14535,14535,14535,22,0
2022-12-08 16:00:21,14536,14536,14536,2,2
2022-12-08 16:00:23,14536,14536,14536,2,0
2022-12-08 16:00:45,14534,14534,14534,2,-2
2022-12-08 16:01:01,14533,14533,14533,2,-2
2022-12-08 16:01:01,14533,14533,14533,2,0
2022-12-08 16:01:01,14533,14533,14533,2,0
2022-12-08 16:01:06,14533,14533,14533,2,0
2022-12-08 16:01:06,14534,14534,14534,4,4
2022-12-08 16:01:09,14534,14534,14534,2,0
2022-12-08 16:01:15,14534,14534,14534,2,0
2022-12-08 16:01:20,14533,14533,14533,2,-2
2022-12-08 16:01:20,14533,14533,14533,2,0
2022-12-08 16:01:20,14533,14533,14533,2,0
2022-12-08 16:01:20,14533,14533,14533,2,0
2022-12-08 16:01:20,14533,14533,14533,2,0
2022-12-08 16:01:20,14533,14533,14533,4,0
2022-12-08 16:01:23,14533,14533,14533,2,0
2022-12-08 16:01:26,14533,14533,14533,2,0
2022-12-08 16:01:38,14532,14532,14532,8,-8
2022-12-08 16:01:41,14532,14532,14532,2,0
2022-12-08 16:01:41,14532,14532,14532,2,0
2022-12-08 16:01:41,14532,14532,14532,2,0
2022-12-08 16:01:41,14532,14532,14532,2,0
2022-12-08 16:01:41,14533,14533,14533,2,2
2022-12-08 16:01:42,14531,14531,14531,2,-2
2022-12-08 16:01:42,14533,14533,14533,4,4
2022-12-08 16:01:44,14532,14532,14532,2,-2
2022-12-08 16:01:44,14532,14532,14532,2,0
2022-12-08 16:01:45,14531,14531,14531,2,-2
2022-12-08 16:01:45,14531,14531,14531,2,0
2022-12-08 16:01:45,14531,14531,14531,6,0
2022-12-08 16:01:45,14531,14531,14531,2,0
2022-12-08 16:01:45,14531,14531,14531,2,0
2022-12-08 16:01:45,14531,14531,14531,2,0
2022-12-08 16:01:45,14531,14531,14531,2,0
2022-12-08 16:01:45,14531,14531,14531,2,0
2022-12-08 16:01:46,14531,14531,14531,2,0
2022-12-08 16:01:49,14531,14531,14531,2,0
2022-12-08 16:01:50,14530,14530,14530,2,-2
2022-12-08 16:01:51,14530,14530,14530,2,0
2022-12-08 16:01:51,14530,14530,14530,2,0
2022-12-08 16:01:51,14530,14530,14530,2,0
2022-12-08 16:01:53,14530,14530,14530,2,0
2022-12-08 16:01:55,14530,14530,14530,2,0
2022-12-08 16:01:58,14530,14530,14530,2,0
2022-12-08 16:01:58,14530,14530,14530,2,0
2022-12-08 16:01:58,14530,14530,14530,4,0
2022-12-08 16:01:58,14530,14530,14530,2,0
2022-12-08 16:01:58,14530,14530,14530,2,0
2022-12-08 16:01:58,14530,14530,14530,2,0
2022-12-08 16:01:58,14530,14530,14530,2,0
2022-12-08 16:01:58,14530,14530,14530,2,0
2022-12-08 16:02:00,14529,14529,14529,2,-2
2022-12-08 16:02:00,14529,14529,14529,2,0
2022-12-08 16:02:00,14529,14529,14529,4,0
2022-12-08 16:02:00,14529,14529,14529,2,0
2022-12-08 16:02:00,14529,14529,14529,2,0
2022-12-08 16:02:01,14529,14529,14529,2,0
2022-12-08 16:02:01,14529,14529,14529,2,0
2022-12-08 16:02:02,14530,14530,14530,2,2
2022-12-08 16:02:02,14530,14530,14530,2,0
2022-12-08 16:02:02,14530,14530,14530,2,0
2022-12-08 16:02:02,14530,14530,14530,2,0
2022-12-08 16:02:03,14530,14530,14530,2,0
2022-12-08 16:02:05,14531,14531,14531,4,4
2022-12-08 16:02:05,14531,14531,14531,2,0
2022-12-08 16:02:05,14531,14531,14531,4,0
2022-12-08 16:02:05,14532,14532,14532,4,4
2022-12-08 16:02:05,14533,14533,14533,2,2
2022-12-08 16:02:06,14531,14531,14531,2,-2
2022-12-08 16:02:06,14531,14531,14531,2,0
2022-12-08 16:02:06,14531,14531,14531,2,0
2022-12-08 16:02:06,14531,14531,14531,2,0
2022-12-08 16:02:07,14531,14531,14531,2,0
2022-12-08 16:02:08,14531,14531,14531,4,0
2022-12-08 16:02:08,14531,14531,14531,2,0
2022-12-08 16:02:08,14531,14531,14531,2,0
2022-12-08 16:02:08,14531,14531,14531,2,0
2022-12-08 16:02:14,14532,14532,14532,2,2
2022-12-08 16:02:15,14531,14531,14531,2,-2
2022-12-08 16:02:15,14531,14531,14531,2,0
2022-12-08 16:02:15,14531,14531,14531,4,0
2022-12-08 16:02:15,14531,14531,14531,4,0
2022-12-08 16:02:21,14531,14531,14531,2,0
2022-12-08 16:02:23,14531,14531,14531,2,0
2022-12-08 16:02:23,14531,14531,14531,2,0
2022-12-08 16:02:23,14531,14531,14531,2,0
2022-12-08 16:02:26,14531,14531,14531,2,0
2022-12-08 16:02:26,14531,14531,14531,2,0
2022-12-08 16:02:31,14531,14531,14531,2,0
2022-12-08 16:02:32,14530,14530,14530,2,-2
2022-12-08 16:02:40,14530,14530,14530,2,0
2022-12-08 16:02:40,14530,14530,14530,2,0
2022-12-08 16:02:42,14530,14530,14530,2,0
2022-12-08 16:02:44,14531,14531,14531,2,2
2022-12-08 16:02:47,14530,14530,14530,2,-2
2022-12-08 16:02:47,14530,14530,14530,2,0
2022-12-08 16:02:51,14530,14530,14530,2,0
2022-12-08 16:02:51,14530,14530,14530,2,0
2022-12-08 16:02:51,14530,14530,14530,2,0
2022-12-08 16:02:52,14530,14530,14530,2,0
2022-12-08 16:02:57,14531,14531,14531,2,2
2022-12-08 16:02:57,14531,14531,14531,2,0
2022-12-08 16:03:10,14532,14532,14532,4,4
2022-12-08 16:03:11,14532,14532,14532,22,0
2022-12-08 16:03:11,14533,14533,14533,2,2
2022-12-08 16:03:11,14534,14534,14534,2,2
2022-12-08 16:03:11,14534,14534,14534,10,0
2022-12-08 16:03:13,14532,14532,14532,2,-2
2022-12-08 16:03:19,14535,14535,14535,2,2
2022-12-08 16:03:20,14534,14534,14534,2,-2
2022-12-08 16:03:32,14535,14535,14535,8,8
2022-12-08 16:03:35,14536,14536,14536,2,2
2022-12-08 16:03:36,14536,14536,14536,2,0
2022-12-08 16:03:38,14536,14536,14536,2,0
2022-12-08 16:03:38,14536,14536,14536,2,0
2022-12-08 16:03:54,14535,14535,14535,2,-2
2022-12-08 16:04:05,14536,14536,14536,2,2
2022-12-08 16:04:05,14536,14536,14536,2,0
2022-12-08 16:04:05,14536,14536,14536,4,0
2022-12-08 16:04:17,14536,14536,14536,2,0
2022-12-08 16:04:23,14535,14535,14535,2,-2
2022-12-08 16:04:23,14535,14535,14535,4,0
2022-12-08 16:04:25,14535,14535,14535,8,0
2022-12-08 16:04:25,14535,14535,14535,2,0
2022-12-08 16:04:26,14536,14536,14536,2,2
2022-12-08 16:04:40,14535,14535,14535,2,-2
2022-12-08 16:04:40,14535,14535,14535,2,0
2022-12-08 16:05:01,14535,14535,14535,2,0
2022-12-08 16:05:01,14535,14535,14535,2,0
2022-12-08 16:05:01,14535,14535,14535,2,0
2022-12-08 16:05:03,14535,14535,14535,2,0
2022-12-08 16:05:06,14535,14535,14535,4,0
2022-12-08 16:05:19,14534,14534,14534,2,-2
2022-12-08 16:05:19,14534,14534,14534,2,0
2022-12-08 16:05:22,14534,14534,14534,2,0
2022-12-08 16:05:23,14534,14534,14534,2,0
2022-12-08 16:05:24,14536,14536,14536,2,2
2022-12-08 16:05:25,14536,14536,14536,4,0
2022-12-08 16:05:25,14536,14536,14536,6,0
2022-12-08 16:05:25,14536,14536,14536,2,0
2022-12-08 16:05:25,14536,14536,14536,4,0
2022-12-08 16:05:26,14535,14535,14535,2,-2
2022-12-08 16:05:27,14537,14537,14537,36,36
2022-12-08 16:05:31,14538,14538,14538,6,6
2022-12-08 16:05:31,14538,14538,14538,2,0
2022-12-08 16:05:34,14537,14537,14537,2,-2
2022-12-08 16:05:38,14538,14538,14538,6,6
2022-12-08 16:05:42,14538,14538,14538,4,0
2022-12-08 16:05:44,14538,14538,14538,2,0
2022-12-08 16:05:45,14537,14537,14537,2,-2
2022-12-08 16:05:46,14538,14538,14538,4,4
2022-12-08 16:05:49,14537,14537,14537,4,-4
2022-12-08 16:05:52,14537,14537,14537,2,0
2022-12-08 16:05:54,14538,14538,14538,6,6
2022-12-08 16:05:58,14537,14537,14537,2,-2
2022-12-08 16:05:59,14537,14537,14537,2,0
2022-12-08 16:05:59,14537,14537,14537,2,0
2022-12-08 16:06:05,14538,14538,14538,2,2
2022-12-08 16:06:06,14537,14537,14537,2,-2
2022-12-08 16:06:07,14538,14538,14538,2,2
2022-12-08 16:06:09,14537,14537,14537,2,-2
2022-12-08 16:06:09,14537,14537,14537,2,0
2022-12-08 16:06:12,14539,14539,14539,2,2
2022-12-08 16:06:12,14539,14539,14539,4,0
2022-12-08 16:06:12,14539,14539,14539,4,0
2022-12-08 16:06:12,14539,14539,14539,4,0
2022-12-08 16:06:12,14539,14539,14539,2,0
2022-12-08 16:06:12,14539,14539,14539,2,0
2022-12-08 16:06:12,14539,14539,14539,2,0
2022-12-08 16:06:13,14540,14540,14540,2,2
2022-12-08 16:06:13,14540,14540,14540,4,0
2022-12-08 16:06:18,14538,14538,14538,4,-4
2022-12-08 16:06:18,14537,14537,14537,2,-2
2022-12-08 16:06:25,14537,14537,14537,2,0
2022-12-08 16:06:27,14536,14536,14536,2,-2
2022-12-08 16:06:27,14537,14537,14537,4,4
2022-12-08 16:06:39,14536,14536,14536,2,-2
2022-12-08 16:06:50,14535,14535,14535,2,-2
2022-12-08 16:06:50,14535,14535,14535,2,0
2022-12-08 16:06:50,14535,14535,14535,2,0
2022-12-08 16:06:50,14535,14535,14535,2,0
2022-12-08 16:07:09,14534,14534,14534,2,-2
2022-12-08 16:07:10,14533,14533,14533,2,-2
2022-12-08 16:07:10,14533,14533,14533,2,0
2022-12-08 16:07:10,14533,14533,14533,2,0
2022-12-08 16:07:27,14531,14531,14531,2,-2
2022-12-08 16:07:27,14531,14531,14531,2,0
2022-12-08 16:07:28,14531,14531,14531,4,0
2022-12-08 16:07:28,14531,14531,14531,2,0
2022-12-08 16:07:28,14531,14531,14531,2,0
2022-12-08 16:07:28,14531,14531,14531,2,0
2022-12-08 16:07:28,14531,14531,14531,2,0
2022-12-08 16:07:28,14531,14531,14531,2,0
2022-12-08 16:07:29,14530,14530,14530,10,-10
2022-12-08 16:07:29,14530,14530,14530,6,0
2022-12-08 16:07:34,14530,14530,14530,2,0
2022-12-08 16:07:37,14530,14530,14530,2,0
2022-12-08 16:07:37,14530,14530,14530,8,0
2022-12-08 16:07:37,14530,14530,14530,28,0
2022-12-08 16:07:37,14530,14530,14530,4,0
2022-12-08 16:07:37,14530,14530,14530,2,0
2022-12-08 16:07:37,14530,14530,14530,2,0
2022-12-08 16:07:37,14530,14530,14530,2,0
2022-12-08 16:07:39,14530,14530,14530,2,0
2022-12-08 16:07:39,14529,14529,14529,2,-2
2022-12-08 16:07:41,14530,14530,14530,2,2
2022-12-08 16:07:41,14529,14529,14529,2,-2
2022-12-08 16:07:43,14530,14530,14530,2,2
2022-12-08 16:07:43,14530,14530,14530,2,0
2022-12-08 16:07:56,14530,14530,14530,2,0
2022-12-08 16:07:58,14530,14530,14530,2,0
2022-12-08 16:07:58,14530,14530,14530,2,0
2022-12-08 16:07:59,14530,14530,14530,2,0
2022-12-08 16:08:08,14529,14529,14529,2,-2
2022-12-08 16:08:08,14529,14529,14529,2,0
2022-12-08 16:08:08,14529,14529,14529,2,0
2022-12-08 16:08:10,14529,14529,14529,2,0
2022-12-08 16:08:10,14529,14529,14529,2,0
2022-12-08 16:08:12,14530,14530,14530,4,4
2022-12-08 16:08:13,14530,14530,14530,2,0
2022-12-08 16:08:20,14530,14530,14530,2,0
2022-12-08 16:08:21,14531,14531,14531,2,2
2022-12-08 16:08:23,14530,14530,14530,2,-2
2022-12-08 16:08:24,14531,14531,14531,4,4
2022-12-08 16:08:25,14531,14531,14531,2,0
2022-12-08 16:08:27,14531,14531,14531,2,0
2022-12-08 16:08:28,14531,14531,14531,2,0
2022-12-08 16:08:33,14532,14532,14532,4,4
2022-12-08 16:08:40,14532,14532,14532,2,0
2022-12-08 16:08:40,14532,14532,14532,2,0
2022-12-08 16:08:40,14532,14532,14532,2,0
2022-12-08 16:08:54,14532,14532,14532,10,0
2022-12-08 16:08:54,14532,14532,14532,2,0
2022-12-08 16:08:54,14532,14532,14532,2,0
2022-12-08 16:08:54,14532,14532,14532,2,0
2022-12-08 16:08:54,14531,14531,14531,2,-2
2022-12-08 16:08:54,14531,14531,14531,2,0
2022-12-08 16:08:55,14531,14531,14531,2,0
2022-12-08 16:08:56,14531,14531,14531,2,0
2022-12-08 16:08:56,14531,14531,14531,2,0
2022-12-08 16:08:56,14531,14531,14531,2,0
2022-12-08 16:08:58,14533,14533,14533,2,2
2022-12-08 16:08:58,14533,14533,14533,2,0
2022-12-08 16:09:07,14534,14534,14534,2,2
2022-12-08 16:09:07,14534,14534,14534,2,0
2022-12-08 16:09:07,14533,14533,14533,2,-2
2022-12-08 16:09:07,14533,14533,14533,2,0
2022-12-08 16:09:07,14533,14533,14533,2,0
2022-12-08 16:09:07,14533,14533,14533,2,0
2022-12-08 16:09:09,14535,14535,14535,6,6
2022-12-08 16:09:11,14533,14533,14533,4,-4
2022-12-08 16:09:11,14533,14533,14533,2,0
2022-12-08 16:09:11,14533,14533,14533,4,0
2022-12-08 16:09:12,14533,14533,14533,2,0
2022-12-08 16:09:31,14533,14533,14533,4,0
2022-12-08 16:09:33,14532,14532,14532,2,-2
2022-12-08 16:09:33,14532,14532,14532,2,0
2022-12-08 16:09:33,14532,14532,14532,2,0
2022-12-08 16:09:34,14531,14531,14531,2,-2
2022-12-08 16:09:40,14531,14531,14531,2,0
2022-12-08 16:09:43,14531,14531,14531,2,0
2022-12-08 16:09:43,14531,14531,14531,4,0
2022-12-08 16:09:43,14531,14531,14531,2,0
2022-12-08 16:09:43,14531,14531,14531,2,0
2022-12-08 16:09:50,14531,14531,14531,2,0
2022-12-08 16:09:56,14530,14530,14530,2,-2
2022-12-08 16:09:56,14530,14530,14530,2,0
2022-12-08 16:09:56,14530,14530,14530,2,0
2022-12-08 16:09:56,14530,14530,14530,2,0
2022-12-08 16:09:57,14529,14529,14529,2,-2
2022-12-08 16:09:57,14529,14529,14529,2,0
2022-12-08 16:09:57,14529,14529,14529,2,0
