2023-06-14 15:00:00,17177,17177,17177,158,0
2023-06-14 15:00:00,17178,17178,17178,2,2
2023-06-14 15:00:00,17177,17177,17177,4,-4
2023-06-14 15:00:00,17177,17177,17177,2,0
2023-06-14 15:00:00,17177,17177,17177,2,0
2023-06-14 15:00:00,17177,17177,17177,2,0
2023-06-14 15:00:00,17176,17176,17176,2,-2
2023-06-14 15:00:00,17176,17176,17176,2,0
2023-06-14 15:00:00,17176,17176,17176,2,0
2023-06-14 15:00:00,17175,17175,17175,8,-8
2023-06-14 15:00:00,17175,17175,17175,4,0
2023-06-14 15:00:00,17179,17179,17179,2,2
2023-06-14 15:00:00,17176,17176,17176,2,-2
2023-06-14 15:00:00,17178,17178,17178,2,2
2023-06-14 15:00:00,17177,17177,17177,2,-2
2023-06-14 15:00:00,17177,17177,17177,2,0
2023-06-14 15:00:00,17177,17177,17177,2,0
2023-06-14 15:00:01,17177,17177,17177,2,0
2023-06-14 15:00:01,17176,17176,17176,2,-2
2023-06-14 15:00:01,17176,17176,17176,2,0
2023-06-14 15:00:01,17178,17178,17178,2,2
2023-06-14 15:00:01,17176,17176,17176,2,-2
2023-06-14 15:00:01,17175,17175,17175,6,-6
2023-06-14 15:00:01,17178,17178,17178,2,2
2023-06-14 15:00:01,17178,17178,17178,2,0
2023-06-14 15:00:01,17178,17178,17178,2,0
2023-06-14 15:00:01,17179,17179,17179,4,4
2023-06-14 15:00:01,17179,17179,17179,16,0
2023-06-14 15:00:01,17178,17178,17178,2,-2
2023-06-14 15:00:01,17179,17179,17179,2,2
2023-06-14 15:00:01,17180,17180,17180,18,18
2023-06-14 15:00:01,17180,17180,17180,2,0
2023-06-14 15:00:01,17181,17181,17181,4,4
2023-06-14 15:00:01,17181,17181,17181,10,0
2023-06-14 15:00:01,17182,17182,17182,2,2
2023-06-14 15:00:02,17181,17181,17181,2,-2
2023-06-14 15:00:02,17183,17183,17183,4,4
2023-06-14 15:00:03,17181,17181,17181,2,-2
2023-06-14 15:00:03,17181,17181,17181,2,0
2023-06-14 15:00:03,17181,17181,17181,2,0
2023-06-14 15:00:03,17181,17181,17181,6,0
2023-06-14 15:00:03,17180,17180,17180,6,-6
2023-06-14 15:00:03,17179,17179,17179,2,-2
2023-06-14 15:00:03,17180,17180,17180,2,2
2023-06-14 15:00:03,17179,17179,17179,2,-2
2023-06-14 15:00:03,17179,17179,17179,2,0
2023-06-14 15:00:03,17179,17179,17179,2,0
2023-06-14 15:00:03,17179,17179,17179,2,0
2023-06-14 15:00:04,17179,17179,17179,2,0
2023-06-14 15:00:04,17179,17179,17179,2,0
2023-06-14 15:00:05,17181,17181,17181,2,2
2023-06-14 15:00:06,17181,17181,17181,2,0
2023-06-14 15:00:06,17180,17180,17180,4,-4
2023-06-14 15:00:06,17180,17180,17180,4,0
2023-06-14 15:00:06,17180,17180,17180,2,0
2023-06-14 15:00:07,17180,17180,17180,2,0
2023-06-14 15:00:07,17180,17180,17180,4,0
2023-06-14 15:00:08,17180,17180,17180,2,0
2023-06-14 15:00:08,17179,17179,17179,2,-2
2023-06-14 15:00:08,17179,17179,17179,6,0
2023-06-14 15:00:08,17179,17179,17179,2,0
2023-06-14 15:00:09,17179,17179,17179,2,0
2023-06-14 15:00:09,17179,17179,17179,2,0
2023-06-14 15:00:10,17180,17180,17180,4,4
2023-06-14 15:00:10,17180,17180,17180,6,0
2023-06-14 15:00:10,17180,17180,17180,2,0
2023-06-14 15:00:11,17180,17180,17180,2,0
2023-06-14 15:00:11,17180,17180,17180,2,0
2023-06-14 15:00:11,17180,17180,17180,4,0
2023-06-14 15:00:11,17179,17179,17179,2,-2
2023-06-14 15:00:11,17179,17179,17179,6,0
2023-06-14 15:00:11,17179,17179,17179,2,0
2023-06-14 15:00:11,17179,17179,17179,2,0
2023-06-14 15:00:11,17181,17181,17181,6,6
2023-06-14 15:00:12,17180,17180,17180,2,-2
2023-06-14 15:00:12,17180,17180,17180,2,0
2023-06-14 15:00:12,17180,17180,17180,2,0
2023-06-14 15:00:12,17181,17181,17181,2,2
2023-06-14 15:00:12,17181,17181,17181,2,0
2023-06-14 15:00:12,17180,17180,17180,2,-2
2023-06-14 15:00:12,17180,17180,17180,2,0
2023-06-14 15:00:13,17181,17181,17181,2,2
2023-06-14 15:00:14,17181,17181,17181,4,0
2023-06-14 15:00:14,17181,17181,17181,2,0
2023-06-14 15:00:17,17180,17180,17180,2,-2
2023-06-14 15:00:17,17180,17180,17180,2,0
2023-06-14 15:00:18,17180,17180,17180,2,0
2023-06-14 15:00:18,17180,17180,17180,2,0
2023-06-14 15:00:18,17180,17180,17180,2,0
2023-06-14 15:00:18,17180,17180,17180,6,0
2023-06-14 15:00:18,17180,17180,17180,2,0
2023-06-14 15:00:19,17180,17180,17180,2,0
2023-06-14 15:00:19,17179,17179,17179,2,-2
2023-06-14 15:00:19,17179,17179,17179,2,0
2023-06-14 15:00:19,17180,17180,17180,2,2
2023-06-14 15:00:20,17178,17178,17178,2,-2
2023-06-14 15:00:20,17178,17178,17178,4,0
2023-06-14 15:00:20,17178,17178,17178,4,0
2023-06-14 15:00:20,17178,17178,17178,2,0
2023-06-14 15:00:20,17177,17177,17177,2,-2
2023-06-14 15:00:21,17177,17177,17177,2,0
2023-06-14 15:00:21,17177,17177,17177,2,0
2023-06-14 15:00:21,17177,17177,17177,2,0
2023-06-14 15:00:22,17179,17179,17179,4,4
2023-06-14 15:00:23,17179,17179,17179,2,0
2023-06-14 15:00:23,17179,17179,17179,8,0
2023-06-14 15:00:26,17179,17179,17179,2,0
2023-06-14 15:00:26,17179,17179,17179,2,0
2023-06-14 15:00:27,17179,17179,17179,2,0
2023-06-14 15:00:28,17179,17179,17179,2,0
2023-06-14 15:00:29,17180,17180,17180,44,44
2023-06-14 15:00:29,17181,17181,17181,6,6
2023-06-14 15:00:29,17182,17182,17182,2,2
2023-06-14 15:00:29,17182,17182,17182,2,0
2023-06-14 15:00:30,17181,17181,17181,4,-4
2023-06-14 15:00:30,17181,17181,17181,2,0
2023-06-14 15:00:34,17181,17181,17181,4,0
2023-06-14 15:00:36,17181,17181,17181,2,0
2023-06-14 15:00:37,17181,17181,17181,2,0
2023-06-14 15:00:38,17182,17182,17182,2,2
2023-06-14 15:00:38,17180,17180,17180,4,-4
2023-06-14 15:00:38,17180,17180,17180,2,0
2023-06-14 15:00:38,17180,17180,17180,6,0
2023-06-14 15:00:38,17180,17180,17180,4,0
2023-06-14 15:00:38,17180,17180,17180,2,0
2023-06-14 15:00:38,17180,17180,17180,4,0
2023-06-14 15:00:38,17180,17180,17180,10,0
2023-06-14 15:00:39,17181,17181,17181,6,6
2023-06-14 15:00:39,17182,17182,17182,2,2
2023-06-14 15:00:39,17182,17182,17182,14,0
2023-06-14 15:00:39,17184,17184,17184,2,2
2023-06-14 15:00:43,17184,17184,17184,2,0
2023-06-14 15:00:44,17183,17183,17183,2,-2
2023-06-14 15:00:44,17184,17184,17184,2,2
2023-06-14 15:00:45,17184,17184,17184,2,0
2023-06-14 15:00:46,17185,17185,17185,2,2
2023-06-14 15:00:49,17186,17186,17186,2,2
2023-06-14 15:00:50,17186,17186,17186,2,0
2023-06-14 15:00:50,17186,17186,17186,2,0
2023-06-14 15:00:50,17186,17186,17186,2,0
2023-06-14 15:00:51,17187,17187,17187,2,2
2023-06-14 15:00:53,17186,17186,17186,4,-4
2023-06-14 15:00:53,17185,17185,17185,4,-4
2023-06-14 15:00:53,17186,17186,17186,2,2
2023-06-14 15:00:54,17186,17186,17186,4,0
2023-06-14 15:00:54,17186,17186,17186,4,0
2023-06-14 15:00:54,17186,17186,17186,2,0
2023-06-14 15:00:54,17186,17186,17186,4,0
2023-06-14 15:00:54,17187,17187,17187,2,2
2023-06-14 15:00:55,17188,17188,17188,6,6
2023-06-14 15:00:56,17187,17187,17187,2,-2
2023-06-14 15:00:57,17187,17187,17187,2,0
2023-06-14 15:00:57,17187,17187,17187,2,0
2023-06-14 15:00:57,17186,17186,17186,2,-2
2023-06-14 15:00:57,17186,17186,17186,2,0
2023-06-14 15:01:00,17187,17187,17187,6,6
2023-06-14 15:01:00,17187,17187,17187,4,0
2023-06-14 15:01:00,17188,17188,17188,2,2
2023-06-14 15:01:00,17188,17188,17188,6,0
2023-06-14 15:01:00,17188,17188,17188,2,0
2023-06-14 15:01:00,17186,17186,17186,2,-2
2023-06-14 15:01:00,17186,17186,17186,6,0
2023-06-14 15:01:00,17185,17185,17185,2,-2
2023-06-14 15:01:00,17185,17185,17185,2,0
2023-06-14 15:01:00,17184,17184,17184,2,-2
2023-06-14 15:01:00,17184,17184,17184,2,0
2023-06-14 15:01:00,17184,17184,17184,2,0
2023-06-14 15:01:00,17184,17184,17184,4,0
2023-06-14 15:01:00,17183,17183,17183,2,-2
2023-06-14 15:01:02,17184,17184,17184,4,4
2023-06-14 15:01:02,17184,17184,17184,2,0
2023-06-14 15:01:02,17184,17184,17184,2,0
2023-06-14 15:01:02,17184,17184,17184,4,0
2023-06-14 15:01:02,17185,17185,17185,2,2
2023-06-14 15:01:02,17183,17183,17183,2,-2
2023-06-14 15:01:02,17183,17183,17183,2,0
2023-06-14 15:01:03,17183,17183,17183,2,0
2023-06-14 15:01:03,17182,17182,17182,2,-2
2023-06-14 15:01:06,17182,17182,17182,2,0
2023-06-14 15:01:06,17182,17182,17182,2,0
2023-06-14 15:01:06,17182,17182,17182,6,0
2023-06-14 15:01:06,17182,17182,17182,2,0
2023-06-14 15:01:06,17182,17182,17182,2,0
2023-06-14 15:01:06,17182,17182,17182,2,0
2023-06-14 15:01:06,17182,17182,17182,2,0
2023-06-14 15:01:06,17182,17182,17182,6,0
2023-06-14 15:01:06,17182,17182,17182,4,0
2023-06-14 15:01:06,17182,17182,17182,2,0
2023-06-14 15:01:06,17182,17182,17182,2,0
2023-06-14 15:01:06,17183,17183,17183,2,2
2023-06-14 15:01:06,17182,17182,17182,10,-10
2023-06-14 15:01:09,17182,17182,17182,8,0
2023-06-14 15:01:10,17181,17181,17181,2,-2
2023-06-14 15:01:10,17181,17181,17181,2,0
2023-06-14 15:01:10,17182,17182,17182,4,4
2023-06-14 15:01:10,17182,17182,17182,2,0
2023-06-14 15:01:10,17182,17182,17182,2,0
2023-06-14 15:01:10,17182,17182,17182,6,0
2023-06-14 15:01:10,17182,17182,17182,2,0
2023-06-14 15:01:11,17181,17181,17181,2,-2
2023-06-14 15:01:11,17181,17181,17181,2,0
2023-06-14 15:01:11,17181,17181,17181,4,0
2023-06-14 15:01:11,17181,17181,17181,2,0
2023-06-14 15:01:12,17180,17180,17180,2,-2
2023-06-14 15:01:14,17181,17181,17181,2,2
2023-06-14 15:01:16,17181,17181,17181,2,0
2023-06-14 15:01:16,17182,17182,17182,2,2
2023-06-14 15:01:16,17181,17181,17181,4,-4
2023-06-14 15:01:19,17181,17181,17181,2,0
2023-06-14 15:01:19,17181,17181,17181,2,0
2023-06-14 15:01:22,17181,17181,17181,2,0
2023-06-14 15:01:22,17181,17181,17181,6,0
2023-06-14 15:01:23,17181,17181,17181,2,0
2023-06-14 15:01:23,17181,17181,17181,2,0
2023-06-14 15:01:26,17181,17181,17181,10,0
2023-06-14 15:01:27,17181,17181,17181,2,0
2023-06-14 15:01:27,17180,17180,17180,2,-2
2023-06-14 15:01:28,17181,17181,17181,2,2
2023-06-14 15:01:28,17180,17180,17180,2,-2
2023-06-14 15:01:28,17180,17180,17180,4,0
2023-06-14 15:01:32,17183,17183,17183,4,4
2023-06-14 15:01:35,17182,17182,17182,2,-2
2023-06-14 15:01:37,17183,17183,17183,2,2
2023-06-14 15:01:37,17184,17184,17184,4,4
2023-06-14 15:01:38,17183,17183,17183,2,-2
2023-06-14 15:01:38,17183,17183,17183,2,0
2023-06-14 15:01:38,17183,17183,17183,2,0
2023-06-14 15:01:41,17184,17184,17184,4,4
2023-06-14 15:01:41,17185,17185,17185,2,2
2023-06-14 15:01:42,17184,17184,17184,2,-2
2023-06-14 15:01:42,17185,17185,17185,2,2
2023-06-14 15:01:43,17186,17186,17186,2,2
2023-06-14 15:01:44,17186,17186,17186,2,0
2023-06-14 15:01:46,17187,17187,17187,2,2
2023-06-14 15:01:46,17186,17186,17186,2,-2
2023-06-14 15:01:47,17186,17186,17186,2,0
2023-06-14 15:01:48,17187,17187,17187,2,2
2023-06-14 15:01:48,17187,17187,17187,2,0
2023-06-14 15:01:51,17187,17187,17187,2,0
2023-06-14 15:01:52,17186,17186,17186,2,-2
2023-06-14 15:01:53,17186,17186,17186,2,0
2023-06-14 15:01:53,17186,17186,17186,2,0
2023-06-14 15:01:53,17186,17186,17186,2,0
2023-06-14 15:01:53,17186,17186,17186,2,0
2023-06-14 15:01:55,17187,17187,17187,2,2
2023-06-14 15:01:55,17187,17187,17187,2,0
2023-06-14 15:01:58,17186,17186,17186,4,-4
2023-06-14 15:01:58,17186,17186,17186,2,0
2023-06-14 15:01:58,17186,17186,17186,2,0
2023-06-14 15:01:58,17186,17186,17186,2,0
2023-06-14 15:01:59,17187,17187,17187,2,2
2023-06-14 15:02:01,17188,17188,17188,4,4
2023-06-14 15:02:03,17188,17188,17188,4,0
2023-06-14 15:02:05,17188,17188,17188,2,0
2023-06-14 15:02:06,17189,17189,17189,10,10
2023-06-14 15:02:06,17190,17190,17190,2,2
2023-06-14 15:02:06,17190,17190,17190,2,0
2023-06-14 15:02:06,17189,17189,17189,4,-4
2023-06-14 15:02:06,17189,17189,17189,2,0
2023-06-14 15:02:06,17189,17189,17189,4,0
2023-06-14 15:02:07,17188,17188,17188,2,-2
2023-06-14 15:02:07,17190,17190,17190,8,8
2023-06-14 15:02:07,17189,17189,17189,2,-2
2023-06-14 15:02:08,17189,17189,17189,4,0
2023-06-14 15:02:08,17189,17189,17189,2,0
2023-06-14 15:02:10,17190,17190,17190,2,2
2023-06-14 15:02:11,17190,17190,17190,2,0
2023-06-14 15:02:12,17189,17189,17189,2,-2
2023-06-14 15:02:12,17189,17189,17189,2,0
2023-06-14 15:02:13,17190,17190,17190,2,2
2023-06-14 15:02:13,17190,17190,17190,2,0
2023-06-14 15:02:13,17191,17191,17191,4,4
2023-06-14 15:02:15,17190,17190,17190,2,-2
2023-06-14 15:02:17,17192,17192,17192,6,6
2023-06-14 15:02:18,17192,17192,17192,6,0
2023-06-14 15:02:19,17191,17191,17191,4,-4
2023-06-14 15:02:19,17191,17191,17191,2,0
2023-06-14 15:02:19,17191,17191,17191,2,0
2023-06-14 15:02:19,17191,17191,17191,2,0
2023-06-14 15:02:19,17192,17192,17192,2,2
2023-06-14 15:02:20,17191,17191,17191,2,-2
2023-06-14 15:02:22,17191,17191,17191,2,0
2023-06-14 15:02:23,17192,17192,17192,2,2
2023-06-14 15:02:25,17191,17191,17191,2,-2
2023-06-14 15:02:25,17190,17190,17190,2,-2
2023-06-14 15:02:27,17190,17190,17190,2,0
2023-06-14 15:02:29,17190,17190,17190,2,0
2023-06-14 15:02:29,17190,17190,17190,2,0
2023-06-14 15:02:29,17191,17191,17191,2,2
2023-06-14 15:02:29,17191,17191,17191,12,0
2023-06-14 15:02:32,17190,17190,17190,2,-2
2023-06-14 15:02:35,17190,17190,17190,2,0
2023-06-14 15:02:42,17188,17188,17188,2,-2
2023-06-14 15:02:42,17188,17188,17188,2,0
2023-06-14 15:02:45,17188,17188,17188,2,0
2023-06-14 15:02:49,17189,17189,17189,8,8
2023-06-14 15:02:49,17188,17188,17188,2,-2
2023-06-14 15:02:54,17188,17188,17188,2,0
2023-06-14 15:02:57,17189,17189,17189,2,2
2023-06-14 15:02:58,17188,17188,17188,2,-2
2023-06-14 15:02:58,17188,17188,17188,2,0
2023-06-14 15:02:58,17188,17188,17188,2,0
2023-06-14 15:02:58,17188,17188,17188,8,0
2023-06-14 15:02:58,17188,17188,17188,2,0
2023-06-14 15:02:58,17188,17188,17188,2,0
2023-06-14 15:02:58,17189,17189,17189,2,2
2023-06-14 15:02:59,17188,17188,17188,2,-2
2023-06-14 15:03:00,17188,17188,17188,2,0
2023-06-14 15:03:00,17187,17187,17187,2,-2
2023-06-14 15:03:00,17187,17187,17187,2,0
2023-06-14 15:03:05,17188,17188,17188,2,2
2023-06-14 15:03:05,17187,17187,17187,2,-2
2023-06-14 15:03:05,17186,17186,17186,2,-2
2023-06-14 15:03:07,17187,17187,17187,2,2
2023-06-14 15:03:10,17186,17186,17186,8,-8
2023-06-14 15:03:10,17186,17186,17186,2,0
2023-06-14 15:03:10,17186,17186,17186,2,0
2023-06-14 15:03:10,17186,17186,17186,2,0
2023-06-14 15:03:10,17186,17186,17186,4,0
2023-06-14 15:03:10,17187,17187,17187,12,12
2023-06-14 15:03:10,17188,17188,17188,8,8
2023-06-14 15:03:11,17186,17186,17186,2,-2
2023-06-14 15:03:12,17186,17186,17186,2,0
2023-06-14 15:03:14,17185,17185,17185,2,-2
2023-06-14 15:03:17,17185,17185,17185,2,0
2023-06-14 15:03:17,17185,17185,17185,2,0
2023-06-14 15:03:17,17185,17185,17185,2,0
2023-06-14 15:03:21,17185,17185,17185,6,0
2023-06-14 15:03:22,17186,17186,17186,2,2
2023-06-14 15:03:23,17186,17186,17186,8,0
2023-06-14 15:03:23,17186,17186,17186,2,0
2023-06-14 15:03:34,17186,17186,17186,2,0
2023-06-14 15:03:35,17185,17185,17185,2,-2
2023-06-14 15:03:37,17184,17184,17184,2,-2
2023-06-14 15:03:37,17184,17184,17184,2,0
2023-06-14 15:03:37,17184,17184,17184,2,0
2023-06-14 15:03:37,17184,17184,17184,4,0
2023-06-14 15:03:43,17183,17183,17183,2,-2
2023-06-14 15:03:47,17184,17184,17184,2,2
2023-06-14 15:03:48,17184,17184,17184,4,0
2023-06-14 15:03:48,17184,17184,17184,6,0
2023-06-14 15:03:48,17184,17184,17184,2,0
2023-06-14 15:03:50,17184,17184,17184,2,0
2023-06-14 15:03:50,17184,17184,17184,2,0
2023-06-14 15:03:50,17184,17184,17184,2,0
2023-06-14 15:03:50,17184,17184,17184,4,0
2023-06-14 15:03:50,17184,17184,17184,2,0
2023-06-14 15:03:53,17185,17185,17185,4,4
2023-06-14 15:03:54,17184,17184,17184,2,-2
2023-06-14 15:03:55,17184,17184,17184,2,0
2023-06-14 15:03:55,17185,17185,17185,14,14
2023-06-14 15:03:58,17186,17186,17186,2,2
2023-06-14 15:04:03,17186,17186,17186,6,0
2023-06-14 15:04:03,17185,17185,17185,2,-2
2023-06-14 15:04:03,17185,17185,17185,2,0
2023-06-14 15:04:05,17184,17184,17184,18,-18
2023-06-14 15:04:05,17184,17184,17184,2,0
2023-06-14 15:04:05,17184,17184,17184,4,0
2023-06-14 15:04:05,17184,17184,17184,2,0
2023-06-14 15:04:05,17184,17184,17184,2,0
2023-06-14 15:04:05,17184,17184,17184,2,0
2023-06-14 15:04:05,17184,17184,17184,6,0
2023-06-14 15:04:05,17184,17184,17184,4,0
2023-06-14 15:04:06,17185,17185,17185,2,2
2023-06-14 15:04:10,17184,17184,17184,4,-4
2023-06-14 15:04:14,17186,17186,17186,2,2
2023-06-14 15:04:16,17184,17184,17184,2,-2
2023-06-14 15:04:16,17184,17184,17184,4,0
2023-06-14 15:04:16,17184,17184,17184,6,0
2023-06-14 15:04:19,17183,17183,17183,2,-2
2023-06-14 15:04:19,17183,17183,17183,2,0
2023-06-14 15:04:19,17183,17183,17183,4,0
2023-06-14 15:04:20,17184,17184,17184,18,18
2023-06-14 15:04:24,17184,17184,17184,4,0
2023-06-14 15:04:24,17184,17184,17184,2,0
2023-06-14 15:04:24,17184,17184,17184,2,0
2023-06-14 15:04:26,17185,17185,17185,2,2
2023-06-14 15:04:28,17184,17184,17184,2,-2
2023-06-14 15:04:28,17184,17184,17184,4,0
2023-06-14 15:04:28,17184,17184,17184,2,0
2023-06-14 15:04:29,17184,17184,17184,2,0
2023-06-14 15:04:29,17184,17184,17184,2,0
2023-06-14 15:04:29,17184,17184,17184,2,0
2023-06-14 15:04:29,17184,17184,17184,4,0
2023-06-14 15:04:29,17184,17184,17184,2,0
2023-06-14 15:04:29,17184,17184,17184,2,0
2023-06-14 15:04:31,17185,17185,17185,2,2
2023-06-14 15:04:31,17184,17184,17184,2,-2
2023-06-14 15:04:32,17184,17184,17184,2,0
2023-06-14 15:04:32,17184,17184,17184,2,0
2023-06-14 15:04:32,17184,17184,17184,2,0
2023-06-14 15:04:32,17183,17183,17183,2,-2
2023-06-14 15:04:32,17183,17183,17183,2,0
2023-06-14 15:04:32,17183,17183,17183,2,0
2023-06-14 15:04:37,17183,17183,17183,2,0
2023-06-14 15:04:41,17183,17183,17183,2,0
2023-06-14 15:04:41,17183,17183,17183,4,0
2023-06-14 15:04:41,17183,17183,17183,2,0
2023-06-14 15:04:44,17183,17183,17183,4,0
2023-06-14 15:04:45,17183,17183,17183,2,0
2023-06-14 15:04:45,17183,17183,17183,2,0
2023-06-14 15:04:46,17183,17183,17183,2,0
2023-06-14 15:04:46,17183,17183,17183,2,0
2023-06-14 15:04:46,17183,17183,17183,6,0
2023-06-14 15:04:46,17183,17183,17183,2,0
2023-06-14 15:04:47,17183,17183,17183,2,0
2023-06-14 15:04:51,17184,17184,17184,6,6
2023-06-14 15:04:53,17183,17183,17183,2,-2
2023-06-14 15:04:54,17183,17183,17183,2,0
2023-06-14 15:04:57,17184,17184,17184,2,2
2023-06-14 15:05:12,17183,17183,17183,4,-4
2023-06-14 15:05:12,17183,17183,17183,2,0
2023-06-14 15:05:12,17183,17183,17183,4,0
2023-06-14 15:05:12,17183,17183,17183,2,0
2023-06-14 15:05:12,17183,17183,17183,2,0
2023-06-14 15:05:12,17183,17183,17183,2,0
2023-06-14 15:05:12,17182,17182,17182,2,-2
2023-06-14 15:05:12,17182,17182,17182,2,0
2023-06-14 15:05:12,17182,17182,17182,2,0
2023-06-14 15:05:12,17182,17182,17182,2,0
2023-06-14 15:05:12,17182,17182,17182,2,0
2023-06-14 15:05:12,17181,17181,17181,6,-6
2023-06-14 15:05:12,17181,17181,17181,4,0
2023-06-14 15:05:12,17181,17181,17181,2,0
2023-06-14 15:05:12,17181,17181,17181,2,0
2023-06-14 15:05:12,17181,17181,17181,2,0
2023-06-14 15:05:12,17181,17181,17181,2,0
2023-06-14 15:05:12,17181,17181,17181,2,0
2023-06-14 15:05:12,17181,17181,17181,2,0
2023-06-14 15:05:12,17181,17181,17181,2,0
2023-06-14 15:05:12,17181,17181,17181,2,0
2023-06-14 15:05:12,17180,17180,17180,2,-2
2023-06-14 15:05:12,17180,17180,17180,2,0
2023-06-14 15:05:12,17182,17182,17182,2,2
2023-06-14 15:05:17,17181,17181,17181,2,-2
2023-06-14 15:05:17,17180,17180,17180,2,-2
2023-06-14 15:05:20,17180,17180,17180,2,0
2023-06-14 15:05:20,17180,17180,17180,2,0
2023-06-14 15:05:21,17180,17180,17180,2,0
2023-06-14 15:05:21,17180,17180,17180,2,0
2023-06-14 15:05:22,17180,17180,17180,2,0
2023-06-14 15:05:22,17180,17180,17180,2,0
2023-06-14 15:05:23,17180,17180,17180,2,0
2023-06-14 15:05:23,17180,17180,17180,2,0
2023-06-14 15:05:23,17180,17180,17180,2,0
2023-06-14 15:05:24,17180,17180,17180,2,0
2023-06-14 15:05:24,17180,17180,17180,2,0
2023-06-14 15:05:24,17179,17179,17179,4,-4
2023-06-14 15:05:24,17179,17179,17179,2,0
2023-06-14 15:05:24,17179,17179,17179,2,0
2023-06-14 15:05:24,17180,17180,17180,2,2
2023-06-14 15:05:25,17180,17180,17180,2,0
2023-06-14 15:05:25,17179,17179,17179,2,-2
2023-06-14 15:05:25,17179,17179,17179,2,0
2023-06-14 15:05:33,17179,17179,17179,2,0
2023-06-14 15:05:33,17179,17179,17179,2,0
2023-06-14 15:05:34,17178,17178,17178,2,-2
2023-06-14 15:05:34,17180,17180,17180,2,2
2023-06-14 15:05:37,17179,17179,17179,8,-8
2023-06-14 15:05:39,17179,17179,17179,2,0
2023-06-14 15:05:39,17179,17179,17179,2,0
2023-06-14 15:05:40,17178,17178,17178,14,-14
2023-06-14 15:05:40,17178,17178,17178,6,0
2023-06-14 15:05:40,17180,17180,17180,2,2
2023-06-14 15:05:41,17179,17179,17179,2,-2
2023-06-14 15:05:41,17179,17179,17179,2,0
2023-06-14 15:05:44,17178,17178,17178,6,-6
2023-06-14 15:05:44,17178,17178,17178,2,0
2023-06-14 15:05:44,17178,17178,17178,4,0
2023-06-14 15:05:47,17180,17180,17180,10,10
2023-06-14 15:05:50,17180,17180,17180,4,0
2023-06-14 15:05:50,17180,17180,17180,6,0
2023-06-14 15:05:52,17180,17180,17180,2,0
2023-06-14 15:05:52,17180,17180,17180,2,0
2023-06-14 15:05:52,17181,17181,17181,6,6
2023-06-14 15:05:59,17180,17180,17180,2,-2
2023-06-14 15:06:01,17181,17181,17181,2,2
2023-06-14 15:06:01,17181,17181,17181,2,0
2023-06-14 15:06:01,17181,17181,17181,2,0
2023-06-14 15:06:02,17181,17181,17181,2,0
2023-06-14 15:06:02,17182,17182,17182,4,4
2023-06-14 15:06:06,17182,17182,17182,2,0
2023-06-14 15:06:11,17182,17182,17182,2,0
2023-06-14 15:06:16,17182,17182,17182,6,0
2023-06-14 15:06:20,17184,17184,17184,2,2
2023-06-14 15:06:23,17185,17185,17185,2,2
2023-06-14 15:06:23,17185,17185,17185,4,0
2023-06-14 15:06:23,17186,17186,17186,4,4
2023-06-14 15:06:25,17185,17185,17185,2,-2
2023-06-14 15:06:27,17185,17185,17185,2,0
2023-06-14 15:06:28,17185,17185,17185,2,0
2023-06-14 15:06:32,17186,17186,17186,40,40
2023-06-14 15:06:32,17186,17186,17186,2,0
2023-06-14 15:06:32,17187,17187,17187,4,4
2023-06-14 15:06:38,17187,17187,17187,2,0
2023-06-14 15:06:38,17188,17188,17188,4,4
2023-06-14 15:06:39,17188,17188,17188,2,0
2023-06-14 15:06:39,17188,17188,17188,4,0
2023-06-14 15:06:39,17188,17188,17188,2,0
2023-06-14 15:06:40,17187,17187,17187,6,-6
2023-06-14 15:06:40,17187,17187,17187,4,0
2023-06-14 15:06:41,17189,17189,17189,2,2
2023-06-14 15:06:41,17189,17189,17189,2,0
2023-06-14 15:06:48,17189,17189,17189,2,0
2023-06-14 15:06:48,17188,17188,17188,2,-2
2023-06-14 15:06:48,17187,17187,17187,2,-2
2023-06-14 15:06:49,17189,17189,17189,2,2
2023-06-14 15:06:58,17189,17189,17189,2,0
2023-06-14 15:06:59,17188,17188,17188,2,-2
2023-06-14 15:06:59,17188,17188,17188,4,0
2023-06-14 15:06:59,17188,17188,17188,2,0
2023-06-14 15:06:59,17187,17187,17187,2,-2
2023-06-14 15:06:59,17187,17187,17187,2,0
2023-06-14 15:06:59,17187,17187,17187,2,0
2023-06-14 15:06:59,17187,17187,17187,6,0
2023-06-14 15:06:59,17187,17187,17187,2,0
2023-06-14 15:06:59,17187,17187,17187,4,0
2023-06-14 15:07:00,17187,17187,17187,4,0
2023-06-14 15:07:00,17187,17187,17187,2,0
2023-06-14 15:07:01,17187,17187,17187,2,0
2023-06-14 15:07:02,17187,17187,17187,20,0
2023-06-14 15:07:02,17187,17187,17187,4,0
2023-06-14 15:07:02,17187,17187,17187,2,0
2023-06-14 15:07:03,17188,17188,17188,6,6
2023-06-14 15:07:08,17187,17187,17187,2,-2
2023-06-14 15:07:14,17186,17186,17186,2,-2
2023-06-14 15:07:15,17186,17186,17186,2,0
2023-06-14 15:07:17,17185,17185,17185,2,-2
2023-06-14 15:07:19,17185,17185,17185,2,0
2023-06-14 15:07:20,17185,17185,17185,2,0
2023-06-14 15:07:21,17186,17186,17186,2,2
2023-06-14 15:07:21,17187,17187,17187,4,4
2023-06-14 15:07:22,17185,17185,17185,2,-2
2023-06-14 15:07:23,17185,17185,17185,2,0
2023-06-14 15:07:23,17185,17185,17185,2,0
2023-06-14 15:07:23,17185,17185,17185,2,0
2023-06-14 15:07:24,17187,17187,17187,4,4
2023-06-14 15:07:24,17185,17185,17185,2,-2
2023-06-14 15:07:24,17185,17185,17185,2,0
2023-06-14 15:07:35,17185,17185,17185,2,0
2023-06-14 15:07:35,17185,17185,17185,2,0
2023-06-14 15:07:49,17185,17185,17185,4,0
2023-06-14 15:07:49,17185,17185,17185,2,0
2023-06-14 15:07:49,17185,17185,17185,2,0
2023-06-14 15:07:50,17184,17184,17184,2,-2
2023-06-14 15:07:50,17184,17184,17184,4,0
2023-06-14 15:07:50,17184,17184,17184,2,0
2023-06-14 15:07:56,17184,17184,17184,6,0
2023-06-14 15:07:56,17185,17185,17185,4,4
2023-06-14 15:08:08,17185,17185,17185,2,0
2023-06-14 15:08:09,17183,17183,17183,2,-2
2023-06-14 15:08:09,17183,17183,17183,2,0
2023-06-14 15:08:09,17183,17183,17183,2,0
2023-06-14 15:08:09,17183,17183,17183,2,0
2023-06-14 15:08:09,17183,17183,17183,2,0
2023-06-14 15:08:09,17183,17183,17183,2,0
2023-06-14 15:08:10,17184,17184,17184,2,2
2023-06-14 15:08:11,17184,17184,17184,2,0
2023-06-14 15:08:11,17183,17183,17183,2,-2
2023-06-14 15:08:15,17183,17183,17183,4,0
2023-06-14 15:08:20,17184,17184,17184,2,2
2023-06-14 15:08:24,17184,17184,17184,2,0
2023-06-14 15:08:24,17184,17184,17184,2,0
2023-06-14 15:08:31,17184,17184,17184,2,0
2023-06-14 15:08:33,17183,17183,17183,4,-4
2023-06-14 15:08:36,17183,17183,17183,2,0
2023-06-14 15:08:39,17184,17184,17184,4,4
2023-06-14 15:08:42,17183,17183,17183,2,-2
2023-06-14 15:08:48,17183,17183,17183,2,0
2023-06-14 15:08:51,17184,17184,17184,2,2
2023-06-14 15:09:15,17184,17184,17184,34,0
2023-06-14 15:09:15,17184,17184,17184,6,0
2023-06-14 15:09:20,17185,17185,17185,6,6
2023-06-14 15:09:20,17185,17185,17185,2,0
2023-06-14 15:09:20,17185,17185,17185,2,0
2023-06-14 15:09:20,17185,17185,17185,2,0
2023-06-14 15:09:20,17185,17185,17185,46,0
2023-06-14 15:09:21,17186,17186,17186,2,2
2023-06-14 15:09:22,17186,17186,17186,2,0
2023-06-14 15:09:22,17186,17186,17186,2,0
2023-06-14 15:09:22,17186,17186,17186,2,0
2023-06-14 15:09:26,17186,17186,17186,2,0
2023-06-14 15:09:36,17186,17186,17186,2,0
2023-06-14 15:09:38,17186,17186,17186,2,0
2023-06-14 15:09:38,17186,17186,17186,2,0
2023-06-14 15:09:38,17186,17186,17186,2,0
2023-06-14 15:09:38,17186,17186,17186,2,0
2023-06-14 15:09:38,17186,17186,17186,2,0
2023-06-14 15:09:38,17186,17186,17186,6,0
2023-06-14 15:09:38,17186,17186,17186,6,0
2023-06-14 15:09:39,17187,17187,17187,2,2
2023-06-14 15:09:39,17188,17188,17188,2,2
2023-06-14 15:09:39,17188,17188,17188,2,0
2023-06-14 15:09:39,17188,17188,17188,4,0
2023-06-14 15:09:41,17187,17187,17187,2,-2
2023-06-14 15:09:42,17188,17188,17188,2,2
2023-06-14 15:09:44,17188,17188,17188,2,0
2023-06-14 15:09:45,17188,17188,17188,2,0
2023-06-14 15:09:45,17187,17187,17187,2,-2
2023-06-14 15:09:47,17188,17188,17188,2,2
2023-06-14 15:09:48,17188,17188,17188,2,0
2023-06-14 15:09:49,17188,17188,17188,4,0
2023-06-14 15:09:49,17189,17189,17189,2,2
2023-06-14 15:09:52,17188,17188,17188,2,-2
2023-06-14 15:09:55,17188,17188,17188,2,0
2023-06-14 15:10:00,17189,17189,17189,2,2
2023-06-14 15:10:00,17188,17188,17188,2,-2
2023-06-14 15:10:00,17187,17187,17187,2,-2
2023-06-14 15:10:00,17187,17187,17187,2,0
2023-06-14 15:10:00,17187,17187,17187,4,0
2023-06-14 15:10:01,17187,17187,17187,2,0
2023-06-14 15:10:06,17185,17185,17185,2,-2
2023-06-14 15:10:06,17185,17185,17185,2,0
2023-06-14 15:10:10,17186,17186,17186,2,2
2023-06-14 15:10:14,17186,17186,17186,2,0
2023-06-14 15:10:16,17185,17185,17185,2,-2
2023-06-14 15:10:16,17185,17185,17185,2,0
2023-06-14 15:10:17,17185,17185,17185,2,0
2023-06-14 15:10:20,17184,17184,17184,2,-2
2023-06-14 15:10:20,17184,17184,17184,2,0
2023-06-14 15:10:21,17185,17185,17185,2,2
2023-06-14 15:10:33,17185,17185,17185,4,0
2023-06-14 15:10:39,17186,17186,17186,2,2
2023-06-14 15:10:40,17185,17185,17185,2,-2
2023-06-14 15:10:44,17185,17185,17185,2,0
2023-06-14 15:10:46,17187,17187,17187,2,2
2023-06-14 15:10:46,17185,17185,17185,2,-2
2023-06-14 15:10:48,17185,17185,17185,6,0
2023-06-14 15:10:48,17185,17185,17185,2,0
2023-06-14 15:10:48,17185,17185,17185,2,0
2023-06-14 15:10:55,17186,17186,17186,2,2
2023-06-14 15:10:57,17186,17186,17186,2,0
2023-06-14 15:10:57,17186,17186,17186,2,0
2023-06-14 15:11:04,17185,17185,17185,2,-2
2023-06-14 15:11:09,17186,17186,17186,2,2
2023-06-14 15:11:15,17186,17186,17186,2,0
2023-06-14 15:11:16,17186,17186,17186,2,0
2023-06-14 15:11:27,17186,17186,17186,4,0
2023-06-14 15:11:27,17186,17186,17186,14,0
2023-06-14 15:11:28,17187,17187,17187,6,6
2023-06-14 15:11:29,17188,17188,17188,4,4
2023-06-14 15:11:33,17188,17188,17188,4,0
2023-06-14 15:11:33,17189,17189,17189,2,2
2023-06-14 15:11:39,17188,17188,17188,2,-2
2023-06-14 15:11:39,17189,17189,17189,2,2
2023-06-14 15:11:39,17189,17189,17189,22,0
2023-06-14 15:11:46,17189,17189,17189,2,0
2023-06-14 15:11:46,17189,17189,17189,4,0
2023-06-14 15:11:47,17189,17189,17189,2,0
2023-06-14 15:11:52,17189,17189,17189,2,0
2023-06-14 15:11:55,17189,17189,17189,2,0
2023-06-14 15:12:00,17189,17189,17189,6,0
2023-06-14 15:12:04,17189,17189,17189,2,0
2023-06-14 15:12:04,17189,17189,17189,4,0
2023-06-14 15:12:04,17189,17189,17189,2,0
2023-06-14 15:12:04,17188,17188,17188,2,-2
2023-06-14 15:12:05,17188,17188,17188,2,0
2023-06-14 15:12:05,17188,17188,17188,2,0
2023-06-14 15:12:05,17188,17188,17188,2,0
2023-06-14 15:12:05,17188,17188,17188,4,0
2023-06-14 15:12:06,17188,17188,17188,2,0
2023-06-14 15:12:06,17188,17188,17188,2,0
2023-06-14 15:12:06,17188,17188,17188,2,0
2023-06-14 15:12:06,17188,17188,17188,2,0
2023-06-14 15:12:06,17188,17188,17188,2,0
2023-06-14 15:12:06,17188,17188,17188,2,0
2023-06-14 15:12:12,17188,17188,17188,2,0
2023-06-14 15:12:16,17188,17188,17188,2,0
2023-06-14 15:12:16,17188,17188,17188,2,0
2023-06-14 15:12:17,17187,17187,17187,2,-2
2023-06-14 15:12:17,17187,17187,17187,2,0
2023-06-14 15:12:17,17187,17187,17187,6,0
2023-06-14 15:12:17,17187,17187,17187,2,0
2023-06-14 15:12:17,17187,17187,17187,2,0
2023-06-14 15:12:19,17186,17186,17186,2,-2
2023-06-14 15:12:19,17186,17186,17186,2,0
2023-06-14 15:12:32,17187,17187,17187,2,2
2023-06-14 15:12:32,17187,17187,17187,2,0
2023-06-14 15:12:32,17187,17187,17187,2,0
2023-06-14 15:12:57,17186,17186,17186,2,-2
2023-06-14 15:12:57,17186,17186,17186,2,0
2023-06-14 15:13:00,17186,17186,17186,8,0
2023-06-14 15:13:00,17186,17186,17186,2,0
2023-06-14 15:13:03,17187,17187,17187,6,6
2023-06-14 15:13:03,17187,17187,17187,4,0
2023-06-14 15:13:04,17187,17187,17187,2,0
2023-06-14 15:13:09,17187,17187,17187,2,0
2023-06-14 15:13:09,17187,17187,17187,2,0
2023-06-14 15:13:15,17188,17188,17188,2,2
2023-06-14 15:13:27,17187,17187,17187,2,-2
2023-06-14 15:13:27,17187,17187,17187,2,0
2023-06-14 15:13:43,17188,17188,17188,2,2
2023-06-14 15:13:43,17188,17188,17188,2,0
2023-06-14 15:13:51,17188,17188,17188,2,0
2023-06-14 15:13:56,17189,17189,17189,14,14
2023-06-14 15:13:56,17189,17189,17189,10,0
2023-06-14 15:13:56,17190,17190,17190,90,90
2023-06-14 15:13:56,17190,17190,17190,12,0
2023-06-14 15:13:56,17190,17190,17190,4,0
2023-06-14 15:13:56,17190,17190,17190,2,0
2023-06-14 15:13:56,17190,17190,17190,4,0
2023-06-14 15:13:56,17190,17190,17190,10,0
2023-06-14 15:13:56,17191,17191,17191,4,4
2023-06-14 15:13:56,17191,17191,17191,8,0
2023-06-14 15:13:56,17191,17191,17191,8,0
2023-06-14 15:13:56,17191,17191,17191,2,0
2023-06-14 15:13:56,17191,17191,17191,6,0
2023-06-14 15:14:01,17191,17191,17191,2,0
2023-06-14 15:14:01,17191,17191,17191,2,0
2023-06-14 15:14:08,17191,17191,17191,2,0
2023-06-14 15:14:14,17191,17191,17191,2,0
2023-06-14 15:14:14,17191,17191,17191,2,0
2023-06-14 15:14:15,17191,17191,17191,2,0
2023-06-14 15:14:16,17191,17191,17191,6,0
2023-06-14 15:14:16,17192,17192,17192,2,2
2023-06-14 15:14:16,17192,17192,17192,10,0
2023-06-14 15:14:16,17192,17192,17192,2,0
2023-06-14 15:14:16,17192,17192,17192,2,0
2023-06-14 15:14:16,17192,17192,17192,10,0
2023-06-14 15:14:16,17193,17193,17193,2,2
2023-06-14 15:14:16,17194,17194,17194,8,8
2023-06-14 15:14:16,17194,17194,17194,2,0
2023-06-14 15:14:16,17194,17194,17194,2,0
2023-06-14 15:14:16,17194,17194,17194,8,0
2023-06-14 15:14:16,17194,17194,17194,2,0
2023-06-14 15:14:16,17193,17193,17193,2,-2
2023-06-14 15:14:17,17193,17193,17193,2,0
2023-06-14 15:14:17,17194,17194,17194,2,2
2023-06-14 15:14:23,17193,17193,17193,2,-2
2023-06-14 15:14:23,17193,17193,17193,2,0
2023-06-14 15:14:25,17193,17193,17193,2,0
2023-06-14 15:14:30,17193,17193,17193,4,0
2023-06-14 15:14:31,17194,17194,17194,8,8
2023-06-14 15:14:32,17195,17195,17195,4,4
2023-06-14 15:14:32,17195,17195,17195,2,0
2023-06-14 15:14:32,17193,17193,17193,2,-2
2023-06-14 15:14:34,17195,17195,17195,2,2
2023-06-14 15:14:35,17193,17193,17193,4,-4
2023-06-14 15:14:35,17193,17193,17193,2,0
2023-06-14 15:14:35,17195,17195,17195,2,2
2023-06-14 15:14:40,17195,17195,17195,10,0
2023-06-14 15:14:41,17195,17195,17195,2,0
2023-06-14 15:14:41,17194,17194,17194,2,-2
2023-06-14 15:14:43,17195,17195,17195,8,8
2023-06-14 15:14:43,17196,17196,17196,2,2
2023-06-14 15:14:46,17195,17195,17195,2,-2
2023-06-14 15:14:46,17195,17195,17195,2,0
2023-06-14 15:14:46,17195,17195,17195,2,0
2023-06-14 15:14:50,17196,17196,17196,4,4
2023-06-14 15:14:50,17196,17196,17196,6,0
2023-06-14 15:14:50,17197,17197,17197,4,4
2023-06-14 15:14:51,17197,17197,17197,2,0
2023-06-14 15:14:51,17198,17198,17198,2,2
2023-06-14 15:14:52,17198,17198,17198,2,0
2023-06-14 15:14:53,17197,17197,17197,2,-2
2023-06-14 15:14:54,17198,17198,17198,10,10
2023-06-14 15:14:54,17198,17198,17198,10,0
2023-06-14 15:14:54,17197,17197,17197,2,-2
2023-06-14 15:14:54,17197,17197,17197,2,0
2023-06-14 15:14:57,17198,17198,17198,2,2
2023-06-14 15:14:58,17198,17198,17198,2,0
2023-06-14 15:15:02,17198,17198,17198,2,0
2023-06-14 15:15:02,17197,17197,17197,4,-4
2023-06-14 15:15:02,17199,17199,17199,2,2
2023-06-14 15:15:02,17199,17199,17199,2,0
2023-06-14 15:15:02,17199,17199,17199,2,0
2023-06-14 15:15:03,17199,17199,17199,2,0
2023-06-14 15:15:03,17197,17197,17197,4,-4
2023-06-14 15:15:03,17199,17199,17199,2,2
2023-06-14 15:15:03,17199,17199,17199,2,0
2023-06-14 15:15:03,17199,17199,17199,2,0
2023-06-14 15:15:03,17198,17198,17198,2,-2
2023-06-14 15:15:03,17199,17199,17199,14,14
2023-06-14 15:15:04,17199,17199,17199,2,0
2023-06-14 15:15:04,17199,17199,17199,2,0
2023-06-14 15:15:05,17200,17200,17200,2,2
2023-06-14 15:15:05,17200,17200,17200,2,0
2023-06-14 15:15:05,17199,17199,17199,2,-2
2023-06-14 15:15:05,17198,17198,17198,2,-2
2023-06-14 15:15:05,17199,17199,17199,2,2
2023-06-14 15:15:06,17198,17198,17198,4,-4
2023-06-14 15:15:08,17199,17199,17199,2,2
2023-06-14 15:15:08,17199,17199,17199,2,0
2023-06-14 15:15:10,17199,17199,17199,10,0
2023-06-14 15:15:10,17199,17199,17199,2,0
2023-06-14 15:15:10,17199,17199,17199,2,0
2023-06-14 15:15:10,17199,17199,17199,2,0
2023-06-14 15:15:10,17198,17198,17198,4,-4
2023-06-14 15:15:11,17198,17198,17198,2,0
2023-06-14 15:15:13,17199,17199,17199,2,2
2023-06-14 15:15:14,17199,17199,17199,2,0
2023-06-14 15:15:14,17199,17199,17199,2,0
2023-06-14 15:15:16,17199,17199,17199,24,0
2023-06-14 15:15:17,17198,17198,17198,2,-2
2023-06-14 15:15:17,17198,17198,17198,2,0
2023-06-14 15:15:19,17198,17198,17198,2,0
2023-06-14 15:15:20,17198,17198,17198,8,0
2023-06-14 15:15:22,17198,17198,17198,2,0
2023-06-14 15:15:23,17198,17198,17198,12,0
2023-06-14 15:15:23,17198,17198,17198,2,0
2023-06-14 15:15:29,17198,17198,17198,4,0
2023-06-14 15:15:29,17198,17198,17198,6,0
2023-06-14 15:15:33,17198,17198,17198,2,0
2023-06-14 15:15:33,17198,17198,17198,10,0
2023-06-14 15:15:34,17198,17198,17198,10,0
2023-06-14 15:15:35,17197,17197,17197,2,-2
2023-06-14 15:15:35,17197,17197,17197,16,0
2023-06-14 15:15:35,17197,17197,17197,2,0
2023-06-14 15:15:35,17197,17197,17197,2,0
2023-06-14 15:15:35,17197,17197,17197,2,0
2023-06-14 15:15:35,17197,17197,17197,2,0
2023-06-14 15:15:36,17197,17197,17197,2,0
2023-06-14 15:15:36,17197,17197,17197,6,0
2023-06-14 15:15:38,17197,17197,17197,4,0
2023-06-14 15:15:39,17197,17197,17197,2,0
2023-06-14 15:15:42,17197,17197,17197,4,0
2023-06-14 15:15:42,17197,17197,17197,2,0
2023-06-14 15:15:43,17197,17197,17197,2,0
2023-06-14 15:15:43,17197,17197,17197,2,0
2023-06-14 15:15:44,17197,17197,17197,2,0
2023-06-14 15:15:44,17197,17197,17197,4,0
2023-06-14 15:15:46,17197,17197,17197,4,0
2023-06-14 15:15:49,17198,17198,17198,4,4
2023-06-14 15:15:54,17197,17197,17197,4,-4
2023-06-14 15:15:56,17197,17197,17197,2,0
2023-06-14 15:15:56,17197,17197,17197,4,0
2023-06-14 15:15:57,17197,17197,17197,6,0
2023-06-14 15:15:59,17198,17198,17198,4,4
2023-06-14 15:16:02,17197,17197,17197,2,-2
2023-06-14 15:16:02,17198,17198,17198,2,2
2023-06-14 15:16:02,17198,17198,17198,2,0
2023-06-14 15:16:02,17198,17198,17198,2,0
2023-06-14 15:16:02,17198,17198,17198,36,0
2023-06-14 15:16:04,17198,17198,17198,4,0
2023-06-14 15:16:06,17199,17199,17199,4,4
2023-06-14 15:16:06,17199,17199,17199,2,0
2023-06-14 15:16:07,17199,17199,17199,2,0
2023-06-14 15:16:07,17199,17199,17199,10,0
2023-06-14 15:16:07,17199,17199,17199,2,0
2023-06-14 15:16:07,17199,17199,17199,2,0
2023-06-14 15:16:07,17199,17199,17199,2,0
2023-06-14 15:16:09,17200,17200,17200,2,2
2023-06-14 15:16:10,17199,17199,17199,2,-2
2023-06-14 15:16:13,17200,17200,17200,2,2
2023-06-14 15:16:14,17200,17200,17200,24,0
2023-06-14 15:16:15,17200,17200,17200,6,0
2023-06-14 15:16:15,17200,17200,17200,2,0
2023-06-14 15:16:15,17200,17200,17200,6,0
2023-06-14 15:16:16,17199,17199,17199,2,-2
2023-06-14 15:16:16,17200,17200,17200,22,22
2023-06-14 15:16:19,17201,17201,17201,2,2
2023-06-14 15:16:19,17201,17201,17201,2,0
2023-06-14 15:16:19,17201,17201,17201,2,0
2023-06-14 15:16:19,17201,17201,17201,2,0
2023-06-14 15:16:19,17201,17201,17201,6,0
2023-06-14 15:16:20,17202,17202,17202,2,2
2023-06-14 15:16:20,17201,17201,17201,2,-2
2023-06-14 15:16:20,17202,17202,17202,2,2
2023-06-14 15:16:21,17201,17201,17201,2,-2
2023-06-14 15:16:22,17202,17202,17202,12,12
2023-06-14 15:16:23,17202,17202,17202,6,0
2023-06-14 15:16:24,17202,17202,17202,2,0
2023-06-14 15:16:29,17202,17202,17202,2,0
2023-06-14 15:16:29,17202,17202,17202,2,0
2023-06-14 15:16:29,17201,17201,17201,2,-2
2023-06-14 15:16:30,17201,17201,17201,6,0
2023-06-14 15:16:30,17202,17202,17202,2,2
2023-06-14 15:16:30,17201,17201,17201,2,-2
2023-06-14 15:16:30,17201,17201,17201,2,0
2023-06-14 15:16:33,17201,17201,17201,6,0
2023-06-14 15:16:33,17201,17201,17201,2,0
2023-06-14 15:16:34,17201,17201,17201,4,0
2023-06-14 15:16:35,17201,17201,17201,2,0
2023-06-14 15:16:37,17201,17201,17201,4,0
2023-06-14 15:16:37,17202,17202,17202,24,24
2023-06-14 15:16:37,17201,17201,17201,4,-4
2023-06-14 15:16:37,17201,17201,17201,2,0
2023-06-14 15:16:37,17201,17201,17201,2,0
2023-06-14 15:16:37,17201,17201,17201,2,0
2023-06-14 15:16:39,17202,17202,17202,2,2
2023-06-14 15:16:42,17201,17201,17201,2,-2
2023-06-14 15:16:44,17201,17201,17201,4,0
2023-06-14 15:16:47,17202,17202,17202,2,2
2023-06-14 15:16:50,17202,17202,17202,2,0
2023-06-14 15:16:51,17202,17202,17202,2,0
2023-06-14 15:16:53,17202,17202,17202,2,0
2023-06-14 15:16:53,17202,17202,17202,10,0
2023-06-14 15:16:58,17201,17201,17201,2,-2
2023-06-14 15:16:59,17201,17201,17201,8,0
2023-06-14 15:16:59,17201,17201,17201,2,0
2023-06-14 15:17:04,17201,17201,17201,4,0
2023-06-14 15:17:04,17202,17202,17202,4,4
2023-06-14 15:17:05,17201,17201,17201,2,-2
2023-06-14 15:17:06,17201,17201,17201,2,0
2023-06-14 15:17:10,17202,17202,17202,40,40
2023-06-14 15:17:12,17202,17202,17202,2,0
2023-06-14 15:17:15,17202,17202,17202,2,0
2023-06-14 15:17:16,17201,17201,17201,4,-4
2023-06-14 15:17:19,17202,17202,17202,10,10
2023-06-14 15:17:20,17202,17202,17202,4,0
2023-06-14 15:17:23,17202,17202,17202,2,0
2023-06-14 15:17:26,17203,17203,17203,40,40
2023-06-14 15:17:27,17203,17203,17203,2,0
2023-06-14 15:17:27,17203,17203,17203,6,0
2023-06-14 15:17:27,17204,17204,17204,2,2
2023-06-14 15:17:27,17204,17204,17204,2,0
2023-06-14 15:17:34,17204,17204,17204,2,0
2023-06-14 15:17:37,17204,17204,17204,2,0
2023-06-14 15:17:38,17204,17204,17204,2,0
2023-06-14 15:17:38,17204,17204,17204,4,0
2023-06-14 15:17:38,17204,17204,17204,8,0
2023-06-14 15:17:40,17205,17205,17205,2,2
2023-06-14 15:17:40,17205,17205,17205,2,0
2023-06-14 15:17:40,17205,17205,17205,2,0
2023-06-14 15:17:40,17204,17204,17204,2,-2
2023-06-14 15:17:40,17204,17204,17204,2,0
2023-06-14 15:17:41,17204,17204,17204,2,0
2023-06-14 15:17:42,17205,17205,17205,2,2
2023-06-14 15:17:42,17204,17204,17204,4,-4
2023-06-14 15:17:42,17204,17204,17204,2,0
2023-06-14 15:17:42,17204,17204,17204,2,0
2023-06-14 15:17:54,17204,17204,17204,2,0
2023-06-14 15:17:54,17204,17204,17204,2,0
2023-06-14 15:18:01,17204,17204,17204,2,0
2023-06-14 15:18:01,17205,17205,17205,2,2
2023-06-14 15:18:01,17205,17205,17205,2,0
2023-06-14 15:18:04,17204,17204,17204,2,-2
2023-06-14 15:18:05,17205,17205,17205,40,40
2023-06-14 15:18:05,17204,17204,17204,2,-2
2023-06-14 15:18:05,17204,17204,17204,2,0
2023-06-14 15:18:08,17204,17204,17204,2,0
2023-06-14 15:18:09,17205,17205,17205,28,28
2023-06-14 15:18:09,17205,17205,17205,4,0
2023-06-14 15:18:14,17205,17205,17205,2,0
2023-06-14 15:18:14,17206,17206,17206,4,4
2023-06-14 15:18:14,17206,17206,17206,2,0
2023-06-14 15:18:20,17206,17206,17206,4,0
2023-06-14 15:18:20,17206,17206,17206,8,0
2023-06-14 15:18:20,17206,17206,17206,2,0
2023-06-14 15:18:20,17206,17206,17206,2,0
2023-06-14 15:18:23,17206,17206,17206,2,0
2023-06-14 15:18:25,17206,17206,17206,2,0
2023-06-14 15:18:30,17206,17206,17206,2,0
2023-06-14 15:18:33,17206,17206,17206,2,0
2023-06-14 15:18:33,17205,17205,17205,2,-2
2023-06-14 15:18:33,17205,17205,17205,2,0
2023-06-14 15:18:33,17205,17205,17205,2,0
2023-06-14 15:18:33,17205,17205,17205,4,0
2023-06-14 15:18:33,17205,17205,17205,24,0
2023-06-14 15:18:33,17205,17205,17205,2,0
2023-06-14 15:18:33,17205,17205,17205,2,0
2023-06-14 15:18:33,17205,17205,17205,6,0
2023-06-14 15:18:33,17205,17205,17205,2,0
2023-06-14 15:18:33,17205,17205,17205,2,0
2023-06-14 15:18:33,17205,17205,17205,2,0
2023-06-14 15:18:33,17205,17205,17205,6,0
2023-06-14 15:18:34,17204,17204,17204,14,-14
2023-06-14 15:18:34,17204,17204,17204,2,0
2023-06-14 15:18:34,17204,17204,17204,2,0
2023-06-14 15:18:34,17204,17204,17204,2,0
2023-06-14 15:18:34,17203,17203,17203,2,-2
2023-06-14 15:18:34,17203,17203,17203,2,0
2023-06-14 15:18:37,17204,17204,17204,2,2
2023-06-14 15:18:41,17203,17203,17203,2,-2
2023-06-14 15:18:44,17203,17203,17203,2,0
2023-06-14 15:18:46,17203,17203,17203,4,0
2023-06-14 15:18:47,17202,17202,17202,2,-2
2023-06-14 15:18:47,17202,17202,17202,2,0
2023-06-14 15:18:50,17204,17204,17204,14,14
2023-06-14 15:18:50,17203,17203,17203,2,-2
2023-06-14 15:18:55,17203,17203,17203,4,0
2023-06-14 15:18:55,17203,17203,17203,2,0
2023-06-14 15:19:01,17203,17203,17203,2,0
2023-06-14 15:19:02,17204,17204,17204,4,4
2023-06-14 15:19:06,17203,17203,17203,2,-2
2023-06-14 15:19:09,17204,17204,17204,2,2
2023-06-14 15:19:09,17202,17202,17202,2,-2
2023-06-14 15:19:09,17202,17202,17202,2,0
2023-06-14 15:19:10,17203,17203,17203,2,2
2023-06-14 15:19:11,17202,17202,17202,2,-2
2023-06-14 15:19:12,17203,17203,17203,2,2
2023-06-14 15:19:19,17203,17203,17203,2,0
2023-06-14 15:19:20,17203,17203,17203,4,0
2023-06-14 15:19:30,17202,17202,17202,4,-4
2023-06-14 15:19:33,17203,17203,17203,2,2
2023-06-14 15:19:33,17203,17203,17203,2,0
2023-06-14 15:19:33,17203,17203,17203,2,0
2023-06-14 15:19:33,17203,17203,17203,2,0
2023-06-14 15:19:34,17203,17203,17203,2,0
2023-06-14 15:19:39,17203,17203,17203,2,0
2023-06-14 15:19:41,17204,17204,17204,10,10
2023-06-14 15:19:41,17205,17205,17205,12,12
2023-06-14 15:19:41,17205,17205,17205,2,0
2023-06-14 15:19:41,17205,17205,17205,2,0
2023-06-14 15:19:42,17205,17205,17205,6,0
2023-06-14 15:19:43,17205,17205,17205,4,0
2023-06-14 15:19:43,17206,17206,17206,2,2
2023-06-14 15:19:43,17205,17205,17205,4,-4
2023-06-14 15:19:46,17206,17206,17206,6,6
2023-06-14 15:19:46,17206,17206,17206,2,0
2023-06-14 15:19:46,17207,17207,17207,2,2
2023-06-14 15:19:46,17207,17207,17207,2,0
2023-06-14 15:19:47,17207,17207,17207,2,0
2023-06-14 15:19:48,17207,17207,17207,8,0
2023-06-14 15:19:48,17207,17207,17207,2,0
2023-06-14 15:19:48,17206,17206,17206,2,-2
2023-06-14 15:19:48,17207,17207,17207,2,2
2023-06-14 15:19:48,17207,17207,17207,2,0
2023-06-14 15:19:48,17207,17207,17207,2,0
2023-06-14 15:19:48,17207,17207,17207,2,0
2023-06-14 15:19:48,17207,17207,17207,2,0
2023-06-14 15:19:48,17207,17207,17207,4,0
2023-06-14 15:19:49,17207,17207,17207,4,0
2023-06-14 15:19:49,17207,17207,17207,2,0
2023-06-14 15:19:49,17208,17208,17208,4,4
2023-06-14 15:19:49,17208,17208,17208,2,0
2023-06-14 15:19:50,17208,17208,17208,2,0
2023-06-14 15:19:50,17208,17208,17208,2,0
2023-06-14 15:19:50,17206,17206,17206,2,-2
2023-06-14 15:19:51,17207,17207,17207,2,2
2023-06-14 15:19:52,17207,17207,17207,4,0
2023-06-14 15:19:53,17208,17208,17208,28,28
2023-06-14 15:19:54,17207,17207,17207,2,-2
2023-06-14 15:19:54,17208,17208,17208,2,2
2023-06-14 15:19:54,17208,17208,17208,4,0
2023-06-14 15:19:56,17208,17208,17208,2,0
2023-06-14 15:19:57,17208,17208,17208,2,0
2023-06-14 15:19:58,17208,17208,17208,12,0
2023-06-14 15:19:58,17209,17209,17209,8,8
2023-06-14 15:20:00,17207,17207,17207,2,-2
2023-06-14 15:20:00,17207,17207,17207,2,0
2023-06-14 15:20:00,17208,17208,17208,20,20
2023-06-14 15:20:01,17208,17208,17208,2,0
2023-06-14 15:20:01,17208,17208,17208,2,0
2023-06-14 15:20:01,17208,17208,17208,2,0
2023-06-14 15:20:01,17208,17208,17208,2,0
2023-06-14 15:20:01,17208,17208,17208,2,0
2023-06-14 15:20:01,17208,17208,17208,2,0
2023-06-14 15:20:01,17208,17208,17208,2,0
2023-06-14 15:20:01,17208,17208,17208,2,0
2023-06-14 15:20:01,17208,17208,17208,2,0
2023-06-14 15:20:01,17208,17208,17208,2,0
2023-06-14 15:20:01,17208,17208,17208,2,0
2023-06-14 15:20:01,17208,17208,17208,2,0
2023-06-14 15:20:02,17208,17208,17208,2,0
2023-06-14 15:20:02,17208,17208,17208,2,0
2023-06-14 15:20:02,17208,17208,17208,2,0
2023-06-14 15:20:02,17208,17208,17208,2,0
2023-06-14 15:20:02,17208,17208,17208,2,0
2023-06-14 15:20:02,17208,17208,17208,2,0
2023-06-14 15:20:03,17208,17208,17208,2,0
2023-06-14 15:20:05,17208,17208,17208,2,0
2023-06-14 15:20:05,17208,17208,17208,4,0
2023-06-14 15:20:06,17208,17208,17208,2,0
2023-06-14 15:20:11,17207,17207,17207,2,-2
2023-06-14 15:20:12,17207,17207,17207,2,0
2023-06-14 15:20:13,17207,17207,17207,2,0
2023-06-14 15:20:14,17206,17206,17206,2,-2
2023-06-14 15:20:14,17206,17206,17206,6,0
2023-06-14 15:20:14,17206,17206,17206,2,0
2023-06-14 15:20:14,17206,17206,17206,6,0
2023-06-14 15:20:14,17206,17206,17206,2,0
2023-06-14 15:20:14,17206,17206,17206,2,0
2023-06-14 15:20:14,17206,17206,17206,2,0
2023-06-14 15:20:16,17205,17205,17205,2,-2
2023-06-14 15:20:16,17205,17205,17205,2,0
2023-06-14 15:20:20,17205,17205,17205,6,0
2023-06-14 15:20:21,17205,17205,17205,2,0
2023-06-14 15:20:29,17205,17205,17205,2,0
2023-06-14 15:20:29,17205,17205,17205,2,0
2023-06-14 15:20:29,17206,17206,17206,2,2
2023-06-14 15:20:30,17205,17205,17205,2,-2
2023-06-14 15:20:31,17205,17205,17205,2,0
2023-06-14 15:20:37,17207,17207,17207,2,2
2023-06-14 15:20:37,17207,17207,17207,2,0
2023-06-14 15:20:40,17208,17208,17208,10,10
2023-06-14 15:20:40,17207,17207,17207,2,-2
2023-06-14 15:20:41,17207,17207,17207,2,0
2023-06-14 15:20:44,17207,17207,17207,2,0
2023-06-14 15:20:44,17207,17207,17207,2,0
2023-06-14 15:20:44,17207,17207,17207,6,0
2023-06-14 15:20:47,17206,17206,17206,2,-2
2023-06-14 15:20:47,17206,17206,17206,10,0
2023-06-14 15:20:47,17205,17205,17205,4,-4
2023-06-14 15:20:47,17205,17205,17205,2,0
2023-06-14 15:20:47,17205,17205,17205,2,0
2023-06-14 15:21:01,17206,17206,17206,2,2
2023-06-14 15:21:03,17206,17206,17206,2,0
2023-06-14 15:21:05,17206,17206,17206,4,0
2023-06-14 15:21:05,17206,17206,17206,2,0
2023-06-14 15:21:06,17206,17206,17206,2,0
2023-06-14 15:21:14,17206,17206,17206,2,0
2023-06-14 15:21:17,17206,17206,17206,4,0
2023-06-14 15:21:17,17206,17206,17206,2,0
2023-06-14 15:21:17,17206,17206,17206,8,0
2023-06-14 15:21:20,17207,17207,17207,2,2
2023-06-14 15:21:20,17206,17206,17206,2,-2
2023-06-14 15:21:27,17205,17205,17205,2,-2
2023-06-14 15:21:27,17206,17206,17206,2,2
2023-06-14 15:21:30,17205,17205,17205,4,-4
2023-06-14 15:21:33,17206,17206,17206,2,2
2023-06-14 15:21:38,17205,17205,17205,4,-4
2023-06-14 15:21:38,17205,17205,17205,2,0
2023-06-14 15:21:38,17205,17205,17205,2,0
2023-06-14 15:21:38,17205,17205,17205,2,0
2023-06-14 15:21:38,17205,17205,17205,2,0
2023-06-14 15:21:38,17205,17205,17205,4,0
2023-06-14 15:21:38,17205,17205,17205,4,0
2023-06-14 15:21:38,17206,17206,17206,4,4
2023-06-14 15:21:38,17207,17207,17207,4,4
2023-06-14 15:21:42,17206,17206,17206,2,-2
2023-06-14 15:21:42,17206,17206,17206,2,0
2023-06-14 15:21:47,17206,17206,17206,6,0
2023-06-14 15:21:47,17207,17207,17207,12,12
2023-06-14 15:21:57,17206,17206,17206,2,-2
2023-06-14 15:21:59,17207,17207,17207,2,2
2023-06-14 15:22:08,17205,17205,17205,2,-2
2023-06-14 15:22:08,17205,17205,17205,4,0
2023-06-14 15:22:08,17205,17205,17205,2,0
2023-06-14 15:22:13,17204,17204,17204,2,-2
2023-06-14 15:22:13,17204,17204,17204,2,0
2023-06-14 15:22:14,17204,17204,17204,2,0
2023-06-14 15:22:14,17203,17203,17203,2,-2
2023-06-14 15:22:15,17205,17205,17205,2,2
2023-06-14 15:22:16,17204,17204,17204,2,-2
2023-06-14 15:22:20,17203,17203,17203,2,-2
2023-06-14 15:22:20,17203,17203,17203,2,0
2023-06-14 15:22:23,17204,17204,17204,4,4
2023-06-14 15:22:25,17205,17205,17205,4,4
2023-06-14 15:22:25,17206,17206,17206,2,2
2023-06-14 15:22:28,17205,17205,17205,2,-2
2023-06-14 15:22:28,17204,17204,17204,2,-2
2023-06-14 15:22:28,17204,17204,17204,2,0
2023-06-14 15:22:31,17204,17204,17204,2,0
2023-06-14 15:22:35,17205,17205,17205,4,4
2023-06-14 15:22:38,17205,17205,17205,2,0
2023-06-14 15:22:40,17206,17206,17206,2,2
2023-06-14 15:22:41,17205,17205,17205,2,-2
2023-06-14 15:22:49,17205,17205,17205,2,0
2023-06-14 15:23:00,17206,17206,17206,2,2
2023-06-14 15:23:00,17207,17207,17207,2,2
2023-06-14 15:23:02,17207,17207,17207,2,0
2023-06-14 15:23:07,17205,17205,17205,2,-2
2023-06-14 15:23:07,17205,17205,17205,6,0
2023-06-14 15:23:07,17205,17205,17205,6,0
2023-06-14 15:23:07,17205,17205,17205,4,0
2023-06-14 15:23:07,17205,17205,17205,2,0
2023-06-14 15:23:07,17205,17205,17205,4,0
2023-06-14 15:23:07,17205,17205,17205,2,0
2023-06-14 15:23:07,17205,17205,17205,2,0
2023-06-14 15:23:07,17205,17205,17205,2,0
2023-06-14 15:23:07,17205,17205,17205,2,0
2023-06-14 15:23:09,17204,17204,17204,2,-2
2023-06-14 15:23:11,17204,17204,17204,2,0
2023-06-14 15:23:15,17204,17204,17204,2,0
2023-06-14 15:23:15,17204,17204,17204,2,0
2023-06-14 15:23:18,17204,17204,17204,2,0
2023-06-14 15:23:19,17203,17203,17203,2,-2
2023-06-14 15:23:20,17203,17203,17203,2,0
2023-06-14 15:23:23,17203,17203,17203,2,0
2023-06-14 15:23:24,17203,17203,17203,2,0
2023-06-14 15:23:24,17203,17203,17203,2,0
2023-06-14 15:23:27,17203,17203,17203,2,0
2023-06-14 15:23:29,17203,17203,17203,2,0
2023-06-14 15:23:30,17204,17204,17204,2,2
2023-06-14 15:23:36,17203,17203,17203,2,-2
2023-06-14 15:23:40,17204,17204,17204,2,2
2023-06-14 15:23:42,17204,17204,17204,2,0
2023-06-14 15:23:44,17204,17204,17204,8,0
2023-06-14 15:23:46,17205,17205,17205,2,2
2023-06-14 15:23:46,17205,17205,17205,6,0
2023-06-14 15:23:46,17205,17205,17205,2,0
2023-06-14 15:23:46,17205,17205,17205,2,0
2023-06-14 15:23:49,17205,17205,17205,2,0
2023-06-14 15:23:54,17204,17204,17204,2,-2
2023-06-14 15:23:54,17204,17204,17204,2,0
2023-06-14 15:23:55,17205,17205,17205,2,2
2023-06-14 15:23:56,17204,17204,17204,2,-2
2023-06-14 15:23:56,17204,17204,17204,2,0
2023-06-14 15:24:07,17205,17205,17205,2,2
2023-06-14 15:24:13,17205,17205,17205,2,0
2023-06-14 15:24:13,17205,17205,17205,2,0
2023-06-14 15:24:15,17205,17205,17205,2,0
2023-06-14 15:24:15,17205,17205,17205,4,0
2023-06-14 15:24:15,17205,17205,17205,4,0
2023-06-14 15:24:15,17205,17205,17205,2,0
2023-06-14 15:24:17,17206,17206,17206,2,2
2023-06-14 15:24:17,17206,17206,17206,2,0
2023-06-14 15:24:20,17207,17207,17207,6,6
2023-06-14 15:24:20,17207,17207,17207,4,0
2023-06-14 15:24:26,17207,17207,17207,2,0
2023-06-14 15:24:31,17208,17208,17208,2,2
2023-06-14 15:24:32,17207,17207,17207,2,-2
2023-06-14 15:24:43,17207,17207,17207,2,0
2023-06-14 15:24:46,17208,17208,17208,2,2
2023-06-14 15:24:46,17207,17207,17207,2,-2
2023-06-14 15:24:49,17207,17207,17207,2,0
2023-06-14 15:24:51,17207,17207,17207,2,0
2023-06-14 15:25:01,17207,17207,17207,2,0
2023-06-14 15:25:05,17207,17207,17207,2,0
2023-06-14 15:25:26,17206,17206,17206,2,-2
2023-06-14 15:25:27,17207,17207,17207,2,2
2023-06-14 15:25:28,17207,17207,17207,4,0
2023-06-14 15:25:57,17206,17206,17206,2,-2
2023-06-14 15:25:57,17206,17206,17206,2,0
2023-06-14 15:25:57,17206,17206,17206,2,0
2023-06-14 15:25:57,17206,17206,17206,4,0
2023-06-14 15:25:57,17206,17206,17206,4,0
2023-06-14 15:25:57,17206,17206,17206,2,0
2023-06-14 15:25:57,17206,17206,17206,2,0
2023-06-14 15:25:57,17206,17206,17206,2,0
2023-06-14 15:25:58,17205,17205,17205,2,-2
2023-06-14 15:25:58,17205,17205,17205,2,0
2023-06-14 15:26:00,17205,17205,17205,2,0
2023-06-14 15:26:00,17205,17205,17205,2,0
2023-06-14 15:26:00,17205,17205,17205,2,0
2023-06-14 15:26:02,17204,17204,17204,4,-4
2023-06-14 15:26:07,17205,17205,17205,2,2
2023-06-14 15:26:10,17205,17205,17205,2,0
2023-06-14 15:26:22,17205,17205,17205,2,0
2023-06-14 15:26:22,17205,17205,17205,2,0
2023-06-14 15:26:25,17205,17205,17205,4,0
2023-06-14 15:26:36,17205,17205,17205,2,0
2023-06-14 15:26:48,17206,17206,17206,2,2
2023-06-14 15:26:48,17206,17206,17206,6,0
2023-06-14 15:26:48,17207,17207,17207,2,2
2023-06-14 15:26:56,17205,17205,17205,2,-2
2023-06-14 15:27:05,17205,17205,17205,2,0
2023-06-14 15:27:07,17205,17205,17205,2,0
2023-06-14 15:27:08,17206,17206,17206,2,2
2023-06-14 15:27:11,17206,17206,17206,2,0
2023-06-14 15:27:14,17205,17205,17205,2,-2
2023-06-14 15:27:15,17205,17205,17205,2,0
2023-06-14 15:27:15,17205,17205,17205,2,0
2023-06-14 15:27:17,17206,17206,17206,2,2
2023-06-14 15:27:19,17206,17206,17206,2,0
2023-06-14 15:27:19,17206,17206,17206,2,0
2023-06-14 15:27:21,17205,17205,17205,2,-2
2023-06-14 15:27:21,17205,17205,17205,2,0
2023-06-14 15:27:21,17205,17205,17205,2,0
2023-06-14 15:27:21,17205,17205,17205,2,0
2023-06-14 15:27:24,17204,17204,17204,2,-2
2023-06-14 15:27:24,17204,17204,17204,2,0
2023-06-14 15:27:26,17204,17204,17204,2,0
2023-06-14 15:27:43,17204,17204,17204,2,0
2023-06-14 15:27:43,17205,17205,17205,2,2
2023-06-14 15:27:44,17203,17203,17203,2,-2
2023-06-14 15:27:47,17204,17204,17204,2,2
2023-06-14 15:27:51,17204,17204,17204,2,0
2023-06-14 15:27:52,17204,17204,17204,2,0
2023-06-14 15:27:56,17206,17206,17206,2,2
2023-06-14 15:28:00,17206,17206,17206,2,0
2023-06-14 15:28:00,17206,17206,17206,2,0
2023-06-14 15:28:00,17206,17206,17206,2,0
2023-06-14 15:28:00,17205,17205,17205,2,-2
2023-06-14 15:28:00,17206,17206,17206,2,2
2023-06-14 15:28:04,17206,17206,17206,2,0
2023-06-14 15:28:12,17206,17206,17206,2,0
2023-06-14 15:28:14,17206,17206,17206,10,0
2023-06-14 15:28:14,17206,17206,17206,16,0
2023-06-14 15:28:14,17206,17206,17206,6,0
2023-06-14 15:28:14,17206,17206,17206,10,0
2023-06-14 15:28:31,17207,17207,17207,6,6
2023-06-14 15:28:32,17206,17206,17206,2,-2
2023-06-14 15:28:32,17206,17206,17206,6,0
2023-06-14 15:28:32,17206,17206,17206,2,0
2023-06-14 15:28:32,17206,17206,17206,2,0
2023-06-14 15:28:34,17206,17206,17206,2,0
2023-06-14 15:28:34,17206,17206,17206,2,0
2023-06-14 15:28:34,17206,17206,17206,8,0
2023-06-14 15:28:41,17206,17206,17206,4,0
2023-06-14 15:29:15,17206,17206,17206,2,0
2023-06-14 15:29:15,17207,17207,17207,2,2
2023-06-14 15:29:15,17206,17206,17206,2,-2
2023-06-14 15:29:23,17206,17206,17206,2,0
2023-06-14 15:29:25,17206,17206,17206,4,0
2023-06-14 15:29:40,17207,17207,17207,8,8
2023-06-14 15:29:47,17207,17207,17207,2,0
2023-06-14 15:29:49,17207,17207,17207,4,0
2023-06-14 15:29:51,17207,17207,17207,2,0
2023-06-14 15:30:01,17208,17208,17208,2,2
2023-06-14 15:30:01,17208,17208,17208,2,0
2023-06-14 15:30:03,17208,17208,17208,2,0
2023-06-14 15:30:04,17207,17207,17207,2,-2
2023-06-14 15:30:04,17207,17207,17207,2,0
2023-06-14 15:30:10,17208,17208,17208,4,4
2023-06-14 15:30:13,17208,17208,17208,2,0
2023-06-14 15:30:14,17207,17207,17207,2,-2
2023-06-14 15:30:14,17207,17207,17207,2,0
2023-06-14 15:30:14,17207,17207,17207,4,0
2023-06-14 15:30:23,17207,17207,17207,2,0
2023-06-14 15:30:25,17207,17207,17207,2,0
2023-06-14 15:30:32,17208,17208,17208,2,2
2023-06-14 15:30:33,17208,17208,17208,4,0
2023-06-14 15:30:35,17208,17208,17208,4,0
2023-06-14 15:30:38,17208,17208,17208,20,0
2023-06-14 15:30:38,17209,17209,17209,2,2
2023-06-14 15:30:38,17209,17209,17209,2,0
2023-06-14 15:30:44,17209,17209,17209,2,0
2023-06-14 15:30:44,17209,17209,17209,2,0
2023-06-14 15:30:44,17209,17209,17209,2,0
2023-06-14 15:30:44,17209,17209,17209,2,0
2023-06-14 15:30:44,17209,17209,17209,4,0
2023-06-14 15:30:44,17209,17209,17209,2,0
2023-06-14 15:30:44,17209,17209,17209,2,0
2023-06-14 15:30:44,17209,17209,17209,2,0
2023-06-14 15:30:44,17209,17209,17209,8,0
2023-06-14 15:30:46,17210,17210,17210,2,2
2023-06-14 15:30:46,17210,17210,17210,4,0
2023-06-14 15:30:46,17210,17210,17210,20,0
2023-06-14 15:30:46,17210,17210,17210,2,0
2023-06-14 15:30:46,17211,17211,17211,2,2
2023-06-14 15:30:47,17211,17211,17211,10,0
2023-06-14 15:30:47,17211,17211,17211,2,0
2023-06-14 15:30:47,17211,17211,17211,2,0
2023-06-14 15:30:47,17211,17211,17211,2,0
2023-06-14 15:30:47,17211,17211,17211,2,0
2023-06-14 15:30:47,17211,17211,17211,2,0
2023-06-14 15:30:47,17212,17212,17212,2,2
2023-06-14 15:30:47,17212,17212,17212,2,0
2023-06-14 15:30:47,17212,17212,17212,2,0
2023-06-14 15:30:47,17212,17212,17212,2,0
2023-06-14 15:30:48,17212,17212,17212,4,0
2023-06-14 15:30:49,17211,17211,17211,4,-4
2023-06-14 15:30:49,17211,17211,17211,2,0
2023-06-14 15:30:49,17211,17211,17211,2,0
2023-06-14 15:30:50,17212,17212,17212,12,12
2023-06-14 15:30:51,17213,17213,17213,2,2
2023-06-14 15:30:51,17212,17212,17212,2,-2
2023-06-14 15:30:51,17213,17213,17213,2,2
2023-06-14 15:30:51,17212,17212,17212,2,-2
2023-06-14 15:30:52,17213,17213,17213,2,2
2023-06-14 15:30:53,17212,17212,17212,2,-2
2023-06-14 15:30:53,17213,17213,17213,6,6
2023-06-14 15:30:54,17213,17213,17213,12,0
2023-06-14 15:30:55,17213,17213,17213,16,0
2023-06-14 15:30:55,17214,17214,17214,8,8
2023-06-14 15:30:55,17214,17214,17214,4,0
2023-06-14 15:30:55,17214,17214,17214,2,0
2023-06-14 15:30:55,17214,17214,17214,6,0
2023-06-14 15:30:56,17213,17213,17213,2,-2
2023-06-14 15:30:56,17212,17212,17212,2,-2
2023-06-14 15:30:57,17213,17213,17213,2,2
2023-06-14 15:30:57,17213,17213,17213,2,0
2023-06-14 15:30:59,17213,17213,17213,8,0
2023-06-14 15:30:59,17213,17213,17213,2,0
2023-06-14 15:31:00,17214,17214,17214,18,18
2023-06-14 15:31:02,17215,17215,17215,4,4
2023-06-14 15:31:02,17215,17215,17215,24,0
2023-06-14 15:31:02,17215,17215,17215,2,0
2023-06-14 15:31:02,17215,17215,17215,2,0
2023-06-14 15:31:03,17214,17214,17214,2,-2
2023-06-14 15:31:03,17214,17214,17214,4,0
2023-06-14 15:31:06,17214,17214,17214,4,0
2023-06-14 15:31:06,17214,17214,17214,2,0
2023-06-14 15:31:07,17214,17214,17214,2,0
2023-06-14 15:31:07,17214,17214,17214,2,0
2023-06-14 15:31:07,17215,17215,17215,18,18
2023-06-14 15:31:08,17214,17214,17214,2,-2
2023-06-14 15:31:08,17214,17214,17214,2,0
2023-06-14 15:31:08,17214,17214,17214,2,0
2023-06-14 15:31:11,17213,17213,17213,2,-2
2023-06-14 15:31:11,17214,17214,17214,6,6
2023-06-14 15:31:12,17214,17214,17214,4,0
2023-06-14 15:31:14,17215,17215,17215,4,4
2023-06-14 15:31:15,17215,17215,17215,2,0
2023-06-14 15:31:15,17215,17215,17215,6,0
2023-06-14 15:31:17,17215,17215,17215,2,0
2023-06-14 15:31:20,17216,17216,17216,8,8
2023-06-14 15:31:20,17215,17215,17215,2,-2
2023-06-14 15:31:20,17216,17216,17216,2,2
2023-06-14 15:31:23,17215,17215,17215,2,-2
2023-06-14 15:31:25,17216,17216,17216,2,2
2023-06-14 15:31:32,17216,17216,17216,14,0
2023-06-14 15:31:34,17215,17215,17215,2,-2
2023-06-14 15:31:34,17215,17215,17215,2,0
2023-06-14 15:31:35,17216,17216,17216,6,6
2023-06-14 15:31:35,17216,17216,17216,2,0
2023-06-14 15:31:35,17215,17215,17215,2,-2
2023-06-14 15:31:40,17215,17215,17215,2,0
2023-06-14 15:31:40,17215,17215,17215,2,0
2023-06-14 15:31:48,17215,17215,17215,2,0
2023-06-14 15:31:49,17216,17216,17216,8,8
2023-06-14 15:31:52,17216,17216,17216,2,0
2023-06-14 15:31:55,17216,17216,17216,6,0
2023-06-14 15:31:55,17216,17216,17216,2,0
2023-06-14 15:31:57,17216,17216,17216,4,0
2023-06-14 15:31:57,17216,17216,17216,2,0
2023-06-14 15:31:59,17216,17216,17216,2,0
2023-06-14 15:31:59,17216,17216,17216,2,0
2023-06-14 15:31:59,17216,17216,17216,2,0
2023-06-14 15:31:59,17216,17216,17216,6,0
2023-06-14 15:31:59,17216,17216,17216,16,0
2023-06-14 15:31:59,17216,17216,17216,2,0
2023-06-14 15:31:59,17216,17216,17216,2,0
2023-06-14 15:31:59,17216,17216,17216,2,0
2023-06-14 15:31:59,17216,17216,17216,2,0
2023-06-14 15:31:59,17217,17217,17217,2,2
2023-06-14 15:31:59,17217,17217,17217,2,0
2023-06-14 15:31:59,17217,17217,17217,2,0
2023-06-14 15:32:00,17217,17217,17217,4,0
2023-06-14 15:32:00,17217,17217,17217,2,0
2023-06-14 15:32:00,17218,17218,17218,2,2
2023-06-14 15:32:02,17218,17218,17218,2,0
2023-06-14 15:32:02,17218,17218,17218,2,0
2023-06-14 15:32:02,17216,17216,17216,2,-2
2023-06-14 15:32:02,17216,17216,17216,2,0
2023-06-14 15:32:03,17216,17216,17216,2,0
2023-06-14 15:32:03,17216,17216,17216,2,0
2023-06-14 15:32:03,17217,17217,17217,2,2
2023-06-14 15:32:04,17218,17218,17218,6,6
2023-06-14 15:32:04,17218,17218,17218,2,0
2023-06-14 15:32:04,17218,17218,17218,2,0
2023-06-14 15:32:05,17217,17217,17217,2,-2
2023-06-14 15:32:06,17218,17218,17218,2,2
2023-06-14 15:32:08,17217,17217,17217,2,-2
2023-06-14 15:32:13,17218,17218,17218,2,2
2023-06-14 15:32:13,17217,17217,17217,4,-4
2023-06-14 15:32:13,17217,17217,17217,2,0
2023-06-14 15:32:13,17217,17217,17217,2,0
2023-06-14 15:32:13,17217,17217,17217,2,0
2023-06-14 15:32:13,17217,17217,17217,2,0
2023-06-14 15:32:13,17217,17217,17217,2,0
2023-06-14 15:32:13,17217,17217,17217,2,0
2023-06-14 15:32:13,17217,17217,17217,2,0
2023-06-14 15:32:13,17217,17217,17217,2,0
2023-06-14 15:32:13,17217,17217,17217,10,0
2023-06-14 15:32:13,17217,17217,17217,2,0
2023-06-14 15:32:13,17217,17217,17217,2,0
2023-06-14 15:32:13,17217,17217,17217,4,0
2023-06-14 15:32:13,17217,17217,17217,2,0
2023-06-14 15:32:13,17217,17217,17217,2,0
2023-06-14 15:32:15,17216,17216,17216,2,-2
2023-06-14 15:32:15,17216,17216,17216,2,0
2023-06-14 15:32:15,17216,17216,17216,2,0
2023-06-14 15:32:15,17216,17216,17216,2,0
2023-06-14 15:32:15,17216,17216,17216,2,0
2023-06-14 15:32:15,17216,17216,17216,2,0
2023-06-14 15:32:15,17216,17216,17216,2,0
2023-06-14 15:32:15,17216,17216,17216,2,0
2023-06-14 15:32:15,17216,17216,17216,2,0
2023-06-14 15:32:16,17215,17215,17215,2,-2
2023-06-14 15:32:16,17215,17215,17215,2,0
2023-06-14 15:32:16,17215,17215,17215,2,0
2023-06-14 15:32:16,17215,17215,17215,2,0
2023-06-14 15:32:16,17215,17215,17215,2,0
2023-06-14 15:32:16,17215,17215,17215,2,0
2023-06-14 15:32:16,17215,17215,17215,12,0
2023-06-14 15:32:16,17215,17215,17215,18,0
2023-06-14 15:32:16,17215,17215,17215,2,0
2023-06-14 15:32:16,17215,17215,17215,2,0
2023-06-14 15:32:16,17215,17215,17215,2,0
2023-06-14 15:32:16,17215,17215,17215,2,0
2023-06-14 15:32:16,17215,17215,17215,4,0
2023-06-14 15:32:16,17214,17214,17214,2,-2
2023-06-14 15:32:18,17214,17214,17214,2,0
2023-06-14 15:32:18,17214,17214,17214,2,0
2023-06-14 15:32:18,17214,17214,17214,2,0
2023-06-14 15:32:19,17214,17214,17214,2,0
2023-06-14 15:32:20,17214,17214,17214,4,0
2023-06-14 15:32:20,17215,17215,17215,2,2
2023-06-14 15:32:20,17215,17215,17215,2,0
2023-06-14 15:32:22,17215,17215,17215,2,0
2023-06-14 15:32:24,17214,17214,17214,4,-4
2023-06-14 15:32:24,17214,17214,17214,6,0
2023-06-14 15:32:24,17214,17214,17214,2,0
2023-06-14 15:32:26,17213,17213,17213,2,-2
2023-06-14 15:32:26,17213,17213,17213,2,0
2023-06-14 15:32:26,17213,17213,17213,2,0
2023-06-14 15:32:26,17213,17213,17213,2,0
2023-06-14 15:32:26,17213,17213,17213,2,0
2023-06-14 15:32:28,17212,17212,17212,6,-6
2023-06-14 15:32:30,17213,17213,17213,6,6
2023-06-14 15:32:31,17214,17214,17214,2,2
2023-06-14 15:32:32,17212,17212,17212,4,-4
2023-06-14 15:32:32,17214,17214,17214,2,2
2023-06-14 15:32:34,17212,17212,17212,2,-2
2023-06-14 15:32:40,17213,17213,17213,6,6
2023-06-14 15:32:40,17212,17212,17212,2,-2
2023-06-14 15:32:40,17214,17214,17214,2,2
2023-06-14 15:32:43,17212,17212,17212,2,-2
2023-06-14 15:32:43,17212,17212,17212,2,0
2023-06-14 15:32:44,17213,17213,17213,2,2
2023-06-14 15:32:48,17212,17212,17212,4,-4
2023-06-14 15:32:52,17212,17212,17212,4,0
2023-06-14 15:32:53,17212,17212,17212,2,0
2023-06-14 15:32:53,17212,17212,17212,2,0
2023-06-14 15:32:57,17212,17212,17212,4,0
2023-06-14 15:32:57,17212,17212,17212,4,0
2023-06-14 15:33:00,17212,17212,17212,4,0
2023-06-14 15:33:00,17213,17213,17213,2,2
2023-06-14 15:33:09,17212,17212,17212,2,-2
2023-06-14 15:33:09,17212,17212,17212,2,0
2023-06-14 15:33:09,17213,17213,17213,10,10
2023-06-14 15:33:10,17214,17214,17214,4,4
2023-06-14 15:33:12,17214,17214,17214,2,0
2023-06-14 15:33:12,17214,17214,17214,2,0
2023-06-14 15:33:14,17215,17215,17215,8,8
2023-06-14 15:33:21,17216,17216,17216,2,2
2023-06-14 15:33:21,17216,17216,17216,2,0
2023-06-14 15:33:21,17217,17217,17217,6,6
2023-06-14 15:33:21,17218,17218,17218,2,2
2023-06-14 15:33:21,17218,17218,17218,4,0
2023-06-14 15:33:21,17218,17218,17218,2,0
2023-06-14 15:33:21,17218,17218,17218,2,0
2023-06-14 15:33:22,17216,17216,17216,2,-2
2023-06-14 15:33:24,17217,17217,17217,2,2
2023-06-14 15:33:28,17218,17218,17218,20,20
2023-06-14 15:33:28,17218,17218,17218,2,0
2023-06-14 15:33:28,17219,17219,17219,20,20
2023-06-14 15:33:28,17219,17219,17219,2,0
2023-06-14 15:33:28,17219,17219,17219,8,0
2023-06-14 15:33:30,17220,17220,17220,20,20
2023-06-14 15:33:30,17220,17220,17220,2,0
2023-06-14 15:33:32,17219,17219,17219,4,-4
2023-06-14 15:33:32,17219,17219,17219,2,0
2023-06-14 15:33:33,17219,17219,17219,10,0
2023-06-14 15:33:33,17219,17219,17219,2,0
2023-06-14 15:33:33,17219,17219,17219,8,0
2023-06-14 15:33:33,17219,17219,17219,2,0
2023-06-14 15:33:33,17219,17219,17219,2,0
2023-06-14 15:33:33,17219,17219,17219,8,0
2023-06-14 15:33:33,17220,17220,17220,4,4
2023-06-14 15:33:35,17220,17220,17220,44,0
2023-06-14 15:33:35,17220,17220,17220,6,0
2023-06-14 15:33:35,17220,17220,17220,2,0
2023-06-14 15:33:35,17221,17221,17221,2,2
2023-06-14 15:33:37,17220,17220,17220,2,-2
2023-06-14 15:33:38,17220,17220,17220,2,0
2023-06-14 15:33:39,17220,17220,17220,2,0
2023-06-14 15:33:40,17221,17221,17221,2,2
2023-06-14 15:33:41,17220,17220,17220,2,-2
2023-06-14 15:33:41,17220,17220,17220,4,0
2023-06-14 15:33:41,17220,17220,17220,2,0
2023-06-14 15:33:41,17220,17220,17220,2,0
2023-06-14 15:33:41,17220,17220,17220,2,0
2023-06-14 15:33:41,17220,17220,17220,2,0
2023-06-14 15:33:41,17220,17220,17220,2,0
2023-06-14 15:33:42,17220,17220,17220,2,0
2023-06-14 15:33:44,17219,17219,17219,4,-4
2023-06-14 15:33:46,17219,17219,17219,2,0
2023-06-14 15:33:46,17219,17219,17219,2,0
2023-06-14 15:33:51,17218,17218,17218,2,-2
2023-06-14 15:33:54,17219,17219,17219,8,8
2023-06-14 15:33:54,17220,17220,17220,2,2
2023-06-14 15:33:57,17219,17219,17219,2,-2
2023-06-14 15:33:57,17219,17219,17219,2,0
2023-06-14 15:34:09,17220,17220,17220,4,4
2023-06-14 15:34:10,17220,17220,17220,2,0
2023-06-14 15:34:10,17220,17220,17220,2,0
2023-06-14 15:34:10,17220,17220,17220,2,0
2023-06-14 15:34:10,17219,17219,17219,2,-2
2023-06-14 15:34:10,17219,17219,17219,2,0
2023-06-14 15:34:10,17219,17219,17219,20,0
2023-06-14 15:34:10,17219,17219,17219,2,0
2023-06-14 15:34:10,17218,17218,17218,2,-2
2023-06-14 15:34:10,17218,17218,17218,2,0
2023-06-14 15:34:10,17218,17218,17218,2,0
2023-06-14 15:34:10,17218,17218,17218,4,0
2023-06-14 15:34:14,17216,17216,17216,2,-2
2023-06-14 15:34:14,17216,17216,17216,2,0
2023-06-14 15:34:14,17216,17216,17216,2,0
2023-06-14 15:34:14,17216,17216,17216,2,0
2023-06-14 15:34:14,17216,17216,17216,2,0
2023-06-14 15:34:16,17217,17217,17217,2,2
2023-06-14 15:34:17,17216,17216,17216,2,-2
2023-06-14 15:34:17,17216,17216,17216,2,0
2023-06-14 15:34:17,17216,17216,17216,2,0
2023-06-14 15:34:17,17216,17216,17216,2,0
2023-06-14 15:34:19,17216,17216,17216,2,0
2023-06-14 15:34:21,17216,17216,17216,2,0
2023-06-14 15:34:22,17216,17216,17216,2,0
2023-06-14 15:34:25,17216,17216,17216,2,0
2023-06-14 15:34:26,17216,17216,17216,2,0
2023-06-14 15:34:34,17217,17217,17217,4,4
2023-06-14 15:34:35,17218,17218,17218,4,4
2023-06-14 15:34:39,17218,17218,17218,2,0
2023-06-14 15:34:42,17218,17218,17218,24,0
2023-06-14 15:34:45,17219,17219,17219,2,2
2023-06-14 15:34:46,17219,17219,17219,2,0
2023-06-14 15:34:47,17220,17220,17220,8,8
2023-06-14 15:34:49,17220,17220,17220,2,0
2023-06-14 15:34:49,17220,17220,17220,2,0
2023-06-14 15:34:51,17220,17220,17220,4,0
2023-06-14 15:34:52,17220,17220,17220,2,0
2023-06-14 15:34:53,17221,17221,17221,4,4
2023-06-14 15:34:55,17222,17222,17222,4,4
2023-06-14 15:34:55,17222,17222,17222,2,0
2023-06-14 15:34:55,17222,17222,17222,8,0
2023-06-14 15:34:57,17221,17221,17221,2,-2
2023-06-14 15:34:58,17222,17222,17222,2,2
2023-06-14 15:34:58,17222,17222,17222,2,0
2023-06-14 15:34:59,17222,17222,17222,2,0
2023-06-14 15:34:59,17222,17222,17222,2,0
2023-06-14 15:34:59,17222,17222,17222,4,0
2023-06-14 15:34:59,17223,17223,17223,2,2
2023-06-14 15:34:59,17223,17223,17223,2,0
2023-06-14 15:35:00,17222,17222,17222,2,-2
2023-06-14 15:35:00,17222,17222,17222,4,0
2023-06-14 15:35:00,17222,17222,17222,12,0
2023-06-14 15:35:00,17222,17222,17222,2,0
2023-06-14 15:35:00,17223,17223,17223,26,26
2023-06-14 15:35:01,17223,17223,17223,2,0
2023-06-14 15:35:03,17223,17223,17223,2,0
2023-06-14 15:35:04,17223,17223,17223,6,0
2023-06-14 15:35:05,17223,17223,17223,2,0
2023-06-14 15:35:06,17223,17223,17223,4,0
2023-06-14 15:35:06,17223,17223,17223,4,0
2023-06-14 15:35:06,17222,17222,17222,2,-2
2023-06-14 15:35:08,17224,17224,17224,2,2
2023-06-14 15:35:08,17224,17224,17224,2,0
2023-06-14 15:35:09,17224,17224,17224,2,0
2023-06-14 15:35:09,17224,17224,17224,2,0
2023-06-14 15:35:11,17224,17224,17224,2,0
2023-06-14 15:35:11,17223,17223,17223,2,-2
2023-06-14 15:35:11,17224,17224,17224,2,2
2023-06-14 15:35:11,17224,17224,17224,2,0
2023-06-14 15:35:13,17224,17224,17224,24,0
2023-06-14 15:35:13,17225,17225,17225,10,10
2023-06-14 15:35:14,17225,17225,17225,12,0
2023-06-14 15:35:15,17225,17225,17225,2,0
2023-06-14 15:35:16,17225,17225,17225,2,0
2023-06-14 15:35:19,17225,17225,17225,2,0
2023-06-14 15:35:20,17225,17225,17225,2,0
2023-06-14 15:35:20,17225,17225,17225,2,0
2023-06-14 15:35:20,17225,17225,17225,2,0
2023-06-14 15:35:21,17225,17225,17225,6,0
2023-06-14 15:35:23,17225,17225,17225,6,0
2023-06-14 15:35:24,17224,17224,17224,2,-2
2023-06-14 15:35:24,17224,17224,17224,6,0
2023-06-14 15:35:27,17225,17225,17225,4,4
2023-06-14 15:35:27,17224,17224,17224,2,-2
2023-06-14 15:35:29,17224,17224,17224,2,0
2023-06-14 15:35:30,17224,17224,17224,2,0
2023-06-14 15:35:32,17224,17224,17224,2,0
2023-06-14 15:35:40,17225,17225,17225,6,6
2023-06-14 15:35:41,17225,17225,17225,2,0
2023-06-14 15:35:41,17226,17226,17226,2,2
2023-06-14 15:35:41,17226,17226,17226,2,0
2023-06-14 15:35:41,17225,17225,17225,2,-2
2023-06-14 15:35:41,17225,17225,17225,6,0
2023-06-14 15:35:49,17226,17226,17226,2,2
2023-06-14 15:35:49,17226,17226,17226,2,0
2023-06-14 15:35:49,17226,17226,17226,2,0
2023-06-14 15:35:49,17226,17226,17226,2,0
2023-06-14 15:35:49,17227,17227,17227,2,2
2023-06-14 15:35:50,17227,17227,17227,2,0
2023-06-14 15:35:50,17226,17226,17226,2,-2
2023-06-14 15:35:50,17226,17226,17226,2,0
2023-06-14 15:35:50,17225,17225,17225,2,-2
2023-06-14 15:35:50,17226,17226,17226,2,2
2023-06-14 15:35:50,17225,17225,17225,2,-2
2023-06-14 15:35:52,17226,17226,17226,2,2
2023-06-14 15:35:54,17226,17226,17226,2,0
2023-06-14 15:35:54,17227,17227,17227,2,2
2023-06-14 15:35:54,17227,17227,17227,4,0
2023-06-14 15:35:56,17226,17226,17226,2,-2
2023-06-14 15:35:56,17225,17225,17225,2,-2
2023-06-14 15:35:56,17225,17225,17225,2,0
2023-06-14 15:35:56,17226,17226,17226,2,2
2023-06-14 15:35:57,17225,17225,17225,2,-2
2023-06-14 15:35:57,17225,17225,17225,4,0
2023-06-14 15:36:01,17225,17225,17225,8,0
2023-06-14 15:36:02,17226,17226,17226,4,4
2023-06-14 15:36:02,17226,17226,17226,2,0
2023-06-14 15:36:02,17226,17226,17226,2,0
2023-06-14 15:36:05,17225,17225,17225,22,-22
2023-06-14 15:36:05,17225,17225,17225,2,0
2023-06-14 15:36:07,17224,17224,17224,2,-2
2023-06-14 15:36:09,17224,17224,17224,2,0
2023-06-14 15:36:09,17225,17225,17225,2,2
2023-06-14 15:36:09,17225,17225,17225,2,0
2023-06-14 15:36:12,17224,17224,17224,2,-2
2023-06-14 15:36:12,17225,17225,17225,12,12
2023-06-14 15:36:13,17225,17225,17225,2,0
2023-06-14 15:36:13,17226,17226,17226,6,6
2023-06-14 15:36:14,17225,17225,17225,2,-2
2023-06-14 15:36:15,17225,17225,17225,2,0
2023-06-14 15:36:15,17226,17226,17226,28,28
2023-06-14 15:36:16,17227,17227,17227,2,2
2023-06-14 15:36:16,17227,17227,17227,2,0
2023-06-14 15:36:17,17226,17226,17226,2,-2
2023-06-14 15:36:19,17226,17226,17226,2,0
2023-06-14 15:36:19,17226,17226,17226,6,0
2023-06-14 15:36:20,17226,17226,17226,2,0
2023-06-14 15:36:20,17227,17227,17227,6,6
2023-06-14 15:36:22,17226,17226,17226,2,-2
2023-06-14 15:36:22,17227,17227,17227,2,2
2023-06-14 15:36:25,17227,17227,17227,2,0
2023-06-14 15:36:27,17227,17227,17227,4,0
2023-06-14 15:36:27,17227,17227,17227,4,0
2023-06-14 15:36:29,17227,17227,17227,4,0
2023-06-14 15:36:29,17227,17227,17227,4,0
2023-06-14 15:36:30,17227,17227,17227,2,0
2023-06-14 15:36:31,17227,17227,17227,2,0
2023-06-14 15:36:32,17227,17227,17227,2,0
2023-06-14 15:36:33,17227,17227,17227,2,0
2023-06-14 15:36:35,17227,17227,17227,2,0
2023-06-14 15:36:36,17228,17228,17228,2,2
2023-06-14 15:36:36,17227,17227,17227,2,-2
2023-06-14 15:36:36,17228,17228,17228,6,6
2023-06-14 15:36:36,17228,17228,17228,4,0
2023-06-14 15:36:40,17228,17228,17228,10,0
2023-06-14 15:36:40,17227,17227,17227,2,-2
2023-06-14 15:36:40,17228,17228,17228,2,2
2023-06-14 15:36:40,17228,17228,17228,6,0
2023-06-14 15:36:42,17228,17228,17228,24,0
2023-06-14 15:36:42,17228,17228,17228,2,0
2023-06-14 15:36:42,17228,17228,17228,2,0
2023-06-14 15:36:42,17228,17228,17228,2,0
2023-06-14 15:36:43,17229,17229,17229,2,2
2023-06-14 15:36:43,17229,17229,17229,2,0
2023-06-14 15:36:43,17229,17229,17229,2,0
2023-06-14 15:36:44,17228,17228,17228,2,-2
2023-06-14 15:36:44,17228,17228,17228,2,0
2023-06-14 15:36:44,17228,17228,17228,2,0
2023-06-14 15:36:46,17229,17229,17229,4,4
2023-06-14 15:36:47,17229,17229,17229,2,0
2023-06-14 15:36:47,17229,17229,17229,4,0
2023-06-14 15:36:48,17228,17228,17228,2,-2
2023-06-14 15:36:49,17229,17229,17229,4,4
2023-06-14 15:36:49,17229,17229,17229,4,0
2023-06-14 15:36:51,17229,17229,17229,4,0
2023-06-14 15:36:51,17229,17229,17229,4,0
2023-06-14 15:36:51,17230,17230,17230,10,10
2023-06-14 15:36:51,17230,17230,17230,2,0
2023-06-14 15:36:51,17230,17230,17230,2,0
2023-06-14 15:36:52,17230,17230,17230,16,0
2023-06-14 15:36:52,17230,17230,17230,2,0
2023-06-14 15:36:52,17230,17230,17230,2,0
2023-06-14 15:36:52,17231,17231,17231,2,2
2023-06-14 15:36:52,17231,17231,17231,2,0
2023-06-14 15:36:52,17231,17231,17231,6,0
2023-06-14 15:36:52,17231,17231,17231,4,0
2023-06-14 15:36:52,17231,17231,17231,4,0
2023-06-14 15:36:52,17230,17230,17230,2,-2
2023-06-14 15:36:52,17231,17231,17231,10,10
2023-06-14 15:36:53,17232,17232,17232,2,2
2023-06-14 15:36:53,17231,17231,17231,4,-4
2023-06-14 15:36:53,17231,17231,17231,4,0
2023-06-14 15:36:53,17231,17231,17231,2,0
2023-06-14 15:36:53,17231,17231,17231,2,0
2023-06-14 15:36:53,17231,17231,17231,2,0
2023-06-14 15:36:53,17231,17231,17231,2,0
2023-06-14 15:36:53,17231,17231,17231,2,0
2023-06-14 15:36:53,17230,17230,17230,2,-2
2023-06-14 15:36:53,17230,17230,17230,4,0
2023-06-14 15:36:53,17230,17230,17230,2,0
2023-06-14 15:36:53,17230,17230,17230,2,0
2023-06-14 15:36:53,17231,17231,17231,2,2
2023-06-14 15:36:54,17230,17230,17230,2,-2
2023-06-14 15:36:54,17229,17229,17229,2,-2
2023-06-14 15:36:55,17229,17229,17229,4,0
2023-06-14 15:36:55,17229,17229,17229,2,0
2023-06-14 15:36:55,17229,17229,17229,4,0
2023-06-14 15:36:56,17231,17231,17231,2,2
2023-06-14 15:36:57,17230,17230,17230,2,-2
2023-06-14 15:36:58,17231,17231,17231,2,2
2023-06-14 15:37:00,17229,17229,17229,4,-4
2023-06-14 15:37:00,17229,17229,17229,2,0
2023-06-14 15:37:00,17228,17228,17228,4,-4
2023-06-14 15:37:00,17228,17228,17228,4,0
2023-06-14 15:37:00,17228,17228,17228,2,0
2023-06-14 15:37:00,17228,17228,17228,4,0
2023-06-14 15:37:00,17229,17229,17229,2,2
2023-06-14 15:37:01,17229,17229,17229,2,0
2023-06-14 15:37:02,17230,17230,17230,2,2
2023-06-14 15:37:02,17229,17229,17229,2,-2
2023-06-14 15:37:02,17231,17231,17231,2,2
2023-06-14 15:37:02,17230,17230,17230,2,-2
2023-06-14 15:37:02,17231,17231,17231,30,30
2023-06-14 15:37:03,17231,17231,17231,6,0
2023-06-14 15:37:04,17231,17231,17231,2,0
2023-06-14 15:37:04,17231,17231,17231,2,0
2023-06-14 15:37:05,17231,17231,17231,2,0
2023-06-14 15:37:05,17231,17231,17231,4,0
2023-06-14 15:37:05,17230,17230,17230,4,-4
2023-06-14 15:37:08,17231,17231,17231,10,10
2023-06-14 15:37:09,17230,17230,17230,2,-2
2023-06-14 15:37:09,17230,17230,17230,2,0
2023-06-14 15:37:10,17231,17231,17231,8,8
2023-06-14 15:37:12,17231,17231,17231,2,0
2023-06-14 15:37:13,17231,17231,17231,2,0
2023-06-14 15:37:18,17231,17231,17231,2,0
2023-06-14 15:37:18,17231,17231,17231,2,0
2023-06-14 15:37:18,17231,17231,17231,4,0
2023-06-14 15:37:19,17232,17232,17232,4,4
2023-06-14 15:37:21,17231,17231,17231,2,-2
2023-06-14 15:37:22,17232,17232,17232,2,2
2023-06-14 15:37:24,17231,17231,17231,2,-2
2023-06-14 15:37:25,17231,17231,17231,2,0
2023-06-14 15:37:28,17231,17231,17231,2,0
2023-06-14 15:37:28,17231,17231,17231,8,0
2023-06-14 15:37:32,17231,17231,17231,4,0
2023-06-14 15:37:34,17231,17231,17231,4,0
2023-06-14 15:37:35,17231,17231,17231,4,0
2023-06-14 15:37:36,17231,17231,17231,4,0
2023-06-14 15:37:39,17231,17231,17231,2,0
2023-06-14 15:37:40,17231,17231,17231,4,0
2023-06-14 15:37:40,17230,17230,17230,14,-14
2023-06-14 15:37:40,17230,17230,17230,2,0
2023-06-14 15:37:40,17230,17230,17230,2,0
2023-06-14 15:37:40,17230,17230,17230,2,0
2023-06-14 15:37:40,17230,17230,17230,2,0
2023-06-14 15:37:40,17230,17230,17230,4,0
2023-06-14 15:37:40,17230,17230,17230,2,0
2023-06-14 15:37:40,17230,17230,17230,18,0
2023-06-14 15:37:40,17230,17230,17230,2,0
2023-06-14 15:37:40,17230,17230,17230,14,0
2023-06-14 15:37:40,17230,17230,17230,4,0
2023-06-14 15:37:40,17230,17230,17230,2,0
2023-06-14 15:37:40,17229,17229,17229,2,-2
2023-06-14 15:37:41,17228,17228,17228,2,-2
2023-06-14 15:37:41,17230,17230,17230,2,2
2023-06-14 15:37:43,17228,17228,17228,2,-2
2023-06-14 15:37:46,17229,17229,17229,2,2
2023-06-14 15:37:48,17229,17229,17229,2,0
2023-06-14 15:37:48,17229,17229,17229,2,0
2023-06-14 15:37:48,17229,17229,17229,2,0
2023-06-14 15:37:48,17229,17229,17229,4,0
2023-06-14 15:37:48,17229,17229,17229,2,0
2023-06-14 15:37:48,17228,17228,17228,4,-4
2023-06-14 15:37:48,17228,17228,17228,2,0
2023-06-14 15:37:50,17228,17228,17228,2,0
2023-06-14 15:37:52,17227,17227,17227,4,-4
2023-06-14 15:37:53,17228,17228,17228,2,2
2023-06-14 15:37:53,17229,17229,17229,6,6
2023-06-14 15:37:53,17228,17228,17228,2,-2
2023-06-14 15:37:54,17228,17228,17228,4,0
2023-06-14 15:37:56,17228,17228,17228,2,0
2023-06-14 15:37:56,17228,17228,17228,6,0
2023-06-14 15:38:00,17228,17228,17228,2,0
2023-06-14 15:38:00,17228,17228,17228,2,0
2023-06-14 15:38:01,17228,17228,17228,2,0
2023-06-14 15:38:02,17228,17228,17228,4,0
2023-06-14 15:38:04,17228,17228,17228,2,0
2023-06-14 15:38:04,17229,17229,17229,2,2
2023-06-14 15:38:06,17228,17228,17228,2,-2
2023-06-14 15:38:07,17228,17228,17228,2,0
2023-06-14 15:38:08,17230,17230,17230,2,2
2023-06-14 15:38:13,17229,17229,17229,4,-4
2023-06-14 15:38:16,17230,17230,17230,2,2
2023-06-14 15:38:16,17230,17230,17230,4,0
2023-06-14 15:38:18,17229,17229,17229,4,-4
2023-06-14 15:38:20,17229,17229,17229,2,0
2023-06-14 15:38:20,17229,17229,17229,2,0
2023-06-14 15:38:25,17230,17230,17230,34,34
2023-06-14 15:38:25,17231,17231,17231,2,2
2023-06-14 15:38:25,17231,17231,17231,2,0
2023-06-14 15:38:25,17231,17231,17231,2,0
2023-06-14 15:38:25,17231,17231,17231,4,0
2023-06-14 15:38:25,17231,17231,17231,4,0
2023-06-14 15:38:25,17231,17231,17231,2,0
2023-06-14 15:38:25,17231,17231,17231,2,0
2023-06-14 15:38:25,17231,17231,17231,4,0
2023-06-14 15:38:25,17231,17231,17231,2,0
2023-06-14 15:38:25,17231,17231,17231,2,0
2023-06-14 15:38:25,17231,17231,17231,4,0
2023-06-14 15:38:26,17231,17231,17231,2,0
2023-06-14 15:38:28,17232,17232,17232,48,48
2023-06-14 15:38:28,17233,17233,17233,2,2
2023-06-14 15:38:28,17233,17233,17233,2,0
2023-06-14 15:38:28,17233,17233,17233,2,0
2023-06-14 15:38:28,17233,17233,17233,8,0
2023-06-14 15:38:28,17234,17234,17234,10,10
2023-06-14 15:38:28,17235,17235,17235,22,22
2023-06-14 15:38:28,17235,17235,17235,8,0
2023-06-14 15:38:28,17236,17236,17236,8,8
2023-06-14 15:38:29,17236,17236,17236,8,0
2023-06-14 15:38:29,17236,17236,17236,2,0
2023-06-14 15:38:29,17236,17236,17236,10,0
2023-06-14 15:38:29,17236,17236,17236,2,0
2023-06-14 15:38:29,17237,17237,17237,4,4
2023-06-14 15:38:29,17237,17237,17237,4,0
2023-06-14 15:38:29,17237,17237,17237,2,0
2023-06-14 15:38:29,17237,17237,17237,6,0
2023-06-14 15:38:29,17237,17237,17237,10,0
2023-06-14 15:38:29,17237,17237,17237,16,0
2023-06-14 15:38:29,17236,17236,17236,4,-4
2023-06-14 15:38:29,17235,17235,17235,2,-2
2023-06-14 15:38:29,17235,17235,17235,2,0
2023-06-14 15:38:30,17235,17235,17235,2,0
2023-06-14 15:38:30,17235,17235,17235,2,0
2023-06-14 15:38:30,17235,17235,17235,2,0
2023-06-14 15:38:31,17237,17237,17237,4,4
2023-06-14 15:38:32,17236,17236,17236,2,-2
2023-06-14 15:38:33,17237,17237,17237,2,2
2023-06-14 15:38:34,17236,17236,17236,2,-2
2023-06-14 15:38:35,17236,17236,17236,2,0
2023-06-14 15:38:35,17237,17237,17237,2,2
2023-06-14 15:38:35,17235,17235,17235,4,-4
2023-06-14 15:38:36,17237,17237,17237,2,2
2023-06-14 15:38:37,17237,17237,17237,2,0
2023-06-14 15:38:39,17237,17237,17237,4,0
2023-06-14 15:38:39,17237,17237,17237,2,0
2023-06-14 15:38:39,17237,17237,17237,6,0
2023-06-14 15:38:39,17238,17238,17238,2,2
2023-06-14 15:38:40,17238,17238,17238,6,0
2023-06-14 15:38:40,17238,17238,17238,4,0
2023-06-14 15:38:40,17238,17238,17238,2,0
2023-06-14 15:38:40,17238,17238,17238,2,0
2023-06-14 15:38:40,17238,17238,17238,4,0
2023-06-14 15:38:40,17238,17238,17238,4,0
2023-06-14 15:38:40,17238,17238,17238,4,0
2023-06-14 15:38:40,17238,17238,17238,2,0
2023-06-14 15:38:40,17238,17238,17238,2,0
2023-06-14 15:38:42,17238,17238,17238,4,0
2023-06-14 15:38:43,17237,17237,17237,2,-2
2023-06-14 15:38:43,17237,17237,17237,2,0
2023-06-14 15:38:43,17237,17237,17237,4,0
2023-06-14 15:38:45,17238,17238,17238,2,2
2023-06-14 15:38:45,17238,17238,17238,2,0
2023-06-14 15:38:45,17237,17237,17237,2,-2
2023-06-14 15:38:45,17237,17237,17237,6,0
2023-06-14 15:38:46,17237,17237,17237,2,0
2023-06-14 15:38:46,17237,17237,17237,2,0
2023-06-14 15:38:46,17237,17237,17237,8,0
2023-06-14 15:38:46,17237,17237,17237,4,0
2023-06-14 15:38:46,17237,17237,17237,2,0
2023-06-14 15:38:46,17236,17236,17236,2,-2
2023-06-14 15:38:46,17236,17236,17236,4,0
2023-06-14 15:38:46,17236,17236,17236,2,0
2023-06-14 15:38:47,17236,17236,17236,14,0
2023-06-14 15:38:47,17237,17237,17237,20,20
2023-06-14 15:38:47,17237,17237,17237,2,0
2023-06-14 15:38:51,17238,17238,17238,20,20
2023-06-14 15:38:51,17238,17238,17238,2,0
2023-06-14 15:38:51,17239,17239,17239,4,4
2023-06-14 15:38:51,17239,17239,17239,2,0
2023-06-14 15:38:51,17239,17239,17239,2,0
2023-06-14 15:38:51,17239,17239,17239,2,0
2023-06-14 15:38:51,17239,17239,17239,2,0
2023-06-14 15:38:52,17239,17239,17239,2,0
2023-06-14 15:38:52,17238,17238,17238,2,-2
2023-06-14 15:38:54,17239,17239,17239,2,2
2023-06-14 15:38:54,17239,17239,17239,18,0
2023-06-14 15:38:57,17240,17240,17240,2,2
2023-06-14 15:38:57,17240,17240,17240,2,0
2023-06-14 15:38:57,17240,17240,17240,6,0
2023-06-14 15:38:57,17240,17240,17240,2,0
2023-06-14 15:38:58,17239,17239,17239,2,-2
2023-06-14 15:38:58,17239,17239,17239,2,0
2023-06-14 15:38:59,17240,17240,17240,4,4
2023-06-14 15:39:01,17239,17239,17239,2,-2
2023-06-14 15:39:01,17239,17239,17239,2,0
2023-06-14 15:39:02,17239,17239,17239,2,0
2023-06-14 15:39:02,17239,17239,17239,2,0
2023-06-14 15:39:02,17239,17239,17239,2,0
2023-06-14 15:39:02,17239,17239,17239,2,0
2023-06-14 15:39:02,17239,17239,17239,2,0
2023-06-14 15:39:02,17239,17239,17239,4,0
2023-06-14 15:39:02,17239,17239,17239,2,0
2023-06-14 15:39:03,17239,17239,17239,2,0
2023-06-14 15:39:03,17239,17239,17239,2,0
2023-06-14 15:39:03,17239,17239,17239,2,0
2023-06-14 15:39:05,17239,17239,17239,2,0
2023-06-14 15:39:05,17239,17239,17239,2,0
2023-06-14 15:39:05,17240,17240,17240,2,2
2023-06-14 15:39:06,17240,17240,17240,2,0
2023-06-14 15:39:07,17239,17239,17239,2,-2
2023-06-14 15:39:07,17240,17240,17240,2,2
2023-06-14 15:39:09,17240,17240,17240,8,0
2023-06-14 15:39:10,17240,17240,17240,4,0
2023-06-14 15:39:11,17240,17240,17240,2,0
2023-06-14 15:39:11,17240,17240,17240,2,0
2023-06-14 15:39:12,17240,17240,17240,2,0
2023-06-14 15:39:12,17240,17240,17240,2,0
2023-06-14 15:39:12,17241,17241,17241,2,2
2023-06-14 15:39:13,17241,17241,17241,2,0
2023-06-14 15:39:14,17240,17240,17240,8,-8
2023-06-14 15:39:14,17241,17241,17241,2,2
2023-06-14 15:39:15,17241,17241,17241,2,0
2023-06-14 15:39:15,17240,17240,17240,2,-2
2023-06-14 15:39:16,17240,17240,17240,4,0
2023-06-14 15:39:20,17239,17239,17239,6,-6
2023-06-14 15:39:20,17239,17239,17239,8,0
2023-06-14 15:39:20,17239,17239,17239,2,0
2023-06-14 15:39:20,17239,17239,17239,2,0
2023-06-14 15:39:20,17239,17239,17239,2,0
2023-06-14 15:39:20,17239,17239,17239,2,0
2023-06-14 15:39:20,17239,17239,17239,2,0
2023-06-14 15:39:20,17239,17239,17239,2,0
2023-06-14 15:39:20,17239,17239,17239,2,0
2023-06-14 15:39:20,17239,17239,17239,2,0
2023-06-14 15:39:20,17239,17239,17239,4,0
2023-06-14 15:39:22,17239,17239,17239,2,0
2023-06-14 15:39:22,17238,17238,17238,2,-2
2023-06-14 15:39:22,17238,17238,17238,2,0
2023-06-14 15:39:22,17238,17238,17238,2,0
2023-06-14 15:39:22,17238,17238,17238,2,0
2023-06-14 15:39:23,17237,17237,17237,2,-2
2023-06-14 15:39:23,17237,17237,17237,2,0
2023-06-14 15:39:23,17237,17237,17237,6,0
2023-06-14 15:39:23,17237,17237,17237,2,0
2023-06-14 15:39:23,17237,17237,17237,2,0
2023-06-14 15:39:23,17237,17237,17237,2,0
2023-06-14 15:39:23,17237,17237,17237,2,0
2023-06-14 15:39:23,17238,17238,17238,4,4
2023-06-14 15:39:24,17238,17238,17238,2,0
2023-06-14 15:39:25,17238,17238,17238,2,0
2023-06-14 15:39:26,17237,17237,17237,2,-2
2023-06-14 15:39:26,17237,17237,17237,4,0
2023-06-14 15:39:26,17236,17236,17236,2,-2
2023-06-14 15:39:26,17236,17236,17236,2,0
2023-06-14 15:39:27,17236,17236,17236,2,0
2023-06-14 15:39:27,17236,17236,17236,2,0
2023-06-14 15:39:27,17236,17236,17236,2,0
2023-06-14 15:39:31,17237,17237,17237,2,2
2023-06-14 15:39:31,17238,17238,17238,2,2
2023-06-14 15:39:33,17237,17237,17237,2,-2
2023-06-14 15:39:34,17236,17236,17236,2,-2
2023-06-14 15:39:34,17236,17236,17236,2,0
2023-06-14 15:39:35,17237,17237,17237,2,2
2023-06-14 15:39:36,17237,17237,17237,2,0
2023-06-14 15:39:36,17237,17237,17237,2,0
2023-06-14 15:39:40,17236,17236,17236,2,-2
2023-06-14 15:39:43,17236,17236,17236,2,0
2023-06-14 15:39:44,17237,17237,17237,18,18
2023-06-14 15:39:44,17238,17238,17238,4,4
2023-06-14 15:39:45,17238,17238,17238,2,0
2023-06-14 15:39:51,17237,17237,17237,2,-2
2023-06-14 15:39:52,17236,17236,17236,2,-2
2023-06-14 15:39:54,17237,17237,17237,8,8
2023-06-14 15:39:55,17236,17236,17236,2,-2
2023-06-14 15:39:55,17236,17236,17236,2,0
2023-06-14 15:39:55,17236,17236,17236,2,0
2023-06-14 15:39:55,17236,17236,17236,10,0
2023-06-14 15:39:57,17237,17237,17237,2,2
2023-06-14 15:39:59,17238,17238,17238,40,40
2023-06-14 15:39:59,17238,17238,17238,2,0
2023-06-14 15:39:59,17238,17238,17238,2,0
2023-06-14 15:39:59,17238,17238,17238,2,0
2023-06-14 15:40:00,17238,17238,17238,4,0
2023-06-14 15:40:00,17237,17237,17237,2,-2
2023-06-14 15:40:00,17237,17237,17237,4,0
2023-06-14 15:40:00,17239,17239,17239,2,2
2023-06-14 15:40:00,17239,17239,17239,2,0
2023-06-14 15:40:00,17239,17239,17239,2,0
2023-06-14 15:40:00,17239,17239,17239,14,0
2023-06-14 15:40:00,17240,17240,17240,2,2
2023-06-14 15:40:00,17240,17240,17240,2,0
2023-06-14 15:40:00,17240,17240,17240,2,0
2023-06-14 15:40:00,17240,17240,17240,2,0
2023-06-14 15:40:01,17240,17240,17240,2,0
2023-06-14 15:40:01,17239,17239,17239,2,-2
2023-06-14 15:40:02,17240,17240,17240,2,2
2023-06-14 15:40:03,17239,17239,17239,2,-2
2023-06-14 15:40:03,17239,17239,17239,4,0
2023-06-14 15:40:03,17239,17239,17239,4,0
2023-06-14 15:40:05,17239,17239,17239,2,0
2023-06-14 15:40:05,17240,17240,17240,6,6
2023-06-14 15:40:08,17239,17239,17239,4,-4
2023-06-14 15:40:10,17239,17239,17239,2,0
2023-06-14 15:40:12,17238,17238,17238,2,-2
2023-06-14 15:40:14,17238,17238,17238,2,0
2023-06-14 15:40:20,17239,17239,17239,2,2
2023-06-14 15:40:20,17238,17238,17238,2,-2
2023-06-14 15:40:21,17238,17238,17238,2,0
2023-06-14 15:40:21,17238,17238,17238,2,0
2023-06-14 15:40:21,17238,17238,17238,2,0
2023-06-14 15:40:21,17238,17238,17238,2,0
2023-06-14 15:40:21,17238,17238,17238,2,0
2023-06-14 15:40:21,17238,17238,17238,2,0
2023-06-14 15:40:22,17238,17238,17238,4,0
2023-06-14 15:40:25,17237,17237,17237,2,-2
2023-06-14 15:40:25,17237,17237,17237,2,0
2023-06-14 15:40:25,17237,17237,17237,2,0
2023-06-14 15:40:25,17237,17237,17237,2,0
2023-06-14 15:40:29,17237,17237,17237,2,0
2023-06-14 15:40:30,17237,17237,17237,2,0
2023-06-14 15:40:30,17237,17237,17237,2,0
2023-06-14 15:40:30,17237,17237,17237,2,0
2023-06-14 15:40:35,17236,17236,17236,2,-2
2023-06-14 15:40:35,17236,17236,17236,2,0
2023-06-14 15:40:35,17236,17236,17236,2,0
2023-06-14 15:40:35,17236,17236,17236,2,0
2023-06-14 15:40:35,17236,17236,17236,2,0
2023-06-14 15:40:35,17236,17236,17236,2,0
2023-06-14 15:40:35,17236,17236,17236,2,0
2023-06-14 15:40:36,17235,17235,17235,2,-2
2023-06-14 15:40:37,17236,17236,17236,18,18
2023-06-14 15:40:37,17236,17236,17236,2,0
2023-06-14 15:40:38,17236,17236,17236,2,0
2023-06-14 15:40:38,17236,17236,17236,4,0
2023-06-14 15:40:40,17236,17236,17236,2,0
2023-06-14 15:40:42,17236,17236,17236,4,0
2023-06-14 15:40:42,17236,17236,17236,2,0
2023-06-14 15:40:45,17236,17236,17236,2,0
2023-06-14 15:40:48,17235,17235,17235,2,-2
2023-06-14 15:40:48,17235,17235,17235,2,0
2023-06-14 15:40:48,17235,17235,17235,2,0
2023-06-14 15:40:48,17235,17235,17235,4,0
2023-06-14 15:40:48,17235,17235,17235,2,0
2023-06-14 15:40:49,17236,17236,17236,2,2
2023-06-14 15:40:50,17235,17235,17235,2,-2
2023-06-14 15:40:51,17236,17236,17236,2,2
2023-06-14 15:40:51,17236,17236,17236,4,0
2023-06-14 15:40:54,17235,17235,17235,2,-2
2023-06-14 15:40:55,17235,17235,17235,2,0
2023-06-14 15:40:56,17235,17235,17235,2,0
2023-06-14 15:41:05,17236,17236,17236,2,2
2023-06-14 15:41:05,17236,17236,17236,2,0
2023-06-14 15:41:05,17236,17236,17236,2,0
2023-06-14 15:41:05,17236,17236,17236,2,0
2023-06-14 15:41:05,17236,17236,17236,2,0
2023-06-14 15:41:05,17235,17235,17235,2,-2
2023-06-14 15:41:05,17236,17236,17236,2,2
2023-06-14 15:41:06,17236,17236,17236,2,0
2023-06-14 15:41:06,17237,17237,17237,2,2
2023-06-14 15:41:06,17237,17237,17237,2,0
2023-06-14 15:41:06,17237,17237,17237,2,0
2023-06-14 15:41:06,17236,17236,17236,2,-2
2023-06-14 15:41:06,17237,17237,17237,2,2
2023-06-14 15:41:07,17236,17236,17236,2,-2
2023-06-14 15:41:09,17236,17236,17236,2,0
2023-06-14 15:41:13,17236,17236,17236,2,0
2023-06-14 15:41:16,17236,17236,17236,2,0
2023-06-14 15:41:19,17236,17236,17236,2,0
2023-06-14 15:41:20,17235,17235,17235,2,-2
2023-06-14 15:41:20,17235,17235,17235,4,0
2023-06-14 15:41:20,17235,17235,17235,2,0
2023-06-14 15:41:23,17235,17235,17235,2,0
2023-06-14 15:41:24,17236,17236,17236,2,2
2023-06-14 15:41:26,17235,17235,17235,2,-2
2023-06-14 15:41:27,17235,17235,17235,18,0
2023-06-14 15:41:27,17234,17234,17234,2,-2
2023-06-14 15:41:29,17234,17234,17234,2,0
2023-06-14 15:41:29,17234,17234,17234,4,0
2023-06-14 15:41:33,17234,17234,17234,2,0
2023-06-14 15:41:34,17234,17234,17234,2,0
2023-06-14 15:41:35,17234,17234,17234,2,0
2023-06-14 15:41:37,17235,17235,17235,2,2
2023-06-14 15:41:41,17235,17235,17235,2,0
2023-06-14 15:41:42,17235,17235,17235,6,0
2023-06-14 15:41:42,17235,17235,17235,4,0
2023-06-14 15:41:42,17235,17235,17235,2,0
2023-06-14 15:41:42,17234,17234,17234,2,-2
2023-06-14 15:41:42,17234,17234,17234,4,0
2023-06-14 15:41:49,17234,17234,17234,2,0
2023-06-14 15:41:52,17234,17234,17234,2,0
2023-06-14 15:41:52,17234,17234,17234,2,0
2023-06-14 15:41:52,17233,17233,17233,2,-2
2023-06-14 15:41:52,17233,17233,17233,2,0
2023-06-14 15:41:52,17233,17233,17233,2,0
2023-06-14 15:41:52,17232,17232,17232,4,-4
2023-06-14 15:41:53,17233,17233,17233,2,2
2023-06-14 15:42:01,17232,17232,17232,2,-2
2023-06-14 15:42:01,17232,17232,17232,2,0
2023-06-14 15:42:01,17232,17232,17232,2,0
2023-06-14 15:42:01,17232,17232,17232,2,0
2023-06-14 15:42:01,17231,17231,17231,6,-6
2023-06-14 15:42:02,17233,17233,17233,2,2
2023-06-14 15:42:02,17233,17233,17233,4,0
2023-06-14 15:42:06,17232,17232,17232,2,-2
2023-06-14 15:42:09,17233,17233,17233,8,8
2023-06-14 15:42:11,17233,17233,17233,4,0
2023-06-14 15:42:11,17233,17233,17233,2,0
2023-06-14 15:42:11,17233,17233,17233,6,0
2023-06-14 15:42:11,17233,17233,17233,2,0
2023-06-14 15:42:11,17232,17232,17232,2,-2
2023-06-14 15:42:11,17232,17232,17232,6,0
2023-06-14 15:42:11,17232,17232,17232,4,0
2023-06-14 15:42:11,17232,17232,17232,2,0
2023-06-14 15:42:11,17232,17232,17232,2,0
2023-06-14 15:42:15,17233,17233,17233,2,2
2023-06-14 15:42:17,17233,17233,17233,2,0
2023-06-14 15:42:21,17232,17232,17232,2,-2
2023-06-14 15:42:26,17232,17232,17232,4,0
2023-06-14 15:42:26,17232,17232,17232,6,0
2023-06-14 15:42:27,17232,17232,17232,2,0
2023-06-14 15:42:28,17232,17232,17232,2,0
2023-06-14 15:42:30,17232,17232,17232,2,0
2023-06-14 15:42:30,17232,17232,17232,2,0
2023-06-14 15:42:31,17232,17232,17232,2,0
2023-06-14 15:42:31,17232,17232,17232,2,0
2023-06-14 15:42:31,17232,17232,17232,2,0
2023-06-14 15:42:31,17231,17231,17231,4,-4
2023-06-14 15:42:32,17232,17232,17232,2,2
2023-06-14 15:42:36,17231,17231,17231,2,-2
2023-06-14 15:42:39,17232,17232,17232,2,2
2023-06-14 15:42:40,17231,17231,17231,2,-2
2023-06-14 15:42:41,17231,17231,17231,2,0
2023-06-14 15:42:41,17231,17231,17231,2,0
2023-06-14 15:42:42,17231,17231,17231,2,0
2023-06-14 15:42:42,17231,17231,17231,2,0
2023-06-14 15:42:42,17231,17231,17231,2,0
2023-06-14 15:42:42,17231,17231,17231,2,0
2023-06-14 15:42:42,17231,17231,17231,2,0
2023-06-14 15:42:42,17231,17231,17231,2,0
2023-06-14 15:42:42,17231,17231,17231,2,0
2023-06-14 15:42:43,17230,17230,17230,2,-2
2023-06-14 15:42:43,17230,17230,17230,2,0
2023-06-14 15:42:43,17230,17230,17230,2,0
2023-06-14 15:42:43,17230,17230,17230,2,0
2023-06-14 15:42:44,17230,17230,17230,2,0
2023-06-14 15:42:44,17230,17230,17230,4,0
2023-06-14 15:42:48,17230,17230,17230,2,0
2023-06-14 15:42:49,17230,17230,17230,2,0
2023-06-14 15:42:49,17230,17230,17230,2,0
2023-06-14 15:42:50,17229,17229,17229,4,-4
2023-06-14 15:42:50,17229,17229,17229,4,0
2023-06-14 15:42:52,17230,17230,17230,2,2
2023-06-14 15:42:52,17230,17230,17230,2,0
2023-06-14 15:42:52,17230,17230,17230,2,0
2023-06-14 15:42:53,17231,17231,17231,2,2
2023-06-14 15:42:56,17231,17231,17231,2,0
2023-06-14 15:42:56,17232,17232,17232,2,2
2023-06-14 15:42:56,17232,17232,17232,6,0
2023-06-14 15:42:56,17232,17232,17232,4,0
2023-06-14 15:42:56,17232,17232,17232,2,0
2023-06-14 15:42:56,17232,17232,17232,2,0
2023-06-14 15:43:01,17233,17233,17233,2,2
2023-06-14 15:43:01,17233,17233,17233,2,0
2023-06-14 15:43:01,17233,17233,17233,2,0
2023-06-14 15:43:01,17233,17233,17233,2,0
2023-06-14 15:43:01,17233,17233,17233,2,0
2023-06-14 15:43:01,17233,17233,17233,2,0
2023-06-14 15:43:06,17233,17233,17233,2,0
2023-06-14 15:43:07,17234,17234,17234,2,2
2023-06-14 15:43:08,17234,17234,17234,2,0
2023-06-14 15:43:09,17234,17234,17234,8,0
2023-06-14 15:43:10,17234,17234,17234,2,0
2023-06-14 15:43:11,17234,17234,17234,2,0
2023-06-14 15:43:12,17235,17235,17235,2,2
2023-06-14 15:43:12,17235,17235,17235,2,0
2023-06-14 15:43:12,17234,17234,17234,2,-2
2023-06-14 15:43:13,17236,17236,17236,10,10
2023-06-14 15:43:19,17236,17236,17236,2,0
2023-06-14 15:43:19,17236,17236,17236,2,0
2023-06-14 15:43:22,17235,17235,17235,2,-2
2023-06-14 15:43:22,17235,17235,17235,2,0
2023-06-14 15:43:22,17235,17235,17235,2,0
2023-06-14 15:43:22,17235,17235,17235,6,0
2023-06-14 15:43:22,17235,17235,17235,2,0
2023-06-14 15:43:22,17234,17234,17234,2,-2
2023-06-14 15:43:22,17234,17234,17234,2,0
2023-06-14 15:43:22,17233,17233,17233,4,-4
2023-06-14 15:43:23,17234,17234,17234,2,2
2023-06-14 15:43:27,17234,17234,17234,2,0
2023-06-14 15:43:27,17235,17235,17235,2,2
2023-06-14 15:43:30,17235,17235,17235,2,0
2023-06-14 15:43:36,17235,17235,17235,2,0
2023-06-14 15:43:39,17234,17234,17234,4,-4
2023-06-14 15:43:40,17234,17234,17234,2,0
2023-06-14 15:43:41,17235,17235,17235,2,2
2023-06-14 15:43:41,17235,17235,17235,2,0
2023-06-14 15:43:43,17235,17235,17235,2,0
2023-06-14 15:43:43,17235,17235,17235,2,0
2023-06-14 15:43:43,17235,17235,17235,2,0
2023-06-14 15:43:45,17236,17236,17236,2,2
2023-06-14 15:43:46,17235,17235,17235,2,-2
2023-06-14 15:43:54,17236,17236,17236,2,2
2023-06-14 15:43:57,17235,17235,17235,2,-2
2023-06-14 15:43:57,17235,17235,17235,4,0
2023-06-14 15:43:57,17235,17235,17235,2,0
2023-06-14 15:43:57,17235,17235,17235,2,0
2023-06-14 15:44:00,17235,17235,17235,4,0
2023-06-14 15:44:00,17235,17235,17235,2,0
2023-06-14 15:44:00,17235,17235,17235,2,0
2023-06-14 15:44:01,17235,17235,17235,2,0
2023-06-14 15:44:01,17235,17235,17235,2,0
2023-06-14 15:44:04,17235,17235,17235,2,0
2023-06-14 15:44:13,17235,17235,17235,2,0
2023-06-14 15:44:16,17235,17235,17235,8,0
2023-06-14 15:44:19,17234,17234,17234,2,-2
2023-06-14 15:44:19,17234,17234,17234,2,0
2023-06-14 15:44:19,17234,17234,17234,2,0
2023-06-14 15:44:19,17234,17234,17234,2,0
2023-06-14 15:44:20,17235,17235,17235,2,2
2023-06-14 15:44:26,17234,17234,17234,2,-2
2023-06-14 15:44:26,17233,17233,17233,2,-2
2023-06-14 15:44:26,17233,17233,17233,2,0
2023-06-14 15:44:26,17233,17233,17233,2,0
2023-06-14 15:44:26,17233,17233,17233,2,0
2023-06-14 15:44:26,17235,17235,17235,2,2
2023-06-14 15:44:31,17234,17234,17234,4,-4
2023-06-14 15:44:31,17234,17234,17234,2,0
2023-06-14 15:44:31,17234,17234,17234,2,0
2023-06-14 15:44:31,17234,17234,17234,2,0
2023-06-14 15:44:31,17234,17234,17234,2,0
2023-06-14 15:44:33,17234,17234,17234,2,0
2023-06-14 15:44:34,17235,17235,17235,2,2
2023-06-14 15:44:34,17235,17235,17235,2,0
2023-06-14 15:44:34,17235,17235,17235,4,0
2023-06-14 15:44:42,17235,17235,17235,2,0
2023-06-14 15:44:42,17235,17235,17235,2,0
2023-06-14 15:44:44,17236,17236,17236,2,2
2023-06-14 15:44:46,17235,17235,17235,2,-2
2023-06-14 15:44:51,17236,17236,17236,30,30
2023-06-14 15:44:51,17236,17236,17236,2,0
2023-06-14 15:44:53,17236,17236,17236,2,0
2023-06-14 15:44:53,17236,17236,17236,2,0
2023-06-14 15:44:53,17236,17236,17236,2,0
2023-06-14 15:44:53,17236,17236,17236,2,0
2023-06-14 15:44:53,17236,17236,17236,2,0
2023-06-14 15:44:54,17237,17237,17237,4,4
2023-06-14 15:44:54,17237,17237,17237,2,0
2023-06-14 15:44:54,17237,17237,17237,2,0
2023-06-14 15:44:54,17236,17236,17236,2,-2
2023-06-14 15:44:54,17236,17236,17236,2,0
2023-06-14 15:44:55,17236,17236,17236,2,0
2023-06-14 15:44:56,17237,17237,17237,8,8
2023-06-14 15:44:58,17236,17236,17236,4,-4
2023-06-14 15:44:58,17236,17236,17236,2,0
2023-06-14 15:44:58,17236,17236,17236,2,0
2023-06-14 15:44:58,17236,17236,17236,2,0
2023-06-14 15:44:59,17237,17237,17237,2,2
2023-06-14 15:44:59,17236,17236,17236,2,-2
2023-06-14 15:45:00,17237,17237,17237,2,2
2023-06-14 15:45:00,17237,17237,17237,2,0
2023-06-14 15:45:00,17237,17237,17237,2,0
2023-06-14 15:45:01,17237,17237,17237,4,0
2023-06-14 15:45:04,17236,17236,17236,2,-2
2023-06-14 15:45:05,17236,17236,17236,2,0
2023-06-14 15:45:05,17236,17236,17236,2,0
2023-06-14 15:45:05,17236,17236,17236,2,0
2023-06-14 15:45:07,17235,17235,17235,2,-2
2023-06-14 15:45:10,17236,17236,17236,8,8
2023-06-14 15:45:18,17236,17236,17236,14,0
2023-06-14 15:45:18,17236,17236,17236,4,0
2023-06-14 15:45:30,17235,17235,17235,2,-2
2023-06-14 15:45:30,17235,17235,17235,6,0
2023-06-14 15:45:31,17235,17235,17235,2,0
2023-06-14 15:45:31,17235,17235,17235,2,0
2023-06-14 15:45:31,17235,17235,17235,2,0
2023-06-14 15:45:38,17236,17236,17236,2,2
2023-06-14 15:45:42,17235,17235,17235,2,-2
2023-06-14 15:45:42,17236,17236,17236,2,2
2023-06-14 15:45:44,17236,17236,17236,2,0
2023-06-14 15:45:45,17235,17235,17235,2,-2
2023-06-14 15:45:46,17236,17236,17236,2,2
2023-06-14 15:45:56,17237,17237,17237,2,2
2023-06-14 15:45:59,17235,17235,17235,4,-4
2023-06-14 15:45:59,17235,17235,17235,2,0
2023-06-14 15:45:59,17235,17235,17235,2,0
2023-06-14 15:45:59,17235,17235,17235,4,0
2023-06-14 15:45:59,17235,17235,17235,2,0
2023-06-14 15:45:59,17235,17235,17235,4,0
2023-06-14 15:45:59,17235,17235,17235,2,0
2023-06-14 15:45:59,17235,17235,17235,2,0
2023-06-14 15:46:01,17234,17234,17234,2,-2
2023-06-14 15:46:01,17234,17234,17234,2,0
2023-06-14 15:46:08,17233,17233,17233,2,-2
2023-06-14 15:46:08,17234,17234,17234,2,2
2023-06-14 15:46:08,17234,17234,17234,2,0
2023-06-14 15:46:10,17233,17233,17233,2,-2
2023-06-14 15:46:10,17233,17233,17233,2,0
2023-06-14 15:46:10,17233,17233,17233,2,0
2023-06-14 15:46:10,17233,17233,17233,2,0
2023-06-14 15:46:10,17232,17232,17232,4,-4
2023-06-14 15:46:10,17232,17232,17232,2,0
2023-06-14 15:46:13,17233,17233,17233,2,2
2023-06-14 15:46:14,17232,17232,17232,2,-2
2023-06-14 15:46:15,17232,17232,17232,2,0
2023-06-14 15:46:16,17232,17232,17232,2,0
2023-06-14 15:46:16,17233,17233,17233,2,2
2023-06-14 15:46:17,17232,17232,17232,2,-2
2023-06-14 15:46:17,17232,17232,17232,2,0
2023-06-14 15:46:22,17232,17232,17232,2,0
2023-06-14 15:46:22,17232,17232,17232,2,0
2023-06-14 15:46:28,17231,17231,17231,2,-2
2023-06-14 15:46:28,17231,17231,17231,8,0
2023-06-14 15:46:29,17231,17231,17231,2,0
2023-06-14 15:46:29,17231,17231,17231,2,0
2023-06-14 15:46:29,17231,17231,17231,2,0
2023-06-14 15:46:29,17231,17231,17231,2,0
2023-06-14 15:46:30,17231,17231,17231,4,0
