2025-01-14 15:00:00.001,22740,22740,22740,86,0
2025-01-14 15:00:00.001,22740,22740,22740,2,0
2025-01-14 15:00:00.001,22739,22739,22739,2,-2
2025-01-14 15:00:00.001,22739,22739,22739,2,0
2025-01-14 15:00:00.001,22740,22740,22740,4,4
2025-01-14 15:00:00.001,22742,22742,22742,2,2
2025-01-14 15:00:00.001,22743,22743,22743,2,2
2025-01-14 15:00:00.001,22735,22735,22735,2,-2
2025-01-14 15:00:00.001,22740,22740,22740,2,2
2025-01-14 15:00:00.001,22741,22741,22741,2,2
2025-01-14 15:00:00.001,22743,22743,22743,4,4
2025-01-14 15:00:01.001,22741,22741,22741,2,-2
2025-01-14 15:00:01.001,22740,22740,22740,2,-2
2025-01-14 15:00:01.001,22739,22739,22739,2,-2
2025-01-14 15:00:01.001,22739,22739,22739,2,0
2025-01-14 15:00:01.001,22738,22738,22738,2,-2
2025-01-14 15:00:01.001,22737,22737,22737,2,-2
2025-01-14 15:00:01.001,22739,22739,22739,2,2
2025-01-14 15:00:01.001,22741,22741,22741,2,2
2025-01-14 15:00:01.001,22742,22742,22742,2,2
2025-01-14 15:00:01.001,22743,22743,22743,2,2
2025-01-14 15:00:01.001,22738,22738,22738,2,-2
2025-01-14 15:00:02.001,22737,22737,22737,2,-2
2025-01-14 15:00:02.001,22737,22737,22737,2,0
2025-01-14 15:00:06.001,22737,22737,22737,2,0
2025-01-14 15:00:06.001,22738,22738,22738,4,4
2025-01-14 15:00:06.001,22736,22736,22736,2,-2
2025-01-14 15:00:07.001,22738,22738,22738,4,4
2025-01-14 15:00:08.001,22735,22735,22735,2,-2
2025-01-14 15:00:09.001,22737,22737,22737,8,8
2025-01-14 15:00:09.001,22738,22738,22738,2,2
2025-01-14 15:00:09.001,22736,22736,22736,2,-2
2025-01-14 15:00:09.001,22737,22737,22737,2,2
2025-01-14 15:00:09.001,22737,22737,22737,2,0
2025-01-14 15:00:13.001,22734,22734,22734,2,-2
2025-01-14 15:00:13.001,22735,22735,22735,6,6
2025-01-14 15:00:13.001,22735,22735,22735,2,0
2025-01-14 15:00:13.001,22734,22734,22734,2,-2
2025-01-14 15:00:13.001,22735,22735,22735,6,6
2025-01-14 15:00:13.001,22736,22736,22736,2,2
2025-01-14 15:00:14.001,22735,22735,22735,2,-2
2025-01-14 15:00:14.001,22735,22735,22735,2,0
2025-01-14 15:00:15.001,22736,22736,22736,2,2
2025-01-14 15:00:15.001,22736,22736,22736,2,0
2025-01-14 15:00:15.001,22737,22737,22737,6,6
2025-01-14 15:00:17.001,22734,22734,22734,10,-10
2025-01-14 15:00:17.001,22734,22734,22734,12,0
2025-01-14 15:00:18.001,22732,22732,22732,2,-2
2025-01-14 15:00:19.001,22732,22732,22732,2,0
2025-01-14 15:00:19.001,22732,22732,22732,2,0
2025-01-14 15:00:19.001,22731,22731,22731,2,-2
2025-01-14 15:00:19.001,22731,22731,22731,2,0
2025-01-14 15:00:19.001,22731,22731,22731,4,0
2025-01-14 15:00:19.001,22731,22731,22731,2,0
2025-01-14 15:00:19.001,22731,22731,22731,2,0
2025-01-14 15:00:20.001,22733,22733,22733,2,2
2025-01-14 15:00:20.001,22733,22733,22733,2,0
2025-01-14 15:00:20.001,22733,22733,22733,2,0
2025-01-14 15:00:21.001,22731,22731,22731,2,-2
2025-01-14 15:00:21.001,22730,22730,22730,2,-2
2025-01-14 15:00:21.001,22733,22733,22733,2,2
2025-01-14 15:00:21.001,22730,22730,22730,2,-2
2025-01-14 15:00:21.001,22730,22730,22730,4,0
2025-01-14 15:00:21.001,22730,22730,22730,2,0
2025-01-14 15:00:21.001,22730,22730,22730,2,0
2025-01-14 15:00:22.001,22731,22731,22731,2,2
2025-01-14 15:00:22.001,22730,22730,22730,2,-2
2025-01-14 15:00:22.001,22730,22730,22730,2,0
2025-01-14 15:00:22.001,22731,22731,22731,2,2
2025-01-14 15:00:23.001,22729,22729,22729,2,-2
2025-01-14 15:00:23.001,22729,22729,22729,2,0
2025-01-14 15:00:24.001,22729,22729,22729,2,0
2025-01-14 15:00:24.001,22729,22729,22729,4,0
2025-01-14 15:00:24.001,22731,22731,22731,2,2
2025-01-14 15:00:24.001,22731,22731,22731,2,0
2025-01-14 15:00:31.001,22731,22731,22731,2,0
2025-01-14 15:00:33.001,22730,22730,22730,2,-2
2025-01-14 15:00:33.001,22731,22731,22731,2,2
2025-01-14 15:00:33.001,22732,22732,22732,4,4
2025-01-14 15:00:33.001,22733,22733,22733,4,4
2025-01-14 15:00:33.001,22733,22733,22733,4,0
2025-01-14 15:00:34.001,22732,22732,22732,2,-2
2025-01-14 15:00:34.001,22732,22732,22732,2,0
2025-01-14 15:00:39.001,22732,22732,22732,2,0
2025-01-14 15:00:39.001,22732,22732,22732,2,0
2025-01-14 15:00:43.001,22732,22732,22732,2,0
2025-01-14 15:00:43.001,22733,22733,22733,2,2
2025-01-14 15:00:45.001,22731,22731,22731,2,-2
2025-01-14 15:00:45.001,22733,22733,22733,2,2
2025-01-14 15:00:45.001,22734,22734,22734,4,4
2025-01-14 15:00:45.001,22733,22733,22733,18,-18
2025-01-14 15:00:45.001,22734,22734,22734,2,2
2025-01-14 15:00:46.001,22733,22733,22733,2,-2
2025-01-14 15:00:47.001,22734,22734,22734,4,4
2025-01-14 15:00:48.001,22735,22735,22735,2,2
2025-01-14 15:00:51.001,22735,22735,22735,4,0
2025-01-14 15:00:51.001,22735,22735,22735,2,0
2025-01-14 15:00:55.001,22736,22736,22736,2,2
2025-01-14 15:00:56.001,22735,22735,22735,2,-2
2025-01-14 15:00:59.001,22736,22736,22736,2,2
2025-01-14 15:00:59.001,22736,22736,22736,4,0
2025-01-14 15:01:00.001,22738,22738,22738,2,2
2025-01-14 15:01:00.001,22738,22738,22738,2,0
2025-01-14 15:01:00.001,22738,22738,22738,4,0
2025-01-14 15:01:00.001,22738,22738,22738,2,0
2025-01-14 15:01:00.001,22739,22739,22739,2,2
2025-01-14 15:01:00.001,22739,22739,22739,2,0
2025-01-14 15:01:00.001,22739,22739,22739,2,0
2025-01-14 15:01:01.001,22740,22740,22740,2,2
2025-01-14 15:01:01.001,22737,22737,22737,2,-2
2025-01-14 15:01:04.001,22736,22736,22736,2,-2
2025-01-14 15:01:04.001,22736,22736,22736,2,0
2025-01-14 15:01:04.001,22736,22736,22736,2,0
2025-01-14 15:01:07.001,22736,22736,22736,2,0
2025-01-14 15:01:09.001,22736,22736,22736,2,0
2025-01-14 15:01:12.001,22739,22739,22739,2,2
2025-01-14 15:01:13.001,22738,22738,22738,2,-2
2025-01-14 15:01:15.001,22738,22738,22738,2,0
2025-01-14 15:01:18.001,22738,22738,22738,2,0
2025-01-14 15:01:19.001,22736,22736,22736,4,-4
2025-01-14 15:01:19.001,22735,22735,22735,4,-4
2025-01-14 15:01:19.001,22735,22735,22735,2,0
2025-01-14 15:01:19.001,22735,22735,22735,2,0
2025-01-14 15:01:19.001,22735,22735,22735,2,0
2025-01-14 15:01:19.001,22735,22735,22735,2,0
2025-01-14 15:01:19.001,22735,22735,22735,2,0
2025-01-14 15:01:19.001,22735,22735,22735,2,0
2025-01-14 15:01:19.001,22735,22735,22735,2,0
2025-01-14 15:01:19.001,22735,22735,22735,2,0
2025-01-14 15:01:19.001,22735,22735,22735,2,0
2025-01-14 15:01:19.001,22735,22735,22735,2,0
2025-01-14 15:01:19.001,22734,22734,22734,2,-2
2025-01-14 15:01:19.001,22734,22734,22734,2,0
2025-01-14 15:01:19.001,22734,22734,22734,2,0
2025-01-14 15:01:19.001,22733,22733,22733,2,-2
2025-01-14 15:01:19.001,22733,22733,22733,2,0
2025-01-14 15:01:19.001,22732,22732,22732,2,-2
2025-01-14 15:01:19.001,22732,22732,22732,2,0
2025-01-14 15:01:19.001,22731,22731,22731,2,-2
2025-01-14 15:01:19.001,22733,22733,22733,2,2
2025-01-14 15:01:29.001,22736,22736,22736,2,2
2025-01-14 15:01:32.001,22736,22736,22736,2,0
2025-01-14 15:01:35.001,22737,22737,22737,2,2
2025-01-14 15:01:40.001,22736,22736,22736,2,-2
2025-01-14 15:01:43.001,22734,22734,22734,4,-4
2025-01-14 15:01:43.001,22734,22734,22734,2,0
2025-01-14 15:01:43.001,22734,22734,22734,2,0
2025-01-14 15:01:43.001,22734,22734,22734,2,0
2025-01-14 15:01:43.001,22734,22734,22734,2,0
2025-01-14 15:01:44.001,22735,22735,22735,2,2
2025-01-14 15:01:46.001,22735,22735,22735,2,0
2025-01-14 15:01:50.001,22733,22733,22733,2,-2
2025-01-14 15:01:50.001,22733,22733,22733,2,0
2025-01-14 15:01:50.001,22733,22733,22733,2,0
2025-01-14 15:02:00.001,22733,22733,22733,2,0
2025-01-14 15:02:00.001,22732,22732,22732,2,-2
2025-01-14 15:02:02.001,22733,22733,22733,2,2
2025-01-14 15:02:02.001,22733,22733,22733,2,0
2025-01-14 15:02:03.001,22731,22731,22731,2,-2
2025-01-14 15:02:03.001,22731,22731,22731,2,0
2025-01-14 15:02:03.001,22731,22731,22731,2,0
2025-01-14 15:02:03.001,22730,22730,22730,2,-2
2025-01-14 15:02:03.001,22730,22730,22730,2,0
2025-01-14 15:02:03.001,22730,22730,22730,2,0
2025-01-14 15:02:03.001,22733,22733,22733,6,6
2025-01-14 15:02:03.001,22731,22731,22731,2,-2
2025-01-14 15:02:05.001,22734,22734,22734,2,2
2025-01-14 15:02:05.001,22735,22735,22735,4,4
2025-01-14 15:02:07.001,22736,22736,22736,4,4
2025-01-14 15:02:07.001,22737,22737,22737,4,4
2025-01-14 15:02:08.001,22737,22737,22737,2,0
2025-01-14 15:02:09.001,22738,22738,22738,2,2
2025-01-14 15:02:09.001,22738,22738,22738,2,0
2025-01-14 15:02:09.001,22738,22738,22738,2,0
2025-01-14 15:02:09.001,22738,22738,22738,4,0
2025-01-14 15:02:10.001,22736,22736,22736,2,-2
2025-01-14 15:02:10.001,22736,22736,22736,2,0
2025-01-14 15:02:10.001,22736,22736,22736,2,0
2025-01-14 15:02:10.001,22736,22736,22736,2,0
2025-01-14 15:02:13.001,22737,22737,22737,2,2
2025-01-14 15:02:13.001,22737,22737,22737,2,0
2025-01-14 15:02:13.001,22737,22737,22737,2,0
2025-01-14 15:02:14.001,22735,22735,22735,2,-2
2025-01-14 15:02:14.001,22735,22735,22735,2,0
2025-01-14 15:02:14.001,22735,22735,22735,2,0
2025-01-14 15:02:14.001,22735,22735,22735,2,0
2025-01-14 15:02:15.001,22734,22734,22734,2,-2
2025-01-14 15:02:15.001,22733,22733,22733,2,-2
2025-01-14 15:02:16.001,22733,22733,22733,2,0
2025-01-14 15:02:16.001,22733,22733,22733,2,0
2025-01-14 15:02:19.001,22732,22732,22732,2,-2
2025-01-14 15:02:20.001,22733,22733,22733,2,2
2025-01-14 15:02:23.001,22733,22733,22733,2,0
2025-01-14 15:02:31.001,22735,22735,22735,4,4
2025-01-14 15:02:33.001,22737,22737,22737,2,2
2025-01-14 15:02:34.001,22738,22738,22738,2,2
2025-01-14 15:02:37.001,22735,22735,22735,2,-2
2025-01-14 15:02:41.001,22734,22734,22734,2,-2
2025-01-14 15:02:44.001,22734,22734,22734,2,0
2025-01-14 15:02:45.001,22737,22737,22737,2,2
2025-01-14 15:02:45.001,22737,22737,22737,2,0
2025-01-14 15:02:45.001,22736,22736,22736,2,-2
2025-01-14 15:02:52.001,22737,22737,22737,2,2
2025-01-14 15:02:53.001,22737,22737,22737,2,0
2025-01-14 15:02:55.001,22737,22737,22737,2,0
2025-01-14 15:02:55.001,22736,22736,22736,2,-2
2025-01-14 15:02:57.001,22738,22738,22738,12,12
2025-01-14 15:02:57.001,22739,22739,22739,2,2
2025-01-14 15:02:57.001,22739,22739,22739,4,0
2025-01-14 15:02:58.001,22740,22740,22740,6,6
2025-01-14 15:02:58.001,22741,22741,22741,2,2
2025-01-14 15:02:58.001,22742,22742,22742,2,2
2025-01-14 15:02:58.001,22743,22743,22743,14,14
2025-01-14 15:02:58.001,22744,22744,22744,6,6
2025-01-14 15:02:58.001,22742,22742,22742,2,-2
2025-01-14 15:02:58.001,22742,22742,22742,2,0
2025-01-14 15:02:58.001,22744,22744,22744,2,2
2025-01-14 15:02:58.001,22744,22744,22744,2,0
2025-01-14 15:02:59.001,22744,22744,22744,4,0
2025-01-14 15:02:59.001,22745,22745,22745,14,14
2025-01-14 15:02:59.001,22745,22745,22745,4,0
2025-01-14 15:03:00.001,22743,22743,22743,2,-2
2025-01-14 15:03:01.001,22746,22746,22746,4,4
2025-01-14 15:03:02.001,22745,22745,22745,2,-2
2025-01-14 15:03:07.001,22744,22744,22744,2,-2
2025-01-14 15:03:12.001,22748,22748,22748,2,2
2025-01-14 15:03:14.001,22744,22744,22744,2,-2
2025-01-14 15:03:14.001,22744,22744,22744,2,0
2025-01-14 15:03:14.001,22744,22744,22744,2,0
2025-01-14 15:03:14.001,22744,22744,22744,2,0
2025-01-14 15:03:14.001,22744,22744,22744,2,0
2025-01-14 15:03:21.001,22747,22747,22747,2,2
2025-01-14 15:03:23.001,22745,22745,22745,2,-2
2025-01-14 15:03:26.001,22743,22743,22743,2,-2
2025-01-14 15:03:26.001,22743,22743,22743,2,0
2025-01-14 15:03:26.001,22743,22743,22743,2,0
2025-01-14 15:03:26.001,22743,22743,22743,2,0
2025-01-14 15:03:26.001,22743,22743,22743,2,0
2025-01-14 15:03:26.001,22742,22742,22742,2,-2
2025-01-14 15:03:27.001,22743,22743,22743,2,2
2025-01-14 15:03:34.001,22742,22742,22742,2,-2
2025-01-14 15:03:34.001,22742,22742,22742,2,0
2025-01-14 15:03:37.001,22742,22742,22742,2,0
2025-01-14 15:03:40.001,22744,22744,22744,2,2
2025-01-14 15:03:40.001,22745,22745,22745,2,2
2025-01-14 15:03:41.001,22747,22747,22747,2,2
2025-01-14 15:03:41.001,22747,22747,22747,2,0
2025-01-14 15:03:43.001,22745,22745,22745,2,-2
2025-01-14 15:03:46.001,22748,22748,22748,8,8
2025-01-14 15:03:46.001,22749,22749,22749,10,10
2025-01-14 15:03:47.001,22747,22747,22747,2,-2
2025-01-14 15:03:47.001,22747,22747,22747,2,0
2025-01-14 15:03:52.001,22745,22745,22745,2,-2
2025-01-14 15:03:55.001,22745,22745,22745,2,0
2025-01-14 15:03:59.001,22747,22747,22747,2,2
2025-01-14 15:03:59.001,22748,22748,22748,2,2
2025-01-14 15:04:01.001,22747,22747,22747,2,-2
2025-01-14 15:04:01.001,22750,22750,22750,2,2
2025-01-14 15:04:02.001,22748,22748,22748,2,-2
2025-01-14 15:04:02.001,22748,22748,22748,2,0
2025-01-14 15:04:02.001,22748,22748,22748,2,0
2025-01-14 15:04:03.001,22750,22750,22750,2,2
2025-01-14 15:04:06.001,22748,22748,22748,2,-2
2025-01-14 15:04:10.001,22750,22750,22750,2,2
2025-01-14 15:04:10.001,22752,22752,22752,2,2
2025-01-14 15:04:13.001,22752,22752,22752,6,0
2025-01-14 15:04:17.001,22750,22750,22750,2,-2
2025-01-14 15:04:19.001,22751,22751,22751,2,2
2025-01-14 15:04:19.001,22751,22751,22751,2,0
2025-01-14 15:04:23.001,22752,22752,22752,2,2
2025-01-14 15:04:31.001,22752,22752,22752,2,0
2025-01-14 15:04:39.001,22753,22753,22753,2,2
2025-01-14 15:04:39.001,22753,22753,22753,2,0
2025-01-14 15:04:39.001,22753,22753,22753,2,0
2025-01-14 15:04:39.001,22753,22753,22753,2,0
2025-01-14 15:04:39.001,22753,22753,22753,2,0
2025-01-14 15:04:40.001,22754,22754,22754,2,2
2025-01-14 15:04:40.001,22754,22754,22754,2,0
2025-01-14 15:04:40.001,22754,22754,22754,2,0
2025-01-14 15:04:45.001,22751,22751,22751,2,-2
2025-01-14 15:04:49.001,22753,22753,22753,2,2
2025-01-14 15:04:49.001,22750,22750,22750,2,-2
2025-01-14 15:05:00.001,22750,22750,22750,2,0
2025-01-14 15:05:00.001,22753,22753,22753,2,2
2025-01-14 15:05:00.001,22754,22754,22754,2,2
2025-01-14 15:05:00.001,22754,22754,22754,2,0
2025-01-14 15:05:00.001,22755,22755,22755,2,2
2025-01-14 15:05:00.001,22756,22756,22756,2,2
2025-01-14 15:05:01.001,22755,22755,22755,2,-2
2025-01-14 15:05:01.001,22755,22755,22755,2,0
2025-01-14 15:05:01.001,22756,22756,22756,2,2
2025-01-14 15:05:01.001,22756,22756,22756,2,0
2025-01-14 15:05:01.001,22755,22755,22755,2,-2
2025-01-14 15:05:01.001,22755,22755,22755,2,0
2025-01-14 15:05:02.001,22755,22755,22755,2,0
2025-01-14 15:05:02.001,22756,22756,22756,2,2
2025-01-14 15:05:02.001,22755,22755,22755,2,-2
2025-01-14 15:05:02.001,22755,22755,22755,2,0
2025-01-14 15:05:02.001,22753,22753,22753,2,-2
2025-01-14 15:05:02.001,22753,22753,22753,2,0
2025-01-14 15:05:02.001,22753,22753,22753,2,0
2025-01-14 15:05:02.001,22753,22753,22753,2,0
2025-01-14 15:05:03.001,22753,22753,22753,2,0
2025-01-14 15:05:03.001,22755,22755,22755,2,2
2025-01-14 15:05:03.001,22755,22755,22755,2,0
2025-01-14 15:05:03.001,22756,22756,22756,2,2
2025-01-14 15:05:03.001,22756,22756,22756,2,0
2025-01-14 15:05:03.001,22756,22756,22756,2,0
2025-01-14 15:05:03.001,22756,22756,22756,2,0
2025-01-14 15:05:04.001,22756,22756,22756,2,0
2025-01-14 15:05:04.001,22756,22756,22756,2,0
2025-01-14 15:05:05.001,22753,22753,22753,2,-2
2025-01-14 15:05:05.001,22753,22753,22753,2,0
2025-01-14 15:05:05.001,22753,22753,22753,2,0
2025-01-14 15:05:12.001,22754,22754,22754,2,2
2025-01-14 15:05:13.001,22753,22753,22753,2,-2
2025-01-14 15:05:13.001,22752,22752,22752,2,-2
2025-01-14 15:05:13.001,22755,22755,22755,2,2
2025-01-14 15:05:13.001,22755,22755,22755,2,0
2025-01-14 15:05:17.001,22753,22753,22753,2,-2
2025-01-14 15:05:17.001,22752,22752,22752,2,-2
2025-01-14 15:05:17.001,22752,22752,22752,2,0
2025-01-14 15:05:18.001,22753,22753,22753,2,2
2025-01-14 15:05:18.001,22754,22754,22754,2,2
2025-01-14 15:05:18.001,22754,22754,22754,2,0
2025-01-14 15:05:19.001,22755,22755,22755,2,2
2025-01-14 15:05:30.001,22751,22751,22751,2,-2
2025-01-14 15:05:30.001,22751,22751,22751,2,0
2025-01-14 15:05:30.001,22751,22751,22751,2,0
2025-01-14 15:05:32.001,22752,22752,22752,2,2
2025-01-14 15:05:32.001,22752,22752,22752,2,0
2025-01-14 15:05:35.001,22750,22750,22750,2,-2
2025-01-14 15:05:36.001,22750,22750,22750,2,0
2025-01-14 15:05:36.001,22753,22753,22753,2,2
2025-01-14 15:05:45.001,22752,22752,22752,2,-2
2025-01-14 15:05:48.001,22750,22750,22750,2,-2
2025-01-14 15:05:49.001,22750,22750,22750,2,0
2025-01-14 15:05:49.001,22750,22750,22750,2,0
2025-01-14 15:05:50.001,22750,22750,22750,2,0
2025-01-14 15:05:51.001,22750,22750,22750,2,0
2025-01-14 15:05:51.001,22750,22750,22750,2,0
2025-01-14 15:05:51.001,22751,22751,22751,2,2
2025-01-14 15:05:51.001,22751,22751,22751,2,0
2025-01-14 15:05:56.001,22753,22753,22753,2,2
2025-01-14 15:06:01.001,22753,22753,22753,2,0
2025-01-14 15:06:16.001,22754,22754,22754,2,2
2025-01-14 15:06:21.001,22753,22753,22753,2,-2
2025-01-14 15:06:21.001,22753,22753,22753,2,0
2025-01-14 15:06:26.001,22754,22754,22754,2,2
2025-01-14 15:06:29.001,22753,22753,22753,2,-2
2025-01-14 15:06:29.001,22752,22752,22752,2,-2
2025-01-14 15:06:29.001,22752,22752,22752,2,0
2025-01-14 15:06:41.001,22753,22753,22753,2,2
2025-01-14 15:06:42.001,22754,22754,22754,2,2
2025-01-14 15:06:42.001,22755,22755,22755,2,2
2025-01-14 15:06:43.001,22754,22754,22754,2,-2
2025-01-14 15:06:44.001,22754,22754,22754,2,0
2025-01-14 15:06:46.001,22753,22753,22753,2,-2
2025-01-14 15:06:47.001,22755,22755,22755,2,2
2025-01-14 15:06:49.001,22755,22755,22755,2,0
2025-01-14 15:06:49.001,22756,22756,22756,4,4
2025-01-14 15:06:49.001,22755,22755,22755,2,-2
2025-01-14 15:06:50.001,22757,22757,22757,2,2
2025-01-14 15:06:50.001,22757,22757,22757,2,0
2025-01-14 15:06:50.001,22757,22757,22757,2,0
2025-01-14 15:06:50.001,22757,22757,22757,2,0
2025-01-14 15:06:50.001,22757,22757,22757,2,0
2025-01-14 15:06:51.001,22757,22757,22757,2,0
2025-01-14 15:06:51.001,22757,22757,22757,2,0
2025-01-14 15:06:51.001,22757,22757,22757,2,0
2025-01-14 15:06:54.001,22758,22758,22758,2,2
2025-01-14 15:06:56.001,22758,22758,22758,2,0
2025-01-14 15:06:56.001,22758,22758,22758,4,0
2025-01-14 15:06:57.001,22759,22759,22759,2,2
2025-01-14 15:06:57.001,22759,22759,22759,2,0
2025-01-14 15:06:57.001,22760,22760,22760,2,2
2025-01-14 15:06:58.001,22760,22760,22760,2,0
2025-01-14 15:06:59.001,22759,22759,22759,2,-2
2025-01-14 15:06:59.001,22759,22759,22759,2,0
2025-01-14 15:07:02.001,22759,22759,22759,2,0
2025-01-14 15:07:03.001,22759,22759,22759,2,0
2025-01-14 15:07:04.001,22760,22760,22760,4,4
2025-01-14 15:07:04.001,22760,22760,22760,2,0
2025-01-14 15:07:04.001,22760,22760,22760,16,0
2025-01-14 15:07:04.001,22760,22760,22760,8,0
2025-01-14 15:07:04.001,22761,22761,22761,2,2
2025-01-14 15:07:04.001,22762,22762,22762,2,2
2025-01-14 15:07:05.001,22762,22762,22762,2,0
2025-01-14 15:07:10.001,22762,22762,22762,2,0
2025-01-14 15:07:10.001,22763,22763,22763,2,2
2025-01-14 15:07:10.001,22761,22761,22761,2,-2
2025-01-14 15:07:13.001,22762,22762,22762,2,2
2025-01-14 15:07:14.001,22762,22762,22762,4,0
2025-01-14 15:07:14.001,22762,22762,22762,6,0
2025-01-14 15:07:16.001,22762,22762,22762,2,0
2025-01-14 15:07:16.001,22763,22763,22763,4,4
2025-01-14 15:07:18.001,22762,22762,22762,2,-2
2025-01-14 15:07:21.001,22763,22763,22763,4,4
2025-01-14 15:07:21.001,22764,22764,22764,6,6
2025-01-14 15:07:24.001,22763,22763,22763,2,-2
2025-01-14 15:07:27.001,22764,22764,22764,2,2
2025-01-14 15:07:27.001,22765,22765,22765,8,8
2025-01-14 15:07:27.001,22766,22766,22766,2,2
2025-01-14 15:07:27.001,22766,22766,22766,2,0
2025-01-14 15:07:27.001,22767,22767,22767,2,2
2025-01-14 15:07:27.001,22767,22767,22767,10,0
2025-01-14 15:07:28.001,22767,22767,22767,4,0
2025-01-14 15:07:28.001,22767,22767,22767,2,0
2025-01-14 15:07:28.001,22767,22767,22767,8,0
2025-01-14 15:07:28.001,22767,22767,22767,4,0
2025-01-14 15:07:28.001,22767,22767,22767,2,0
2025-01-14 15:07:28.001,22767,22767,22767,4,0
2025-01-14 15:07:28.001,22768,22768,22768,2,2
2025-01-14 15:07:28.001,22769,22769,22769,2,2
2025-01-14 15:07:28.001,22769,22769,22769,2,0
2025-01-14 15:07:28.001,22770,22770,22770,4,4
2025-01-14 15:07:28.001,22770,22770,22770,2,0
2025-01-14 15:07:28.001,22769,22769,22769,2,-2
2025-01-14 15:07:28.001,22770,22770,22770,4,4
2025-01-14 15:07:28.001,22770,22770,22770,2,0
2025-01-14 15:07:28.001,22770,22770,22770,2,0
2025-01-14 15:07:28.001,22770,22770,22770,4,0
2025-01-14 15:07:28.001,22770,22770,22770,8,0
2025-01-14 15:07:28.001,22771,22771,22771,20,20
2025-01-14 15:07:28.001,22773,22773,22773,2,2
2025-01-14 15:07:28.001,22774,22774,22774,2,2
2025-01-14 15:07:28.001,22774,22774,22774,4,0
2025-01-14 15:07:28.001,22775,22775,22775,4,4
2025-01-14 15:07:28.001,22776,22776,22776,2,2
2025-01-14 15:07:28.001,22776,22776,22776,4,0
2025-01-14 15:07:28.001,22775,22775,22775,2,-2
2025-01-14 15:07:28.001,22777,22777,22777,6,6
2025-01-14 15:07:28.001,22778,22778,22778,14,14
2025-01-14 15:07:28.001,22778,22778,22778,4,0
2025-01-14 15:07:28.001,22779,22779,22779,4,4
2025-01-14 15:07:28.001,22777,22777,22777,2,-2
2025-01-14 15:07:28.001,22779,22779,22779,2,2
2025-01-14 15:07:28.001,22779,22779,22779,2,0
2025-01-14 15:07:28.001,22779,22779,22779,2,0
2025-01-14 15:07:28.001,22779,22779,22779,2,0
2025-01-14 15:07:28.001,22778,22778,22778,2,-2
2025-01-14 15:07:28.001,22778,22778,22778,2,0
2025-01-14 15:07:28.001,22779,22779,22779,2,2
2025-01-14 15:07:28.001,22779,22779,22779,2,0
2025-01-14 15:07:28.001,22779,22779,22779,2,0
2025-01-14 15:07:28.001,22780,22780,22780,2,2
2025-01-14 15:07:28.001,22777,22777,22777,2,-2
2025-01-14 15:07:28.001,22778,22778,22778,6,6
2025-01-14 15:07:28.001,22779,22779,22779,2,2
2025-01-14 15:07:28.001,22779,22779,22779,2,0
2025-01-14 15:07:28.001,22780,22780,22780,2,2
2025-01-14 15:07:28.001,22779,22779,22779,2,-2
2025-01-14 15:07:28.001,22780,22780,22780,2,2
2025-01-14 15:07:29.001,22777,22777,22777,2,-2
2025-01-14 15:07:29.001,22776,22776,22776,2,-2
2025-01-14 15:07:29.001,22778,22778,22778,2,2
2025-01-14 15:07:29.001,22776,22776,22776,2,-2
2025-01-14 15:07:29.001,22776,22776,22776,2,0
2025-01-14 15:07:29.001,22778,22778,22778,2,2
2025-01-14 15:07:30.001,22777,22777,22777,2,-2
2025-01-14 15:07:30.001,22777,22777,22777,2,0
2025-01-14 15:07:30.001,22776,22776,22776,2,-2
2025-01-14 15:07:30.001,22776,22776,22776,2,0
2025-01-14 15:07:30.001,22776,22776,22776,2,0
2025-01-14 15:07:30.001,22775,22775,22775,2,-2
2025-01-14 15:07:33.001,22778,22778,22778,4,4
2025-01-14 15:07:33.001,22779,22779,22779,2,2
2025-01-14 15:07:33.001,22777,22777,22777,2,-2
2025-01-14 15:07:33.001,22777,22777,22777,2,0
2025-01-14 15:07:33.001,22777,22777,22777,2,0
2025-01-14 15:07:34.001,22778,22778,22778,2,2
2025-01-14 15:07:34.001,22778,22778,22778,2,0
2025-01-14 15:07:35.001,22778,22778,22778,2,0
2025-01-14 15:07:36.001,22775,22775,22775,2,-2
2025-01-14 15:07:36.001,22775,22775,22775,2,0
2025-01-14 15:07:37.001,22774,22774,22774,2,-2
2025-01-14 15:07:38.001,22775,22775,22775,2,2
2025-01-14 15:07:38.001,22775,22775,22775,10,0
2025-01-14 15:07:38.001,22776,22776,22776,4,4
2025-01-14 15:07:38.001,22776,22776,22776,4,0
2025-01-14 15:07:40.001,22776,22776,22776,6,0
2025-01-14 15:07:41.001,22776,22776,22776,2,0
2025-01-14 15:07:43.001,22775,22775,22775,2,-2
2025-01-14 15:07:43.001,22772,22772,22772,2,-2
2025-01-14 15:07:46.001,22771,22771,22771,2,-2
2025-01-14 15:07:46.001,22770,22770,22770,2,-2
2025-01-14 15:07:46.001,22769,22769,22769,2,-2
2025-01-14 15:07:48.001,22770,22770,22770,2,2
2025-01-14 15:07:51.001,22769,22769,22769,2,-2
2025-01-14 15:07:52.001,22768,22768,22768,2,-2
2025-01-14 15:07:52.001,22768,22768,22768,2,0
2025-01-14 15:07:52.001,22767,22767,22767,2,-2
2025-01-14 15:07:52.001,22766,22766,22766,2,-2
2025-01-14 15:07:53.001,22769,22769,22769,2,2
2025-01-14 15:07:55.001,22770,22770,22770,2,2
2025-01-14 15:07:56.001,22769,22769,22769,2,-2
2025-01-14 15:07:59.001,22767,22767,22767,2,-2
2025-01-14 15:08:00.001,22768,22768,22768,2,2
2025-01-14 15:08:01.001,22768,22768,22768,2,0
2025-01-14 15:08:01.001,22768,22768,22768,2,0
2025-01-14 15:08:01.001,22769,22769,22769,2,2
2025-01-14 15:08:01.001,22769,22769,22769,2,0
2025-01-14 15:08:01.001,22769,22769,22769,8,0
2025-01-14 15:08:01.001,22770,22770,22770,2,2
2025-01-14 15:08:02.001,22769,22769,22769,2,-2
2025-01-14 15:08:02.001,22769,22769,22769,2,0
2025-01-14 15:08:02.001,22769,22769,22769,2,0
2025-01-14 15:08:09.001,22769,22769,22769,2,0
2025-01-14 15:08:09.001,22768,22768,22768,2,-2
2025-01-14 15:08:09.001,22767,22767,22767,4,-4
2025-01-14 15:08:10.001,22766,22766,22766,2,-2
2025-01-14 15:08:10.001,22765,22765,22765,2,-2
2025-01-14 15:08:10.001,22765,22765,22765,2,0
2025-01-14 15:08:10.001,22766,22766,22766,2,2
2025-01-14 15:08:10.001,22766,22766,22766,2,0
2025-01-14 15:08:12.001,22766,22766,22766,2,0
2025-01-14 15:08:12.001,22768,22768,22768,2,2
2025-01-14 15:08:12.001,22768,22768,22768,2,0
2025-01-14 15:08:15.001,22767,22767,22767,2,-2
2025-01-14 15:08:15.001,22767,22767,22767,2,0
2025-01-14 15:08:17.001,22768,22768,22768,2,2
2025-01-14 15:08:20.001,22769,22769,22769,2,2
2025-01-14 15:08:20.001,22771,22771,22771,2,2
2025-01-14 15:08:20.001,22771,22771,22771,2,0
2025-01-14 15:08:27.001,22769,22769,22769,2,-2
2025-01-14 15:08:31.001,22769,22769,22769,2,0
2025-01-14 15:08:31.001,22770,22770,22770,2,2
2025-01-14 15:08:31.001,22770,22770,22770,2,0
2025-01-14 15:08:31.001,22770,22770,22770,2,0
2025-01-14 15:08:31.001,22770,22770,22770,2,0
2025-01-14 15:08:31.001,22771,22771,22771,4,4
2025-01-14 15:08:31.001,22771,22771,22771,2,0
2025-01-14 15:08:31.001,22771,22771,22771,2,0
2025-01-14 15:08:31.001,22771,22771,22771,2,0
2025-01-14 15:08:34.001,22768,22768,22768,4,-4
2025-01-14 15:08:35.001,22770,22770,22770,2,2
2025-01-14 15:08:38.001,22769,22769,22769,2,-2
2025-01-14 15:08:38.001,22769,22769,22769,2,0
2025-01-14 15:08:42.001,22769,22769,22769,4,0
2025-01-14 15:08:42.001,22768,22768,22768,2,-2
2025-01-14 15:08:42.001,22768,22768,22768,24,0
2025-01-14 15:08:42.001,22768,22768,22768,2,0
2025-01-14 15:08:42.001,22767,22767,22767,2,-2
2025-01-14 15:08:44.001,22766,22766,22766,2,-2
2025-01-14 15:08:44.001,22766,22766,22766,2,0
2025-01-14 15:08:44.001,22765,22765,22765,2,-2
2025-01-14 15:08:44.001,22765,22765,22765,2,0
2025-01-14 15:08:44.001,22765,22765,22765,2,0
2025-01-14 15:08:44.001,22764,22764,22764,2,-2
2025-01-14 15:08:46.001,22765,22765,22765,2,2
2025-01-14 15:08:50.001,22765,22765,22765,2,0
2025-01-14 15:08:53.001,22764,22764,22764,2,-2
2025-01-14 15:08:55.001,22763,22763,22763,2,-2
2025-01-14 15:08:55.001,22763,22763,22763,2,0
2025-01-14 15:08:55.001,22762,22762,22762,2,-2
2025-01-14 15:08:57.001,22761,22761,22761,2,-2
2025-01-14 15:08:57.001,22761,22761,22761,2,0
2025-01-14 15:08:57.001,22761,22761,22761,4,0
2025-01-14 15:08:57.001,22760,22760,22760,4,-4
2025-01-14 15:08:57.001,22760,22760,22760,2,0
2025-01-14 15:08:57.001,22760,22760,22760,2,0
2025-01-14 15:08:59.001,22762,22762,22762,2,2
2025-01-14 15:09:02.001,22761,22761,22761,2,-2
2025-01-14 15:09:04.001,22761,22761,22761,2,0
2025-01-14 15:09:08.001,22759,22759,22759,2,-2
2025-01-14 15:09:08.001,22758,22758,22758,2,-2
2025-01-14 15:09:08.001,22758,22758,22758,4,0
2025-01-14 15:09:08.001,22758,22758,22758,2,0
2025-01-14 15:09:08.001,22758,22758,22758,2,0
2025-01-14 15:09:09.001,22758,22758,22758,2,0
2025-01-14 15:09:15.001,22758,22758,22758,2,0
2025-01-14 15:09:20.001,22759,22759,22759,2,2
2025-01-14 15:09:20.001,22759,22759,22759,2,0
2025-01-14 15:09:23.001,22759,22759,22759,2,0
2025-01-14 15:09:23.001,22759,22759,22759,2,0
2025-01-14 15:09:24.001,22759,22759,22759,2,0
2025-01-14 15:09:24.001,22758,22758,22758,2,-2
2025-01-14 15:09:39.001,22758,22758,22758,2,0
2025-01-14 15:09:41.001,22756,22756,22756,2,-2
2025-01-14 15:09:43.001,22757,22757,22757,2,2
2025-01-14 15:09:43.001,22757,22757,22757,2,0
2025-01-14 15:09:43.001,22757,22757,22757,2,0
2025-01-14 15:09:43.001,22756,22756,22756,2,-2
2025-01-14 15:09:44.001,22756,22756,22756,2,0
2025-01-14 15:09:46.001,22756,22756,22756,2,0
2025-01-14 15:09:47.001,22756,22756,22756,2,0
2025-01-14 15:09:51.001,22755,22755,22755,4,-4
2025-01-14 15:09:51.001,22755,22755,22755,2,0
2025-01-14 15:09:51.001,22755,22755,22755,2,0
2025-01-14 15:09:52.001,22755,22755,22755,2,0
2025-01-14 15:09:52.001,22756,22756,22756,2,2
2025-01-14 15:09:53.001,22754,22754,22754,2,-2
2025-01-14 15:09:55.001,22756,22756,22756,2,2
2025-01-14 15:09:55.001,22754,22754,22754,2,-2
2025-01-14 15:10:00.001,22756,22756,22756,2,2
2025-01-14 15:10:00.001,22756,22756,22756,4,0
2025-01-14 15:10:00.001,22756,22756,22756,2,0
2025-01-14 15:10:00.001,22756,22756,22756,2,0
2025-01-14 15:10:01.001,22755,22755,22755,2,-2
2025-01-14 15:10:01.001,22757,22757,22757,2,2
2025-01-14 15:10:01.001,22756,22756,22756,2,-2
2025-01-14 15:10:04.001,22757,22757,22757,2,2
2025-01-14 15:10:06.001,22755,22755,22755,2,-2
2025-01-14 15:10:06.001,22755,22755,22755,2,0
2025-01-14 15:10:10.001,22758,22758,22758,2,2
2025-01-14 15:10:15.001,22754,22754,22754,2,-2
2025-01-14 15:10:15.001,22753,22753,22753,2,-2
2025-01-14 15:10:15.001,22754,22754,22754,2,2
2025-01-14 15:10:21.001,22754,22754,22754,6,0
2025-01-14 15:10:37.001,22755,22755,22755,2,2
2025-01-14 15:10:38.001,22755,22755,22755,2,0
2025-01-14 15:10:52.001,22754,22754,22754,4,-4
2025-01-14 15:10:52.001,22754,22754,22754,2,0
2025-01-14 15:10:52.001,22754,22754,22754,6,0
2025-01-14 15:10:52.001,22754,22754,22754,2,0
2025-01-14 15:10:54.001,22752,22752,22752,2,-2
2025-01-14 15:10:56.001,22752,22752,22752,2,0
2025-01-14 15:10:56.001,22751,22751,22751,2,-2
2025-01-14 15:10:56.001,22751,22751,22751,2,0
2025-01-14 15:10:56.001,22751,22751,22751,2,0
2025-01-14 15:10:56.001,22750,22750,22750,2,-2
2025-01-14 15:10:56.001,22750,22750,22750,2,0
2025-01-14 15:10:56.001,22750,22750,22750,10,0
2025-01-14 15:10:56.001,22750,22750,22750,4,0
2025-01-14 15:11:07.001,22750,22750,22750,2,0
2025-01-14 15:11:13.001,22748,22748,22748,2,-2
2025-01-14 15:11:13.001,22748,22748,22748,4,0
2025-01-14 15:11:13.001,22748,22748,22748,2,0
2025-01-14 15:11:13.001,22748,22748,22748,6,0
2025-01-14 15:11:14.001,22745,22745,22745,2,-2
2025-01-14 15:11:15.001,22744,22744,22744,2,-2
2025-01-14 15:11:15.001,22743,22743,22743,2,-2
2025-01-14 15:11:17.001,22744,22744,22744,2,2
2025-01-14 15:11:18.001,22744,22744,22744,2,0
2025-01-14 15:11:21.001,22745,22745,22745,2,2
2025-01-14 15:11:25.001,22745,22745,22745,2,0
2025-01-14 15:11:29.001,22746,22746,22746,2,2
2025-01-14 15:11:35.001,22745,22745,22745,2,-2
2025-01-14 15:11:35.001,22743,22743,22743,2,-2
2025-01-14 15:11:35.001,22743,22743,22743,2,0
2025-01-14 15:11:42.001,22743,22743,22743,2,0
2025-01-14 15:11:42.001,22742,22742,22742,2,-2
2025-01-14 15:11:42.001,22741,22741,22741,2,-2
2025-01-14 15:11:42.001,22741,22741,22741,2,0
2025-01-14 15:11:48.001,22741,22741,22741,2,0
2025-01-14 15:11:56.001,22742,22742,22742,10,10
2025-01-14 15:11:56.001,22743,22743,22743,2,2
2025-01-14 15:12:07.001,22741,22741,22741,2,-2
2025-01-14 15:12:07.001,22741,22741,22741,2,0
2025-01-14 15:12:07.001,22741,22741,22741,2,0
2025-01-14 15:12:07.001,22741,22741,22741,2,0
2025-01-14 15:12:07.001,22740,22740,22740,2,-2
2025-01-14 15:12:07.001,22740,22740,22740,2,0
2025-01-14 15:12:07.001,22740,22740,22740,2,0
2025-01-14 15:12:07.001,22739,22739,22739,2,-2
2025-01-14 15:12:09.001,22739,22739,22739,2,0
2025-01-14 15:12:12.001,22741,22741,22741,2,2
2025-01-14 15:12:14.001,22740,22740,22740,2,-2
2025-01-14 15:12:15.001,22739,22739,22739,2,-2
2025-01-14 15:12:15.001,22739,22739,22739,2,0
2025-01-14 15:12:15.001,22739,22739,22739,6,0
2025-01-14 15:12:16.001,22738,22738,22738,2,-2
2025-01-14 15:12:16.001,22738,22738,22738,2,0
2025-01-14 15:12:16.001,22737,22737,22737,2,-2
2025-01-14 15:12:16.001,22737,22737,22737,2,0
2025-01-14 15:12:16.001,22736,22736,22736,2,-2
2025-01-14 15:12:16.001,22736,22736,22736,2,0
2025-01-14 15:12:16.001,22736,22736,22736,2,0
2025-01-14 15:12:28.001,22735,22735,22735,2,-2
2025-01-14 15:12:28.001,22735,22735,22735,2,0
2025-01-14 15:12:31.001,22734,22734,22734,2,-2
2025-01-14 15:12:31.001,22732,22732,22732,2,-2
2025-01-14 15:12:34.001,22732,22732,22732,2,0
2025-01-14 15:12:34.001,22732,22732,22732,2,0
2025-01-14 15:12:35.001,22731,22731,22731,2,-2
2025-01-14 15:12:35.001,22731,22731,22731,2,0
2025-01-14 15:12:35.001,22731,22731,22731,2,0
2025-01-14 15:12:35.001,22732,22732,22732,2,2
2025-01-14 15:12:35.001,22730,22730,22730,2,-2
2025-01-14 15:12:35.001,22730,22730,22730,2,0
2025-01-14 15:12:35.001,22730,22730,22730,2,0
2025-01-14 15:12:35.001,22730,22730,22730,2,0
2025-01-14 15:12:35.001,22730,22730,22730,2,0
2025-01-14 15:12:35.001,22729,22729,22729,2,-2
2025-01-14 15:12:35.001,22728,22728,22728,2,-2
2025-01-14 15:12:35.001,22727,22727,22727,2,-2
2025-01-14 15:12:35.001,22727,22727,22727,2,0
2025-01-14 15:12:35.001,22726,22726,22726,2,-2
2025-01-14 15:12:35.001,22725,22725,22725,2,-2
2025-01-14 15:12:35.001,22726,22726,22726,2,2
2025-01-14 15:12:35.001,22725,22725,22725,2,-2
2025-01-14 15:12:36.001,22726,22726,22726,2,2
2025-01-14 15:12:36.001,22727,22727,22727,4,4
2025-01-14 15:12:36.001,22728,22728,22728,2,2
2025-01-14 15:12:36.001,22729,22729,22729,2,2
2025-01-14 15:12:36.001,22729,22729,22729,2,0
2025-01-14 15:12:36.001,22728,22728,22728,2,-2
2025-01-14 15:12:36.001,22728,22728,22728,2,0
2025-01-14 15:12:36.001,22728,22728,22728,2,0
2025-01-14 15:12:36.001,22728,22728,22728,2,0
2025-01-14 15:12:37.001,22726,22726,22726,2,-2
2025-01-14 15:12:38.001,22725,22725,22725,2,-2
2025-01-14 15:12:39.001,22727,22727,22727,2,2
2025-01-14 15:12:39.001,22726,22726,22726,2,-2
2025-01-14 15:12:41.001,22728,22728,22728,2,2
2025-01-14 15:12:42.001,22729,22729,22729,2,2
2025-01-14 15:12:42.001,22729,22729,22729,8,0
2025-01-14 15:12:47.001,22731,22731,22731,2,2
2025-01-14 15:12:47.001,22730,22730,22730,2,-2
2025-01-14 15:12:48.001,22730,22730,22730,2,0
2025-01-14 15:12:51.001,22733,22733,22733,2,2
2025-01-14 15:12:53.001,22734,22734,22734,2,2
2025-01-14 15:12:54.001,22732,22732,22732,2,-2
2025-01-14 15:13:00.001,22734,22734,22734,2,2
2025-01-14 15:13:00.001,22732,22732,22732,2,-2
2025-01-14 15:13:05.001,22735,22735,22735,8,8
2025-01-14 15:13:15.001,22737,22737,22737,2,2
2025-01-14 15:13:15.001,22738,22738,22738,2,2
2025-01-14 15:13:21.001,22737,22737,22737,2,-2
2025-01-14 15:13:33.001,22739,22739,22739,2,2
2025-01-14 15:13:33.001,22740,22740,22740,4,4
2025-01-14 15:13:43.001,22743,22743,22743,2,2
2025-01-14 15:13:43.001,22743,22743,22743,2,0
2025-01-14 15:13:45.001,22740,22740,22740,2,-2
2025-01-14 15:13:56.001,22739,22739,22739,10,-10
2025-01-14 15:13:56.001,22738,22738,22738,2,-2
2025-01-14 15:13:57.001,22738,22738,22738,2,0
2025-01-14 15:13:57.001,22739,22739,22739,2,2
2025-01-14 15:14:04.001,22742,22742,22742,2,2
2025-01-14 15:14:04.001,22743,22743,22743,2,2
2025-01-14 15:14:08.001,22740,22740,22740,2,-2
2025-01-14 15:14:14.001,22742,22742,22742,2,2
2025-01-14 15:14:23.001,22743,22743,22743,2,2
2025-01-14 15:14:25.001,22743,22743,22743,2,0
2025-01-14 15:14:30.001,22744,22744,22744,2,2
2025-01-14 15:14:35.001,22741,22741,22741,2,-2
2025-01-14 15:14:35.001,22741,22741,22741,2,0
2025-01-14 15:14:36.001,22739,22739,22739,2,-2
2025-01-14 15:14:37.001,22739,22739,22739,2,0
2025-01-14 15:14:37.001,22739,22739,22739,2,0
2025-01-14 15:14:52.001,22743,22743,22743,2,2
2025-01-14 15:15:15.001,22743,22743,22743,2,0
2025-01-14 15:15:15.001,22740,22740,22740,2,-2
2025-01-14 15:15:15.001,22743,22743,22743,8,8
2025-01-14 15:15:15.001,22744,22744,22744,4,4
2025-01-14 15:15:15.001,22745,22745,22745,2,2
2025-01-14 15:15:15.001,22745,22745,22745,2,0
2025-01-14 15:15:15.001,22745,22745,22745,2,0
2025-01-14 15:15:15.001,22745,22745,22745,2,0
2025-01-14 15:15:23.001,22745,22745,22745,2,0
2025-01-14 15:15:23.001,22743,22743,22743,2,-2
2025-01-14 15:15:25.001,22745,22745,22745,4,4
2025-01-14 15:15:30.001,22745,22745,22745,2,0
2025-01-14 15:15:31.001,22745,22745,22745,2,0
2025-01-14 15:15:41.001,22745,22745,22745,4,0
2025-01-14 15:15:43.001,22743,22743,22743,2,-2
2025-01-14 15:15:45.001,22745,22745,22745,2,2
2025-01-14 15:15:46.001,22745,22745,22745,4,0
2025-01-14 15:15:46.001,22746,22746,22746,18,18
2025-01-14 15:15:46.001,22747,22747,22747,8,8
2025-01-14 15:15:46.001,22747,22747,22747,2,0
2025-01-14 15:15:46.001,22746,22746,22746,2,-2
2025-01-14 15:15:46.001,22749,22749,22749,2,2
2025-01-14 15:15:46.001,22749,22749,22749,2,0
2025-01-14 15:15:47.001,22749,22749,22749,2,0
2025-01-14 15:15:49.001,22749,22749,22749,2,0
2025-01-14 15:15:52.001,22749,22749,22749,2,0
2025-01-14 15:15:52.001,22749,22749,22749,2,0
2025-01-14 15:15:52.001,22749,22749,22749,2,0
2025-01-14 15:15:52.001,22749,22749,22749,2,0
2025-01-14 15:15:55.001,22748,22748,22748,2,-2
2025-01-14 15:16:01.001,22749,22749,22749,2,2
2025-01-14 15:16:01.001,22750,22750,22750,2,2
2025-01-14 15:16:01.001,22750,22750,22750,2,0
2025-01-14 15:16:01.001,22750,22750,22750,2,0
2025-01-14 15:16:03.001,22752,22752,22752,2,2
2025-01-14 15:16:03.001,22753,22753,22753,2,2
2025-01-14 15:16:03.001,22753,22753,22753,2,0
2025-01-14 15:16:03.001,22753,22753,22753,2,0
2025-01-14 15:16:03.001,22753,22753,22753,2,0
2025-01-14 15:16:09.001,22751,22751,22751,2,-2
2025-01-14 15:16:11.001,22753,22753,22753,2,2
2025-01-14 15:16:11.001,22753,22753,22753,2,0
2025-01-14 15:16:11.001,22752,22752,22752,2,-2
2025-01-14 15:16:23.001,22752,22752,22752,2,0
2025-01-14 15:16:23.001,22751,22751,22751,2,-2
2025-01-14 15:16:25.001,22752,22752,22752,2,2
2025-01-14 15:16:30.001,22750,22750,22750,4,-4
2025-01-14 15:16:31.001,22750,22750,22750,2,0
2025-01-14 15:16:37.001,22753,22753,22753,4,4
2025-01-14 15:16:53.001,22753,22753,22753,2,0
2025-01-14 15:16:53.001,22753,22753,22753,4,0
2025-01-14 15:16:53.001,22753,22753,22753,2,0
2025-01-14 15:16:53.001,22754,22754,22754,2,2
2025-01-14 15:16:53.001,22754,22754,22754,2,0
2025-01-14 15:16:53.001,22754,22754,22754,12,0
2025-01-14 15:17:00.001,22751,22751,22751,2,-2
2025-01-14 15:17:08.001,22753,22753,22753,2,2
2025-01-14 15:17:13.001,22754,22754,22754,2,2
2025-01-14 15:17:13.001,22754,22754,22754,2,0
2025-01-14 15:17:16.001,22755,22755,22755,2,2
2025-01-14 15:17:20.001,22754,22754,22754,2,-2
2025-01-14 15:17:27.001,22752,22752,22752,2,-2
2025-01-14 15:17:27.001,22752,22752,22752,2,0
2025-01-14 15:17:27.001,22751,22751,22751,2,-2
2025-01-14 15:17:27.001,22751,22751,22751,2,0
2025-01-14 15:17:28.001,22753,22753,22753,2,2
2025-01-14 15:17:28.001,22751,22751,22751,2,-2
2025-01-14 15:17:28.001,22750,22750,22750,2,-2
2025-01-14 15:17:38.001,22753,22753,22753,2,2
2025-01-14 15:17:49.001,22753,22753,22753,2,0
2025-01-14 15:17:56.001,22752,22752,22752,2,-2
2025-01-14 15:18:00.001,22752,22752,22752,2,0
2025-01-14 15:18:04.001,22753,22753,22753,2,2
2025-01-14 15:18:15.001,22754,22754,22754,2,2
2025-01-14 15:18:18.001,22755,22755,22755,12,12
2025-01-14 15:18:19.001,22755,22755,22755,2,0
2025-01-14 15:18:27.001,22756,22756,22756,2,2
2025-01-14 15:18:28.001,22757,22757,22757,2,2
2025-01-14 15:18:28.001,22758,22758,22758,4,4
2025-01-14 15:18:29.001,22758,22758,22758,2,0
2025-01-14 15:18:54.001,22757,22757,22757,2,-2
2025-01-14 15:18:55.001,22759,22759,22759,2,2
2025-01-14 15:19:01.001,22760,22760,22760,2,2
2025-01-14 15:19:01.001,22760,22760,22760,2,0
2025-01-14 15:19:02.001,22763,22763,22763,6,6
2025-01-14 15:19:04.001,22763,22763,22763,4,0
2025-01-14 15:19:05.001,22764,22764,22764,2,2
2025-01-14 15:19:05.001,22764,22764,22764,4,0
2025-01-14 15:19:05.001,22764,22764,22764,2,0
2025-01-14 15:19:05.001,22765,22765,22765,2,2
2025-01-14 15:19:06.001,22763,22763,22763,2,-2
2025-01-14 15:19:06.001,22763,22763,22763,2,0
2025-01-14 15:19:06.001,22765,22765,22765,2,2
2025-01-14 15:19:09.001,22764,22764,22764,4,-4
2025-01-14 15:19:09.001,22764,22764,22764,2,0
2025-01-14 15:19:09.001,22764,22764,22764,2,0
2025-01-14 15:19:09.001,22766,22766,22766,4,4
2025-01-14 15:19:10.001,22764,22764,22764,2,-2
2025-01-14 15:19:16.001,22762,22762,22762,2,-2
2025-01-14 15:19:17.001,22762,22762,22762,2,0
2025-01-14 15:19:21.001,22763,22763,22763,2,2
2025-01-14 15:19:21.001,22763,22763,22763,2,0
2025-01-14 15:19:23.001,22762,22762,22762,2,-2
2025-01-14 15:19:30.001,22762,22762,22762,2,0
2025-01-14 15:19:33.001,22762,22762,22762,2,0
2025-01-14 15:19:37.001,22760,22760,22760,2,-2
2025-01-14 15:19:37.001,22760,22760,22760,2,0
2025-01-14 15:19:37.001,22760,22760,22760,2,0
2025-01-14 15:19:37.001,22760,22760,22760,2,0
2025-01-14 15:19:43.001,22761,22761,22761,2,2
2025-01-14 15:19:43.001,22762,22762,22762,2,2
2025-01-14 15:19:44.001,22759,22759,22759,2,-2
2025-01-14 15:19:51.001,22755,22755,22755,2,-2
2025-01-14 15:19:51.001,22758,22758,22758,2,2
2025-01-14 15:19:53.001,22758,22758,22758,2,0
2025-01-14 15:20:01.001,22760,22760,22760,2,2
2025-01-14 15:20:02.001,22759,22759,22759,2,-2
2025-01-14 15:20:02.001,22760,22760,22760,2,2
2025-01-14 15:20:03.001,22761,22761,22761,6,6
2025-01-14 15:20:03.001,22759,22759,22759,2,-2
2025-01-14 15:20:06.001,22758,22758,22758,2,-2
2025-01-14 15:20:08.001,22759,22759,22759,2,2
2025-01-14 15:20:18.001,22756,22756,22756,2,-2
2025-01-14 15:20:18.001,22756,22756,22756,2,0
2025-01-14 15:20:24.001,22758,22758,22758,2,2
2025-01-14 15:20:26.001,22755,22755,22755,2,-2
2025-01-14 15:20:28.001,22756,22756,22756,2,2
2025-01-14 15:20:40.001,22756,22756,22756,2,0
2025-01-14 15:20:40.001,22756,22756,22756,2,0
2025-01-14 15:20:40.001,22755,22755,22755,2,-2
2025-01-14 15:20:40.001,22755,22755,22755,2,0
2025-01-14 15:20:40.001,22757,22757,22757,2,2
2025-01-14 15:20:41.001,22755,22755,22755,2,-2
2025-01-14 15:20:48.001,22754,22754,22754,2,-2
2025-01-14 15:20:50.001,22753,22753,22753,2,-2
2025-01-14 15:20:54.001,22753,22753,22753,8,0
2025-01-14 15:20:56.001,22754,22754,22754,2,2
2025-01-14 15:20:58.001,22752,22752,22752,2,-2
2025-01-14 15:21:11.001,22755,22755,22755,2,2
2025-01-14 15:21:18.001,22752,22752,22752,2,-2
2025-01-14 15:21:18.001,22752,22752,22752,2,0
2025-01-14 15:21:19.001,22751,22751,22751,2,-2
2025-01-14 15:21:26.001,22751,22751,22751,2,0
2025-01-14 15:21:26.001,22751,22751,22751,2,0
2025-01-14 15:21:32.001,22750,22750,22750,2,-2
2025-01-14 15:21:32.001,22750,22750,22750,2,0
2025-01-14 15:21:35.001,22751,22751,22751,2,2
2025-01-14 15:21:35.001,22752,22752,22752,2,2
2025-01-14 15:21:40.001,22754,22754,22754,2,2
2025-01-14 15:21:40.001,22751,22751,22751,2,-2
2025-01-14 15:21:40.001,22751,22751,22751,6,0
2025-01-14 15:21:40.001,22752,22752,22752,14,14
2025-01-14 15:21:42.001,22753,22753,22753,2,2
2025-01-14 15:21:55.001,22751,22751,22751,2,-2
2025-01-14 15:21:57.001,22753,22753,22753,2,2
2025-01-14 15:22:00.001,22753,22753,22753,4,0
2025-01-14 15:22:04.001,22754,22754,22754,2,2
2025-01-14 15:22:04.001,22754,22754,22754,2,0
2025-01-14 15:22:12.001,22756,22756,22756,2,2
2025-01-14 15:22:13.001,22754,22754,22754,2,-2
2025-01-14 15:22:23.001,22756,22756,22756,2,2
2025-01-14 15:22:28.001,22756,22756,22756,2,0
2025-01-14 15:22:38.001,22758,22758,22758,2,2
2025-01-14 15:22:45.001,22758,22758,22758,2,0
2025-01-14 15:22:46.001,22758,22758,22758,4,0
2025-01-14 15:22:50.001,22759,22759,22759,2,2
2025-01-14 15:22:54.001,22760,22760,22760,6,6
2025-01-14 15:22:54.001,22760,22760,22760,2,0
2025-01-14 15:22:55.001,22761,22761,22761,2,2
2025-01-14 15:23:03.001,22761,22761,22761,2,0
2025-01-14 15:23:03.001,22762,22762,22762,2,2
2025-01-14 15:23:03.001,22762,22762,22762,4,0
2025-01-14 15:23:03.001,22762,22762,22762,2,0
2025-01-14 15:23:04.001,22763,22763,22763,2,2
2025-01-14 15:23:05.001,22762,22762,22762,2,-2
2025-01-14 15:23:06.001,22761,22761,22761,2,-2
2025-01-14 15:23:10.001,22762,22762,22762,2,2
2025-01-14 15:23:10.001,22763,22763,22763,2,2
2025-01-14 15:23:10.001,22763,22763,22763,2,0
2025-01-14 15:23:13.001,22762,22762,22762,2,-2
2025-01-14 15:23:18.001,22760,22760,22760,2,-2
2025-01-14 15:23:24.001,22761,22761,22761,2,2
2025-01-14 15:23:35.001,22761,22761,22761,2,0
2025-01-14 15:23:42.001,22763,22763,22763,2,2
2025-01-14 15:23:44.001,22762,22762,22762,2,-2
2025-01-14 15:23:47.001,22760,22760,22760,2,-2
2025-01-14 15:23:47.001,22760,22760,22760,2,0
2025-01-14 15:24:01.001,22758,22758,22758,2,-2
2025-01-14 15:24:03.001,22758,22758,22758,2,0
2025-01-14 15:24:03.001,22757,22757,22757,2,-2
2025-01-14 15:24:03.001,22757,22757,22757,2,0
2025-01-14 15:24:10.001,22755,22755,22755,2,-2
2025-01-14 15:24:23.001,22756,22756,22756,2,2
2025-01-14 15:24:23.001,22756,22756,22756,2,0
2025-01-14 15:24:23.001,22757,22757,22757,6,6
2025-01-14 15:24:37.001,22755,22755,22755,2,-2
2025-01-14 15:24:37.001,22757,22757,22757,2,2
2025-01-14 15:24:37.001,22758,22758,22758,2,2
2025-01-14 15:25:00.001,22754,22754,22754,2,-2
2025-01-14 15:25:00.001,22754,22754,22754,2,0
2025-01-14 15:25:00.001,22754,22754,22754,2,0
2025-01-14 15:25:01.001,22753,22753,22753,2,-2
2025-01-14 15:25:13.001,22753,22753,22753,2,0
2025-01-14 15:25:19.001,22752,22752,22752,2,-2
2025-01-14 15:25:19.001,22751,22751,22751,2,-2
2025-01-14 15:25:19.001,22751,22751,22751,2,0
2025-01-14 15:25:19.001,22750,22750,22750,14,-14
2025-01-14 15:25:19.001,22750,22750,22750,2,0
2025-01-14 15:25:19.001,22750,22750,22750,6,0
2025-01-14 15:25:20.001,22748,22748,22748,2,-2
2025-01-14 15:25:26.001,22748,22748,22748,2,0
2025-01-14 15:26:18.001,22752,22752,22752,2,2
2025-01-14 15:26:23.001,22754,22754,22754,2,2
2025-01-14 15:26:23.001,22752,22752,22752,2,-2
2025-01-14 15:26:28.001,22752,22752,22752,2,0
2025-01-14 15:26:35.001,22750,22750,22750,2,-2
2025-01-14 15:26:36.001,22750,22750,22750,2,0
2025-01-14 15:26:39.001,22748,22748,22748,2,-2
2025-01-14 15:26:39.001,22747,22747,22747,2,-2
2025-01-14 15:26:39.001,22747,22747,22747,2,0
2025-01-14 15:26:55.001,22750,22750,22750,4,4
2025-01-14 15:27:40.001,22751,22751,22751,2,2
2025-01-14 15:27:53.001,22753,22753,22753,2,2
2025-01-14 15:28:00.001,22753,22753,22753,2,0
2025-01-14 15:28:00.001,22753,22753,22753,2,0
2025-01-14 15:28:33.001,22752,22752,22752,2,-2
2025-01-14 15:29:03.001,22751,22751,22751,4,-4
2025-01-14 15:29:03.001,22751,22751,22751,2,0
2025-01-14 15:29:04.001,22753,22753,22753,2,2
2025-01-14 15:29:54.001,22753,22753,22753,2,0
2025-01-14 15:29:54.001,22753,22753,22753,2,0
2025-01-14 15:29:58.001,22756,22756,22756,2,2
2025-01-14 15:30:00.001,22753,22753,22753,2,-2
2025-01-14 15:30:00.001,22755,22755,22755,2,2
2025-01-14 15:30:00.001,22757,22757,22757,2,2
2025-01-14 15:30:02.001,22755,22755,22755,2,-2
2025-01-14 15:30:02.001,22754,22754,22754,2,-2
2025-01-14 15:30:02.001,22754,22754,22754,2,0
2025-01-14 15:30:30.001,22753,22753,22753,6,-6
2025-01-14 15:30:37.001,22753,22753,22753,2,0
2025-01-14 15:30:37.001,22755,22755,22755,2,2
2025-01-14 15:30:37.001,22755,22755,22755,2,0
2025-01-14 15:30:59.001,22752,22752,22752,4,-4
2025-01-14 15:30:59.001,22751,22751,22751,2,-2
2025-01-14 15:30:59.001,22751,22751,22751,2,0
2025-01-14 15:31:15.001,22751,22751,22751,2,0
2025-01-14 15:31:34.001,22751,22751,22751,2,0
2025-01-14 15:31:46.001,22753,22753,22753,2,2
2025-01-14 15:31:46.001,22753,22753,22753,2,0
2025-01-14 15:32:15.001,22756,22756,22756,2,2
2025-01-14 15:32:33.001,22757,22757,22757,2,2
2025-01-14 15:32:46.001,22755,22755,22755,2,-2
2025-01-14 15:33:10.001,22755,22755,22755,2,0
2025-01-14 15:33:10.001,22755,22755,22755,2,0
2025-01-14 15:33:10.001,22755,22755,22755,2,0
2025-01-14 15:33:17.001,22755,22755,22755,2,0
2025-01-14 15:33:17.001,22755,22755,22755,2,0
2025-01-14 15:33:30.001,22756,22756,22756,2,2
2025-01-14 15:33:42.001,22755,22755,22755,2,-2
2025-01-14 15:33:49.001,22755,22755,22755,2,0
2025-01-14 15:33:49.001,22754,22754,22754,2,-2
2025-01-14 15:33:49.001,22754,22754,22754,2,0
2025-01-14 15:33:49.001,22754,22754,22754,2,0
2025-01-14 15:33:49.001,22754,22754,22754,2,0
2025-01-14 15:33:49.001,22754,22754,22754,2,0
2025-01-14 15:33:49.001,22754,22754,22754,2,0
2025-01-14 15:34:09.001,22754,22754,22754,2,0
2025-01-14 15:34:46.001,22754,22754,22754,2,0
2025-01-14 15:34:46.001,22755,22755,22755,4,4
2025-01-14 15:34:46.001,22755,22755,22755,2,0
2025-01-14 15:35:07.001,22753,22753,22753,2,-2
2025-01-14 15:35:07.001,22753,22753,22753,2,0
2025-01-14 15:35:07.001,22753,22753,22753,2,0
2025-01-14 15:35:27.001,22750,22750,22750,2,-2
2025-01-14 15:35:27.001,22750,22750,22750,2,0
2025-01-14 15:35:29.001,22750,22750,22750,2,0
2025-01-14 15:35:38.001,22748,22748,22748,2,-2
2025-01-14 15:35:40.001,22748,22748,22748,2,0
2025-01-14 15:36:03.001,22748,22748,22748,2,0
2025-01-14 15:36:03.001,22748,22748,22748,2,0
2025-01-14 15:36:22.001,22750,22750,22750,2,2
2025-01-14 15:36:35.001,22752,22752,22752,2,2
2025-01-14 15:36:35.001,22752,22752,22752,16,0
2025-01-14 15:36:35.001,22752,22752,22752,2,0
2025-01-14 15:36:38.001,22754,22754,22754,2,2
2025-01-14 15:36:40.001,22754,22754,22754,2,0
2025-01-14 15:36:40.001,22754,22754,22754,2,0
2025-01-14 15:36:40.001,22754,22754,22754,14,0
2025-01-14 15:36:40.001,22754,22754,22754,2,0
2025-01-14 15:36:40.001,22754,22754,22754,2,0
2025-01-14 15:36:40.001,22754,22754,22754,2,0
2025-01-14 15:36:40.001,22754,22754,22754,2,0
2025-01-14 15:37:10.001,22754,22754,22754,4,0
2025-01-14 15:37:26.001,22757,22757,22757,2,2
2025-01-14 15:37:35.001,22758,22758,22758,2,2
2025-01-14 15:37:35.001,22758,22758,22758,2,0
2025-01-14 15:37:56.001,22758,22758,22758,2,0
2025-01-14 15:38:12.001,22758,22758,22758,4,0
2025-01-14 15:38:13.001,22757,22757,22757,2,-2
2025-01-14 15:38:13.001,22756,22756,22756,2,-2
2025-01-14 15:38:13.001,22755,22755,22755,2,-2
2025-01-14 15:38:13.001,22755,22755,22755,2,0
2025-01-14 15:38:14.001,22758,22758,22758,2,2
2025-01-14 15:38:16.001,22759,22759,22759,2,2
2025-01-14 15:38:16.001,22759,22759,22759,4,0
2025-01-14 15:38:17.001,22760,22760,22760,10,10
2025-01-14 15:38:18.001,22762,22762,22762,2,2
2025-01-14 15:38:18.001,22762,22762,22762,2,0
2025-01-14 15:38:22.001,22763,22763,22763,4,4
2025-01-14 15:38:22.001,22764,22764,22764,2,2
2025-01-14 15:38:22.001,22763,22763,22763,2,-2
2025-01-14 15:38:23.001,22763,22763,22763,2,0
2025-01-14 15:38:24.001,22763,22763,22763,2,0
2025-01-14 15:38:26.001,22763,22763,22763,2,0
2025-01-14 15:38:28.001,22763,22763,22763,2,0
2025-01-14 15:38:32.001,22762,22762,22762,2,-2
2025-01-14 15:38:34.001,22762,22762,22762,2,0
2025-01-14 15:38:52.001,22764,22764,22764,4,4
2025-01-14 15:38:58.001,22764,22764,22764,2,0
2025-01-14 15:38:58.001,22764,22764,22764,2,0
2025-01-14 15:39:01.001,22765,22765,22765,8,8
2025-01-14 15:39:06.001,22764,22764,22764,2,-2
2025-01-14 15:39:06.001,22764,22764,22764,2,0
2025-01-14 15:39:06.001,22763,22763,22763,2,-2
2025-01-14 15:39:10.001,22764,22764,22764,2,2
2025-01-14 15:39:13.001,22762,22762,22762,4,-4
2025-01-14 15:39:14.001,22761,22761,22761,2,-2
2025-01-14 15:39:14.001,22761,22761,22761,2,0
2025-01-14 15:39:14.001,22762,22762,22762,2,2
2025-01-14 15:39:16.001,22760,22760,22760,2,-2
2025-01-14 15:39:16.001,22760,22760,22760,2,0
2025-01-14 15:39:16.001,22760,22760,22760,2,0
2025-01-14 15:39:16.001,22760,22760,22760,2,0
2025-01-14 15:39:25.001,22759,22759,22759,4,-4
2025-01-14 15:39:30.001,22759,22759,22759,2,0
2025-01-14 15:39:31.001,22760,22760,22760,2,2
2025-01-14 15:39:55.001,22758,22758,22758,2,-2
2025-01-14 15:39:55.001,22758,22758,22758,2,0
2025-01-14 15:39:55.001,22759,22759,22759,6,6
2025-01-14 15:40:23.001,22758,22758,22758,2,-2
2025-01-14 15:40:23.001,22757,22757,22757,2,-2
2025-01-14 15:40:23.001,22756,22756,22756,2,-2
2025-01-14 15:40:29.001,22755,22755,22755,2,-2
2025-01-14 15:40:33.001,22755,22755,22755,2,0
2025-01-14 15:41:10.001,22755,22755,22755,2,0
2025-01-14 15:41:10.001,22755,22755,22755,2,0
2025-01-14 15:41:14.001,22753,22753,22753,2,-2
2025-01-14 15:41:19.001,22753,22753,22753,2,0
2025-01-14 15:41:35.001,22756,22756,22756,2,2
2025-01-14 15:41:55.001,22757,22757,22757,6,6
2025-01-14 15:41:55.001,22758,22758,22758,2,2
2025-01-14 15:41:59.001,22759,22759,22759,2,2
2025-01-14 15:42:34.001,22760,22760,22760,10,10
2025-01-14 15:42:38.001,22760,22760,22760,2,0
2025-01-14 15:42:45.001,22761,22761,22761,2,2
2025-01-14 15:42:48.001,22763,22763,22763,4,4
2025-01-14 15:42:53.001,22765,22765,22765,2,2
2025-01-14 15:42:57.001,22762,22762,22762,2,-2
2025-01-14 15:42:57.001,22762,22762,22762,2,0
2025-01-14 15:42:57.001,22762,22762,22762,2,0
2025-01-14 15:43:00.001,22760,22760,22760,2,-2
2025-01-14 15:43:00.001,22759,22759,22759,2,-2
2025-01-14 15:43:00.001,22759,22759,22759,2,0
2025-01-14 15:43:00.001,22759,22759,22759,2,0
2025-01-14 15:43:00.001,22759,22759,22759,2,0
2025-01-14 15:43:20.001,22764,22764,22764,4,4
2025-01-14 15:43:49.001,22764,22764,22764,4,0
2025-01-14 15:43:50.001,22765,22765,22765,2,2
2025-01-14 15:44:11.001,22765,22765,22765,2,0
2025-01-14 15:44:11.001,22765,22765,22765,2,0
2025-01-14 15:44:11.001,22766,22766,22766,18,18
2025-01-14 15:44:11.001,22767,22767,22767,2,2
2025-01-14 15:44:11.001,22767,22767,22767,2,0
2025-01-14 15:44:11.001,22767,22767,22767,2,0
2025-01-14 15:44:12.001,22769,22769,22769,2,2
2025-01-14 15:44:12.001,22769,22769,22769,2,0
2025-01-14 15:44:12.001,22769,22769,22769,2,0
2025-01-14 15:44:12.001,22768,22768,22768,2,-2
2025-01-14 15:44:12.001,22769,22769,22769,2,2
2025-01-14 15:44:12.001,22769,22769,22769,2,0
2025-01-14 15:44:19.001,22768,22768,22768,2,-2
2025-01-14 15:44:19.001,22769,22769,22769,20,20
2025-01-14 15:44:19.001,22770,22770,22770,2,2
2025-01-14 15:44:21.001,22772,22772,22772,2,2
2025-01-14 15:44:21.001,22773,22773,22773,2,2
2025-01-14 15:44:21.001,22774,22774,22774,2,2
2025-01-14 15:44:21.001,22775,22775,22775,4,4
2025-01-14 15:44:21.001,22775,22775,22775,4,0
2025-01-14 15:44:21.001,22775,22775,22775,4,0
2025-01-14 15:44:21.001,22775,22775,22775,2,0
2025-01-14 15:44:21.001,22774,22774,22774,2,-2
2025-01-14 15:44:23.001,22771,22771,22771,2,-2
2025-01-14 15:44:24.001,22772,22772,22772,6,6
2025-01-14 15:44:26.001,22773,22773,22773,2,2
2025-01-14 15:44:33.001,22772,22772,22772,2,-2
2025-01-14 15:44:42.001,22769,22769,22769,2,-2
2025-01-14 15:44:51.001,22771,22771,22771,4,4
2025-01-14 15:44:52.001,22772,22772,22772,4,4
2025-01-14 15:44:55.001,22772,22772,22772,2,0
2025-01-14 15:44:57.001,22772,22772,22772,2,0
2025-01-14 15:45:00.001,22773,22773,22773,2,2
2025-01-14 15:45:00.001,22773,22773,22773,2,0
2025-01-14 15:45:00.001,22773,22773,22773,2,0
2025-01-14 15:45:00.001,22773,22773,22773,2,0
2025-01-14 15:45:00.001,22774,22774,22774,2,2
2025-01-14 15:45:00.001,22774,22774,22774,6,0
2025-01-14 15:45:00.001,22775,22775,22775,2,2
2025-01-14 15:45:00.001,22775,22775,22775,6,0
2025-01-14 15:45:02.001,22773,22773,22773,2,-2
2025-01-14 15:45:02.001,22773,22773,22773,2,0
2025-01-14 15:45:02.001,22773,22773,22773,2,0
2025-01-14 15:45:03.001,22772,22772,22772,4,-4
2025-01-14 15:45:03.001,22773,22773,22773,4,4
2025-01-14 15:45:09.001,22772,22772,22772,2,-2
2025-01-14 15:45:09.001,22772,22772,22772,2,0
2025-01-14 15:45:11.001,22771,22771,22771,2,-2
2025-01-14 15:45:14.001,22773,22773,22773,2,2
2025-01-14 15:45:14.001,22773,22773,22773,4,0
2025-01-14 15:45:14.001,22774,22774,22774,6,6
2025-01-14 15:45:17.001,22774,22774,22774,2,0
2025-01-14 15:45:59.001,22772,22772,22772,2,-2
2025-01-14 15:45:59.001,22772,22772,22772,2,0
2025-01-14 15:45:59.001,22772,22772,22772,2,0
2025-01-14 15:46:01.001,22773,22773,22773,2,2
2025-01-14 15:46:01.001,22773,22773,22773,2,0
2025-01-14 15:46:02.001,22774,22774,22774,16,16
2025-01-14 15:46:02.001,22774,22774,22774,2,0
2025-01-14 15:46:07.001,22775,22775,22775,2,2
2025-01-14 15:46:15.001,22774,22774,22774,2,-2
2025-01-14 15:46:25.001,22775,22775,22775,2,2
2025-01-14 15:46:27.001,22775,22775,22775,6,0
2025-01-14 15:46:27.001,22775,22775,22775,2,0
2025-01-14 15:46:29.001,22772,22772,22772,2,-2
2025-01-14 15:46:38.001,22772,22772,22772,2,0
2025-01-14 15:46:38.001,22771,22771,22771,2,-2
2025-01-14 15:46:42.001,22771,22771,22771,2,0
2025-01-14 15:46:42.001,22771,22771,22771,4,0
2025-01-14 15:46:42.001,22772,22772,22772,2,2
2025-01-14 15:46:44.001,22772,22772,22772,2,0
2025-01-14 15:46:49.001,22773,22773,22773,2,2
2025-01-14 15:46:49.001,22774,22774,22774,2,2
2025-01-14 15:46:49.001,22774,22774,22774,4,0
2025-01-14 15:46:51.001,22773,22773,22773,2,-2
2025-01-14 15:46:54.001,22774,22774,22774,2,2
2025-01-14 15:46:59.001,22775,22775,22775,10,10
2025-01-14 15:46:59.001,22775,22775,22775,10,0
2025-01-14 15:47:00.001,22776,22776,22776,4,4
2025-01-14 15:47:00.001,22776,22776,22776,4,0
2025-01-14 15:47:01.001,22777,22777,22777,2,2
2025-01-14 15:47:03.001,22777,22777,22777,2,0
2025-01-14 15:47:03.001,22777,22777,22777,2,0
2025-01-14 15:47:03.001,22777,22777,22777,2,0
2025-01-14 15:47:04.001,22778,22778,22778,2,2
2025-01-14 15:47:04.001,22778,22778,22778,4,0
2025-01-14 15:47:04.001,22778,22778,22778,4,0
2025-01-14 15:47:04.001,22778,22778,22778,4,0
2025-01-14 15:47:04.001,22779,22779,22779,4,4
2025-01-14 15:47:04.001,22779,22779,22779,2,0
2025-01-14 15:47:04.001,22779,22779,22779,2,0
2025-01-14 15:47:04.001,22779,22779,22779,2,0
2025-01-14 15:47:04.001,22780,22780,22780,2,2
2025-01-14 15:47:04.001,22780,22780,22780,2,0
2025-01-14 15:47:04.001,22780,22780,22780,4,0
2025-01-14 15:47:04.001,22780,22780,22780,12,0
2025-01-14 15:47:04.001,22780,22780,22780,4,0
2025-01-14 15:47:04.001,22780,22780,22780,24,0
2025-01-14 15:47:04.001,22780,22780,22780,2,0
2025-01-14 15:47:04.001,22780,22780,22780,2,0
2025-01-14 15:47:04.001,22780,22780,22780,2,0
2025-01-14 15:47:04.001,22780,22780,22780,2,0
2025-01-14 15:47:04.001,22780,22780,22780,2,0
2025-01-14 15:47:04.001,22780,22780,22780,2,0
2025-01-14 15:47:04.001,22780,22780,22780,6,0
2025-01-14 15:47:04.001,22779,22779,22779,2,-2
2025-01-14 15:47:04.001,22779,22779,22779,2,0
2025-01-14 15:47:04.001,22780,22780,22780,2,2
2025-01-14 15:47:04.001,22779,22779,22779,2,-2
2025-01-14 15:47:04.001,22779,22779,22779,2,0
2025-01-14 15:47:04.001,22779,22779,22779,2,0
2025-01-14 15:47:04.001,22780,22780,22780,2,2
2025-01-14 15:47:04.001,22780,22780,22780,2,0
2025-01-14 15:47:04.001,22780,22780,22780,2,0
2025-01-14 15:47:04.001,22780,22780,22780,4,0
2025-01-14 15:47:04.001,22780,22780,22780,2,0
2025-01-14 15:47:04.001,22780,22780,22780,4,0
2025-01-14 15:47:04.001,22780,22780,22780,6,0
2025-01-14 15:47:04.001,22780,22780,22780,2,0
2025-01-14 15:47:04.001,22780,22780,22780,2,0
2025-01-14 15:47:04.001,22780,22780,22780,2,0
2025-01-14 15:47:04.001,22780,22780,22780,2,0
2025-01-14 15:47:05.001,22780,22780,22780,2,0
2025-01-14 15:47:05.001,22780,22780,22780,2,0
2025-01-14 15:47:05.001,22780,22780,22780,2,0
2025-01-14 15:47:05.001,22780,22780,22780,2,0
2025-01-14 15:47:05.001,22780,22780,22780,2,0
2025-01-14 15:47:05.001,22780,22780,22780,2,0
2025-01-14 15:47:06.001,22779,22779,22779,2,-2
2025-01-14 15:47:06.001,22778,22778,22778,2,-2
2025-01-14 15:47:08.001,22777,22777,22777,2,-2
2025-01-14 15:47:08.001,22777,22777,22777,2,0
2025-01-14 15:47:09.001,22778,22778,22778,6,6
2025-01-14 15:47:11.001,22777,22777,22777,2,-2
2025-01-14 15:47:15.001,22776,22776,22776,2,-2
2025-01-14 15:47:15.001,22776,22776,22776,2,0
2025-01-14 15:47:16.001,22777,22777,22777,4,4
2025-01-14 15:47:17.001,22777,22777,22777,4,0
2025-01-14 15:47:22.001,22777,22777,22777,2,0
2025-01-14 15:47:23.001,22777,22777,22777,2,0
2025-01-14 15:47:25.001,22776,22776,22776,4,-4
2025-01-14 15:47:26.001,22775,22775,22775,2,-2
2025-01-14 15:47:44.001,22777,22777,22777,8,8
2025-01-14 15:47:46.001,22778,22778,22778,8,8
2025-01-14 15:47:54.001,22777,22777,22777,4,-4
2025-01-14 15:47:56.001,22776,22776,22776,2,-2
2025-01-14 15:48:00.001,22777,22777,22777,2,2
2025-01-14 15:48:00.001,22777,22777,22777,2,0
2025-01-14 15:48:00.001,22777,22777,22777,2,0
2025-01-14 15:48:00.001,22778,22778,22778,2,2
2025-01-14 15:48:00.001,22779,22779,22779,2,2
2025-01-14 15:48:00.001,22779,22779,22779,2,0
2025-01-14 15:48:09.001,22777,22777,22777,2,-2
2025-01-14 15:48:16.001,22778,22778,22778,6,6
2025-01-14 15:48:16.001,22779,22779,22779,4,4
2025-01-14 15:48:23.001,22777,22777,22777,2,-2
2025-01-14 15:48:23.001,22777,22777,22777,2,0
2025-01-14 15:48:26.001,22778,22778,22778,2,2
2025-01-14 15:48:31.001,22778,22778,22778,2,0
2025-01-14 15:48:31.001,22778,22778,22778,2,0
2025-01-14 15:48:36.001,22777,22777,22777,2,-2
2025-01-14 15:48:36.001,22777,22777,22777,2,0
2025-01-14 15:48:45.001,22776,22776,22776,2,-2
2025-01-14 15:49:01.001,22777,22777,22777,2,2
2025-01-14 15:49:01.001,22778,22778,22778,4,4
2025-01-14 15:49:06.001,22776,22776,22776,2,-2
2025-01-14 15:49:07.001,22775,22775,22775,2,-2
2025-01-14 15:49:07.001,22775,22775,22775,2,0
2025-01-14 15:49:07.001,22774,22774,22774,2,-2
2025-01-14 15:49:18.001,22772,22772,22772,2,-2
2025-01-14 15:49:23.001,22773,22773,22773,2,2
2025-01-14 15:49:24.001,22772,22772,22772,2,-2
2025-01-14 15:49:24.001,22772,22772,22772,2,0
2025-01-14 15:49:24.001,22772,22772,22772,2,0
2025-01-14 15:49:31.001,22774,22774,22774,2,2
2025-01-14 15:49:31.001,22774,22774,22774,2,0
2025-01-14 15:49:35.001,22773,22773,22773,2,-2
2025-01-14 15:49:43.001,22773,22773,22773,2,0
2025-01-14 15:49:49.001,22773,22773,22773,2,0
2025-01-14 15:49:49.001,22773,22773,22773,2,0
2025-01-14 15:50:01.001,22770,22770,22770,4,-4
2025-01-14 15:50:01.001,22770,22770,22770,2,0
2025-01-14 15:50:10.001,22768,22768,22768,2,-2
2025-01-14 15:50:10.001,22768,22768,22768,2,0
2025-01-14 15:50:10.001,22767,22767,22767,2,-2
2025-01-14 15:50:10.001,22767,22767,22767,2,0
2025-01-14 15:50:24.001,22768,22768,22768,2,2
2025-01-14 15:50:29.001,22769,22769,22769,2,2
2025-01-14 15:50:42.001,22767,22767,22767,2,-2
2025-01-14 15:50:42.001,22767,22767,22767,2,0
2025-01-14 15:50:42.001,22766,22766,22766,2,-2
2025-01-14 15:50:42.001,22766,22766,22766,2,0
2025-01-14 15:50:47.001,22763,22763,22763,2,-2
2025-01-14 15:50:47.001,22763,22763,22763,2,0
2025-01-14 15:50:47.001,22763,22763,22763,2,0
2025-01-14 15:50:47.001,22763,22763,22763,2,0
2025-01-14 15:50:47.001,22762,22762,22762,2,-2
2025-01-14 15:50:47.001,22762,22762,22762,2,0
2025-01-14 15:50:47.001,22762,22762,22762,2,0
2025-01-14 15:50:47.001,22764,22764,22764,4,4
2025-01-14 15:51:00.001,22763,22763,22763,2,-2
2025-01-14 15:51:00.001,22763,22763,22763,2,0
2025-01-14 15:51:00.001,22763,22763,22763,2,0
2025-01-14 15:51:01.001,22763,22763,22763,2,0
2025-01-14 15:51:01.001,22763,22763,22763,2,0
2025-01-14 15:51:01.001,22763,22763,22763,2,0
2025-01-14 15:51:05.001,22762,22762,22762,2,-2
2025-01-14 15:51:09.001,22763,22763,22763,2,2
2025-01-14 15:51:09.001,22763,22763,22763,4,0
2025-01-14 15:51:09.001,22763,22763,22763,2,0
2025-01-14 15:51:17.001,22763,22763,22763,2,0
2025-01-14 15:51:22.001,22763,22763,22763,2,0
2025-01-14 15:51:27.001,22763,22763,22763,2,0
2025-01-14 15:51:27.001,22764,22764,22764,2,2
2025-01-14 15:51:27.001,22764,22764,22764,6,0
2025-01-14 15:51:27.001,22764,22764,22764,2,0
2025-01-14 15:51:27.001,22764,22764,22764,2,0
2025-01-14 15:51:34.001,22765,22765,22765,6,6
2025-01-14 15:51:52.001,22766,22766,22766,2,2
2025-01-14 15:51:52.001,22767,22767,22767,2,2
2025-01-14 15:52:20.001,22766,22766,22766,2,-2
2025-01-14 15:52:25.001,22767,22767,22767,6,6
2025-01-14 15:52:25.001,22767,22767,22767,2,0
2025-01-14 15:52:25.001,22767,22767,22767,2,0
2025-01-14 15:52:25.001,22767,22767,22767,2,0
2025-01-14 15:52:43.001,22768,22768,22768,2,2
2025-01-14 15:52:43.001,22769,22769,22769,4,4
2025-01-14 15:52:51.001,22770,22770,22770,2,2
2025-01-14 15:52:52.001,22771,22771,22771,4,4
2025-01-14 15:53:02.001,22770,22770,22770,2,-2
2025-01-14 15:53:17.001,22770,22770,22770,2,0
2025-01-14 15:53:17.001,22770,22770,22770,2,0
2025-01-14 15:53:17.001,22770,22770,22770,2,0
2025-01-14 15:53:18.001,22771,22771,22771,14,14
2025-01-14 15:53:28.001,22769,22769,22769,2,-2
2025-01-14 15:53:28.001,22768,22768,22768,2,-2
2025-01-14 15:53:43.001,22770,22770,22770,6,6
2025-01-14 15:54:13.001,22772,22772,22772,2,2
2025-01-14 15:54:16.001,22770,22770,22770,8,-8
2025-01-14 15:55:00.001,22770,22770,22770,4,0
2025-01-14 15:55:00.001,22770,22770,22770,2,0
2025-01-14 15:55:00.001,22770,22770,22770,2,0
2025-01-14 15:55:11.001,22768,22768,22768,2,-2
2025-01-14 15:55:11.001,22768,22768,22768,2,0
2025-01-14 15:55:21.001,22766,22766,22766,2,-2
2025-01-14 15:55:24.001,22764,22764,22764,2,-2
2025-01-14 15:55:24.001,22764,22764,22764,2,0
2025-01-14 15:55:29.001,22763,22763,22763,2,-2
2025-01-14 15:55:29.001,22763,22763,22763,2,0
2025-01-14 15:55:43.001,22762,22762,22762,2,-2
2025-01-14 15:55:49.001,22763,22763,22763,2,2
2025-01-14 15:55:49.001,22764,22764,22764,2,2
2025-01-14 15:55:52.001,22765,22765,22765,2,2
2025-01-14 15:56:33.001,22766,22766,22766,2,2
2025-01-14 15:56:51.001,22765,22765,22765,2,-2
2025-01-14 15:56:51.001,22765,22765,22765,2,0
2025-01-14 15:56:54.001,22765,22765,22765,2,0
2025-01-14 15:57:18.001,22764,22764,22764,2,-2
2025-01-14 15:57:18.001,22764,22764,22764,2,0
2025-01-14 15:57:19.001,22763,22763,22763,2,-2
2025-01-14 15:57:19.001,22762,22762,22762,4,-4
2025-01-14 15:57:19.001,22762,22762,22762,2,0
2025-01-14 15:57:22.001,22764,22764,22764,4,4
2025-01-14 15:57:22.001,22765,22765,22765,2,2
2025-01-14 15:57:41.001,22766,22766,22766,4,4
2025-01-14 15:57:41.001,22766,22766,22766,4,0
2025-01-14 15:57:41.001,22766,22766,22766,4,0
2025-01-14 15:57:41.001,22767,22767,22767,2,2
2025-01-14 15:57:45.001,22767,22767,22767,2,0
2025-01-14 15:58:05.001,22767,22767,22767,2,0
2025-01-14 15:58:23.001,22768,22768,22768,2,2
2025-01-14 15:58:23.001,22768,22768,22768,2,0
2025-01-14 15:58:34.001,22767,22767,22767,2,-2
2025-01-14 15:58:36.001,22767,22767,22767,2,0
2025-01-14 15:59:20.001,22767,22767,22767,2,0
2025-01-14 15:59:54.001,22767,22767,22767,2,0
2025-01-14 15:59:56.001,22769,22769,22769,2,2
2025-01-14 16:00:00.001,22770,22770,22770,2,2
2025-01-14 16:00:00.001,22770,22770,22770,6,0
2025-01-14 16:00:00.001,22770,22770,22770,2,0
2025-01-14 16:00:00.001,22770,22770,22770,2,0
2025-01-14 16:00:00.001,22772,22772,22772,2,2
2025-01-14 16:00:00.001,22769,22769,22769,2,-2
2025-01-14 16:00:01.001,22766,22766,22766,2,-2
2025-01-14 16:00:01.001,22767,22767,22767,2,2
2025-01-14 16:00:01.001,22767,22767,22767,2,0
2025-01-14 16:00:01.001,22769,22769,22769,2,2
2025-01-14 16:00:01.001,22770,22770,22770,2,2
2025-01-14 16:00:01.001,22770,22770,22770,2,0
2025-01-14 16:00:01.001,22772,22772,22772,2,2
2025-01-14 16:00:01.001,22772,22772,22772,2,0
2025-01-14 16:00:04.001,22771,22771,22771,2,-2
2025-01-14 16:00:04.001,22772,22772,22772,2,2
2025-01-14 16:00:04.001,22773,22773,22773,2,2
2025-01-14 16:00:04.001,22773,22773,22773,2,0
2025-01-14 16:00:05.001,22774,22774,22774,2,2
2025-01-14 16:00:05.001,22774,22774,22774,2,0
2025-01-14 16:00:05.001,22774,22774,22774,2,0
2025-01-14 16:00:05.001,22775,22775,22775,2,2
2025-01-14 16:00:05.001,22775,22775,22775,2,0
2025-01-14 16:00:06.001,22775,22775,22775,2,0
2025-01-14 16:00:06.001,22775,22775,22775,4,0
2025-01-14 16:00:06.001,22775,22775,22775,2,0
2025-01-14 16:00:06.001,22775,22775,22775,2,0
2025-01-14 16:00:06.001,22776,22776,22776,2,2
2025-01-14 16:00:06.001,22776,22776,22776,2,0
2025-01-14 16:00:07.001,22775,22775,22775,2,-2
2025-01-14 16:00:07.001,22775,22775,22775,2,0
2025-01-14 16:00:08.001,22773,22773,22773,2,-2
2025-01-14 16:00:12.001,22772,22772,22772,2,-2
2025-01-14 16:00:12.001,22772,22772,22772,2,0
2025-01-14 16:00:13.001,22773,22773,22773,2,2
2025-01-14 16:00:29.001,22770,22770,22770,2,-2
2025-01-14 16:00:29.001,22770,22770,22770,2,0
2025-01-14 16:00:29.001,22770,22770,22770,2,0
2025-01-14 16:00:34.001,22770,22770,22770,2,0
2025-01-14 16:00:36.001,22770,22770,22770,2,0
2025-01-14 16:00:41.001,22766,22766,22766,2,-2
2025-01-14 16:00:43.001,22765,22765,22765,2,-2
2025-01-14 16:00:43.001,22767,22767,22767,4,4
2025-01-14 16:00:43.001,22768,22768,22768,4,4
2025-01-14 16:00:45.001,22767,22767,22767,4,-4
2025-01-14 16:00:52.001,22768,22768,22768,4,4
2025-01-14 16:00:52.001,22768,22768,22768,2,0
2025-01-14 16:00:52.001,22768,22768,22768,4,0
2025-01-14 16:00:56.001,22767,22767,22767,2,-2
2025-01-14 16:00:56.001,22767,22767,22767,2,0
2025-01-14 16:01:01.001,22769,22769,22769,4,4
2025-01-14 16:01:07.001,22770,22770,22770,2,2
2025-01-14 16:01:07.001,22770,22770,22770,2,0
2025-01-14 16:01:07.001,22770,22770,22770,4,0
2025-01-14 16:01:16.001,22769,22769,22769,2,-2
2025-01-14 16:01:21.001,22771,22771,22771,2,2
2025-01-14 16:01:21.001,22773,22773,22773,2,2
2025-01-14 16:01:31.001,22773,22773,22773,2,0
2025-01-14 16:01:31.001,22773,22773,22773,4,0
2025-01-14 16:01:33.001,22773,22773,22773,2,0
2025-01-14 16:01:55.001,22773,22773,22773,2,0
2025-01-14 16:01:55.001,22773,22773,22773,2,0
2025-01-14 16:01:56.001,22772,22772,22772,2,-2
2025-01-14 16:01:56.001,22772,22772,22772,2,0
2025-01-14 16:01:56.001,22772,22772,22772,2,0
2025-01-14 16:02:07.001,22773,22773,22773,2,2
2025-01-14 16:02:07.001,22775,22775,22775,2,2
2025-01-14 16:02:12.001,22776,22776,22776,6,6
2025-01-14 16:02:12.001,22777,22777,22777,2,2
2025-01-14 16:02:13.001,22777,22777,22777,2,0
2025-01-14 16:02:14.001,22777,22777,22777,2,0
2025-01-14 16:02:14.001,22777,22777,22777,2,0
2025-01-14 16:02:16.001,22777,22777,22777,2,0
2025-01-14 16:02:23.001,22777,22777,22777,2,0
2025-01-14 16:02:24.001,22776,22776,22776,2,-2
2025-01-14 16:02:24.001,22777,22777,22777,2,2
2025-01-14 16:02:37.001,22775,22775,22775,2,-2
2025-01-14 16:02:37.001,22776,22776,22776,2,2
2025-01-14 16:02:39.001,22776,22776,22776,2,0
2025-01-14 16:02:43.001,22776,22776,22776,2,0
2025-01-14 16:02:43.001,22776,22776,22776,2,0
2025-01-14 16:02:55.001,22777,22777,22777,2,2
2025-01-14 16:03:02.001,22777,22777,22777,2,0
2025-01-14 16:03:02.001,22777,22777,22777,2,0
2025-01-14 16:03:02.001,22777,22777,22777,2,0
2025-01-14 16:03:03.001,22778,22778,22778,20,20
2025-01-14 16:03:03.001,22779,22779,22779,8,8
2025-01-14 16:03:03.001,22779,22779,22779,2,0
2025-01-14 16:03:04.001,22779,22779,22779,2,0
2025-01-14 16:03:04.001,22779,22779,22779,2,0
2025-01-14 16:03:04.001,22779,22779,22779,2,0
2025-01-14 16:03:07.001,22779,22779,22779,2,0
2025-01-14 16:03:07.001,22779,22779,22779,2,0
2025-01-14 16:03:09.001,22778,22778,22778,2,-2
2025-01-14 16:03:09.001,22779,22779,22779,2,2
2025-01-14 16:03:13.001,22780,22780,22780,4,4
2025-01-14 16:03:13.001,22780,22780,22780,2,0
2025-01-14 16:03:13.001,22780,22780,22780,16,0
2025-01-14 16:03:13.001,22780,22780,22780,6,0
2025-01-14 16:03:13.001,22780,22780,22780,2,0
2025-01-14 16:03:13.001,22780,22780,22780,2,0
2025-01-14 16:03:13.001,22782,22782,22782,2,2
2025-01-14 16:03:13.001,22782,22782,22782,2,0
2025-01-14 16:03:13.001,22782,22782,22782,2,0
2025-01-14 16:03:14.001,22782,22782,22782,4,0
2025-01-14 16:03:14.001,22783,22783,22783,2,2
2025-01-14 16:03:14.001,22783,22783,22783,2,0
2025-01-14 16:03:14.001,22783,22783,22783,2,0
2025-01-14 16:03:14.001,22783,22783,22783,2,0
2025-01-14 16:03:14.001,22782,22782,22782,2,-2
2025-01-14 16:03:14.001,22782,22782,22782,2,0
2025-01-14 16:03:14.001,22783,22783,22783,4,4
2025-01-14 16:03:14.001,22784,22784,22784,4,4
2025-01-14 16:03:14.001,22784,22784,22784,2,0
2025-01-14 16:03:14.001,22784,22784,22784,2,0
2025-01-14 16:03:14.001,22784,22784,22784,2,0
2025-01-14 16:03:14.001,22784,22784,22784,2,0
2025-01-14 16:03:14.001,22784,22784,22784,6,0
2025-01-14 16:03:14.001,22784,22784,22784,8,0
2025-01-14 16:03:14.001,22784,22784,22784,8,0
2025-01-14 16:03:14.001,22784,22784,22784,4,0
2025-01-14 16:03:14.001,22785,22785,22785,4,4
2025-01-14 16:03:14.001,22784,22784,22784,2,-2
2025-01-14 16:03:14.001,22785,22785,22785,2,2
2025-01-14 16:03:14.001,22784,22784,22784,2,-2
2025-01-14 16:03:14.001,22784,22784,22784,4,0
2025-01-14 16:03:14.001,22785,22785,22785,2,2
2025-01-14 16:03:14.001,22784,22784,22784,2,-2
2025-01-14 16:03:15.001,22782,22782,22782,2,-2
2025-01-14 16:03:19.001,22780,22780,22780,4,-4
2025-01-14 16:03:19.001,22780,22780,22780,4,0
2025-01-14 16:03:19.001,22780,22780,22780,4,0
2025-01-14 16:03:24.001,22780,22780,22780,6,0
2025-01-14 16:03:26.001,22780,22780,22780,2,0
2025-01-14 16:03:26.001,22781,22781,22781,2,2
2025-01-14 16:03:32.001,22777,22777,22777,2,-2
2025-01-14 16:03:36.001,22776,22776,22776,2,-2
2025-01-14 16:03:36.001,22776,22776,22776,2,0
2025-01-14 16:03:36.001,22776,22776,22776,2,0
2025-01-14 16:03:37.001,22775,22775,22775,2,-2
2025-01-14 16:03:40.001,22775,22775,22775,2,0
2025-01-14 16:03:41.001,22774,22774,22774,2,-2
2025-01-14 16:03:42.001,22774,22774,22774,2,0
2025-01-14 16:03:42.001,22774,22774,22774,4,0
2025-01-14 16:03:42.001,22775,22775,22775,2,2
2025-01-14 16:03:49.001,22775,22775,22775,2,0
2025-01-14 16:03:52.001,22774,22774,22774,2,-2
2025-01-14 16:03:55.001,22773,22773,22773,2,-2
2025-01-14 16:04:02.001,22773,22773,22773,2,0
2025-01-14 16:04:03.001,22773,22773,22773,2,0
2025-01-14 16:04:03.001,22773,22773,22773,2,0
2025-01-14 16:04:03.001,22772,22772,22772,2,-2
2025-01-14 16:04:04.001,22773,22773,22773,2,2
2025-01-14 16:04:07.001,22773,22773,22773,6,0
2025-01-14 16:04:07.001,22772,22772,22772,2,-2
2025-01-14 16:04:10.001,22771,22771,22771,2,-2
2025-01-14 16:04:10.001,22770,22770,22770,2,-2
2025-01-14 16:04:10.001,22768,22768,22768,2,-2
2025-01-14 16:04:20.001,22766,22766,22766,2,-2
2025-01-14 16:04:20.001,22766,22766,22766,2,0
2025-01-14 16:04:26.001,22767,22767,22767,2,2
2025-01-14 16:04:35.001,22768,22768,22768,2,2
2025-01-14 16:04:51.001,22772,22772,22772,2,2
2025-01-14 16:05:00.001,22771,22771,22771,2,-2
2025-01-14 16:05:00.001,22770,22770,22770,2,-2
2025-01-14 16:05:00.001,22770,22770,22770,2,0
2025-01-14 16:05:06.001,22772,22772,22772,2,2
2025-01-14 16:05:20.001,22768,22768,22768,2,-2
2025-01-14 16:05:20.001,22768,22768,22768,2,0
2025-01-14 16:05:25.001,22767,22767,22767,2,-2
2025-01-14 16:05:25.001,22766,22766,22766,2,-2
2025-01-14 16:05:27.001,22767,22767,22767,2,2
2025-01-14 16:05:35.001,22767,22767,22767,4,0
2025-01-14 16:05:39.001,22767,22767,22767,2,0
2025-01-14 16:05:39.001,22767,22767,22767,2,0
2025-01-14 16:05:39.001,22767,22767,22767,2,0
2025-01-14 16:05:43.001,22765,22765,22765,2,-2
2025-01-14 16:05:45.001,22763,22763,22763,2,-2
2025-01-14 16:05:48.001,22763,22763,22763,2,0
2025-01-14 16:05:48.001,22763,22763,22763,2,0
2025-01-14 16:05:48.001,22763,22763,22763,2,0
2025-01-14 16:05:48.001,22763,22763,22763,2,0
2025-01-14 16:05:49.001,22762,22762,22762,2,-2
2025-01-14 16:05:49.001,22761,22761,22761,2,-2
2025-01-14 16:05:59.001,22763,22763,22763,2,2
2025-01-14 16:06:01.001,22765,22765,22765,2,2
2025-01-14 16:06:01.001,22765,22765,22765,2,0
2025-01-14 16:06:01.001,22765,22765,22765,4,0
2025-01-14 16:06:03.001,22763,22763,22763,2,-2
2025-01-14 16:06:03.001,22763,22763,22763,2,0
2025-01-14 16:06:06.001,22766,22766,22766,8,8
2025-01-14 16:06:06.001,22766,22766,22766,2,0
2025-01-14 16:06:07.001,22765,22765,22765,2,-2
2025-01-14 16:06:08.001,22767,22767,22767,2,2
2025-01-14 16:06:08.001,22768,22768,22768,2,2
2025-01-14 16:06:27.001,22766,22766,22766,2,-2
2025-01-14 16:06:27.001,22766,22766,22766,2,0
2025-01-14 16:06:27.001,22765,22765,22765,2,-2
2025-01-14 16:06:27.001,22765,22765,22765,2,0
2025-01-14 16:06:27.001,22765,22765,22765,2,0
2025-01-14 16:06:37.001,22764,22764,22764,2,-2
2025-01-14 16:06:44.001,22762,22762,22762,8,-8
2025-01-14 16:06:44.001,22761,22761,22761,2,-2
2025-01-14 16:06:44.001,22761,22761,22761,2,0
2025-01-14 16:06:48.001,22761,22761,22761,2,0
2025-01-14 16:06:48.001,22761,22761,22761,2,0
2025-01-14 16:06:56.001,22762,22762,22762,2,2
2025-01-14 16:07:00.001,22763,22763,22763,2,2
2025-01-14 16:07:00.001,22763,22763,22763,2,0
2025-01-14 16:07:01.001,22764,22764,22764,2,2
2025-01-14 16:07:04.001,22763,22763,22763,2,-2
2025-01-14 16:07:04.001,22762,22762,22762,2,-2
2025-01-14 16:07:09.001,22764,22764,22764,2,2
2025-01-14 16:07:13.001,22765,22765,22765,6,6
2025-01-14 16:07:16.001,22764,22764,22764,2,-2
2025-01-14 16:07:16.001,22764,22764,22764,2,0
2025-01-14 16:07:16.001,22764,22764,22764,2,0
2025-01-14 16:07:16.001,22763,22763,22763,2,-2
2025-01-14 16:07:16.001,22763,22763,22763,2,0
2025-01-14 16:07:16.001,22763,22763,22763,4,0
2025-01-14 16:07:23.001,22763,22763,22763,2,0
2025-01-14 16:07:33.001,22764,22764,22764,4,4
2025-01-14 16:07:33.001,22765,22765,22765,2,2
2025-01-14 16:07:34.001,22763,22763,22763,2,-2
2025-01-14 16:07:35.001,22763,22763,22763,2,0
2025-01-14 16:07:37.001,22761,22761,22761,2,-2
2025-01-14 16:07:37.001,22761,22761,22761,2,0
2025-01-14 16:07:37.001,22761,22761,22761,2,0
2025-01-14 16:07:38.001,22760,22760,22760,2,-2
2025-01-14 16:07:38.001,22760,22760,22760,2,0
2025-01-14 16:07:38.001,22760,22760,22760,2,0
2025-01-14 16:07:38.001,22760,22760,22760,2,0
2025-01-14 16:07:38.001,22760,22760,22760,2,0
2025-01-14 16:07:38.001,22760,22760,22760,4,0
2025-01-14 16:07:38.001,22759,22759,22759,2,-2
2025-01-14 16:07:53.001,22761,22761,22761,2,2
2025-01-14 16:08:04.001,22761,22761,22761,2,0
2025-01-14 16:08:05.001,22760,22760,22760,2,-2
2025-01-14 16:08:12.001,22761,22761,22761,2,2
2025-01-14 16:08:12.001,22761,22761,22761,2,0
2025-01-14 16:08:17.001,22764,22764,22764,2,2
2025-01-14 16:08:17.001,22765,22765,22765,4,4
2025-01-14 16:08:17.001,22765,22765,22765,2,0
2025-01-14 16:08:18.001,22765,22765,22765,2,0
2025-01-14 16:08:18.001,22765,22765,22765,2,0
2025-01-14 16:08:37.001,22766,22766,22766,2,2
2025-01-14 16:08:41.001,22766,22766,22766,2,0
2025-01-14 16:08:41.001,22766,22766,22766,2,0
2025-01-14 16:08:46.001,22766,22766,22766,2,0
2025-01-14 16:08:58.001,22764,22764,22764,4,-4
2025-01-14 16:09:14.001,22767,22767,22767,4,4
2025-01-14 16:09:20.001,22767,22767,22767,4,0
2025-01-14 16:09:36.001,22766,22766,22766,2,-2
2025-01-14 16:09:36.001,22766,22766,22766,2,0
2025-01-14 16:09:36.001,22766,22766,22766,2,0
2025-01-14 16:09:42.001,22765,22765,22765,2,-2
2025-01-14 16:09:51.001,22765,22765,22765,2,0
2025-01-14 16:09:54.001,22765,22765,22765,2,0
2025-01-14 16:09:54.001,22765,22765,22765,2,0
2025-01-14 16:10:00.001,22768,22768,22768,2,2
2025-01-14 16:10:00.001,22768,22768,22768,2,0
2025-01-14 16:10:01.001,22765,22765,22765,2,-2
2025-01-14 16:10:09.001,22764,22764,22764,2,-2
2025-01-14 16:10:09.001,22764,22764,22764,2,0
2025-01-14 16:10:09.001,22764,22764,22764,2,0
2025-01-14 16:10:45.001,22764,22764,22764,2,0
2025-01-14 16:10:45.001,22764,22764,22764,2,0
2025-01-14 16:10:45.001,22764,22764,22764,2,0
2025-01-14 16:10:45.001,22764,22764,22764,4,0
2025-01-14 16:10:47.001,22763,22763,22763,8,-8
2025-01-14 16:10:47.001,22763,22763,22763,2,0
2025-01-14 16:10:47.001,22763,22763,22763,2,0
2025-01-14 16:10:47.001,22762,22762,22762,2,-2
2025-01-14 16:10:47.001,22762,22762,22762,2,0
2025-01-14 16:10:47.001,22762,22762,22762,2,0
2025-01-14 16:10:47.001,22763,22763,22763,6,6
2025-01-14 16:10:47.001,22763,22763,22763,2,0
2025-01-14 16:10:50.001,22763,22763,22763,2,0
2025-01-14 16:10:50.001,22763,22763,22763,2,0
2025-01-14 16:10:50.001,22763,22763,22763,2,0
2025-01-14 16:10:57.001,22765,22765,22765,2,2
2025-01-14 16:10:57.001,22766,22766,22766,2,2
2025-01-14 16:10:58.001,22766,22766,22766,2,0
2025-01-14 16:11:07.001,22764,22764,22764,2,-2
2025-01-14 16:11:08.001,22766,22766,22766,2,2
2025-01-14 16:11:10.001,22767,22767,22767,2,2
2025-01-14 16:11:11.001,22768,22768,22768,2,2
2025-01-14 16:11:16.001,22770,22770,22770,2,2
2025-01-14 16:11:22.001,22770,22770,22770,2,0
2025-01-14 16:11:22.001,22770,22770,22770,2,0
2025-01-14 16:11:29.001,22770,22770,22770,2,0
2025-01-14 16:11:32.001,22769,22769,22769,4,-4
2025-01-14 16:11:32.001,22769,22769,22769,2,0
2025-01-14 16:11:33.001,22769,22769,22769,6,0
2025-01-14 16:12:06.001,22768,22768,22768,2,-2
2025-01-14 16:12:16.001,22770,22770,22770,4,4
2025-01-14 16:12:20.001,22771,22771,22771,10,10
2025-01-14 16:12:20.001,22772,22772,22772,10,10
2025-01-14 16:12:20.001,22774,22774,22774,2,2
2025-01-14 16:12:27.001,22774,22774,22774,2,0
2025-01-14 16:12:31.001,22774,22774,22774,2,0
2025-01-14 16:12:32.001,22774,22774,22774,2,0
2025-01-14 16:12:38.001,22775,22775,22775,4,4
2025-01-14 16:12:38.001,22775,22775,22775,2,0
2025-01-14 16:12:38.001,22775,22775,22775,2,0
2025-01-14 16:12:40.001,22777,22777,22777,2,2
2025-01-14 16:12:40.001,22777,22777,22777,4,0
2025-01-14 16:12:40.001,22778,22778,22778,6,6
2025-01-14 16:12:40.001,22779,22779,22779,6,6
2025-01-14 16:12:40.001,22780,22780,22780,2,2
2025-01-14 16:12:41.001,22779,22779,22779,2,-2
2025-01-14 16:12:41.001,22779,22779,22779,2,0
2025-01-14 16:12:41.001,22779,22779,22779,2,0
2025-01-14 16:12:42.001,22779,22779,22779,2,0
2025-01-14 16:12:43.001,22778,22778,22778,2,-2
2025-01-14 16:12:45.001,22778,22778,22778,2,0
2025-01-14 16:13:01.001,22778,22778,22778,2,0
2025-01-14 16:13:07.001,22777,22777,22777,2,-2
2025-01-14 16:13:09.001,22778,22778,22778,2,2
2025-01-14 16:13:11.001,22777,22777,22777,2,-2
2025-01-14 16:13:14.001,22777,22777,22777,2,0
2025-01-14 16:13:30.001,22777,22777,22777,4,0
2025-01-14 16:13:30.001,22777,22777,22777,2,0
2025-01-14 16:13:32.001,22775,22775,22775,2,-2
2025-01-14 16:13:44.001,22778,22778,22778,6,6
2025-01-14 16:13:44.001,22778,22778,22778,2,0
2025-01-14 16:13:45.001,22779,22779,22779,2,2
2025-01-14 16:13:45.001,22779,22779,22779,4,0
2025-01-14 16:13:50.001,22779,22779,22779,2,0
2025-01-14 16:13:53.001,22780,22780,22780,2,2
2025-01-14 16:13:53.001,22780,22780,22780,4,0
2025-01-14 16:13:53.001,22780,22780,22780,2,0
2025-01-14 16:13:53.001,22780,22780,22780,2,0
2025-01-14 16:13:53.001,22780,22780,22780,4,0
2025-01-14 16:13:53.001,22780,22780,22780,22,0
2025-01-14 16:13:53.001,22781,22781,22781,4,4
2025-01-14 16:13:54.001,22781,22781,22781,2,0
2025-01-14 16:13:54.001,22781,22781,22781,2,0
2025-01-14 16:13:56.001,22779,22779,22779,2,-2
2025-01-14 16:13:56.001,22779,22779,22779,2,0
2025-01-14 16:13:56.001,22780,22780,22780,2,2
2025-01-14 16:13:58.001,22779,22779,22779,2,-2
2025-01-14 16:14:00.001,22779,22779,22779,4,0
2025-01-14 16:14:00.001,22780,22780,22780,4,4
2025-01-14 16:14:09.001,22781,22781,22781,2,2
2025-01-14 16:14:10.001,22780,22780,22780,2,-2
2025-01-14 16:14:10.001,22780,22780,22780,2,0
2025-01-14 16:14:10.001,22780,22780,22780,2,0
2025-01-14 16:14:19.001,22779,22779,22779,2,-2
2025-01-14 16:14:24.001,22777,22777,22777,2,-2
2025-01-14 16:14:24.001,22777,22777,22777,2,0
2025-01-14 16:14:28.001,22776,22776,22776,2,-2
2025-01-14 16:14:28.001,22777,22777,22777,2,2
2025-01-14 16:14:41.001,22777,22777,22777,2,0
2025-01-14 16:14:46.001,22776,22776,22776,2,-2
2025-01-14 16:14:53.001,22778,22778,22778,6,6
2025-01-14 16:14:57.001,22779,22779,22779,16,16
2025-01-14 16:14:57.001,22779,22779,22779,2,0
2025-01-14 16:15:03.001,22779,22779,22779,2,0
2025-01-14 16:15:10.001,22778,22778,22778,2,-2
2025-01-14 16:15:11.001,22779,22779,22779,2,2
2025-01-14 16:15:12.001,22780,22780,22780,2,2
2025-01-14 16:15:12.001,22780,22780,22780,2,0
2025-01-14 16:15:12.001,22780,22780,22780,4,0
2025-01-14 16:15:13.001,22780,22780,22780,2,0
2025-01-14 16:15:13.001,22780,22780,22780,4,0
2025-01-14 16:15:13.001,22780,22780,22780,2,0
2025-01-14 16:15:13.001,22780,22780,22780,4,0
2025-01-14 16:15:13.001,22780,22780,22780,2,0
2025-01-14 16:15:13.001,22780,22780,22780,2,0
2025-01-14 16:15:13.001,22780,22780,22780,2,0
2025-01-14 16:15:13.001,22780,22780,22780,2,0
2025-01-14 16:15:13.001,22780,22780,22780,2,0
2025-01-14 16:15:13.001,22781,22781,22781,2,2
2025-01-14 16:15:14.001,22781,22781,22781,2,0
2025-01-14 16:15:21.001,22778,22778,22778,2,-2
2025-01-14 16:15:21.001,22778,22778,22778,4,0
2025-01-14 16:15:21.001,22778,22778,22778,4,0
2025-01-14 16:15:22.001,22776,22776,22776,2,-2
2025-01-14 16:15:22.001,22776,22776,22776,2,0
2025-01-14 16:15:22.001,22776,22776,22776,2,0
2025-01-14 16:15:28.001,22778,22778,22778,2,2
2025-01-14 16:15:28.001,22779,22779,22779,6,6
2025-01-14 16:15:29.001,22777,22777,22777,2,-2
2025-01-14 16:15:34.001,22777,22777,22777,2,0
2025-01-14 16:15:34.001,22777,22777,22777,2,0
2025-01-14 16:16:00.001,22779,22779,22779,2,2
2025-01-14 16:16:04.001,22779,22779,22779,4,0
2025-01-14 16:16:05.001,22778,22778,22778,2,-2
2025-01-14 16:16:05.001,22778,22778,22778,2,0
2025-01-14 16:16:06.001,22779,22779,22779,4,4
2025-01-14 16:16:12.001,22780,22780,22780,8,8
2025-01-14 16:16:15.001,22781,22781,22781,2,2
2025-01-14 16:16:17.001,22782,22782,22782,2,2
2025-01-14 16:16:17.001,22782,22782,22782,2,0
2025-01-14 16:16:17.001,22782,22782,22782,2,0
2025-01-14 16:16:17.001,22782,22782,22782,6,0
2025-01-14 16:16:17.001,22782,22782,22782,2,0
2025-01-14 16:16:28.001,22782,22782,22782,2,0
2025-01-14 16:16:35.001,22782,22782,22782,2,0
2025-01-14 16:16:44.001,22782,22782,22782,2,0
2025-01-14 16:16:50.001,22781,22781,22781,2,-2
2025-01-14 16:16:50.001,22780,22780,22780,2,-2
2025-01-14 16:16:50.001,22780,22780,22780,2,0
2025-01-14 16:16:51.001,22781,22781,22781,2,2
2025-01-14 16:16:52.001,22782,22782,22782,2,2
2025-01-14 16:16:53.001,22780,22780,22780,2,-2
2025-01-14 16:17:07.001,22782,22782,22782,2,2
2025-01-14 16:17:07.001,22782,22782,22782,2,0
2025-01-14 16:17:13.001,22782,22782,22782,2,0
2025-01-14 16:17:20.001,22782,22782,22782,2,0
2025-01-14 16:17:32.001,22781,22781,22781,2,-2
2025-01-14 16:17:32.001,22781,22781,22781,2,0
2025-01-14 16:17:43.001,22783,22783,22783,2,2
2025-01-14 16:17:52.001,22783,22783,22783,2,0
2025-01-14 16:17:52.001,22783,22783,22783,4,0
2025-01-14 16:17:52.001,22784,22784,22784,2,2
2025-01-14 16:18:01.001,22784,22784,22784,2,0
2025-01-14 16:18:17.001,22784,22784,22784,2,0
2025-01-14 16:18:17.001,22784,22784,22784,6,0
2025-01-14 16:18:21.001,22783,22783,22783,2,-2
2025-01-14 16:18:24.001,22783,22783,22783,2,0
2025-01-14 16:18:24.001,22783,22783,22783,2,0
2025-01-14 16:18:27.001,22782,22782,22782,2,-2
2025-01-14 16:18:34.001,22782,22782,22782,2,0
2025-01-14 16:18:51.001,22785,22785,22785,2,2
2025-01-14 16:18:51.001,22785,22785,22785,2,0
2025-01-14 16:18:51.001,22785,22785,22785,26,0
2025-01-14 16:18:51.001,22786,22786,22786,4,4
2025-01-14 16:18:51.001,22786,22786,22786,2,0
2025-01-14 16:18:51.001,22786,22786,22786,2,0
2025-01-14 16:18:51.001,22786,22786,22786,10,0
2025-01-14 16:18:51.001,22786,22786,22786,2,0
2025-01-14 16:18:51.001,22786,22786,22786,12,0
2025-01-14 16:18:51.001,22786,22786,22786,2,0
2025-01-14 16:18:51.001,22786,22786,22786,2,0
2025-01-14 16:18:51.001,22786,22786,22786,2,0
2025-01-14 16:18:51.001,22787,22787,22787,10,10
2025-01-14 16:18:51.001,22788,22788,22788,2,2
2025-01-14 16:18:51.001,22788,22788,22788,4,0
2025-01-14 16:18:51.001,22787,22787,22787,2,-2
2025-01-14 16:18:51.001,22787,22787,22787,2,0
2025-01-14 16:18:51.001,22786,22786,22786,2,-2
2025-01-14 16:18:51.001,22786,22786,22786,2,0
2025-01-14 16:18:51.001,22785,22785,22785,2,-2
2025-01-14 16:18:52.001,22787,22787,22787,2,2
2025-01-14 16:18:52.001,22787,22787,22787,2,0
2025-01-14 16:18:52.001,22787,22787,22787,2,0
2025-01-14 16:18:52.001,22788,22788,22788,4,4
2025-01-14 16:18:52.001,22788,22788,22788,2,0
2025-01-14 16:18:52.001,22785,22785,22785,2,-2
2025-01-14 16:18:52.001,22785,22785,22785,2,0
2025-01-14 16:18:52.001,22785,22785,22785,2,0
2025-01-14 16:18:52.001,22786,22786,22786,2,2
2025-01-14 16:18:52.001,22786,22786,22786,2,0
2025-01-14 16:18:55.001,22785,22785,22785,4,-4
2025-01-14 16:18:56.001,22784,22784,22784,2,-2
2025-01-14 16:19:01.001,22783,22783,22783,2,-2
2025-01-14 16:19:07.001,22783,22783,22783,2,0
2025-01-14 16:19:07.001,22783,22783,22783,2,0
2025-01-14 16:19:13.001,22783,22783,22783,2,0
2025-01-14 16:19:20.001,22783,22783,22783,2,0
2025-01-14 16:19:23.001,22785,22785,22785,2,2
2025-01-14 16:19:23.001,22785,22785,22785,2,0
2025-01-14 16:19:23.001,22785,22785,22785,2,0
2025-01-14 16:19:23.001,22785,22785,22785,2,0
2025-01-14 16:19:23.001,22785,22785,22785,2,0
2025-01-14 16:19:27.001,22785,22785,22785,2,0
2025-01-14 16:19:27.001,22785,22785,22785,2,0
2025-01-14 16:19:33.001,22785,22785,22785,2,0
2025-01-14 16:19:37.001,22785,22785,22785,2,0
2025-01-14 16:19:42.001,22785,22785,22785,2,0
2025-01-14 16:19:47.001,22785,22785,22785,2,0
2025-01-14 16:19:47.001,22785,22785,22785,4,0
2025-01-14 16:19:47.001,22785,22785,22785,2,0
2025-01-14 16:19:50.001,22784,22784,22784,2,-2
2025-01-14 16:19:50.001,22784,22784,22784,2,0
2025-01-14 16:20:02.001,22783,22783,22783,2,-2
2025-01-14 16:20:02.001,22783,22783,22783,2,0
2025-01-14 16:20:03.001,22785,22785,22785,2,2
2025-01-14 16:20:03.001,22785,22785,22785,2,0
2025-01-14 16:20:03.001,22785,22785,22785,2,0
2025-01-14 16:20:13.001,22783,22783,22783,2,-2
2025-01-14 16:20:13.001,22783,22783,22783,2,0
2025-01-14 16:20:13.001,22783,22783,22783,2,0
2025-01-14 16:20:13.001,22783,22783,22783,2,0
2025-01-14 16:20:13.001,22783,22783,22783,2,0
2025-01-14 16:20:13.001,22783,22783,22783,2,0
2025-01-14 16:20:27.001,22783,22783,22783,2,0
2025-01-14 16:20:27.001,22783,22783,22783,2,0
2025-01-14 16:20:27.001,22783,22783,22783,2,0
2025-01-14 16:20:27.001,22784,22784,22784,2,2
2025-01-14 16:20:30.001,22783,22783,22783,2,-2
2025-01-14 16:20:35.001,22782,22782,22782,2,-2
2025-01-14 16:20:35.001,22782,22782,22782,2,0
2025-01-14 16:20:35.001,22782,22782,22782,2,0
2025-01-14 16:20:35.001,22782,22782,22782,6,0
2025-01-14 16:20:36.001,22781,22781,22781,4,-4
2025-01-14 16:20:36.001,22783,22783,22783,2,2
2025-01-14 16:20:36.001,22783,22783,22783,2,0
2025-01-14 16:20:37.001,22781,22781,22781,2,-2
2025-01-14 16:20:37.001,22781,22781,22781,4,0
2025-01-14 16:20:37.001,22781,22781,22781,4,0
2025-01-14 16:20:37.001,22781,22781,22781,2,0
2025-01-14 16:20:37.001,22781,22781,22781,2,0
2025-01-14 16:20:37.001,22780,22780,22780,2,-2
2025-01-14 16:20:37.001,22780,22780,22780,2,0
2025-01-14 16:20:41.001,22781,22781,22781,2,2
2025-01-14 16:20:51.001,22782,22782,22782,2,2
2025-01-14 16:20:58.001,22783,22783,22783,2,2
2025-01-14 16:20:58.001,22784,22784,22784,2,2
2025-01-14 16:21:01.001,22784,22784,22784,2,0
2025-01-14 16:21:02.001,22783,22783,22783,4,-4
2025-01-14 16:21:26.001,22783,22783,22783,2,0
2025-01-14 16:21:32.001,22783,22783,22783,2,0
2025-01-14 16:21:42.001,22785,22785,22785,2,2
2025-01-14 16:21:42.001,22785,22785,22785,2,0
2025-01-14 16:21:42.001,22785,22785,22785,2,0
2025-01-14 16:21:42.001,22785,22785,22785,2,0
2025-01-14 16:21:42.001,22785,22785,22785,2,0
2025-01-14 16:21:42.001,22785,22785,22785,6,0
2025-01-14 16:21:43.001,22784,22784,22784,2,-2
2025-01-14 16:21:45.001,22785,22785,22785,4,4
2025-01-14 16:21:52.001,22786,22786,22786,2,2
2025-01-14 16:21:53.001,22786,22786,22786,2,0
2025-01-14 16:21:53.001,22786,22786,22786,8,0
2025-01-14 16:21:53.001,22786,22786,22786,2,0
2025-01-14 16:21:53.001,22786,22786,22786,2,0
2025-01-14 16:21:53.001,22786,22786,22786,4,0
2025-01-14 16:21:54.001,22787,22787,22787,2,2
2025-01-14 16:21:54.001,22787,22787,22787,2,0
2025-01-14 16:22:01.001,22787,22787,22787,2,0
2025-01-14 16:22:01.001,22788,22788,22788,8,8
2025-01-14 16:22:02.001,22787,22787,22787,2,-2
2025-01-14 16:22:09.001,22788,22788,22788,4,4
2025-01-14 16:22:14.001,22788,22788,22788,2,0
2025-01-14 16:22:30.001,22789,22789,22789,2,2
2025-01-14 16:22:30.001,22789,22789,22789,2,0
2025-01-14 16:22:30.001,22789,22789,22789,4,0
2025-01-14 16:22:30.001,22789,22789,22789,2,0
2025-01-14 16:22:30.001,22789,22789,22789,2,0
2025-01-14 16:22:30.001,22789,22789,22789,2,0
2025-01-14 16:22:30.001,22789,22789,22789,2,0
2025-01-14 16:22:30.001,22789,22789,22789,2,0
2025-01-14 16:22:30.001,22790,22790,22790,4,4
2025-01-14 16:22:30.001,22790,22790,22790,4,0
2025-01-14 16:22:30.001,22790,22790,22790,4,0
2025-01-14 16:22:30.001,22790,22790,22790,2,0
2025-01-14 16:22:30.001,22790,22790,22790,2,0
2025-01-14 16:22:30.001,22790,22790,22790,2,0
2025-01-14 16:22:30.001,22790,22790,22790,4,0
2025-01-14 16:22:30.001,22790,22790,22790,2,0
2025-01-14 16:22:31.001,22790,22790,22790,2,0
2025-01-14 16:22:31.001,22790,22790,22790,2,0
2025-01-14 16:22:31.001,22791,22791,22791,2,2
2025-01-14 16:22:31.001,22792,22792,22792,2,2
2025-01-14 16:22:31.001,22792,22792,22792,2,0
2025-01-14 16:22:31.001,22790,22790,22790,2,-2
2025-01-14 16:22:31.001,22790,22790,22790,2,0
2025-01-14 16:22:31.001,22792,22792,22792,2,2
2025-01-14 16:22:31.001,22792,22792,22792,2,0
2025-01-14 16:22:35.001,22790,22790,22790,2,-2
2025-01-14 16:22:45.001,22789,22789,22789,4,-4
2025-01-14 16:22:53.001,22790,22790,22790,10,10
2025-01-14 16:22:54.001,22790,22790,22790,2,0
2025-01-14 16:22:55.001,22790,22790,22790,2,0
2025-01-14 16:22:57.001,22790,22790,22790,2,0
2025-01-14 16:23:01.001,22791,22791,22791,2,2
2025-01-14 16:23:01.001,22791,22791,22791,2,0
2025-01-14 16:23:07.001,22791,22791,22791,2,0
2025-01-14 16:23:07.001,22792,22792,22792,8,8
2025-01-14 16:23:07.001,22792,22792,22792,2,0
2025-01-14 16:23:10.001,22791,22791,22791,4,-4
2025-01-14 16:23:18.001,22792,22792,22792,4,4
2025-01-14 16:23:18.001,22791,22791,22791,2,-2
2025-01-14 16:23:20.001,22792,22792,22792,2,2
2025-01-14 16:23:20.001,22791,22791,22791,2,-2
2025-01-14 16:23:20.001,22791,22791,22791,2,0
2025-01-14 16:23:23.001,22792,22792,22792,2,2
2025-01-14 16:23:23.001,22791,22791,22791,2,-2
2025-01-14 16:23:23.001,22791,22791,22791,2,0
2025-01-14 16:23:23.001,22792,22792,22792,6,6
2025-01-14 16:23:25.001,22791,22791,22791,2,-2
2025-01-14 16:23:33.001,22791,22791,22791,2,0
2025-01-14 16:23:33.001,22791,22791,22791,2,0
2025-01-14 16:23:33.001,22791,22791,22791,2,0
2025-01-14 16:23:35.001,22792,22792,22792,8,8
2025-01-14 16:23:42.001,22790,22790,22790,2,-2
2025-01-14 16:23:42.001,22790,22790,22790,2,0
2025-01-14 16:23:46.001,22791,22791,22791,8,8
2025-01-14 16:23:46.001,22791,22791,22791,4,0
2025-01-14 16:23:47.001,22791,22791,22791,2,0
2025-01-14 16:23:48.001,22791,22791,22791,6,0
2025-01-14 16:23:48.001,22790,22790,22790,2,-2
2025-01-14 16:23:48.001,22790,22790,22790,2,0
2025-01-14 16:23:59.001,22791,22791,22791,2,2
2025-01-14 16:23:59.001,22792,22792,22792,10,10
2025-01-14 16:23:59.001,22792,22792,22792,2,0
2025-01-14 16:24:00.001,22792,22792,22792,2,0
2025-01-14 16:24:00.001,22793,22793,22793,2,2
2025-01-14 16:24:00.001,22793,22793,22793,2,0
2025-01-14 16:24:00.001,22793,22793,22793,16,0
2025-01-14 16:24:00.001,22793,22793,22793,2,0
2025-01-14 16:24:00.001,22794,22794,22794,4,4
2025-01-14 16:24:00.001,22794,22794,22794,2,0
2025-01-14 16:24:00.001,22795,22795,22795,2,2
2025-01-14 16:24:00.001,22793,22793,22793,2,-2
2025-01-14 16:24:00.001,22794,22794,22794,2,2
2025-01-14 16:24:01.001,22794,22794,22794,2,0
2025-01-14 16:24:01.001,22794,22794,22794,2,0
2025-01-14 16:24:01.001,22794,22794,22794,2,0
2025-01-14 16:24:01.001,22794,22794,22794,2,0
2025-01-14 16:24:02.001,22792,22792,22792,2,-2
2025-01-14 16:24:03.001,22792,22792,22792,2,0
2025-01-14 16:24:06.001,22792,22792,22792,2,0
2025-01-14 16:24:09.001,22792,22792,22792,2,0
2025-01-14 16:24:11.001,22793,22793,22793,2,2
2025-01-14 16:24:12.001,22793,22793,22793,6,0
2025-01-14 16:24:15.001,22794,22794,22794,2,2
2025-01-14 16:24:15.001,22794,22794,22794,2,0
2025-01-14 16:24:17.001,22793,22793,22793,2,-2
2025-01-14 16:24:17.001,22793,22793,22793,2,0
2025-01-14 16:24:17.001,22793,22793,22793,2,0
2025-01-14 16:24:23.001,22792,22792,22792,14,-14
2025-01-14 16:24:23.001,22791,22791,22791,2,-2
2025-01-14 16:24:26.001,22792,22792,22792,6,6
2025-01-14 16:24:32.001,22793,22793,22793,2,2
2025-01-14 16:24:40.001,22792,22792,22792,2,-2
2025-01-14 16:24:48.001,22792,22792,22792,2,0
2025-01-14 16:24:51.001,22792,22792,22792,2,0
2025-01-14 16:24:56.001,22792,22792,22792,2,0
2025-01-14 16:25:03.001,22792,22792,22792,2,0
2025-01-14 16:25:04.001,22793,22793,22793,2,2
2025-01-14 16:25:08.001,22791,22791,22791,2,-2
2025-01-14 16:25:08.001,22791,22791,22791,2,0
2025-01-14 16:25:10.001,22790,22790,22790,2,-2
2025-01-14 16:25:10.001,22790,22790,22790,2,0
2025-01-14 16:25:10.001,22790,22790,22790,2,0
2025-01-14 16:25:10.001,22790,22790,22790,2,0
2025-01-14 16:25:10.001,22790,22790,22790,2,0
2025-01-14 16:25:10.001,22789,22789,22789,2,-2
2025-01-14 16:25:10.001,22792,22792,22792,2,2
2025-01-14 16:25:16.001,22792,22792,22792,2,0
2025-01-14 16:25:55.001,22791,22791,22791,2,-2
2025-01-14 16:26:00.001,22790,22790,22790,2,-2
2025-01-14 16:26:00.001,22790,22790,22790,2,0
2025-01-14 16:26:00.001,22792,22792,22792,6,6
2025-01-14 16:26:00.001,22792,22792,22792,2,0
2025-01-14 16:26:00.001,22793,22793,22793,4,4
2025-01-14 16:26:00.001,22793,22793,22793,4,0
2025-01-14 16:26:00.001,22794,22794,22794,2,2
2025-01-14 16:26:00.001,22794,22794,22794,6,0
2025-01-14 16:26:06.001,22791,22791,22791,2,-2
2025-01-14 16:26:06.001,22789,22789,22789,2,-2
2025-01-14 16:26:06.001,22789,22789,22789,2,0
2025-01-14 16:26:17.001,22791,22791,22791,2,2
2025-01-14 16:26:18.001,22789,22789,22789,2,-2
2025-01-14 16:26:22.001,22789,22789,22789,2,0
2025-01-14 16:26:22.001,22789,22789,22789,2,0
2025-01-14 16:26:35.001,22789,22789,22789,2,0
2025-01-14 16:26:37.001,22789,22789,22789,2,0
2025-01-14 16:26:37.001,22789,22789,22789,2,0
2025-01-14 16:26:37.001,22789,22789,22789,2,0
2025-01-14 16:26:37.001,22789,22789,22789,2,0
2025-01-14 16:26:39.001,22790,22790,22790,2,2
2025-01-14 16:26:44.001,22788,22788,22788,2,-2
2025-01-14 16:26:44.001,22788,22788,22788,2,0
2025-01-14 16:26:47.001,22789,22789,22789,2,2
2025-01-14 16:26:52.001,22788,22788,22788,2,-2
2025-01-14 16:26:55.001,22788,22788,22788,2,0
2025-01-14 16:27:04.001,22787,22787,22787,2,-2
2025-01-14 16:27:05.001,22786,22786,22786,2,-2
2025-01-14 16:27:12.001,22787,22787,22787,2,2
2025-01-14 16:27:25.001,22787,22787,22787,2,0
2025-01-14 16:27:28.001,22787,22787,22787,2,0
2025-01-14 16:27:44.001,22787,22787,22787,2,0
2025-01-14 16:27:48.001,22787,22787,22787,2,0
2025-01-14 16:27:54.001,22788,22788,22788,2,2
2025-01-14 16:27:57.001,22790,22790,22790,6,6
2025-01-14 16:28:32.001,22788,22788,22788,4,-4
2025-01-14 16:28:58.001,22787,22787,22787,2,-2
2025-01-14 16:29:01.001,22787,22787,22787,2,0
2025-01-14 16:29:01.001,22787,22787,22787,2,0
2025-01-14 16:29:06.001,22787,22787,22787,2,0
2025-01-14 16:29:10.001,22788,22788,22788,4,4
2025-01-14 16:29:37.001,22789,22789,22789,2,2
2025-01-14 16:29:37.001,22790,22790,22790,4,4
2025-01-14 16:29:59.001,22788,22788,22788,2,-2
2025-01-14 16:29:59.001,22787,22787,22787,2,-2
2025-01-14 16:29:59.001,22787,22787,22787,2,0
2025-01-14 16:29:59.001,22786,22786,22786,2,-2
2025-01-14 16:29:59.001,22786,22786,22786,2,0
2025-01-14 16:29:59.001,22786,22786,22786,2,0
2025-01-14 16:29:59.001,22788,22788,22788,2,2
2025-01-14 16:29:59.001,22788,22788,22788,2,0
2025-01-14 16:30:06.001,22787,22787,22787,4,-4
2025-01-14 16:30:06.001,22787,22787,22787,2,0
2025-01-14 16:30:18.001,22786,22786,22786,2,-2
2025-01-14 16:30:19.001,22786,22786,22786,2,0
2025-01-14 16:30:42.001,22788,22788,22788,2,2
2025-01-14 16:30:50.001,22789,22789,22789,2,2
2025-01-14 16:30:50.001,22789,22789,22789,2,0
2025-01-14 16:30:50.001,22789,22789,22789,2,0
2025-01-14 16:31:00.001,22789,22789,22789,2,0
2025-01-14 16:31:00.001,22790,22790,22790,2,2
2025-01-14 16:31:00.001,22790,22790,22790,2,0
2025-01-14 16:31:07.001,22789,22789,22789,2,-2
2025-01-14 16:31:07.001,22789,22789,22789,2,0
2025-01-14 16:31:07.001,22788,22788,22788,12,-12
2025-01-14 16:31:07.001,22788,22788,22788,2,0
2025-01-14 16:31:23.001,22787,22787,22787,2,-2
2025-01-14 16:31:24.001,22788,22788,22788,2,2
2025-01-14 16:31:44.001,22788,22788,22788,6,0
2025-01-14 16:31:48.001,22787,22787,22787,2,-2
2025-01-14 16:31:54.001,22786,22786,22786,2,-2
2025-01-14 16:32:01.001,22785,22785,22785,2,-2
2025-01-14 16:32:01.001,22785,22785,22785,2,0
2025-01-14 16:32:01.001,22785,22785,22785,2,0
2025-01-14 16:32:01.001,22785,22785,22785,2,0
2025-01-14 16:32:01.001,22784,22784,22784,2,-2
2025-01-14 16:32:01.001,22784,22784,22784,4,0
2025-01-14 16:32:01.001,22784,22784,22784,2,0
2025-01-14 16:32:01.001,22784,22784,22784,2,0
2025-01-14 16:32:01.001,22783,22783,22783,2,-2
2025-01-14 16:32:01.001,22782,22782,22782,2,-2
2025-01-14 16:32:02.001,22784,22784,22784,4,4
2025-01-14 16:32:02.001,22784,22784,22784,2,0
2025-01-14 16:32:06.001,22784,22784,22784,2,0
2025-01-14 16:32:59.001,22784,22784,22784,2,0
2025-01-14 16:33:05.001,22784,22784,22784,2,0
2025-01-14 16:33:07.001,22785,22785,22785,2,2
2025-01-14 16:33:07.001,22787,22787,22787,2,2
2025-01-14 16:33:10.001,22785,22785,22785,2,-2
2025-01-14 16:33:19.001,22785,22785,22785,2,0
2025-01-14 16:33:20.001,22785,22785,22785,2,0
2025-01-14 16:33:20.001,22783,22783,22783,2,-2
2025-01-14 16:33:21.001,22782,22782,22782,2,-2
2025-01-14 16:33:21.001,22782,22782,22782,2,0
2025-01-14 16:33:21.001,22782,22782,22782,2,0
2025-01-14 16:33:21.001,22782,22782,22782,2,0
2025-01-14 16:33:21.001,22782,22782,22782,2,0
2025-01-14 16:33:21.001,22781,22781,22781,2,-2
2025-01-14 16:33:21.001,22782,22782,22782,2,2
2025-01-14 16:33:24.001,22782,22782,22782,2,0
2025-01-14 16:34:00.001,22787,22787,22787,2,2
2025-01-14 16:34:03.001,22787,22787,22787,2,0
2025-01-14 16:34:07.001,22789,22789,22789,2,2
2025-01-14 16:34:21.001,22787,22787,22787,2,-2
2025-01-14 16:34:22.001,22787,22787,22787,4,0
2025-01-14 16:34:30.001,22789,22789,22789,2,2
2025-01-14 16:34:36.001,22787,22787,22787,2,-2
2025-01-14 16:34:43.001,22787,22787,22787,2,0
2025-01-14 16:35:03.001,22789,22789,22789,12,12
2025-01-14 16:35:08.001,22789,22789,22789,2,0
2025-01-14 16:35:32.001,22786,22786,22786,2,-2
2025-01-14 16:36:01.001,22783,22783,22783,2,-2
2025-01-14 16:36:01.001,22782,22782,22782,2,-2
2025-01-14 16:36:01.001,22782,22782,22782,10,0
2025-01-14 16:36:08.001,22781,22781,22781,2,-2
2025-01-14 16:36:08.001,22781,22781,22781,2,0
2025-01-14 16:36:08.001,22781,22781,22781,2,0
2025-01-14 16:36:20.001,22783,22783,22783,4,4
2025-01-14 16:36:23.001,22783,22783,22783,2,0
2025-01-14 16:36:42.001,22781,22781,22781,2,-2
2025-01-14 16:36:55.001,22780,22780,22780,4,-4
2025-01-14 16:36:55.001,22780,22780,22780,2,0
2025-01-14 16:36:55.001,22780,22780,22780,2,0
2025-01-14 16:36:55.001,22780,22780,22780,2,0
2025-01-14 16:37:01.001,22780,22780,22780,2,0
2025-01-14 16:37:02.001,22780,22780,22780,6,0
2025-01-14 16:37:09.001,22779,22779,22779,2,-2
2025-01-14 16:37:09.001,22779,22779,22779,2,0
2025-01-14 16:37:09.001,22778,22778,22778,2,-2
2025-01-14 16:37:10.001,22778,22778,22778,4,0
