2024-03-06 15:00:00.005,19520,19521,19521,92,92
2024-03-06 15:00:00.031,19520,19522,19522,5,5
2024-03-06 15:00:00.054,19520,19521,19520,2,-2
2024-03-06 15:00:00.054,19520,19521,19519,3,-3
2024-03-06 15:00:00.086,19518,19519,19519,3,3
2024-03-06 15:00:00.086,19518,19519,19521,6,6
2024-03-06 15:00:00.087,19518,19519,19521,9,9
2024-03-06 15:00:00.128,19518,19519,19519,1,1
2024-03-06 15:00:00.168,19518,19519,19518,1,-1
2024-03-06 15:00:00.226,19518,19520,19522,1,1
2024-03-06 15:00:00.226,19518,19520,19520,1,1
2024-03-06 15:00:00.249,19518,19520,19520,1,1
2024-03-06 15:00:00.249,19518,19520,19522,3,3
2024-03-06 15:00:00.257,19518,19520,19521,1,1
2024-03-06 15:00:00.257,19518,19520,19522,1,1
2024-03-06 15:00:00.295,19518,19520,19522,2,2
2024-03-06 15:00:00.355,19518,19520,19520,1,1
2024-03-06 15:00:00.357,19518,19520,19520,1,1
2024-03-06 15:00:00.371,19518,19520,19520,2,2
2024-03-06 15:00:00.374,19518,19520,19520,1,1
2024-03-06 15:00:00.436,19518,19520,19520,1,1
2024-03-06 15:00:00.444,19518,19520,19519,1,1
2024-03-06 15:00:00.480,19518,19520,19520,1,1
2024-03-06 15:00:00.520,19518,19520,19520,1,1
2024-03-06 15:00:00.522,19518,19520,19519,1,1
2024-03-06 15:00:00.528,19518,19520,19520,1,1
2024-03-06 15:00:00.545,19518,19520,19520,1,1
2024-03-06 15:00:00.545,19518,19520,19521,3,3
2024-03-06 15:00:00.545,19518,19520,19522,1,1
2024-03-06 15:00:00.564,19518,19520,19521,1,1
2024-03-06 15:00:00.565,19518,19520,19521,1,1
2024-03-06 15:00:00.567,19518,19520,19522,1,1
2024-03-06 15:00:00.572,19518,19520,19522,2,2
2024-03-06 15:00:00.633,19519,19522,19522,1,1
2024-03-06 15:00:00.658,19519,19522,19522,1,1
2024-03-06 15:00:00.710,19519,19522,19522,1,1
2024-03-06 15:00:00.719,19519,19522,19523,1,1
2024-03-06 15:00:00.728,19519,19522,19523,2,2
2024-03-06 15:00:00.734,19519,19522,19520,1,-1
2024-03-06 15:00:00.756,19519,19522,19519,2,-2
2024-03-06 15:00:00.760,19519,19522,19521,1,1
2024-03-06 15:00:00.760,19519,19522,19522,1,1
2024-03-06 15:00:00.803,19519,19522,19522,1,1
2024-03-06 15:00:00.833,19519,19522,19522,1,1
2024-03-06 15:00:00.834,19519,19522,19520,1,-1
2024-03-06 15:00:00.853,19520,19523,19523,2,2
2024-03-06 15:00:00.853,19520,19523,19523,4,4
2024-03-06 15:00:00.854,19520,19523,19521,1,-1
2024-03-06 15:00:00.885,19520,19523,19522,2,2
2024-03-06 15:00:00.885,19520,19523,19523,1,1
2024-03-06 15:00:00.885,19520,19523,19523,3,3
2024-03-06 15:00:00.886,19520,19523,19521,1,-1
2024-03-06 15:00:00.889,19520,19523,19521,2,-2
2024-03-06 15:00:00.892,19520,19523,19520,1,-1
2024-03-06 15:00:00.893,19520,19523,19520,1,-1
2024-03-06 15:00:00.907,19520,19523,19522,1,1
2024-03-06 15:00:00.912,19520,19523,19522,2,2
2024-03-06 15:00:00.916,19520,19523,19523,1,1
2024-03-06 15:00:00.919,19520,19523,19523,2,2
2024-03-06 15:00:00.919,19520,19523,19523,2,2
2024-03-06 15:00:00.919,19520,19523,19524,4,4
2024-03-06 15:00:00.920,19520,19523,19522,1,1
2024-03-06 15:00:00.930,19520,19523,19523,1,1
2024-03-06 15:00:00.931,19520,19523,19521,2,-2
2024-03-06 15:00:00.940,19520,19523,19520,2,-2
2024-03-06 15:00:00.947,19520,19523,19522,1,1
2024-03-06 15:00:00.963,19520,19522,19522,1,1
2024-03-06 15:00:00.980,19520,19522,19522,1,1
2024-03-06 15:00:00.994,19520,19522,19523,1,1
2024-03-06 15:00:01.010,19520,19522,19523,1,1
2024-03-06 15:00:01.011,19520,19522,19521,1,1
2024-03-06 15:00:01.039,19520,19522,19523,1,1
2024-03-06 15:00:01.040,19520,19522,19521,1,1
2024-03-06 15:00:01.060,19520,19522,19523,2,2
2024-03-06 15:00:01.061,19520,19522,19523,1,1
2024-03-06 15:00:01.083,19520,19522,19523,1,1
2024-03-06 15:00:01.088,19520,19523,19520,2,-2
2024-03-06 15:00:01.112,19520,19523,19522,1,1
2024-03-06 15:00:01.126,19520,19523,19523,4,4
2024-03-06 15:00:01.133,19520,19523,19523,1,1
2024-03-06 15:00:01.134,19520,19523,19521,1,-1
2024-03-06 15:00:01.170,19520,19523,19523,1,1
2024-03-06 15:00:01.241,19521,19523,19523,1,1
2024-03-06 15:00:01.241,19521,19523,19524,1,1
2024-03-06 15:00:01.365,19521,19524,19524,1,1
2024-03-06 15:00:01.549,19521,19524,19524,1,1
2024-03-06 15:00:01.549,19521,19524,19524,1,1
2024-03-06 15:00:01.555,19521,19524,19524,2,2
2024-03-06 15:00:01.579,19521,19524,19524,1,1
2024-03-06 15:00:01.730,19522,19524,19524,1,1
2024-03-06 15:00:01.778,19522,19524,19522,1,-1
2024-03-06 15:00:01.790,19522,19524,19523,1,-1
2024-03-06 15:00:01.921,19521,19523,19522,1,-1
2024-03-06 15:00:01.979,19521,19523,19521,2,-2
2024-03-06 15:00:01.987,19521,19523,19521,1,-1
2024-03-06 15:00:02.004,19521,19523,19522,1,-1
2024-03-06 15:00:02.006,19521,19523,19522,1,-1
2024-03-06 15:00:02.094,19520,19523,19520,1,-1
2024-03-06 15:00:02.094,19520,19523,19520,1,-1
2024-03-06 15:00:02.094,19520,19523,19519,5,-5
2024-03-06 15:00:02.096,19520,19523,19519,1,-1
2024-03-06 15:00:02.175,19520,19523,19521,1,-1
2024-03-06 15:00:02.175,19520,19523,19521,1,-1
2024-03-06 15:00:02.175,19520,19523,19521,1,-1
2024-03-06 15:00:02.175,19520,19523,19521,1,-1
2024-03-06 15:00:02.178,19520,19523,19523,1,1
2024-03-06 15:00:02.178,19520,19523,19523,1,1
2024-03-06 15:00:02.178,19520,19523,19522,1,1
2024-03-06 15:00:02.178,19520,19523,19522,1,1
2024-03-06 15:00:02.178,19520,19523,19522,1,1
2024-03-06 15:00:02.178,19520,19523,19522,1,1
2024-03-06 15:00:02.183,19520,19523,19522,1,1
2024-03-06 15:00:02.184,19520,19523,19521,1,-1
2024-03-06 15:00:02.185,19520,19523,19523,1,1
2024-03-06 15:00:02.190,19520,19523,19523,1,1
2024-03-06 15:00:02.193,19520,19523,19523,1,1
2024-03-06 15:00:02.195,19520,19523,19523,1,1
2024-03-06 15:00:02.256,19521,19523,19523,1,1
2024-03-06 15:00:02.296,19521,19523,19523,1,1
2024-03-06 15:00:02.303,19521,19523,19523,1,1
2024-03-06 15:00:02.317,19521,19523,19523,1,1
2024-03-06 15:00:02.328,19521,19523,19524,1,1
2024-03-06 15:00:02.359,19521,19524,19524,1,1
2024-03-06 15:00:02.405,19521,19524,19524,1,1
2024-03-06 15:00:02.406,19521,19524,19521,2,-2
2024-03-06 15:00:02.408,19521,19524,19520,2,-2
2024-03-06 15:00:02.408,19521,19524,19519,1,-1
2024-03-06 15:00:02.411,19521,19524,19520,1,-1
2024-03-06 15:00:02.411,19521,19524,19519,1,-1
2024-03-06 15:00:02.449,19521,19524,19520,1,-1
2024-03-06 15:00:02.506,19518,19520,19520,1,1
2024-03-06 15:00:02.535,19518,19520,19520,1,1
2024-03-06 15:00:02.577,19518,19520,19521,1,1
2024-03-06 15:00:02.583,19518,19520,19521,1,1
2024-03-06 15:00:02.588,19519,19521,19521,1,1
2024-03-06 15:00:02.625,19519,19521,19521,1,1
2024-03-06 15:00:02.625,19519,19521,19522,1,1
2024-03-06 15:00:02.666,19519,19521,19520,2,2
2024-03-06 15:00:03.237,19518,19520,19520,1,1
2024-03-06 15:00:03.238,19518,19520,19520,1,1
2024-03-06 15:00:03.239,19518,19520,19520,1,1
2024-03-06 15:00:03.240,19518,19520,19521,1,1
2024-03-06 15:00:03.242,19518,19520,19521,1,1
2024-03-06 15:00:03.242,19518,19520,19521,1,1
2024-03-06 15:00:03.242,19518,19520,19521,1,1
2024-03-06 15:00:03.242,19518,19520,19521,1,1
2024-03-06 15:00:03.242,19518,19520,19521,1,1
2024-03-06 15:00:03.242,19518,19520,19519,1,1
2024-03-06 15:00:03.244,19518,19520,19521,1,1
2024-03-06 15:00:03.294,19518,19520,19520,1,1
2024-03-06 15:00:03.294,19518,19520,19521,1,1
2024-03-06 15:00:03.294,19518,19520,19521,1,1
2024-03-06 15:00:03.294,19518,19520,19521,1,1
2024-03-06 15:00:03.759,19519,19521,19519,1,-1
2024-03-06 15:00:03.759,19519,19521,19518,2,-2
2024-03-06 15:00:04.200,19518,19521,19518,6,-6
2024-03-06 15:00:04.274,19517,19520,19519,1,1
2024-03-06 15:00:04.380,19517,19519,19518,1,1
2024-03-06 15:00:04.439,19517,19519,19519,2,2
2024-03-06 15:00:04.439,19517,19519,19520,2,2
2024-03-06 15:00:04.439,19517,19519,19521,6,6
2024-03-06 15:00:05.309,19518,19520,19518,3,-3
2024-03-06 15:00:05.310,19518,19520,19517,5,-5
2024-03-06 15:00:06.480,19516,19517,19517,1,1
2024-03-06 15:00:06.670,19516,19517,19517,4,4
2024-03-06 15:00:06.670,19516,19517,19517,1,1
2024-03-06 15:00:06.670,19516,19517,19517,3,3
2024-03-06 15:00:06.697,19516,19517,19517,2,2
2024-03-06 15:00:06.698,19516,19517,19517,3,3
2024-03-06 15:00:06.698,19516,19517,19516,6,-6
2024-03-06 15:00:07.696,19516,19518,19516,8,-8
2024-03-06 15:00:07.698,19516,19518,19516,1,-1
2024-03-06 15:00:08.228,19515,19517,19517,1,1
2024-03-06 15:00:08.356,19515,19517,19515,1,-1
2024-03-06 15:00:08.501,19515,19517,19515,2,-2
2024-03-06 15:00:08.611,19515,19517,19515,1,-1
2024-03-06 15:00:08.696,19515,19517,19514,3,-3
2024-03-06 15:00:08.725,19514,19516,19514,1,-1
2024-03-06 15:00:08.726,19514,19516,19515,4,-4
2024-03-06 15:00:08.935,19514,19516,19515,4,-4
2024-03-06 15:00:09.055,19514,19515,19515,2,2
2024-03-06 15:00:09.410,19514,19516,19514,3,-3
2024-03-06 15:00:09.411,19514,19516,19515,2,-2
2024-03-06 15:00:09.600,19514,19516,19516,1,1
2024-03-06 15:00:10.220,19514,19516,19514,3,-3
2024-03-06 15:00:10.220,19514,19516,19515,2,-2
2024-03-06 15:00:10.222,19514,19516,19515,1,-1
2024-03-06 15:00:10.334,19513,19515,19513,1,-1
2024-03-06 15:00:10.991,19513,19515,19514,4,-4
2024-03-06 15:00:10.992,19513,19515,19514,6,-6
2024-03-06 15:00:10.995,19513,19515,19514,2,-2
2024-03-06 15:00:10.996,19513,19515,19514,2,-2
2024-03-06 15:00:11.054,19513,19515,19514,2,-2
2024-03-06 15:00:11.055,19513,19515,19515,3,3
2024-03-06 15:00:11.075,19513,19515,19515,2,2
2024-03-06 15:00:11.764,19513,19515,19515,4,4
2024-03-06 15:00:11.768,19513,19515,19516,7,7
2024-03-06 15:00:11.934,19516,19517,19516,1,-1
2024-03-06 15:00:11.993,19516,19517,19517,7,7
2024-03-06 15:00:12.011,19516,19517,19517,8,8
2024-03-06 15:00:12.017,19516,19517,19515,9,-9
2024-03-06 15:00:13.079,19514,19516,19516,2,2
2024-03-06 15:00:14.262,19515,19516,19515,1,-1
2024-03-06 15:00:15.294,19514,19516,19516,3,3
2024-03-06 15:00:15.354,19515,19517,19515,1,-1
2024-03-06 15:00:15.473,19515,19517,19515,1,-1
2024-03-06 15:00:15.486,19515,19517,19517,1,1
2024-03-06 15:00:15.656,19515,19517,19515,1,-1
2024-03-06 15:00:15.692,19515,19517,19515,1,-1
2024-03-06 15:00:17.341,19515,19517,19517,1,1
2024-03-06 15:00:17.840,19516,19518,19516,3,-3
2024-03-06 15:00:18.161,19516,19518,19516,1,-1
2024-03-06 15:00:19.678,19517,19519,19517,1,-1
2024-03-06 15:00:19.741,19517,19519,19517,1,-1
2024-03-06 15:00:19.969,19517,19519,19517,1,-1
2024-03-06 15:00:20.085,19517,19519,19517,1,-1
2024-03-06 15:00:20.451,19517,19518,19518,1,1
2024-03-06 15:00:20.893,19517,19518,19517,1,-1
2024-03-06 15:00:21.276,19517,19518,19518,2,2
2024-03-06 15:00:21.276,19517,19518,19518,1,1
2024-03-06 15:00:21.294,19517,19518,19518,3,3
2024-03-06 15:00:21.347,19518,19519,19519,1,1
2024-03-06 15:00:21.748,19518,19520,19518,1,-1
2024-03-06 15:00:21.984,19518,19520,19520,1,1
2024-03-06 15:00:22.219,19518,19520,19518,2,-2
2024-03-06 15:00:22.238,19518,19520,19518,7,-7
2024-03-06 15:00:22.790,19517,19519,19519,12,12
2024-03-06 15:00:24.198,19518,19520,19518,1,-1
2024-03-06 15:00:24.328,19518,19520,19520,5,5
2024-03-06 15:00:24.496,19519,19520,19519,4,-4
2024-03-06 15:00:26.031,19517,19518,19518,1,1
2024-03-06 15:00:26.803,19517,19519,19519,2,2
2024-03-06 15:00:27.533,19517,19519,19519,2,2
2024-03-06 15:00:28.504,19518,19519,19518,1,-1
2024-03-06 15:00:28.797,19517,19519,19517,1,-1
2024-03-06 15:00:29.169,19517,19519,19518,1,-1
2024-03-06 15:00:29.394,19518,19519,19519,6,6
2024-03-06 15:00:29.664,19518,19519,19518,1,-1
2024-03-06 15:00:30.273,19518,19519,19518,3,-3
2024-03-06 15:00:30.649,19517,19518,19518,2,2
2024-03-06 15:00:31.197,19517,19519,19517,1,-1
2024-03-06 15:00:33.101,19517,19518,19517,1,-1
2024-03-06 15:00:33.101,19517,19518,19517,2,-2
2024-03-06 15:00:35.187,19516,19517,19517,1,1
2024-03-06 15:00:37.245,19516,19517,19517,1,1
2024-03-06 15:00:38.104,19517,19518,19517,1,-1
2024-03-06 15:00:39.342,19516,19518,19518,1,1
2024-03-06 15:00:40.306,19516,19517,19517,4,4
2024-03-06 15:00:41.764,19516,19517,19516,1,-1
2024-03-06 15:00:42.063,19515,19517,19517,1,1
2024-03-06 15:00:44.271,19516,19517,19516,1,-1
2024-03-06 15:00:44.808,19516,19517,19517,3,3
2024-03-06 15:00:47.368,19516,19517,19517,1,1
2024-03-06 15:00:47.427,19516,19517,19516,2,-2
2024-03-06 15:00:49.811,19516,19517,19516,6,-6
2024-03-06 15:00:49.811,19516,19517,19516,6,-6
2024-03-06 15:00:49.811,19516,19517,19516,6,-6
2024-03-06 15:00:49.868,19515,19516,19515,2,-2
2024-03-06 15:00:49.868,19515,19516,19515,2,-2
2024-03-06 15:00:50.119,19514,19515,19515,3,3
2024-03-06 15:00:50.694,19514,19516,19514,3,-3
2024-03-06 15:00:50.906,19514,19516,19516,1,1
2024-03-06 15:00:52.125,19514,19516,19516,7,7
2024-03-06 15:00:54.514,19515,19516,19516,1,1
2024-03-06 15:00:55.315,19515,19516,19516,2,2
2024-03-06 15:00:56.153,19515,19516,19515,1,-1
2024-03-06 15:00:58.551,19515,19516,19515,1,-1
2024-03-06 15:00:59.633,19515,19516,19515,1,-1
2024-03-06 15:00:59.830,19514,19515,19514,3,-3
2024-03-06 15:00:59.831,19514,19515,19514,27,-27
2024-03-06 15:00:59.866,19513,19514,19513,24,-24
2024-03-06 15:01:00.008,19512,19513,19512,1,-1
2024-03-06 15:01:00.008,19512,19513,19512,1,-1
2024-03-06 15:01:00.009,19512,19513,19512,4,-4
2024-03-06 15:01:00.030,19512,19513,19512,1,-1
2024-03-06 15:01:00.103,19512,19514,19512,1,-1
2024-03-06 15:01:00.222,19512,19514,19514,2,2
2024-03-06 15:01:00.248,19512,19514,19514,4,4
2024-03-06 15:01:00.342,19512,19514,19514,2,2
2024-03-06 15:01:00.481,19512,19514,19512,1,-1
2024-03-06 15:01:00.713,19512,19514,19514,2,2
2024-03-06 15:01:00.715,19512,19514,19514,2,2
2024-03-06 15:01:00.721,19512,19514,19514,1,1
2024-03-06 15:01:00.946,19512,19514,19514,1,1
2024-03-06 15:01:00.974,19512,19514,19514,1,1
2024-03-06 15:01:01.078,19512,19514,19514,2,2
2024-03-06 15:01:01.603,19512,19514,19514,1,1
2024-03-06 15:01:01.722,19512,19513,19513,1,1
2024-03-06 15:01:02.325,19512,19513,19512,1,-1
2024-03-06 15:01:03.582,19512,19513,19512,1,-1
2024-03-06 15:01:03.621,19511,19512,19511,1,-1
2024-03-06 15:01:03.621,19511,19512,19511,6,-6
2024-03-06 15:01:03.864,19510,19511,19510,3,-3
2024-03-06 15:01:03.864,19510,19511,19510,1,-1
2024-03-06 15:01:03.865,19510,19511,19510,4,-4
2024-03-06 15:01:03.865,19510,19511,19510,4,-4
2024-03-06 15:01:03.865,19510,19511,19510,2,-2
2024-03-06 15:01:03.923,19510,19511,19510,2,-2
2024-03-06 15:01:04.297,19509,19511,19511,4,4
2024-03-06 15:01:05.567,19511,19512,19511,1,-1
2024-03-06 15:01:05.578,19511,19512,19510,1,-1
2024-03-06 15:01:07.041,19510,19511,19511,1,1
2024-03-06 15:01:07.041,19510,19511,19511,3,3
2024-03-06 15:01:07.415,19510,19512,19512,2,2
2024-03-06 15:01:07.471,19510,19512,19512,2,2
2024-03-06 15:01:07.716,19510,19512,19510,2,-2
2024-03-06 15:01:07.923,19510,19512,19510,3,-3
2024-03-06 15:01:10.525,19509,19511,19511,3,3
2024-03-06 15:01:10.588,19509,19511,19509,1,-1
2024-03-06 15:01:11.291,19509,19511,19511,4,4
2024-03-06 15:01:11.548,19509,19511,19509,1,-1
2024-03-06 15:01:12.225,19509,19511,19509,1,-1
2024-03-06 15:01:13.354,19509,19511,19510,1,-1
2024-03-06 15:01:13.356,19509,19511,19511,3,3
2024-03-06 15:01:13.405,19509,19511,19511,2,2
2024-03-06 15:01:13.978,19510,19511,19510,1,-1
2024-03-06 15:01:14.516,19510,19511,19510,1,-1
2024-03-06 15:01:14.799,19510,19511,19510,1,-1
2024-03-06 15:01:15.545,19510,19511,19510,1,-1
2024-03-06 15:01:16.108,19510,19511,19511,3,3
2024-03-06 15:01:16.333,19510,19511,19511,2,2
2024-03-06 15:01:17.010,19511,19512,19512,1,1
2024-03-06 15:01:17.010,19511,19512,19512,3,3
2024-03-06 15:01:17.699,19511,19513,19511,1,-1
2024-03-06 15:01:18.424,19511,19513,19513,1,1
2024-03-06 15:01:18.425,19511,19513,19513,6,6
2024-03-06 15:01:18.506,19512,19514,19514,1,1
2024-03-06 15:01:20.198,19512,19514,19513,1,1
2024-03-06 15:01:21.730,19513,19514,19513,1,-1
2024-03-06 15:01:21.730,19513,19514,19512,1,-1
2024-03-06 15:01:21.971,19512,19514,19514,1,1
2024-03-06 15:01:22.050,19512,19514,19514,5,5
2024-03-06 15:01:27.174,19513,19514,19513,1,-1
2024-03-06 15:01:27.174,19513,19514,19512,4,-4
2024-03-06 15:01:27.291,19511,19513,19511,1,-1
2024-03-06 15:01:27.608,19511,19513,19513,1,1
2024-03-06 15:01:28.608,19511,19513,19513,1,1
2024-03-06 15:01:30.873,19511,19513,19513,1,1
2024-03-06 15:01:32.610,19511,19513,19511,2,-2
2024-03-06 15:01:32.654,19511,19513,19511,3,-3
2024-03-06 15:01:32.654,19511,19513,19511,2,-2
2024-03-06 15:01:33.132,19510,19512,19510,1,-1
2024-03-06 15:01:33.132,19510,19512,19510,1,-1
2024-03-06 15:01:33.132,19510,19512,19510,4,-4
2024-03-06 15:01:33.132,19510,19512,19510,1,-1
2024-03-06 15:01:33.132,19510,19512,19510,19,-19
2024-03-06 15:01:33.573,19509,19510,19510,1,1
2024-03-06 15:01:33.729,19509,19510,19510,3,3
2024-03-06 15:01:33.942,19509,19511,19511,1,1
2024-03-06 15:01:37.093,19510,19511,19510,1,-1
2024-03-06 15:01:37.093,19510,19511,19510,1,-1
2024-03-06 15:01:38.716,19510,19511,19510,1,-1
2024-03-06 15:01:39.630,19510,19511,19510,1,-1
2024-03-06 15:01:42.521,19511,19512,19512,2,2
2024-03-06 15:01:42.552,19511,19512,19512,1,1
2024-03-06 15:01:44.043,19511,19513,19511,2,-2
2024-03-06 15:01:44.733,19511,19513,19511,4,-4
2024-03-06 15:01:48.572,19510,19512,19510,10,-10
2024-03-06 15:01:48.766,19510,19511,19512,2,2
2024-03-06 15:01:48.766,19510,19511,19511,7,7
2024-03-06 15:01:49.119,19510,19512,19512,1,1
2024-03-06 15:01:50.458,19510,19512,19510,1,-1
2024-03-06 15:01:51.915,19510,19511,19510,1,-1
2024-03-06 15:01:56.735,19510,19511,19510,1,-1
2024-03-06 15:02:00.055,19510,19511,19511,1,1
2024-03-06 15:02:00.187,19510,19511,19510,8,-8
2024-03-06 15:02:00.329,19509,19511,19511,1,1
2024-03-06 15:02:00.356,19509,19511,19509,6,-6
2024-03-06 15:02:01.433,19509,19510,19509,2,-2
2024-03-06 15:02:04.065,19508,19509,19508,2,-2
2024-03-06 15:02:04.066,19508,19509,19508,1,-1
2024-03-06 15:02:04.102,19508,19509,19508,1,-1
2024-03-06 15:02:04.896,19508,19509,19509,3,3
2024-03-06 15:02:06.633,19507,19509,19509,2,2
2024-03-06 15:02:07.805,19508,19510,19508,2,-2
2024-03-06 15:02:09.812,19508,19509,19508,1,-1
2024-03-06 15:02:10.105,19508,19509,19508,3,-3
2024-03-06 15:02:10.120,19508,19509,19508,1,-1
2024-03-06 15:02:10.765,19507,19508,19507,1,-1
2024-03-06 15:02:10.767,19507,19508,19507,19,-19
2024-03-06 15:02:12.218,19506,19507,19507,5,5
2024-03-06 15:02:13.168,19506,19507,19506,2,-2
2024-03-06 15:02:13.634,19506,19507,19507,2,2
2024-03-06 15:02:15.245,19506,19508,19508,2,2
2024-03-06 15:02:15.922,19506,19508,19506,1,-1
2024-03-06 15:02:17.650,19507,19508,19508,1,1
2024-03-06 15:02:17.650,19507,19508,19508,10,10
2024-03-06 15:02:17.650,19507,19508,19508,6,6
2024-03-06 15:02:17.992,19508,19509,19508,2,-2
2024-03-06 15:02:19.088,19507,19509,19507,1,-1
2024-03-06 15:02:25.174,19508,19509,19508,1,-1
2024-03-06 15:02:29.652,19508,19509,19508,1,-1
2024-03-06 15:02:30.902,19507,19509,19507,1,-1
2024-03-06 15:02:32.396,19507,19509,19509,1,1
2024-03-06 15:02:33.006,19508,19509,19509,2,2
2024-03-06 15:02:34.471,19509,19510,19510,3,3
2024-03-06 15:02:34.471,19509,19510,19510,1,1
2024-03-06 15:02:34.471,19509,19510,19510,1,1
2024-03-06 15:02:43.739,19508,19509,19508,1,-1
2024-03-06 15:02:45.932,19508,19509,19508,1,-1
2024-03-06 15:02:45.932,19508,19509,19508,2,-2
2024-03-06 15:02:45.932,19508,19509,19508,3,-3
2024-03-06 15:02:45.947,19508,19509,19508,1,-1
2024-03-06 15:02:46.638,19507,19508,19507,2,-2
2024-03-06 15:02:46.638,19507,19508,19507,13,-13
2024-03-06 15:02:46.781,19506,19507,19506,1,-1
2024-03-06 15:02:47.808,19506,19508,19506,2,-2
2024-03-06 15:02:54.347,19507,19509,19509,3,3
2024-03-06 15:02:55.271,19508,19509,19508,1,-1
2024-03-06 15:02:56.556,19508,19509,19508,6,-6
2024-03-06 15:03:00.192,19508,19509,19508,1,-1
2024-03-06 15:03:01.024,19508,19509,19508,11,-11
2024-03-06 15:03:04.079,19507,19508,19507,1,-1
2024-03-06 15:03:04.142,19507,19508,19507,2,-2
2024-03-06 15:03:06.084,19507,19508,19507,1,-1
2024-03-06 15:03:06.595,19507,19508,19508,13,13
2024-03-06 15:03:07.409,19508,19509,19509,1,1
2024-03-06 15:03:07.549,19508,19509,19508,1,-1
2024-03-06 15:03:07.617,19508,19509,19509,1,1
2024-03-06 15:03:07.833,19508,19510,19508,1,-1
2024-03-06 15:03:09.183,19509,19510,19510,1,1
2024-03-06 15:03:09.396,19509,19510,19510,1,1
2024-03-06 15:03:09.610,19509,19510,19510,1,1
2024-03-06 15:03:11.406,19509,19511,19510,1,1
2024-03-06 15:03:11.599,19509,19511,19510,1,1
2024-03-06 15:03:13.183,19510,19511,19511,1,1
2024-03-06 15:03:13.756,19510,19511,19511,1,1
2024-03-06 15:03:14.762,19510,19511,19511,1,1
2024-03-06 15:03:15.043,19510,19512,19512,1,1
2024-03-06 15:03:15.374,19511,19512,19511,1,-1
2024-03-06 15:03:15.901,19510,19511,19511,1,1
2024-03-06 15:03:16.038,19510,19511,19510,1,-1
2024-03-06 15:03:16.112,19509,19511,19511,2,2
2024-03-06 15:03:21.246,19509,19510,19509,1,-1
2024-03-06 15:03:25.343,19509,19510,19509,2,-2
2024-03-06 15:03:25.829,19509,19510,19510,3,3
2024-03-06 15:03:29.435,19509,19511,19509,1,-1
2024-03-06 15:03:32.400,19508,19510,19510,1,1
2024-03-06 15:03:32.830,19508,19510,19508,1,-1
2024-03-06 15:03:34.320,19508,19509,19508,1,-1
2024-03-06 15:03:34.320,19508,19509,19508,1,-1
2024-03-06 15:03:34.320,19508,19509,19508,1,-1
2024-03-06 15:03:34.320,19508,19509,19508,3,-3
2024-03-06 15:03:35.041,19507,19508,19508,1,1
2024-03-06 15:03:40.192,19507,19508,19507,4,-4
2024-03-06 15:03:40.344,19507,19508,19508,2,2
2024-03-06 15:03:42.208,19507,19508,19508,1,1
2024-03-06 15:03:50.661,19508,19510,19510,1,1
2024-03-06 15:03:52.635,19508,19510,19510,1,1
2024-03-06 15:03:58.525,19508,19509,19508,7,-7
2024-03-06 15:03:59.890,19508,19509,19509,1,1
2024-03-06 15:04:02.240,19509,19510,19509,1,-1
2024-03-06 15:04:10.657,19509,19510,19510,1,1
2024-03-06 15:04:11.325,19509,19510,19509,1,-1
2024-03-06 15:04:22.231,19509,19510,19510,2,2
2024-03-06 15:04:27.798,19509,19510,19510,1,1
2024-03-06 15:04:30.309,19509,19510,19510,1,1
2024-03-06 15:04:32.386,19509,19510,19510,1,1
2024-03-06 15:04:32.608,19509,19510,19510,1,1
2024-03-06 15:04:35.804,19509,19510,19510,3,3
2024-03-06 15:04:36.036,19509,19511,19509,5,-5
2024-03-06 15:04:44.930,19509,19510,19509,1,-1
2024-03-06 15:04:49.184,19509,19510,19509,2,-2
2024-03-06 15:04:52.519,19509,19510,19510,2,2
2024-03-06 15:05:00.358,19509,19510,19510,1,1
2024-03-06 15:05:02.880,19509,19510,19509,1,-1
2024-03-06 15:05:04.623,19509,19510,19510,1,1
2024-03-06 15:05:06.837,19509,19510,19509,1,-1
2024-03-06 15:05:10.172,19509,19510,19509,1,-1
2024-03-06 15:05:14.536,19509,19510,19510,1,1
2024-03-06 15:05:16.056,19509,19510,19509,1,-1
2024-03-06 15:05:19.019,19509,19510,19510,1,1
2024-03-06 15:05:20.374,19509,19510,19509,1,-1
2024-03-06 15:05:21.947,19509,19510,19509,1,-1
2024-03-06 15:05:23.977,19509,19510,19509,1,-1
2024-03-06 15:05:24.404,19509,19510,19510,1,1
2024-03-06 15:05:26.068,19509,19510,19509,2,-2
2024-03-06 15:05:26.868,19509,19510,19510,2,2
2024-03-06 15:05:27.577,19509,19510,19509,1,-1
2024-03-06 15:05:31.057,19509,19510,19509,2,-2
2024-03-06 15:05:36.343,19509,19510,19509,1,-1
2024-03-06 15:05:41.015,19509,19510,19510,1,1
2024-03-06 15:05:48.092,19509,19510,19510,1,1
2024-03-06 15:05:48.092,19509,19510,19510,3,3
2024-03-06 15:05:48.092,19509,19510,19510,8,8
2024-03-06 15:05:48.092,19509,19510,19510,1,1
2024-03-06 15:05:48.092,19509,19510,19510,3,3
2024-03-06 15:05:48.092,19509,19510,19510,1,1
2024-03-06 15:05:48.093,19509,19510,19510,2,2
2024-03-06 15:05:49.616,19510,19511,19510,1,-1
2024-03-06 15:05:50.136,19510,19511,19511,3,3
2024-03-06 15:05:55.228,19510,19511,19511,1,1
2024-03-06 15:05:55.742,19510,19511,19511,7,7
2024-03-06 15:06:01.251,19511,19512,19512,5,5
2024-03-06 15:06:01.415,19511,19512,19512,6,6
2024-03-06 15:06:02.472,19512,19513,19513,2,2
2024-03-06 15:06:05.439,19512,19513,19513,4,4
2024-03-06 15:06:08.465,19513,19514,19513,1,-1
2024-03-06 15:06:08.791,19512,19514,19513,1,-1
2024-03-06 15:06:09.390,19512,19514,19514,2,2
2024-03-06 15:06:12.640,19512,19514,19514,1,1
2024-03-06 15:06:15.900,19513,19515,19515,4,4
2024-03-06 15:06:15.990,19513,19515,19514,1,1
2024-03-06 15:06:17.095,19513,19515,19515,1,1
2024-03-06 15:06:18.616,19514,19515,19515,1,1
2024-03-06 15:06:20.334,19514,19515,19514,1,-1
2024-03-06 15:06:20.821,19514,19515,19515,1,1
2024-03-06 15:06:21.778,19514,19515,19515,1,1
2024-03-06 15:06:22.456,19514,19515,19515,6,6
2024-03-06 15:06:22.457,19515,19516,19515,1,-1
2024-03-06 15:06:22.918,19515,19516,19515,2,-2
2024-03-06 15:06:23.156,19515,19516,19515,2,-2
2024-03-06 15:06:26.972,19515,19516,19516,2,2
2024-03-06 15:06:27.011,19515,19516,19516,1,1
2024-03-06 15:06:27.328,19515,19516,19516,1,1
2024-03-06 15:06:28.151,19515,19516,19515,5,-5
2024-03-06 15:06:30.260,19514,19515,19514,3,-3
2024-03-06 15:06:30.297,19514,19515,19514,1,-1
2024-03-06 15:06:30.297,19514,19515,19513,4,-4
2024-03-06 15:06:30.823,19512,19514,19514,4,4
2024-03-06 15:06:33.535,19513,19514,19513,2,-2
2024-03-06 15:06:37.433,19512,19513,19512,1,-1
2024-03-06 15:06:37.434,19512,19513,19512,1,-1
2024-03-06 15:06:47.225,19511,19512,19512,1,1
2024-03-06 15:06:49.019,19511,19512,19512,3,3
2024-03-06 15:06:49.355,19511,19512,19512,1,1
2024-03-06 15:06:54.390,19513,19514,19513,1,-1
2024-03-06 15:06:55.048,19512,19514,19512,1,-1
2024-03-06 15:06:57.363,19512,19514,19512,1,-1
2024-03-06 15:06:57.433,19512,19514,19513,2,-2
2024-03-06 15:07:00.966,19512,19513,19513,1,1
2024-03-06 15:07:00.971,19512,19513,19513,2,2
2024-03-06 15:07:01.114,19512,19514,19514,1,1
2024-03-06 15:07:07.589,19512,19514,19512,2,-2
2024-03-06 15:07:07.737,19512,19514,19512,1,-1
2024-03-06 15:07:22.583,19513,19514,19513,1,-1
2024-03-06 15:07:22.616,19513,19514,19513,1,-1
2024-03-06 15:07:22.616,19513,19514,19513,1,-1
2024-03-06 15:07:26.667,19512,19513,19512,1,-1
2024-03-06 15:07:26.668,19512,19513,19512,2,-2
2024-03-06 15:07:30.076,19511,19513,19513,1,1
2024-03-06 15:07:33.882,19511,19513,19511,1,-1
2024-03-06 15:07:36.740,19511,19513,19511,2,-2
2024-03-06 15:07:49.846,19512,19514,19512,2,-2
2024-03-06 15:07:54.507,19513,19514,19514,1,1
2024-03-06 15:07:55.385,19513,19514,19514,1,1
2024-03-06 15:07:56.350,19514,19515,19515,5,5
2024-03-06 15:07:56.641,19514,19515,19515,1,1
2024-03-06 15:08:00.434,19514,19516,19515,1,1
2024-03-06 15:08:00.847,19514,19516,19516,1,1
2024-03-06 15:08:00.955,19514,19516,19516,1,1
2024-03-06 15:08:00.985,19514,19516,19516,1,1
2024-03-06 15:08:01.140,19514,19516,19516,1,1
2024-03-06 15:08:01.300,19514,19516,19516,1,1
2024-03-06 15:08:01.482,19514,19516,19516,1,1
2024-03-06 15:08:01.644,19514,19516,19516,1,1
2024-03-06 15:08:01.794,19514,19516,19516,1,1
2024-03-06 15:08:01.949,19514,19516,19516,1,1
2024-03-06 15:08:02.082,19514,19516,19514,1,-1
2024-03-06 15:08:02.094,19514,19516,19516,1,1
2024-03-06 15:08:02.106,19514,19516,19514,1,-1
2024-03-06 15:08:02.242,19514,19516,19516,1,1
2024-03-06 15:08:02.398,19514,19516,19516,1,1
2024-03-06 15:08:02.549,19514,19516,19516,1,1
2024-03-06 15:08:02.694,19515,19516,19516,1,1
2024-03-06 15:08:02.830,19515,19516,19516,1,1
2024-03-06 15:08:02.969,19515,19516,19516,1,1
2024-03-06 15:08:03.928,19515,19516,19516,2,2
2024-03-06 15:08:04.472,19516,19517,19516,1,-1
2024-03-06 15:08:06.386,19515,19516,19516,1,1
2024-03-06 15:08:07.134,19515,19516,19516,1,1
2024-03-06 15:08:07.211,19515,19516,19516,1,1
2024-03-06 15:08:11.860,19515,19516,19516,1,1
2024-03-06 15:08:12.382,19515,19517,19515,1,-1
2024-03-06 15:08:13.881,19516,19517,19516,1,-1
2024-03-06 15:08:14.302,19516,19517,19516,1,-1
2024-03-06 15:08:14.575,19516,19517,19516,6,-6
2024-03-06 15:08:14.575,19516,19517,19516,4,-4
2024-03-06 15:08:19.461,19515,19516,19516,1,1
2024-03-06 15:08:21.103,19515,19516,19516,2,2
2024-03-06 15:08:21.381,19515,19516,19516,3,3
2024-03-06 15:08:21.381,19515,19516,19516,1,1
2024-03-06 15:08:27.651,19515,19516,19515,1,-1
2024-03-06 15:08:30.373,19515,19516,19516,1,1
2024-03-06 15:08:34.851,19515,19516,19515,3,-3
2024-03-06 15:09:00.491,19515,19516,19516,1,1
2024-03-06 15:09:01.135,19515,19516,19516,1,1
2024-03-06 15:09:03.630,19515,19516,19515,6,-6
2024-03-06 15:09:03.630,19515,19516,19515,8,-8
2024-03-06 15:09:04.764,19514,19516,19516,1,1
2024-03-06 15:09:06.622,19513,19515,19515,1,1
2024-03-06 15:09:11.350,19514,19515,19515,1,1
2024-03-06 15:09:13.336,19514,19515,19515,1,1
2024-03-06 15:09:13.560,19514,19515,19514,1,-1
2024-03-06 15:09:14.527,19514,19515,19515,5,5
2024-03-06 15:09:18.538,19513,19515,19515,4,4
2024-03-06 15:09:19.361,19514,19515,19515,3,3
2024-03-06 15:09:30.681,19515,19516,19516,1,1
2024-03-06 15:09:41.254,19515,19516,19515,1,-1
2024-03-06 15:09:41.707,19515,19516,19516,1,1
2024-03-06 15:09:44.123,19515,19516,19515,1,-1
2024-03-06 15:09:44.123,19515,19516,19515,9,-9
2024-03-06 15:09:44.123,19515,19516,19515,1,-1
2024-03-06 15:09:44.123,19515,19516,19515,8,-8
2024-03-06 15:09:44.123,19515,19516,19515,5,-5
2024-03-06 15:09:44.124,19515,19516,19515,1,-1
2024-03-06 15:09:50.126,19512,19514,19514,2,2
2024-03-06 15:09:55.305,19513,19514,19513,1,-1
2024-03-06 15:09:59.093,19513,19514,19513,1,-1
2024-03-06 15:10:05.197,19512,19514,19514,1,1
2024-03-06 15:10:05.324,19512,19514,19514,1,1
2024-03-06 15:10:14.161,19513,19514,19513,8,-8
2024-03-06 15:10:17.912,19513,19514,19513,1,-1
2024-03-06 15:10:20.104,19513,19514,19514,1,1
2024-03-06 15:10:20.304,19513,19514,19514,1,1
2024-03-06 15:10:24.652,19513,19514,19513,2,-2
2024-03-06 15:10:31.031,19513,19514,19514,1,1
2024-03-06 15:10:32.055,19513,19514,19514,1,1
2024-03-06 15:10:32.055,19513,19514,19514,1,1
2024-03-06 15:10:46.909,19513,19514,19514,2,2
2024-03-06 15:10:46.909,19513,19514,19514,1,1
2024-03-06 15:10:51.832,19513,19514,19514,1,1
2024-03-06 15:10:52.332,19514,19515,19514,5,-5
2024-03-06 15:10:52.761,19514,19515,19514,2,-2
2024-03-06 15:10:52.761,19514,19515,19514,2,-2
2024-03-06 15:10:53.537,19514,19515,19514,1,-1
2024-03-06 15:10:53.629,19514,19515,19514,1,-1
2024-03-06 15:10:54.261,19514,19515,19514,1,-1
2024-03-06 15:10:58.194,19514,19515,19514,1,-1
2024-03-06 15:10:58.194,19514,19515,19513,4,-4
2024-03-06 15:10:58.606,19514,19515,19514,1,-1
2024-03-06 15:11:00.530,19513,19514,19514,1,1
2024-03-06 15:11:04.533,19514,19515,19514,1,-1
2024-03-06 15:11:04.533,19514,19515,19514,2,-2
2024-03-06 15:11:04.534,19514,19515,19514,8,-8
2024-03-06 15:11:05.923,19513,19514,19513,1,-1
2024-03-06 15:11:10.480,19512,19513,19513,4,4
2024-03-06 15:11:11.461,19512,19513,19513,1,1
2024-03-06 15:11:12.616,19512,19513,19512,2,-2
2024-03-06 15:11:13.856,19511,19512,19511,3,-3
2024-03-06 15:11:16.258,19511,19512,19511,1,-1
2024-03-06 15:11:16.261,19511,19512,19511,1,-1
2024-03-06 15:11:19.445,19511,19512,19511,1,-1
2024-03-06 15:11:19.445,19511,19512,19511,2,-2
2024-03-06 15:11:24.749,19510,19512,19510,1,-1
2024-03-06 15:11:28.009,19511,19512,19512,1,1
2024-03-06 15:11:29.159,19512,19513,19512,3,-3
2024-03-06 15:11:29.159,19512,19513,19511,1,-1
2024-03-06 15:11:30.860,19511,19513,19513,1,1
2024-03-06 15:11:31.761,19511,19513,19511,5,-5
2024-03-06 15:11:34.058,19511,19513,19512,1,-1
2024-03-06 15:11:34.059,19511,19513,19510,1,-1
2024-03-06 15:11:34.059,19511,19513,19511,1,-1
2024-03-06 15:11:42.346,19511,19512,19511,5,-5
2024-03-06 15:11:44.324,19510,19511,19511,1,1
2024-03-06 15:11:47.810,19510,19511,19511,1,1
2024-03-06 15:11:49.114,19510,19511,19511,1,1
2024-03-06 15:11:52.377,19510,19512,19510,1,-1
2024-03-06 15:11:54.009,19510,19512,19510,21,-21
2024-03-06 15:11:54.009,19510,19512,19509,5,-5
2024-03-06 15:11:54.069,19510,19512,19510,1,-1
2024-03-06 15:11:54.182,19509,19510,19509,1,-1
2024-03-06 15:11:55.933,19509,19511,19509,26,-26
2024-03-06 15:11:56.120,19509,19510,19509,1,-1
2024-03-06 15:11:56.120,19509,19510,19509,12,-12
2024-03-06 15:11:58.785,19508,19509,19508,1,-1
2024-03-06 15:11:58.785,19508,19509,19508,1,-1
2024-03-06 15:11:58.785,19508,19509,19508,3,-3
2024-03-06 15:11:58.786,19508,19509,19508,3,-3
2024-03-06 15:11:58.786,19508,19509,19508,1,-1
2024-03-06 15:11:58.786,19508,19509,19508,4,-4
2024-03-06 15:11:58.786,19508,19509,19508,2,-2
2024-03-06 15:11:58.786,19508,19509,19508,4,-4
2024-03-06 15:12:00.265,19507,19509,19509,1,1
2024-03-06 15:12:01.270,19507,19508,19508,1,1
2024-03-06 15:12:02.023,19507,19509,19509,1,1
2024-03-06 15:12:02.025,19507,19509,19509,2,2
2024-03-06 15:12:02.037,19507,19509,19509,1,1
2024-03-06 15:12:02.039,19507,19509,19509,1,1
2024-03-06 15:12:02.045,19507,19509,19509,1,1
2024-03-06 15:12:02.047,19507,19509,19509,2,2
2024-03-06 15:12:02.083,19507,19509,19507,31,-31
2024-03-06 15:12:02.166,19507,19508,19508,1,1
2024-03-06 15:12:02.249,19506,19508,19508,2,2
2024-03-06 15:12:03.722,19506,19508,19506,1,-1
2024-03-06 15:12:04.570,19506,19508,19506,1,-1
2024-03-06 15:12:10.525,19506,19508,19506,2,-2
2024-03-06 15:12:10.610,19506,19508,19506,14,-14
2024-03-06 15:12:10.611,19506,19508,19506,1,-1
2024-03-06 15:12:10.689,19506,19508,19506,1,-1
2024-03-06 15:12:10.758,19506,19507,19506,1,-1
2024-03-06 15:12:10.823,19506,19507,19507,2,2
2024-03-06 15:12:10.927,19505,19507,19506,1,1
2024-03-06 15:12:13.383,19506,19507,19507,1,1
2024-03-06 15:12:14.238,19506,19507,19506,1,-1
2024-03-06 15:12:15.675,19506,19507,19506,1,-1
2024-03-06 15:12:16.400,19506,19507,19506,1,-1
2024-03-06 15:12:17.239,19505,19507,19505,1,-1
2024-03-06 15:12:17.360,19505,19507,19505,1,-1
2024-03-06 15:12:17.594,19505,19507,19505,25,-25
2024-03-06 15:12:17.595,19505,19507,19505,1,-1
2024-03-06 15:12:18.929,19504,19506,19504,1,-1
2024-03-06 15:12:20.358,19504,19505,19505,1,1
2024-03-06 15:12:20.916,19504,19505,19505,2,2
2024-03-06 15:12:20.977,19504,19505,19504,26,-26
2024-03-06 15:12:20.980,19504,19505,19503,1,-1
2024-03-06 15:12:21.032,19504,19505,19503,1,-1
2024-03-06 15:12:22.594,19502,19503,19502,1,-1
2024-03-06 15:12:22.605,19502,19503,19502,2,-2
2024-03-06 15:12:22.722,19502,19503,19502,2,-2
2024-03-06 15:12:24.554,19502,19503,19503,2,2
2024-03-06 15:12:25.139,19502,19503,19502,7,-7
2024-03-06 15:12:27.575,19501,19502,19502,1,1
2024-03-06 15:12:28.060,19501,19502,19501,1,-1
2024-03-06 15:12:28.088,19501,19502,19502,1,1
2024-03-06 15:12:28.450,19501,19502,19502,1,1
2024-03-06 15:12:28.573,19501,19502,19502,2,2
2024-03-06 15:12:30.598,19501,19502,19502,1,1
2024-03-06 15:12:31.084,19501,19502,19501,1,-1
2024-03-06 15:12:31.911,19501,19502,19502,2,2
2024-03-06 15:12:32.092,19501,19502,19501,1,-1
2024-03-06 15:12:33.971,19501,19502,19501,1,-1
2024-03-06 15:12:33.995,19501,19502,19501,7,-7
2024-03-06 15:12:34.214,19500,19501,19501,1,1
2024-03-06 15:12:35.537,19500,19501,19501,1,1
2024-03-06 15:12:35.635,19501,19502,19501,2,-2
2024-03-06 15:12:35.635,19501,19502,19500,7,-7
2024-03-06 15:12:35.639,19501,19502,19500,9,-9
2024-03-06 15:12:35.720,19500,19501,19500,9,-9
2024-03-06 15:12:35.721,19500,19501,19500,9,-9
2024-03-06 15:12:35.827,19500,19501,19499,2,-2
2024-03-06 15:12:37.020,19499,19500,19499,1,-1
2024-03-06 15:12:37.071,19499,19500,19499,26,-26
2024-03-06 15:12:37.073,19499,19500,19498,1,-1
2024-03-06 15:12:37.073,19499,19500,19498,2,-2
2024-03-06 15:12:37.157,19497,19498,19497,1,-1
2024-03-06 15:12:37.408,19497,19498,19497,1,-1
2024-03-06 15:12:37.409,19497,19498,19497,1,-1
2024-03-06 15:12:37.657,19497,19498,19498,27,27
2024-03-06 15:12:37.658,19497,19498,19497,2,-2
2024-03-06 15:12:37.807,19497,19498,19497,5,-5
2024-03-06 15:12:37.807,19497,19498,19496,30,-30
2024-03-06 15:12:37.842,19495,19496,19495,2,-2
2024-03-06 15:12:38.035,19495,19496,19495,2,-2
2024-03-06 15:12:38.035,19495,19496,19495,1,-1
2024-03-06 15:12:38.158,19495,19496,19495,1,-1
2024-03-06 15:12:38.214,19495,19496,19496,1,1
2024-03-06 15:12:38.452,19495,19496,19496,2,2
2024-03-06 15:12:38.794,19495,19496,19496,1,1
2024-03-06 15:12:38.800,19495,19496,19496,1,1
2024-03-06 15:12:38.969,19495,19496,19495,1,-1
2024-03-06 15:12:38.969,19495,19496,19496,1,1
2024-03-06 15:12:40.177,19494,19496,19494,5,-5
2024-03-06 15:12:40.219,19494,19495,19494,1,-1
2024-03-06 15:12:40.785,19494,19495,19495,1,1
2024-03-06 15:12:43.133,19496,19498,19496,1,-1
2024-03-06 15:12:43.364,19497,19498,19497,2,-2
2024-03-06 15:12:44.724,19496,19498,19496,2,-2
2024-03-06 15:12:45.216,19497,19498,19498,1,1
2024-03-06 15:12:45.284,19497,19498,19497,1,-1
2024-03-06 15:12:47.633,19497,19498,19497,1,-1
2024-03-06 15:12:47.633,19497,19498,19496,19,-19
2024-03-06 15:12:47.634,19497,19498,19496,2,-2
2024-03-06 15:12:47.634,19497,19498,19496,2,-2
2024-03-06 15:12:47.735,19495,19497,19497,1,1
2024-03-06 15:12:48.941,19495,19497,19497,1,1
2024-03-06 15:12:50.404,19495,19497,19496,1,1
2024-03-06 15:12:52.211,19495,19497,19495,4,-4
2024-03-06 15:12:52.270,19495,19497,19496,1,-1
2024-03-06 15:12:53.014,19496,19497,19496,1,-1
2024-03-06 15:12:53.014,19496,19497,19495,1,-1
2024-03-06 15:12:53.806,19495,19496,19496,3,3
2024-03-06 15:12:55.159,19496,19497,19496,1,-1
2024-03-06 15:12:55.159,19496,19497,19495,5,-5
2024-03-06 15:12:57.014,19495,19496,19495,1,-1
2024-03-06 15:12:57.031,19495,19496,19496,1,1
2024-03-06 15:12:57.220,19494,19496,19494,1,-1
2024-03-06 15:13:00.464,19495,19496,19495,1,-1
2024-03-06 15:13:01.466,19495,19496,19495,1,-1
2024-03-06 15:13:02.062,19495,19496,19496,1,1
2024-03-06 15:13:02.676,19495,19496,19496,2,2
2024-03-06 15:13:02.706,19495,19496,19496,1,1
2024-03-06 15:13:03.725,19496,19497,19497,1,1
2024-03-06 15:13:03.927,19496,19497,19496,2,-2
2024-03-06 15:13:04.498,19496,19497,19496,1,-1
2024-03-06 15:13:04.556,19496,19497,19497,2,2
2024-03-06 15:13:04.556,19496,19497,19497,2,2
2024-03-06 15:13:04.700,19497,19498,19498,2,2
2024-03-06 15:13:04.713,19498,19499,19498,1,-1
2024-03-06 15:13:06.100,19498,19499,19499,1,1
2024-03-06 15:13:08.120,19499,19500,19500,3,3
2024-03-06 15:13:08.121,19499,19500,19500,8,8
2024-03-06 15:13:08.354,19500,19502,19500,1,-1
2024-03-06 15:13:08.700,19500,19502,19500,16,-16
2024-03-06 15:13:08.700,19500,19502,19499,14,-14
2024-03-06 15:13:10.200,19499,19501,19499,1,-1
2024-03-06 15:13:10.278,19499,19500,19498,22,-22
2024-03-06 15:13:10.278,19499,19500,19499,8,-8
2024-03-06 15:13:11.383,19498,19499,19499,2,2
2024-03-06 15:13:14.272,19497,19499,19498,5,5
2024-03-06 15:13:14.953,19496,19498,19496,22,-22
2024-03-06 15:13:15.847,19495,19496,19496,1,1
2024-03-06 15:13:18.785,19495,19496,19495,1,-1
2024-03-06 15:13:18.785,19495,19496,19495,8,-8
2024-03-06 15:13:18.786,19495,19496,19495,2,-2
2024-03-06 15:13:19.388,19494,19495,19494,5,-5
2024-03-06 15:13:19.388,19494,19495,19494,8,-8
2024-03-06 15:13:19.925,19493,19494,19494,2,2
2024-03-06 15:13:20.517,19493,19495,19494,1,1
2024-03-06 15:13:21.087,19493,19494,19494,4,4
2024-03-06 15:13:21.600,19493,19494,19493,1,-1
2024-03-06 15:13:21.693,19493,19494,19493,1,-1
2024-03-06 15:13:21.727,19493,19494,19493,1,-1
2024-03-06 15:13:21.962,19492,19494,19494,1,1
2024-03-06 15:13:22.461,19493,19494,19494,1,1
2024-03-06 15:13:23.490,19493,19494,19493,1,-1
2024-03-06 15:13:24.921,19493,19494,19493,2,-2
2024-03-06 15:13:25.756,19493,19494,19493,1,-1
2024-03-06 15:13:25.955,19492,19494,19494,1,1
2024-03-06 15:13:25.973,19493,19495,19493,14,-14
2024-03-06 15:13:25.973,19493,19495,19492,25,-25
2024-03-06 15:13:26.146,19492,19494,19492,1,-1
2024-03-06 15:13:27.161,19492,19494,19492,5,-5
2024-03-06 15:13:27.193,19492,19494,19492,1,-1
2024-03-06 15:13:27.878,19492,19493,19492,1,-1
2024-03-06 15:13:28.245,19491,19493,19493,1,1
2024-03-06 15:13:29.595,19491,19492,19492,3,3
2024-03-06 15:13:30.066,19492,19493,19493,1,1
2024-03-06 15:13:30.173,19492,19494,19494,1,1
2024-03-06 15:13:30.224,19493,19494,19494,1,1
2024-03-06 15:13:30.480,19493,19495,19493,1,-1
2024-03-06 15:13:30.996,19493,19494,19494,1,1
2024-03-06 15:13:31.719,19493,19495,19493,12,-12
2024-03-06 15:13:31.719,19493,19495,19492,19,-19
2024-03-06 15:13:32.455,19492,19493,19492,1,-1
2024-03-06 15:13:33.071,19492,19493,19493,2,2
2024-03-06 15:13:33.916,19492,19493,19492,1,-1
2024-03-06 15:13:34.034,19492,19493,19492,2,-2
2024-03-06 15:13:34.232,19492,19493,19492,5,-5
2024-03-06 15:13:36.304,19492,19493,19492,1,-1
2024-03-06 15:13:37.487,19492,19493,19492,1,-1
2024-03-06 15:13:38.251,19492,19493,19493,1,1
2024-03-06 15:13:38.401,19492,19493,19492,4,-4
2024-03-06 15:13:39.460,19492,19493,19492,1,-1
2024-03-06 15:13:39.461,19492,19493,19492,1,-1
2024-03-06 15:13:41.423,19491,19492,19492,1,1
2024-03-06 15:13:44.462,19491,19492,19491,1,-1
2024-03-06 15:13:44.463,19491,19492,19491,2,-2
2024-03-06 15:13:44.463,19491,19492,19491,2,-2
2024-03-06 15:13:44.463,19491,19492,19491,1,-1
2024-03-06 15:13:44.463,19491,19492,19491,3,-3
2024-03-06 15:13:44.464,19491,19492,19491,2,-2
2024-03-06 15:13:44.464,19491,19492,19491,2,-2
2024-03-06 15:13:44.464,19491,19492,19491,1,-1
2024-03-06 15:13:44.464,19491,19492,19491,9,-9
2024-03-06 15:13:44.486,19491,19492,19491,1,-1
2024-03-06 15:13:44.606,19490,19491,19490,4,-4
2024-03-06 15:13:44.607,19490,19491,19490,1,-1
2024-03-06 15:13:44.642,19490,19491,19490,1,-1
2024-03-06 15:13:44.686,19490,19491,19490,1,-1
2024-03-06 15:13:44.687,19490,19491,19490,1,-1
2024-03-06 15:13:44.694,19490,19491,19489,1,-1
2024-03-06 15:13:44.694,19490,19491,19489,1,-1
2024-03-06 15:13:44.695,19490,19491,19489,1,-1
2024-03-06 15:13:44.809,19488,19489,19488,1,-1
2024-03-06 15:13:44.819,19488,19489,19488,1,-1
2024-03-06 15:13:44.864,19488,19489,19488,1,-1
2024-03-06 15:13:45.110,19488,19489,19488,1,-1
2024-03-06 15:13:45.195,19488,19489,19489,1,1
2024-03-06 15:13:45.196,19488,19489,19489,1,1
2024-03-06 15:13:45.431,19489,19490,19489,1,-1
2024-03-06 15:13:45.567,19488,19490,19489,1,-1
2024-03-06 15:13:46.855,19488,19490,19488,2,-2
2024-03-06 15:13:47.198,19488,19489,19488,1,-1
2024-03-06 15:13:47.335,19488,19489,19489,1,1
2024-03-06 15:13:47.804,19489,19490,19489,1,-1
2024-03-06 15:13:47.804,19489,19490,19488,4,-4
2024-03-06 15:13:49.961,19488,19489,19488,1,-1
2024-03-06 15:13:50.121,19488,19489,19488,1,-1
2024-03-06 15:13:50.212,19488,19489,19489,1,1
2024-03-06 15:13:51.147,19488,19489,19489,1,1
2024-03-06 15:13:51.793,19488,19490,19488,1,-1
2024-03-06 15:13:51.868,19488,19489,19489,1,1
2024-03-06 15:13:52.959,19488,19489,19489,1,1
2024-03-06 15:13:54.370,19489,19490,19489,1,-1
2024-03-06 15:13:55.215,19489,19490,19489,1,-1
2024-03-06 15:13:55.955,19488,19489,19489,1,1
2024-03-06 15:13:58.655,19489,19490,19489,1,-1
2024-03-06 15:13:58.889,19489,19490,19489,1,-1
2024-03-06 15:14:00.231,19489,19490,19490,1,1
2024-03-06 15:14:00.535,19489,19490,19489,1,-1
2024-03-06 15:14:01.258,19489,19490,19490,1,1
2024-03-06 15:14:01.340,19489,19490,19490,3,3
2024-03-06 15:14:03.121,19489,19490,19489,1,-1
2024-03-06 15:14:04.832,19489,19490,19490,1,1
2024-03-06 15:14:04.878,19489,19490,19490,6,6
2024-03-06 15:14:06.557,19491,19492,19492,1,1
2024-03-06 15:14:06.557,19491,19492,19492,5,5
2024-03-06 15:14:06.557,19491,19492,19492,1,1
2024-03-06 15:14:06.558,19491,19492,19492,1,1
2024-03-06 15:14:06.558,19491,19492,19492,2,2
2024-03-06 15:14:08.068,19492,19493,19492,7,-7
2024-03-06 15:14:08.068,19492,19493,19491,13,-13
2024-03-06 15:14:08.068,19492,19493,19490,10,-10
2024-03-06 15:14:08.455,19491,19492,19490,3,-3
2024-03-06 15:14:09.811,19490,19492,19492,1,1
2024-03-06 15:14:12.379,19491,19493,19491,1,-1
2024-03-06 15:14:12.829,19491,19492,19492,1,1
2024-03-06 15:14:12.868,19491,19492,19492,1,1
2024-03-06 15:14:13.941,19491,19493,19493,1,1
2024-03-06 15:14:14.906,19492,19493,19493,2,2
2024-03-06 15:14:14.964,19492,19493,19492,7,-7
2024-03-06 15:14:14.964,19492,19493,19491,17,-17
2024-03-06 15:14:16.786,19491,19492,19492,13,13
2024-03-06 15:14:17.198,19491,19493,19491,1,-1
2024-03-06 15:14:18.333,19491,19493,19491,3,-3
2024-03-06 15:14:18.945,19491,19493,19491,1,-1
2024-03-06 15:14:21.535,19491,19493,19491,5,-5
2024-03-06 15:14:22.291,19490,19492,19492,3,3
2024-03-06 15:14:24.279,19491,19493,19493,2,2
2024-03-06 15:14:25.488,19491,19493,19491,1,-1
2024-03-06 15:14:27.432,19492,19493,19492,1,-1
2024-03-06 15:14:27.679,19491,19493,19492,1,-1
2024-03-06 15:14:29.243,19491,19493,19491,1,-1
2024-03-06 15:14:33.133,19492,19493,19492,5,-5
2024-03-06 15:14:35.079,19491,19492,19492,1,1
2024-03-06 15:14:38.259,19492,19493,19492,1,-1
2024-03-06 15:14:40.814,19491,19492,19491,1,-1
2024-03-06 15:14:41.424,19491,19492,19492,1,1
2024-03-06 15:14:42.488,19491,19492,19492,2,2
2024-03-06 15:14:42.488,19491,19492,19493,2,2
2024-03-06 15:14:42.998,19491,19493,19493,1,1
2024-03-06 15:14:49.003,19491,19492,19492,1,1
2024-03-06 15:14:50.263,19491,19492,19492,1,1
2024-03-06 15:14:50.962,19491,19493,19493,1,1
2024-03-06 15:14:51.372,19492,19493,19493,1,1
2024-03-06 15:14:52.113,19492,19493,19493,3,3
2024-03-06 15:14:52.116,19492,19493,19493,1,1
2024-03-06 15:14:52.575,19493,19495,19493,1,-1
2024-03-06 15:14:52.598,19493,19495,19493,3,-3
2024-03-06 15:14:53.798,19492,19494,19492,2,-2
2024-03-06 15:14:54.685,19493,19494,19493,1,-1
2024-03-06 15:14:54.686,19493,19494,19493,1,-1
2024-03-06 15:15:01.147,19493,19494,19493,1,-1
2024-03-06 15:15:01.244,19492,19494,19492,1,-1
2024-03-06 15:15:01.244,19492,19494,19492,1,-1
2024-03-06 15:15:01.432,19492,19494,19492,1,-1
2024-03-06 15:15:02.949,19492,19494,19492,1,-1
2024-03-06 15:15:02.962,19492,19494,19492,1,-1
2024-03-06 15:15:05.089,19493,19495,19493,2,-2
2024-03-06 15:15:07.696,19493,19495,19495,23,23
2024-03-06 15:15:07.696,19493,19495,19496,27,27
2024-03-06 15:15:07.696,19493,19495,19497,26,26
2024-03-06 15:15:07.696,19493,19495,19498,11,11
2024-03-06 15:15:07.699,19493,19495,19497,3,3
2024-03-06 15:15:07.700,19493,19495,19498,2,2
2024-03-06 15:15:08.630,19496,19498,19496,3,-3
2024-03-06 15:15:08.712,19496,19498,19496,1,-1
2024-03-06 15:15:08.712,19496,19498,19496,1,-1
2024-03-06 15:15:08.713,19496,19498,19496,1,-1
2024-03-06 15:15:13.897,19495,19497,19497,5,5
2024-03-06 15:15:15.121,19496,19497,19496,3,-3
2024-03-06 15:15:15.926,19496,19497,19497,2,2
2024-03-06 15:15:17.701,19496,19498,19496,1,-1
2024-03-06 15:15:19.908,19496,19497,19497,1,1
2024-03-06 15:15:20.456,19496,19497,19496,3,-3
2024-03-06 15:15:21.286,19495,19496,19495,6,-6
2024-03-06 15:15:21.399,19493,19495,19495,1,1
2024-03-06 15:15:21.458,19493,19495,19495,1,1
2024-03-06 15:15:22.224,19493,19495,19493,1,-1
2024-03-06 15:15:28.966,19493,19495,19495,4,4
2024-03-06 15:15:29.181,19494,19495,19494,1,-1
2024-03-06 15:15:29.212,19494,19495,19494,1,-1
2024-03-06 15:15:29.217,19494,19495,19493,1,-1
2024-03-06 15:15:29.659,19493,19495,19495,1,1
2024-03-06 15:15:32.583,19494,19496,19495,1,1
2024-03-06 15:15:33.631,19494,19496,19496,1,1
2024-03-06 15:15:34.818,19494,19496,19495,1,1
2024-03-06 15:15:38.270,19494,19495,19495,6,6
2024-03-06 15:15:39.526,19494,19495,19495,1,1
2024-03-06 15:15:42.790,19494,19495,19495,1,1
2024-03-06 15:15:44.768,19494,19495,19494,2,-2
2024-03-06 15:15:44.768,19494,19495,19494,2,-2
2024-03-06 15:15:44.768,19494,19495,19494,2,-2
2024-03-06 15:15:45.902,19493,19494,19494,2,2
2024-03-06 15:15:46.216,19493,19494,19494,1,1
2024-03-06 15:15:51.116,19493,19495,19493,15,-15
2024-03-06 15:15:51.116,19493,19495,19492,25,-25
2024-03-06 15:15:51.116,19493,19495,19491,10,-10
2024-03-06 15:15:57.510,19491,19493,19491,1,-1
2024-03-06 15:15:59.470,19491,19493,19491,2,-2
2024-03-06 15:16:02.185,19491,19492,19491,5,-5
2024-03-06 15:16:03.300,19491,19492,19491,4,-4
2024-03-06 15:16:04.790,19491,19492,19492,1,1
2024-03-06 15:16:10.250,19491,19492,19492,1,1
2024-03-06 15:16:16.083,19492,19493,19493,2,2
2024-03-06 15:16:18.871,19492,19493,19493,2,2
2024-03-06 15:16:21.802,19492,19493,19493,1,1
2024-03-06 15:16:23.486,19492,19493,19493,1,1
2024-03-06 15:16:24.254,19492,19493,19493,1,1
2024-03-06 15:16:27.452,19492,19493,19493,2,2
2024-03-06 15:16:36.328,19492,19494,19493,1,1
2024-03-06 15:16:41.330,19492,19493,19493,1,1
2024-03-06 15:16:41.403,19492,19493,19493,1,1
2024-03-06 15:16:42.881,19492,19493,19492,1,-1
2024-03-06 15:16:43.153,19492,19493,19493,2,2
2024-03-06 15:16:43.154,19492,19493,19493,1,1
2024-03-06 15:16:44.348,19493,19494,19493,5,-5
2024-03-06 15:16:52.358,19493,19494,19493,1,-1
2024-03-06 15:17:00.237,19493,19494,19494,1,1
2024-03-06 15:17:00.441,19493,19494,19493,1,-1
2024-03-06 15:17:00.442,19493,19494,19493,1,-1
2024-03-06 15:17:03.671,19493,19494,19493,1,-1
2024-03-06 15:17:11.731,19493,19494,19493,1,-1
2024-03-06 15:17:13.301,19493,19494,19493,1,-1
2024-03-06 15:17:13.331,19493,19494,19493,1,-1
2024-03-06 15:17:13.817,19492,19494,19492,1,-1
2024-03-06 15:17:20.484,19492,19494,19492,2,-2
2024-03-06 15:17:20.484,19492,19494,19492,2,-2
2024-03-06 15:17:20.484,19492,19494,19492,1,-1
2024-03-06 15:17:20.484,19492,19494,19492,6,-6
2024-03-06 15:17:20.484,19492,19494,19492,4,-4
2024-03-06 15:17:20.485,19492,19494,19492,2,-2
2024-03-06 15:17:20.485,19492,19494,19492,2,-2
2024-03-06 15:17:20.536,19492,19494,19492,1,-1
2024-03-06 15:17:23.117,19491,19493,19491,1,-1
2024-03-06 15:17:27.005,19492,19493,19492,2,-2
2024-03-06 15:17:30.250,19491,19492,19492,1,1
2024-03-06 15:17:32.284,19492,19493,19492,2,-2
2024-03-06 15:17:40.601,19492,19493,19492,1,-1
2024-03-06 15:17:42.331,19492,19493,19492,1,-1
2024-03-06 15:17:48.137,19492,19493,19493,1,1
2024-03-06 15:17:50.250,19492,19493,19493,1,1
2024-03-06 15:18:03.152,19493,19494,19494,7,7
2024-03-06 15:18:05.737,19493,19494,19494,1,1
2024-03-06 15:18:06.167,19493,19495,19495,2,2
2024-03-06 15:18:10.537,19494,19495,19495,1,1
2024-03-06 15:18:13.458,19494,19495,19495,1,1
2024-03-06 15:18:14.034,19494,19495,19495,1,1
2024-03-06 15:18:14.266,19494,19495,19495,2,2
2024-03-06 15:18:16.362,19494,19495,19495,3,3
2024-03-06 15:18:16.362,19494,19495,19495,1,1
2024-03-06 15:18:17.451,19494,19496,19496,1,1
2024-03-06 15:18:24.270,19495,19496,19496,1,1
2024-03-06 15:18:25.739,19495,19496,19496,3,3
2024-03-06 15:18:27.040,19495,19496,19496,1,1
2024-03-06 15:18:27.337,19496,19497,19496,1,-1
2024-03-06 15:18:28.551,19496,19497,19496,1,-1
2024-03-06 15:18:30.324,19495,19496,19496,1,1
2024-03-06 15:18:30.382,19495,19496,19496,1,1
2024-03-06 15:18:33.002,19495,19496,19498,5,5
2024-03-06 15:18:33.002,19495,19496,19498,2,2
2024-03-06 15:18:33.002,19495,19496,19498,1,1
2024-03-06 15:18:33.003,19495,19496,19498,3,3
2024-03-06 15:18:33.003,19495,19496,19498,4,4
2024-03-06 15:18:33.003,19495,19496,19498,2,2
2024-03-06 15:18:33.003,19495,19496,19499,2,2
2024-03-06 15:18:33.004,19495,19496,19498,2,2
2024-03-06 15:18:33.004,19495,19496,19498,1,1
2024-03-06 15:18:33.004,19495,19496,19498,1,1
2024-03-06 15:18:33.005,19495,19496,19498,1,1
2024-03-06 15:18:33.178,19497,19499,19499,9,9
2024-03-06 15:18:34.404,19497,19499,19497,1,-1
2024-03-06 15:18:36.067,19497,19499,19498,1,-1
2024-03-06 15:18:36.067,19497,19499,19498,2,-2
2024-03-06 15:18:36.487,19497,19499,19499,3,3
2024-03-06 15:18:36.488,19497,19499,19498,1,1
2024-03-06 15:18:36.488,19497,19499,19498,1,1
2024-03-06 15:18:36.488,19497,19499,19498,1,1
2024-03-06 15:18:38.430,19497,19499,19499,9,9
2024-03-06 15:18:38.432,19497,19499,19499,9,9
2024-03-06 15:18:38.926,19498,19499,19498,1,-1
2024-03-06 15:18:40.046,19498,19499,19498,2,-2
2024-03-06 15:18:40.557,19498,19499,19499,1,1
2024-03-06 15:18:40.828,19498,19499,19499,2,2
2024-03-06 15:18:44.023,19498,19499,19499,1,1
2024-03-06 15:18:45.411,19498,19499,19499,3,3
2024-03-06 15:18:45.662,19499,19500,19499,1,-1
2024-03-06 15:18:49.742,19499,19500,19500,2,2
2024-03-06 15:18:50.939,19499,19500,19499,1,-1
2024-03-06 15:18:51.845,19499,19500,19500,1,1
2024-03-06 15:18:52.285,19499,19500,19500,1,1
2024-03-06 15:18:53.834,19499,19500,19500,1,1
2024-03-06 15:18:55.598,19499,19500,19499,6,-6
2024-03-06 15:18:59.128,19497,19498,19498,1,1
2024-03-06 15:19:00.987,19497,19498,19498,1,1
2024-03-06 15:19:01.550,19497,19498,19498,2,2
2024-03-06 15:19:02.036,19497,19498,19498,2,2
2024-03-06 15:19:02.678,19497,19499,19499,4,4
2024-03-06 15:19:04.941,19497,19499,19499,4,4
2024-03-06 15:19:08.905,19498,19499,19499,1,1
2024-03-06 15:19:10.173,19498,19499,19499,2,2
2024-03-06 15:19:10.232,19498,19499,19499,1,1
2024-03-06 15:19:11.263,19498,19499,19499,1,1
2024-03-06 15:19:11.432,19498,19499,19499,1,1
2024-03-06 15:19:12.133,19498,19499,19499,5,5
2024-03-06 15:19:12.134,19498,19499,19499,4,4
2024-03-06 15:19:14.165,19498,19500,19500,2,2
2024-03-06 15:19:18.846,19498,19500,19500,17,17
2024-03-06 15:19:20.122,19499,19501,19499,1,-1
2024-03-06 15:19:24.941,19500,19501,19500,1,-1
2024-03-06 15:19:26.155,19500,19501,19500,1,-1
2024-03-06 15:19:28.691,19500,19501,19500,1,-1
2024-03-06 15:19:31.048,19499,19500,19500,3,3
2024-03-06 15:19:32.081,19500,19501,19500,1,-1
2024-03-06 15:19:33.760,19500,19501,19500,7,-7
2024-03-06 15:19:35.562,19500,19501,19500,1,-1
2024-03-06 15:19:36.832,19500,19501,19500,2,-2
2024-03-06 15:19:38.042,19500,19501,19500,7,-7
2024-03-06 15:19:40.823,19499,19501,19500,1,-1
2024-03-06 15:19:46.183,19499,19500,19500,2,2
2024-03-06 15:19:50.429,19500,19501,19500,1,-1
2024-03-06 15:19:52.425,19499,19501,19500,1,-1
2024-03-06 15:19:54.042,19499,19500,19500,3,3
2024-03-06 15:19:58.723,19499,19500,19500,1,1
2024-03-06 15:20:01.183,19500,19501,19500,1,-1
2024-03-06 15:20:01.213,19500,19501,19500,1,-1
2024-03-06 15:20:04.810,19500,19501,19500,2,-2
2024-03-06 15:20:08.592,19498,19500,19500,1,1
2024-03-06 15:20:24.167,19498,19500,19499,1,1
2024-03-06 15:20:27.037,19498,19499,19498,1,-1
2024-03-06 15:20:27.037,19498,19499,19498,3,-3
2024-03-06 15:20:27.866,19497,19499,19498,1,-1
2024-03-06 15:20:28.006,19497,19499,19499,1,1
2024-03-06 15:20:31.419,19497,19499,19499,1,1
2024-03-06 15:20:31.505,19498,19499,19499,1,1
2024-03-06 15:20:31.556,19498,19499,19498,1,-1
2024-03-06 15:20:31.804,19498,19500,19498,1,-1
2024-03-06 15:20:32.716,19498,19500,19498,4,-4
2024-03-06 15:20:38.304,19498,19499,19499,1,1
2024-03-06 15:20:42.353,19498,19499,19498,1,-1
2024-03-06 15:20:52.221,19498,19499,19498,2,-2
2024-03-06 15:20:54.875,19498,19499,19499,1,1
2024-03-06 15:20:55.705,19498,19499,19499,1,1
2024-03-06 15:20:58.775,19498,19499,19498,2,-2
2024-03-06 15:21:01.512,19498,19499,19499,1,1
2024-03-06 15:21:02.387,19498,19499,19499,1,1
2024-03-06 15:21:02.584,19498,19499,19499,1,1
2024-03-06 15:21:30.252,19498,19499,19499,1,1
2024-03-06 15:21:34.034,19498,19499,19499,3,3
2024-03-06 15:21:35.711,19498,19499,19499,1,1
2024-03-06 15:21:39.965,19498,19499,19499,5,5
2024-03-06 15:21:42.712,19498,19499,19498,1,-1
2024-03-06 15:21:43.500,19498,19499,19499,1,1
2024-03-06 15:21:44.710,19498,19499,19499,1,1
2024-03-06 15:21:45.483,19498,19499,19499,1,1
2024-03-06 15:21:46.523,19498,19499,19499,1,1
2024-03-06 15:21:46.524,19498,19499,19499,3,3
2024-03-06 15:21:46.524,19498,19499,19499,1,1
2024-03-06 15:21:49.564,19498,19500,19500,5,5
2024-03-06 15:21:50.115,19499,19500,19500,1,1
2024-03-06 15:21:50.425,19499,19501,19500,1,1
2024-03-06 15:21:51.347,19499,19500,19500,1,1
2024-03-06 15:21:52.251,19499,19500,19500,1,1
2024-03-06 15:21:55.461,19500,19501,19501,6,6
2024-03-06 15:21:56.907,19500,19501,19501,1,1
2024-03-06 15:21:57.760,19499,19501,19501,1,1
2024-03-06 15:22:02.589,19500,19501,19501,1,1
2024-03-06 15:22:02.821,19500,19501,19500,1,-1
2024-03-06 15:22:08.174,19500,19501,19500,1,-1
2024-03-06 15:22:10.885,19498,19500,19500,1,1
2024-03-06 15:22:13.809,19498,19500,19500,1,1
2024-03-06 15:22:30.523,19498,19500,19500,1,1
2024-03-06 15:22:33.270,19498,19500,19498,3,-3
2024-03-06 15:22:43.188,19498,19500,19498,1,-1
2024-03-06 15:22:43.411,19498,19500,19499,1,-1
2024-03-06 15:22:43.662,19498,19499,19498,2,-2
2024-03-06 15:22:50.907,19498,19499,19498,1,-1
2024-03-06 15:22:50.934,19498,19499,19498,1,-1
2024-03-06 15:22:51.504,19497,19498,19498,2,2
2024-03-06 15:22:58.549,19497,19498,19497,1,-1
2024-03-06 15:22:59.825,19497,19498,19497,1,-1
2024-03-06 15:22:59.825,19497,19498,19496,1,-1
2024-03-06 15:23:00.179,19496,19498,19496,12,-12
2024-03-06 15:23:00.253,19495,19497,19495,1,-1
2024-03-06 15:23:00.604,19495,19497,19497,1,1
2024-03-06 15:23:02.698,19495,19497,19495,2,-2
2024-03-06 15:23:04.297,19495,19496,19496,1,1
2024-03-06 15:23:05.879,19496,19497,19496,1,-1
2024-03-06 15:23:10.589,19496,19497,19497,1,1
2024-03-06 15:23:12.004,19496,19497,19496,1,-1
2024-03-06 15:23:12.004,19496,19497,19495,1,-1
2024-03-06 15:23:19.632,19495,19496,19495,2,-2
2024-03-06 15:23:19.632,19495,19496,19495,2,-2
2024-03-06 15:23:22.983,19495,19496,19495,1,-1
2024-03-06 15:23:24.699,19494,19496,19494,1,-1
2024-03-06 15:23:26.555,19494,19496,19494,1,-1
2024-03-06 15:23:30.976,19494,19495,19495,1,1
2024-03-06 15:23:31.178,19494,19495,19495,1,1
2024-03-06 15:23:36.440,19495,19496,19495,1,-1
2024-03-06 15:24:00.901,19494,19495,19495,1,1
2024-03-06 15:24:00.966,19494,19495,19495,1,1
2024-03-06 15:24:02.787,19494,19495,19495,1,1
2024-03-06 15:24:09.082,19494,19495,19495,1,1
2024-03-06 15:24:09.082,19494,19495,19496,2,2
2024-03-06 15:24:11.719,19494,19496,19496,3,3
2024-03-06 15:24:13.016,19494,19496,19496,3,3
2024-03-06 15:24:15.290,19494,19496,19496,1,1
2024-03-06 15:24:20.314,19495,19496,19496,1,1
2024-03-06 15:24:26.134,19495,19496,19495,1,-1
2024-03-06 15:24:30.470,19495,19496,19495,1,-1
2024-03-06 15:24:37.202,19495,19496,19496,2,2
2024-03-06 15:24:37.203,19495,19496,19496,2,2
2024-03-06 15:24:38.503,19496,19497,19496,1,-1
2024-03-06 15:24:43.309,19496,19497,19496,1,-1
2024-03-06 15:24:50.204,19496,19497,19497,1,1
2024-03-06 15:25:00.536,19496,19497,19497,1,1
2024-03-06 15:25:05.012,19496,19497,19496,7,-7
2024-03-06 15:25:23.231,19495,19496,19496,1,1
2024-03-06 15:25:24.850,19495,19496,19495,1,-1
2024-03-06 15:25:25.515,19495,19496,19495,1,-1
2024-03-06 15:25:33.183,19495,19496,19496,1,1
2024-03-06 15:25:50.591,19496,19497,19497,13,13
2024-03-06 15:25:50.736,19497,19498,19498,1,1
2024-03-06 15:25:52.643,19497,19499,19499,1,1
2024-03-06 15:25:53.064,19497,19499,19499,9,9
2024-03-06 15:25:53.065,19497,19499,19498,2,2
2024-03-06 15:25:53.065,19497,19499,19498,2,2
2024-03-06 15:25:53.065,19497,19499,19498,1,1
2024-03-06 15:25:53.065,19497,19499,19498,2,2
2024-03-06 15:25:53.065,19497,19499,19498,1,1
2024-03-06 15:25:53.066,19497,19499,19498,1,1
2024-03-06 15:25:53.066,19497,19499,19499,9,9
2024-03-06 15:25:53.066,19497,19499,19498,1,1
2024-03-06 15:25:53.715,19498,19499,19499,1,1
2024-03-06 15:25:55.266,19498,19499,19498,1,-1
2024-03-06 15:25:58.029,19497,19499,19497,2,-2
2024-03-06 15:25:58.934,19496,19497,19497,1,1
2024-03-06 15:25:59.895,19496,19497,19497,1,1
2024-03-06 15:26:00.276,19496,19497,19497,1,1
2024-03-06 15:26:26.625,19496,19497,19496,1,-1
2024-03-06 15:26:26.625,19496,19497,19496,10,-10
2024-03-06 15:26:26.627,19496,19497,19495,8,-8
2024-03-06 15:26:37.180,19494,19495,19495,1,1
2024-03-06 15:26:42.113,19494,19495,19494,1,-1
2024-03-06 15:26:44.022,19494,19495,19495,2,2
2024-03-06 15:26:46.659,19494,19495,19494,1,-1
2024-03-06 15:26:59.052,19494,19495,19494,13,-13
2024-03-06 15:26:59.302,19493,19494,19493,1,-1
2024-03-06 15:26:59.302,19493,19494,19493,4,-4
2024-03-06 15:27:00.224,19492,19493,19492,9,-9
2024-03-06 15:27:00.226,19492,19493,19492,3,-3
2024-03-06 15:27:00.281,19492,19493,19492,1,-1
2024-03-06 15:27:00.742,19491,19492,19492,5,5
2024-03-06 15:27:00.743,19491,19492,19492,1,1
2024-03-06 15:27:00.818,19491,19492,19492,1,1
2024-03-06 15:27:07.470,19492,19493,19492,1,-1
2024-03-06 15:27:07.969,19492,19493,19492,4,-4
2024-03-06 15:27:09.055,19492,19493,19492,1,-1
2024-03-06 15:27:10.378,19492,19493,19493,1,1
2024-03-06 15:27:12.417,19492,19493,19493,1,1
2024-03-06 15:27:12.608,19492,19493,19493,1,1
2024-03-06 15:27:14.290,19492,19494,19493,1,1
2024-03-06 15:27:14.343,19492,19493,19493,1,1
2024-03-06 15:27:14.975,19492,19494,19492,1,-1
2024-03-06 15:27:18.218,19492,19493,19492,1,-1
2024-03-06 15:27:18.381,19492,19493,19493,1,1
2024-03-06 15:27:25.175,19492,19493,19492,1,-1
2024-03-06 15:27:27.987,19492,19493,19492,2,-2
2024-03-06 15:27:29.328,19491,19492,19491,1,-1
2024-03-06 15:27:29.356,19491,19492,19491,2,-2
2024-03-06 15:27:29.441,19491,19492,19492,1,1
2024-03-06 15:27:39.296,19492,19493,19492,1,-1
2024-03-06 15:27:46.433,19491,19492,19492,1,1
2024-03-06 15:27:51.631,19491,19492,19492,1,1
2024-03-06 15:27:53.979,19491,19492,19492,10,10
2024-03-06 15:27:57.089,19492,19493,19493,1,1
2024-03-06 15:27:57.245,19492,19494,19492,1,-1
2024-03-06 15:27:58.418,19492,19494,19492,1,-1
2024-03-06 15:28:00.374,19493,19494,19494,3,3
2024-03-06 15:28:02.481,19493,19494,19494,1,1
2024-03-06 15:28:02.958,19493,19494,19493,1,-1
2024-03-06 15:28:16.137,19494,19495,19494,1,-1
2024-03-06 15:28:27.752,19494,19495,19494,1,-1
2024-03-06 15:28:28.250,19493,19495,19493,3,-3
2024-03-06 15:28:32.039,19493,19494,19494,1,1
2024-03-06 15:28:34.560,19493,19494,19494,1,1
2024-03-06 15:28:40.627,19493,19494,19494,1,1
2024-03-06 15:28:41.053,19493,19494,19494,1,1
2024-03-06 15:28:43.089,19494,19495,19494,1,-1
2024-03-06 15:28:44.443,19494,19495,19494,4,-4
2024-03-06 15:28:46.127,19493,19494,19494,1,1
2024-03-06 15:28:51.089,19493,19494,19493,1,-1
2024-03-06 15:29:00.020,19493,19494,19494,1,1
2024-03-06 15:29:00.251,19493,19494,19494,1,1
2024-03-06 15:29:02.360,19493,19494,19494,1,1
2024-03-06 15:29:07.601,19493,19494,19494,1,1
2024-03-06 15:29:29.184,19493,19494,19494,1,1
2024-03-06 15:29:31.403,19493,19494,19493,4,-4
2024-03-06 15:29:31.403,19493,19494,19493,2,-2
2024-03-06 15:29:31.403,19493,19494,19493,1,-1
2024-03-06 15:29:31.403,19493,19494,19493,1,-1
2024-03-06 15:29:31.403,19493,19494,19493,3,-3
2024-03-06 15:29:31.456,19493,19494,19493,1,-1
2024-03-06 15:29:32.956,19492,19494,19492,1,-1
2024-03-06 15:29:33.715,19492,19494,19492,1,-1
2024-03-06 15:29:40.979,19492,19493,19493,1,1
2024-03-06 15:29:42.183,19492,19493,19493,1,1
2024-03-06 15:29:49.163,19493,19494,19494,1,1
2024-03-06 15:29:49.464,19493,19494,19493,1,-1
2024-03-06 15:29:49.693,19493,19494,19494,3,3
2024-03-06 15:29:55.797,19493,19495,19493,1,-1
2024-03-06 15:30:01.196,19493,19495,19495,1,1
2024-03-06 15:30:01.626,19493,19495,19495,3,3
2024-03-06 15:30:01.630,19493,19495,19495,1,1
2024-03-06 15:30:01.631,19493,19495,19495,1,1
2024-03-06 15:30:01.886,19494,19496,19496,2,2
2024-03-06 15:30:02.352,19494,19496,19496,2,2
2024-03-06 15:30:04.628,19494,19496,19494,1,-1
2024-03-06 15:30:06.725,19493,19494,19494,1,1
2024-03-06 15:30:07.649,19493,19494,19494,1,1
2024-03-06 15:30:08.094,19493,19494,19494,1,1
2024-03-06 15:30:14.800,19493,19494,19494,1,1
2024-03-06 15:30:19.333,19493,19494,19494,1,1
2024-03-06 15:30:29.332,19494,19495,19495,2,2
2024-03-06 15:30:29.332,19494,19495,19496,3,3
2024-03-06 15:30:46.764,19495,19496,19496,5,5
2024-03-06 15:30:56.195,19495,19496,19495,1,-1
2024-03-06 15:31:00.296,19494,19495,19495,1,1
2024-03-06 15:31:00.296,19494,19495,19496,6,6
2024-03-06 15:31:00.460,19494,19496,19494,1,-1
2024-03-06 15:31:06.180,19495,19496,19495,1,-1
2024-03-06 15:31:07.928,19494,19495,19495,1,1
2024-03-06 15:31:15.035,19495,19496,19495,1,-1
2024-03-06 15:31:15.036,19495,19496,19495,3,-3
2024-03-06 15:31:21.786,19494,19496,19495,1,-1
2024-03-06 15:31:23.936,19494,19495,19495,1,1
2024-03-06 15:31:30.986,19494,19495,19494,2,-2
2024-03-06 15:31:38.989,19494,19495,19494,5,-5
2024-03-06 15:31:47.892,19493,19494,19493,1,-1
2024-03-06 15:31:47.960,19493,19494,19493,1,-1
2024-03-06 15:31:53.516,19493,19494,19493,1,-1
2024-03-06 15:31:54.167,19493,19494,19493,1,-1
2024-03-06 15:31:57.560,19493,19494,19493,1,-1
2024-03-06 15:31:57.574,19493,19494,19493,4,-4
2024-03-06 15:31:58.114,19492,19493,19493,1,1
2024-03-06 15:31:59.817,19492,19493,19492,9,-9
2024-03-06 15:31:59.818,19492,19493,19492,11,-11
2024-03-06 15:32:02.180,19491,19492,19491,1,-1
2024-03-06 15:32:02.292,19491,19492,19492,1,1
2024-03-06 15:32:02.310,19491,19492,19492,1,1
2024-03-06 15:32:02.315,19491,19492,19492,2,2
2024-03-06 15:32:02.363,19491,19492,19492,1,1
2024-03-06 15:32:02.577,19491,19492,19491,1,-1
2024-03-06 15:32:02.733,19491,19492,19492,1,1
2024-03-06 15:32:03.733,19491,19492,19492,1,1
2024-03-06 15:32:04.491,19491,19492,19491,1,-1
2024-03-06 15:32:05.645,19491,19492,19492,1,1
2024-03-06 15:32:06.326,19491,19492,19491,1,-1
2024-03-06 15:32:07.765,19491,19492,19491,1,-1
2024-03-06 15:32:11.555,19491,19492,19492,3,3
2024-03-06 15:32:11.555,19491,19492,19491,13,-13
2024-03-06 15:32:11.612,19490,19491,19491,1,1
2024-03-06 15:32:13.784,19490,19491,19490,4,-4
2024-03-06 15:32:14.297,19490,19491,19490,1,-1
2024-03-06 15:32:15.273,19490,19491,19490,2,-2
2024-03-06 15:32:15.526,19490,19491,19490,7,-7
2024-03-06 15:32:16.435,19490,19491,19490,15,-15
2024-03-06 15:32:18.312,19490,19491,19490,2,-2
2024-03-06 15:32:19.020,19490,19491,19490,1,-1
2024-03-06 15:32:19.500,19490,19491,19491,1,1
2024-03-06 15:32:20.202,19490,19491,19490,4,-4
2024-03-06 15:32:20.515,19490,19491,19491,1,1
2024-03-06 15:32:22.391,19490,19491,19490,5,-5
2024-03-06 15:32:22.676,19490,19491,19491,1,1
2024-03-06 15:32:25.681,19490,19491,19491,2,2
2024-03-06 15:32:31.648,19490,19491,19491,1,1
2024-03-06 15:32:32.119,19490,19491,19491,2,2
2024-03-06 15:32:32.470,19490,19491,19490,9,-9
2024-03-06 15:32:32.859,19490,19491,19491,1,1
2024-03-06 15:32:35.063,19490,19491,19491,1,1
2024-03-06 15:32:37.327,19490,19492,19490,1,-1
2024-03-06 15:32:40.795,19490,19491,19491,2,2
2024-03-06 15:32:42.209,19490,19491,19490,1,-1
2024-03-06 15:32:45.220,19490,19491,19491,2,2
2024-03-06 15:32:48.761,19490,19491,19490,1,-1
2024-03-06 15:32:54.346,19490,19491,19491,1,1
2024-03-06 15:32:58.263,19491,19492,19491,1,-1
2024-03-06 15:33:00.666,19491,19492,19491,5,-5
2024-03-06 15:33:00.723,19491,19492,19492,1,1
2024-03-06 15:33:00.758,19491,19492,19492,1,1
2024-03-06 15:33:00.870,19492,19493,19492,3,-3
2024-03-06 15:33:01.889,19492,19493,19492,1,-1
2024-03-06 15:33:11.140,19492,19493,19492,1,-1
2024-03-06 15:33:13.494,19492,19493,19492,2,-2
2024-03-06 15:33:18.098,19492,19493,19492,2,-2
2024-03-06 15:33:23.944,19492,19493,19492,5,-5
2024-03-06 15:33:27.912,19492,19493,19493,3,3
2024-03-06 15:33:27.913,19492,19493,19493,1,1
2024-03-06 15:33:27.915,19492,19493,19493,1,1
2024-03-06 15:33:36.297,19492,19494,19494,1,1
2024-03-06 15:33:37.632,19493,19494,19493,1,-1
2024-03-06 15:33:47.117,19493,19494,19494,1,1
2024-03-06 15:33:47.117,19493,19494,19494,1,1
2024-03-06 15:33:47.118,19493,19494,19494,1,1
2024-03-06 15:33:51.006,19494,19495,19495,4,4
2024-03-06 15:33:51.126,19494,19496,19494,1,-1
2024-03-06 15:34:03.106,19494,19495,19494,4,-4
2024-03-06 15:34:06.627,19493,19494,19494,1,1
2024-03-06 15:34:08.079,19493,19494,19494,1,1
2024-03-06 15:34:08.650,19493,19494,19494,1,1
2024-03-06 15:34:10.816,19493,19494,19494,1,1
2024-03-06 15:34:13.543,19493,19494,19493,2,-2
2024-03-06 15:34:15.592,19493,19494,19493,2,-2
2024-03-06 15:34:15.703,19493,19494,19493,1,-1
2024-03-06 15:34:19.493,19493,19494,19493,1,-1
2024-03-06 15:34:24.428,19493,19494,19493,1,-1
2024-03-06 15:34:26.684,19492,19493,19492,1,-1
2024-03-06 15:34:26.685,19492,19493,19492,10,-10
2024-03-06 15:34:41.721,19492,19493,19493,1,1
2024-03-06 15:34:42.177,19492,19493,19493,1,1
2024-03-06 15:34:50.952,19492,19493,19493,1,1
2024-03-06 15:34:57.425,19491,19492,19492,1,1
2024-03-06 15:35:03.518,19491,19492,19492,1,1
2024-03-06 15:35:04.576,19491,19492,19491,1,-1
2024-03-06 15:35:15.051,19491,19492,19491,1,-1
2024-03-06 15:35:21.390,19491,19492,19491,1,-1
2024-03-06 15:35:21.673,19491,19492,19491,1,-1
2024-03-06 15:35:21.674,19491,19492,19491,10,-10
2024-03-06 15:35:23.513,19490,19491,19490,2,-2
2024-03-06 15:35:26.921,19490,19491,19490,1,-1
2024-03-06 15:35:30.404,19490,19491,19491,1,1
2024-03-06 15:35:33.724,19490,19491,19490,1,-1
2024-03-06 15:35:38.596,19490,19491,19490,1,-1
2024-03-06 15:35:39.440,19490,19491,19490,2,-2
2024-03-06 15:35:43.062,19490,19491,19491,1,1
2024-03-06 15:35:51.713,19490,19491,19491,1,1
2024-03-06 15:35:51.770,19490,19491,19491,1,1
2024-03-06 15:36:00.841,19490,19491,19491,1,1
2024-03-06 15:36:00.842,19490,19491,19491,1,1
2024-03-06 15:36:04.315,19491,19492,19492,4,4
2024-03-06 15:36:06.750,19492,19493,19492,1,-1
2024-03-06 15:36:07.568,19492,19493,19492,1,-1
2024-03-06 15:36:16.233,19492,19493,19493,1,1
2024-03-06 15:36:19.947,19493,19494,19494,2,2
2024-03-06 15:36:20.250,19493,19494,19494,1,1
2024-03-06 15:36:22.929,19493,19494,19494,1,1
2024-03-06 15:36:26.066,19493,19494,19493,1,-1
2024-03-06 15:36:53.650,19493,19494,19493,1,-1
2024-03-06 15:37:08.419,19492,19494,19494,1,1
2024-03-06 15:37:19.595,19493,19494,19494,1,1
2024-03-06 15:37:20.876,19493,19494,19494,1,1
2024-03-06 15:37:32.970,19493,19494,19493,1,-1
2024-03-06 15:37:35.193,19493,19494,19494,1,1
2024-03-06 15:37:44.604,19493,19494,19494,1,1
2024-03-06 15:37:51.940,19493,19494,19494,1,1
2024-03-06 15:37:56.896,19493,19494,19493,1,-1
2024-03-06 15:38:00.252,19493,19494,19494,1,1
2024-03-06 15:38:00.591,19493,19494,19494,1,1
2024-03-06 15:38:00.684,19493,19494,19494,5,5
2024-03-06 15:38:00.684,19493,19494,19494,5,5
2024-03-06 15:38:05.318,19494,19495,19495,3,3
2024-03-06 15:38:10.055,19495,19496,19496,9,9
2024-03-06 15:38:10.100,19495,19496,19496,1,1
2024-03-06 15:38:10.207,19495,19496,19495,1,-1
2024-03-06 15:38:10.911,19494,19496,19496,1,1
2024-03-06 15:38:12.255,19494,19496,19496,1,1
2024-03-06 15:38:13.571,19494,19496,19496,1,1
2024-03-06 15:38:22.226,19495,19496,19496,1,1
2024-03-06 15:38:22.471,19495,19497,19497,1,1
2024-03-06 15:38:25.108,19496,19497,19496,1,-1
2024-03-06 15:38:29.932,19495,19496,19495,1,-1
2024-03-06 15:38:43.336,19495,19496,19495,1,-1
2024-03-06 15:38:45.832,19494,19496,19496,1,1
2024-03-06 15:38:51.159,19495,19496,19496,1,1
2024-03-06 15:38:55.080,19495,19496,19496,1,1
2024-03-06 15:39:00.668,19495,19496,19496,1,1
2024-03-06 15:39:01.899,19495,19496,19496,10,10
2024-03-06 15:39:07.820,19495,19496,19496,1,1
2024-03-06 15:39:09.208,19495,19496,19496,1,1
2024-03-06 15:39:09.495,19495,19496,19496,1,1
2024-03-06 15:39:09.496,19495,19496,19496,1,1
2024-03-06 15:39:10.769,19496,19497,19497,3,3
2024-03-06 15:39:10.769,19496,19497,19498,2,2
2024-03-06 15:39:23.420,19496,19497,19496,8,-8
2024-03-06 15:39:49.245,19496,19497,19497,1,1
2024-03-06 15:39:54.256,19496,19498,19498,1,1
2024-03-06 15:39:56.267,19496,19498,19498,1,1
2024-03-06 15:39:58.253,19496,19498,19498,1,1
2024-03-06 15:39:59.393,19496,19498,19498,1,1
2024-03-06 15:40:15.782,19497,19498,19498,1,1
2024-03-06 15:40:16.283,19497,19498,19498,1,1
2024-03-06 15:40:22.888,19497,19498,19498,4,4
2024-03-06 15:40:26.338,19497,19498,19498,1,1
2024-03-06 15:40:30.644,19497,19498,19498,2,2
2024-03-06 15:40:30.702,19497,19498,19499,1,1
2024-03-06 15:40:35.029,19498,19499,19498,1,-1
2024-03-06 15:40:42.968,19498,19499,19498,1,-1
2024-03-06 15:40:44.207,19498,19499,19498,1,-1
2024-03-06 15:40:56.068,19498,19499,19499,1,1
2024-03-06 15:41:07.497,19498,19499,19498,2,-2
2024-03-06 15:41:07.497,19498,19499,19498,4,-4
2024-03-06 15:41:12.440,19497,19498,19497,1,-1
2024-03-06 15:41:18.498,19497,19498,19497,1,-1
2024-03-06 15:41:18.528,19497,19498,19497,1,-1
2024-03-06 15:41:32.243,19497,19498,19498,1,1
2024-03-06 15:41:51.433,19497,19498,19498,1,1
2024-03-06 15:41:54.027,19497,19498,19497,3,-3
2024-03-06 15:41:54.028,19497,19498,19497,17,-17
2024-03-06 15:41:54.030,19497,19498,19496,2,-2
2024-03-06 15:42:06.838,19495,19496,19495,1,-1
2024-03-06 15:42:11.403,19495,19496,19496,1,1
2024-03-06 15:42:18.023,19495,19496,19495,1,-1
2024-03-06 15:42:20.058,19495,19496,19496,1,1
2024-03-06 15:42:20.251,19495,19496,19496,1,1
2024-03-06 15:42:32.049,19496,19497,19496,1,-1
2024-03-06 15:42:40.437,19496,19497,19496,1,-1
2024-03-06 15:43:00.233,19497,19498,19498,1,1
2024-03-06 15:43:03.241,19497,19498,19497,1,-1
2024-03-06 15:43:28.692,19497,19498,19497,1,-1
2024-03-06 15:43:34.670,19497,19498,19498,1,1
2024-03-06 15:43:48.417,19497,19498,19498,3,3
2024-03-06 15:43:48.417,19497,19498,19499,2,2
2024-03-06 15:43:49.781,19497,19499,19499,1,1
2024-03-06 15:43:52.525,19497,19499,19499,1,1
2024-03-06 15:43:53.076,19497,19499,19499,2,2
2024-03-06 15:43:55.609,19498,19499,19499,2,2
2024-03-06 15:43:59.231,19498,19499,19499,2,2
2024-03-06 15:43:59.736,19498,19499,19497,1,-1
2024-03-06 15:43:59.736,19498,19499,19498,1,-1
2024-03-06 15:44:01.916,19498,19499,19498,6,-6
2024-03-06 15:44:05.264,19497,19498,19497,3,-3
2024-03-06 15:44:06.431,19497,19498,19498,1,1
2024-03-06 15:44:10.237,19497,19499,19499,1,1
2024-03-06 15:44:26.398,19498,19499,19499,1,1
2024-03-06 15:44:30.521,19498,19499,19499,1,1
2024-03-06 15:44:33.660,19498,19499,19498,1,-1
2024-03-06 15:44:36.245,19498,19499,19498,1,-1
2024-03-06 15:44:44.989,19498,19499,19499,1,1
2024-03-06 15:44:46.912,19498,19499,19499,1,1
2024-03-06 15:44:46.912,19498,19499,19499,4,4
2024-03-06 15:44:47.985,19499,19500,19499,12,-12
2024-03-06 15:44:48.043,19499,19500,19500,9,9
2024-03-06 15:44:48.052,19499,19500,19500,5,5
2024-03-06 15:44:49.115,19500,19501,19501,2,2
2024-03-06 15:44:49.115,19500,19501,19501,1,1
2024-03-06 15:44:49.157,19500,19501,19502,1,1
2024-03-06 15:44:49.217,19501,19502,19502,2,2
2024-03-06 15:44:49.225,19501,19502,19502,1,1
2024-03-06 15:44:49.287,19501,19502,19502,1,1
2024-03-06 15:44:51.883,19501,19502,19502,1,1
2024-03-06 15:44:51.980,19501,19502,19502,1,1
2024-03-06 15:44:51.980,19501,19502,19502,2,2
2024-03-06 15:44:51.980,19501,19502,19502,1,1
2024-03-06 15:44:51.981,19501,19502,19502,5,5
2024-03-06 15:44:51.981,19501,19502,19502,2,2
2024-03-06 15:44:55.809,19501,19502,19502,1,1
2024-03-06 15:44:57.248,19502,19503,19502,1,-1
2024-03-06 15:45:02.410,19502,19503,19503,1,1
2024-03-06 15:45:02.492,19502,19503,19503,1,1
2024-03-06 15:45:02.492,19502,19503,19503,1,1
2024-03-06 15:45:02.513,19502,19503,19503,1,1
2024-03-06 15:45:02.621,19502,19503,19503,1,1
2024-03-06 15:45:02.631,19502,19503,19503,1,1
2024-03-06 15:45:02.636,19502,19503,19503,1,1
2024-03-06 15:45:02.637,19502,19503,19503,3,3
2024-03-06 15:45:02.649,19502,19503,19504,1,1
2024-03-06 15:45:02.655,19502,19503,19504,1,1
2024-03-06 15:45:02.746,19503,19504,19504,1,1
2024-03-06 15:45:02.868,19503,19504,19504,1,1
2024-03-06 15:45:02.886,19503,19504,19504,1,1
2024-03-06 15:45:03.113,19503,19504,19504,1,1
2024-03-06 15:45:03.695,19503,19504,19503,1,-1
2024-03-06 15:45:05.750,19502,19504,19504,5,5
2024-03-06 15:45:06.116,19502,19504,19504,1,1
2024-03-06 15:45:07.693,19503,19504,19503,1,-1
2024-03-06 15:45:08.332,19502,19503,19503,1,1
2024-03-06 15:45:14.153,19503,19504,19504,3,3
2024-03-06 15:45:15.707,19503,19504,19504,2,2
2024-03-06 15:45:20.230,19503,19504,19504,1,1
2024-03-06 15:45:23.305,19503,19504,19503,1,-1
2024-03-06 15:45:23.337,19503,19504,19504,1,1
2024-03-06 15:45:23.342,19503,19504,19504,1,1
2024-03-06 15:45:24.558,19503,19504,19504,3,3
2024-03-06 15:45:27.561,19503,19504,19504,1,1
2024-03-06 15:45:32.505,19503,19504,19504,1,1
2024-03-06 15:45:32.597,19503,19504,19504,1,1
2024-03-06 15:45:37.288,19503,19504,19504,1,1
2024-03-06 15:45:37.911,19503,19504,19504,1,1
2024-03-06 15:45:38.561,19503,19504,19504,1,1
2024-03-06 15:45:41.578,19503,19504,19504,1,1
2024-03-06 15:45:47.092,19503,19504,19504,4,4
2024-03-06 15:45:47.924,19503,19504,19503,1,-1
2024-03-06 15:45:53.901,19503,19504,19504,1,1
2024-03-06 15:45:58.238,19503,19504,19504,1,1
2024-03-06 15:45:58.348,19504,19505,19504,1,-1
2024-03-06 15:46:00.465,19504,19505,19504,1,-1
2024-03-06 15:46:02.278,19504,19505,19504,1,-1
2024-03-06 15:46:02.280,19504,19505,19503,8,-8
2024-03-06 15:46:05.125,19502,19503,19503,1,1
2024-03-06 15:46:10.336,19502,19503,19503,1,1
2024-03-06 15:46:15.958,19502,19503,19503,1,1
2024-03-06 15:46:23.424,19502,19503,19502,4,-4
2024-03-06 15:46:26.133,19501,19502,19501,1,-1
2024-03-06 15:46:26.279,19500,19501,19500,3,-3
2024-03-06 15:46:26.279,19500,19501,19500,1,-1
2024-03-06 15:46:26.349,19499,19500,19500,3,3
2024-03-06 15:46:26.490,19499,19500,19500,1,1
2024-03-06 15:46:31.453,19499,19500,19500,1,1
2024-03-06 15:46:32.397,19499,19500,19499,2,-2
2024-03-06 15:46:39.947,19499,19501,19501,1,1
2024-03-06 15:46:48.852,19501,19502,19502,3,3
2024-03-06 15:46:50.859,19501,19502,19502,1,1
2024-03-06 15:46:53.816,19501,19502,19502,2,2
2024-03-06 15:46:53.829,19501,19502,19503,1,1
2024-03-06 15:46:54.911,19503,19504,19503,5,-5
2024-03-06 15:46:55.797,19503,19504,19504,2,2
2024-03-06 15:46:55.797,19503,19504,19505,3,3
2024-03-06 15:46:55.900,19503,19505,19505,2,2
2024-03-06 15:46:55.928,19503,19505,19505,1,1
2024-03-06 15:47:04.025,19503,19504,19504,4,4
2024-03-06 15:47:04.025,19503,19504,19505,1,1
2024-03-06 15:47:10.727,19503,19504,19504,1,1
2024-03-06 15:47:10.917,19503,19505,19503,1,-1
2024-03-06 15:47:10.934,19503,19505,19503,1,-1
2024-03-06 15:47:13.126,19504,19505,19505,3,3
2024-03-06 15:47:13.126,19504,19505,19505,5,5
2024-03-06 15:47:13.238,19504,19506,19506,5,5
2024-03-06 15:47:13.322,19504,19506,19506,2,2
2024-03-06 15:47:13.356,19504,19506,19506,1,1
2024-03-06 15:47:13.358,19504,19506,19506,1,1
2024-03-06 15:47:13.483,19504,19506,19506,1,1
2024-03-06 15:47:14.494,19504,19505,19505,1,1
2024-03-06 15:47:17.986,19504,19505,19505,5,5
2024-03-06 15:47:19.084,19504,19505,19505,1,1
2024-03-06 15:47:20.325,19504,19505,19505,1,1
2024-03-06 15:47:21.456,19504,19506,19506,5,5
2024-03-06 15:47:21.491,19505,19506,19506,2,2
2024-03-06 15:47:22.473,19506,19507,19506,1,-1
2024-03-06 15:47:22.473,19506,19507,19505,1,-1
2024-03-06 15:47:22.776,19505,19507,19507,5,5
2024-03-06 15:47:22.903,19505,19507,19507,3,3
2024-03-06 15:47:27.009,19505,19507,19507,4,4
2024-03-06 15:47:29.251,19506,19507,19506,1,-1
2024-03-06 15:47:29.954,19505,19506,19506,1,1
2024-03-06 15:47:30.247,19505,19507,19507,1,1
2024-03-06 15:47:30.644,19505,19507,19507,5,5
2024-03-06 15:47:32.193,19505,19506,19506,1,1
2024-03-06 15:47:34.276,19505,19506,19505,4,-4
2024-03-06 15:47:36.206,19504,19505,19505,1,1
2024-03-06 15:47:36.206,19504,19505,19506,2,2
2024-03-06 15:47:38.096,19505,19506,19506,1,1
2024-03-06 15:47:38.386,19505,19507,19507,5,5
2024-03-06 15:47:40.976,19505,19506,19506,1,1
2024-03-06 15:47:43.113,19505,19507,19507,1,1
2024-03-06 15:47:44.087,19505,19506,19506,1,1
2024-03-06 15:47:45.012,19505,19506,19506,1,1
2024-03-06 15:47:45.406,19505,19506,19507,3,3
2024-03-06 15:47:45.406,19505,19506,19506,2,2
2024-03-06 15:47:46.009,19505,19507,19505,1,-1
2024-03-06 15:47:48.880,19506,19507,19507,3,3
2024-03-06 15:47:50.585,19506,19507,19507,7,7
2024-03-06 15:47:50.585,19506,19507,19507,1,1
2024-03-06 15:47:50.585,19506,19507,19507,1,1
2024-03-06 15:47:50.585,19506,19507,19507,5,5
2024-03-06 15:47:50.586,19506,19507,19507,6,6
2024-03-06 15:47:51.107,19507,19508,19507,1,-1
2024-03-06 15:47:52.946,19507,19508,19508,1,1
2024-03-06 15:47:53.032,19507,19508,19508,1,1
2024-03-06 15:47:54.194,19507,19508,19508,5,5
2024-03-06 15:47:54.685,19507,19508,19508,1,1
2024-03-06 15:47:56.445,19507,19508,19508,2,2
2024-03-06 15:47:57.030,19508,19509,19509,1,1
2024-03-06 15:47:57.030,19508,19509,19509,6,6
2024-03-06 15:47:57.031,19508,19509,19509,8,8
2024-03-06 15:47:57.276,19509,19510,19510,1,1
2024-03-06 15:47:57.351,19509,19510,19510,4,4
2024-03-06 15:47:57.363,19509,19510,19510,1,1
2024-03-06 15:47:57.367,19509,19510,19510,1,1
2024-03-06 15:47:58.986,19509,19510,19510,1,1
2024-03-06 15:48:01.158,19509,19510,19510,1,1
2024-03-06 15:48:01.766,19509,19510,19510,1,1
2024-03-06 15:48:03.567,19509,19510,19510,1,1
2024-03-06 15:48:03.642,19510,19511,19510,1,-1
2024-03-06 15:48:03.642,19510,19511,19510,10,-10
2024-03-06 15:48:05.905,19509,19510,19510,1,1
2024-03-06 15:48:10.454,19509,19510,19510,1,1
2024-03-06 15:48:10.631,19510,19511,19511,1,1
2024-03-06 15:48:14.733,19510,19511,19511,1,1
2024-03-06 15:48:14.922,19510,19511,19511,1,1
2024-03-06 15:48:16.414,19511,19512,19511,2,-2
2024-03-06 15:48:16.414,19511,19512,19511,7,-7
2024-03-06 15:48:16.867,19510,19511,19511,5,5
2024-03-06 15:48:17.023,19510,19511,19511,5,5
2024-03-06 15:48:17.084,19510,19512,19510,5,-5
2024-03-06 15:48:17.510,19509,19511,19511,6,6
2024-03-06 15:48:28.953,19510,19512,19512,5,5
2024-03-06 15:48:28.977,19510,19512,19512,1,1
2024-03-06 15:48:29.227,19510,19512,19512,1,1
2024-03-06 15:48:31.445,19510,19511,19511,1,1
2024-03-06 15:48:32.878,19511,19512,19512,1,1
2024-03-06 15:48:37.037,19511,19512,19512,1,1
2024-03-06 15:48:38.574,19511,19512,19512,1,1
2024-03-06 15:48:40.188,19511,19512,19513,3,3
2024-03-06 15:48:40.188,19511,19512,19512,2,2
2024-03-06 15:48:45.027,19512,19513,19513,1,1
2024-03-06 15:48:48.197,19512,19513,19513,5,5
2024-03-06 15:48:49.253,19512,19513,19513,1,1
2024-03-06 15:48:52.464,19512,19513,19513,6,6
2024-03-06 15:48:54.895,19512,19513,19513,2,2
2024-03-06 15:48:55.675,19512,19513,19512,1,-1
2024-03-06 15:48:55.675,19512,19513,19512,3,-3
2024-03-06 15:48:56.457,19511,19512,19511,1,-1
2024-03-06 15:48:56.457,19511,19512,19511,1,-1
2024-03-06 15:49:00.259,19510,19511,19511,1,1
2024-03-06 15:49:00.421,19510,19511,19510,2,-2
2024-03-06 15:49:00.719,19510,19511,19510,2,-2
2024-03-06 15:49:00.719,19510,19511,19509,11,-11
2024-03-06 15:49:00.812,19510,19511,19511,5,5
2024-03-06 15:49:04.033,19509,19510,19510,1,1
2024-03-06 15:49:04.576,19509,19511,19509,2,-2
2024-03-06 15:49:06.976,19510,19511,19510,1,-1
2024-03-06 15:49:07.008,19510,19511,19510,1,-1
2024-03-06 15:49:07.037,19510,19511,19510,1,-1
2024-03-06 15:49:07.037,19510,19511,19510,1,-1
2024-03-06 15:49:07.086,19509,19511,19509,1,-1
2024-03-06 15:49:08.477,19509,19510,19510,1,1
2024-03-06 15:49:08.477,19509,19510,19511,4,4
2024-03-06 15:49:10.817,19510,19511,19510,2,-2
2024-03-06 15:49:11.989,19510,19511,19510,1,-1
2024-03-06 15:49:13.418,19510,19511,19510,1,-1
2024-03-06 15:49:15.542,19510,19511,19510,1,-1
2024-03-06 15:49:15.543,19510,19511,19509,7,-7
2024-03-06 15:49:16.411,19509,19510,19510,1,1
2024-03-06 15:49:18.037,19509,19510,19510,5,5
2024-03-06 15:49:20.635,19509,19511,19510,1,1
2024-03-06 15:49:23.567,19510,19511,19510,1,-1
2024-03-06 15:49:28.821,19510,19511,19510,1,-1
2024-03-06 15:49:30.197,19510,19511,19510,3,-3
2024-03-06 15:49:30.400,19509,19511,19509,1,-1
2024-03-06 15:49:33.449,19509,19510,19510,1,1
2024-03-06 15:49:37.289,19509,19510,19509,2,-2
2024-03-06 15:49:37.540,19509,19510,19510,1,1
2024-03-06 15:49:42.423,19509,19510,19509,1,-1
2024-03-06 15:49:45.843,19509,19510,19510,2,2
2024-03-06 15:49:50.762,19509,19510,19510,1,1
2024-03-06 15:49:57.211,19509,19510,19509,1,-1
2024-03-06 15:50:00.438,19508,19509,19508,2,-2
2024-03-06 15:50:03.439,19507,19508,19507,5,-5
2024-03-06 15:50:03.622,19506,19507,19506,1,-1
2024-03-06 15:50:04.037,19506,19507,19506,1,-1
2024-03-06 15:50:10.769,19506,19507,19506,1,-1
2024-03-06 15:50:10.769,19506,19507,19506,1,-1
2024-03-06 15:50:10.770,19506,19507,19506,1,-1
2024-03-06 15:50:10.770,19506,19507,19506,3,-3
2024-03-06 15:50:12.419,19505,19506,19506,2,2
2024-03-06 15:50:12.733,19506,19508,19508,10,10
2024-03-06 15:50:12.777,19506,19508,19507,1,1
2024-03-06 15:50:13.773,19506,19508,19506,2,-2
2024-03-06 15:50:20.187,19507,19508,19507,4,-4
2024-03-06 15:50:22.431,19507,19508,19507,2,-2
2024-03-06 15:50:26.034,19506,19507,19507,1,1
2024-03-06 15:50:26.043,19506,19507,19507,1,1
2024-03-06 15:50:47.300,19506,19507,19507,1,1
2024-03-06 15:50:52.283,19506,19507,19506,6,-6
2024-03-06 15:50:52.283,19506,19507,19506,16,-16
2024-03-06 15:50:52.364,19505,19507,19505,1,-1
2024-03-06 15:50:57.343,19505,19506,19505,1,-1
2024-03-06 15:50:57.344,19505,19506,19505,3,-3
2024-03-06 15:50:57.344,19505,19506,19505,9,-9
2024-03-06 15:50:58.061,19504,19506,19506,1,1
2024-03-06 15:50:59.186,19505,19507,19505,4,-4
2024-03-06 15:51:00.493,19505,19507,19505,2,-2
2024-03-06 15:51:02.258,19505,19507,19505,1,-1
2024-03-06 15:51:02.472,19505,19507,19505,1,-1
2024-03-06 15:51:02.758,19505,19507,19505,1,-1
2024-03-06 15:51:05.285,19504,19506,19504,1,-1
2024-03-06 15:51:05.636,19504,19506,19504,1,-1
2024-03-06 15:51:05.933,19504,19506,19504,1,-1
2024-03-06 15:51:10.171,19503,19504,19503,4,-4
2024-03-06 15:51:12.192,19502,19504,19502,2,-2
2024-03-06 15:51:14.310,19502,19503,19502,1,-1
2024-03-06 15:51:15.141,19502,19503,19502,2,-2
2024-03-06 15:51:15.141,19502,19503,19501,1,-1
2024-03-06 15:51:15.909,19501,19503,19501,9,-9
2024-03-06 15:51:19.480,19501,19503,19501,1,-1
2024-03-06 15:51:21.194,19502,19503,19503,1,1
2024-03-06 15:51:21.334,19502,19504,19502,1,-1
2024-03-06 15:51:30.399,19503,19505,19503,1,-1
2024-03-06 15:51:32.318,19503,19505,19505,1,1
2024-03-06 15:51:54.313,19503,19505,19505,1,1
2024-03-06 15:52:00.199,19504,19505,19504,1,-1
2024-03-06 15:52:02.582,19503,19504,19504,1,1
2024-03-06 15:52:07.316,19503,19504,19503,1,-1
2024-03-06 15:52:12.574,19503,19504,19504,1,1
2024-03-06 15:52:16.310,19503,19504,19503,2,-2
2024-03-06 15:52:16.313,19503,19504,19502,2,-2
2024-03-06 15:52:19.066,19502,19503,19502,3,-3
2024-03-06 15:52:19.066,19502,19503,19502,1,-1
2024-03-06 15:52:19.066,19502,19503,19502,1,-1
2024-03-06 15:52:20.243,19501,19502,19502,1,1
2024-03-06 15:52:21.932,19501,19502,19502,1,1
2024-03-06 15:52:23.106,19501,19502,19501,1,-1
2024-03-06 15:52:24.073,19501,19502,19501,5,-5
2024-03-06 15:52:26.676,19500,19501,19500,1,-1
2024-03-06 15:52:26.734,19500,19501,19500,5,-5
2024-03-06 15:52:26.738,19500,19501,19500,2,-2
2024-03-06 15:52:26.738,19500,19501,19499,2,-2
2024-03-06 15:52:26.904,19499,19501,19499,1,-1
2024-03-06 15:52:29.864,19500,19501,19500,1,-1
2024-03-06 15:52:31.471,19500,19501,19500,3,-3
2024-03-06 15:52:32.978,19499,19500,19500,1,1
2024-03-06 15:52:34.170,19499,19500,19499,4,-4
2024-03-06 15:52:34.597,19498,19499,19498,3,-3
2024-03-06 15:52:34.761,19498,19499,19498,1,-1
2024-03-06 15:52:34.958,19498,19499,19498,2,-2
2024-03-06 15:52:35.284,19498,19499,19498,1,-1
2024-03-06 15:52:35.284,19498,19499,19497,5,-5
2024-03-06 15:52:38.403,19498,19499,19499,1,1
2024-03-06 15:52:38.622,19498,19499,19499,1,1
2024-03-06 15:52:40.193,19498,19499,19498,2,-2
2024-03-06 15:52:45.261,19497,19498,19498,1,1
2024-03-06 15:52:46.359,19497,19498,19498,6,6
2024-03-06 15:52:53.077,19498,19499,19498,5,-5
2024-03-06 15:52:54.063,19498,19499,19499,1,1
2024-03-06 15:52:56.304,19498,19499,19499,1,1
2024-03-06 15:52:58.320,19498,19499,19499,1,1
2024-03-06 15:53:00.189,19498,19499,19498,5,-5
2024-03-06 15:53:00.453,19498,19499,19498,3,-3
2024-03-06 15:53:01.692,19498,19499,19499,1,1
2024-03-06 15:53:03.000,19498,19500,19498,1,-1
2024-03-06 15:53:03.395,19498,19500,19498,1,-1
2024-03-06 15:53:03.811,19498,19500,19498,1,-1
2024-03-06 15:53:04.104,19498,19500,19498,1,-1
2024-03-06 15:53:04.305,19498,19500,19498,1,-1
2024-03-06 15:53:04.780,19498,19500,19498,1,-1
2024-03-06 15:53:04.960,19498,19500,19498,1,-1
2024-03-06 15:53:05.153,19498,19500,19498,1,-1
2024-03-06 15:53:05.335,19498,19500,19498,1,-1
2024-03-06 15:53:05.709,19498,19500,19498,1,-1
2024-03-06 15:53:06.207,19498,19500,19498,1,-1
2024-03-06 15:53:09.396,19498,19500,19498,8,-8
2024-03-06 15:53:11.739,19497,19498,19498,1,1
2024-03-06 15:53:13.420,19497,19499,19497,1,-1
2024-03-06 15:53:16.453,19497,19498,19497,5,-5
2024-03-06 15:53:16.576,19497,19498,19497,5,-5
2024-03-06 15:53:19.448,19496,19498,19496,1,-1
2024-03-06 15:53:19.597,19496,19498,19496,1,-1
2024-03-06 15:53:20.140,19496,19497,19496,1,-1
2024-03-06 15:53:32.824,19496,19497,19497,1,1
2024-03-06 15:53:36.293,19496,19497,19497,1,1
2024-03-06 15:53:37.399,19497,19498,19498,1,1
2024-03-06 15:53:42.365,19497,19498,19498,1,1
2024-03-06 15:53:58.307,19499,19500,19499,2,-2
2024-03-06 15:54:03.407,19499,19500,19500,3,3
2024-03-06 15:54:06.857,19500,19501,19501,1,1
2024-03-06 15:54:11.803,19500,19501,19501,1,1
2024-03-06 15:54:15.123,19500,19501,19501,1,1
2024-03-06 15:54:16.975,19501,19502,19501,2,-2
2024-03-06 15:54:18.001,19501,19502,19501,1,-1
2024-03-06 15:54:24.926,19501,19502,19502,2,2
2024-03-06 15:54:39.358,19501,19502,19502,3,3
2024-03-06 15:54:39.358,19501,19502,19502,1,1
2024-03-06 15:54:42.108,19502,19503,19503,1,1
2024-03-06 15:54:43.806,19502,19503,19502,1,-1
2024-03-06 15:54:47.281,19502,19503,19502,2,-2
2024-03-06 15:54:58.771,19502,19503,19503,2,2
2024-03-06 15:55:06.510,19502,19503,19503,2,2
2024-03-06 15:55:10.407,19502,19503,19503,2,2
2024-03-06 15:55:10.581,19502,19503,19503,2,2
2024-03-06 15:55:16.863,19502,19503,19503,6,6
2024-03-06 15:55:18.413,19503,19504,19503,1,-1
2024-03-06 15:55:40.876,19503,19504,19504,1,1
2024-03-06 15:55:49.419,19503,19504,19504,2,2
2024-03-06 15:55:49.841,19503,19504,19504,1,1
2024-03-06 15:55:54.655,19504,19505,19505,1,1
2024-03-06 15:56:03.617,19505,19507,19505,2,-2
2024-03-06 15:56:08.200,19505,19507,19505,1,-1
2024-03-06 15:56:18.932,19505,19506,19505,1,-1
2024-03-06 15:56:18.933,19505,19506,19505,2,-2
2024-03-06 15:56:27.596,19505,19506,19505,1,-1
2024-03-06 15:56:30.194,19504,19505,19505,1,1
2024-03-06 15:56:31.716,19504,19506,19506,1,1
2024-03-06 15:56:35.811,19504,19506,19506,1,1
2024-03-06 15:56:45.832,19505,19506,19505,3,-3
2024-03-06 15:56:45.833,19505,19506,19505,10,-10
2024-03-06 15:56:56.767,19505,19506,19505,1,-1
2024-03-06 15:56:57.235,19505,19506,19506,1,1
2024-03-06 15:57:00.253,19505,19506,19506,1,1
2024-03-06 15:57:05.904,19505,19506,19506,1,1
2024-03-06 15:57:06.810,19505,19506,19505,2,-2
2024-03-06 15:57:10.499,19505,19506,19505,1,-1
2024-03-06 15:57:14.944,19505,19506,19505,1,-1
2024-03-06 15:57:20.997,19505,19506,19506,11,11
2024-03-06 15:57:55.910,19506,19507,19507,1,1
2024-03-06 15:57:56.313,19506,19508,19508,1,1
2024-03-06 15:57:57.199,19507,19508,19508,1,1
2024-03-06 15:58:06.701,19507,19508,19508,1,1
2024-03-06 15:58:16.175,19507,19508,19508,12,12
2024-03-06 15:58:16.196,19507,19508,19509,2,2
2024-03-06 15:58:16.232,19508,19509,19509,5,5
2024-03-06 15:58:23.749,19509,19510,19510,1,1
2024-03-06 15:58:25.905,19509,19510,19510,2,2
2024-03-06 15:58:26.667,19509,19510,19510,1,1
2024-03-06 15:58:26.939,19509,19510,19510,3,3
2024-03-06 15:58:30.527,19509,19510,19510,2,2
2024-03-06 15:58:35.846,19509,19510,19509,2,-2
2024-03-06 15:58:43.071,19508,19509,19509,1,1
2024-03-06 15:58:43.729,19508,19509,19509,1,1
2024-03-06 15:58:46.269,19508,19509,19509,1,1
2024-03-06 15:59:00.147,19508,19509,19508,1,-1
2024-03-06 15:59:02.024,19507,19508,19508,1,1
2024-03-06 15:59:02.025,19507,19508,19507,1,-1
2024-03-06 15:59:11.350,19507,19508,19508,3,3
2024-03-06 15:59:16.878,19507,19509,19507,1,-1
2024-03-06 15:59:40.570,19507,19508,19507,2,-2
2024-03-06 15:59:43.145,19507,19508,19508,1,1
2024-03-06 15:59:43.833,19507,19508,19507,5,-5
2024-03-06 16:00:00.121,19507,19508,19507,1,-1
2024-03-06 16:00:00.122,19507,19508,19507,1,-1
2024-03-06 16:00:00.122,19507,19508,19507,1,-1
2024-03-06 16:00:00.122,19507,19508,19507,1,-1
2024-03-06 16:00:00.273,19506,19507,19506,1,-1
2024-03-06 16:00:00.423,19506,19507,19505,3,-3
2024-03-06 16:00:00.602,19505,19507,19507,1,1
2024-03-06 16:00:00.624,19505,19507,19507,3,3
2024-03-06 16:00:00.635,19505,19507,19508,1,1
2024-03-06 16:00:00.652,19505,19507,19508,3,3
2024-03-06 16:00:00.663,19505,19507,19509,2,2
2024-03-06 16:00:00.681,19505,19507,19509,3,3
2024-03-06 16:00:00.717,19508,19509,19509,1,1
2024-03-06 16:00:01.368,19508,19509,19508,1,-1
2024-03-06 16:00:01.635,19507,19509,19508,1,-1
2024-03-06 16:00:01.648,19507,19509,19508,3,-3
2024-03-06 16:00:01.678,19507,19509,19508,1,-1
2024-03-06 16:00:01.678,19507,19509,19509,2,2
2024-03-06 16:00:01.683,19507,19509,19509,1,1
2024-03-06 16:00:01.800,19507,19509,19509,1,1
2024-03-06 16:00:01.815,19507,19509,19509,1,1
2024-03-06 16:00:01.831,19507,19509,19510,1,1
2024-03-06 16:00:01.840,19508,19510,19510,1,1
2024-03-06 16:00:01.912,19508,19510,19509,2,2
2024-03-06 16:00:01.952,19508,19510,19509,1,1
2024-03-06 16:00:01.976,19508,19509,19509,1,1
2024-03-06 16:00:02.013,19508,19509,19509,1,1
2024-03-06 16:00:02.093,19508,19510,19510,1,1
2024-03-06 16:00:03.268,19508,19510,19510,1,1
2024-03-06 16:00:03.287,19508,19510,19508,7,-7
2024-03-06 16:00:03.452,19507,19508,19508,1,1
2024-03-06 16:00:03.850,19507,19508,19507,4,-4
2024-03-06 16:00:03.869,19507,19508,19507,1,-1
2024-03-06 16:00:03.869,19507,19508,19506,3,-3
2024-03-06 16:00:03.886,19507,19508,19506,4,-4
2024-03-06 16:00:03.886,19507,19508,19506,7,-7
2024-03-06 16:00:04.844,19505,19507,19505,4,-4
2024-03-06 16:00:05.374,19505,19507,19505,16,-16
2024-03-06 16:00:06.073,19504,19505,19505,2,2
2024-03-06 16:00:06.230,19504,19505,19504,2,-2
2024-03-06 16:00:08.567,19503,19504,19504,1,1
2024-03-06 16:00:08.567,19503,19504,19504,1,1
2024-03-06 16:00:12.212,19504,19505,19504,1,-1
2024-03-06 16:00:12.932,19504,19505,19504,1,-1
2024-03-06 16:00:12.932,19504,19505,19504,1,-1
2024-03-06 16:00:17.084,19503,19505,19505,1,1
2024-03-06 16:00:18.935,19504,19505,19505,1,1
2024-03-06 16:00:22.123,19504,19505,19504,1,-1
2024-03-06 16:00:22.864,19504,19505,19504,1,-1
2024-03-06 16:00:24.635,19504,19505,19504,1,-1
2024-03-06 16:00:25.775,19503,19504,19504,1,1
2024-03-06 16:00:28.235,19503,19504,19504,3,3
2024-03-06 16:00:28.827,19503,19505,19503,5,-5
2024-03-06 16:00:38.293,19503,19505,19503,2,-2
2024-03-06 16:00:55.107,19503,19504,19503,1,-1
2024-03-06 16:00:56.438,19503,19504,19503,2,-2
2024-03-06 16:00:58.502,19502,19503,19502,3,-3
2024-03-06 16:01:05.376,19501,19502,19501,1,-1
2024-03-06 16:01:06.389,19501,19502,19501,1,-1
2024-03-06 16:01:07.398,19501,19502,19502,1,1
2024-03-06 16:01:07.609,19501,19502,19501,1,-1
2024-03-06 16:01:07.717,19501,19502,19501,1,-1
2024-03-06 16:01:08.364,19501,19502,19501,1,-1
2024-03-06 16:01:11.701,19501,19502,19501,1,-1
2024-03-06 16:01:12.393,19501,19502,19501,1,-1
2024-03-06 16:01:16.753,19501,19502,19502,2,2
2024-03-06 16:01:17.176,19501,19502,19501,2,-2
2024-03-06 16:01:18.994,19501,19502,19502,1,1
2024-03-06 16:01:23.384,19502,19503,19503,1,1
2024-03-06 16:01:32.501,19502,19503,19503,2,2
2024-03-06 16:01:36.462,19502,19504,19502,2,-2
2024-03-06 16:01:39.448,19503,19504,19504,1,1
2024-03-06 16:01:43.611,19504,19505,19504,1,-1
2024-03-06 16:01:45.495,19503,19504,19503,1,-1
2024-03-06 16:01:50.340,19503,19504,19503,1,-1
2024-03-06 16:01:56.989,19504,19505,19505,1,1
2024-03-06 16:02:07.067,19504,19505,19504,1,-1
2024-03-06 16:02:18.057,19504,19505,19504,1,-1
2024-03-06 16:02:26.016,19504,19505,19504,1,-1
2024-03-06 16:02:31.126,19503,19504,19504,1,1
2024-03-06 16:02:45.536,19503,19504,19503,1,-1
2024-03-06 16:02:56.443,19503,19504,19503,1,-1
2024-03-06 16:03:02.872,19502,19503,19502,1,-1
2024-03-06 16:03:03.510,19502,19503,19502,3,-3
2024-03-06 16:03:03.511,19502,19503,19502,1,-1
2024-03-06 16:03:03.511,19502,19503,19502,1,-1
2024-03-06 16:03:05.487,19501,19502,19503,25,25
2024-03-06 16:03:05.487,19501,19502,19503,2,2
2024-03-06 16:03:05.487,19501,19502,19502,1,1
2024-03-06 16:03:05.493,19501,19502,19504,3,3
2024-03-06 16:03:07.774,19504,19505,19504,1,-1
2024-03-06 16:03:10.377,19504,19505,19504,9,-9
2024-03-06 16:03:36.900,19504,19505,19504,1,-1
2024-03-06 16:03:43.484,19504,19505,19504,1,-1
2024-03-06 16:03:43.630,19504,19505,19504,1,-1
2024-03-06 16:04:03.387,19504,19505,19505,1,1
2024-03-06 16:04:03.387,19504,19505,19505,2,2
2024-03-06 16:04:03.388,19504,19505,19505,1,1
2024-03-06 16:04:03.388,19504,19505,19505,1,1
2024-03-06 16:04:03.388,19504,19505,19505,1,1
2024-03-06 16:04:03.388,19504,19505,19505,1,1
2024-03-06 16:04:03.388,19504,19505,19505,1,1
2024-03-06 16:04:03.388,19504,19505,19505,3,3
2024-03-06 16:04:04.142,19505,19506,19505,1,-1
2024-03-06 16:04:06.932,19505,19506,19505,1,-1
2024-03-06 16:04:17.926,19505,19506,19505,1,-1
2024-03-06 16:04:24.035,19504,19505,19505,1,1
2024-03-06 16:04:36.109,19505,19506,19505,3,-3
2024-03-06 16:04:36.109,19505,19506,19505,1,-1
2024-03-06 16:04:36.110,19505,19506,19505,1,-1
2024-03-06 16:04:41.351,19505,19506,19505,1,-1
2024-03-06 16:04:59.841,19504,19505,19504,1,-1
2024-03-06 16:05:00.671,19504,19505,19505,1,1
2024-03-06 16:05:08.986,19504,19505,19505,1,1
2024-03-06 16:05:13.592,19504,19505,19505,2,2
2024-03-06 16:05:14.004,19505,19506,19505,1,-1
2024-03-06 16:05:17.082,19505,19506,19506,1,1
2024-03-06 16:05:17.082,19505,19506,19506,1,1
2024-03-06 16:05:23.982,19507,19508,19508,2,2
2024-03-06 16:05:29.580,19507,19508,19508,1,1
2024-03-06 16:05:31.333,19507,19508,19508,1,1
2024-03-06 16:05:39.611,19507,19508,19507,1,-1
2024-03-06 16:05:39.685,19507,19508,19507,1,-1
2024-03-06 16:05:43.620,19507,19508,19507,6,-6
2024-03-06 16:05:51.038,19505,19506,19506,1,1
2024-03-06 16:05:54.213,19504,19506,19506,1,1
2024-03-06 16:06:13.277,19504,19505,19505,2,2
2024-03-06 16:06:25.547,19505,19506,19506,1,1
2024-03-06 16:06:29.035,19505,19507,19507,3,3
2024-03-06 16:06:34.975,19506,19507,19507,1,1
2024-03-06 16:06:34.975,19506,19507,19506,1,-1
2024-03-06 16:06:35.490,19505,19507,19505,1,-1
2024-03-06 16:06:35.720,19506,19507,19507,1,1
2024-03-06 16:06:38.095,19506,19507,19506,3,-3
2024-03-06 16:06:57.971,19506,19507,19506,1,-1
2024-03-06 16:07:04.775,19506,19507,19507,1,1
2024-03-06 16:07:07.732,19506,19507,19507,1,1
2024-03-06 16:07:14.609,19506,19507,19506,1,-1
2024-03-06 16:07:21.584,19506,19507,19506,1,-1
2024-03-06 16:07:26.181,19506,19507,19506,1,-1
2024-03-06 16:07:38.381,19506,19507,19507,3,3
2024-03-06 16:07:38.867,19506,19507,19506,3,-3
2024-03-06 16:07:46.325,19506,19507,19507,1,1
2024-03-06 16:07:54.575,19506,19507,19506,1,-1
2024-03-06 16:08:00.193,19506,19507,19507,3,3
2024-03-06 16:08:04.016,19506,19507,19507,1,1
2024-03-06 16:08:07.170,19506,19507,19507,1,1
2024-03-06 16:08:34.812,19506,19507,19506,4,-4
2024-03-06 16:08:42.705,19506,19507,19506,1,-1
2024-03-06 16:08:44.246,19506,19507,19506,1,-1
2024-03-06 16:08:44.808,19506,19507,19507,1,1
2024-03-06 16:08:44.809,19506,19507,19507,1,1
2024-03-06 16:08:46.765,19506,19507,19507,1,1
2024-03-06 16:08:56.476,19506,19507,19507,1,1
2024-03-06 16:09:00.193,19506,19507,19507,4,4
2024-03-06 16:09:03.697,19506,19507,19507,1,1
2024-03-06 16:09:03.698,19506,19507,19507,1,1
2024-03-06 16:09:03.698,19506,19507,19507,5,5
2024-03-06 16:09:03.698,19506,19507,19507,6,6
2024-03-06 16:09:03.723,19507,19508,19508,1,1
2024-03-06 16:09:15.207,19507,19508,19508,3,3
2024-03-06 16:09:18.992,19507,19508,19508,1,1
2024-03-06 16:09:20.206,19507,19508,19508,5,5
2024-03-06 16:09:21.481,19508,19509,19509,1,1
2024-03-06 16:09:21.482,19508,19509,19509,1,1
2024-03-06 16:09:22.483,19509,19510,19509,1,-1
2024-03-06 16:09:28.550,19509,19510,19509,1,-1
2024-03-06 16:09:28.997,19509,19510,19509,1,-1
2024-03-06 16:09:30.877,19509,19510,19510,1,1
2024-03-06 16:09:31.243,19509,19510,19509,17,-17
2024-03-06 16:09:31.243,19509,19510,19509,1,-1
2024-03-06 16:09:31.244,19509,19510,19509,10,-10
2024-03-06 16:09:31.244,19509,19510,19508,12,-12
2024-03-06 16:09:33.988,19508,19509,19509,1,1
2024-03-06 16:09:41.697,19508,19509,19509,1,1
2024-03-06 16:09:52.255,19508,19509,19509,1,1
2024-03-06 16:10:00.190,19508,19509,19509,1,1
2024-03-06 16:10:00.479,19508,19509,19509,1,1
2024-03-06 16:10:00.520,19508,19509,19509,1,1
2024-03-06 16:10:03.290,19508,19509,19509,1,1
2024-03-06 16:10:08.260,19508,19509,19509,1,1
2024-03-06 16:10:11.500,19508,19509,19508,1,-1
2024-03-06 16:10:14.452,19508,19509,19508,1,-1
2024-03-06 16:10:21.734,19508,19509,19508,1,-1
2024-03-06 16:10:24.037,19508,19509,19508,1,-1
2024-03-06 16:10:25.095,19508,19509,19508,3,-3
2024-03-06 16:10:29.670,19507,19509,19509,1,1
2024-03-06 16:10:32.223,19508,19509,19509,5,5
2024-03-06 16:10:35.453,19508,19510,19510,1,1
2024-03-06 16:10:36.048,19508,19509,19509,1,1
2024-03-06 16:11:09.646,19509,19510,19509,1,-1
2024-03-06 16:11:10.210,19509,19510,19510,1,1
2024-03-06 16:11:11.544,19509,19510,19510,1,1
2024-03-06 16:11:19.390,19509,19510,19510,1,1
2024-03-06 16:11:25.358,19509,19510,19510,1,1
2024-03-06 16:11:26.558,19509,19510,19510,1,1
2024-03-06 16:11:40.702,19509,19510,19510,1,1
2024-03-06 16:11:43.002,19509,19510,19509,2,-2
2024-03-06 16:11:49.476,19509,19510,19510,1,1
2024-03-06 16:11:52.933,19509,19510,19510,1,1
2024-03-06 16:11:52.952,19509,19510,19510,2,2
2024-03-06 16:11:55.856,19509,19510,19510,1,1
2024-03-06 16:11:55.856,19509,19510,19510,6,6
2024-03-06 16:11:55.856,19509,19510,19510,1,1
2024-03-06 16:11:55.857,19509,19510,19510,1,1
2024-03-06 16:11:55.857,19509,19510,19510,1,1
2024-03-06 16:11:55.857,19509,19510,19510,1,1
2024-03-06 16:11:55.857,19509,19510,19510,2,2
2024-03-06 16:11:56.961,19510,19511,19510,1,-1
2024-03-06 16:11:58.194,19510,19511,19511,1,1
2024-03-06 16:11:58.228,19510,19511,19511,7,7
2024-03-06 16:11:58.228,19510,19511,19511,2,2
2024-03-06 16:11:58.242,19510,19511,19512,1,1
2024-03-06 16:11:58.378,19511,19512,19512,2,2
2024-03-06 16:11:58.379,19511,19512,19512,10,10
2024-03-06 16:11:58.380,19511,19512,19512,11,11
2024-03-06 16:11:58.422,19511,19512,19513,1,1
2024-03-06 16:11:58.460,19512,19513,19513,4,4
2024-03-06 16:11:58.470,19512,19513,19513,1,1
2024-03-06 16:11:58.470,19512,19513,19513,5,5
2024-03-06 16:11:58.471,19512,19513,19513,1,1
2024-03-06 16:11:58.471,19512,19513,19513,4,4
2024-03-06 16:11:58.471,19512,19513,19513,1,1
2024-03-06 16:11:58.471,19512,19513,19513,1,1
2024-03-06 16:11:58.471,19512,19513,19513,2,2
2024-03-06 16:11:58.471,19512,19513,19513,2,2
2024-03-06 16:11:58.472,19512,19513,19513,1,1
2024-03-06 16:11:58.472,19512,19513,19513,1,1
2024-03-06 16:11:58.561,19512,19513,19513,1,1
2024-03-06 16:12:00.194,19512,19513,19513,3,3
2024-03-06 16:12:00.431,19512,19513,19513,1,1
2024-03-06 16:12:00.431,19512,19513,19513,1,1
2024-03-06 16:12:01.820,19513,19514,19513,2,-2
2024-03-06 16:12:02.556,19513,19514,19514,1,1
2024-03-06 16:12:02.634,19513,19514,19514,3,3
2024-03-06 16:12:03.660,19513,19514,19514,1,1
2024-03-06 16:12:04.642,19514,19515,19514,11,-11
2024-03-06 16:12:10.315,19514,19515,19515,2,2
2024-03-06 16:12:10.357,19514,19515,19515,2,2
2024-03-06 16:12:10.371,19514,19515,19515,1,1
2024-03-06 16:12:10.380,19514,19515,19515,8,8
