2024-06-19 15:00:00.001,23150,23150,23150,276,0
2024-06-19 15:00:00.001,23150,23150,23150,2,0
2024-06-19 15:00:00.001,23150,23150,23150,2,0
2024-06-19 15:00:00.001,23149,23149,23149,4,-4
2024-06-19 15:00:00.001,23151,23151,23151,2,2
2024-06-19 15:00:00.001,23150,23150,23150,2,-2
2024-06-19 15:00:00.001,23149,23149,23149,4,-4
2024-06-19 15:00:00.001,23151,23151,23151,8,8
2024-06-19 15:00:00.001,23152,23152,23152,2,2
2024-06-19 15:00:00.001,23147,23147,23147,2,-2
2024-06-19 15:00:00.001,23147,23147,23147,2,0
2024-06-19 15:00:00.001,23147,23147,23147,2,0
2024-06-19 15:00:00.001,23147,23147,23147,2,0
2024-06-19 15:00:00.001,23146,23146,23146,2,-2
2024-06-19 15:00:00.001,23145,23145,23145,2,-2
2024-06-19 15:00:00.001,23144,23144,23144,2,-2
2024-06-19 15:00:00.001,23144,23144,23144,10,0
2024-06-19 15:00:00.001,23143,23143,23143,2,-2
2024-06-19 15:00:00.001,23142,23142,23142,2,-2
2024-06-19 15:00:00.001,23142,23142,23142,2,0
2024-06-19 15:00:00.001,23140,23140,23140,2,-2
2024-06-19 15:00:00.001,23140,23140,23140,2,0
2024-06-19 15:00:00.001,23140,23140,23140,2,0
2024-06-19 15:00:00.001,23144,23144,23144,2,2
2024-06-19 15:00:00.001,23144,23144,23144,2,0
2024-06-19 15:00:00.001,23144,23144,23144,2,0
2024-06-19 15:00:00.001,23144,23144,23144,4,0
2024-06-19 15:00:00.001,23144,23144,23144,8,0
2024-06-19 15:00:00.001,23147,23147,23147,4,4
2024-06-19 15:00:00.001,23147,23147,23147,2,0
2024-06-19 15:00:00.001,23146,23146,23146,2,-2
2024-06-19 15:00:00.001,23145,23145,23145,2,-2
2024-06-19 15:00:00.001,23143,23143,23143,2,-2
2024-06-19 15:00:00.001,23148,23148,23148,2,2
2024-06-19 15:00:00.001,23148,23148,23148,2,0
2024-06-19 15:00:00.001,23149,23149,23149,2,2
2024-06-19 15:00:00.001,23149,23149,23149,4,0
2024-06-19 15:00:00.001,23148,23148,23148,2,-2
2024-06-19 15:00:00.001,23149,23149,23149,2,2
2024-06-19 15:00:00.001,23145,23145,23145,2,-2
2024-06-19 15:00:00.001,23145,23145,23145,2,0
2024-06-19 15:00:00.001,23148,23148,23148,2,2
2024-06-19 15:00:00.001,23149,23149,23149,2,2
2024-06-19 15:00:00.001,23149,23149,23149,2,0
2024-06-19 15:00:00.001,23145,23145,23145,2,-2
2024-06-19 15:00:00.001,23147,23147,23147,2,2
2024-06-19 15:00:00.001,23148,23148,23148,2,2
2024-06-19 15:00:00.001,23149,23149,23149,2,2
2024-06-19 15:00:00.001,23150,23150,23150,2,2
2024-06-19 15:00:00.001,23150,23150,23150,2,0
2024-06-19 15:00:00.001,23150,23150,23150,2,0
2024-06-19 15:00:00.001,23147,23147,23147,2,-2
2024-06-19 15:00:00.001,23146,23146,23146,2,-2
2024-06-19 15:00:00.001,23143,23143,23143,2,-2
2024-06-19 15:00:00.001,23142,23142,23142,2,-2
2024-06-19 15:00:00.001,23142,23142,23142,2,0
2024-06-19 15:00:00.001,23142,23142,23142,2,0
2024-06-19 15:00:00.001,23145,23145,23145,8,8
2024-06-19 15:00:00.001,23146,23146,23146,8,8
2024-06-19 15:00:00.001,23145,23145,23145,4,-4
2024-06-19 15:00:00.001,23146,23146,23146,2,2
2024-06-19 15:00:00.001,23145,23145,23145,4,-4
2024-06-19 15:00:00.001,23141,23141,23141,2,-2
2024-06-19 15:00:00.001,23141,23141,23141,2,0
2024-06-19 15:00:00.001,23146,23146,23146,4,4
2024-06-19 15:00:00.001,23150,23150,23150,2,2
2024-06-19 15:00:00.001,23150,23150,23150,2,0
2024-06-19 15:00:00.001,23151,23151,23151,2,2
2024-06-19 15:00:00.001,23140,23140,23140,2,-2
2024-06-19 15:00:00.001,23139,23139,23139,2,-2
2024-06-19 15:00:00.001,23151,23151,23151,2,2
2024-06-19 15:00:00.001,23152,23152,23152,2,2
2024-06-19 15:00:00.001,23139,23139,23139,2,-2
2024-06-19 15:00:00.001,23139,23139,23139,2,0
2024-06-19 15:00:00.001,23139,23139,23139,2,0
2024-06-19 15:00:00.001,23138,23138,23138,2,-2
2024-06-19 15:00:00.001,23138,23138,23138,2,0
2024-06-19 15:00:00.001,23137,23137,23137,2,-2
2024-06-19 15:00:00.001,23151,23151,23151,2,2
2024-06-19 15:00:00.001,23137,23137,23137,2,-2
2024-06-19 15:00:00.001,23137,23137,23137,2,0
2024-06-19 15:00:00.001,23152,23152,23152,16,16
2024-06-19 15:00:00.001,23153,23153,23153,8,8
2024-06-19 15:00:00.001,23153,23153,23153,2,0
2024-06-19 15:00:00.001,23153,23153,23153,4,0
2024-06-19 15:00:00.001,23153,23153,23153,6,0
2024-06-19 15:00:00.001,23153,23153,23153,2,0
2024-06-19 15:00:00.001,23153,23153,23153,2,0
2024-06-19 15:00:00.001,23137,23137,23137,2,-2
2024-06-19 15:00:01.001,23146,23146,23146,2,2
2024-06-19 15:00:01.001,23144,23144,23144,2,-2
2024-06-19 15:00:01.001,23144,23144,23144,2,0
2024-06-19 15:00:01.001,23144,23144,23144,2,0
2024-06-19 15:00:01.001,23142,23142,23142,2,-2
2024-06-19 15:00:01.001,23143,23143,23143,2,2
2024-06-19 15:00:01.001,23144,23144,23144,2,2
2024-06-19 15:00:01.001,23147,23147,23147,2,2
2024-06-19 15:00:01.001,23144,23144,23144,2,-2
2024-06-19 15:00:01.001,23148,23148,23148,2,2
2024-06-19 15:00:01.001,23148,23148,23148,4,0
2024-06-19 15:00:01.001,23148,23148,23148,2,0
2024-06-19 15:00:01.001,23149,23149,23149,2,2
2024-06-19 15:00:01.001,23147,23147,23147,2,-2
2024-06-19 15:00:01.001,23149,23149,23149,2,2
2024-06-19 15:00:01.001,23146,23146,23146,2,-2
2024-06-19 15:00:01.001,23145,23145,23145,2,-2
2024-06-19 15:00:01.001,23145,23145,23145,2,0
2024-06-19 15:00:01.001,23145,23145,23145,2,0
2024-06-19 15:00:01.001,23147,23147,23147,2,2
2024-06-19 15:00:01.001,23147,23147,23147,2,0
2024-06-19 15:00:01.001,23148,23148,23148,2,2
2024-06-19 15:00:01.001,23148,23148,23148,2,0
2024-06-19 15:00:01.001,23146,23146,23146,2,-2
2024-06-19 15:00:01.001,23148,23148,23148,2,2
2024-06-19 15:00:01.001,23148,23148,23148,2,0
2024-06-19 15:00:01.001,23148,23148,23148,2,0
2024-06-19 15:00:01.001,23145,23145,23145,2,-2
2024-06-19 15:00:01.001,23145,23145,23145,2,0
2024-06-19 15:00:01.001,23145,23145,23145,2,0
2024-06-19 15:00:01.001,23145,23145,23145,2,0
2024-06-19 15:00:01.001,23144,23144,23144,2,-2
2024-06-19 15:00:01.001,23144,23144,23144,2,0
2024-06-19 15:00:01.001,23143,23143,23143,2,-2
2024-06-19 15:00:01.001,23146,23146,23146,6,6
2024-06-19 15:00:01.001,23146,23146,23146,4,0
2024-06-19 15:00:01.001,23147,23147,23147,14,14
2024-06-19 15:00:01.001,23148,23148,23148,4,4
2024-06-19 15:00:01.001,23149,23149,23149,4,4
2024-06-19 15:00:01.001,23150,23150,23150,2,2
2024-06-19 15:00:01.001,23150,23150,23150,4,0
2024-06-19 15:00:01.001,23151,23151,23151,2,2
2024-06-19 15:00:01.001,23151,23151,23151,2,0
2024-06-19 15:00:01.001,23147,23147,23147,2,-2
2024-06-19 15:00:01.001,23146,23146,23146,2,-2
2024-06-19 15:00:01.001,23147,23147,23147,2,2
2024-06-19 15:00:02.001,23150,23150,23150,2,2
2024-06-19 15:00:02.001,23148,23148,23148,2,-2
2024-06-19 15:00:02.001,23150,23150,23150,4,4
2024-06-19 15:00:02.001,23148,23148,23148,2,-2
2024-06-19 15:00:02.001,23150,23150,23150,2,2
2024-06-19 15:00:02.001,23150,23150,23150,2,0
2024-06-19 15:00:02.001,23148,23148,23148,2,-2
2024-06-19 15:00:02.001,23148,23148,23148,2,0
2024-06-19 15:00:02.001,23147,23147,23147,2,-2
2024-06-19 15:00:02.001,23147,23147,23147,2,0
2024-06-19 15:00:02.001,23147,23147,23147,2,0
2024-06-19 15:00:02.001,23147,23147,23147,2,0
2024-06-19 15:00:02.001,23147,23147,23147,2,0
2024-06-19 15:00:02.001,23147,23147,23147,2,0
2024-06-19 15:00:02.001,23147,23147,23147,2,0
2024-06-19 15:00:03.001,23147,23147,23147,2,0
2024-06-19 15:00:03.001,23147,23147,23147,2,0
2024-06-19 15:00:03.001,23147,23147,23147,2,0
2024-06-19 15:00:03.001,23147,23147,23147,2,0
2024-06-19 15:00:03.001,23146,23146,23146,2,-2
2024-06-19 15:00:03.001,23146,23146,23146,2,0
2024-06-19 15:00:03.001,23146,23146,23146,2,0
2024-06-19 15:00:03.001,23146,23146,23146,2,0
2024-06-19 15:00:03.001,23146,23146,23146,2,0
2024-06-19 15:00:03.001,23145,23145,23145,2,-2
2024-06-19 15:00:03.001,23145,23145,23145,2,0
2024-06-19 15:00:03.001,23145,23145,23145,2,0
2024-06-19 15:00:03.001,23145,23145,23145,2,0
2024-06-19 15:00:04.001,23144,23144,23144,2,-2
2024-06-19 15:00:04.001,23145,23145,23145,2,2
2024-06-19 15:00:04.001,23148,23148,23148,2,2
2024-06-19 15:00:04.001,23147,23147,23147,2,-2
2024-06-19 15:00:04.001,23147,23147,23147,2,0
2024-06-19 15:00:05.001,23148,23148,23148,2,2
2024-06-19 15:00:05.001,23149,23149,23149,2,2
2024-06-19 15:00:05.001,23148,23148,23148,2,-2
2024-06-19 15:00:05.001,23148,23148,23148,2,0
2024-06-19 15:00:05.001,23148,23148,23148,2,0
2024-06-19 15:00:06.001,23147,23147,23147,2,-2
2024-06-19 15:00:06.001,23147,23147,23147,2,0
2024-06-19 15:00:06.001,23147,23147,23147,2,0
2024-06-19 15:00:06.001,23147,23147,23147,2,0
2024-06-19 15:00:06.001,23147,23147,23147,2,0
2024-06-19 15:00:06.001,23147,23147,23147,2,0
2024-06-19 15:00:06.001,23149,23149,23149,2,2
2024-06-19 15:00:06.001,23147,23147,23147,2,-2
2024-06-19 15:00:06.001,23147,23147,23147,2,0
2024-06-19 15:00:06.001,23147,23147,23147,2,0
2024-06-19 15:00:06.001,23148,23148,23148,2,2
2024-06-19 15:00:07.001,23148,23148,23148,2,0
2024-06-19 15:00:07.001,23147,23147,23147,2,-2
2024-06-19 15:00:07.001,23147,23147,23147,2,0
2024-06-19 15:00:07.001,23147,23147,23147,2,0
2024-06-19 15:00:07.001,23148,23148,23148,2,2
2024-06-19 15:00:07.001,23146,23146,23146,2,-2
2024-06-19 15:00:08.001,23148,23148,23148,4,4
2024-06-19 15:00:08.001,23149,23149,23149,8,8
2024-06-19 15:00:08.001,23150,23150,23150,8,8
2024-06-19 15:00:08.001,23147,23147,23147,2,-2
2024-06-19 15:00:08.001,23147,23147,23147,2,0
2024-06-19 15:00:08.001,23147,23147,23147,2,0
2024-06-19 15:00:08.001,23147,23147,23147,2,0
2024-06-19 15:00:08.001,23146,23146,23146,2,-2
2024-06-19 15:00:08.001,23146,23146,23146,2,0
2024-06-19 15:00:08.001,23146,23146,23146,2,0
2024-06-19 15:00:08.001,23146,23146,23146,2,0
2024-06-19 15:00:08.001,23145,23145,23145,2,-2
2024-06-19 15:00:08.001,23145,23145,23145,2,0
2024-06-19 15:00:08.001,23147,23147,23147,6,6
2024-06-19 15:00:08.001,23148,23148,23148,4,4
2024-06-19 15:00:09.001,23150,23150,23150,2,2
2024-06-19 15:00:09.001,23150,23150,23150,6,0
2024-06-19 15:00:09.001,23150,23150,23150,2,0
2024-06-19 15:00:09.001,23150,23150,23150,8,0
2024-06-19 15:00:09.001,23148,23148,23148,2,-2
2024-06-19 15:00:10.001,23148,23148,23148,2,0
2024-06-19 15:00:10.001,23148,23148,23148,2,0
2024-06-19 15:00:10.001,23148,23148,23148,2,0
2024-06-19 15:00:10.001,23148,23148,23148,2,0
2024-06-19 15:00:10.001,23148,23148,23148,2,0
2024-06-19 15:00:10.001,23148,23148,23148,2,0
2024-06-19 15:00:10.001,23148,23148,23148,2,0
2024-06-19 15:00:10.001,23148,23148,23148,2,0
2024-06-19 15:00:10.001,23150,23150,23150,2,2
2024-06-19 15:00:11.001,23149,23149,23149,4,-4
2024-06-19 15:00:11.001,23150,23150,23150,2,2
2024-06-19 15:00:11.001,23150,23150,23150,2,0
2024-06-19 15:00:11.001,23150,23150,23150,2,0
2024-06-19 15:00:11.001,23150,23150,23150,2,0
2024-06-19 15:00:11.001,23150,23150,23150,2,0
2024-06-19 15:00:11.001,23150,23150,23150,2,0
2024-06-19 15:00:12.001,23152,23152,23152,2,2
2024-06-19 15:00:12.001,23150,23150,23150,2,-2
2024-06-19 15:00:12.001,23149,23149,23149,2,-2
2024-06-19 15:00:13.001,23150,23150,23150,2,2
2024-06-19 15:00:13.001,23150,23150,23150,2,0
2024-06-19 15:00:13.001,23150,23150,23150,2,0
2024-06-19 15:00:14.001,23150,23150,23150,2,0
2024-06-19 15:00:14.001,23149,23149,23149,2,-2
2024-06-19 15:00:14.001,23149,23149,23149,2,0
2024-06-19 15:00:14.001,23149,23149,23149,2,0
2024-06-19 15:00:14.001,23149,23149,23149,2,0
2024-06-19 15:00:14.001,23148,23148,23148,2,-2
2024-06-19 15:00:14.001,23148,23148,23148,2,0
2024-06-19 15:00:14.001,23148,23148,23148,2,0
2024-06-19 15:00:14.001,23148,23148,23148,2,0
2024-06-19 15:00:14.001,23148,23148,23148,2,0
2024-06-19 15:00:14.001,23148,23148,23148,2,0
2024-06-19 15:00:14.001,23149,23149,23149,2,2
2024-06-19 15:00:14.001,23149,23149,23149,2,0
2024-06-19 15:00:14.001,23148,23148,23148,2,-2
2024-06-19 15:00:14.001,23149,23149,23149,2,2
2024-06-19 15:00:14.001,23149,23149,23149,2,0
2024-06-19 15:00:14.001,23149,23149,23149,2,0
2024-06-19 15:00:15.001,23149,23149,23149,2,0
2024-06-19 15:00:15.001,23147,23147,23147,2,-2
2024-06-19 15:00:15.001,23147,23147,23147,2,0
2024-06-19 15:00:15.001,23147,23147,23147,2,0
2024-06-19 15:00:15.001,23147,23147,23147,2,0
2024-06-19 15:00:15.001,23147,23147,23147,2,0
2024-06-19 15:00:15.001,23147,23147,23147,2,0
2024-06-19 15:00:15.001,23146,23146,23146,2,-2
2024-06-19 15:00:15.001,23146,23146,23146,8,0
2024-06-19 15:00:15.001,23146,23146,23146,2,0
2024-06-19 15:00:15.001,23146,23146,23146,2,0
2024-06-19 15:00:15.001,23146,23146,23146,2,0
2024-06-19 15:00:15.001,23146,23146,23146,2,0
2024-06-19 15:00:15.001,23145,23145,23145,2,-2
2024-06-19 15:00:16.001,23145,23145,23145,2,0
2024-06-19 15:00:16.001,23145,23145,23145,2,0
2024-06-19 15:00:16.001,23145,23145,23145,2,0
2024-06-19 15:00:16.001,23144,23144,23144,2,-2
2024-06-19 15:00:17.001,23145,23145,23145,4,4
2024-06-19 15:00:17.001,23145,23145,23145,2,0
2024-06-19 15:00:17.001,23145,23145,23145,2,0
2024-06-19 15:00:17.001,23143,23143,23143,2,-2
2024-06-19 15:00:17.001,23143,23143,23143,2,0
2024-06-19 15:00:19.001,23144,23144,23144,10,10
2024-06-19 15:00:19.001,23145,23145,23145,2,2
2024-06-19 15:00:19.001,23144,23144,23144,2,-2
2024-06-19 15:00:21.001,23142,23142,23142,2,-2
2024-06-19 15:00:22.001,23142,23142,23142,2,0
2024-06-19 15:00:22.001,23142,23142,23142,2,0
2024-06-19 15:00:22.001,23142,23142,23142,2,0
2024-06-19 15:00:22.001,23141,23141,23141,2,-2
2024-06-19 15:00:22.001,23141,23141,23141,2,0
2024-06-19 15:00:22.001,23141,23141,23141,2,0
2024-06-19 15:00:22.001,23141,23141,23141,2,0
2024-06-19 15:00:23.001,23144,23144,23144,2,2
2024-06-19 15:00:23.001,23143,23143,23143,6,-6
2024-06-19 15:00:23.001,23144,23144,23144,2,2
2024-06-19 15:00:23.001,23142,23142,23142,2,-2
2024-06-19 15:00:23.001,23141,23141,23141,2,-2
2024-06-19 15:00:24.001,23142,23142,23142,2,2
2024-06-19 15:00:25.001,23144,23144,23144,2,2
2024-06-19 15:00:25.001,23142,23142,23142,2,-2
2024-06-19 15:00:25.001,23144,23144,23144,2,2
2024-06-19 15:00:25.001,23142,23142,23142,2,-2
2024-06-19 15:00:26.001,23144,23144,23144,2,2
2024-06-19 15:00:26.001,23145,23145,23145,2,2
2024-06-19 15:00:26.001,23145,23145,23145,2,0
2024-06-19 15:00:26.001,23146,23146,23146,2,2
2024-06-19 15:00:27.001,23146,23146,23146,4,0
2024-06-19 15:00:27.001,23144,23144,23144,2,-2
2024-06-19 15:00:27.001,23144,23144,23144,2,0
2024-06-19 15:00:27.001,23144,23144,23144,2,0
2024-06-19 15:00:27.001,23144,23144,23144,2,0
2024-06-19 15:00:27.001,23144,23144,23144,2,0
2024-06-19 15:00:28.001,23145,23145,23145,2,2
2024-06-19 15:00:28.001,23145,23145,23145,2,0
2024-06-19 15:00:28.001,23146,23146,23146,4,4
2024-06-19 15:00:28.001,23147,23147,23147,12,12
2024-06-19 15:00:28.001,23148,23148,23148,10,10
2024-06-19 15:00:28.001,23146,23146,23146,2,-2
2024-06-19 15:00:29.001,23145,23145,23145,2,-2
2024-06-19 15:00:29.001,23148,23148,23148,4,4
2024-06-19 15:00:30.001,23147,23147,23147,2,-2
2024-06-19 15:00:30.001,23147,23147,23147,2,0
2024-06-19 15:00:30.001,23146,23146,23146,2,-2
2024-06-19 15:00:30.001,23146,23146,23146,2,0
2024-06-19 15:00:30.001,23146,23146,23146,2,0
2024-06-19 15:00:30.001,23146,23146,23146,2,0
2024-06-19 15:00:30.001,23146,23146,23146,2,0
2024-06-19 15:00:30.001,23145,23145,23145,2,-2
2024-06-19 15:00:30.001,23145,23145,23145,2,0
2024-06-19 15:00:30.001,23145,23145,23145,2,0
2024-06-19 15:00:30.001,23145,23145,23145,2,0
2024-06-19 15:00:30.001,23145,23145,23145,2,0
2024-06-19 15:00:30.001,23145,23145,23145,2,0
2024-06-19 15:00:30.001,23144,23144,23144,2,-2
2024-06-19 15:00:30.001,23144,23144,23144,2,0
2024-06-19 15:00:30.001,23144,23144,23144,2,0
2024-06-19 15:00:30.001,23144,23144,23144,2,0
2024-06-19 15:00:30.001,23144,23144,23144,2,0
2024-06-19 15:00:30.001,23144,23144,23144,2,0
2024-06-19 15:00:30.001,23144,23144,23144,2,0
2024-06-19 15:00:30.001,23147,23147,23147,2,2
2024-06-19 15:00:30.001,23148,23148,23148,2,2
2024-06-19 15:00:31.001,23147,23147,23147,4,-4
2024-06-19 15:00:31.001,23146,23146,23146,2,-2
2024-06-19 15:00:31.001,23145,23145,23145,2,-2
2024-06-19 15:00:32.001,23147,23147,23147,2,2
2024-06-19 15:00:32.001,23148,23148,23148,4,4
2024-06-19 15:00:33.001,23148,23148,23148,2,0
2024-06-19 15:00:34.001,23146,23146,23146,2,-2
2024-06-19 15:00:36.001,23148,23148,23148,2,2
2024-06-19 15:00:36.001,23147,23147,23147,4,-4
2024-06-19 15:00:38.001,23148,23148,23148,8,8
2024-06-19 15:00:38.001,23149,23149,23149,2,2
2024-06-19 15:00:38.001,23149,23149,23149,6,0
2024-06-19 15:00:38.001,23149,23149,23149,4,0
2024-06-19 15:00:39.001,23148,23148,23148,2,-2
2024-06-19 15:00:40.001,23149,23149,23149,10,10
2024-06-19 15:00:41.001,23150,23150,23150,10,10
2024-06-19 15:00:41.001,23150,23150,23150,2,0
2024-06-19 15:00:41.001,23151,23151,23151,4,4
2024-06-19 15:00:41.001,23151,23151,23151,2,0
2024-06-19 15:00:42.001,23150,23150,23150,2,-2
2024-06-19 15:00:42.001,23150,23150,23150,2,0
2024-06-19 15:00:42.001,23150,23150,23150,2,0
2024-06-19 15:00:42.001,23152,23152,23152,4,4
2024-06-19 15:00:42.001,23150,23150,23150,2,-2
2024-06-19 15:00:43.001,23150,23150,23150,2,0
2024-06-19 15:00:43.001,23152,23152,23152,2,2
2024-06-19 15:00:44.001,23152,23152,23152,2,0
2024-06-19 15:00:44.001,23152,23152,23152,2,0
2024-06-19 15:00:45.001,23153,23153,23153,4,4
2024-06-19 15:00:45.001,23153,23153,23153,30,0
2024-06-19 15:00:45.001,23154,23154,23154,2,2
2024-06-19 15:00:45.001,23153,23153,23153,2,-2
2024-06-19 15:00:45.001,23153,23153,23153,2,0
2024-06-19 15:00:45.001,23153,23153,23153,2,0
2024-06-19 15:00:46.001,23154,23154,23154,2,2
2024-06-19 15:00:47.001,23154,23154,23154,4,0
2024-06-19 15:00:48.001,23154,23154,23154,2,0
2024-06-19 15:00:48.001,23155,23155,23155,2,2
2024-06-19 15:00:49.001,23155,23155,23155,2,0
2024-06-19 15:00:50.001,23154,23154,23154,2,-2
2024-06-19 15:00:50.001,23154,23154,23154,6,0
2024-06-19 15:00:51.001,23155,23155,23155,2,2
2024-06-19 15:00:51.001,23155,23155,23155,2,0
2024-06-19 15:00:51.001,23155,23155,23155,2,0
2024-06-19 15:00:51.001,23155,23155,23155,2,0
2024-06-19 15:00:51.001,23155,23155,23155,2,0
2024-06-19 15:00:51.001,23155,23155,23155,2,0
2024-06-19 15:00:51.001,23154,23154,23154,4,-4
2024-06-19 15:00:51.001,23154,23154,23154,2,0
2024-06-19 15:00:51.001,23153,23153,23153,2,-2
2024-06-19 15:00:51.001,23153,23153,23153,2,0
2024-06-19 15:00:52.001,23154,23154,23154,2,2
2024-06-19 15:00:52.001,23152,23152,23152,2,-2
2024-06-19 15:00:52.001,23152,23152,23152,2,0
2024-06-19 15:00:52.001,23154,23154,23154,2,2
2024-06-19 15:00:52.001,23154,23154,23154,2,0
2024-06-19 15:00:54.001,23153,23153,23153,2,-2
2024-06-19 15:00:54.001,23153,23153,23153,2,0
2024-06-19 15:00:54.001,23152,23152,23152,2,-2
2024-06-19 15:00:54.001,23152,23152,23152,2,0
2024-06-19 15:00:54.001,23152,23152,23152,2,0
2024-06-19 15:00:54.001,23152,23152,23152,2,0
2024-06-19 15:00:54.001,23154,23154,23154,2,2
2024-06-19 15:00:54.001,23154,23154,23154,2,0
2024-06-19 15:00:54.001,23154,23154,23154,2,0
2024-06-19 15:00:55.001,23154,23154,23154,2,0
2024-06-19 15:00:55.001,23154,23154,23154,2,0
2024-06-19 15:00:55.001,23152,23152,23152,2,-2
2024-06-19 15:00:55.001,23151,23151,23151,2,-2
2024-06-19 15:00:55.001,23151,23151,23151,2,0
2024-06-19 15:00:56.001,23153,23153,23153,2,2
2024-06-19 15:00:56.001,23151,23151,23151,2,-2
2024-06-19 15:00:56.001,23151,23151,23151,2,0
2024-06-19 15:00:56.001,23151,23151,23151,4,0
2024-06-19 15:00:56.001,23151,23151,23151,2,0
2024-06-19 15:00:56.001,23151,23151,23151,2,0
2024-06-19 15:00:56.001,23150,23150,23150,2,-2
2024-06-19 15:00:56.001,23150,23150,23150,2,0
2024-06-19 15:00:56.001,23150,23150,23150,2,0
2024-06-19 15:00:56.001,23150,23150,23150,2,0
2024-06-19 15:00:56.001,23150,23150,23150,2,0
2024-06-19 15:00:56.001,23150,23150,23150,2,0
2024-06-19 15:00:56.001,23150,23150,23150,4,0
2024-06-19 15:00:56.001,23150,23150,23150,2,0
2024-06-19 15:00:56.001,23149,23149,23149,2,-2
2024-06-19 15:00:56.001,23149,23149,23149,2,0
2024-06-19 15:00:56.001,23149,23149,23149,2,0
2024-06-19 15:00:56.001,23148,23148,23148,2,-2
2024-06-19 15:00:57.001,23149,23149,23149,2,2
2024-06-19 15:00:57.001,23149,23149,23149,2,0
2024-06-19 15:00:57.001,23149,23149,23149,2,0
2024-06-19 15:00:58.001,23146,23146,23146,2,-2
2024-06-19 15:00:59.001,23149,23149,23149,12,12
2024-06-19 15:00:59.001,23150,23150,23150,2,2
2024-06-19 15:01:00.001,23151,23151,23151,2,2
2024-06-19 15:01:00.001,23152,23152,23152,2,2
2024-06-19 15:01:00.001,23150,23150,23150,2,-2
2024-06-19 15:01:00.001,23150,23150,23150,2,0
2024-06-19 15:01:00.001,23149,23149,23149,2,-2
2024-06-19 15:01:00.001,23149,23149,23149,2,0
2024-06-19 15:01:00.001,23151,23151,23151,2,2
2024-06-19 15:01:00.001,23151,23151,23151,2,0
2024-06-19 15:01:00.001,23150,23150,23150,2,-2
2024-06-19 15:01:00.001,23151,23151,23151,10,10
2024-06-19 15:01:00.001,23152,23152,23152,12,12
2024-06-19 15:01:00.001,23152,23152,23152,12,0
2024-06-19 15:01:00.001,23153,23153,23153,6,6
2024-06-19 15:01:00.001,23153,23153,23153,2,0
2024-06-19 15:01:00.001,23154,23154,23154,2,2
2024-06-19 15:01:00.001,23154,23154,23154,2,0
2024-06-19 15:01:00.001,23154,23154,23154,2,0
2024-06-19 15:01:00.001,23154,23154,23154,2,0
2024-06-19 15:01:00.001,23154,23154,23154,6,0
2024-06-19 15:01:00.001,23155,23155,23155,2,2
2024-06-19 15:01:00.001,23155,23155,23155,2,0
2024-06-19 15:01:00.001,23155,23155,23155,2,0
2024-06-19 15:01:00.001,23155,23155,23155,10,0
2024-06-19 15:01:00.001,23155,23155,23155,10,0
2024-06-19 15:01:00.001,23155,23155,23155,2,0
2024-06-19 15:01:00.001,23155,23155,23155,12,0
2024-06-19 15:01:00.001,23156,23156,23156,4,4
2024-06-19 15:01:00.001,23156,23156,23156,10,0
2024-06-19 15:01:00.001,23156,23156,23156,8,0
2024-06-19 15:01:00.001,23156,23156,23156,2,0
2024-06-19 15:01:00.001,23156,23156,23156,4,0
2024-06-19 15:01:00.001,23157,23157,23157,2,2
2024-06-19 15:01:00.001,23156,23156,23156,2,-2
2024-06-19 15:01:00.001,23155,23155,23155,2,-2
2024-06-19 15:01:00.001,23155,23155,23155,2,0
2024-06-19 15:01:00.001,23154,23154,23154,2,-2
2024-06-19 15:01:00.001,23154,23154,23154,2,0
2024-06-19 15:01:00.001,23153,23153,23153,2,-2
2024-06-19 15:01:00.001,23153,23153,23153,2,0
2024-06-19 15:01:00.001,23155,23155,23155,4,4
2024-06-19 15:01:00.001,23156,23156,23156,4,4
2024-06-19 15:01:00.001,23156,23156,23156,4,0
2024-06-19 15:01:00.001,23153,23153,23153,2,-2
2024-06-19 15:01:00.001,23153,23153,23153,2,0
2024-06-19 15:01:00.001,23153,23153,23153,2,0
2024-06-19 15:01:00.001,23153,23153,23153,2,0
2024-06-19 15:01:00.001,23152,23152,23152,2,-2
2024-06-19 15:01:00.001,23152,23152,23152,2,0
2024-06-19 15:01:00.001,23152,23152,23152,10,0
2024-06-19 15:01:00.001,23152,23152,23152,2,0
2024-06-19 15:01:00.001,23151,23151,23151,2,-2
2024-06-19 15:01:00.001,23151,23151,23151,2,0
2024-06-19 15:01:00.001,23151,23151,23151,2,0
2024-06-19 15:01:00.001,23151,23151,23151,2,0
2024-06-19 15:01:00.001,23151,23151,23151,2,0
2024-06-19 15:01:00.001,23150,23150,23150,2,-2
2024-06-19 15:01:00.001,23150,23150,23150,2,0
2024-06-19 15:01:00.001,23150,23150,23150,2,0
2024-06-19 15:01:00.001,23150,23150,23150,2,0
2024-06-19 15:01:00.001,23150,23150,23150,2,0
2024-06-19 15:01:00.001,23150,23150,23150,2,0
2024-06-19 15:01:00.001,23149,23149,23149,2,-2
2024-06-19 15:01:00.001,23148,23148,23148,2,-2
2024-06-19 15:01:00.001,23147,23147,23147,2,-2
2024-06-19 15:01:00.001,23147,23147,23147,2,0
2024-06-19 15:01:00.001,23147,23147,23147,4,0
2024-06-19 15:01:00.001,23149,23149,23149,10,10
2024-06-19 15:01:00.001,23149,23149,23149,4,0
2024-06-19 15:01:00.001,23149,23149,23149,2,0
2024-06-19 15:01:00.001,23147,23147,23147,2,-2
2024-06-19 15:01:00.001,23151,23151,23151,6,6
2024-06-19 15:01:01.001,23150,23150,23150,2,-2
2024-06-19 15:01:01.001,23150,23150,23150,2,0
2024-06-19 15:01:01.001,23151,23151,23151,2,2
2024-06-19 15:01:01.001,23151,23151,23151,2,0
2024-06-19 15:01:01.001,23151,23151,23151,4,0
2024-06-19 15:01:01.001,23151,23151,23151,6,0
2024-06-19 15:01:01.001,23153,23153,23153,12,12
2024-06-19 15:01:01.001,23151,23151,23151,2,-2
2024-06-19 15:01:01.001,23151,23151,23151,2,0
2024-06-19 15:01:01.001,23151,23151,23151,2,0
2024-06-19 15:01:01.001,23153,23153,23153,2,2
2024-06-19 15:01:02.001,23154,23154,23154,2,2
2024-06-19 15:01:02.001,23154,23154,23154,2,0
2024-06-19 15:01:02.001,23153,23153,23153,2,-2
2024-06-19 15:01:02.001,23153,23153,23153,2,0
2024-06-19 15:01:03.001,23151,23151,23151,2,-2
2024-06-19 15:01:03.001,23152,23152,23152,6,6
2024-06-19 15:01:03.001,23153,23153,23153,8,8
2024-06-19 15:01:03.001,23152,23152,23152,2,-2
2024-06-19 15:01:03.001,23152,23152,23152,2,0
2024-06-19 15:01:03.001,23151,23151,23151,2,-2
2024-06-19 15:01:03.001,23151,23151,23151,2,0
2024-06-19 15:01:03.001,23151,23151,23151,2,0
2024-06-19 15:01:03.001,23150,23150,23150,2,-2
2024-06-19 15:01:03.001,23150,23150,23150,2,0
2024-06-19 15:01:03.001,23150,23150,23150,2,0
2024-06-19 15:01:03.001,23151,23151,23151,2,2
2024-06-19 15:01:03.001,23152,23152,23152,2,2
2024-06-19 15:01:03.001,23150,23150,23150,2,-2
2024-06-19 15:01:03.001,23149,23149,23149,2,-2
2024-06-19 15:01:03.001,23149,23149,23149,2,0
2024-06-19 15:01:03.001,23150,23150,23150,6,6
2024-06-19 15:01:04.001,23152,23152,23152,4,4
2024-06-19 15:01:04.001,23152,23152,23152,6,0
2024-06-19 15:01:04.001,23153,23153,23153,6,6
2024-06-19 15:01:04.001,23153,23153,23153,2,0
2024-06-19 15:01:04.001,23154,23154,23154,2,2
2024-06-19 15:01:04.001,23154,23154,23154,6,0
2024-06-19 15:01:04.001,23153,23153,23153,2,-2
2024-06-19 15:01:04.001,23152,23152,23152,2,-2
2024-06-19 15:01:04.001,23153,23153,23153,6,6
2024-06-19 15:01:05.001,23153,23153,23153,2,0
2024-06-19 15:01:05.001,23153,23153,23153,4,0
2024-06-19 15:01:05.001,23150,23150,23150,2,-2
2024-06-19 15:01:05.001,23150,23150,23150,2,0
2024-06-19 15:01:05.001,23150,23150,23150,2,0
2024-06-19 15:01:05.001,23150,23150,23150,2,0
2024-06-19 15:01:05.001,23150,23150,23150,2,0
2024-06-19 15:01:05.001,23149,23149,23149,2,-2
2024-06-19 15:01:05.001,23149,23149,23149,2,0
2024-06-19 15:01:05.001,23149,23149,23149,2,0
2024-06-19 15:01:05.001,23148,23148,23148,2,-2
2024-06-19 15:01:05.001,23148,23148,23148,2,0
2024-06-19 15:01:05.001,23148,23148,23148,2,0
2024-06-19 15:01:05.001,23147,23147,23147,2,-2
2024-06-19 15:01:05.001,23147,23147,23147,2,0
2024-06-19 15:01:05.001,23147,23147,23147,2,0
2024-06-19 15:01:05.001,23147,23147,23147,2,0
2024-06-19 15:01:05.001,23149,23149,23149,6,6
2024-06-19 15:01:05.001,23148,23148,23148,2,-2
2024-06-19 15:01:05.001,23148,23148,23148,2,0
2024-06-19 15:01:05.001,23148,23148,23148,2,0
2024-06-19 15:01:05.001,23148,23148,23148,2,0
2024-06-19 15:01:05.001,23147,23147,23147,4,-4
2024-06-19 15:01:05.001,23147,23147,23147,4,0
2024-06-19 15:01:05.001,23147,23147,23147,4,0
2024-06-19 15:01:05.001,23147,23147,23147,4,0
2024-06-19 15:01:05.001,23147,23147,23147,4,0
2024-06-19 15:01:05.001,23147,23147,23147,4,0
2024-06-19 15:01:06.001,23147,23147,23147,2,0
2024-06-19 15:01:06.001,23147,23147,23147,2,0
2024-06-19 15:01:06.001,23149,23149,23149,2,2
2024-06-19 15:01:06.001,23150,23150,23150,2,2
2024-06-19 15:01:06.001,23150,23150,23150,2,0
2024-06-19 15:01:06.001,23152,23152,23152,2,2
2024-06-19 15:01:06.001,23151,23151,23151,2,-2
2024-06-19 15:01:07.001,23151,23151,23151,2,0
2024-06-19 15:01:07.001,23153,23153,23153,2,2
2024-06-19 15:01:07.001,23154,23154,23154,6,6
2024-06-19 15:01:07.001,23154,23154,23154,4,0
2024-06-19 15:01:08.001,23155,23155,23155,2,2
2024-06-19 15:01:08.001,23155,23155,23155,2,0
2024-06-19 15:01:09.001,23154,23154,23154,2,-2
2024-06-19 15:01:09.001,23155,23155,23155,4,4
2024-06-19 15:01:09.001,23155,23155,23155,10,0
2024-06-19 15:01:09.001,23155,23155,23155,2,0
2024-06-19 15:01:09.001,23156,23156,23156,8,8
2024-06-19 15:01:09.001,23156,23156,23156,12,0
2024-06-19 15:01:09.001,23155,23155,23155,2,-2
2024-06-19 15:01:09.001,23155,23155,23155,2,0
2024-06-19 15:01:09.001,23155,23155,23155,2,0
2024-06-19 15:01:09.001,23155,23155,23155,2,0
2024-06-19 15:01:09.001,23154,23154,23154,2,-2
2024-06-19 15:01:09.001,23154,23154,23154,2,0
2024-06-19 15:01:09.001,23154,23154,23154,2,0
2024-06-19 15:01:09.001,23154,23154,23154,4,0
2024-06-19 15:01:10.001,23156,23156,23156,2,2
2024-06-19 15:01:10.001,23157,23157,23157,2,2
2024-06-19 15:01:10.001,23157,23157,23157,2,0
2024-06-19 15:01:10.001,23157,23157,23157,2,0
2024-06-19 15:01:10.001,23157,23157,23157,2,0
2024-06-19 15:01:10.001,23158,23158,23158,2,2
2024-06-19 15:01:10.001,23155,23155,23155,2,-2
2024-06-19 15:01:10.001,23155,23155,23155,2,0
2024-06-19 15:01:11.001,23158,23158,23158,4,4
2024-06-19 15:01:11.001,23158,23158,23158,4,0
2024-06-19 15:01:12.001,23158,23158,23158,14,0
2024-06-19 15:01:12.001,23158,23158,23158,2,0
2024-06-19 15:01:12.001,23158,23158,23158,2,0
2024-06-19 15:01:13.001,23158,23158,23158,2,0
2024-06-19 15:01:13.001,23157,23157,23157,2,-2
2024-06-19 15:01:13.001,23157,23157,23157,2,0
2024-06-19 15:01:13.001,23156,23156,23156,8,-8
2024-06-19 15:01:13.001,23158,23158,23158,2,2
2024-06-19 15:01:14.001,23158,23158,23158,2,0
2024-06-19 15:01:14.001,23159,23159,23159,10,10
2024-06-19 15:01:14.001,23157,23157,23157,2,-2
2024-06-19 15:01:14.001,23158,23158,23158,2,2
2024-06-19 15:01:14.001,23156,23156,23156,2,-2
2024-06-19 15:01:14.001,23156,23156,23156,2,0
2024-06-19 15:01:14.001,23156,23156,23156,2,0
2024-06-19 15:01:14.001,23156,23156,23156,2,0
2024-06-19 15:01:14.001,23158,23158,23158,2,2
2024-06-19 15:01:14.001,23158,23158,23158,2,0
2024-06-19 15:01:15.001,23156,23156,23156,2,-2
2024-06-19 15:01:15.001,23158,23158,23158,6,6
2024-06-19 15:01:15.001,23158,23158,23158,2,0
2024-06-19 15:01:15.001,23159,23159,23159,4,4
2024-06-19 15:01:15.001,23156,23156,23156,2,-2
2024-06-19 15:01:15.001,23156,23156,23156,2,0
2024-06-19 15:01:15.001,23156,23156,23156,2,0
2024-06-19 15:01:17.001,23158,23158,23158,6,6
2024-06-19 15:01:17.001,23158,23158,23158,2,0
2024-06-19 15:01:17.001,23159,23159,23159,4,4
2024-06-19 15:01:17.001,23159,23159,23159,4,0
2024-06-19 15:01:17.001,23158,23158,23158,2,-2
2024-06-19 15:01:17.001,23158,23158,23158,2,0
2024-06-19 15:01:18.001,23160,23160,23160,4,4
2024-06-19 15:01:18.001,23160,23160,23160,2,0
2024-06-19 15:01:18.001,23160,23160,23160,2,0
2024-06-19 15:01:18.001,23160,23160,23160,4,0
2024-06-19 15:01:18.001,23160,23160,23160,8,0
2024-06-19 15:01:18.001,23158,23158,23158,2,-2
2024-06-19 15:01:18.001,23161,23161,23161,10,10
2024-06-19 15:01:19.001,23162,23162,23162,2,2
2024-06-19 15:01:19.001,23161,23161,23161,10,-10
2024-06-19 15:01:19.001,23158,23158,23158,2,-2
2024-06-19 15:01:19.001,23158,23158,23158,2,0
2024-06-19 15:01:19.001,23158,23158,23158,2,0
2024-06-19 15:01:20.001,23160,23160,23160,2,2
2024-06-19 15:01:20.001,23160,23160,23160,4,0
2024-06-19 15:01:20.001,23161,23161,23161,6,6
2024-06-19 15:01:20.001,23161,23161,23161,2,0
2024-06-19 15:01:20.001,23159,23159,23159,2,-2
2024-06-19 15:01:20.001,23159,23159,23159,2,0
2024-06-19 15:01:20.001,23159,23159,23159,2,0
2024-06-19 15:01:20.001,23159,23159,23159,2,0
2024-06-19 15:01:20.001,23158,23158,23158,2,-2
2024-06-19 15:01:20.001,23158,23158,23158,2,0
2024-06-19 15:01:20.001,23158,23158,23158,2,0
2024-06-19 15:01:20.001,23158,23158,23158,2,0
2024-06-19 15:01:20.001,23158,23158,23158,2,0
2024-06-19 15:01:20.001,23158,23158,23158,12,0
2024-06-19 15:01:20.001,23160,23160,23160,4,4
2024-06-19 15:01:20.001,23160,23160,23160,4,0
2024-06-19 15:01:20.001,23159,23159,23159,2,-2
2024-06-19 15:01:21.001,23160,23160,23160,2,2
2024-06-19 15:01:21.001,23159,23159,23159,2,-2
2024-06-19 15:01:22.001,23161,23161,23161,2,2
2024-06-19 15:01:22.001,23161,23161,23161,2,0
2024-06-19 15:01:22.001,23161,23161,23161,4,0
2024-06-19 15:01:22.001,23161,23161,23161,2,0
2024-06-19 15:01:22.001,23159,23159,23159,2,-2
2024-06-19 15:01:23.001,23161,23161,23161,2,2
2024-06-19 15:01:23.001,23161,23161,23161,8,0
2024-06-19 15:01:23.001,23161,23161,23161,2,0
2024-06-19 15:01:23.001,23162,23162,23162,4,4
2024-06-19 15:01:23.001,23162,23162,23162,12,0
2024-06-19 15:01:24.001,23162,23162,23162,4,0
2024-06-19 15:01:24.001,23162,23162,23162,2,0
2024-06-19 15:01:24.001,23162,23162,23162,2,0
2024-06-19 15:01:24.001,23162,23162,23162,2,0
2024-06-19 15:01:24.001,23163,23163,23163,2,2
2024-06-19 15:01:24.001,23163,23163,23163,24,0
2024-06-19 15:01:24.001,23163,23163,23163,4,0
2024-06-19 15:01:24.001,23163,23163,23163,2,0
2024-06-19 15:01:24.001,23163,23163,23163,2,0
2024-06-19 15:01:25.001,23164,23164,23164,8,8
2024-06-19 15:01:25.001,23165,23165,23165,2,2
2024-06-19 15:01:25.001,23165,23165,23165,4,0
2024-06-19 15:01:25.001,23165,23165,23165,2,0
2024-06-19 15:01:25.001,23163,23163,23163,2,-2
2024-06-19 15:01:25.001,23163,23163,23163,2,0
2024-06-19 15:01:25.001,23163,23163,23163,2,0
2024-06-19 15:01:25.001,23163,23163,23163,2,0
2024-06-19 15:01:25.001,23163,23163,23163,2,0
2024-06-19 15:01:25.001,23162,23162,23162,2,-2
2024-06-19 15:01:25.001,23162,23162,23162,2,0
2024-06-19 15:01:25.001,23162,23162,23162,2,0
2024-06-19 15:01:25.001,23162,23162,23162,2,0
2024-06-19 15:01:25.001,23162,23162,23162,2,0
2024-06-19 15:01:25.001,23162,23162,23162,2,0
2024-06-19 15:01:25.001,23162,23162,23162,2,0
2024-06-19 15:01:25.001,23162,23162,23162,8,0
2024-06-19 15:01:25.001,23162,23162,23162,2,0
2024-06-19 15:01:25.001,23162,23162,23162,2,0
2024-06-19 15:01:25.001,23162,23162,23162,2,0
2024-06-19 15:01:25.001,23162,23162,23162,2,0
2024-06-19 15:01:25.001,23163,23163,23163,2,2
2024-06-19 15:01:25.001,23163,23163,23163,2,0
2024-06-19 15:01:25.001,23162,23162,23162,2,-2
2024-06-19 15:01:25.001,23162,23162,23162,2,0
2024-06-19 15:01:26.001,23164,23164,23164,6,6
2024-06-19 15:01:26.001,23165,23165,23165,2,2
2024-06-19 15:01:26.001,23165,23165,23165,12,0
2024-06-19 15:01:26.001,23166,23166,23166,2,2
2024-06-19 15:01:26.001,23166,23166,23166,2,0
2024-06-19 15:01:26.001,23163,23163,23163,2,-2
2024-06-19 15:01:27.001,23164,23164,23164,6,6
2024-06-19 15:01:27.001,23165,23165,23165,6,6
2024-06-19 15:01:27.001,23166,23166,23166,2,2
2024-06-19 15:01:27.001,23166,23166,23166,2,0
2024-06-19 15:01:27.001,23166,23166,23166,2,0
2024-06-19 15:01:27.001,23166,23166,23166,2,0
2024-06-19 15:01:28.001,23165,23165,23165,2,-2
2024-06-19 15:01:28.001,23166,23166,23166,4,4
2024-06-19 15:01:28.001,23166,23166,23166,4,0
2024-06-19 15:01:28.001,23164,23164,23164,2,-2
2024-06-19 15:01:29.001,23166,23166,23166,4,4
2024-06-19 15:01:29.001,23166,23166,23166,2,0
2024-06-19 15:01:29.001,23165,23165,23165,2,-2
2024-06-19 15:01:29.001,23167,23167,23167,2,2
2024-06-19 15:01:29.001,23165,23165,23165,4,-4
2024-06-19 15:01:29.001,23165,23165,23165,2,0
2024-06-19 15:01:30.001,23165,23165,23165,4,0
2024-06-19 15:01:30.001,23166,23166,23166,4,4
2024-06-19 15:01:30.001,23167,23167,23167,10,10
2024-06-19 15:01:30.001,23167,23167,23167,2,0
2024-06-19 15:01:30.001,23166,23166,23166,2,-2
2024-06-19 15:01:30.001,23165,23165,23165,2,-2
2024-06-19 15:01:30.001,23167,23167,23167,2,2
2024-06-19 15:01:30.001,23165,23165,23165,2,-2
2024-06-19 15:01:30.001,23165,23165,23165,2,0
2024-06-19 15:01:30.001,23165,23165,23165,2,0
2024-06-19 15:01:30.001,23164,23164,23164,2,-2
2024-06-19 15:01:30.001,23164,23164,23164,2,0
2024-06-19 15:01:30.001,23164,23164,23164,2,0
2024-06-19 15:01:30.001,23164,23164,23164,2,0
2024-06-19 15:01:30.001,23164,23164,23164,2,0
2024-06-19 15:01:30.001,23164,23164,23164,2,0
2024-06-19 15:01:30.001,23164,23164,23164,2,0
2024-06-19 15:01:30.001,23163,23163,23163,2,-2
2024-06-19 15:01:30.001,23163,23163,23163,2,0
2024-06-19 15:01:30.001,23163,23163,23163,2,0
2024-06-19 15:01:30.001,23163,23163,23163,2,0
2024-06-19 15:01:30.001,23162,23162,23162,2,-2
2024-06-19 15:01:30.001,23162,23162,23162,2,0
2024-06-19 15:01:30.001,23162,23162,23162,2,0
2024-06-19 15:01:30.001,23161,23161,23161,2,-2
2024-06-19 15:01:30.001,23161,23161,23161,2,0
2024-06-19 15:01:30.001,23160,23160,23160,2,-2
2024-06-19 15:01:30.001,23161,23161,23161,2,2
2024-06-19 15:01:30.001,23162,23162,23162,2,2
2024-06-19 15:01:30.001,23162,23162,23162,2,0
2024-06-19 15:01:30.001,23162,23162,23162,2,0
2024-06-19 15:01:30.001,23161,23161,23161,2,-2
2024-06-19 15:01:30.001,23161,23161,23161,2,0
2024-06-19 15:01:30.001,23160,23160,23160,2,-2
2024-06-19 15:01:30.001,23160,23160,23160,2,0
2024-06-19 15:01:30.001,23160,23160,23160,2,0
2024-06-19 15:01:30.001,23159,23159,23159,2,-2
2024-06-19 15:01:30.001,23159,23159,23159,2,0
2024-06-19 15:01:30.001,23159,23159,23159,2,0
2024-06-19 15:01:30.001,23159,23159,23159,2,0
2024-06-19 15:01:30.001,23159,23159,23159,2,0
2024-06-19 15:01:30.001,23159,23159,23159,2,0
2024-06-19 15:01:30.001,23158,23158,23158,2,-2
2024-06-19 15:01:30.001,23158,23158,23158,2,0
2024-06-19 15:01:30.001,23158,23158,23158,2,0
2024-06-19 15:01:30.001,23158,23158,23158,4,0
2024-06-19 15:01:31.001,23163,23163,23163,2,2
2024-06-19 15:01:31.001,23163,23163,23163,2,0
2024-06-19 15:01:31.001,23164,23164,23164,2,2
2024-06-19 15:01:31.001,23161,23161,23161,2,-2
2024-06-19 15:01:32.001,23162,23162,23162,2,2
2024-06-19 15:01:32.001,23164,23164,23164,12,12
2024-06-19 15:01:32.001,23164,23164,23164,2,0
2024-06-19 15:01:32.001,23165,23165,23165,6,6
2024-06-19 15:01:32.001,23165,23165,23165,8,0
2024-06-19 15:01:33.001,23166,23166,23166,2,2
2024-06-19 15:01:33.001,23166,23166,23166,2,0
2024-06-19 15:01:33.001,23166,23166,23166,4,0
2024-06-19 15:01:33.001,23166,23166,23166,2,0
2024-06-19 15:01:33.001,23166,23166,23166,2,0
2024-06-19 15:01:33.001,23166,23166,23166,2,0
2024-06-19 15:01:34.001,23166,23166,23166,2,0
2024-06-19 15:01:34.001,23166,23166,23166,2,0
2024-06-19 15:01:34.001,23165,23165,23165,2,-2
2024-06-19 15:01:35.001,23167,23167,23167,6,6
2024-06-19 15:01:35.001,23167,23167,23167,4,0
2024-06-19 15:01:35.001,23168,23168,23168,6,6
2024-06-19 15:01:36.001,23168,23168,23168,6,0
2024-06-19 15:01:36.001,23166,23166,23166,2,-2
2024-06-19 15:01:36.001,23167,23167,23167,2,2
2024-06-19 15:01:36.001,23165,23165,23165,2,-2
2024-06-19 15:01:36.001,23167,23167,23167,4,4
2024-06-19 15:01:36.001,23166,23166,23166,2,-2
2024-06-19 15:01:37.001,23166,23166,23166,2,0
2024-06-19 15:01:37.001,23168,23168,23168,2,2
2024-06-19 15:01:37.001,23168,23168,23168,2,0
2024-06-19 15:01:37.001,23166,23166,23166,2,-2
2024-06-19 15:01:37.001,23168,23168,23168,2,2
2024-06-19 15:01:38.001,23168,23168,23168,2,0
2024-06-19 15:01:38.001,23168,23168,23168,2,0
2024-06-19 15:01:38.001,23168,23168,23168,2,0
2024-06-19 15:01:38.001,23168,23168,23168,2,0
2024-06-19 15:01:38.001,23169,23169,23169,2,2
2024-06-19 15:01:38.001,23169,23169,23169,4,0
2024-06-19 15:01:38.001,23169,23169,23169,2,0
2024-06-19 15:01:38.001,23168,23168,23168,4,-4
2024-06-19 15:01:38.001,23167,23167,23167,2,-2
2024-06-19 15:01:38.001,23168,23168,23168,2,2
2024-06-19 15:01:38.001,23169,23169,23169,14,14
2024-06-19 15:01:38.001,23170,23170,23170,26,26
2024-06-19 15:01:38.001,23171,23171,23171,14,14
2024-06-19 15:01:38.001,23172,23172,23172,26,26
2024-06-19 15:01:38.001,23172,23172,23172,2,0
2024-06-19 15:01:38.001,23172,23172,23172,16,0
2024-06-19 15:01:38.001,23172,23172,23172,2,0
2024-06-19 15:01:39.001,23171,23171,23171,4,-4
2024-06-19 15:01:39.001,23172,23172,23172,6,6
2024-06-19 15:01:39.001,23172,23172,23172,2,0
2024-06-19 15:01:39.001,23169,23169,23169,2,-2
2024-06-19 15:01:39.001,23170,23170,23170,2,2
2024-06-19 15:01:39.001,23171,23171,23171,2,2
2024-06-19 15:01:39.001,23171,23171,23171,2,0
2024-06-19 15:01:39.001,23168,23168,23168,2,-2
2024-06-19 15:01:39.001,23168,23168,23168,2,0
2024-06-19 15:01:40.001,23170,23170,23170,2,2
2024-06-19 15:01:40.001,23170,23170,23170,2,0
2024-06-19 15:01:40.001,23170,23170,23170,4,0
2024-06-19 15:01:41.001,23170,23170,23170,4,0
2024-06-19 15:01:41.001,23171,23171,23171,4,4
2024-06-19 15:01:41.001,23172,23172,23172,2,2
2024-06-19 15:01:41.001,23169,23169,23169,2,-2
2024-06-19 15:01:41.001,23169,23169,23169,2,0
2024-06-19 15:01:41.001,23171,23171,23171,2,2
2024-06-19 15:01:42.001,23172,23172,23172,6,6
2024-06-19 15:01:42.001,23173,23173,23173,2,2
2024-06-19 15:01:42.001,23173,23173,23173,2,0
2024-06-19 15:01:42.001,23173,23173,23173,2,0
2024-06-19 15:01:42.001,23171,23171,23171,2,-2
2024-06-19 15:01:42.001,23173,23173,23173,20,20
2024-06-19 15:01:42.001,23174,23174,23174,4,4
2024-06-19 15:01:42.001,23172,23172,23172,2,-2
2024-06-19 15:01:42.001,23172,23172,23172,2,0
2024-06-19 15:01:42.001,23173,23173,23173,2,2
2024-06-19 15:01:42.001,23172,23172,23172,2,-2
2024-06-19 15:01:42.001,23174,23174,23174,2,2
2024-06-19 15:01:42.001,23174,23174,23174,2,0
2024-06-19 15:01:42.001,23174,23174,23174,2,0
2024-06-19 15:01:42.001,23174,23174,23174,4,0
2024-06-19 15:01:42.001,23175,23175,23175,2,2
2024-06-19 15:01:43.001,23173,23173,23173,2,-2
2024-06-19 15:01:43.001,23175,23175,23175,14,14
2024-06-19 15:01:43.001,23173,23173,23173,2,-2
2024-06-19 15:01:43.001,23173,23173,23173,2,0
2024-06-19 15:01:43.001,23173,23173,23173,2,0
2024-06-19 15:01:43.001,23172,23172,23172,2,-2
2024-06-19 15:01:43.001,23173,23173,23173,2,2
2024-06-19 15:01:43.001,23172,23172,23172,2,-2
2024-06-19 15:01:43.001,23173,23173,23173,2,2
2024-06-19 15:01:43.001,23171,23171,23171,2,-2
2024-06-19 15:01:43.001,23173,23173,23173,2,2
2024-06-19 15:01:43.001,23173,23173,23173,2,0
2024-06-19 15:01:44.001,23173,23173,23173,2,0
2024-06-19 15:01:44.001,23175,23175,23175,8,8
2024-06-19 15:01:44.001,23172,23172,23172,2,-2
2024-06-19 15:01:44.001,23175,23175,23175,2,2
2024-06-19 15:01:44.001,23172,23172,23172,2,-2
2024-06-19 15:01:45.001,23174,23174,23174,2,2
2024-06-19 15:01:45.001,23174,23174,23174,2,0
2024-06-19 15:01:46.001,23173,23173,23173,2,-2
2024-06-19 15:01:46.001,23174,23174,23174,4,4
2024-06-19 15:01:46.001,23175,23175,23175,4,4
2024-06-19 15:01:46.001,23173,23173,23173,2,-2
2024-06-19 15:01:46.001,23173,23173,23173,2,0
2024-06-19 15:01:46.001,23174,23174,23174,4,4
2024-06-19 15:01:46.001,23173,23173,23173,2,-2
2024-06-19 15:01:46.001,23172,23172,23172,2,-2
2024-06-19 15:01:47.001,23173,23173,23173,2,2
2024-06-19 15:01:47.001,23174,23174,23174,2,2
2024-06-19 15:01:47.001,23172,23172,23172,2,-2
2024-06-19 15:01:47.001,23175,23175,23175,2,2
2024-06-19 15:01:47.001,23172,23172,23172,2,-2
2024-06-19 15:01:47.001,23172,23172,23172,2,0
2024-06-19 15:01:47.001,23173,23173,23173,4,4
2024-06-19 15:01:47.001,23174,23174,23174,2,2
2024-06-19 15:01:48.001,23174,23174,23174,2,0
2024-06-19 15:01:48.001,23174,23174,23174,2,0
2024-06-19 15:01:48.001,23174,23174,23174,2,0
2024-06-19 15:01:48.001,23173,23173,23173,2,-2
2024-06-19 15:01:49.001,23175,23175,23175,6,6
2024-06-19 15:01:49.001,23176,23176,23176,8,8
2024-06-19 15:01:50.001,23175,23175,23175,6,-6
2024-06-19 15:01:50.001,23176,23176,23176,6,6
2024-06-19 15:01:50.001,23174,23174,23174,2,-2
2024-06-19 15:01:50.001,23174,23174,23174,2,0
2024-06-19 15:01:50.001,23174,23174,23174,2,0
2024-06-19 15:01:50.001,23175,23175,23175,2,2
2024-06-19 15:01:51.001,23174,23174,23174,2,-2
2024-06-19 15:01:51.001,23174,23174,23174,2,0
2024-06-19 15:01:51.001,23175,23175,23175,2,2
2024-06-19 15:01:51.001,23175,23175,23175,2,0
2024-06-19 15:01:51.001,23174,23174,23174,2,-2
2024-06-19 15:01:51.001,23173,23173,23173,2,-2
2024-06-19 15:01:51.001,23173,23173,23173,2,0
2024-06-19 15:01:51.001,23173,23173,23173,2,0
2024-06-19 15:01:51.001,23172,23172,23172,2,-2
2024-06-19 15:01:51.001,23173,23173,23173,2,2
2024-06-19 15:01:51.001,23174,23174,23174,2,2
2024-06-19 15:01:51.001,23172,23172,23172,2,-2
2024-06-19 15:01:52.001,23173,23173,23173,4,4
2024-06-19 15:01:52.001,23174,23174,23174,2,2
2024-06-19 15:01:52.001,23172,23172,23172,2,-2
2024-06-19 15:01:52.001,23174,23174,23174,4,4
2024-06-19 15:01:52.001,23175,23175,23175,18,18
2024-06-19 15:01:52.001,23176,23176,23176,24,24
2024-06-19 15:01:52.001,23177,23177,23177,34,34
2024-06-19 15:01:52.001,23177,23177,23177,2,0
2024-06-19 15:01:52.001,23177,23177,23177,2,0
2024-06-19 15:01:52.001,23177,23177,23177,2,0
2024-06-19 15:01:52.001,23177,23177,23177,6,0
2024-06-19 15:01:52.001,23177,23177,23177,8,0
2024-06-19 15:01:53.001,23176,23176,23176,4,-4
2024-06-19 15:01:53.001,23177,23177,23177,2,2
2024-06-19 15:01:53.001,23178,23178,23178,8,8
2024-06-19 15:01:53.001,23176,23176,23176,2,-2
2024-06-19 15:01:53.001,23176,23176,23176,2,0
2024-06-19 15:01:53.001,23175,23175,23175,2,-2
2024-06-19 15:01:53.001,23175,23175,23175,2,0
2024-06-19 15:01:53.001,23174,23174,23174,2,-2
2024-06-19 15:01:53.001,23177,23177,23177,4,4
2024-06-19 15:01:53.001,23178,23178,23178,2,2
2024-06-19 15:01:53.001,23176,23176,23176,2,-2
2024-06-19 15:01:53.001,23175,23175,23175,2,-2
2024-06-19 15:01:53.001,23177,23177,23177,4,4
2024-06-19 15:01:53.001,23178,23178,23178,10,10
2024-06-19 15:01:53.001,23176,23176,23176,2,-2
2024-06-19 15:01:54.001,23178,23178,23178,2,2
2024-06-19 15:01:54.001,23177,23177,23177,2,-2
2024-06-19 15:01:54.001,23177,23177,23177,2,0
2024-06-19 15:01:55.001,23178,23178,23178,4,4
2024-06-19 15:01:55.001,23178,23178,23178,2,0
2024-06-19 15:01:55.001,23179,23179,23179,6,6
2024-06-19 15:01:55.001,23177,23177,23177,2,-2
2024-06-19 15:01:55.001,23179,23179,23179,4,4
2024-06-19 15:01:55.001,23178,23178,23178,2,-2
2024-06-19 15:01:56.001,23179,23179,23179,2,2
2024-06-19 15:01:56.001,23179,23179,23179,2,0
2024-06-19 15:01:56.001,23179,23179,23179,2,0
2024-06-19 15:01:56.001,23179,23179,23179,2,0
2024-06-19 15:01:56.001,23180,23180,23180,18,18
2024-06-19 15:01:56.001,23180,23180,23180,6,0
2024-06-19 15:01:56.001,23179,23179,23179,2,-2
2024-06-19 15:01:57.001,23181,23181,23181,2,2
2024-06-19 15:01:57.001,23181,23181,23181,6,0
2024-06-19 15:01:57.001,23181,23181,23181,2,0
2024-06-19 15:01:57.001,23181,23181,23181,2,0
2024-06-19 15:01:57.001,23182,23182,23182,2,2
2024-06-19 15:01:57.001,23182,23182,23182,2,0
2024-06-19 15:01:58.001,23180,23180,23180,2,-2
2024-06-19 15:01:58.001,23180,23180,23180,2,0
2024-06-19 15:01:58.001,23181,23181,23181,2,2
2024-06-19 15:01:59.001,23182,23182,23182,2,2
2024-06-19 15:01:59.001,23181,23181,23181,4,-4
2024-06-19 15:01:59.001,23180,23180,23180,2,-2
2024-06-19 15:01:59.001,23180,23180,23180,2,0
2024-06-19 15:02:00.001,23182,23182,23182,2,2
2024-06-19 15:02:00.001,23182,23182,23182,4,0
2024-06-19 15:02:00.001,23179,23179,23179,2,-2
2024-06-19 15:02:00.001,23182,23182,23182,4,4
2024-06-19 15:02:00.001,23181,23181,23181,2,-2
2024-06-19 15:02:00.001,23179,23179,23179,2,-2
2024-06-19 15:02:00.001,23181,23181,23181,2,2
2024-06-19 15:02:00.001,23180,23180,23180,2,-2
2024-06-19 15:02:00.001,23179,23179,23179,2,-2
2024-06-19 15:02:00.001,23179,23179,23179,2,0
2024-06-19 15:02:00.001,23179,23179,23179,2,0
2024-06-19 15:02:00.001,23181,23181,23181,2,2
2024-06-19 15:02:00.001,23181,23181,23181,2,0
2024-06-19 15:02:00.001,23181,23181,23181,6,0
2024-06-19 15:02:00.001,23179,23179,23179,10,-10
2024-06-19 15:02:01.001,23181,23181,23181,2,2
2024-06-19 15:02:01.001,23181,23181,23181,6,0
2024-06-19 15:02:01.001,23182,23182,23182,18,18
2024-06-19 15:02:01.001,23183,23183,23183,18,18
2024-06-19 15:02:01.001,23184,23184,23184,14,14
2024-06-19 15:02:01.001,23185,23185,23185,46,46
2024-06-19 15:02:01.001,23186,23186,23186,4,4
2024-06-19 15:02:01.001,23184,23184,23184,2,-2
2024-06-19 15:02:01.001,23183,23183,23183,2,-2
2024-06-19 15:02:01.001,23186,23186,23186,4,4
2024-06-19 15:02:01.001,23183,23183,23183,2,-2
2024-06-19 15:02:01.001,23183,23183,23183,2,0
2024-06-19 15:02:01.001,23183,23183,23183,2,0
2024-06-19 15:02:01.001,23183,23183,23183,2,0
2024-06-19 15:02:01.001,23183,23183,23183,2,0
2024-06-19 15:02:02.001,23185,23185,23185,6,6
2024-06-19 15:02:02.001,23186,23186,23186,2,2
2024-06-19 15:02:02.001,23184,23184,23184,2,-2
2024-06-19 15:02:02.001,23186,23186,23186,6,6
2024-06-19 15:02:02.001,23186,23186,23186,8,0
2024-06-19 15:02:02.001,23185,23185,23185,2,-2
2024-06-19 15:02:02.001,23185,23185,23185,2,0
2024-06-19 15:02:02.001,23185,23185,23185,2,0
2024-06-19 15:02:03.001,23187,23187,23187,4,4
2024-06-19 15:02:03.001,23185,23185,23185,2,-2
2024-06-19 15:02:03.001,23184,23184,23184,2,-2
2024-06-19 15:02:03.001,23184,23184,23184,2,0
2024-06-19 15:02:03.001,23184,23184,23184,2,0
2024-06-19 15:02:03.001,23187,23187,23187,8,8
2024-06-19 15:02:03.001,23186,23186,23186,2,-2
2024-06-19 15:02:04.001,23186,23186,23186,2,0
2024-06-19 15:02:04.001,23187,23187,23187,2,2
2024-06-19 15:02:04.001,23186,23186,23186,2,-2
2024-06-19 15:02:04.001,23186,23186,23186,2,0
2024-06-19 15:02:04.001,23186,23186,23186,2,0
2024-06-19 15:02:04.001,23186,23186,23186,2,0
2024-06-19 15:02:05.001,23188,23188,23188,2,2
2024-06-19 15:02:05.001,23187,23187,23187,2,-2
2024-06-19 15:02:05.001,23188,23188,23188,2,2
2024-06-19 15:02:06.001,23188,23188,23188,2,0
2024-06-19 15:02:06.001,23188,23188,23188,2,0
2024-06-19 15:02:06.001,23188,23188,23188,2,0
2024-06-19 15:02:06.001,23188,23188,23188,4,0
2024-06-19 15:02:06.001,23188,23188,23188,4,0
2024-06-19 15:02:06.001,23188,23188,23188,6,0
2024-06-19 15:02:06.001,23188,23188,23188,2,0
2024-06-19 15:02:07.001,23189,23189,23189,6,6
2024-06-19 15:02:07.001,23189,23189,23189,2,0
2024-06-19 15:02:07.001,23189,23189,23189,2,0
2024-06-19 15:02:07.001,23188,23188,23188,2,-2
2024-06-19 15:02:07.001,23188,23188,23188,2,0
2024-06-19 15:02:07.001,23187,23187,23187,2,-2
2024-06-19 15:02:07.001,23189,23189,23189,4,4
2024-06-19 15:02:07.001,23190,23190,23190,8,8
2024-06-19 15:02:07.001,23190,23190,23190,2,0
2024-06-19 15:02:07.001,23190,23190,23190,6,0
2024-06-19 15:02:07.001,23189,23189,23189,2,-2
2024-06-19 15:02:07.001,23189,23189,23189,2,0
2024-06-19 15:02:07.001,23189,23189,23189,2,0
2024-06-19 15:02:08.001,23191,23191,23191,2,2
2024-06-19 15:02:08.001,23191,23191,23191,4,0
2024-06-19 15:02:08.001,23188,23188,23188,2,-2
2024-06-19 15:02:08.001,23188,23188,23188,2,0
2024-06-19 15:02:08.001,23188,23188,23188,2,0
2024-06-19 15:02:09.001,23189,23189,23189,4,4
2024-06-19 15:02:09.001,23189,23189,23189,2,0
2024-06-19 15:02:10.001,23190,23190,23190,2,2
2024-06-19 15:02:10.001,23189,23189,23189,2,-2
2024-06-19 15:02:10.001,23189,23189,23189,2,0
2024-06-19 15:02:10.001,23190,23190,23190,2,2
2024-06-19 15:02:10.001,23190,23190,23190,2,0
2024-06-19 15:02:10.001,23191,23191,23191,2,2
2024-06-19 15:02:11.001,23191,23191,23191,2,0
2024-06-19 15:02:11.001,23189,23189,23189,2,-2
2024-06-19 15:02:11.001,23189,23189,23189,2,0
2024-06-19 15:02:11.001,23191,23191,23191,4,4
2024-06-19 15:02:12.001,23192,23192,23192,4,4
2024-06-19 15:02:12.001,23192,23192,23192,2,0
2024-06-19 15:02:12.001,23192,23192,23192,2,0
2024-06-19 15:02:12.001,23192,23192,23192,2,0
2024-06-19 15:02:12.001,23193,23193,23193,4,4
2024-06-19 15:02:12.001,23194,23194,23194,2,2
2024-06-19 15:02:12.001,23195,23195,23195,4,4
2024-06-19 15:02:12.001,23195,23195,23195,4,0
2024-06-19 15:02:12.001,23195,23195,23195,2,0
2024-06-19 15:02:12.001,23195,23195,23195,2,0
2024-06-19 15:02:12.001,23193,23193,23193,2,-2
2024-06-19 15:02:12.001,23192,23192,23192,2,-2
2024-06-19 15:02:12.001,23191,23191,23191,2,-2
2024-06-19 15:02:12.001,23191,23191,23191,2,0
2024-06-19 15:02:12.001,23191,23191,23191,6,0
2024-06-19 15:02:12.001,23191,23191,23191,2,0
2024-06-19 15:02:12.001,23194,23194,23194,2,2
2024-06-19 15:02:12.001,23192,23192,23192,2,-2
2024-06-19 15:02:13.001,23194,23194,23194,2,2
2024-06-19 15:02:13.001,23194,23194,23194,4,0
2024-06-19 15:02:13.001,23194,23194,23194,2,0
2024-06-19 15:02:13.001,23194,23194,23194,2,0
2024-06-19 15:02:13.001,23194,23194,23194,2,0
2024-06-19 15:02:13.001,23194,23194,23194,2,0
2024-06-19 15:02:14.001,23196,23196,23196,6,6
2024-06-19 15:02:14.001,23196,23196,23196,2,0
2024-06-19 15:02:14.001,23197,23197,23197,10,10
2024-06-19 15:02:14.001,23198,23198,23198,2,2
2024-06-19 15:02:14.001,23195,23195,23195,2,-2
2024-06-19 15:02:14.001,23198,23198,23198,8,8
2024-06-19 15:02:14.001,23199,23199,23199,2,2
2024-06-19 15:02:14.001,23196,23196,23196,2,-2
2024-06-19 15:02:14.001,23196,23196,23196,2,0
2024-06-19 15:02:14.001,23196,23196,23196,2,0
2024-06-19 15:02:14.001,23196,23196,23196,2,0
2024-06-19 15:02:14.001,23196,23196,23196,2,0
2024-06-19 15:02:14.001,23195,23195,23195,2,-2
2024-06-19 15:02:14.001,23194,23194,23194,2,-2
2024-06-19 15:02:14.001,23195,23195,23195,2,2
2024-06-19 15:02:14.001,23193,23193,23193,2,-2
2024-06-19 15:02:15.001,23195,23195,23195,2,2
2024-06-19 15:02:15.001,23196,23196,23196,2,2
2024-06-19 15:02:15.001,23194,23194,23194,2,-2
2024-06-19 15:02:16.001,23196,23196,23196,12,12
2024-06-19 15:02:16.001,23197,23197,23197,2,2
2024-06-19 15:02:16.001,23197,23197,23197,2,0
2024-06-19 15:02:16.001,23197,23197,23197,6,0
2024-06-19 15:02:16.001,23197,23197,23197,2,0
2024-06-19 15:02:16.001,23196,23196,23196,2,-2
2024-06-19 15:02:16.001,23196,23196,23196,2,0
2024-06-19 15:02:17.001,23197,23197,23197,8,8
2024-06-19 15:02:17.001,23198,23198,23198,12,12
2024-06-19 15:02:17.001,23198,23198,23198,4,0
2024-06-19 15:02:18.001,23198,23198,23198,2,0
2024-06-19 15:02:18.001,23198,23198,23198,2,0
2024-06-19 15:02:18.001,23196,23196,23196,2,-2
2024-06-19 15:02:18.001,23196,23196,23196,2,0
2024-06-19 15:02:18.001,23196,23196,23196,2,0
2024-06-19 15:02:18.001,23198,23198,23198,6,6
2024-06-19 15:02:18.001,23196,23196,23196,2,-2
2024-06-19 15:02:18.001,23195,23195,23195,2,-2
2024-06-19 15:02:18.001,23195,23195,23195,2,0
2024-06-19 15:02:19.001,23196,23196,23196,2,2
2024-06-19 15:02:19.001,23198,23198,23198,4,4
2024-06-19 15:02:19.001,23196,23196,23196,2,-2
2024-06-19 15:02:20.001,23198,23198,23198,2,2
2024-06-19 15:02:20.001,23198,23198,23198,2,0
2024-06-19 15:02:20.001,23196,23196,23196,2,-2
2024-06-19 15:02:20.001,23196,23196,23196,2,0
2024-06-19 15:02:20.001,23197,23197,23197,2,2
2024-06-19 15:02:20.001,23198,23198,23198,2,2
2024-06-19 15:02:20.001,23196,23196,23196,2,-2
2024-06-19 15:02:20.001,23196,23196,23196,2,0
2024-06-19 15:02:20.001,23198,23198,23198,6,6
2024-06-19 15:02:20.001,23198,23198,23198,2,0
2024-06-19 15:02:20.001,23197,23197,23197,2,-2
2024-06-19 15:02:21.001,23197,23197,23197,2,0
2024-06-19 15:02:21.001,23197,23197,23197,2,0
2024-06-19 15:02:21.001,23198,23198,23198,4,4
2024-06-19 15:02:21.001,23195,23195,23195,2,-2
2024-06-19 15:02:21.001,23195,23195,23195,2,0
2024-06-19 15:02:21.001,23195,23195,23195,2,0
2024-06-19 15:02:21.001,23195,23195,23195,4,0
2024-06-19 15:02:21.001,23194,23194,23194,4,-4
2024-06-19 15:02:21.001,23194,23194,23194,2,0
2024-06-19 15:02:21.001,23194,23194,23194,2,0
2024-06-19 15:02:21.001,23194,23194,23194,2,0
2024-06-19 15:02:21.001,23193,23193,23193,2,-2
2024-06-19 15:02:21.001,23193,23193,23193,2,0
2024-06-19 15:02:21.001,23192,23192,23192,2,-2
2024-06-19 15:02:21.001,23192,23192,23192,2,0
2024-06-19 15:02:21.001,23192,23192,23192,2,0
2024-06-19 15:02:21.001,23192,23192,23192,2,0
2024-06-19 15:02:21.001,23191,23191,23191,2,-2
2024-06-19 15:02:21.001,23191,23191,23191,2,0
2024-06-19 15:02:21.001,23193,23193,23193,4,4
2024-06-19 15:02:21.001,23193,23193,23193,2,0
2024-06-19 15:02:22.001,23194,23194,23194,2,2
2024-06-19 15:02:22.001,23194,23194,23194,6,0
2024-06-19 15:02:22.001,23194,23194,23194,2,0
2024-06-19 15:02:22.001,23194,23194,23194,2,0
2024-06-19 15:02:22.001,23192,23192,23192,2,-2
2024-06-19 15:02:22.001,23194,23194,23194,4,4
2024-06-19 15:02:22.001,23194,23194,23194,2,0
2024-06-19 15:02:22.001,23195,23195,23195,2,2
2024-06-19 15:02:22.001,23195,23195,23195,2,0
2024-06-19 15:02:22.001,23193,23193,23193,2,-2
2024-06-19 15:02:22.001,23194,23194,23194,6,6
2024-06-19 15:02:22.001,23195,23195,23195,6,6
2024-06-19 15:02:22.001,23196,23196,23196,12,12
2024-06-19 15:02:22.001,23194,23194,23194,2,-2
2024-06-19 15:02:23.001,23193,23193,23193,2,-2
2024-06-19 15:02:23.001,23193,23193,23193,2,0
2024-06-19 15:02:23.001,23193,23193,23193,2,0
2024-06-19 15:02:23.001,23193,23193,23193,2,0
2024-06-19 15:02:23.001,23193,23193,23193,2,0
2024-06-19 15:02:23.001,23192,23192,23192,2,-2
2024-06-19 15:02:23.001,23192,23192,23192,2,0
2024-06-19 15:02:23.001,23192,23192,23192,2,0
2024-06-19 15:02:23.001,23192,23192,23192,2,0
2024-06-19 15:02:23.001,23192,23192,23192,2,0
2024-06-19 15:02:23.001,23192,23192,23192,2,0
2024-06-19 15:02:23.001,23192,23192,23192,2,0
2024-06-19 15:02:23.001,23192,23192,23192,2,0
2024-06-19 15:02:23.001,23192,23192,23192,2,0
2024-06-19 15:02:23.001,23191,23191,23191,6,-6
2024-06-19 15:02:23.001,23191,23191,23191,2,0
2024-06-19 15:02:23.001,23191,23191,23191,2,0
2024-06-19 15:02:23.001,23191,23191,23191,2,0
2024-06-19 15:02:23.001,23191,23191,23191,2,0
2024-06-19 15:02:23.001,23191,23191,23191,2,0
2024-06-19 15:02:23.001,23191,23191,23191,2,0
2024-06-19 15:02:23.001,23191,23191,23191,2,0
2024-06-19 15:02:23.001,23190,23190,23190,4,-4
2024-06-19 15:02:23.001,23190,23190,23190,6,0
2024-06-19 15:02:23.001,23190,23190,23190,2,0
2024-06-19 15:02:23.001,23190,23190,23190,4,0
2024-06-19 15:02:23.001,23191,23191,23191,2,2
2024-06-19 15:02:23.001,23189,23189,23189,2,-2
2024-06-19 15:02:23.001,23189,23189,23189,2,0
2024-06-19 15:02:23.001,23189,23189,23189,2,0
2024-06-19 15:02:23.001,23188,23188,23188,4,-4
2024-06-19 15:02:23.001,23188,23188,23188,2,0
2024-06-19 15:02:23.001,23187,23187,23187,8,-8
2024-06-19 15:02:23.001,23187,23187,23187,2,0
2024-06-19 15:02:23.001,23187,23187,23187,2,0
2024-06-19 15:02:23.001,23186,23186,23186,2,-2
2024-06-19 15:02:23.001,23186,23186,23186,2,0
2024-06-19 15:02:23.001,23186,23186,23186,2,0
2024-06-19 15:02:23.001,23186,23186,23186,2,0
2024-06-19 15:02:23.001,23185,23185,23185,2,-2
2024-06-19 15:02:23.001,23186,23186,23186,4,4
2024-06-19 15:02:23.001,23188,23188,23188,2,2
2024-06-19 15:02:23.001,23188,23188,23188,2,0
2024-06-19 15:02:23.001,23187,23187,23187,2,-2
2024-06-19 15:02:23.001,23186,23186,23186,2,-2
2024-06-19 15:02:24.001,23186,23186,23186,2,0
2024-06-19 15:02:24.001,23187,23187,23187,6,6
2024-06-19 15:02:25.001,23186,23186,23186,2,-2
2024-06-19 15:02:25.001,23186,23186,23186,4,0
2024-06-19 15:02:25.001,23185,23185,23185,2,-2
2024-06-19 15:02:25.001,23185,23185,23185,20,0
2024-06-19 15:02:25.001,23185,23185,23185,2,0
2024-06-19 15:02:25.001,23184,23184,23184,2,-2
2024-06-19 15:02:25.001,23184,23184,23184,2,0
2024-06-19 15:02:26.001,23184,23184,23184,2,0
2024-06-19 15:02:26.001,23185,23185,23185,4,4
2024-06-19 15:02:26.001,23185,23185,23185,2,0
2024-06-19 15:02:26.001,23185,23185,23185,2,0
2024-06-19 15:02:26.001,23183,23183,23183,2,-2
2024-06-19 15:02:27.001,23184,23184,23184,2,2
2024-06-19 15:02:27.001,23184,23184,23184,2,0
2024-06-19 15:02:27.001,23184,23184,23184,2,0
2024-06-19 15:02:27.001,23185,23185,23185,4,4
2024-06-19 15:02:27.001,23186,23186,23186,18,18
2024-06-19 15:02:27.001,23185,23185,23185,2,-2
2024-06-19 15:02:28.001,23187,23187,23187,4,4
2024-06-19 15:02:28.001,23185,23185,23185,2,-2
2024-06-19 15:02:28.001,23187,23187,23187,2,2
2024-06-19 15:02:28.001,23186,23186,23186,2,-2
2024-06-19 15:02:28.001,23186,23186,23186,2,0
2024-06-19 15:02:28.001,23186,23186,23186,2,0
2024-06-19 15:02:28.001,23187,23187,23187,2,2
2024-06-19 15:02:29.001,23188,23188,23188,2,2
2024-06-19 15:02:29.001,23186,23186,23186,2,-2
2024-06-19 15:02:29.001,23186,23186,23186,2,0
2024-06-19 15:02:29.001,23185,23185,23185,2,-2
2024-06-19 15:02:29.001,23185,23185,23185,2,0
2024-06-19 15:02:29.001,23185,23185,23185,2,0
2024-06-19 15:02:29.001,23185,23185,23185,2,0
2024-06-19 15:02:29.001,23185,23185,23185,2,0
2024-06-19 15:02:29.001,23185,23185,23185,2,0
2024-06-19 15:02:29.001,23185,23185,23185,2,0
2024-06-19 15:02:29.001,23185,23185,23185,2,0
2024-06-19 15:02:29.001,23184,23184,23184,2,-2
2024-06-19 15:02:29.001,23184,23184,23184,2,0
2024-06-19 15:02:29.001,23184,23184,23184,2,0
2024-06-19 15:02:29.001,23184,23184,23184,2,0
2024-06-19 15:02:29.001,23184,23184,23184,2,0
2024-06-19 15:02:29.001,23184,23184,23184,2,0
2024-06-19 15:02:29.001,23184,23184,23184,2,0
2024-06-19 15:02:29.001,23184,23184,23184,2,0
2024-06-19 15:02:29.001,23184,23184,23184,2,0
2024-06-19 15:02:29.001,23184,23184,23184,14,0
2024-06-19 15:02:29.001,23186,23186,23186,2,2
2024-06-19 15:02:29.001,23185,23185,23185,2,-2
2024-06-19 15:02:29.001,23183,23183,23183,2,-2
2024-06-19 15:02:29.001,23185,23185,23185,2,2
2024-06-19 15:02:29.001,23183,23183,23183,2,-2
2024-06-19 15:02:30.001,23185,23185,23185,2,2
2024-06-19 15:02:30.001,23184,23184,23184,2,-2
2024-06-19 15:02:30.001,23184,23184,23184,2,0
2024-06-19 15:02:31.001,23184,23184,23184,2,0
2024-06-19 15:02:32.001,23185,23185,23185,2,2
2024-06-19 15:02:32.001,23184,23184,23184,2,-2
2024-06-19 15:02:32.001,23184,23184,23184,2,0
2024-06-19 15:02:32.001,23184,23184,23184,2,0
2024-06-19 15:02:32.001,23185,23185,23185,2,2
2024-06-19 15:02:33.001,23185,23185,23185,2,0
2024-06-19 15:02:33.001,23185,23185,23185,2,0
2024-06-19 15:02:33.001,23185,23185,23185,2,0
2024-06-19 15:02:33.001,23183,23183,23183,2,-2
2024-06-19 15:02:33.001,23183,23183,23183,2,0
2024-06-19 15:02:33.001,23182,23182,23182,2,-2
2024-06-19 15:02:33.001,23182,23182,23182,2,0
2024-06-19 15:02:33.001,23181,23181,23181,2,-2
2024-06-19 15:02:33.001,23181,23181,23181,2,0
2024-06-19 15:02:33.001,23181,23181,23181,20,0
2024-06-19 15:02:33.001,23181,23181,23181,2,0
2024-06-19 15:02:33.001,23181,23181,23181,2,0
2024-06-19 15:02:33.001,23181,23181,23181,4,0
2024-06-19 15:02:33.001,23180,23180,23180,2,-2
2024-06-19 15:02:33.001,23179,23179,23179,2,-2
2024-06-19 15:02:33.001,23179,23179,23179,2,0
2024-06-19 15:02:33.001,23180,23180,23180,8,8
2024-06-19 15:02:33.001,23180,23180,23180,2,0
2024-06-19 15:02:33.001,23181,23181,23181,2,2
2024-06-19 15:02:33.001,23181,23181,23181,2,0
2024-06-19 15:02:34.001,23180,23180,23180,2,-2
2024-06-19 15:02:34.001,23178,23178,23178,2,-2
2024-06-19 15:02:35.001,23181,23181,23181,4,4
2024-06-19 15:02:35.001,23182,23182,23182,4,4
2024-06-19 15:02:35.001,23181,23181,23181,2,-2
2024-06-19 15:02:35.001,23180,23180,23180,2,-2
2024-06-19 15:02:35.001,23180,23180,23180,2,0
2024-06-19 15:02:35.001,23180,23180,23180,2,0
2024-06-19 15:02:36.001,23181,23181,23181,2,2
2024-06-19 15:02:37.001,23183,23183,23183,4,4
2024-06-19 15:02:37.001,23184,23184,23184,2,2
2024-06-19 15:02:37.001,23184,23184,23184,2,0
2024-06-19 15:02:37.001,23182,23182,23182,2,-2
2024-06-19 15:02:37.001,23184,23184,23184,2,2
2024-06-19 15:02:37.001,23184,23184,23184,4,0
2024-06-19 15:02:37.001,23185,23185,23185,14,14
2024-06-19 15:02:37.001,23186,23186,23186,2,2
2024-06-19 15:02:37.001,23184,23184,23184,2,-2
2024-06-19 15:02:37.001,23182,23182,23182,2,-2
2024-06-19 15:02:37.001,23182,23182,23182,2,0
2024-06-19 15:02:38.001,23184,23184,23184,4,4
2024-06-19 15:02:39.001,23182,23182,23182,2,-2
2024-06-19 15:02:39.001,23183,23183,23183,2,2
2024-06-19 15:02:39.001,23184,23184,23184,10,10
2024-06-19 15:02:39.001,23185,23185,23185,2,2
2024-06-19 15:02:39.001,23184,23184,23184,2,-2
2024-06-19 15:02:39.001,23183,23183,23183,2,-2
2024-06-19 15:02:39.001,23183,23183,23183,2,0
2024-06-19 15:02:40.001,23184,23184,23184,2,2
2024-06-19 15:02:40.001,23185,23185,23185,2,2
2024-06-19 15:02:40.001,23184,23184,23184,2,-2
2024-06-19 15:02:40.001,23183,23183,23183,2,-2
2024-06-19 15:02:40.001,23183,23183,23183,2,0
2024-06-19 15:02:40.001,23182,23182,23182,2,-2
2024-06-19 15:02:41.001,23183,23183,23183,2,2
2024-06-19 15:02:41.001,23183,23183,23183,2,0
2024-06-19 15:02:41.001,23182,23182,23182,2,-2
2024-06-19 15:02:41.001,23184,23184,23184,2,2
2024-06-19 15:02:41.001,23182,23182,23182,2,-2
2024-06-19 15:02:41.001,23181,23181,23181,2,-2
2024-06-19 15:02:41.001,23181,23181,23181,2,0
2024-06-19 15:02:41.001,23181,23181,23181,2,0
2024-06-19 15:02:41.001,23180,23180,23180,2,-2
2024-06-19 15:02:41.001,23180,23180,23180,4,0
2024-06-19 15:02:41.001,23180,23180,23180,2,0
2024-06-19 15:02:41.001,23180,23180,23180,2,0
2024-06-19 15:02:41.001,23180,23180,23180,2,0
2024-06-19 15:02:41.001,23180,23180,23180,2,0
2024-06-19 15:02:41.001,23180,23180,23180,2,0
2024-06-19 15:02:41.001,23179,23179,23179,2,-2
2024-06-19 15:02:41.001,23178,23178,23178,2,-2
2024-06-19 15:02:41.001,23178,23178,23178,2,0
2024-06-19 15:02:41.001,23177,23177,23177,2,-2
2024-06-19 15:02:41.001,23177,23177,23177,10,0
2024-06-19 15:02:41.001,23177,23177,23177,2,0
2024-06-19 15:02:41.001,23178,23178,23178,2,2
2024-06-19 15:02:41.001,23178,23178,23178,10,0
2024-06-19 15:02:41.001,23178,23178,23178,2,0
2024-06-19 15:02:42.001,23180,23180,23180,2,2
2024-06-19 15:02:43.001,23180,23180,23180,2,0
2024-06-19 15:02:43.001,23179,23179,23179,2,-2
2024-06-19 15:02:43.001,23179,23179,23179,2,0
2024-06-19 15:02:43.001,23180,23180,23180,2,2
2024-06-19 15:02:43.001,23179,23179,23179,2,-2
2024-06-19 15:02:43.001,23178,23178,23178,2,-2
2024-06-19 15:02:43.001,23178,23178,23178,2,0
2024-06-19 15:02:43.001,23178,23178,23178,2,0
2024-06-19 15:02:43.001,23178,23178,23178,2,0
2024-06-19 15:02:43.001,23178,23178,23178,2,0
2024-06-19 15:02:44.001,23178,23178,23178,2,0
2024-06-19 15:02:44.001,23178,23178,23178,2,0
2024-06-19 15:02:44.001,23178,23178,23178,2,0
2024-06-19 15:02:44.001,23178,23178,23178,2,0
2024-06-19 15:02:44.001,23178,23178,23178,12,0
2024-06-19 15:02:44.001,23178,23178,23178,10,0
2024-06-19 15:02:44.001,23178,23178,23178,2,0
2024-06-19 15:02:44.001,23177,23177,23177,2,-2
2024-06-19 15:02:44.001,23178,23178,23178,8,8
2024-06-19 15:02:45.001,23180,23180,23180,6,6
2024-06-19 15:02:45.001,23181,23181,23181,6,6
2024-06-19 15:02:45.001,23179,23179,23179,2,-2
2024-06-19 15:02:45.001,23179,23179,23179,2,0
2024-06-19 15:02:45.001,23179,23179,23179,2,0
2024-06-19 15:02:45.001,23178,23178,23178,2,-2
2024-06-19 15:02:45.001,23178,23178,23178,2,0
2024-06-19 15:02:45.001,23178,23178,23178,2,0
2024-06-19 15:02:45.001,23177,23177,23177,2,-2
2024-06-19 15:02:45.001,23177,23177,23177,2,0
2024-06-19 15:02:45.001,23178,23178,23178,2,2
2024-06-19 15:02:45.001,23178,23178,23178,6,0
2024-06-19 15:02:45.001,23178,23178,23178,4,0
2024-06-19 15:02:46.001,23179,23179,23179,2,2
2024-06-19 15:02:46.001,23179,23179,23179,4,0
2024-06-19 15:02:46.001,23180,23180,23180,14,14
2024-06-19 15:02:46.001,23181,23181,23181,2,2
2024-06-19 15:02:46.001,23178,23178,23178,2,-2
2024-06-19 15:02:47.001,23180,23180,23180,2,2
2024-06-19 15:02:47.001,23181,23181,23181,6,6
2024-06-19 15:02:47.001,23181,23181,23181,2,0
2024-06-19 15:02:47.001,23179,23179,23179,2,-2
2024-06-19 15:02:47.001,23178,23178,23178,2,-2
2024-06-19 15:02:47.001,23178,23178,23178,2,0
2024-06-19 15:02:47.001,23178,23178,23178,2,0
2024-06-19 15:02:47.001,23178,23178,23178,2,0
2024-06-19 15:02:47.001,23180,23180,23180,2,2
2024-06-19 15:02:48.001,23181,23181,23181,2,2
2024-06-19 15:02:48.001,23179,23179,23179,2,-2
2024-06-19 15:02:49.001,23181,23181,23181,2,2
2024-06-19 15:02:49.001,23179,23179,23179,2,-2
2024-06-19 15:02:49.001,23179,23179,23179,2,0
2024-06-19 15:02:49.001,23178,23178,23178,2,-2
2024-06-19 15:02:49.001,23178,23178,23178,2,0
2024-06-19 15:02:49.001,23178,23178,23178,2,0
2024-06-19 15:02:49.001,23178,23178,23178,2,0
2024-06-19 15:02:49.001,23177,23177,23177,2,-2
2024-06-19 15:02:49.001,23177,23177,23177,2,0
2024-06-19 15:02:50.001,23178,23178,23178,2,2
2024-06-19 15:02:50.001,23179,23179,23179,4,4
2024-06-19 15:02:51.001,23178,23178,23178,4,-4
2024-06-19 15:02:51.001,23178,23178,23178,4,0
2024-06-19 15:02:52.001,23178,23178,23178,2,0
2024-06-19 15:02:52.001,23178,23178,23178,4,0
2024-06-19 15:02:53.001,23179,23179,23179,12,12
2024-06-19 15:02:53.001,23180,23180,23180,8,8
2024-06-19 15:02:53.001,23178,23178,23178,2,-2
2024-06-19 15:02:53.001,23177,23177,23177,2,-2
2024-06-19 15:02:53.001,23177,23177,23177,2,0
2024-06-19 15:02:54.001,23179,23179,23179,4,4
2024-06-19 15:02:54.001,23177,23177,23177,2,-2
2024-06-19 15:02:54.001,23177,23177,23177,2,0
2024-06-19 15:02:54.001,23177,23177,23177,2,0
2024-06-19 15:02:54.001,23177,23177,23177,2,0
2024-06-19 15:02:54.001,23176,23176,23176,2,-2
2024-06-19 15:02:54.001,23176,23176,23176,2,0
2024-06-19 15:02:54.001,23176,23176,23176,2,0
2024-06-19 15:02:54.001,23176,23176,23176,2,0
2024-06-19 15:02:54.001,23176,23176,23176,2,0
2024-06-19 15:02:54.001,23176,23176,23176,2,0
2024-06-19 15:02:54.001,23176,23176,23176,2,0
2024-06-19 15:02:54.001,23175,23175,23175,2,-2
2024-06-19 15:02:54.001,23175,23175,23175,2,0
2024-06-19 15:02:54.001,23175,23175,23175,2,0
2024-06-19 15:02:54.001,23175,23175,23175,2,0
2024-06-19 15:02:54.001,23175,23175,23175,2,0
2024-06-19 15:02:54.001,23175,23175,23175,2,0
2024-06-19 15:02:54.001,23175,23175,23175,2,0
2024-06-19 15:02:54.001,23175,23175,23175,2,0
2024-06-19 15:02:54.001,23175,23175,23175,4,0
2024-06-19 15:02:54.001,23175,23175,23175,2,0
2024-06-19 15:02:54.001,23174,23174,23174,2,-2
2024-06-19 15:02:54.001,23175,23175,23175,2,2
2024-06-19 15:02:54.001,23175,23175,23175,4,0
2024-06-19 15:02:54.001,23175,23175,23175,2,0
2024-06-19 15:02:54.001,23175,23175,23175,18,0
2024-06-19 15:02:54.001,23175,23175,23175,4,0
2024-06-19 15:02:54.001,23174,23174,23174,2,-2
2024-06-19 15:02:54.001,23174,23174,23174,2,0
2024-06-19 15:02:54.001,23174,23174,23174,2,0
2024-06-19 15:02:54.001,23175,23175,23175,2,2
2024-06-19 15:02:55.001,23174,23174,23174,4,-4
2024-06-19 15:02:55.001,23174,23174,23174,4,0
2024-06-19 15:02:56.001,23175,23175,23175,2,2
2024-06-19 15:02:56.001,23175,23175,23175,2,0
2024-06-19 15:02:56.001,23175,23175,23175,4,0
2024-06-19 15:02:56.001,23175,23175,23175,2,0
2024-06-19 15:02:57.001,23175,23175,23175,6,0
2024-06-19 15:02:57.001,23175,23175,23175,6,0
2024-06-19 15:02:57.001,23175,23175,23175,2,0
2024-06-19 15:02:57.001,23175,23175,23175,2,0
2024-06-19 15:02:57.001,23174,23174,23174,2,-2
2024-06-19 15:02:58.001,23174,23174,23174,2,0
2024-06-19 15:02:58.001,23173,23173,23173,2,-2
2024-06-19 15:02:58.001,23173,23173,23173,2,0
2024-06-19 15:02:59.001,23173,23173,23173,2,0
2024-06-19 15:02:59.001,23175,23175,23175,2,2
2024-06-19 15:03:00.001,23176,23176,23176,2,2
2024-06-19 15:03:00.001,23173,23173,23173,2,-2
2024-06-19 15:03:00.001,23172,23172,23172,2,-2
2024-06-19 15:03:00.001,23173,23173,23173,2,2
2024-06-19 15:03:01.001,23173,23173,23173,4,0
2024-06-19 15:03:02.001,23174,23174,23174,6,6
2024-06-19 15:03:02.001,23175,23175,23175,2,2
2024-06-19 15:03:02.001,23172,23172,23172,4,-4
2024-06-19 15:03:02.001,23172,23172,23172,2,0
2024-06-19 15:03:02.001,23171,23171,23171,2,-2
2024-06-19 15:03:02.001,23171,23171,23171,4,0
2024-06-19 15:03:03.001,23171,23171,23171,2,0
2024-06-19 15:03:03.001,23171,23171,23171,2,0
2024-06-19 15:03:03.001,23171,23171,23171,2,0
2024-06-19 15:03:03.001,23171,23171,23171,2,0
2024-06-19 15:03:03.001,23172,23172,23172,6,6
2024-06-19 15:03:03.001,23172,23172,23172,2,0
2024-06-19 15:03:03.001,23172,23172,23172,2,0
2024-06-19 15:03:05.001,23172,23172,23172,4,0
2024-06-19 15:03:05.001,23172,23172,23172,2,0
2024-06-19 15:03:05.001,23173,23173,23173,2,2
2024-06-19 15:03:05.001,23173,23173,23173,2,0
2024-06-19 15:03:05.001,23173,23173,23173,2,0
2024-06-19 15:03:05.001,23173,23173,23173,2,0
2024-06-19 15:03:05.001,23173,23173,23173,2,0
2024-06-19 15:03:05.001,23173,23173,23173,2,0
2024-06-19 15:03:05.001,23173,23173,23173,2,0
2024-06-19 15:03:05.001,23172,23172,23172,4,-4
2024-06-19 15:03:05.001,23172,23172,23172,2,0
2024-06-19 15:03:05.001,23172,23172,23172,2,0
2024-06-19 15:03:05.001,23171,23171,23171,2,-2
2024-06-19 15:03:05.001,23171,23171,23171,2,0
2024-06-19 15:03:05.001,23171,23171,23171,2,0
2024-06-19 15:03:05.001,23171,23171,23171,2,0
2024-06-19 15:03:06.001,23171,23171,23171,2,0
2024-06-19 15:03:07.001,23171,23171,23171,2,0
2024-06-19 15:03:07.001,23170,23170,23170,2,-2
2024-06-19 15:03:07.001,23171,23171,23171,4,4
2024-06-19 15:03:07.001,23171,23171,23171,2,0
2024-06-19 15:03:08.001,23170,23170,23170,4,-4
2024-06-19 15:03:08.001,23170,23170,23170,2,0
2024-06-19 15:03:08.001,23170,23170,23170,2,0
2024-06-19 15:03:10.001,23171,23171,23171,2,2
2024-06-19 15:03:10.001,23172,23172,23172,2,2
2024-06-19 15:03:10.001,23173,23173,23173,2,2
2024-06-19 15:03:10.001,23172,23172,23172,2,-2
2024-06-19 15:03:10.001,23172,23172,23172,2,0
2024-06-19 15:03:10.001,23172,23172,23172,2,0
2024-06-19 15:03:11.001,23173,23173,23173,4,4
2024-06-19 15:03:11.001,23174,23174,23174,2,2
2024-06-19 15:03:11.001,23175,23175,23175,4,4
2024-06-19 15:03:11.001,23176,23176,23176,2,2
2024-06-19 15:03:11.001,23174,23174,23174,2,-2
2024-06-19 15:03:11.001,23175,23175,23175,2,2
2024-06-19 15:03:11.001,23175,23175,23175,2,0
2024-06-19 15:03:12.001,23177,23177,23177,2,2
2024-06-19 15:03:12.001,23177,23177,23177,2,0
2024-06-19 15:03:12.001,23178,23178,23178,2,2
2024-06-19 15:03:12.001,23179,23179,23179,2,2
2024-06-19 15:03:12.001,23180,23180,23180,2,2
2024-06-19 15:03:13.001,23178,23178,23178,2,-2
2024-06-19 15:03:13.001,23177,23177,23177,2,-2
2024-06-19 15:03:13.001,23177,23177,23177,2,0
2024-06-19 15:03:13.001,23177,23177,23177,2,0
2024-06-19 15:03:13.001,23176,23176,23176,2,-2
2024-06-19 15:03:14.001,23176,23176,23176,2,0
2024-06-19 15:03:14.001,23176,23176,23176,2,0
2024-06-19 15:03:14.001,23176,23176,23176,2,0
2024-06-19 15:03:14.001,23176,23176,23176,2,0
2024-06-19 15:03:15.001,23176,23176,23176,4,0
2024-06-19 15:03:16.001,23175,23175,23175,2,-2
2024-06-19 15:03:16.001,23177,23177,23177,2,2
2024-06-19 15:03:16.001,23175,23175,23175,2,-2
2024-06-19 15:03:16.001,23176,23176,23176,2,2
2024-06-19 15:03:16.001,23177,23177,23177,2,2
2024-06-19 15:03:17.001,23176,23176,23176,2,-2
2024-06-19 15:03:18.001,23177,23177,23177,2,2
2024-06-19 15:03:18.001,23177,23177,23177,2,0
2024-06-19 15:03:18.001,23178,23178,23178,4,4
2024-06-19 15:03:18.001,23176,23176,23176,2,-2
2024-06-19 15:03:19.001,23176,23176,23176,2,0
2024-06-19 15:03:19.001,23178,23178,23178,2,2
2024-06-19 15:03:19.001,23179,23179,23179,2,2
2024-06-19 15:03:20.001,23179,23179,23179,2,0
2024-06-19 15:03:20.001,23179,23179,23179,2,0
2024-06-19 15:03:23.001,23179,23179,23179,2,0
2024-06-19 15:03:24.001,23178,23178,23178,2,-2
2024-06-19 15:03:25.001,23179,23179,23179,2,2
2024-06-19 15:03:28.001,23177,23177,23177,2,-2
2024-06-19 15:03:29.001,23176,23176,23176,2,-2
2024-06-19 15:03:29.001,23178,23178,23178,4,4
2024-06-19 15:03:29.001,23179,23179,23179,6,6
2024-06-19 15:03:31.001,23177,23177,23177,2,-2
2024-06-19 15:03:32.001,23177,23177,23177,2,0
2024-06-19 15:03:32.001,23176,23176,23176,2,-2
2024-06-19 15:03:33.001,23176,23176,23176,2,0
2024-06-19 15:03:33.001,23176,23176,23176,26,0
2024-06-19 15:03:33.001,23176,23176,23176,2,0
2024-06-19 15:03:33.001,23176,23176,23176,2,0
2024-06-19 15:03:33.001,23175,23175,23175,2,-2
2024-06-19 15:03:33.001,23175,23175,23175,2,0
2024-06-19 15:03:33.001,23175,23175,23175,2,0
2024-06-19 15:03:33.001,23175,23175,23175,2,0
2024-06-19 15:03:33.001,23175,23175,23175,2,0
2024-06-19 15:03:33.001,23175,23175,23175,10,0
2024-06-19 15:03:33.001,23175,23175,23175,2,0
2024-06-19 15:03:35.001,23177,23177,23177,2,2
2024-06-19 15:03:37.001,23175,23175,23175,2,-2
2024-06-19 15:03:37.001,23175,23175,23175,2,0
2024-06-19 15:03:37.001,23175,23175,23175,2,0
2024-06-19 15:03:37.001,23174,23174,23174,2,-2
2024-06-19 15:03:37.001,23174,23174,23174,2,0
2024-06-19 15:03:37.001,23174,23174,23174,2,0
2024-06-19 15:03:37.001,23174,23174,23174,2,0
2024-06-19 15:03:39.001,23177,23177,23177,2,2
2024-06-19 15:03:39.001,23176,23176,23176,2,-2
2024-06-19 15:03:41.001,23176,23176,23176,2,0
2024-06-19 15:03:42.001,23176,23176,23176,2,0
2024-06-19 15:03:42.001,23176,23176,23176,2,0
2024-06-19 15:03:42.001,23176,23176,23176,2,0
2024-06-19 15:03:42.001,23176,23176,23176,2,0
2024-06-19 15:03:42.001,23176,23176,23176,2,0
2024-06-19 15:03:42.001,23175,23175,23175,2,-2
2024-06-19 15:03:42.001,23175,23175,23175,2,0
2024-06-19 15:03:42.001,23175,23175,23175,2,0
2024-06-19 15:03:42.001,23175,23175,23175,2,0
2024-06-19 15:03:42.001,23175,23175,23175,2,0
2024-06-19 15:03:42.001,23175,23175,23175,2,0
2024-06-19 15:03:42.001,23175,23175,23175,2,0
2024-06-19 15:03:43.001,23176,23176,23176,2,2
2024-06-19 15:03:43.001,23176,23176,23176,2,0
2024-06-19 15:03:45.001,23177,23177,23177,2,2
2024-06-19 15:03:47.001,23177,23177,23177,2,0
2024-06-19 15:03:48.001,23177,23177,23177,2,0
2024-06-19 15:03:50.001,23176,23176,23176,2,-2
2024-06-19 15:03:50.001,23176,23176,23176,2,0
2024-06-19 15:03:50.001,23176,23176,23176,2,0
2024-06-19 15:03:50.001,23177,23177,23177,2,2
2024-06-19 15:03:51.001,23177,23177,23177,8,0
2024-06-19 15:03:51.001,23177,23177,23177,2,0
2024-06-19 15:03:51.001,23176,23176,23176,2,-2
2024-06-19 15:03:51.001,23176,23176,23176,2,0
2024-06-19 15:03:51.001,23176,23176,23176,2,0
2024-06-19 15:03:51.001,23176,23176,23176,2,0
2024-06-19 15:03:51.001,23176,23176,23176,2,0
2024-06-19 15:03:51.001,23176,23176,23176,2,0
2024-06-19 15:03:51.001,23175,23175,23175,2,-2
2024-06-19 15:03:51.001,23175,23175,23175,2,0
2024-06-19 15:03:51.001,23175,23175,23175,2,0
2024-06-19 15:03:51.001,23177,23177,23177,2,2
2024-06-19 15:03:54.001,23174,23174,23174,2,-2
2024-06-19 15:03:55.001,23174,23174,23174,2,0
2024-06-19 15:03:56.001,23176,23176,23176,8,8
2024-06-19 15:03:56.001,23175,23175,23175,2,-2
2024-06-19 15:03:56.001,23175,23175,23175,2,0
2024-06-19 15:03:56.001,23175,23175,23175,2,0
2024-06-19 15:03:56.001,23174,23174,23174,2,-2
2024-06-19 15:03:56.001,23174,23174,23174,2,0
2024-06-19 15:03:59.001,23175,23175,23175,2,2
2024-06-19 15:04:00.001,23174,23174,23174,2,-2
2024-06-19 15:04:02.001,23175,23175,23175,8,8
2024-06-19 15:04:03.001,23176,23176,23176,8,8
2024-06-19 15:04:03.001,23176,23176,23176,2,0
2024-06-19 15:04:03.001,23177,23177,23177,4,4
2024-06-19 15:04:03.001,23176,23176,23176,2,-2
2024-06-19 15:04:03.001,23176,23176,23176,2,0
2024-06-19 15:04:03.001,23176,23176,23176,2,0
2024-06-19 15:04:05.001,23175,23175,23175,2,-2
2024-06-19 15:04:05.001,23175,23175,23175,2,0
2024-06-19 15:04:05.001,23175,23175,23175,2,0
2024-06-19 15:04:05.001,23175,23175,23175,2,0
2024-06-19 15:04:05.001,23175,23175,23175,2,0
2024-06-19 15:04:06.001,23176,23176,23176,2,2
2024-06-19 15:04:08.001,23176,23176,23176,2,0
2024-06-19 15:04:10.001,23176,23176,23176,2,0
2024-06-19 15:04:10.001,23177,23177,23177,6,6
2024-06-19 15:04:10.001,23177,23177,23177,4,0
2024-06-19 15:04:10.001,23177,23177,23177,10,0
2024-06-19 15:04:10.001,23177,23177,23177,6,0
2024-06-19 15:04:10.001,23177,23177,23177,6,0
2024-06-19 15:04:10.001,23178,23178,23178,12,12
2024-06-19 15:04:11.001,23177,23177,23177,2,-2
2024-06-19 15:04:11.001,23177,23177,23177,2,0
2024-06-19 15:04:11.001,23177,23177,23177,2,0
2024-06-19 15:04:11.001,23177,23177,23177,2,0
2024-06-19 15:04:11.001,23177,23177,23177,2,0
2024-06-19 15:04:11.001,23177,23177,23177,2,0
2024-06-19 15:04:11.001,23177,23177,23177,2,0
2024-06-19 15:04:11.001,23176,23176,23176,2,-2
2024-06-19 15:04:11.001,23176,23176,23176,2,0
2024-06-19 15:04:11.001,23176,23176,23176,2,0
2024-06-19 15:04:11.001,23176,23176,23176,4,0
2024-06-19 15:04:11.001,23176,23176,23176,2,0
2024-06-19 15:04:11.001,23176,23176,23176,2,0
2024-06-19 15:04:14.001,23177,23177,23177,2,2
2024-06-19 15:04:15.001,23175,23175,23175,2,-2
2024-06-19 15:04:15.001,23175,23175,23175,6,0
2024-06-19 15:04:15.001,23175,23175,23175,2,0
2024-06-19 15:04:15.001,23175,23175,23175,2,0
2024-06-19 15:04:15.001,23175,23175,23175,2,0
2024-06-19 15:04:15.001,23175,23175,23175,2,0
2024-06-19 15:04:15.001,23177,23177,23177,4,4
2024-06-19 15:04:16.001,23175,23175,23175,2,-2
2024-06-19 15:04:20.001,23175,23175,23175,2,0
2024-06-19 15:04:20.001,23175,23175,23175,2,0
2024-06-19 15:04:23.001,23175,23175,23175,2,0
2024-06-19 15:04:23.001,23175,23175,23175,2,0
2024-06-19 15:04:23.001,23175,23175,23175,2,0
2024-06-19 15:04:23.001,23175,23175,23175,2,0
2024-06-19 15:04:23.001,23175,23175,23175,2,0
2024-06-19 15:04:24.001,23174,23174,23174,2,-2
2024-06-19 15:04:24.001,23174,23174,23174,2,0
2024-06-19 15:04:24.001,23174,23174,23174,2,0
2024-06-19 15:04:24.001,23174,23174,23174,2,0
2024-06-19 15:04:24.001,23174,23174,23174,2,0
2024-06-19 15:04:24.001,23174,23174,23174,6,0
2024-06-19 15:04:24.001,23174,23174,23174,2,0
2024-06-19 15:04:24.001,23174,23174,23174,10,0
2024-06-19 15:04:24.001,23174,23174,23174,2,0
2024-06-19 15:04:24.001,23174,23174,23174,2,0
2024-06-19 15:04:24.001,23173,23173,23173,2,-2
2024-06-19 15:04:24.001,23173,23173,23173,2,0
2024-06-19 15:04:24.001,23173,23173,23173,2,0
2024-06-19 15:04:24.001,23172,23172,23172,2,-2
2024-06-19 15:04:25.001,23173,23173,23173,8,8
2024-06-19 15:04:26.001,23171,23171,23171,2,-2
2024-06-19 15:04:26.001,23171,23171,23171,2,0
2024-06-19 15:04:26.001,23172,23172,23172,2,2
2024-06-19 15:04:27.001,23170,23170,23170,2,-2
2024-06-19 15:04:27.001,23170,23170,23170,2,0
2024-06-19 15:04:27.001,23170,23170,23170,4,0
2024-06-19 15:04:27.001,23170,23170,23170,2,0
2024-06-19 15:04:27.001,23170,23170,23170,2,0
2024-06-19 15:04:27.001,23170,23170,23170,2,0
2024-06-19 15:04:27.001,23170,23170,23170,2,0
2024-06-19 15:04:27.001,23170,23170,23170,4,0
2024-06-19 15:04:27.001,23170,23170,23170,2,0
2024-06-19 15:04:27.001,23170,23170,23170,2,0
2024-06-19 15:04:27.001,23170,23170,23170,2,0
2024-06-19 15:04:27.001,23170,23170,23170,2,0
2024-06-19 15:04:27.001,23170,23170,23170,2,0
2024-06-19 15:04:27.001,23169,23169,23169,2,-2
2024-06-19 15:04:27.001,23169,23169,23169,2,0
2024-06-19 15:04:27.001,23169,23169,23169,2,0
2024-06-19 15:04:27.001,23168,23168,23168,2,-2
2024-06-19 15:04:27.001,23168,23168,23168,4,0
2024-06-19 15:04:27.001,23168,23168,23168,2,0
2024-06-19 15:04:27.001,23168,23168,23168,2,0
2024-06-19 15:04:27.001,23168,23168,23168,2,0
2024-06-19 15:04:27.001,23168,23168,23168,2,0
2024-06-19 15:04:27.001,23168,23168,23168,2,0
2024-06-19 15:04:28.001,23169,23169,23169,4,4
2024-06-19 15:04:28.001,23167,23167,23167,2,-2
2024-06-19 15:04:29.001,23168,23168,23168,2,2
2024-06-19 15:04:30.001,23167,23167,23167,2,-2
2024-06-19 15:04:30.001,23167,23167,23167,2,0
2024-06-19 15:04:30.001,23166,23166,23166,2,-2
2024-06-19 15:04:30.001,23166,23166,23166,40,0
2024-06-19 15:04:30.001,23166,23166,23166,6,0
2024-06-19 15:04:30.001,23166,23166,23166,2,0
2024-06-19 15:04:30.001,23166,23166,23166,2,0
2024-06-19 15:04:30.001,23166,23166,23166,2,0
2024-06-19 15:04:30.001,23166,23166,23166,2,0
2024-06-19 15:04:30.001,23166,23166,23166,2,0
2024-06-19 15:04:30.001,23166,23166,23166,2,0
2024-06-19 15:04:30.001,23167,23167,23167,4,4
2024-06-19 15:04:30.001,23167,23167,23167,2,0
2024-06-19 15:04:30.001,23165,23165,23165,2,-2
2024-06-19 15:04:31.001,23163,23163,23163,2,-2
2024-06-19 15:04:31.001,23163,23163,23163,2,0
2024-06-19 15:04:31.001,23165,23165,23165,2,2
2024-06-19 15:04:31.001,23164,23164,23164,2,-2
2024-06-19 15:04:32.001,23166,23166,23166,4,4
2024-06-19 15:04:32.001,23167,23167,23167,8,8
2024-06-19 15:04:32.001,23168,23168,23168,10,10
2024-06-19 15:04:32.001,23167,23167,23167,2,-2
2024-06-19 15:04:33.001,23168,23168,23168,2,2
2024-06-19 15:04:33.001,23169,23169,23169,2,2
2024-06-19 15:04:34.001,23168,23168,23168,2,-2
2024-06-19 15:04:34.001,23168,23168,23168,2,0
2024-06-19 15:04:34.001,23168,23168,23168,2,0
2024-06-19 15:04:34.001,23168,23168,23168,2,0
2024-06-19 15:04:34.001,23168,23168,23168,2,0
2024-06-19 15:04:35.001,23170,23170,23170,2,2
2024-06-19 15:04:36.001,23168,23168,23168,2,-2
2024-06-19 15:04:37.001,23167,23167,23167,2,-2
2024-06-19 15:04:37.001,23167,23167,23167,2,0
2024-06-19 15:04:37.001,23166,23166,23166,2,-2
2024-06-19 15:04:37.001,23167,23167,23167,2,2
2024-06-19 15:04:37.001,23167,23167,23167,10,0
2024-06-19 15:04:37.001,23167,23167,23167,2,0
2024-06-19 15:04:38.001,23165,23165,23165,2,-2
2024-06-19 15:04:39.001,23165,23165,23165,2,0
2024-06-19 15:04:39.001,23165,23165,23165,2,0
2024-06-19 15:04:39.001,23165,23165,23165,2,0
2024-06-19 15:04:39.001,23164,23164,23164,2,-2
2024-06-19 15:04:40.001,23164,23164,23164,2,0
2024-06-19 15:04:41.001,23165,23165,23165,2,2
2024-06-19 15:04:42.001,23164,23164,23164,2,-2
2024-06-19 15:04:43.001,23166,23166,23166,2,2
2024-06-19 15:04:43.001,23167,23167,23167,2,2
2024-06-19 15:04:43.001,23168,23168,23168,4,4
2024-06-19 15:04:44.001,23165,23165,23165,2,-2
2024-06-19 15:04:44.001,23165,23165,23165,2,0
2024-06-19 15:04:44.001,23164,23164,23164,2,-2
2024-06-19 15:04:45.001,23164,23164,23164,2,0
2024-06-19 15:04:45.001,23164,23164,23164,2,0
2024-06-19 15:04:47.001,23165,23165,23165,2,2
2024-06-19 15:04:48.001,23164,23164,23164,2,-2
2024-06-19 15:04:49.001,23165,23165,23165,4,4
2024-06-19 15:04:49.001,23165,23165,23165,2,0
2024-06-19 15:04:49.001,23165,23165,23165,2,0
2024-06-19 15:04:49.001,23164,23164,23164,12,-12
2024-06-19 15:04:49.001,23164,23164,23164,2,0
2024-06-19 15:04:49.001,23164,23164,23164,2,0
2024-06-19 15:04:49.001,23165,23165,23165,2,2
2024-06-19 15:04:49.001,23165,23165,23165,2,0
2024-06-19 15:04:50.001,23165,23165,23165,2,0
2024-06-19 15:04:52.001,23167,23167,23167,2,2
2024-06-19 15:04:53.001,23165,23165,23165,2,-2
2024-06-19 15:04:53.001,23166,23166,23166,2,2
2024-06-19 15:04:54.001,23165,23165,23165,2,-2
2024-06-19 15:04:54.001,23167,23167,23167,2,2
2024-06-19 15:04:54.001,23166,23166,23166,2,-2
2024-06-19 15:04:55.001,23164,23164,23164,2,-2
2024-06-19 15:04:56.001,23164,23164,23164,2,0
2024-06-19 15:04:57.001,23164,23164,23164,2,0
2024-06-19 15:04:57.001,23164,23164,23164,2,0
2024-06-19 15:04:57.001,23165,23165,23165,6,6
2024-06-19 15:04:58.001,23164,23164,23164,2,-2
2024-06-19 15:04:58.001,23164,23164,23164,4,0
2024-06-19 15:04:58.001,23164,23164,23164,2,0
2024-06-19 15:04:58.001,23164,23164,23164,2,0
2024-06-19 15:04:58.001,23164,23164,23164,2,0
2024-06-19 15:04:58.001,23164,23164,23164,2,0
2024-06-19 15:04:58.001,23164,23164,23164,2,0
2024-06-19 15:04:58.001,23164,23164,23164,2,0
2024-06-19 15:04:59.001,23163,23163,23163,2,-2
2024-06-19 15:04:59.001,23163,23163,23163,2,0
2024-06-19 15:05:00.001,23164,23164,23164,8,8
2024-06-19 15:05:00.001,23164,23164,23164,2,0
2024-06-19 15:05:00.001,23165,23165,23165,2,2
2024-06-19 15:05:00.001,23165,23165,23165,6,0
2024-06-19 15:05:02.001,23166,23166,23166,12,12
2024-06-19 15:05:02.001,23167,23167,23167,8,8
2024-06-19 15:05:03.001,23167,23167,23167,4,0
2024-06-19 15:05:03.001,23168,23168,23168,4,4
2024-06-19 15:05:03.001,23168,23168,23168,2,0
2024-06-19 15:05:03.001,23168,23168,23168,2,0
2024-06-19 15:05:03.001,23168,23168,23168,2,0
2024-06-19 15:05:03.001,23167,23167,23167,6,-6
2024-06-19 15:05:04.001,23169,23169,23169,2,2
2024-06-19 15:05:04.001,23167,23167,23167,2,-2
2024-06-19 15:05:04.001,23166,23166,23166,2,-2
2024-06-19 15:05:04.001,23166,23166,23166,2,0
2024-06-19 15:05:04.001,23166,23166,23166,2,0
2024-06-19 15:05:04.001,23166,23166,23166,2,0
2024-06-19 15:05:04.001,23166,23166,23166,2,0
2024-06-19 15:05:06.001,23166,23166,23166,2,0
2024-06-19 15:05:13.001,23168,23168,23168,2,2
2024-06-19 15:05:14.001,23167,23167,23167,2,-2
2024-06-19 15:05:14.001,23167,23167,23167,2,0
2024-06-19 15:05:14.001,23167,23167,23167,2,0
2024-06-19 15:05:14.001,23166,23166,23166,2,-2
2024-06-19 15:05:14.001,23166,23166,23166,2,0
2024-06-19 15:05:15.001,23166,23166,23166,2,0
2024-06-19 15:05:15.001,23166,23166,23166,2,0
2024-06-19 15:05:19.001,23166,23166,23166,2,0
2024-06-19 15:05:19.001,23166,23166,23166,2,0
2024-06-19 15:05:19.001,23165,23165,23165,2,-2
2024-06-19 15:05:19.001,23165,23165,23165,2,0
2024-06-19 15:05:19.001,23165,23165,23165,2,0
2024-06-19 15:05:19.001,23164,23164,23164,2,-2
2024-06-19 15:05:19.001,23164,23164,23164,2,0
2024-06-19 15:05:19.001,23164,23164,23164,2,0
2024-06-19 15:05:20.001,23165,23165,23165,2,2
2024-06-19 15:05:25.001,23165,23165,23165,2,0
2024-06-19 15:05:25.001,23166,23166,23166,2,2
2024-06-19 15:05:27.001,23166,23166,23166,2,0
2024-06-19 15:05:27.001,23166,23166,23166,2,0
2024-06-19 15:05:28.001,23164,23164,23164,2,-2
2024-06-19 15:05:30.001,23165,23165,23165,2,2
2024-06-19 15:05:30.001,23166,23166,23166,6,6
2024-06-19 15:05:31.001,23166,23166,23166,2,0
2024-06-19 15:05:31.001,23166,23166,23166,2,0
2024-06-19 15:05:31.001,23166,23166,23166,2,0
2024-06-19 15:05:31.001,23167,23167,23167,2,2
2024-06-19 15:05:31.001,23164,23164,23164,2,-2
2024-06-19 15:05:31.001,23164,23164,23164,6,0
2024-06-19 15:05:33.001,23166,23166,23166,2,2
2024-06-19 15:05:35.001,23166,23166,23166,2,0
2024-06-19 15:05:36.001,23166,23166,23166,10,0
2024-06-19 15:05:37.001,23166,23166,23166,2,0
2024-06-19 15:05:39.001,23165,23165,23165,2,-2
2024-06-19 15:05:40.001,23166,23166,23166,2,2
2024-06-19 15:05:40.001,23166,23166,23166,8,0
2024-06-19 15:05:40.001,23166,23166,23166,2,0
2024-06-19 15:05:41.001,23166,23166,23166,2,0
2024-06-19 15:05:41.001,23165,23165,23165,6,-6
2024-06-19 15:05:41.001,23166,23166,23166,2,2
2024-06-19 15:05:42.001,23164,23164,23164,2,-2
2024-06-19 15:05:43.001,23164,23164,23164,2,0
2024-06-19 15:05:43.001,23164,23164,23164,2,0
2024-06-19 15:05:43.001,23164,23164,23164,2,0
2024-06-19 15:05:43.001,23164,23164,23164,6,0
2024-06-19 15:05:43.001,23164,23164,23164,2,0
2024-06-19 15:05:43.001,23165,23165,23165,2,2
2024-06-19 15:05:43.001,23163,23163,23163,2,-2
2024-06-19 15:05:45.001,23163,23163,23163,2,0
2024-06-19 15:05:45.001,23163,23163,23163,2,0
2024-06-19 15:05:45.001,23163,23163,23163,2,0
2024-06-19 15:05:45.001,23163,23163,23163,2,0
2024-06-19 15:05:45.001,23163,23163,23163,2,0
2024-06-19 15:05:45.001,23163,23163,23163,2,0
2024-06-19 15:05:45.001,23163,23163,23163,4,0
2024-06-19 15:05:45.001,23163,23163,23163,2,0
2024-06-19 15:05:45.001,23163,23163,23163,2,0
2024-06-19 15:05:45.001,23163,23163,23163,2,0
2024-06-19 15:05:45.001,23163,23163,23163,8,0
2024-06-19 15:05:45.001,23163,23163,23163,2,0
2024-06-19 15:05:45.001,23163,23163,23163,2,0
2024-06-19 15:05:49.001,23164,23164,23164,2,2
2024-06-19 15:05:50.001,23163,23163,23163,2,-2
2024-06-19 15:05:50.001,23163,23163,23163,6,0
2024-06-19 15:05:51.001,23164,23164,23164,2,2
2024-06-19 15:05:52.001,23163,23163,23163,2,-2
2024-06-19 15:05:53.001,23164,23164,23164,2,2
2024-06-19 15:05:53.001,23163,23163,23163,2,-2
2024-06-19 15:05:53.001,23164,23164,23164,2,2
2024-06-19 15:05:55.001,23163,23163,23163,2,-2
2024-06-19 15:05:55.001,23163,23163,23163,12,0
2024-06-19 15:05:55.001,23163,23163,23163,2,0
2024-06-19 15:05:55.001,23163,23163,23163,2,0
2024-06-19 15:05:55.001,23163,23163,23163,4,0
2024-06-19 15:05:55.001,23163,23163,23163,12,0
2024-06-19 15:05:55.001,23163,23163,23163,2,0
2024-06-19 15:05:55.001,23163,23163,23163,2,0
2024-06-19 15:05:55.001,23163,23163,23163,2,0
2024-06-19 15:05:55.001,23163,23163,23163,2,0
2024-06-19 15:05:55.001,23163,23163,23163,18,0
2024-06-19 15:05:55.001,23163,23163,23163,2,0
2024-06-19 15:05:56.001,23162,23162,23162,4,-4
2024-06-19 15:05:56.001,23162,23162,23162,2,0
2024-06-19 15:05:56.001,23162,23162,23162,4,0
2024-06-19 15:05:59.001,23163,23163,23163,2,2
2024-06-19 15:06:02.001,23163,23163,23163,2,0
2024-06-19 15:06:04.001,23163,23163,23163,2,0
2024-06-19 15:06:04.001,23162,23162,23162,2,-2
2024-06-19 15:06:04.001,23162,23162,23162,2,0
2024-06-19 15:06:04.001,23162,23162,23162,4,0
2024-06-19 15:06:04.001,23162,23162,23162,2,0
2024-06-19 15:06:05.001,23163,23163,23163,6,6
2024-06-19 15:06:05.001,23163,23163,23163,2,0
2024-06-19 15:06:05.001,23163,23163,23163,6,0
2024-06-19 15:06:05.001,23164,23164,23164,2,2
2024-06-19 15:06:07.001,23164,23164,23164,8,0
2024-06-19 15:06:07.001,23165,23165,23165,2,2
2024-06-19 15:06:07.001,23165,23165,23165,14,0
2024-06-19 15:06:07.001,23166,23166,23166,2,2
2024-06-19 15:06:07.001,23166,23166,23166,4,0
2024-06-19 15:06:07.001,23167,23167,23167,12,12
2024-06-19 15:06:07.001,23167,23167,23167,2,0
2024-06-19 15:06:08.001,23167,23167,23167,2,0
2024-06-19 15:06:09.001,23166,23166,23166,2,-2
2024-06-19 15:06:10.001,23166,23166,23166,2,0
2024-06-19 15:06:10.001,23166,23166,23166,2,0
2024-06-19 15:06:10.001,23166,23166,23166,2,0
2024-06-19 15:06:10.001,23165,23165,23165,2,-2
2024-06-19 15:06:12.001,23165,23165,23165,2,0
2024-06-19 15:06:14.001,23166,23166,23166,2,2
2024-06-19 15:06:14.001,23168,23168,23168,2,2
2024-06-19 15:06:14.001,23169,23169,23169,4,4
2024-06-19 15:06:15.001,23166,23166,23166,2,-2
2024-06-19 15:06:15.001,23166,23166,23166,2,0
2024-06-19 15:06:15.001,23166,23166,23166,2,0
2024-06-19 15:06:15.001,23166,23166,23166,2,0
2024-06-19 15:06:15.001,23166,23166,23166,2,0
2024-06-19 15:06:17.001,23169,23169,23169,4,4
2024-06-19 15:06:19.001,23168,23168,23168,2,-2
2024-06-19 15:06:19.001,23169,23169,23169,2,2
2024-06-19 15:06:19.001,23167,23167,23167,2,-2
2024-06-19 15:06:19.001,23169,23169,23169,2,2
2024-06-19 15:06:19.001,23170,23170,23170,4,4
2024-06-19 15:06:19.001,23170,23170,23170,22,0
2024-06-19 15:06:20.001,23169,23169,23169,2,-2
2024-06-19 15:06:20.001,23169,23169,23169,2,0
2024-06-19 15:06:21.001,23171,23171,23171,2,2
2024-06-19 15:06:21.001,23171,23171,23171,2,0
2024-06-19 15:06:21.001,23171,23171,23171,2,0
2024-06-19 15:06:28.001,23170,23170,23170,2,-2
2024-06-19 15:06:29.001,23170,23170,23170,2,0
2024-06-19 15:06:29.001,23168,23168,23168,2,-2
2024-06-19 15:06:30.001,23169,23169,23169,2,2
2024-06-19 15:06:32.001,23171,23171,23171,4,4
2024-06-19 15:06:32.001,23171,23171,23171,4,0
2024-06-19 15:06:32.001,23171,23171,23171,4,0
2024-06-19 15:06:32.001,23171,23171,23171,2,0
2024-06-19 15:06:32.001,23170,23170,23170,2,-2
2024-06-19 15:06:33.001,23170,23170,23170,2,0
2024-06-19 15:06:33.001,23170,23170,23170,4,0
2024-06-19 15:06:36.001,23170,23170,23170,2,0
2024-06-19 15:06:40.001,23170,23170,23170,2,0
2024-06-19 15:06:40.001,23170,23170,23170,4,0
2024-06-19 15:06:40.001,23170,23170,23170,2,0
2024-06-19 15:06:40.001,23170,23170,23170,2,0
2024-06-19 15:06:41.001,23170,23170,23170,2,0
2024-06-19 15:06:42.001,23171,23171,23171,12,12
2024-06-19 15:06:42.001,23172,23172,23172,16,16
2024-06-19 15:06:42.001,23173,23173,23173,8,8
2024-06-19 15:06:44.001,23172,23172,23172,2,-2
2024-06-19 15:06:44.001,23174,23174,23174,2,2
2024-06-19 15:06:48.001,23173,23173,23173,2,-2
2024-06-19 15:06:49.001,23173,23173,23173,2,0
2024-06-19 15:06:50.001,23173,23173,23173,2,0
2024-06-19 15:06:51.001,23174,23174,23174,4,4
2024-06-19 15:06:52.001,23174,23174,23174,8,0
2024-06-19 15:06:52.001,23174,23174,23174,4,0
2024-06-19 15:06:52.001,23174,23174,23174,2,0
2024-06-19 15:06:52.001,23174,23174,23174,2,0
2024-06-19 15:06:52.001,23174,23174,23174,2,0
2024-06-19 15:06:52.001,23174,23174,23174,2,0
2024-06-19 15:06:52.001,23174,23174,23174,2,0
2024-06-19 15:06:55.001,23173,23173,23173,2,-2
2024-06-19 15:07:00.001,23173,23173,23173,2,0
2024-06-19 15:07:00.001,23173,23173,23173,2,0
2024-06-19 15:07:00.001,23174,23174,23174,2,2
2024-06-19 15:07:02.001,23174,23174,23174,2,0
2024-06-19 15:07:06.001,23174,23174,23174,2,0
2024-06-19 15:07:06.001,23174,23174,23174,2,0
2024-06-19 15:07:07.001,23173,23173,23173,2,-2
2024-06-19 15:07:09.001,23174,23174,23174,2,2
2024-06-19 15:07:10.001,23174,23174,23174,2,0
2024-06-19 15:07:10.001,23175,23175,23175,26,26
2024-06-19 15:07:10.001,23176,23176,23176,4,4
2024-06-19 15:07:10.001,23176,23176,23176,2,0
2024-06-19 15:07:10.001,23177,23177,23177,4,4
2024-06-19 15:07:10.001,23178,23178,23178,2,2
2024-06-19 15:07:10.001,23177,23177,23177,2,-2
2024-06-19 15:07:11.001,23177,23177,23177,2,0
2024-06-19 15:07:13.001,23177,23177,23177,4,0
2024-06-19 15:07:17.001,23177,23177,23177,6,0
2024-06-19 15:07:19.001,23177,23177,23177,2,0
2024-06-19 15:07:19.001,23177,23177,23177,4,0
2024-06-19 15:07:20.001,23176,23176,23176,2,-2
2024-06-19 15:07:21.001,23178,23178,23178,4,4
2024-06-19 15:07:23.001,23178,23178,23178,2,0
2024-06-19 15:07:24.001,23177,23177,23177,2,-2
2024-06-19 15:07:24.001,23178,23178,23178,2,2
2024-06-19 15:07:26.001,23179,23179,23179,2,2
2024-06-19 15:07:28.001,23179,23179,23179,2,0
2024-06-19 15:07:30.001,23179,23179,23179,2,0
2024-06-19 15:07:30.001,23179,23179,23179,6,0
2024-06-19 15:07:31.001,23179,23179,23179,4,0
2024-06-19 15:07:33.001,23179,23179,23179,2,0
2024-06-19 15:07:34.001,23179,23179,23179,4,0
2024-06-19 15:07:34.001,23179,23179,23179,4,0
2024-06-19 15:07:34.001,23179,23179,23179,2,0
2024-06-19 15:07:34.001,23179,23179,23179,2,0
2024-06-19 15:07:37.001,23178,23178,23178,2,-2
2024-06-19 15:07:37.001,23178,23178,23178,2,0
2024-06-19 15:07:37.001,23178,23178,23178,2,0
2024-06-19 15:07:37.001,23178,23178,23178,2,0
2024-06-19 15:07:37.001,23178,23178,23178,4,0
2024-06-19 15:07:37.001,23178,23178,23178,2,0
2024-06-19 15:07:37.001,23179,23179,23179,2,2
2024-06-19 15:07:38.001,23179,23179,23179,2,0
2024-06-19 15:07:39.001,23179,23179,23179,2,0
2024-06-19 15:07:41.001,23178,23178,23178,4,-4
2024-06-19 15:07:41.001,23178,23178,23178,4,0
2024-06-19 15:07:41.001,23179,23179,23179,8,8
2024-06-19 15:07:44.001,23177,23177,23177,2,-2
2024-06-19 15:07:45.001,23178,23178,23178,8,8
2024-06-19 15:07:45.001,23179,23179,23179,12,12
2024-06-19 15:07:45.001,23179,23179,23179,2,0
2024-06-19 15:07:47.001,23179,23179,23179,2,0
2024-06-19 15:07:47.001,23179,23179,23179,8,0
2024-06-19 15:07:47.001,23180,23180,23180,4,4
2024-06-19 15:07:47.001,23180,23180,23180,34,0
2024-06-19 15:07:47.001,23181,23181,23181,4,4
2024-06-19 15:07:47.001,23181,23181,23181,6,0
2024-06-19 15:07:47.001,23181,23181,23181,2,0
2024-06-19 15:07:47.001,23182,23182,23182,2,2
2024-06-19 15:07:47.001,23181,23181,23181,2,-2
2024-06-19 15:07:48.001,23181,23181,23181,2,0
2024-06-19 15:07:48.001,23181,23181,23181,2,0
2024-06-19 15:07:48.001,23181,23181,23181,2,0
2024-06-19 15:07:50.001,23179,23179,23179,2,-2
2024-06-19 15:07:50.001,23179,23179,23179,2,0
2024-06-19 15:07:51.001,23181,23181,23181,2,2
2024-06-19 15:07:52.001,23181,23181,23181,2,0
2024-06-19 15:07:53.001,23180,23180,23180,2,-2
2024-06-19 15:07:53.001,23181,23181,23181,2,2
2024-06-19 15:07:53.001,23180,23180,23180,2,-2
2024-06-19 15:07:54.001,23180,23180,23180,2,0
2024-06-19 15:07:54.001,23180,23180,23180,2,0
2024-06-19 15:07:56.001,23179,23179,23179,2,-2
2024-06-19 15:07:56.001,23179,23179,23179,2,0
2024-06-19 15:07:58.001,23180,23180,23180,2,2
2024-06-19 15:07:59.001,23181,23181,23181,2,2
2024-06-19 15:08:00.001,23180,23180,23180,2,-2
2024-06-19 15:08:00.001,23180,23180,23180,2,0
2024-06-19 15:08:00.001,23180,23180,23180,4,0
2024-06-19 15:08:03.001,23180,23180,23180,2,0
2024-06-19 15:08:06.001,23180,23180,23180,2,0
2024-06-19 15:08:07.001,23180,23180,23180,2,0
2024-06-19 15:08:07.001,23180,23180,23180,2,0
2024-06-19 15:08:07.001,23181,23181,23181,2,2
2024-06-19 15:08:09.001,23180,23180,23180,2,-2
2024-06-19 15:08:10.001,23180,23180,23180,2,0
2024-06-19 15:08:14.001,23181,23181,23181,2,2
2024-06-19 15:08:15.001,23181,23181,23181,2,0
2024-06-19 15:08:15.001,23181,23181,23181,2,0
2024-06-19 15:08:16.001,23180,23180,23180,2,-2
2024-06-19 15:08:16.001,23180,23180,23180,2,0
2024-06-19 15:08:16.001,23180,23180,23180,2,0
2024-06-19 15:08:16.001,23180,23180,23180,2,0
2024-06-19 15:08:16.001,23180,23180,23180,2,0
2024-06-19 15:08:19.001,23180,23180,23180,2,0
2024-06-19 15:08:20.001,23180,23180,23180,2,0
2024-06-19 15:08:22.001,23181,23181,23181,4,4
2024-06-19 15:08:22.001,23182,23182,23182,2,2
2024-06-19 15:08:22.001,23182,23182,23182,2,0
2024-06-19 15:08:22.001,23181,23181,23181,2,-2
2024-06-19 15:08:22.001,23181,23181,23181,4,0
2024-06-19 15:08:22.001,23180,23180,23180,2,-2
2024-06-19 15:08:26.001,23182,23182,23182,4,4
2024-06-19 15:08:26.001,23182,23182,23182,2,0
2024-06-19 15:08:26.001,23182,23182,23182,6,0
2024-06-19 15:08:26.001,23183,23183,23183,14,14
2024-06-19 15:08:26.001,23182,23182,23182,2,-2
2024-06-19 15:08:26.001,23182,23182,23182,2,0
2024-06-19 15:08:26.001,23182,23182,23182,2,0
2024-06-19 15:08:26.001,23183,23183,23183,2,2
2024-06-19 15:08:26.001,23183,23183,23183,2,0
2024-06-19 15:08:26.001,23183,23183,23183,2,0
2024-06-19 15:08:31.001,23183,23183,23183,2,0
2024-06-19 15:08:31.001,23184,23184,23184,2,2
2024-06-19 15:08:34.001,23184,23184,23184,4,0
2024-06-19 15:08:37.001,23183,23183,23183,2,-2
2024-06-19 15:08:37.001,23183,23183,23183,2,0
2024-06-19 15:08:37.001,23183,23183,23183,2,0
2024-06-19 15:08:39.001,23184,23184,23184,10,10
2024-06-19 15:08:42.001,23183,23183,23183,2,-2
2024-06-19 15:08:42.001,23184,23184,23184,2,2
2024-06-19 15:08:42.001,23183,23183,23183,2,-2
2024-06-19 15:08:44.001,23183,23183,23183,2,0
2024-06-19 15:08:46.001,23183,23183,23183,2,0
2024-06-19 15:08:47.001,23184,23184,23184,2,2
2024-06-19 15:08:47.001,23185,23185,23185,2,2
2024-06-19 15:08:49.001,23184,23184,23184,2,-2
2024-06-19 15:08:50.001,23184,23184,23184,2,0
2024-06-19 15:08:50.001,23183,23183,23183,2,-2
2024-06-19 15:08:50.001,23183,23183,23183,2,0
2024-06-19 15:08:50.001,23184,23184,23184,2,2
2024-06-19 15:08:51.001,23185,23185,23185,2,2
2024-06-19 15:08:51.001,23185,23185,23185,6,0
2024-06-19 15:08:51.001,23185,23185,23185,8,0
2024-06-19 15:08:51.001,23185,23185,23185,10,0
2024-06-19 15:08:54.001,23186,23186,23186,10,10
2024-06-19 15:08:54.001,23186,23186,23186,2,0
2024-06-19 15:08:54.001,23184,23184,23184,2,-2
2024-06-19 15:08:54.001,23184,23184,23184,2,0
2024-06-19 15:08:57.001,23187,23187,23187,28,28
2024-06-19 15:08:57.001,23187,23187,23187,2,0
2024-06-19 15:08:57.001,23188,23188,23188,2,2
2024-06-19 15:08:57.001,23188,23188,23188,12,0
2024-06-19 15:08:57.001,23188,23188,23188,18,0
2024-06-19 15:08:57.001,23189,23189,23189,4,4
2024-06-19 15:08:57.001,23189,23189,23189,4,0
2024-06-19 15:08:57.001,23188,23188,23188,2,-2
2024-06-19 15:08:57.001,23188,23188,23188,2,0
2024-06-19 15:08:57.001,23188,23188,23188,2,0
2024-06-19 15:08:57.001,23188,23188,23188,2,0
2024-06-19 15:08:57.001,23187,23187,23187,2,-2
2024-06-19 15:08:57.001,23187,23187,23187,2,0
2024-06-19 15:08:57.001,23190,23190,23190,2,2
2024-06-19 15:08:57.001,23190,23190,23190,2,0
2024-06-19 15:08:57.001,23190,23190,23190,2,0
2024-06-19 15:08:57.001,23190,23190,23190,2,0
2024-06-19 15:08:57.001,23190,23190,23190,2,0
