2020-04-09 15:00:00.054,10106,10107,10105,106,-106
2020-04-09 15:00:00.055,10105,10106,10106,1,1
2020-04-09 15:00:00.123,10105,10107,10107,1,1
2020-04-09 15:00:00.142,10105,10107,10108,1,1
2020-04-09 15:00:00.160,10105,10107,10108,1,1
2020-04-09 15:00:00.160,10105,10107,10109,2,2
2020-04-09 15:00:00.185,10107,10109,10107,1,-1
2020-04-09 15:00:00.198,10107,10109,10109,1,1
2020-04-09 15:00:00.325,10107,10109,10107,1,-1
2020-04-09 15:00:00.408,10107,10109,10109,3,3
2020-04-09 15:00:00.525,10109,10110,10110,1,1
2020-04-09 15:00:00.527,10109,10110,10110,1,1
2020-04-09 15:00:00.573,10109,10110,10110,12,12
2020-04-09 15:00:00.617,10109,10110,10110,1,1
2020-04-09 15:00:00.692,10109,10110,10110,1,1
2020-04-09 15:00:00.739,10109,10110,10110,1,1
2020-04-09 15:00:00.772,10109,10110,10110,3,3
2020-04-09 15:00:00.842,10109,10110,10110,2,2
2020-04-09 15:00:00.867,10109,10110,10111,1,1
2020-04-09 15:00:01.016,10109,10111,10109,5,-5
2020-04-09 15:00:01.016,10109,10111,10108,10,-10
2020-04-09 15:00:01.018,10109,10111,10108,4,-4
2020-04-09 15:00:01.067,10107,10108,10108,1,1
2020-04-09 15:00:01.072,10107,10108,10108,6,6
2020-04-09 15:00:01.137,10107,10108,10108,1,1
2020-04-09 15:00:01.165,10107,10108,10108,13,13
2020-04-09 15:00:01.170,10108,10109,10109,5,5
2020-04-09 15:00:01.366,10109,10111,10111,1,1
2020-04-09 15:00:01.457,10111,10112,10112,1,1
2020-04-09 15:00:01.566,10111,10112,10112,1,1
2020-04-09 15:00:01.576,10111,10112,10112,1,1
2020-04-09 15:00:01.691,10111,10113,10112,1,-1
2020-04-09 15:00:01.901,10112,10113,10112,1,-1
2020-04-09 15:00:02.104,10112,10113,10113,4,4
2020-04-09 15:00:02.128,10112,10113,10114,1,1
2020-04-09 15:00:02.306,10113,10114,10113,1,-1
2020-04-09 15:00:02.375,10113,10114,10114,1,1
2020-04-09 15:00:02.387,10113,10114,10112,1,-1
2020-04-09 15:00:02.480,10112,10115,10114,4,4
2020-04-09 15:00:02.547,10112,10114,10114,4,4
2020-04-09 15:00:02.640,10112,10114,10113,1,-1
2020-04-09 15:00:02.794,10113,10115,10113,1,-1
2020-04-09 15:00:02.893,10112,10115,10114,1,1
2020-04-09 15:00:03.950,10114,10115,10115,5,5
2020-04-09 15:00:03.950,10114,10115,10116,5,5
2020-04-09 15:00:04.129,10114,10116,10115,1,-1
2020-04-09 15:00:04.349,10115,10116,10115,1,-1
2020-04-09 15:00:04.360,10115,10116,10115,1,-1
2020-04-09 15:00:04.468,10114,10116,10114,1,-1
2020-04-09 15:00:04.918,10114,10115,10115,1,1
2020-04-09 15:00:05.058,10114,10116,10116,3,3
2020-04-09 15:00:05.479,10114,10116,10116,4,4
2020-04-09 15:00:06.104,10115,10116,10116,1,1
2020-04-09 15:00:06.187,10116,10117,10117,1,1
2020-04-09 15:00:06.315,10116,10117,10116,1,-1
2020-04-09 15:00:06.414,10116,10117,10115,1,-1
2020-04-09 15:00:06.426,10115,10117,10117,1,1
2020-04-09 15:00:06.725,10116,10118,10118,8,8
2020-04-09 15:00:06.918,10117,10119,10118,2,-2
2020-04-09 15:00:07.111,10118,10119,10118,1,-1
2020-04-09 15:00:07.121,10118,10119,10118,1,-1
2020-04-09 15:00:07.121,10118,10119,10119,1,1
2020-04-09 15:00:07.277,10116,10119,10116,1,-1
2020-04-09 15:00:07.296,10116,10118,10117,1,1
2020-04-09 15:00:07.382,10116,10118,10118,4,4
2020-04-09 15:00:07.441,10118,10119,10119,1,1
2020-04-09 15:00:07.649,10118,10120,10118,1,-1
2020-04-09 15:00:08.110,10118,10120,10120,10,10
2020-04-09 15:00:08.321,10119,10120,10120,17,17
2020-04-09 15:00:08.344,10119,10120,10121,4,4
2020-04-09 15:00:08.420,10120,10121,10121,2,2
2020-04-09 15:00:08.547,10121,10122,10122,1,1
2020-04-09 15:00:08.547,10121,10122,10122,1,1
2020-04-09 15:00:08.553,10121,10122,10122,1,1
2020-04-09 15:00:08.553,10121,10122,10122,1,1
2020-04-09 15:00:08.553,10121,10122,10122,3,3
2020-04-09 15:00:08.611,10121,10122,10121,1,-1
2020-04-09 15:00:08.959,10122,10123,10123,4,4
2020-04-09 15:00:09.420,10123,10124,10123,1,-1
2020-04-09 15:00:09.460,10123,10124,10124,3,3
2020-04-09 15:00:09.500,10123,10124,10123,3,-3
2020-04-09 15:00:09.508,10123,10124,10125,1,1
2020-04-09 15:00:09.526,10123,10124,10125,2,2
2020-04-09 15:00:09.622,10123,10125,10124,1,-1
2020-04-09 15:00:09.757,10123,10125,10125,2,2
2020-04-09 15:00:10.038,10124,10125,10124,1,-1
2020-04-09 15:00:10.038,10124,10125,10124,2,-2
2020-04-09 15:00:10.038,10124,10125,10124,2,-2
2020-04-09 15:00:10.045,10124,10125,10124,5,-5
2020-04-09 15:00:10.118,10124,10125,10123,1,-1
2020-04-09 15:00:10.119,10124,10125,10124,4,4
2020-04-09 15:00:10.119,10124,10125,10125,4,4
2020-04-09 15:00:10.120,10124,10125,10125,2,2
2020-04-09 15:00:10.514,10123,10125,10125,1,1
2020-04-09 15:00:10.779,10123,10125,10125,1,1
2020-04-09 15:00:10.796,10123,10124,10123,2,-2
2020-04-09 15:00:10.958,10123,10124,10123,2,-2
2020-04-09 15:00:11.170,10123,10124,10123,11,-11
2020-04-09 15:00:11.171,10123,10124,10123,2,-2
2020-04-09 15:00:11.171,10123,10124,10123,1,-1
2020-04-09 15:00:11.295,10123,10124,10123,4,-4
2020-04-09 15:00:11.295,10123,10124,10123,2,-2
2020-04-09 15:00:12.109,10121,10123,10123,3,3
2020-04-09 15:00:12.319,10123,10124,10123,2,-2
2020-04-09 15:00:12.370,10123,10124,10121,6,-6
2020-04-09 15:00:12.394,10123,10124,10123,1,1
2020-04-09 15:00:12.595,10122,10123,10123,1,1
2020-04-09 15:00:12.631,10122,10123,10123,5,5
2020-04-09 15:00:12.831,10122,10123,10122,1,-1
2020-04-09 15:00:12.836,10122,10123,10123,1,1
2020-04-09 15:00:12.886,10122,10123,10124,1,1
2020-04-09 15:00:12.886,10122,10123,10125,3,3
2020-04-09 15:00:12.986,10124,10126,10125,1,-1
2020-04-09 15:00:13.081,10125,10126,10125,3,-3
2020-04-09 15:00:13.443,10124,10126,10124,1,-1
2020-04-09 15:00:13.561,10124,10126,10125,1,1
2020-04-09 15:00:13.915,10125,10126,10126,1,1
2020-04-09 15:00:14.110,10125,10126,10126,3,3
2020-04-09 15:00:14.114,10125,10126,10127,1,1
2020-04-09 15:00:14.154,10125,10126,10126,2,2
2020-04-09 15:00:14.369,10126,10127,10127,1,1
2020-04-09 15:00:14.554,10126,10127,10127,1,1
2020-04-09 15:00:14.566,10126,10127,10127,1,1
2020-04-09 15:00:14.587,10126,10127,10127,1,1
2020-04-09 15:00:14.662,10126,10127,10127,1,1
2020-04-09 15:00:14.745,10127,10128,10127,2,-2
2020-04-09 15:00:14.796,10126,10127,10126,2,-2
2020-04-09 15:00:14.796,10126,10127,10126,2,-2
2020-04-09 15:00:14.812,10126,10127,10127,4,4
2020-04-09 15:00:14.820,10126,10127,10127,1,1
2020-04-09 15:00:14.836,10126,10127,10127,1,1
2020-04-09 15:00:14.837,10126,10127,10127,2,2
2020-04-09 15:00:14.839,10126,10127,10127,2,2
2020-04-09 15:00:14.927,10126,10127,10126,2,-2
2020-04-09 15:00:14.989,10126,10127,10127,1,1
2020-04-09 15:00:15.420,10125,10126,10125,2,-2
2020-04-09 15:00:15.630,10123,10125,10124,1,-1
2020-04-09 15:00:15.795,10124,10125,10124,1,-1
2020-04-09 15:00:15.860,10124,10125,10123,1,-1
2020-04-09 15:00:15.881,10124,10125,10124,1,1
2020-04-09 15:00:16.086,10123,10125,10124,2,-2
2020-04-09 15:00:16.086,10123,10125,10124,2,-2
2020-04-09 15:00:16.113,10123,10125,10125,5,5
2020-04-09 15:00:16.264,10125,10126,10126,1,1
2020-04-09 15:00:16.546,10124,10125,10124,2,-2
2020-04-09 15:00:16.552,10124,10125,10124,1,-1
2020-04-09 15:00:16.638,10124,10125,10124,3,-3
2020-04-09 15:00:16.673,10123,10125,10123,2,-2
2020-04-09 15:00:16.982,10123,10125,10125,2,2
2020-04-09 15:00:17.043,10123,10125,10125,1,1
2020-04-09 15:00:17.795,10123,10124,10123,1,-1
2020-04-09 15:00:17.875,10123,10124,10123,4,-4
2020-04-09 15:00:17.875,10123,10124,10124,6,6
2020-04-09 15:00:18.107,10122,10125,10123,1,-1
2020-04-09 15:00:18.360,10121,10123,10123,1,1
2020-04-09 15:00:18.669,10122,10123,10122,2,-2
2020-04-09 15:00:18.745,10121,10123,10121,1,-1
2020-04-09 15:00:18.745,10121,10123,10120,2,-2
2020-04-09 15:00:18.834,10120,10122,10122,1,1
2020-04-09 15:00:19.049,10120,10122,10122,1,1
2020-04-09 15:00:19.132,10120,10122,10121,1,-1
2020-04-09 15:00:19.337,10121,10123,10121,2,-2
2020-04-09 15:00:19.428,10121,10123,10121,3,-3
2020-04-09 15:00:19.474,10121,10123,10121,1,-1
2020-04-09 15:00:19.487,10121,10123,10121,1,-1
2020-04-09 15:00:19.545,10121,10123,10121,2,-2
2020-04-09 15:00:19.670,10121,10122,10121,1,-1
2020-04-09 15:00:19.812,10121,10122,10122,1,1
2020-04-09 15:00:20.039,10120,10122,10121,1,-1
2020-04-09 15:00:20.108,10121,10122,10123,1,1
2020-04-09 15:00:20.182,10121,10123,10123,1,1
2020-04-09 15:00:20.896,10121,10122,10121,1,-1
2020-04-09 15:00:21.402,10121,10122,10121,1,-1
2020-04-09 15:00:21.420,10121,10122,10121,2,-2
2020-04-09 15:00:21.420,10121,10122,10121,1,-1
2020-04-09 15:00:21.562,10121,10122,10121,1,-1
2020-04-09 15:00:21.680,10121,10122,10122,2,2
2020-04-09 15:00:21.680,10121,10122,10123,8,8
2020-04-09 15:00:21.753,10121,10122,10121,3,-3
2020-04-09 15:00:21.753,10121,10122,10120,4,-4
2020-04-09 15:00:21.984,10120,10123,10120,1,-1
2020-04-09 15:00:22.079,10120,10122,10122,4,4
2020-04-09 15:00:22.183,10122,10123,10122,1,-1
2020-04-09 15:00:22.490,10122,10123,10122,10,-10
2020-04-09 15:00:22.490,10122,10123,10122,2,-2
2020-04-09 15:00:22.549,10122,10123,10122,1,-1
2020-04-09 15:00:22.573,10122,10123,10122,2,-2
2020-04-09 15:00:22.755,10122,10123,10122,1,-1
2020-04-09 15:00:22.756,10122,10123,10122,1,-1
2020-04-09 15:00:22.806,10122,10123,10122,2,-2
2020-04-09 15:00:22.807,10122,10123,10122,4,-4
2020-04-09 15:00:22.920,10122,10123,10122,4,-4
2020-04-09 15:00:23.168,10122,10123,10122,1,-1
2020-04-09 15:00:23.704,10121,10123,10121,1,-1
2020-04-09 15:00:24.054,10121,10123,10121,1,-1
2020-04-09 15:00:24.180,10121,10123,10121,1,-1
2020-04-09 15:00:24.943,10121,10122,10122,2,2
2020-04-09 15:00:25.186,10121,10123,10123,1,1
2020-04-09 15:00:26.171,10121,10122,10122,1,1
2020-04-09 15:00:26.687,10121,10122,10121,3,-3
2020-04-09 15:00:27.021,10120,10122,10122,1,1
2020-04-09 15:00:27.738,10121,10123,10121,1,-1
2020-04-09 15:00:28.514,10120,10122,10122,1,1
2020-04-09 15:00:28.609,10120,10122,10122,1,1
2020-04-09 15:00:28.887,10120,10121,10121,6,6
2020-04-09 15:00:29.021,10120,10121,10121,2,2
2020-04-09 15:00:29.324,10121,10123,10121,3,-3
2020-04-09 15:00:30.700,10120,10121,10120,2,-2
2020-04-09 15:00:31.554,10120,10121,10120,1,-1
2020-04-09 15:00:32.598,10119,10120,10120,1,1
2020-04-09 15:00:33.279,10119,10120,10120,1,1
2020-04-09 15:00:33.513,10119,10120,10120,1,1
2020-04-09 15:00:33.814,10119,10120,10120,1,1
2020-04-09 15:00:33.823,10119,10120,10120,1,1
2020-04-09 15:00:35.437,10119,10120,10119,2,-2
2020-04-09 15:00:35.927,10118,10120,10118,1,-1
2020-04-09 15:00:36.708,10118,10119,10119,3,3
2020-04-09 15:00:37.307,10118,10120,10120,1,1
2020-04-09 15:00:38.351,10119,10120,10119,5,-5
2020-04-09 15:00:40.999,10118,10119,10118,1,-1
2020-04-09 15:00:41.045,10118,10119,10118,1,-1
2020-04-09 15:00:44.331,10117,10118,10118,5,5
2020-04-09 15:00:44.331,10117,10118,10118,2,2
2020-04-09 15:00:44.421,10118,10119,10119,1,1
2020-04-09 15:00:44.460,10118,10119,10118,2,-2
2020-04-09 15:00:46.166,10118,10119,10119,2,2
2020-04-09 15:00:46.395,10118,10119,10118,1,-1
2020-04-09 15:00:46.804,10118,10119,10118,1,-1
2020-04-09 15:00:47.332,10118,10119,10118,1,-1
2020-04-09 15:00:47.375,10118,10119,10118,1,-1
2020-04-09 15:00:47.669,10117,10119,10118,1,-1
2020-04-09 15:00:50.231,10117,10118,10118,1,1
2020-04-09 15:00:50.629,10117,10118,10118,1,1
2020-04-09 15:00:50.714,10117,10119,10118,1,-1
2020-04-09 15:00:51.411,10118,10119,10118,1,-1
2020-04-09 15:00:53.169,10118,10119,10119,2,2
2020-04-09 15:00:53.169,10118,10119,10119,2,2
2020-04-09 15:00:53.169,10118,10119,10119,2,2
2020-04-09 15:00:53.295,10119,10120,10120,4,4
2020-04-09 15:00:53.785,10119,10121,10121,1,1
2020-04-09 15:00:54.254,10119,10121,10121,2,2
2020-04-09 15:00:55.332,10121,10122,10122,1,1
2020-04-09 15:00:55.630,10121,10122,10122,4,4
2020-04-09 15:00:55.670,10121,10122,10122,4,4
2020-04-09 15:00:55.945,10121,10123,10121,4,-4
2020-04-09 15:00:55.945,10121,10123,10120,3,-3
2020-04-09 15:00:55.946,10121,10123,10120,1,-1
2020-04-09 15:00:55.947,10121,10123,10119,1,-1
2020-04-09 15:00:56.346,10119,10120,10120,1,1
2020-04-09 15:00:56.576,10119,10120,10120,1,1
2020-04-09 15:00:56.621,10119,10120,10120,2,2
2020-04-09 15:00:56.670,10119,10120,10120,13,13
2020-04-09 15:00:57.704,10120,10122,10122,1,1
2020-04-09 15:00:59.148,10120,10121,10120,1,-1
2020-04-09 15:00:59.148,10120,10121,10120,2,-2
2020-04-09 15:01:01.332,10119,10120,10120,1,1
2020-04-09 15:01:02.178,10120,10121,10121,4,4
2020-04-09 15:01:02.178,10120,10121,10121,1,1
2020-04-09 15:01:02.208,10120,10121,10122,1,1
2020-04-09 15:01:02.450,10121,10123,10121,1,-1
2020-04-09 15:01:02.551,10121,10123,10123,1,1
2020-04-09 15:01:02.555,10121,10123,10123,1,1
2020-04-09 15:01:02.556,10121,10123,10123,1,1
2020-04-09 15:01:02.561,10121,10123,10123,1,1
2020-04-09 15:01:02.564,10121,10123,10123,1,1
2020-04-09 15:01:02.564,10121,10123,10123,1,1
2020-04-09 15:01:02.566,10121,10123,10123,1,1
2020-04-09 15:01:02.570,10121,10123,10123,1,1
2020-04-09 15:01:02.570,10121,10123,10123,1,1
2020-04-09 15:01:02.572,10121,10123,10123,4,4
2020-04-09 15:01:02.572,10121,10123,10124,1,1
2020-04-09 15:01:02.976,10122,10124,10124,2,2
2020-04-09 15:01:04.087,10122,10124,10124,1,1
2020-04-09 15:01:05.015,10123,10124,10123,6,-6
2020-04-09 15:01:05.170,10122,10123,10122,2,-2
2020-04-09 15:01:05.312,10121,10123,10121,1,-1
2020-04-09 15:01:05.340,10121,10123,10123,5,5
2020-04-09 15:01:05.353,10121,10123,10124,1,1
2020-04-09 15:01:05.415,10121,10123,10122,2,-2
2020-04-09 15:01:05.479,10121,10124,10122,1,-1
2020-04-09 15:01:05.751,10121,10123,10123,1,1
2020-04-09 15:01:07.275,10123,10124,10124,1,1
2020-04-09 15:01:07.321,10123,10124,10123,1,-1
2020-04-09 15:01:07.886,10123,10125,10124,1,1
2020-04-09 15:01:07.887,10123,10125,10124,1,-1
2020-04-09 15:01:08.881,10123,10125,10124,1,-1
2020-04-09 15:01:08.881,10123,10125,10125,9,9
2020-04-09 15:01:09.072,10123,10124,10124,1,1
2020-04-09 15:01:09.814,10123,10125,10123,1,-1
2020-04-09 15:01:10.148,10124,10125,10125,2,2
2020-04-09 15:01:10.148,10124,10125,10125,1,1
2020-04-09 15:01:10.330,10125,10126,10126,1,1
2020-04-09 15:01:10.699,10125,10126,10125,2,-2
2020-04-09 15:01:11.213,10124,10126,10126,8,8
2020-04-09 15:01:11.214,10124,10126,10126,2,2
2020-04-09 15:01:11.351,10125,10127,10127,1,1
2020-04-09 15:01:11.420,10126,10127,10127,6,6
2020-04-09 15:01:11.420,10126,10127,10127,4,4
2020-04-09 15:01:11.591,10127,10128,10127,1,-1
2020-04-09 15:01:12.185,10126,10127,10127,1,1
2020-04-09 15:01:12.435,10126,10127,10127,2,2
2020-04-09 15:01:12.821,10126,10127,10126,1,-1
2020-04-09 15:01:12.907,10126,10127,10127,1,1
2020-04-09 15:01:13.069,10125,10127,10125,3,-3
2020-04-09 15:01:13.878,10125,10126,10126,2,2
2020-04-09 15:01:14.006,10125,10127,10127,1,1
2020-04-09 15:01:14.031,10125,10127,10127,1,1
2020-04-09 15:01:14.890,10125,10127,10125,1,-1
2020-04-09 15:01:15.412,10124,10126,10126,1,1
2020-04-09 15:01:15.412,10124,10126,10127,1,1
2020-04-09 15:01:15.517,10124,10127,10127,3,3
2020-04-09 15:01:16.073,10124,10125,10125,1,1
2020-04-09 15:01:16.186,10124,10126,10125,1,-1
2020-04-09 15:01:16.203,10124,10126,10125,1,-1
2020-04-09 15:01:17.277,10124,10125,10124,1,-1
2020-04-09 15:01:17.277,10124,10125,10124,1,-1
2020-04-09 15:01:18.357,10123,10124,10124,1,1
2020-04-09 15:01:19.372,10123,10125,10125,2,2
2020-04-09 15:01:19.580,10123,10125,10125,1,1
2020-04-09 15:01:19.580,10123,10125,10126,9,9
2020-04-09 15:01:19.586,10123,10125,10125,1,1
2020-04-09 15:01:20.538,10125,10126,10125,1,-1
2020-04-09 15:01:21.795,10124,10125,10125,1,1
2020-04-09 15:01:22.025,10124,10126,10126,1,1
2020-04-09 15:01:22.031,10124,10126,10124,9,-9
2020-04-09 15:01:22.031,10124,10126,10123,1,-1
2020-04-09 15:01:22.938,10123,10125,10123,1,-1
2020-04-09 15:01:23.579,10124,10125,10125,1,1
2020-04-09 15:01:24.317,10124,10125,10125,1,1
2020-04-09 15:01:25.395,10124,10125,10125,1,1
2020-04-09 15:01:25.420,10124,10125,10125,1,1
2020-04-09 15:01:25.474,10124,10125,10124,3,-3
2020-04-09 15:01:25.507,10124,10125,10124,1,-1
2020-04-09 15:01:25.845,10124,10126,10126,1,1
2020-04-09 15:01:25.990,10124,10125,10125,1,1
2020-04-09 15:01:27.826,10125,10126,10125,1,-1
2020-04-09 15:01:28.424,10124,10126,10124,5,-5
2020-04-09 15:01:28.458,10124,10126,10123,1,-1
2020-04-09 15:01:29.963,10123,10125,10124,1,1
2020-04-09 15:01:31.030,10124,10125,10124,1,-1
2020-04-09 15:01:33.443,10124,10125,10125,1,1
2020-04-09 15:01:33.520,10124,10125,10124,1,-1
2020-04-09 15:01:33.626,10124,10125,10124,4,-4
2020-04-09 15:01:34.897,10123,10124,10123,10,-10
2020-04-09 15:01:34.908,10123,10124,10123,5,-5
2020-04-09 15:01:35.129,10122,10123,10122,1,-1
2020-04-09 15:01:35.817,10122,10123,10122,1,-1
2020-04-09 15:01:36.194,10122,10123,10123,1,1
2020-04-09 15:01:36.628,10123,10124,10124,1,1
2020-04-09 15:01:37.213,10123,10124,10124,3,3
2020-04-09 15:01:38.408,10123,10124,10123,1,-1
2020-04-09 15:01:38.610,10123,10124,10124,1,1
2020-04-09 15:01:39.186,10123,10125,10123,1,-1
2020-04-09 15:01:39.254,10123,10125,10125,1,1
2020-04-09 15:01:41.320,10123,10125,10124,1,-1
2020-04-09 15:01:42.795,10123,10124,10123,4,-4
2020-04-09 15:01:44.049,10121,10123,10121,1,-1
2020-04-09 15:01:44.115,10121,10123,10122,1,1
2020-04-09 15:01:46.431,10121,10123,10123,1,1
2020-04-09 15:01:46.888,10121,10123,10123,1,1
2020-04-09 15:01:47.868,10122,10123,10122,3,-3
2020-04-09 15:01:47.869,10122,10123,10122,1,-1
2020-04-09 15:01:48.130,10121,10123,10121,1,-1
2020-04-09 15:01:48.198,10120,10123,10123,1,1
2020-04-09 15:01:49.632,10122,10123,10122,1,-1
2020-04-09 15:01:49.632,10122,10123,10121,2,-2
2020-04-09 15:01:53.198,10120,10122,10122,2,2
2020-04-09 15:01:53.232,10120,10122,10122,1,1
2020-04-09 15:01:54.190,10121,10122,10121,1,-1
2020-04-09 15:01:54.584,10120,10122,10120,7,-7
2020-04-09 15:01:56.299,10120,10122,10120,15,-15
2020-04-09 15:01:56.621,10119,10120,10120,1,1
2020-04-09 15:01:57.839,10119,10120,10120,1,1
2020-04-09 15:01:57.886,10119,10120,10120,3,3
2020-04-09 15:01:57.886,10119,10120,10121,1,1
2020-04-09 15:01:58.806,10120,10122,10122,1,1
2020-04-09 15:01:59.173,10120,10122,10122,1,1
2020-04-09 15:02:00.374,10121,10122,10122,2,2
2020-04-09 15:02:01.532,10121,10123,10121,9,-9
2020-04-09 15:02:01.532,10121,10123,10120,1,-1
2020-04-09 15:02:01.758,10121,10123,10121,1,1
2020-04-09 15:02:03.136,10121,10122,10122,1,1
2020-04-09 15:02:05.303,10121,10122,10122,1,1
2020-04-09 15:02:05.536,10121,10123,10121,1,-1
2020-04-09 15:02:08.205,10122,10123,10122,2,2
2020-04-09 15:02:08.798,10122,10123,10123,2,2
2020-04-09 15:02:09.209,10122,10123,10123,1,1
2020-04-09 15:02:09.209,10122,10123,10123,7,7
2020-04-09 15:02:09.248,10122,10123,10123,1,1
2020-04-09 15:02:09.637,10123,10124,10123,2,-2
2020-04-09 15:02:10.266,10122,10123,10123,1,1
2020-04-09 15:02:12.317,10122,10123,10122,3,-3
2020-04-09 15:02:12.317,10122,10123,10122,1,-1
2020-04-09 15:02:12.415,10122,10123,10121,1,-1
2020-04-09 15:02:13.310,10121,10122,10121,1,-1
2020-04-09 15:02:14.084,10120,10122,10122,1,1
2020-04-09 15:02:14.337,10120,10122,10122,2,2
2020-04-09 15:02:18.362,10121,10122,10121,1,-1
2020-04-09 15:02:18.520,10121,10122,10122,1,1
2020-04-09 15:02:18.520,10121,10122,10122,2,2
2020-04-09 15:02:18.528,10121,10122,10122,1,1
2020-04-09 15:02:18.528,10121,10122,10122,2,2
2020-04-09 15:02:19.197,10121,10122,10121,1,-1
2020-04-09 15:02:19.316,10121,10122,10121,1,-1
2020-04-09 15:02:21.192,10121,10122,10122,1,1
2020-04-09 15:02:23.364,10121,10122,10122,2,2
2020-04-09 15:02:26.170,10121,10122,10121,4,-4
2020-04-09 15:02:26.170,10121,10122,10121,1,-1
2020-04-09 15:02:26.937,10120,10122,10122,1,1
2020-04-09 15:02:28.309,10121,10122,10121,1,-1
2020-04-09 15:02:29.481,10121,10122,10121,2,-2
2020-04-09 15:02:30.288,10120,10122,10120,10,-10
2020-04-09 15:02:30.288,10120,10122,10120,4,-4
2020-04-09 15:02:32.779,10120,10121,10120,1,-1
2020-04-09 15:02:33.773,10119,10121,10121,1,1
2020-04-09 15:02:34.242,10119,10121,10120,1,-1
2020-04-09 15:02:34.881,10119,10120,10120,2,2
2020-04-09 15:02:34.881,10119,10120,10121,10,10
2020-04-09 15:02:34.881,10119,10120,10122,13,13
2020-04-09 15:02:35.333,10119,10121,10119,1,-1
2020-04-09 15:02:35.702,10119,10121,10121,1,1
2020-04-09 15:02:38.052,10119,10121,10119,4,-4
2020-04-09 15:02:39.734,10119,10120,10120,1,1
2020-04-09 15:02:39.735,10119,10120,10120,2,2
2020-04-09 15:02:40.642,10120,10121,10121,3,3
2020-04-09 15:02:42.541,10119,10121,10121,1,1
2020-04-09 15:02:44.313,10120,10122,10120,1,-1
2020-04-09 15:02:49.245,10120,10121,10121,1,1
2020-04-09 15:02:50.021,10120,10122,10120,1,-1
2020-04-09 15:02:50.095,10120,10122,10120,9,-9
2020-04-09 15:02:50.140,10120,10122,10119,7,-7
2020-04-09 15:02:50.310,10118,10119,10119,1,1
2020-04-09 15:02:50.660,10118,10120,10120,1,1
2020-04-09 15:02:52.839,10118,10119,10119,1,1
2020-04-09 15:02:55.430,10118,10119,10118,1,-1
2020-04-09 15:02:57.795,10118,10119,10118,8,-8
2020-04-09 15:02:57.796,10118,10119,10118,2,-2
2020-04-09 15:02:57.920,10118,10119,10118,1,-1
2020-04-09 15:02:57.920,10118,10119,10118,2,-2
2020-04-09 15:02:58.242,10117,10118,10117,1,-1
2020-04-09 15:02:59.295,10117,10118,10117,7,-7
2020-04-09 15:03:01.778,10117,10118,10118,10,10
2020-04-09 15:03:01.778,10117,10118,10118,6,6
2020-04-09 15:03:01.778,10117,10118,10118,1,1
2020-04-09 15:03:01.778,10117,10118,10118,1,1
2020-04-09 15:03:01.779,10117,10118,10118,1,1
2020-04-09 15:03:01.779,10117,10118,10118,2,2
2020-04-09 15:03:01.779,10117,10118,10118,1,1
2020-04-09 15:03:01.909,10118,10119,10118,1,-1
2020-04-09 15:03:05.900,10118,10119,10118,1,-1
2020-04-09 15:03:05.900,10118,10119,10118,1,-1
2020-04-09 15:03:07.200,10117,10118,10118,1,1
2020-04-09 15:03:07.222,10117,10118,10119,1,1
2020-04-09 15:03:07.614,10118,10119,10119,2,2
2020-04-09 15:03:08.169,10117,10119,10117,1,-1
2020-04-09 15:03:09.028,10118,10119,10119,1,1
2020-04-09 15:03:09.324,10118,10119,10119,6,6
2020-04-09 15:03:09.325,10118,10119,10119,1,1
2020-04-09 15:03:09.325,10118,10119,10119,1,1
2020-04-09 15:03:09.347,10118,10119,10119,1,1
2020-04-09 15:03:10.124,10118,10120,10119,1,-1
2020-04-09 15:03:12.518,10119,10120,10119,2,-2
2020-04-09 15:03:13.742,10119,10120,10119,4,-4
2020-04-09 15:03:18.641,10118,10119,10118,6,-6
2020-04-09 15:03:18.641,10118,10119,10118,3,-3
2020-04-09 15:03:23.045,10117,10118,10117,5,-5
2020-04-09 15:03:23.253,10116,10117,10118,1,1
2020-04-09 15:03:23.266,10116,10117,10118,1,1
2020-04-09 15:03:23.306,10116,10118,10118,1,1
2020-04-09 15:03:23.581,10116,10118,10116,1,-1
2020-04-09 15:03:23.710,10116,10118,10117,1,1
2020-04-09 15:03:24.749,10116,10117,10116,1,-1
2020-04-09 15:03:25.824,10116,10117,10116,1,-1
2020-04-09 15:03:26.282,10116,10117,10116,1,-1
2020-04-09 15:03:27.221,10116,10117,10116,1,-1
2020-04-09 15:03:27.808,10115,10116,10116,5,5
2020-04-09 15:03:28.718,10115,10116,10116,1,1
2020-04-09 15:03:30.276,10115,10116,10116,1,1
2020-04-09 15:03:30.794,10115,10116,10115,1,-1
2020-04-09 15:03:30.849,10115,10116,10115,1,-1
2020-04-09 15:03:30.877,10115,10116,10116,2,2
2020-04-09 15:03:30.925,10115,10116,10116,2,2
2020-04-09 15:03:31.077,10115,10116,10115,1,-1
2020-04-09 15:03:31.275,10115,10116,10115,1,-1
2020-04-09 15:03:31.421,10115,10116,10115,5,-5
2020-04-09 15:03:31.679,10114,10116,10116,1,1
2020-04-09 15:03:33.016,10114,10115,10115,1,1
2020-04-09 15:03:33.467,10114,10115,10115,1,1
2020-04-09 15:03:33.586,10114,10115,10114,1,-1
2020-04-09 15:03:33.877,10114,10115,10114,1,-1
2020-04-09 15:03:34.374,10114,10115,10114,1,-1
2020-04-09 15:03:36.425,10114,10115,10114,1,-1
2020-04-09 15:03:37.171,10114,10115,10114,1,-1
2020-04-09 15:03:37.549,10114,10115,10114,1,-1
2020-04-09 15:03:37.643,10114,10115,10114,1,-1
2020-04-09 15:03:37.887,10114,10115,10114,4,-4
2020-04-09 15:03:38.225,10114,10115,10114,1,-1
2020-04-09 15:03:38.694,10114,10115,10114,1,-1
2020-04-09 15:03:40.125,10114,10115,10114,2,-2
2020-04-09 15:03:40.653,10114,10115,10115,3,3
2020-04-09 15:03:42.108,10114,10115,10115,1,1
2020-04-09 15:03:43.569,10114,10115,10115,1,1
2020-04-09 15:03:44.909,10114,10115,10114,1,-1
2020-04-09 15:03:45.869,10113,10115,10115,1,1
2020-04-09 15:03:46.959,10114,10115,10114,1,-1
2020-04-09 15:03:50.919,10114,10115,10114,1,-1
2020-04-09 15:03:51.080,10114,10115,10114,1,-1
2020-04-09 15:03:51.319,10113,10114,10114,1,1
2020-04-09 15:03:54.618,10113,10114,10113,6,-6
2020-04-09 15:03:54.619,10113,10114,10113,1,-1
2020-04-09 15:03:57.967,10113,10114,10113,2,-2
2020-04-09 15:03:58.037,10113,10114,10113,1,-1
2020-04-09 15:03:58.454,10113,10114,10113,1,-1
2020-04-09 15:03:59.571,10113,10114,10113,1,-1
2020-04-09 15:04:00.221,10113,10114,10114,1,1
2020-04-09 15:04:02.196,10114,10115,10114,1,-1
2020-04-09 15:04:02.635,10113,10115,10115,1,1
2020-04-09 15:04:02.737,10113,10115,10115,1,1
2020-04-09 15:04:02.800,10113,10115,10115,1,1
2020-04-09 15:04:02.852,10113,10115,10115,1,1
2020-04-09 15:04:02.865,10113,10115,10115,1,1
2020-04-09 15:04:03.170,10114,10115,10115,4,4
2020-04-09 15:04:03.806,10114,10116,10114,1,-1
2020-04-09 15:04:05.260,10114,10115,10114,1,-1
2020-04-09 15:04:05.990,10113,10115,10115,1,1
2020-04-09 15:04:06.346,10114,10116,10116,1,1
2020-04-09 15:04:06.496,10114,10116,10114,7,-7
2020-04-09 15:04:06.496,10114,10116,10113,3,-3
2020-04-09 15:04:12.459,10114,10116,10116,1,1
2020-04-09 15:04:16.420,10115,10116,10116,5,5
2020-04-09 15:04:16.789,10116,10117,10117,3,3
2020-04-09 15:04:17.177,10117,10118,10117,1,-1
2020-04-09 15:04:17.425,10117,10118,10118,1,1
2020-04-09 15:04:19.345,10117,10118,10117,3,-3
2020-04-09 15:04:19.345,10117,10118,10116,1,-1
2020-04-09 15:04:19.476,10117,10118,10118,1,1
2020-04-09 15:04:19.547,10117,10119,10118,1,-1
2020-04-09 15:04:20.955,10118,10119,10118,1,-1
2020-04-09 15:04:22.045,10118,10119,10119,2,2
2020-04-09 15:04:22.161,10118,10119,10119,1,1
2020-04-09 15:04:22.612,10119,10120,10119,1,-1
2020-04-09 15:04:22.674,10119,10120,10119,1,-1
2020-04-09 15:04:23.339,10119,10120,10119,1,-1
2020-04-09 15:04:23.555,10118,10120,10120,10,10
2020-04-09 15:04:23.916,10119,10120,10120,1,1
2020-04-09 15:04:25.024,10118,10119,10118,2,-2
2020-04-09 15:04:26.475,10118,10119,10119,1,1
2020-04-09 15:04:26.475,10118,10119,10120,1,1
2020-04-09 15:04:27.625,10119,10120,10119,1,-1
2020-04-09 15:04:28.970,10118,10119,10119,1,1
2020-04-09 15:04:29.236,10118,10119,10118,1,-1
2020-04-09 15:04:29.545,10117,10118,10117,1,-1
2020-04-09 15:04:30.246,10116,10118,10116,1,-1
2020-04-09 15:04:30.430,10116,10118,10118,2,2
2020-04-09 15:04:31.713,10116,10118,10116,1,-1
2020-04-09 15:04:46.457,10117,10119,10119,1,1
2020-04-09 15:04:46.788,10117,10119,10119,2,2
2020-04-09 15:04:46.992,10118,10119,10119,1,1
2020-04-09 15:04:46.992,10118,10119,10120,2,2
2020-04-09 15:04:47.053,10118,10120,10120,1,1
2020-04-09 15:04:47.194,10118,10120,10120,2,2
2020-04-09 15:04:47.325,10118,10120,10118,1,-1
2020-04-09 15:04:47.380,10118,10120,10120,2,2
2020-04-09 15:04:47.388,10118,10120,10118,1,-1
2020-04-09 15:04:47.457,10118,10120,10120,3,3
2020-04-09 15:04:47.767,10118,10120,10120,3,3
2020-04-09 15:04:48.044,10118,10120,10120,2,2
2020-04-09 15:04:53.617,10118,10119,10119,1,1
2020-04-09 15:04:56.128,10118,10119,10118,7,-7
2020-04-09 15:04:58.810,10118,10120,10118,1,-1
2020-04-09 15:05:00.176,10118,10119,10119,1,1
2020-04-09 15:05:00.282,10118,10119,10118,2,-2
2020-04-09 15:05:01.729,10118,10120,10120,1,1
2020-04-09 15:05:02.406,10118,10120,10119,1,-1
2020-04-09 15:05:02.465,10119,10120,10119,1,-1
2020-04-09 15:05:06.211,10119,10120,10120,10,10
2020-04-09 15:05:07.420,10120,10121,10121,1,1
2020-04-09 15:05:07.420,10120,10121,10121,6,6
2020-04-09 15:05:07.545,10120,10121,10121,1,1
2020-04-09 15:05:09.746,10121,10122,10121,1,-1
2020-04-09 15:05:11.065,10120,10121,10120,1,-1
2020-04-09 15:05:13.505,10120,10121,10121,1,1
2020-04-09 15:05:14.211,10120,10121,10121,1,1
2020-04-09 15:05:14.678,10120,10121,10121,1,1
2020-04-09 15:05:15.454,10120,10121,10120,4,-4
2020-04-09 15:05:15.772,10119,10120,10120,1,1
2020-04-09 15:05:17.732,10119,10120,10120,1,1
2020-04-09 15:05:19.705,10119,10120,10119,1,-1
2020-04-09 15:05:19.705,10119,10120,10119,2,-2
2020-04-09 15:05:20.230,10118,10119,10118,2,-2
2020-04-09 15:05:20.295,10118,10119,10118,4,-4
2020-04-09 15:05:20.339,10118,10119,10119,1,1
2020-04-09 15:05:23.689,10117,10118,10118,1,1
2020-04-09 15:05:26.816,10119,10120,10120,2,2
2020-04-09 15:05:26.816,10119,10120,10120,6,6
2020-04-09 15:05:27.520,10120,10121,10121,1,1
2020-04-09 15:05:29.200,10121,10122,10121,1,-1
2020-04-09 15:05:30.204,10121,10122,10121,1,-1
2020-04-09 15:05:36.284,10120,10121,10121,1,1
2020-04-09 15:05:36.284,10120,10121,10122,2,2
2020-04-09 15:05:39.338,10120,10121,10120,1,-1
2020-04-09 15:05:42.700,10119,10120,10120,1,1
2020-04-09 15:05:45.202,10119,10121,10121,1,1
2020-04-09 15:05:47.624,10120,10121,10120,1,-1
2020-04-09 15:05:49.247,10119,10120,10119,1,-1
2020-04-09 15:05:49.806,10117,10118,10117,3,-3
2020-04-09 15:05:50.177,10116,10117,10117,1,1
2020-04-09 15:05:50.177,10116,10117,10117,1,1
2020-04-09 15:05:50.224,10116,10117,10116,1,-1
2020-04-09 15:05:51.910,10116,10117,10116,1,-1
2020-04-09 15:05:52.005,10116,10117,10116,1,-1
2020-04-09 15:05:52.005,10116,10117,10116,1,-1
2020-04-09 15:05:52.006,10116,10117,10116,1,-1
2020-04-09 15:05:52.006,10116,10117,10116,5,-5
2020-04-09 15:05:52.006,10116,10117,10116,2,-2
2020-04-09 15:05:52.006,10116,10117,10116,1,-1
2020-04-09 15:05:52.045,10116,10117,10116,1,-1
2020-04-09 15:05:52.508,10115,10116,10115,1,-1
2020-04-09 15:05:53.634,10115,10116,10116,1,1
2020-04-09 15:05:54.113,10115,10116,10115,3,-3
2020-04-09 15:05:55.688,10115,10116,10115,1,-1
2020-04-09 15:05:56.660,10114,10115,10115,1,1
2020-04-09 15:05:57.704,10115,10116,10116,1,1
2020-04-09 15:05:58.779,10115,10117,10116,1,-1
2020-04-09 15:06:00.583,10117,10118,10118,1,1
2020-04-09 15:06:07.287,10117,10118,10118,1,1
2020-04-09 15:06:11.860,10116,10117,10117,4,4
2020-04-09 15:06:13.770,10116,10117,10117,1,1
2020-04-09 15:06:15.363,10116,10118,10116,1,-1
2020-04-09 15:06:18.150,10116,10118,10118,1,1
2020-04-09 15:06:24.296,10116,10117,10116,1,-1
2020-04-09 15:06:24.313,10116,10117,10116,3,-3
2020-04-09 15:06:24.421,10116,10117,10116,4,-4
2020-04-09 15:06:26.122,10116,10117,10117,1,1
2020-04-09 15:06:28.735,10116,10117,10116,6,-6
2020-04-09 15:06:29.437,10115,10116,10115,3,-3
2020-04-09 15:06:29.941,10114,10116,10114,4,-4
2020-04-09 15:06:33.411,10115,10116,10116,1,1
2020-04-09 15:06:36.833,10116,10117,10116,2,-2
2020-04-09 15:06:39.910,10115,10116,10115,3,-3
2020-04-09 15:06:43.831,10114,10115,10114,1,-1
2020-04-09 15:06:43.841,10114,10115,10114,1,-1
2020-04-09 15:06:43.844,10114,10115,10114,2,-2
2020-04-09 15:06:43.855,10114,10115,10114,1,-1
2020-04-09 15:06:43.887,10114,10115,10114,3,-3
2020-04-09 15:06:44.144,10113,10114,10113,5,-5
2020-04-09 15:06:44.619,10113,10114,10114,2,2
2020-04-09 15:06:44.715,10113,10115,10113,1,-1
2020-04-09 15:06:47.189,10113,10114,10114,1,1
2020-04-09 15:06:49.380,10113,10114,10113,5,-5
2020-04-09 15:06:49.636,10113,10114,10113,3,-3
2020-04-09 15:06:54.570,10113,10115,10113,1,-1
2020-04-09 15:06:55.442,10113,10115,10113,10,-10
2020-04-09 15:07:01.247,10113,10114,10113,2,-2
2020-04-09 15:07:01.722,10113,10114,10113,1,-1
2020-04-09 15:07:04.358,10112,10113,10113,1,1
2020-04-09 15:07:04.358,10112,10113,10113,1,1
2020-04-09 15:07:04.613,10112,10114,10113,1,-1
2020-04-09 15:07:04.994,10113,10114,10113,1,-1
2020-04-09 15:07:04.994,10113,10114,10112,1,-1
2020-04-09 15:07:05.137,10112,10113,10112,1,-1
2020-04-09 15:07:07.794,10112,10114,10112,1,-1
2020-04-09 15:07:08.597,10112,10114,10112,3,-3
2020-04-09 15:07:12.587,10112,10113,10113,1,1
2020-04-09 15:07:13.951,10112,10113,10113,1,1
2020-04-09 15:07:17.504,10113,10114,10113,2,-2
2020-04-09 15:07:19.266,10112,10113,10113,2,2
2020-04-09 15:07:21.867,10113,10114,10114,1,1
2020-04-09 15:07:27.288,10113,10114,10114,5,5
2020-04-09 15:07:27.420,10114,10115,10115,5,5
2020-04-09 15:07:28.385,10114,10116,10116,1,1
2020-04-09 15:07:40.970,10114,10116,10116,1,1
2020-04-09 15:07:42.492,10114,10115,10115,1,1
2020-04-09 15:07:43.664,10114,10115,10115,4,4
2020-04-09 15:07:46.352,10115,10116,10116,1,1
2020-04-09 15:07:46.352,10115,10116,10116,2,2
2020-04-09 15:07:46.352,10115,10116,10116,1,1
2020-04-09 15:07:46.353,10115,10116,10116,1,1
2020-04-09 15:07:47.003,10116,10117,10116,1,-1
2020-04-09 15:07:51.214,10115,10116,10116,1,1
2020-04-09 15:07:51.214,10115,10116,10117,4,4
2020-04-09 15:07:56.345,10116,10117,10117,1,1
2020-04-09 15:07:56.345,10116,10117,10117,1,1
2020-04-09 15:08:01.263,10117,10118,10118,1,1
2020-04-09 15:08:04.420,10117,10118,10118,3,3
2020-04-09 15:08:04.420,10117,10118,10118,1,1
2020-04-09 15:08:07.175,10118,10119,10118,1,-1
2020-04-09 15:08:14.620,10118,10119,10119,2,2
2020-04-09 15:08:15.131,10119,10120,10119,1,-1
2020-04-09 15:08:15.899,10119,10120,10119,1,-1
2020-04-09 15:08:15.899,10119,10120,10118,4,-4
2020-04-09 15:08:20.170,10118,10119,10119,6,6
2020-04-09 15:08:24.265,10118,10120,10118,1,-1
2020-04-09 15:08:25.933,10118,10119,10118,1,-1
2020-04-09 15:08:27.849,10117,10118,10118,1,1
2020-04-09 15:08:29.696,10117,10118,10118,1,1
2020-04-09 15:08:30.831,10119,10120,10120,7,7
2020-04-09 15:08:31.016,10119,10121,10119,1,-1
2020-04-09 15:08:31.071,10119,10121,10121,1,1
2020-04-09 15:08:32.422,10120,10121,10121,2,2
2020-04-09 15:08:32.422,10120,10121,10121,1,1
2020-04-09 15:08:32.545,10120,10121,10121,4,4
2020-04-09 15:08:39.568,10121,10122,10122,3,3
2020-04-09 15:08:40.252,10121,10122,10121,1,-1
2020-04-09 15:08:41.385,10121,10122,10121,1,-1
2020-04-09 15:08:41.902,10121,10122,10121,1,-1
2020-04-09 15:08:48.919,10120,10121,10121,2,2
2020-04-09 15:08:49.690,10120,10121,10120,1,-1
2020-04-09 15:08:50.143,10120,10121,10120,1,-1
2020-04-09 15:08:50.143,10120,10121,10119,4,-4
2020-04-09 15:08:53.187,10119,10120,10120,2,2
2020-04-09 15:08:54.466,10119,10120,10120,1,1
2020-04-09 15:08:56.999,10120,10121,10121,1,1
2020-04-09 15:08:59.002,10120,10121,10121,6,6
2020-04-09 15:08:59.235,10121,10122,10121,3,-3
2020-04-09 15:08:59.236,10121,10122,10121,2,-2
2020-04-09 15:09:00.522,10120,10121,10120,1,-1
2020-04-09 15:09:00.573,10120,10121,10121,1,1
2020-04-09 15:09:01.702,10120,10121,10121,1,1
2020-04-09 15:09:02.226,10120,10121,10121,1,1
2020-04-09 15:09:05.545,10120,10121,10121,2,2
2020-04-09 15:09:05.969,10121,10122,10121,1,-1
2020-04-09 15:09:05.969,10121,10122,10120,1,-1
2020-04-09 15:09:05.969,10121,10122,10121,1,1
2020-04-09 15:09:08.246,10121,10122,10121,1,-1
2020-04-09 15:09:08.789,10120,10121,10121,1,1
2020-04-09 15:09:09.232,10120,10122,10122,2,2
2020-04-09 15:09:17.231,10121,10122,10121,1,-1
2020-04-09 15:09:17.670,10121,10122,10122,4,4
2020-04-09 15:09:17.683,10121,10122,10122,4,4
2020-04-09 15:09:20.238,10121,10122,10122,1,1
2020-04-09 15:09:24.296,10121,10122,10121,3,-3
2020-04-09 15:09:25.522,10120,10121,10121,1,1
2020-04-09 15:09:25.776,10120,10122,10121,1,-1
2020-04-09 15:09:26.574,10121,10122,10121,1,-1
2020-04-09 15:09:29.727,10120,10121,10121,1,1
2020-04-09 15:09:31.535,10121,10122,10121,1,-1
2020-04-09 15:09:32.845,10121,10122,10122,5,5
2020-04-09 15:09:33.028,10122,10123,10122,1,-1
2020-04-09 15:09:37.170,10121,10122,10122,1,1
2020-04-09 15:09:37.362,10122,10123,10123,8,8
2020-04-09 15:09:37.363,10122,10123,10123,1,1
2020-04-09 15:09:37.420,10122,10123,10123,8,8
2020-04-09 15:09:37.420,10122,10123,10123,4,4
2020-04-09 15:09:37.421,10122,10123,10123,3,3
2020-04-09 15:09:37.421,10122,10123,10123,4,4
2020-04-09 15:09:37.421,10122,10123,10123,2,2
2020-04-09 15:09:38.544,10123,10124,10123,1,-1
2020-04-09 15:09:38.567,10123,10124,10123,1,-1
2020-04-09 15:09:39.636,10123,10124,10124,6,6
2020-04-09 15:09:39.814,10124,10125,10125,8,8
2020-04-09 15:09:40.372,10123,10125,10125,1,1
2020-04-09 15:09:40.558,10124,10125,10125,1,1
2020-04-09 15:09:42.783,10124,10125,10125,2,2
2020-04-09 15:09:43.175,10124,10125,10124,1,-1
2020-04-09 15:09:43.563,10123,10125,10125,1,1
2020-04-09 15:09:43.989,10124,10125,10125,2,2
2020-04-09 15:09:45.840,10124,10125,10125,1,1
2020-04-09 15:09:46.587,10124,10125,10125,1,1
2020-04-09 15:09:47.715,10124,10125,10125,2,2
2020-04-09 15:09:48.653,10124,10125,10125,1,1
2020-04-09 15:09:48.925,10124,10125,10125,1,1
2020-04-09 15:09:51.569,10124,10125,10124,1,-1
2020-04-09 15:09:51.777,10124,10125,10124,2,-2
2020-04-09 15:09:51.777,10124,10125,10124,9,-9
2020-04-09 15:09:54.347,10123,10124,10125,3,3
2020-04-09 15:09:54.458,10124,10125,10124,1,-1
2020-04-09 15:09:56.075,10123,10124,10124,1,1
2020-04-09 15:09:56.249,10124,10125,10125,10,10
2020-04-09 15:09:56.484,10124,10125,10125,1,1
2020-04-09 15:09:57.368,10124,10125,10125,1,1
2020-04-09 15:09:57.421,10124,10125,10125,1,1
2020-04-09 15:10:00.302,10125,10126,10125,1,-1
2020-04-09 15:10:00.422,10125,10126,10125,1,-1
2020-04-09 15:10:02.009,10125,10126,10126,7,7
2020-04-09 15:10:02.528,10126,10127,10126,1,-1
2020-04-09 15:10:02.733,10125,10127,10126,1,-1
2020-04-09 15:10:02.733,10125,10127,10126,2,-2
2020-04-09 15:10:04.041,10126,10127,10126,3,-3
2020-04-09 15:10:04.471,10125,10126,10126,1,1
2020-04-09 15:10:04.714,10125,10126,10125,1,-1
2020-04-09 15:10:04.939,10125,10126,10126,3,3
2020-04-09 15:10:05.216,10125,10126,10126,1,1
2020-04-09 15:10:05.334,10125,10126,10125,1,-1
2020-04-09 15:10:06.195,10124,10125,10124,5,-5
2020-04-09 15:10:06.969,10123,10124,10123,1,-1
2020-04-09 15:10:08.614,10123,10124,10124,1,1
2020-04-09 15:10:08.662,10123,10124,10124,1,1
2020-04-09 15:10:10.667,10123,10125,10125,1,1
2020-04-09 15:10:11.083,10124,10126,10124,1,-1
2020-04-09 15:10:11.241,10123,10125,10123,1,-1
2020-04-09 15:10:11.665,10123,10125,10125,1,1
2020-04-09 15:10:12.010,10123,10125,10125,1,1
2020-04-09 15:10:15.595,10123,10125,10123,10,-10
2020-04-09 15:10:16.795,10122,10123,10122,2,-2
2020-04-09 15:10:17.006,10121,10123,10123,1,1
2020-04-09 15:10:17.281,10121,10123,10123,1,1
2020-04-09 15:10:20.286,10121,10123,10121,1,-1
2020-04-09 15:10:23.168,10121,10122,10122,2,2
2020-04-09 15:10:30.770,10122,10123,10123,2,2
2020-04-09 15:10:30.770,10122,10123,10123,1,1
2020-04-09 15:10:32.441,10122,10124,10122,1,-1
2020-04-09 15:10:37.313,10122,10123,10123,3,3
2020-04-09 15:10:40.657,10122,10123,10123,1,1
2020-04-09 15:10:40.862,10123,10124,10123,1,-1
2020-04-09 15:10:40.907,10123,10124,10124,5,5
2020-04-09 15:10:41.754,10124,10125,10125,6,6
2020-04-09 15:10:41.977,10125,10126,10125,1,-1
2020-04-09 15:10:42.942,10124,10126,10125,1,-1
2020-04-09 15:10:43.170,10124,10126,10126,4,4
2020-04-09 15:10:43.170,10124,10126,10127,2,2
2020-04-09 15:10:44.187,10125,10127,10125,1,-1
2020-04-09 15:10:44.961,10125,10127,10126,1,1
2020-04-09 15:10:46.123,10124,10126,10126,7,7
2020-04-09 15:10:49.913,10125,10126,10125,1,-1
2020-04-09 15:10:51.638,10124,10125,10125,1,1
2020-04-09 15:10:52.280,10124,10125,10125,1,1
2020-04-09 15:10:52.480,10124,10125,10125,1,1
2020-04-09 15:10:52.480,10124,10125,10126,14,14
2020-04-09 15:10:52.480,10124,10125,10127,32,32
2020-04-09 15:10:52.480,10124,10125,10128,1,1
2020-04-09 15:10:52.866,10126,10127,10127,1,1
2020-04-09 15:10:52.995,10125,10127,10126,1,-1
2020-04-09 15:10:53.130,10125,10127,10127,1,1
2020-04-09 15:10:54.448,10125,10127,10127,2,2
2020-04-09 15:10:57.338,10125,10126,10125,7,-7
2020-04-09 15:10:57.338,10125,10126,10125,3,-3
2020-04-09 15:10:57.576,10124,10125,10125,1,1
2020-04-09 15:11:02.887,10125,10126,10126,1,1
2020-04-09 15:11:02.941,10126,10127,10127,1,1
2020-04-09 15:11:08.420,10125,10127,10127,1,1
2020-04-09 15:11:12.833,10126,10127,10126,1,-1
2020-04-09 15:11:15.007,10125,10126,10126,1,1
2020-04-09 15:11:16.882,10125,10126,10126,1,1
2020-04-09 15:11:18.791,10125,10127,10126,1,-1
2020-04-09 15:11:19.420,10125,10126,10125,6,-6
2020-04-09 15:11:20.365,10124,10125,10125,1,1
2020-04-09 15:11:23.569,10125,10126,10125,1,-1
2020-04-09 15:11:25.393,10124,10125,10124,9,-9
2020-04-09 15:11:27.295,10125,10126,10125,2,2
2020-04-09 15:11:27.736,10125,10126,10125,1,-1
2020-04-09 15:11:28.690,10124,10125,10124,1,-1
2020-04-09 15:11:31.045,10124,10125,10124,1,-1
2020-04-09 15:11:33.045,10123,10124,10123,2,-2
2020-04-09 15:11:33.949,10123,10124,10124,1,1
2020-04-09 15:11:38.586,10123,10124,10123,3,-3
2020-04-09 15:11:38.586,10123,10124,10123,3,-3
2020-04-09 15:11:38.587,10123,10124,10123,1,-1
2020-04-09 15:11:39.896,10122,10123,10122,1,-1
2020-04-09 15:11:40.905,10121,10123,10121,3,-3
2020-04-09 15:11:41.204,10121,10123,10121,3,-3
2020-04-09 15:11:44.943,10121,10122,10122,3,3
2020-04-09 15:11:45.596,10122,10124,10122,1,-1
2020-04-09 15:11:46.104,10122,10124,10122,1,-1
2020-04-09 15:11:50.278,10123,10124,10124,1,1
2020-04-09 15:11:51.404,10124,10125,10123,1,-1
2020-04-09 15:11:51.504,10123,10124,10123,1,-1
2020-04-09 15:11:51.544,10123,10124,10123,1,-1
2020-04-09 15:11:51.545,10123,10124,10123,3,-3
2020-04-09 15:11:51.804,10123,10124,10123,1,-1
2020-04-09 15:11:52.300,10123,10124,10123,7,-7
2020-04-09 15:11:52.300,10123,10124,10122,23,-23
2020-04-09 15:11:52.634,10122,10123,10122,1,-1
2020-04-09 15:11:52.909,10122,10123,10123,1,1
2020-04-09 15:11:53.606,10123,10124,10124,1,1
2020-04-09 15:11:54.250,10123,10124,10124,4,4
2020-04-09 15:11:54.251,10123,10124,10124,1,1
2020-04-09 15:11:54.251,10123,10124,10124,1,1
2020-04-09 15:11:54.295,10123,10124,10124,4,4
2020-04-09 15:11:56.429,10124,10125,10124,1,-1
2020-04-09 15:11:58.047,10124,10125,10124,1,-1
2020-04-09 15:12:02.356,10124,10125,10125,1,1
2020-04-09 15:12:02.673,10124,10125,10124,4,-4
2020-04-09 15:12:04.179,10124,10125,10124,1,-1
2020-04-09 15:12:04.300,10124,10125,10124,2,-2
2020-04-09 15:12:04.300,10124,10125,10124,7,-7
2020-04-09 15:12:04.300,10124,10125,10123,4,-4
2020-04-09 15:12:04.673,10122,10124,10124,1,1
2020-04-09 15:12:18.422,10122,10123,10123,1,1
2020-04-09 15:12:18.422,10122,10123,10124,1,1
2020-04-09 15:12:20.972,10122,10123,10123,1,1
2020-04-09 15:12:21.309,10122,10123,10122,4,-4
2020-04-09 15:12:23.828,10121,10122,10122,1,1
2020-04-09 15:12:24.355,10121,10122,10122,1,1
2020-04-09 15:12:27.421,10121,10122,10122,1,1
2020-04-09 15:12:27.618,10121,10123,10122,1,-1
2020-04-09 15:12:27.728,10121,10122,10122,1,1
2020-04-09 15:12:29.457,10121,10123,10121,1,-1
2020-04-09 15:12:31.170,10121,10122,10121,6,-6
2020-04-09 15:12:31.171,10121,10122,10121,2,-2
2020-04-09 15:12:31.295,10121,10122,10121,1,-1
2020-04-09 15:12:31.915,10120,10121,10120,7,-7
2020-04-09 15:12:31.951,10120,10121,10120,1,-1
2020-04-09 15:12:32.045,10120,10121,10120,2,-2
2020-04-09 15:12:32.127,10120,10121,10120,1,-1
2020-04-09 15:12:34.615,10119,10120,10119,1,-1
2020-04-09 15:12:34.615,10119,10120,10118,9,-9
2020-04-09 15:12:34.710,10118,10119,10117,1,-1
2020-04-09 15:12:34.824,10117,10119,10119,2,2
2020-04-09 15:12:35.012,10117,10119,10117,1,-1
2020-04-09 15:12:35.262,10117,10118,10118,1,1
2020-04-09 15:12:36.030,10117,10119,10119,1,1
2020-04-09 15:12:36.566,10118,10119,10119,1,1
2020-04-09 15:12:41.081,10119,10120,10119,1,-1
2020-04-09 15:12:42.442,10118,10119,10118,1,-1
2020-04-09 15:12:45.738,10118,10119,10118,1,-1
2020-04-09 15:12:48.540,10117,10118,10117,1,-1
2020-04-09 15:12:48.540,10117,10118,10117,1,-1
2020-04-09 15:12:48.540,10117,10118,10117,1,-1
2020-04-09 15:12:48.545,10117,10118,10117,7,-7
2020-04-09 15:12:48.545,10117,10118,10117,4,-4
2020-04-09 15:12:48.545,10117,10118,10117,1,-1
2020-04-09 15:12:48.642,10117,10118,10117,1,-1
2020-04-09 15:12:49.334,10116,10117,10117,1,1
2020-04-09 15:12:52.583,10116,10117,10116,2,-2
2020-04-09 15:12:55.075,10116,10117,10117,1,1
2020-04-09 15:12:56.171,10117,10118,10118,2,2
2020-04-09 15:12:56.505,10117,10119,10117,1,-1
2020-04-09 15:12:56.802,10117,10119,10117,1,-1
2020-04-09 15:12:57.020,10117,10119,10117,1,-1
2020-04-09 15:12:57.102,10117,10119,10117,1,-1
2020-04-09 15:13:00.301,10117,10118,10118,1,1
2020-04-09 15:13:00.718,10118,10119,10119,5,5
2020-04-09 15:13:01.060,10118,10119,10118,1,-1
2020-04-09 15:13:01.693,10118,10119,10118,1,-1
2020-04-09 15:13:01.773,10118,10119,10117,1,-1
2020-04-09 15:13:03.399,10117,10118,10117,1,-1
2020-04-09 15:13:03.674,10117,10118,10117,1,-1
2020-04-09 15:13:05.810,10117,10118,10118,4,4
2020-04-09 15:13:05.838,10117,10118,10117,1,-1
2020-04-09 15:13:06.171,10117,10118,10118,1,1
2020-04-09 15:13:06.171,10117,10118,10118,1,1
2020-04-09 15:13:06.197,10117,10118,10118,1,1
2020-04-09 15:13:06.920,10117,10118,10118,1,1
2020-04-09 15:13:07.012,10117,10118,10119,1,1
2020-04-09 15:13:09.430,10118,10119,10119,2,2
2020-04-09 15:13:09.431,10118,10119,10119,2,2
2020-04-09 15:13:09.431,10118,10119,10119,2,2
2020-04-09 15:13:10.626,10119,10120,10119,1,-1
2020-04-09 15:13:11.545,10119,10120,10120,5,5
2020-04-09 15:13:12.147,10119,10120,10119,1,-1
2020-04-09 15:13:13.656,10118,10120,10120,2,2
2020-04-09 15:13:14.281,10119,10120,10119,5,-5
2020-04-09 15:13:19.062,10119,10120,10119,1,-1
2020-04-09 15:13:21.920,10119,10120,10120,1,1
2020-04-09 15:13:22.545,10119,10120,10120,1,1
2020-04-09 15:13:23.859,10120,10121,10120,1,-1
2020-04-09 15:13:26.410,10119,10120,10119,4,-4
2020-04-09 15:13:26.701,10118,10120,10120,5,5
2020-04-09 15:13:32.430,10120,10121,10120,1,-1
2020-04-09 15:13:35.424,10120,10121,10121,10,10
2020-04-09 15:13:41.646,10120,10121,10121,2,2
2020-04-09 15:13:43.124,10121,10122,10121,1,-1
2020-04-09 15:13:43.782,10121,10122,10121,1,-1
2020-04-09 15:13:45.799,10120,10121,10121,1,1
2020-04-09 15:13:47.397,10121,10122,10121,1,-1
2020-04-09 15:13:48.113,10120,10121,10121,1,1
2020-04-09 15:13:48.454,10121,10122,10122,8,8
2020-04-09 15:13:49.356,10122,10123,10122,4,-4
2020-04-09 15:13:52.795,10120,10121,10120,1,-1
2020-04-09 15:13:55.200,10120,10121,10121,1,1
2020-04-09 15:13:57.840,10120,10122,10120,1,-1
2020-04-09 15:13:58.429,10121,10122,10122,4,4
2020-04-09 15:14:02.093,10120,10122,10121,1,-1
2020-04-09 15:14:02.149,10120,10122,10122,3,3
2020-04-09 15:14:03.454,10120,10122,10122,1,1
2020-04-09 15:14:03.869,10120,10122,10122,1,1
2020-04-09 15:14:04.890,10121,10122,10122,1,1
2020-04-09 15:14:06.017,10122,10123,10123,1,1
2020-04-09 15:14:06.037,10122,10123,10122,1,-1
2020-04-09 15:14:06.545,10121,10122,10122,1,1
2020-04-09 15:14:11.439,10121,10123,10123,10,10
2020-04-09 15:14:14.358,10121,10123,10121,1,-1
2020-04-09 15:14:16.547,10122,10123,10123,1,1
2020-04-09 15:14:17.723,10123,10124,10123,1,-1
2020-04-09 15:14:20.899,10122,10124,10124,1,1
2020-04-09 15:14:21.127,10122,10124,10122,1,-1
2020-04-09 15:14:22.990,10121,10123,10122,1,-1
2020-04-09 15:14:27.688,10122,10124,10124,5,5
2020-04-09 15:14:32.420,10122,10123,10122,1,-1
2020-04-09 15:14:32.420,10122,10123,10122,8,-8
2020-04-09 15:14:32.421,10122,10123,10122,1,-1
2020-04-09 15:14:36.343,10121,10122,10121,1,-1
2020-04-09 15:14:36.965,10121,10122,10122,5,5
2020-04-09 15:14:38.256,10121,10123,10121,1,-1
2020-04-09 15:14:39.027,10121,10122,10121,1,-1
2020-04-09 15:14:42.571,10121,10122,10121,3,-3
2020-04-09 15:14:43.844,10120,10121,10120,1,-1
2020-04-09 15:14:44.760,10120,10121,10120,1,-1
2020-04-09 15:14:44.760,10120,10121,10119,1,-1
2020-04-09 15:14:45.279,10119,10121,10121,2,2
2020-04-09 15:14:46.611,10120,10121,10120,1,-1
2020-04-09 15:14:46.858,10119,10120,10120,3,3
2020-04-09 15:14:47.735,10119,10121,10121,3,3
2020-04-09 15:14:48.795,10119,10120,10119,2,-2
2020-04-09 15:14:48.796,10119,10120,10119,2,-2
2020-04-09 15:14:48.802,10119,10120,10119,1,-1
2020-04-09 15:14:49.231,10118,10120,10120,1,1
2020-04-09 15:14:56.885,10119,10120,10120,6,6
2020-04-09 15:15:00.057,10121,10122,10121,1,1
2020-04-09 15:15:00.158,10121,10122,10120,1,-1
2020-04-09 15:15:00.714,10120,10122,10120,3,-3
2020-04-09 15:15:01.205,10120,10122,10120,2,-2
2020-04-09 15:15:01.811,10120,10122,10120,1,-1
2020-04-09 15:15:01.857,10120,10122,10122,4,4
2020-04-09 15:15:02.004,10120,10122,10122,1,1
2020-04-09 15:15:02.041,10120,10122,10122,3,3
2020-04-09 15:15:03.899,10120,10122,10120,1,-1
2020-04-09 15:15:07.601,10120,10122,10120,1,-1
2020-04-09 15:15:08.256,10120,10122,10122,5,5
2020-04-09 15:15:08.910,10121,10123,10121,1,-1
2020-04-09 15:15:09.573,10120,10121,10121,1,1
2020-04-09 15:15:11.344,10121,10122,10122,1,1
2020-04-09 15:15:14.262,10121,10123,10123,1,1
2020-04-09 15:15:17.671,10122,10123,10123,3,3
2020-04-09 15:15:18.406,10122,10124,10124,1,1
2020-04-09 15:15:22.773,10123,10124,10124,2,2
2020-04-09 15:15:24.098,10123,10124,10124,5,5
2020-04-09 15:15:26.536,10123,10124,10124,1,1
2020-04-09 15:15:26.611,10123,10124,10123,1,-1
2020-04-09 15:15:32.459,10123,10124,10123,1,-1
2020-04-09 15:15:36.170,10123,10124,10124,2,2
2020-04-09 15:15:41.043,10124,10125,10124,1,-1
2020-04-09 15:15:50.084,10124,10125,10125,1,1
2020-04-09 15:15:53.672,10124,10125,10125,2,2
2020-04-09 15:15:53.681,10124,10125,10125,2,2
2020-04-09 15:15:54.064,10124,10125,10125,1,1
2020-04-09 15:15:54.454,10124,10125,10125,3,3
2020-04-09 15:15:54.588,10124,10125,10125,6,6
2020-04-09 15:15:57.741,10125,10126,10126,2,2
2020-04-09 15:15:58.597,10125,10126,10126,5,5
2020-04-09 15:15:59.453,10126,10127,10127,10,10
2020-04-09 15:15:59.453,10126,10127,10127,1,1
2020-04-09 15:15:59.545,10126,10127,10127,9,9
2020-04-09 15:15:59.545,10126,10127,10127,4,4
2020-04-09 15:15:59.794,10127,10128,10127,1,-1
2020-04-09 15:15:59.895,10126,10128,10126,1,-1
2020-04-09 15:16:00.738,10127,10128,10127,2,2
2020-04-09 15:16:01.218,10126,10127,10127,1,1
2020-04-09 15:16:01.773,10127,10128,10127,1,-1
2020-04-09 15:16:01.801,10126,10128,10128,1,1
2020-04-09 15:16:01.806,10126,10128,10128,1,1
2020-04-09 15:16:01.807,10126,10128,10128,1,1
2020-04-09 15:16:02.027,10126,10128,10127,1,-1
2020-04-09 15:16:02.027,10126,10128,10128,1,1
2020-04-09 15:16:03.067,10127,10128,10128,2,2
2020-04-09 15:16:04.386,10127,10128,10128,1,1
2020-04-09 15:16:05.053,10127,10128,10128,1,1
2020-04-09 15:16:05.490,10127,10128,10128,1,1
2020-04-09 15:16:05.515,10127,10128,10128,2,2
2020-04-09 15:16:05.763,10127,10128,10128,1,1
2020-04-09 15:16:06.256,10127,10128,10128,1,1
2020-04-09 15:16:06.295,10127,10128,10128,4,4
2020-04-09 15:16:06.655,10127,10129,10128,1,-1
2020-04-09 15:16:07.286,10127,10129,10128,1,-1
2020-04-09 15:16:07.286,10127,10129,10128,1,-1
2020-04-09 15:16:09.219,10127,10128,10127,2,-2
2020-04-09 15:16:11.250,10126,10127,10127,1,1
2020-04-09 15:16:11.820,10126,10127,10127,1,1
2020-04-09 15:16:13.988,10127,10128,10128,1,1
2020-04-09 15:16:14.490,10127,10128,10128,1,1
2020-04-09 15:16:15.283,10127,10128,10128,1,1
2020-04-09 15:16:18.614,10127,10128,10128,1,1
2020-04-09 15:16:18.614,10127,10128,10129,1,1
2020-04-09 15:16:19.009,10127,10129,10129,1,1
2020-04-09 15:16:19.144,10127,10128,10128,1,1
2020-04-09 15:16:19.144,10127,10128,10129,2,2
2020-04-09 15:16:20.014,10127,10128,10128,1,1
2020-04-09 15:16:20.103,10127,10129,10128,1,-1
2020-04-09 15:16:20.103,10127,10129,10128,1,-1
2020-04-09 15:16:20.107,10127,10129,10128,1,-1
2020-04-09 15:16:21.422,10127,10128,10128,4,4
2020-04-09 15:16:21.422,10127,10128,10129,31,31
2020-04-09 15:16:21.422,10127,10128,10130,5,5
2020-04-09 15:16:21.423,10127,10128,10128,2,2
2020-04-09 15:16:21.426,10127,10128,10128,2,2
2020-04-09 15:16:21.428,10127,10128,10128,2,2
2020-04-09 15:16:21.454,10127,10128,10128,1,1
2020-04-09 15:16:21.455,10127,10128,10128,1,1
2020-04-09 15:16:21.545,10127,10128,10128,1,1
2020-04-09 15:16:21.545,10127,10128,10128,1,1
2020-04-09 15:16:21.592,10127,10128,10129,1,1
2020-04-09 15:16:21.700,10128,10130,10130,1,1
2020-04-09 15:16:21.740,10128,10130,10130,2,2
2020-04-09 15:16:21.816,10128,10130,10130,1,1
2020-04-09 15:16:22.017,10128,10130,10130,1,1
2020-04-09 15:16:22.023,10128,10130,10130,1,1
2020-04-09 15:16:22.093,10129,10130,10130,2,2
2020-04-09 15:16:22.174,10129,10130,10130,2,2
2020-04-09 15:16:22.197,10129,10130,10130,3,3
2020-04-09 15:16:23.398,10129,10130,10130,1,1
2020-04-09 15:16:23.590,10129,10130,10130,1,1
2020-04-09 15:16:23.907,10129,10130,10129,1,-1
2020-04-09 15:16:25.619,10129,10130,10130,1,1
2020-04-09 15:16:25.826,10129,10130,10130,2,2
2020-04-09 15:16:26.237,10129,10130,10130,1,1
2020-04-09 15:16:26.283,10129,10130,10131,1,1
2020-04-09 15:16:26.325,10129,10131,10131,1,1
2020-04-09 15:16:26.326,10129,10131,10131,5,5
2020-04-09 15:16:26.334,10129,10131,10131,2,2
2020-04-09 15:16:26.338,10129,10131,10131,1,1
2020-04-09 15:16:26.359,10129,10131,10131,1,1
2020-04-09 15:16:26.362,10129,10131,10131,2,2
2020-04-09 15:16:26.379,10129,10131,10132,1,1
2020-04-09 15:16:26.406,10129,10131,10132,1,1
2020-04-09 15:16:26.422,10130,10132,10132,2,2
2020-04-09 15:16:26.439,10130,10132,10132,1,1
2020-04-09 15:16:26.529,10130,10132,10131,1,-1
2020-04-09 15:16:26.529,10130,10132,10131,1,-1
2020-04-09 15:16:26.545,10130,10132,10132,3,3
2020-04-09 15:16:26.641,10130,10132,10132,1,1
2020-04-09 15:16:26.641,10130,10132,10132,1,1
2020-04-09 15:16:26.702,10130,10132,10132,2,2
2020-04-09 15:16:26.740,10130,10132,10131,1,-1
2020-04-09 15:16:26.744,10130,10132,10133,2,2
2020-04-09 15:16:26.838,10131,10133,10132,1,-1
2020-04-09 15:16:26.860,10131,10133,10132,1,-1
2020-04-09 15:16:26.932,10131,10132,10132,1,1
2020-04-09 15:16:26.942,10131,10132,10132,1,1
2020-04-09 15:16:26.943,10131,10132,10132,1,1
2020-04-09 15:16:26.982,10131,10132,10133,1,1
2020-04-09 15:16:27.002,10131,10132,10133,1,1
2020-04-09 15:16:27.170,10131,10132,10131,2,-2
2020-04-09 15:16:27.206,10131,10132,10130,2,-2
2020-04-09 15:16:27.420,10131,10132,10131,1,1
2020-04-09 15:16:27.473,10131,10132,10132,3,3
2020-04-09 15:16:27.477,10131,10132,10132,6,6
2020-04-09 15:16:27.748,10130,10132,10132,3,3
2020-04-09 15:16:27.872,10131,10132,10132,5,5
2020-04-09 15:16:27.873,10131,10132,10132,5,5
2020-04-09 15:16:28.921,10132,10133,10132,1,-1
2020-04-09 15:16:29.497,10132,10133,10133,2,2
2020-04-09 15:16:29.776,10132,10133,10133,1,1
2020-04-09 15:16:30.583,10132,10133,10133,3,3
2020-04-09 15:16:30.784,10132,10133,10132,1,-1
2020-04-09 15:16:30.802,10132,10133,10133,2,2
2020-04-09 15:16:30.877,10132,10133,10133,2,2
2020-04-09 15:16:31.049,10132,10133,10133,2,2
2020-04-09 15:16:31.210,10132,10134,10134,1,1
2020-04-09 15:16:31.467,10132,10134,10134,3,3
2020-04-09 15:16:31.493,10132,10134,10133,1,-1
2020-04-09 15:16:31.529,10132,10134,10133,1,-1
2020-04-09 15:16:31.610,10132,10134,10133,1,-1
2020-04-09 15:16:31.764,10132,10134,10134,2,2
2020-04-09 15:16:32.330,10133,10134,10134,2,2
2020-04-09 15:16:32.740,10133,10135,10134,1,-1
2020-04-09 15:16:33.437,10133,10135,10135,1,1
2020-04-09 15:16:33.878,10133,10134,10134,1,1
2020-04-09 15:16:34.116,10133,10135,10133,2,-2
2020-04-09 15:16:34.372,10133,10135,10135,3,3
2020-04-09 15:16:34.547,10133,10135,10135,2,2
2020-04-09 15:16:35.133,10133,10135,10135,1,1
2020-04-09 15:16:35.701,10134,10135,10135,1,1
2020-04-09 15:16:35.931,10134,10135,10134,1,-1
2020-04-09 15:16:35.977,10134,10135,10134,1,-1
2020-04-09 15:16:37.098,10134,10135,10135,1,1
2020-04-09 15:16:37.363,10134,10135,10134,1,-1
2020-04-09 15:16:37.523,10134,10135,10134,1,-1
2020-04-09 15:16:37.528,10134,10135,10135,2,2
2020-04-09 15:16:37.540,10134,10135,10135,3,3
2020-04-09 15:16:38.097,10134,10135,10135,1,1
2020-04-09 15:16:39.196,10135,10136,10135,1,-1
2020-04-09 15:16:39.383,10134,10136,10134,1,-1
2020-04-09 15:16:39.573,10135,10136,10135,1,1
2020-04-09 15:16:39.675,10134,10135,10134,1,-1
2020-04-09 15:16:39.887,10134,10135,10135,1,1
2020-04-09 15:16:39.887,10134,10135,10136,1,1
2020-04-09 15:16:41.050,10134,10135,10134,1,-1
2020-04-09 15:16:42.292,10134,10135,10135,4,4
2020-04-09 15:16:42.399,10134,10135,10135,3,3
2020-04-09 15:16:43.096,10134,10135,10135,2,2
2020-04-09 15:16:45.421,10134,10135,10134,9,-9
2020-04-09 15:16:46.258,10133,10135,10133,1,-1
2020-04-09 15:16:46.448,10133,10135,10133,2,-2
2020-04-09 15:16:47.031,10132,10133,10132,3,-3
2020-04-09 15:16:47.527,10131,10132,10131,4,-4
2020-04-09 15:16:48.105,10132,10133,10132,1,1
2020-04-09 15:16:52.746,10132,10133,10132,1,-1
2020-04-09 15:16:53.589,10131,10132,10132,1,1
2020-04-09 15:16:54.421,10131,10132,10131,1,-1
2020-04-09 15:16:55.356,10130,10132,10132,1,1
2020-04-09 15:16:57.250,10131,10132,10132,1,1
2020-04-09 15:16:58.528,10131,10132,10131,1,-1
2020-04-09 15:16:58.881,10131,10132,10132,1,1
2020-04-09 15:17:00.171,10131,10132,10131,1,-1
2020-04-09 15:17:00.338,10130,10132,10132,7,7
2020-04-09 15:17:01.710,10131,10133,10131,1,-1
2020-04-09 15:17:02.308,10131,10133,10131,4,-4
2020-04-09 15:17:02.869,10132,10133,10132,1,1
2020-04-09 15:17:04.152,10131,10133,10131,1,-1
2020-04-09 15:17:07.625,10132,10133,10132,1,1
2020-04-09 15:17:08.077,10131,10133,10132,1,-1
2020-04-09 15:17:08.551,10131,10132,10132,2,2
2020-04-09 15:17:08.551,10131,10132,10132,2,2
2020-04-09 15:17:08.630,10131,10132,10132,1,1
2020-04-09 15:17:09.595,10132,10133,10132,1,-1
2020-04-09 15:17:10.418,10132,10133,10132,1,-1
2020-04-09 15:17:11.805,10131,10133,10131,1,-1
2020-04-09 15:17:14.044,10132,10133,10132,1,1
2020-04-09 15:17:17.086,10132,10133,10132,1,-1
2020-04-09 15:17:17.347,10131,10133,10132,2,-2
2020-04-09 15:17:18.822,10131,10132,10131,4,-4
2020-04-09 15:17:24.157,10131,10132,10132,5,5
2020-04-09 15:17:24.170,10131,10132,10132,2,2
2020-04-09 15:17:27.553,10131,10133,10133,1,1
2020-04-09 15:17:34.337,10132,10133,10132,1,-1
2020-04-09 15:17:44.313,10131,10132,10132,1,1
2020-04-09 15:17:44.566,10131,10132,10131,1,-1
2020-04-09 15:17:50.136,10131,10132,10131,1,-1
2020-04-09 15:17:50.963,10131,10132,10131,2,-2
2020-04-09 15:17:56.532,10130,10131,10130,5,-5
2020-04-09 15:17:56.533,10130,10131,10130,2,-2
2020-04-09 15:17:56.591,10130,10131,10130,1,-1
2020-04-09 15:17:56.670,10130,10131,10130,9,-9
2020-04-09 15:17:56.781,10130,10131,10130,1,-1
2020-04-09 15:17:56.782,10130,10131,10130,1,-1
2020-04-09 15:17:56.782,10130,10131,10130,4,-4
2020-04-09 15:17:58.510,10129,10130,10130,1,1
2020-04-09 15:17:58.819,10129,10131,10131,1,1
2020-04-09 15:17:59.998,10130,10131,10131,3,3
2020-04-09 15:18:02.030,10131,10132,10131,1,-1
2020-04-09 15:18:02.210,10131,10132,10131,1,-1
2020-04-09 15:18:10.101,10130,10131,10131,1,1
2020-04-09 15:18:16.236,10130,10131,10131,10,10
2020-04-09 15:18:18.795,10131,10132,10132,6,6
2020-04-09 15:18:18.795,10131,10132,10132,1,1
2020-04-09 15:18:21.949,10132,10133,10133,1,1
2020-04-09 15:18:27.603,10132,10133,10133,1,1
2020-04-09 15:18:27.604,10132,10133,10133,7,7
2020-04-09 15:18:27.604,10132,10133,10133,5,5
2020-04-09 15:18:27.604,10132,10133,10133,2,2
2020-04-09 15:18:28.745,10133,10134,10134,5,5
2020-04-09 15:18:31.448,10133,10135,10133,1,-1
2020-04-09 15:18:31.645,10133,10135,10135,1,1
2020-04-09 15:18:31.990,10133,10135,10135,1,1
2020-04-09 15:18:32.164,10133,10135,10135,13,13
2020-04-09 15:18:32.200,10135,10136,10135,1,-1
2020-04-09 15:18:32.200,10135,10136,10135,3,-3
2020-04-09 15:18:32.326,10135,10136,10135,3,-3
2020-04-09 15:18:33.885,10135,10136,10135,1,-1
2020-04-09 15:18:34.526,10135,10136,10135,1,-1
2020-04-09 15:18:35.021,10135,10136,10136,1,1
2020-04-09 15:18:35.528,10135,10136,10135,1,-1
2020-04-09 15:18:35.701,10135,10136,10136,2,2
2020-04-09 15:18:35.702,10135,10136,10136,2,2
2020-04-09 15:18:36.338,10135,10136,10136,3,3
2020-04-09 15:18:36.338,10135,10136,10137,1,1
2020-04-09 15:18:36.625,10135,10137,10137,3,3
2020-04-09 15:18:36.959,10136,10137,10137,4,4
2020-04-09 15:18:36.971,10136,10137,10137,5,5
2020-04-09 15:18:36.971,10136,10137,10138,3,3
2020-04-09 15:18:37.139,10136,10138,10136,1,-1
2020-04-09 15:18:37.234,10136,10138,10138,3,3
2020-04-09 15:18:37.325,10136,10138,10137,1,-1
2020-04-09 15:18:37.351,10136,10138,10136,1,-1
2020-04-09 15:18:37.381,10136,10138,10138,1,1
2020-04-09 15:18:37.452,10136,10138,10138,1,1
2020-04-09 15:18:37.507,10136,10138,10138,1,1
2020-04-09 15:18:38.053,10137,10138,10137,1,-1
2020-04-09 15:18:39.518,10136,10137,10137,4,4
2020-04-09 15:18:39.969,10136,10137,10137,1,1
2020-04-09 15:18:42.467,10136,10138,10136,2,-2
2020-04-09 15:18:42.872,10136,10137,10137,1,1
2020-04-09 15:18:42.951,10137,10138,10138,30,30
2020-04-09 15:18:43.801,10137,10138,10137,1,-1
2020-04-09 15:18:43.809,10137,10138,10138,4,4
2020-04-09 15:18:44.736,10136,10138,10138,1,1
2020-04-09 15:18:44.739,10136,10138,10138,4,4
2020-04-09 15:18:45.754,10136,10137,10137,1,1
2020-04-09 15:18:46.176,10136,10137,10137,1,1
2020-04-09 15:18:46.176,10136,10137,10138,3,3
2020-04-09 15:18:49.608,10136,10137,10137,1,1
2020-04-09 15:18:49.844,10136,10137,10136,10,-10
2020-04-09 15:18:50.494,10135,10136,10135,4,-4
2020-04-09 15:18:50.536,10135,10136,10136,1,1
2020-04-09 15:18:51.392,10135,10136,10136,3,3
2020-04-09 15:18:51.421,10135,10136,10136,2,2
2020-04-09 15:18:52.004,10135,10136,10136,1,1
2020-04-09 15:18:52.009,10135,10136,10136,2,2
2020-04-09 15:18:52.009,10135,10136,10137,4,4
2020-04-09 15:18:52.011,10135,10136,10136,2,2
2020-04-09 15:18:52.551,10136,10137,10137,1,1
2020-04-09 15:18:52.913,10135,10137,10135,1,-1
2020-04-09 15:18:53.082,10135,10136,10136,1,1
2020-04-09 15:18:56.104,10135,10136,10136,1,1
2020-04-09 15:18:57.546,10135,10136,10136,3,3
2020-04-09 15:18:57.546,10135,10136,10137,3,3
2020-04-09 15:18:58.604,10135,10136,10135,2,-2
2020-04-09 15:18:58.633,10135,10136,10136,1,1
2020-04-09 15:18:58.692,10135,10137,10135,9,-9
2020-04-09 15:18:58.711,10135,10137,10135,2,-2
2020-04-09 15:18:58.795,10135,10136,10135,19,-19
2020-04-09 15:18:58.795,10135,10136,10135,7,-7
2020-04-09 15:18:58.921,10134,10135,10134,1,-1
2020-04-09 15:18:59.250,10133,10134,10134,2,2
2020-04-09 15:18:59.511,10133,10134,10133,12,-12
2020-04-09 15:18:59.539,10133,10134,10132,1,-1
2020-04-09 15:19:00.183,10133,10134,10134,1,1
2020-04-09 15:19:00.372,10133,10134,10134,1,1
2020-04-09 15:19:04.556,10133,10134,10133,2,-2
2020-04-09 15:19:06.513,10133,10134,10133,3,-3
2020-04-09 15:19:07.375,10132,10134,10134,1,1
2020-04-09 15:19:07.635,10132,10134,10133,1,-1
2020-04-09 15:19:07.679,10133,10134,10133,1,-1
2020-04-09 15:19:07.703,10133,10134,10134,1,1
2020-04-09 15:19:08.396,10132,10134,10134,1,1
2020-04-09 15:19:09.683,10133,10134,10133,1,-1
2020-04-09 15:19:11.221,10132,10133,10132,2,-2
2020-04-09 15:19:14.177,10131,10133,10133,1,1
2020-04-09 15:19:16.194,10132,10133,10132,1,-1
2020-04-09 15:19:16.618,10132,10133,10132,2,-2
2020-04-09 15:19:16.800,10132,10133,10133,2,2
2020-04-09 15:19:17.170,10132,10134,10132,3,-3
2020-04-09 15:19:17.955,10132,10134,10132,1,-1
2020-04-09 15:19:18.925,10133,10134,10133,1,1
2020-04-09 15:19:19.429,10133,10134,10133,5,-5
2020-04-09 15:19:19.529,10133,10134,10133,1,-1
2020-04-09 15:19:20.133,10132,10134,10132,1,-1
2020-04-09 15:19:22.046,10133,10134,10133,5,5
2020-04-09 15:19:26.004,10132,10133,10132,1,-1
2020-04-09 15:19:26.014,10132,10133,10133,1,1
2020-04-09 15:19:27.872,10132,10133,10133,1,1
2020-04-09 15:19:28.407,10132,10133,10133,1,1
2020-04-09 15:19:29.825,10132,10133,10133,3,3
2020-04-09 15:19:29.921,10133,10134,10133,5,-5
2020-04-09 15:19:30.171,10132,10133,10132,3,-3
2020-04-09 15:19:35.430,10132,10133,10132,1,-1
2020-04-09 15:19:42.760,10131,10132,10131,2,-2
2020-04-09 15:19:44.761,10132,10133,10132,1,1
2020-04-09 15:19:46.548,10132,10133,10132,1,-1
2020-04-09 15:19:49.255,10131,10133,10133,2,2
2020-04-09 15:19:49.263,10131,10133,10133,1,1
2020-04-09 15:19:49.486,10132,10133,10133,3,3
2020-04-09 15:19:49.486,10132,10133,10134,2,2
2020-04-09 15:19:53.920,10132,10133,10133,1,1
2020-04-09 15:19:56.069,10133,10134,10134,1,1
2020-04-09 15:19:57.316,10133,10134,10133,2,-2
2020-04-09 15:19:57.590,10133,10134,10133,1,-1
2020-04-09 15:19:57.611,10133,10134,10134,1,1
2020-04-09 15:19:57.975,10133,10134,10134,5,5
2020-04-09 15:19:59.747,10134,10135,10134,1,-1
2020-04-09 15:20:01.276,10134,10135,10134,1,-1
2020-04-09 15:20:01.540,10133,10135,10135,2,2
2020-04-09 15:20:01.681,10134,10135,10135,1,1
2020-04-09 15:20:01.858,10134,10135,10135,4,4
2020-04-09 15:20:02.405,10135,10136,10135,1,-1
2020-04-09 15:20:02.666,10135,10136,10135,1,-1
2020-04-09 15:20:04.407,10135,10136,10136,2,2
2020-04-09 15:20:04.408,10135,10136,10136,1,1
2020-04-09 15:20:04.512,10135,10137,10136,1,-1
2020-04-09 15:20:04.703,10136,10137,10137,1,1
2020-04-09 15:20:04.709,10136,10137,10137,1,1
2020-04-09 15:20:04.846,10136,10137,10136,1,-1
2020-04-09 15:20:04.846,10136,10137,10135,1,-1
2020-04-09 15:20:08.499,10136,10137,10136,1,1
2020-04-09 15:20:09.923,10136,10137,10136,4,-4
2020-04-09 15:20:10.591,10135,10137,10137,3,3
2020-04-09 15:20:10.591,10135,10137,10138,2,2
2020-04-09 15:20:11.906,10137,10138,10138,1,1
2020-04-09 15:20:18.422,10136,10137,10136,1,-1
2020-04-09 15:20:18.932,10136,10137,10137,2,2
2020-04-09 15:20:20.809,10136,10137,10136,1,-1
2020-04-09 15:20:21.009,10136,10137,10136,1,-1
2020-04-09 15:20:21.009,10136,10137,10136,2,-2
2020-04-09 15:20:21.009,10136,10137,10136,3,-3
2020-04-09 15:20:21.010,10136,10137,10136,2,-2
2020-04-09 15:20:21.010,10136,10137,10136,6,-6
2020-04-09 15:20:21.011,10136,10137,10136,2,-2
2020-04-09 15:20:21.400,10135,10136,10136,1,1
2020-04-09 15:20:22.092,10135,10136,10136,3,3
2020-04-09 15:20:22.092,10135,10136,10137,3,3
2020-04-09 15:20:22.378,10135,10137,10135,4,-4
2020-04-09 15:20:22.545,10135,10136,10135,4,-4
2020-04-09 15:20:22.546,10135,10136,10135,8,-8
2020-04-09 15:20:22.670,10135,10136,10135,1,-1
2020-04-09 15:20:22.670,10135,10136,10135,5,-5
2020-04-09 15:20:22.670,10135,10136,10135,11,-11
2020-04-09 15:20:22.796,10134,10135,10135,1,1
2020-04-09 15:20:22.796,10134,10135,10136,1,1
2020-04-09 15:20:23.378,10134,10135,10134,2,-2
2020-04-09 15:20:24.391,10134,10135,10135,3,3
2020-04-09 15:20:24.565,10135,10136,10135,3,-3
2020-04-09 15:20:26.296,10135,10136,10136,1,1
2020-04-09 15:20:26.381,10135,10136,10135,1,-1
2020-04-09 15:20:30.925,10134,10135,10134,1,-1
2020-04-09 15:20:31.249,10134,10136,10134,4,-4
2020-04-09 15:20:31.316,10134,10135,10135,2,2
2020-04-09 15:20:33.795,10134,10135,10135,2,2
2020-04-09 15:20:34.523,10135,10136,10135,5,-5
2020-04-09 15:20:34.778,10134,10135,10134,2,-2
2020-04-09 15:20:36.978,10134,10135,10135,1,1
2020-04-09 15:20:38.346,10135,10136,10135,1,-1
2020-04-09 15:20:40.913,10134,10135,10135,1,1
2020-04-09 15:20:42.086,10134,10135,10134,1,-1
2020-04-09 15:20:44.895,10134,10135,10135,1,1
2020-04-09 15:20:49.012,10135,10136,10136,1,1
2020-04-09 15:20:53.143,10135,10136,10135,1,-1
2020-04-09 15:20:53.350,10134,10135,10135,1,1
2020-04-09 15:20:55.601,10134,10135,10134,4,-4
2020-04-09 15:21:00.342,10133,10134,10134,1,1
2020-04-09 15:21:00.371,10133,10134,10134,1,1
2020-04-09 15:21:06.546,10134,10135,10135,11,11
2020-04-09 15:21:07.284,10135,10136,10135,5,-5
2020-04-09 15:21:07.285,10135,10136,10135,2,-2
2020-04-09 15:21:07.286,10135,10136,10135,1,-1
2020-04-09 15:21:07.286,10135,10136,10135,2,-2
2020-04-09 15:21:11.324,10135,10136,10135,1,-1
2020-04-09 15:21:13.974,10134,10135,10135,1,1
2020-04-09 15:21:14.010,10134,10135,10134,1,-1
2020-04-09 15:21:19.693,10134,10136,10134,1,-1
2020-04-09 15:21:20.421,10135,10136,10135,4,4
2020-04-09 15:21:20.429,10135,10136,10136,8,8
2020-04-09 15:21:22.239,10134,10135,10135,1,1
2020-04-09 15:21:23.874,10134,10135,10134,2,-2
2020-04-09 15:21:23.875,10134,10135,10134,4,-4
2020-04-09 15:21:23.875,10134,10135,10134,1,-1
2020-04-09 15:21:23.875,10134,10135,10134,4,-4
2020-04-09 15:21:23.920,10134,10135,10134,1,-1
2020-04-09 15:21:25.127,10133,10134,10134,1,1
2020-04-09 15:21:26.983,10133,10134,10134,3,3
2020-04-09 15:21:30.578,10134,10135,10135,1,1
2020-04-09 15:21:32.715,10133,10135,10135,1,1
2020-04-09 15:21:33.741,10134,10135,10134,1,-1
2020-04-09 15:21:35.050,10133,10135,10135,1,1
2020-04-09 15:21:39.282,10133,10134,10134,1,1
2020-04-09 15:21:41.474,10134,10135,10135,1,1
2020-04-09 15:21:45.462,10134,10135,10135,6,6
2020-04-09 15:21:46.343,10134,10135,10134,1,-1
2020-04-09 15:21:48.075,10133,10134,10134,2,2
2020-04-09 15:21:50.461,10133,10134,10133,4,-4
2020-04-09 15:21:50.796,10132,10133,10132,12,-12
2020-04-09 15:21:56.635,10131,10132,10131,6,-6
2020-04-09 15:21:58.225,10130,10131,10131,1,1
2020-04-09 15:22:00.048,10130,10131,10131,2,2
2020-04-09 15:22:00.203,10130,10131,10130,1,-1
2020-04-09 15:22:00.265,10130,10131,10131,5,5
2020-04-09 15:22:00.381,10131,10132,10131,1,-1
2020-04-09 15:22:00.421,10131,10132,10131,1,-1
2020-04-09 15:22:00.602,10131,10132,10131,1,-1
2020-04-09 15:22:01.795,10130,10132,10130,1,-1
2020-04-09 15:22:02.085,10131,10132,10131,1,1
2020-04-09 15:22:03.570,10132,10133,10133,3,3
2020-04-09 15:22:03.592,10132,10133,10133,2,2
2020-04-09 15:22:03.721,10133,10134,10134,1,1
2020-04-09 15:22:05.210,10133,10134,10133,2,-2
2020-04-09 15:22:11.395,10133,10134,10133,1,-1
2020-04-09 15:22:11.854,10133,10134,10133,1,-1
2020-04-09 15:22:11.956,10133,10134,10133,7,-7
2020-04-09 15:22:15.081,10131,10133,10131,3,-3
2020-04-09 15:22:20.568,10131,10133,10131,3,-3
2020-04-09 15:22:26.212,10132,10133,10132,1,1
2020-04-09 15:22:27.197,10132,10133,10132,1,-1
2020-04-09 15:22:28.979,10132,10133,10132,1,-1
2020-04-09 15:22:29.634,10132,10133,10132,1,-1
2020-04-09 15:22:30.435,10132,10133,10132,2,-2
2020-04-09 15:22:30.435,10132,10133,10132,2,-2
2020-04-09 15:22:30.684,10131,10132,10132,2,2
2020-04-09 15:22:30.686,10131,10132,10132,1,1
2020-04-09 15:22:34.266,10131,10132,10131,1,-1
2020-04-09 15:22:35.415,10131,10132,10131,2,-2
2020-04-09 15:22:35.436,10130,10131,10130,15,-15
2020-04-09 15:22:37.631,10130,10131,10130,1,-1
2020-04-09 15:22:43.587,10130,10131,10130,1,-1
2020-04-09 15:22:44.113,10130,10131,10131,5,5
2020-04-09 15:22:45.045,10131,10132,10132,2,2
2020-04-09 15:22:45.498,10131,10133,10131,1,-1
2020-04-09 15:22:46.378,10131,10133,10131,1,-1
2020-04-09 15:22:48.545,10132,10133,10133,1,1
2020-04-09 15:22:51.459,10133,10134,10133,1,-1
2020-04-09 15:22:52.415,10133,10134,10133,1,-1
2020-04-09 15:22:55.564,10133,10134,10133,1,-1
2020-04-09 15:22:55.741,10133,10134,10133,1,-1
2020-04-09 15:22:55.741,10133,10134,10132,2,-2
2020-04-09 15:22:56.153,10132,10134,10133,2,2
2020-04-09 15:22:59.018,10133,10134,10133,1,-1
2020-04-09 15:22:59.929,10132,10133,10133,1,1
2020-04-09 15:23:05.137,10132,10133,10132,1,-1
2020-04-09 15:23:05.265,10132,10133,10133,1,1
2020-04-09 15:23:05.265,10132,10133,10134,5,5
2020-04-09 15:23:05.573,10132,10133,10133,1,1
2020-04-09 15:23:14.562,10132,10133,10132,3,-3
2020-04-09 15:23:15.309,10131,10132,10132,1,1
2020-04-09 15:23:15.309,10131,10132,10132,1,1
2020-04-09 15:23:15.486,10132,10133,10132,1,-1
2020-04-09 15:23:25.087,10131,10132,10132,1,1
2020-04-09 15:23:28.634,10131,10132,10131,1,-1
2020-04-09 15:23:39.172,10131,10132,10131,1,-1
2020-04-09 15:23:43.167,10131,10132,10131,1,-1
2020-04-09 15:23:48.513,10131,10132,10132,4,4
2020-04-09 15:23:52.018,10131,10132,10131,1,-1
2020-04-09 15:23:52.421,10131,10133,10132,1,1
2020-04-09 15:24:00.241,10131,10132,10132,1,1
2020-04-09 15:24:00.371,10131,10132,10132,1,1
2020-04-09 15:24:00.540,10131,10133,10133,1,1
2020-04-09 15:24:11.828,10132,10133,10133,2,2
2020-04-09 15:24:16.697,10132,10133,10132,1,-1
2020-04-09 15:24:22.695,10132,10133,10132,1,-1
2020-04-09 15:24:26.022,10132,10133,10132,1,-1
2020-04-09 15:24:26.345,10132,10133,10132,1,-1
2020-04-09 15:24:26.345,10132,10133,10132,1,-1
2020-04-09 15:24:26.345,10132,10133,10132,6,-6
2020-04-09 15:24:26.345,10132,10133,10132,13,-13
2020-04-09 15:24:26.421,10131,10132,10131,2,-2
2020-04-09 15:24:26.471,10131,10132,10131,1,-1
2020-04-09 15:24:26.545,10131,10132,10131,1,-1
2020-04-09 15:24:26.918,10130,10131,10131,2,2
2020-04-09 15:24:33.094,10130,10131,10130,3,-3
2020-04-09 15:24:33.967,10130,10131,10130,2,-2
2020-04-09 15:24:40.747,10130,10131,10130,1,-1
2020-04-09 15:24:40.800,10130,10131,10130,3,-3
2020-04-09 15:24:43.245,10129,10130,10130,1,1
2020-04-09 15:24:43.784,10129,10131,10130,1,-1
2020-04-09 15:24:43.784,10129,10131,10129,2,-2
2020-04-09 15:24:43.996,10129,10130,10129,3,-3
2020-04-09 15:24:44.243,10129,10130,10130,2,2
2020-04-09 15:24:44.243,10129,10130,10130,1,1
2020-04-09 15:24:44.243,10129,10130,10130,1,1
2020-04-09 15:24:45.617,10130,10131,10130,2,-2
2020-04-09 15:24:48.549,10130,10131,10131,2,2
2020-04-09 15:24:49.014,10130,10131,10131,2,2
2020-04-09 15:24:50.962,10130,10131,10130,1,-1
2020-04-09 15:24:51.201,10130,10131,10130,1,-1
2020-04-09 15:24:51.460,10129,10131,10129,1,-1
2020-04-09 15:24:53.447,10129,10131,10129,1,-1
2020-04-09 15:25:06.037,10129,10130,10129,1,-1
2020-04-09 15:25:06.305,10129,10130,10130,1,1
2020-04-09 15:25:09.473,10129,10130,10129,1,-1
2020-04-09 15:25:10.798,10129,10130,10129,1,-1
2020-04-09 15:25:14.817,10129,10130,10129,1,-1
2020-04-09 15:25:17.120,10129,10130,10129,1,-1
2020-04-09 15:25:23.238,10129,10130,10129,6,-6
2020-04-09 15:25:23.238,10129,10130,10129,4,-4
2020-04-09 15:25:23.238,10129,10130,10129,7,-7
2020-04-09 15:25:23.238,10129,10130,10129,5,-5
2020-04-09 15:25:23.239,10129,10130,10129,4,-4
2020-04-09 15:25:23.239,10129,10130,10129,2,-2
2020-04-09 15:25:23.239,10129,10130,10129,7,-7
2020-04-09 15:25:23.239,10129,10130,10129,5,-5
2020-04-09 15:25:23.239,10129,10130,10129,4,-4
2020-04-09 15:25:23.239,10129,10130,10129,1,-1
2020-04-09 15:25:23.239,10129,10130,10129,4,-4
2020-04-09 15:25:23.239,10129,10130,10129,1,-1
2020-04-09 15:25:23.239,10129,10130,10129,1,-1
2020-04-09 15:25:23.267,10129,10130,10128,1,-1
2020-04-09 15:25:23.296,10128,10129,10128,11,-11
2020-04-09 15:25:23.861,10127,10129,10129,5,5
2020-04-09 15:25:24.792,10129,10130,10130,2,2
2020-04-09 15:25:25.254,10129,10130,10130,1,1
2020-04-09 15:25:25.254,10129,10130,10130,2,2
2020-04-09 15:25:25.254,10129,10130,10130,1,1
2020-04-09 15:25:25.254,10129,10130,10130,1,1
2020-04-09 15:25:25.254,10129,10130,10130,1,1
2020-04-09 15:25:25.384,10129,10131,10131,1,1
2020-04-09 15:25:25.577,10130,10131,10131,1,1
2020-04-09 15:25:30.705,10130,10131,10130,1,-1
2020-04-09 15:25:31.753,10130,10131,10130,3,-3
2020-04-09 15:25:31.753,10130,10131,10130,1,-1
2020-04-09 15:25:31.796,10129,10130,10130,1,1
2020-04-09 15:25:34.138,10129,10131,10131,1,1
2020-04-09 15:25:34.768,10130,10131,10131,2,2
2020-04-09 15:25:34.795,10130,10131,10131,5,5
2020-04-09 15:25:37.625,10130,10132,10130,1,-1
2020-04-09 15:25:43.118,10130,10131,10130,1,-1
2020-04-09 15:25:43.201,10129,10130,10129,1,-1
2020-04-09 15:25:48.123,10129,10130,10129,5,-5
2020-04-09 15:25:53.967,10127,10129,10129,1,1
2020-04-09 15:25:53.970,10127,10129,10129,1,1
2020-04-09 15:25:53.971,10127,10129,10129,5,5
2020-04-09 15:25:54.087,10129,10130,10129,1,-1
2020-04-09 15:26:01.998,10127,10129,10128,1,-1
2020-04-09 15:26:05.320,10127,10128,10127,1,-1
2020-04-09 15:26:05.630,10127,10128,10127,1,-1
2020-04-09 15:26:07.011,10127,10128,10127,7,-7
2020-04-09 15:26:07.170,10127,10128,10127,4,-4
2020-04-09 15:26:07.597,10127,10128,10127,1,-1
2020-04-09 15:26:08.172,10127,10128,10127,1,-1
2020-04-09 15:26:10.858,10127,10128,10127,1,-1
2020-04-09 15:26:10.883,10127,10128,10128,1,1
2020-04-09 15:26:11.150,10127,10128,10127,1,-1
2020-04-09 15:26:11.839,10127,10128,10127,3,-3
2020-04-09 15:26:11.839,10127,10128,10127,1,-1
2020-04-09 15:26:11.839,10127,10128,10127,1,-1
2020-04-09 15:26:11.862,10127,10128,10127,1,-1
2020-04-09 15:26:11.920,10127,10128,10127,6,-6
2020-04-09 15:26:11.920,10127,10128,10127,3,-3
2020-04-09 15:26:11.921,10127,10128,10127,1,-1
2020-04-09 15:26:14.620,10126,10127,10126,1,-1
2020-04-09 15:26:14.697,10126,10127,10126,1,-1
2020-04-09 15:26:14.842,10126,10127,10127,1,1
2020-04-09 15:26:14.854,10126,10127,10126,1,-1
2020-04-09 15:26:14.890,10126,10127,10126,1,-1
2020-04-09 15:26:15.296,10126,10127,10127,1,1
2020-04-09 15:26:15.788,10126,10128,10126,2,-2
2020-04-09 15:26:16.692,10126,10128,10126,1,-1
2020-04-09 15:26:17.299,10127,10128,10127,2,2
2020-04-09 15:26:18.770,10126,10127,10126,1,-1
2020-04-09 15:26:19.705,10126,10127,10126,2,-2
2020-04-09 15:26:19.705,10126,10127,10125,32,-32
2020-04-09 15:26:19.707,10126,10127,10125,1,-1
2020-04-09 15:26:19.707,10126,10127,10125,1,-1
2020-04-09 15:26:19.707,10126,10127,10125,2,-2
2020-04-09 15:26:20.093,10124,10125,10125,1,1
2020-04-09 15:26:20.093,10124,10125,10126,1,1
2020-04-09 15:26:20.574,10124,10126,10126,2,2
2020-04-09 15:26:21.760,10124,10125,10124,1,-1
2020-04-09 15:26:22.223,10124,10125,10124,1,-1
2020-04-09 15:26:22.564,10124,10125,10125,1,1
2020-04-09 15:26:23.919,10124,10125,10125,1,1
2020-04-09 15:26:24.982,10124,10126,10125,2,-2
2020-04-09 15:26:24.982,10124,10126,10124,3,-3
2020-04-09 15:26:26.136,10125,10126,10125,2,2
2020-04-09 15:26:27.930,10125,10126,10125,1,-1
2020-04-09 15:26:28.821,10125,10126,10125,1,-1
2020-04-09 15:26:29.056,10125,10126,10125,5,-5
2020-04-09 15:26:29.560,10125,10126,10125,2,-2
2020-04-09 15:26:29.953,10125,10126,10125,1,-1
2020-04-09 15:26:29.988,10125,10126,10125,2,-2
2020-04-09 15:26:30.088,10125,10126,10125,1,-1
2020-04-09 15:26:30.416,10125,10126,10125,2,-2
2020-04-09 15:26:30.536,10125,10126,10126,1,1
2020-04-09 15:26:34.119,10125,10126,10125,1,-1
2020-04-09 15:26:35.313,10125,10126,10125,1,-1
2020-04-09 15:26:35.468,10125,10126,10125,1,-1
2020-04-09 15:26:36.028,10124,10126,10125,1,-1
2020-04-09 15:26:38.121,10124,10125,10125,1,1
2020-04-09 15:26:39.128,10124,10125,10125,2,2
2020-04-09 15:26:39.619,10125,10126,10125,1,-1
2020-04-09 15:26:41.475,10125,10126,10125,1,-1
2020-04-09 15:26:42.098,10125,10126,10125,1,-1
2020-04-09 15:26:42.986,10125,10126,10125,1,-1
2020-04-09 15:26:43.353,10125,10126,10125,1,-1
2020-04-09 15:26:44.677,10125,10126,10125,2,-2
2020-04-09 15:26:44.851,10125,10126,10125,1,-1
2020-04-09 15:26:47.054,10124,10125,10124,1,-1
2020-04-09 15:26:48.021,10124,10125,10124,3,-3
2020-04-09 15:26:48.023,10124,10125,10124,1,-1
2020-04-09 15:26:48.024,10124,10125,10124,1,-1
2020-04-09 15:26:48.024,10124,10125,10125,1,1
2020-04-09 15:26:51.179,10124,10125,10124,2,-2
2020-04-09 15:26:52.884,10123,10124,10123,1,-1
2020-04-09 15:26:52.957,10123,10124,10123,1,-1
2020-04-09 15:26:53.030,10123,10124,10123,2,-2
2020-04-09 15:26:53.030,10123,10124,10123,2,-2
2020-04-09 15:26:56.476,10123,10124,10123,1,-1
2020-04-09 15:26:56.645,10123,10124,10124,1,1
2020-04-09 15:26:58.658,10124,10125,10124,1,-1
2020-04-09 15:27:00.653,10124,10125,10124,1,-1
2020-04-09 15:27:00.764,10124,10125,10124,1,-1
2020-04-09 15:27:01.725,10124,10125,10125,9,9
2020-04-09 15:27:01.726,10124,10125,10125,2,2
2020-04-09 15:27:01.726,10124,10125,10125,3,3
2020-04-09 15:27:01.726,10124,10125,10125,1,1
2020-04-09 15:27:01.798,10125,10126,10125,2,-2
2020-04-09 15:27:02.524,10124,10126,10126,1,1
2020-04-09 15:27:02.531,10124,10126,10124,1,-1
2020-04-09 15:27:02.915,10124,10126,10124,1,-1
2020-04-09 15:27:04.091,10124,10125,10124,2,-2
2020-04-09 15:27:05.017,10124,10125,10124,1,-1
2020-04-09 15:27:06.231,10124,10126,10126,1,1
2020-04-09 15:27:06.439,10124,10126,10126,1,1
2020-04-09 15:27:08.094,10124,10125,10124,3,-3
2020-04-09 15:27:10.168,10123,10124,10124,1,1
2020-04-09 15:27:11.779,10123,10124,10124,1,1
2020-04-09 15:27:14.959,10123,10124,10124,1,1
2020-04-09 15:27:16.420,10123,10124,10123,3,-3
2020-04-09 15:27:17.203,10123,10124,10123,1,-1
2020-04-09 15:27:17.642,10123,10124,10123,2,-2
2020-04-09 15:27:18.161,10123,10124,10123,1,-1
2020-04-09 15:27:19.116,10123,10124,10123,2,-2
2020-04-09 15:27:19.118,10123,10124,10123,2,-2
2020-04-09 15:27:22.377,10122,10123,10122,2,-2
2020-04-09 15:27:22.466,10122,10123,10123,1,1
2020-04-09 15:27:24.476,10122,10123,10123,4,4
2020-04-09 15:27:26.015,10123,10124,10123,1,-1
2020-04-09 15:27:26.811,10123,10124,10123,10,-10
2020-04-09 15:27:27.853,10122,10124,10122,1,-1
2020-04-09 15:27:28.804,10122,10123,10123,2,2
2020-04-09 15:27:29.104,10122,10124,10122,1,-1
2020-04-09 15:27:29.615,10122,10123,10123,1,1
2020-04-09 15:27:30.006,10122,10124,10122,1,-1
2020-04-09 15:27:31.656,10122,10124,10122,1,-1
2020-04-09 15:27:33.666,10123,10124,10123,1,1
2020-04-09 15:27:35.076,10123,10124,10124,31,31
2020-04-09 15:27:35.159,10123,10124,10124,9,9
2020-04-09 15:27:35.298,10124,10125,10124,4,-4
2020-04-09 15:27:35.816,10124,10125,10124,1,-1
2020-04-09 15:27:36.136,10124,10125,10124,1,-1
2020-04-09 15:27:36.925,10124,10125,10124,4,-4
2020-04-09 15:27:36.959,10124,10125,10123,1,-1
2020-04-09 15:27:37.293,10123,10125,10123,1,-1
2020-04-09 15:27:38.500,10123,10125,10123,4,-4
2020-04-09 15:27:38.558,10123,10125,10125,1,1
2020-04-09 15:27:41.028,10124,10125,10124,1,-1
2020-04-09 15:27:43.446,10123,10125,10125,2,2
2020-04-09 15:27:45.647,10123,10124,10123,1,-1
2020-04-09 15:27:45.692,10123,10124,10124,1,1
2020-04-09 15:27:49.714,10123,10124,10123,4,-4
2020-04-09 15:27:53.761,10122,10123,10123,3,3
2020-04-09 15:27:54.531,10123,10124,10123,1,-1
2020-04-09 15:27:56.106,10123,10124,10124,1,1
2020-04-09 15:27:56.694,10124,10125,10124,1,-1
2020-04-09 15:27:59.115,10124,10125,10124,1,-1
2020-04-09 15:28:00.736,10123,10125,10124,1,-1
2020-04-09 15:28:02.271,10124,10125,10125,1,1
2020-04-09 15:28:02.459,10124,10125,10124,1,-1
2020-04-09 15:28:03.612,10124,10125,10124,1,-1
2020-04-09 15:28:07.522,10124,10125,10124,2,-2
2020-04-09 15:28:08.380,10124,10125,10124,1,-1
2020-04-09 15:28:10.392,10123,10125,10124,1,-1
2020-04-09 15:28:11.934,10123,10124,10124,7,7
2020-04-09 15:28:24.101,10124,10125,10124,4,-4
2020-04-09 15:28:28.007,10123,10124,10124,1,1
2020-04-09 15:28:28.806,10123,10125,10124,1,-1
2020-04-09 15:28:29.282,10124,10125,10124,1,-1
2020-04-09 15:28:30.229,10123,10124,10124,2,2
2020-04-09 15:28:31.005,10124,10125,10124,1,-1
2020-04-09 15:28:31.007,10124,10125,10124,1,-1
2020-04-09 15:28:33.899,10124,10125,10124,2,-2
2020-04-09 15:28:36.212,10124,10125,10124,1,-1
2020-04-09 15:28:50.215,10123,10124,10124,3,3
2020-04-09 15:28:50.558,10124,10125,10125,1,1
2020-04-09 15:28:53.444,10124,10125,10125,6,6
2020-04-09 15:28:53.445,10124,10125,10125,1,1
2020-04-09 15:28:53.445,10124,10125,10125,5,5
2020-04-09 15:28:53.445,10124,10125,10125,2,2
2020-04-09 15:28:53.545,10125,10126,10126,21,21
2020-04-09 15:28:53.546,10125,10126,10126,5,5
2020-04-09 15:28:55.058,10126,10127,10126,1,-1
2020-04-09 15:28:57.518,10125,10126,10126,1,1
2020-04-09 15:28:57.518,10125,10126,10126,1,1
2020-04-09 15:29:05.281,10126,10127,10126,1,-1
2020-04-09 15:29:06.122,10126,10127,10127,1,1
2020-04-09 15:29:07.299,10126,10127,10126,1,-1
2020-04-09 15:29:07.795,10126,10127,10126,1,-1
2020-04-09 15:29:08.545,10126,10127,10126,1,-1
2020-04-09 15:29:08.779,10126,10127,10126,1,-1
2020-04-09 15:29:08.779,10126,10127,10126,4,-4
2020-04-09 15:29:13.907,10126,10127,10127,3,3
2020-04-09 15:29:15.700,10126,10127,10127,1,1
2020-04-09 15:29:19.591,10126,10127,10127,1,1
2020-04-09 15:29:20.312,10126,10127,10127,1,1
2020-04-09 15:29:35.146,10126,10127,10126,1,-1
2020-04-09 15:29:44.437,10125,10126,10125,1,-1
2020-04-09 15:29:49.205,10125,10126,10126,1,1
2020-04-09 15:29:49.545,10125,10126,10126,1,1
2020-04-09 15:29:49.546,10125,10126,10126,1,1
2020-04-09 15:29:54.458,10126,10127,10126,2,-2
2020-04-09 15:29:55.659,10126,10127,10126,1,-1
2020-04-09 15:29:55.897,10125,10127,10126,1,-1
2020-04-09 15:29:57.428,10126,10127,10126,1,-1
2020-04-09 15:30:02.133,10126,10127,10127,5,5
2020-04-09 15:30:02.814,10126,10128,10128,5,5
2020-04-09 15:30:02.814,10126,10128,10128,5,5
2020-04-09 15:30:03.157,10127,10129,10129,1,1
2020-04-09 15:30:03.216,10127,10129,10129,1,1
2020-04-09 15:30:03.302,10127,10129,10129,2,2
2020-04-09 15:30:03.304,10127,10129,10129,1,1
2020-04-09 15:30:03.306,10127,10129,10129,1,1
2020-04-09 15:30:03.459,10127,10129,10129,1,1
2020-04-09 15:30:03.761,10128,10130,10130,1,1
2020-04-09 15:30:04.265,10127,10129,10129,1,1
2020-04-09 15:30:05.571,10127,10128,10128,1,1
2020-04-09 15:30:05.773,10127,10129,10129,1,1
2020-04-09 15:30:08.407,10127,10128,10128,1,1
2020-04-09 15:30:08.587,10127,10128,10127,4,-4
2020-04-09 15:30:10.818,10126,10127,10127,1,1
2020-04-09 15:30:12.906,10125,10126,10126,1,1
2020-04-09 15:30:12.906,10125,10126,10127,2,2
2020-04-09 15:30:15.847,10125,10126,10126,2,2
2020-04-09 15:30:18.549,10126,10127,10127,5,5
2020-04-09 15:30:18.549,10126,10127,10127,1,1
2020-04-09 15:30:19.012,10127,10128,10128,1,1
2020-04-09 15:30:20.161,10127,10128,10128,1,1
2020-04-09 15:30:22.355,10127,10128,10128,1,1
2020-04-09 15:30:23.749,10128,10129,10128,1,-1
2020-04-09 15:30:30.748,10127,10128,10128,1,1
2020-04-09 15:30:33.011,10128,10129,10128,1,-1
2020-04-09 15:30:39.651,10128,10129,10129,8,8
2020-04-09 15:30:45.369,10128,10129,10129,1,1
2020-04-09 15:30:46.334,10128,10129,10128,1,-1
2020-04-09 15:30:46.335,10128,10129,10128,2,-2
2020-04-09 15:30:47.258,10127,10129,10129,1,1
2020-04-09 15:30:54.227,10128,10129,10129,1,1
2020-04-09 15:30:54.838,10128,10129,10129,1,1
2020-04-09 15:30:59.133,10128,10129,10128,1,-1
2020-04-09 15:30:59.133,10128,10129,10128,6,-6
2020-04-09 15:31:02.214,10127,10128,10128,2,2
2020-04-09 15:31:02.912,10127,10128,10127,2,-2
2020-04-09 15:31:02.912,10127,10128,10127,3,-3
2020-04-09 15:31:06.010,10126,10128,10128,1,1
2020-04-09 15:31:09.813,10127,10128,10128,1,1
2020-04-09 15:31:10.822,10127,10128,10128,1,1
2020-04-09 15:31:12.284,10127,10128,10127,1,-1
2020-04-09 15:31:16.083,10127,10128,10127,3,-3
2020-04-09 15:31:16.742,10126,10127,10127,1,1
2020-04-09 15:31:17.707,10126,10127,10127,1,1
2020-04-09 15:31:18.829,10126,10127,10127,1,1
2020-04-09 15:31:19.170,10126,10127,10126,2,-2
2020-04-09 15:31:20.569,10125,10126,10125,8,-8
2020-04-09 15:31:20.920,10124,10125,10124,1,-1
2020-04-09 15:31:23.263,10124,10125,10125,2,2
2020-04-09 15:31:27.155,10125,10126,10126,1,1
2020-04-09 15:31:29.050,10125,10126,10126,1,1
2020-04-09 15:31:31.182,10125,10126,10126,1,1
2020-04-09 15:31:32.268,10125,10126,10125,1,-1
2020-04-09 15:31:34.446,10125,10126,10126,10,10
2020-04-09 15:31:35.267,10125,10126,10126,1,1
2020-04-09 15:31:39.189,10125,10126,10126,1,1
2020-04-09 15:31:40.213,10125,10126,10125,1,-1
2020-04-09 15:31:40.454,10125,10126,10125,2,-2
2020-04-09 15:31:51.034,10125,10126,10126,1,1
2020-04-09 15:31:51.975,10125,10127,10127,1,1
2020-04-09 15:31:53.122,10125,10126,10125,1,-1
2020-04-09 15:31:54.606,10125,10126,10125,2,-2
2020-04-09 15:31:54.606,10125,10126,10124,2,-2
2020-04-09 15:31:56.579,10125,10127,10125,4,4
2020-04-09 15:31:58.824,10124,10126,10126,1,1
2020-04-09 15:32:00.031,10124,10125,10125,1,1
2020-04-09 15:32:00.068,10124,10126,10126,1,1
2020-04-09 15:32:01.766,10124,10126,10126,1,1
2020-04-09 15:32:03.333,10125,10126,10125,1,-1
2020-04-09 15:32:06.204,10125,10126,10125,1,-1
2020-04-09 15:32:08.245,10124,10125,10124,1,-1
2020-04-09 15:32:08.810,10124,10125,10124,10,-10
2020-04-09 15:32:08.920,10124,10125,10124,10,-10
2020-04-09 15:32:10.124,10124,10125,10124,1,-1
2020-04-09 15:32:10.926,10124,10125,10125,11,11
2020-04-09 15:32:13.684,10125,10126,10126,2,2
2020-04-09 15:32:15.454,10125,10127,10127,1,1
2020-04-09 15:32:16.797,10126,10127,10127,2,2
2020-04-09 15:32:16.797,10126,10127,10127,2,2
2020-04-09 15:32:19.545,10127,10128,10128,2,2
2020-04-09 15:32:26.570,10127,10128,10128,1,1
2020-04-09 15:32:27.622,10127,10128,10128,1,1
2020-04-09 15:32:28.637,10127,10128,10128,1,1
2020-04-09 15:32:33.292,10127,10128,10127,1,-1
2020-04-09 15:32:37.072,10127,10128,10127,1,-1
2020-04-09 15:32:37.834,10127,10128,10128,3,3
2020-04-09 15:32:40.477,10127,10128,10127,4,-4
2020-04-09 15:32:41.057,10126,10127,10126,2,-2
2020-04-09 15:32:43.760,10126,10128,10126,1,-1
2020-04-09 15:32:44.851,10126,10128,10128,1,1
2020-04-09 15:32:46.078,10126,10127,10126,1,-1
2020-04-09 15:32:53.094,10126,10127,10126,1,-1
2020-04-09 15:32:55.802,10126,10128,10126,1,-1
2020-04-09 15:32:56.020,10126,10128,10127,2,2
2020-04-09 15:33:05.354,10127,10128,10128,1,1
2020-04-09 15:33:05.420,10127,10128,10128,14,14
2020-04-09 15:33:05.421,10127,10128,10128,3,3
2020-04-09 15:33:09.883,10126,10128,10128,2,2
2020-04-09 15:33:16.213,10127,10128,10128,1,1
2020-04-09 15:33:23.055,10127,10128,10128,1,1
2020-04-09 15:33:25.262,10127,10128,10128,1,1
2020-04-09 15:33:28.392,10127,10128,10128,1,1
2020-04-09 15:33:30.447,10128,10129,10129,1,1
2020-04-09 15:33:30.471,10128,10129,10129,4,4
2020-04-09 15:33:30.471,10128,10129,10129,1,1
2020-04-09 15:33:30.471,10128,10129,10129,2,2
2020-04-09 15:33:30.471,10128,10129,10129,2,2
2020-04-09 15:33:30.471,10128,10129,10129,1,1
2020-04-09 15:33:30.471,10128,10129,10129,1,1
2020-04-09 15:33:30.471,10128,10129,10129,1,1
2020-04-09 15:33:33.310,10129,10130,10129,2,-2
2020-04-09 15:33:35.179,10128,10130,10130,1,1
2020-04-09 15:33:36.930,10128,10130,10130,1,1
2020-04-09 15:33:39.435,10129,10130,10129,2,-2
2020-04-09 15:33:41.055,10128,10130,10130,1,1
2020-04-09 15:33:46.347,10128,10129,10129,1,1
2020-04-09 15:33:47.208,10128,10129,10129,3,3
2020-04-09 15:33:47.740,10128,10130,10130,1,1
2020-04-09 15:33:48.738,10129,10130,10129,1,-1
2020-04-09 15:33:52.775,10128,10129,10128,4,-4
2020-04-09 15:33:52.775,10128,10129,10128,1,-1
2020-04-09 15:33:53.796,10127,10128,10128,2,2
2020-04-09 15:33:57.564,10126,10128,10128,1,1
2020-04-09 15:33:58.249,10126,10128,10128,1,1
2020-04-09 15:34:02.060,10126,10128,10128,2,2
2020-04-09 15:34:05.708,10127,10128,10128,2,2
2020-04-09 15:34:05.708,10127,10128,10128,1,1
2020-04-09 15:34:06.044,10128,10129,10129,1,1
2020-04-09 15:34:10.087,10128,10129,10128,2,-2
2020-04-09 15:34:11.571,10128,10129,10129,1,1
2020-04-09 15:34:23.920,10129,10130,10130,6,6
2020-04-09 15:34:23.921,10129,10130,10130,8,8
2020-04-09 15:34:24.045,10129,10130,10130,11,11
2020-04-09 15:34:24.045,10129,10130,10130,3,3
2020-04-09 15:34:24.045,10129,10130,10130,5,5
2020-04-09 15:34:24.046,10129,10130,10130,2,2
2020-04-09 15:34:24.046,10129,10130,10130,5,5
2020-04-09 15:34:24.046,10129,10130,10130,1,1
2020-04-09 15:34:24.046,10129,10130,10130,1,1
2020-04-09 15:34:24.046,10129,10130,10130,3,3
2020-04-09 15:34:24.179,10130,10131,10130,1,-1
2020-04-09 15:34:26.338,10130,10131,10130,1,-1
2020-04-09 15:34:28.850,10130,10131,10131,5,5
2020-04-09 15:34:28.850,10130,10131,10132,5,5
2020-04-09 15:34:28.970,10131,10132,10133,1,1
2020-04-09 15:34:29.187,10131,10133,10131,1,-1
2020-04-09 15:34:29.963,10132,10133,10132,1,1
2020-04-09 15:34:30.016,10132,10133,10132,1,-1
2020-04-09 15:34:30.973,10132,10133,10133,2,2
2020-04-09 15:34:31.476,10132,10133,10132,1,-1
2020-04-09 15:34:31.615,10132,10133,10132,1,-1
2020-04-09 15:34:32.300,10131,10133,10133,1,1
2020-04-09 15:34:33.199,10131,10132,10132,1,1
2020-04-09 15:34:34.012,10131,10132,10131,1,-1
2020-04-09 15:34:34.087,10130,10132,10131,1,-1
2020-04-09 15:34:34.553,10130,10131,10131,1,1
2020-04-09 15:34:34.871,10130,10131,10131,1,1
2020-04-09 15:34:35.648,10130,10131,10131,3,3
2020-04-09 15:34:37.040,10130,10131,10130,2,-2
2020-04-09 15:34:37.040,10130,10131,10130,4,-4
2020-04-09 15:34:39.257,10130,10131,10131,3,3
2020-04-09 15:34:41.272,10130,10131,10130,1,-1
2020-04-09 15:34:41.272,10130,10131,10130,1,-1
2020-04-09 15:34:41.272,10130,10131,10130,1,-1
2020-04-09 15:34:41.556,10129,10130,10130,1,1
2020-04-09 15:34:42.057,10129,10130,10130,2,2
2020-04-09 15:34:44.262,10130,10131,10131,1,1
2020-04-09 15:34:46.502,10130,10131,10130,1,-1
2020-04-09 15:34:52.472,10130,10131,10131,5,5
2020-04-09 15:34:53.209,10131,10132,10131,1,-1
2020-04-09 15:34:56.438,10131,10133,10133,1,1
2020-04-09 15:34:57.921,10131,10132,10132,1,1
2020-04-09 15:35:00.892,10131,10132,10131,5,-5
2020-04-09 15:35:02.319,10131,10132,10132,2,2
2020-04-09 15:35:06.795,10131,10132,10131,4,-4
2020-04-09 15:35:07.577,10131,10132,10132,1,1
2020-04-09 15:35:13.280,10131,10132,10132,1,1
2020-04-09 15:35:18.947,10131,10132,10132,1,1
2020-04-09 15:35:19.297,10131,10132,10132,1,1
2020-04-09 15:35:26.518,10131,10132,10131,2,-2
2020-04-09 15:35:26.730,10130,10131,10130,1,-1
2020-04-09 15:35:26.742,10130,10131,10131,8,8
2020-04-09 15:35:26.742,10130,10131,10132,28,28
2020-04-09 15:35:26.742,10130,10131,10133,2,2
2020-04-09 15:35:26.743,10130,10131,10131,1,1
2020-04-09 15:35:26.744,10130,10131,10132,1,1
2020-04-09 15:35:26.745,10130,10131,10132,1,1
2020-04-09 15:35:26.910,10131,10132,10131,4,-4
2020-04-09 15:35:27.086,10130,10132,10132,4,4
2020-04-09 15:35:27.271,10130,10132,10132,1,1
2020-04-09 15:35:28.671,10131,10132,10131,2,-2
2020-04-09 15:35:29.712,10130,10132,10132,2,2
2020-04-09 15:35:30.051,10131,10133,10132,1,-1
2020-04-09 15:35:31.646,10131,10132,10132,2,2
2020-04-09 15:35:32.948,10132,10133,10133,2,2
2020-04-09 15:35:36.065,10132,10133,10132,1,-1
2020-04-09 15:35:38.448,10131,10132,10132,1,1
2020-04-09 15:35:43.062,10132,10133,10132,1,-1
2020-04-09 15:35:50.997,10132,10133,10132,3,-3
2020-04-09 15:35:52.420,10132,10133,10133,4,4
2020-04-09 15:35:52.420,10132,10133,10133,2,2
2020-04-09 15:35:52.420,10132,10133,10133,4,4
2020-04-09 15:35:52.867,10133,10134,10133,1,-1
2020-04-09 15:35:53.014,10133,10134,10133,1,-1
2020-04-09 15:35:53.249,10133,10134,10133,1,-1
2020-04-09 15:35:53.313,10133,10134,10133,1,-1
2020-04-09 15:35:56.187,10133,10134,10134,1,1
2020-04-09 15:35:56.187,10133,10134,10134,4,4
2020-04-09 15:35:56.187,10133,10134,10134,2,2
2020-04-09 15:35:56.187,10133,10134,10134,2,2
2020-04-09 15:35:56.187,10133,10134,10134,2,2
2020-04-09 15:35:57.170,10134,10135,10135,16,16
2020-04-09 15:35:57.170,10134,10135,10135,2,2
2020-04-09 15:35:57.171,10134,10135,10135,1,1
2020-04-09 15:35:57.477,10134,10135,10135,1,1
2020-04-09 15:35:57.478,10134,10135,10135,1,1
2020-04-09 15:35:58.754,10134,10135,10135,31,31
2020-04-09 15:35:58.795,10135,10136,10136,4,4
2020-04-09 15:36:00.888,10135,10136,10135,1,-1
2020-04-09 15:36:00.958,10135,10136,10135,1,-1
2020-04-09 15:36:02.279,10135,10136,10136,2,2
2020-04-09 15:36:03.007,10136,10137,10136,1,-1
2020-04-09 15:36:03.007,10136,10137,10136,1,-1
2020-04-09 15:36:03.571,10136,10137,10136,1,-1
2020-04-09 15:36:06.465,10136,10137,10137,15,15
2020-04-09 15:36:06.503,10136,10137,10137,1,1
2020-04-09 15:36:06.559,10137,10138,10138,1,1
2020-04-09 15:36:06.760,10137,10138,10138,1,1
2020-04-09 15:36:06.785,10137,10138,10137,2,-2
2020-04-09 15:36:06.787,10137,10138,10137,1,-1
2020-04-09 15:36:06.788,10137,10138,10137,2,-2
2020-04-09 15:36:06.853,10136,10138,10138,3,3
2020-04-09 15:36:07.023,10136,10138,10138,1,1
2020-04-09 15:36:07.030,10136,10138,10138,1,1
2020-04-09 15:36:07.033,10136,10138,10138,1,1
2020-04-09 15:36:07.044,10136,10138,10138,1,1
2020-04-09 15:36:07.062,10137,10138,10138,1,1
2020-04-09 15:36:07.063,10137,10138,10138,1,1
2020-04-09 15:36:07.267,10137,10138,10138,1,1
2020-04-09 15:36:07.331,10137,10138,10138,1,1
2020-04-09 15:36:07.342,10137,10138,10137,1,-1
2020-04-09 15:36:07.431,10137,10138,10138,1,1
2020-04-09 15:36:07.463,10137,10138,10138,1,1
2020-04-09 15:36:07.956,10137,10138,10138,1,1
2020-04-09 15:36:08.168,10137,10138,10138,1,1
2020-04-09 15:36:08.176,10137,10138,10138,2,2
2020-04-09 15:36:08.176,10137,10138,10138,1,1
2020-04-09 15:36:08.185,10137,10138,10137,1,-1
2020-04-09 15:36:08.418,10137,10138,10137,1,-1
2020-04-09 15:36:08.902,10137,10138,10138,1,1
2020-04-09 15:36:08.932,10137,10138,10138,1,1
2020-04-09 15:36:08.939,10137,10138,10138,2,2
2020-04-09 15:36:08.955,10137,10138,10138,1,1
2020-04-09 15:36:09.169,10137,10138,10137,1,-1
2020-04-09 15:36:09.411,10137,10138,10138,1,1
2020-04-09 15:36:10.603,10137,10138,10138,1,1
2020-04-09 15:36:11.985,10137,10138,10138,2,2
2020-04-09 15:36:12.972,10138,10139,10138,1,-1
2020-04-09 15:36:13.302,10137,10138,10138,1,1
2020-04-09 15:36:15.973,10137,10138,10138,2,2
2020-04-09 15:36:16.017,10137,10138,10138,1,1
2020-04-09 15:36:16.244,10137,10138,10138,1,1
2020-04-09 15:36:18.704,10137,10138,10137,1,-1
2020-04-09 15:36:20.232,10137,10138,10138,2,2
2020-04-09 15:36:20.716,10137,10138,10138,2,2
2020-04-09 15:36:21.256,10137,10138,10138,1,1
2020-04-09 15:36:21.291,10137,10138,10138,1,1
2020-04-09 15:36:21.946,10138,10139,10138,1,-1
2020-04-09 15:36:22.192,10137,10139,10139,5,5
2020-04-09 15:36:22.464,10138,10139,10139,1,1
2020-04-09 15:36:22.486,10138,10139,10139,3,3
2020-04-09 15:36:22.531,10138,10139,10139,1,1
2020-04-09 15:36:22.562,10138,10140,10140,1,1
2020-04-09 15:36:22.662,10138,10140,10140,1,1
2020-04-09 15:36:22.758,10138,10140,10140,1,1
2020-04-09 15:36:22.831,10138,10140,10140,1,1
2020-04-09 15:36:22.831,10138,10140,10140,1,1
2020-04-09 15:36:22.844,10138,10140,10140,1,1
2020-04-09 15:36:22.888,10138,10140,10140,1,1
2020-04-09 15:36:23.445,10138,10140,10140,1,1
2020-04-09 15:36:24.061,10138,10139,10139,2,2
2020-04-09 15:36:25.278,10138,10139,10139,1,1
2020-04-09 15:36:25.484,10139,10140,10139,1,-1
2020-04-09 15:36:25.561,10138,10140,10140,1,1
2020-04-09 15:36:25.989,10138,10140,10140,1,1
2020-04-09 15:36:27.080,10138,10140,10140,1,1
2020-04-09 15:36:27.093,10138,10140,10139,1,-1
2020-04-09 15:36:27.621,10138,10140,10140,2,2
2020-04-09 15:36:28.257,10138,10140,10138,1,-1
2020-04-09 15:36:28.913,10138,10140,10140,1,1
2020-04-09 15:36:29.028,10138,10140,10140,2,2
2020-04-09 15:36:29.411,10139,10140,10140,1,1
2020-04-09 15:36:30.170,10138,10139,10138,12,-12
2020-04-09 15:36:30.414,10137,10138,10138,1,1
2020-04-09 15:36:31.595,10138,10139,10139,2,2
2020-04-09 15:36:33.267,10138,10139,10139,2,2
2020-04-09 15:36:33.480,10138,10139,10139,1,1
2020-04-09 15:36:33.524,10138,10139,10138,1,-1
2020-04-09 15:36:34.281,10138,10139,10138,2,-2
2020-04-09 15:36:34.494,10137,10139,10137,1,-1
2020-04-09 15:36:34.540,10137,10139,10139,1,1
2020-04-09 15:36:35.810,10137,10139,10139,3,3
2020-04-09 15:36:36.229,10137,10139,10139,1,1
2020-04-09 15:36:38.295,10138,10139,10138,1,-1
2020-04-09 15:36:38.626,10137,10139,10139,1,1
2020-04-09 15:36:39.436,10137,10139,10137,2,-2
2020-04-09 15:36:39.474,10137,10139,10137,1,-1
2020-04-09 15:36:40.228,10137,10138,10138,1,1
2020-04-09 15:36:41.076,10137,10138,10138,1,1
2020-04-09 15:36:41.266,10137,10138,10137,2,-2
2020-04-09 15:36:42.451,10137,10138,10137,1,-1
2020-04-09 15:36:43.785,10136,10137,10137,1,1
2020-04-09 15:36:46.060,10136,10137,10136,1,-1
2020-04-09 15:36:46.334,10136,10137,10136,1,-1
2020-04-09 15:36:46.554,10135,10136,10136,1,1
2020-04-09 15:36:46.846,10135,10136,10136,1,1
2020-04-09 15:36:49.194,10135,10137,10135,8,-8
2020-04-09 15:36:49.194,10135,10137,10134,2,-2
2020-04-09 15:36:50.049,10134,10135,10134,2,-2
2020-04-09 15:36:51.287,10133,10135,10135,1,1
2020-04-09 15:36:53.034,10133,10135,10135,1,1
2020-04-09 15:36:53.332,10133,10135,10135,1,1
2020-04-09 15:36:56.669,10133,10135,10135,1,1
2020-04-09 15:36:57.907,10133,10135,10134,1,-1
2020-04-09 15:36:58.493,10133,10135,10134,1,-1
2020-04-09 15:37:03.909,10134,10135,10134,1,-1
2020-04-09 15:37:04.582,10134,10135,10134,3,-3
2020-04-09 15:37:05.465,10133,10135,10135,4,4
2020-04-09 15:37:05.537,10133,10135,10134,1,-1
2020-04-09 15:37:07.349,10133,10134,10133,5,-5
2020-04-09 15:37:07.420,10133,10134,10133,26,-26
2020-04-09 15:37:07.590,10132,10133,10132,1,-1
2020-04-09 15:37:07.764,10132,10133,10132,1,-1
2020-04-09 15:37:07.775,10132,10133,10132,2,-2
2020-04-09 15:37:08.837,10132,10133,10133,2,2
2020-04-09 15:37:09.000,10132,10134,10134,1,1
2020-04-09 15:37:09.242,10132,10134,10132,1,-1
2020-04-09 15:37:10.120,10132,10133,10133,2,2
2020-04-09 15:37:11.891,10133,10134,10133,2,-2
2020-04-09 15:37:12.075,10132,10133,10133,1,1
2020-04-09 15:37:12.250,10132,10134,10134,1,1
2020-04-09 15:37:17.332,10132,10133,10132,3,-3
2020-04-09 15:37:19.629,10131,10133,10133,1,1
2020-04-09 15:37:21.540,10132,10133,10132,2,-2
2020-04-09 15:37:27.098,10132,10133,10133,4,4
2020-04-09 15:37:30.520,10132,10133,10133,1,1
2020-04-09 15:37:31.157,10133,10134,10134,1,1
2020-04-09 15:37:32.390,10133,10134,10134,1,1
2020-04-09 15:37:32.390,10133,10134,10134,2,2
2020-04-09 15:37:33.536,10134,10135,10135,1,1
2020-04-09 15:37:33.578,10134,10135,10135,1,1
2020-04-09 15:37:34.307,10134,10135,10134,2,-2
2020-04-09 15:37:34.661,10134,10135,10135,7,7
2020-04-09 15:37:35.170,10134,10135,10135,3,3
2020-04-09 15:37:35.492,10135,10136,10135,4,-4
2020-04-09 15:37:37.046,10135,10136,10135,7,-7
2020-04-09 15:37:38.501,10135,10136,10135,1,-1
2020-04-09 15:37:38.628,10134,10135,10135,1,1
2020-04-09 15:37:39.657,10133,10135,10135,1,1
2020-04-09 15:37:40.249,10133,10135,10135,7,7
2020-04-09 15:37:41.385,10134,10136,10136,1,1
2020-04-09 15:37:51.487,10133,10134,10134,1,1
2020-04-09 15:37:53.976,10133,10134,10133,4,-4
2020-04-09 15:38:01.409,10133,10134,10133,2,-2
2020-04-09 15:38:01.726,10133,10134,10133,1,-1
2020-04-09 15:38:04.515,10133,10134,10133,1,-1
2020-04-09 15:38:14.760,10133,10134,10134,1,1
2020-04-09 15:38:15.831,10133,10134,10133,1,-1
2020-04-09 15:38:16.959,10133,10134,10134,1,1
2020-04-09 15:38:28.907,10133,10134,10134,1,1
2020-04-09 15:38:38.603,10133,10134,10134,1,1
2020-04-09 15:38:41.141,10133,10134,10134,7,7
2020-04-09 15:38:49.216,10133,10134,10133,2,-2
2020-04-09 15:38:56.907,10132,10133,10133,1,1
2020-04-09 15:38:57.548,10132,10134,10132,1,-1
2020-04-09 15:39:00.528,10132,10134,10133,1,1
2020-04-09 15:39:00.914,10132,10134,10132,2,-2
2020-04-09 15:39:00.921,10132,10133,10132,1,-1
2020-04-09 15:39:01.829,10132,10133,10132,5,-5
2020-04-09 15:39:03.233,10131,10132,10132,1,1
2020-04-09 15:39:03.624,10131,10132,10131,5,-5
2020-04-09 15:39:05.946,10130,10131,10130,13,-13
2020-04-09 15:39:05.946,10130,10131,10130,3,-3
2020-04-09 15:39:06.089,10129,10131,10129,1,-1
2020-04-09 15:39:10.857,10129,10130,10129,1,-1
2020-04-09 15:39:13.891,10129,10130,10129,4,-4
2020-04-09 15:39:13.920,10129,10130,10129,3,-3
2020-04-09 15:39:13.920,10129,10130,10129,1,-1
2020-04-09 15:39:14.613,10129,10130,10129,1,-1
2020-04-09 15:39:18.340,10129,10130,10129,1,-1
2020-04-09 15:39:18.681,10128,10129,10128,1,-1
2020-04-09 15:39:19.334,10128,10129,10129,1,1
2020-04-09 15:39:21.767,10128,10129,10129,2,2
2020-04-09 15:39:26.174,10128,10129,10128,1,-1
2020-04-09 15:39:26.174,10128,10129,10128,5,-5
2020-04-09 15:39:26.174,10128,10129,10128,5,-5
2020-04-09 15:39:26.174,10128,10129,10128,5,-5
