2021-06-08 15:00:00.092,17075,17076,17077,71
2021-06-08 15:00:00.093,17076,17077,17076,19
2021-06-08 15:00:00.210,17075,17077,17077,1
2021-06-08 15:00:00.225,17075,17077,17077,2
2021-06-08 15:00:00.248,17075,17077,17077,5
2021-06-08 15:00:00.272,17075,17077,17077,27
2021-06-08 15:00:00.422,17075,17078,17075,4
2021-06-08 15:00:00.533,17074,17078,17078,1
2021-06-08 15:00:00.625,17077,17078,17078,1
2021-06-08 15:00:00.626,17077,17078,17078,4
2021-06-08 15:00:00.672,17077,17078,17077,1
2021-06-08 15:00:00.704,17077,17078,17079,3
2021-06-08 15:00:00.743,17077,17080,17077,1
2021-06-08 15:00:00.743,17077,17080,17076,2
2021-06-08 15:00:00.743,17077,17080,17076,1
2021-06-08 15:00:00.743,17077,17080,17076,1
2021-06-08 15:00:00.839,17077,17080,17076,1
2021-06-08 15:00:00.839,17077,17080,17075,2
2021-06-08 15:00:00.839,17077,17080,17074,1
2021-06-08 15:00:00.858,17077,17080,17076,1
2021-06-08 15:00:00.858,17077,17080,17075,1
2021-06-08 15:00:00.858,17077,17080,17074,2
2021-06-08 15:00:00.891,17074,17077,17077,1
2021-06-08 15:00:00.911,17074,17077,17079,1
2021-06-08 15:00:01.009,17078,17080,17078,1
2021-06-08 15:00:01.084,17078,17080,17077,1
2021-06-08 15:00:01.154,17076,17078,17078,1
2021-06-08 15:00:01.465,17077,17080,17077,1
2021-06-08 15:00:01.556,17077,17080,17077,4
2021-06-08 15:00:01.567,17077,17080,17080,1
2021-06-08 15:00:01.649,17077,17080,17077,1
2021-06-08 15:00:01.676,17077,17080,17077,3
2021-06-08 15:00:02.159,17077,17079,17079,1
2021-06-08 15:00:02.159,17077,17079,17080,1
2021-06-08 15:00:02.392,17079,17080,17079,1
2021-06-08 15:00:02.392,17079,17080,17079,4
2021-06-08 15:00:02.626,17078,17080,17078,1
2021-06-08 15:00:03.301,17079,17080,17080,1
2021-06-08 15:00:03.765,17079,17080,17080,2
2021-06-08 15:00:03.766,17079,17080,17080,1
2021-06-08 15:00:05.384,17081,17082,17082,1
2021-06-08 15:00:05.384,17081,17082,17083,2
2021-06-08 15:00:05.643,17081,17084,17084,2
2021-06-08 15:00:05.643,17081,17084,17084,1
2021-06-08 15:00:06.429,17082,17083,17083,1
2021-06-08 15:00:06.429,17082,17083,17083,2
2021-06-08 15:00:06.576,17082,17085,17082,1
2021-06-08 15:00:06.576,17082,17085,17081,2
2021-06-08 15:00:06.816,17081,17084,17084,1
2021-06-08 15:00:07.312,17083,17085,17084,1
2021-06-08 15:00:07.514,17083,17085,17085,2
2021-06-08 15:00:07.698,17083,17085,17084,1
2021-06-08 15:00:08.660,17083,17085,17083,2
2021-06-08 15:00:08.661,17083,17085,17085,3
2021-06-08 15:00:09.503,17082,17084,17084,1
2021-06-08 15:00:09.503,17082,17084,17085,1
2021-06-08 15:00:10.306,17082,17085,17082,2
2021-06-08 15:00:10.847,17082,17084,17084,1
2021-06-08 15:00:11.482,17083,17084,17084,2
2021-06-08 15:00:11.654,17083,17084,17084,3
2021-06-08 15:00:11.655,17083,17084,17084,1
2021-06-08 15:00:12.376,17083,17085,17083,1
2021-06-08 15:00:12.376,17083,17085,17082,1
2021-06-08 15:00:12.681,17082,17085,17084,1
2021-06-08 15:00:13.331,17084,17085,17085,4
2021-06-08 15:00:13.331,17084,17085,17086,1
2021-06-08 15:00:13.331,17084,17085,17086,1
2021-06-08 15:00:13.683,17084,17087,17087,2
2021-06-08 15:00:13.870,17085,17088,17085,1
2021-06-08 15:00:14.086,17085,17088,17087,1
2021-06-08 15:00:14.661,17086,17088,17088,1
2021-06-08 15:00:14.731,17086,17088,17086,1
2021-06-08 15:00:15.131,17086,17088,17087,1
2021-06-08 15:00:15.159,17086,17088,17086,1
2021-06-08 15:00:16.025,17086,17087,17086,2
2021-06-08 15:00:16.025,17086,17087,17086,1
2021-06-08 15:00:16.485,17085,17086,17085,1
2021-06-08 15:00:16.485,17085,17086,17084,1
2021-06-08 15:00:16.485,17085,17086,17083,1
2021-06-08 15:00:17.030,17083,17085,17085,1
2021-06-08 15:00:17.111,17083,17085,17083,1
2021-06-08 15:00:18.987,17084,17085,17084,1
2021-06-08 15:00:18.987,17084,17085,17084,3
2021-06-08 15:00:19.226,17083,17085,17084,1
2021-06-08 15:00:19.232,17083,17085,17083,2
2021-06-08 15:00:19.268,17082,17084,17082,1
2021-06-08 15:00:19.675,17081,17083,17083,1
2021-06-08 15:00:20.453,17081,17084,17082,1
2021-06-08 15:00:20.974,17081,17084,17082,1
2021-06-08 15:00:21.165,17081,17084,17082,1
2021-06-08 15:00:21.940,17083,17084,17083,1
2021-06-08 15:00:21.972,17083,17084,17082,1
2021-06-08 15:00:22.135,17081,17084,17082,1
2021-06-08 15:00:22.949,17083,17084,17083,1
2021-06-08 15:00:24.459,17082,17084,17083,1
2021-06-08 15:00:24.874,17082,17084,17082,1
2021-06-08 15:00:24.941,17082,17084,17083,1
2021-06-08 15:00:24.990,17082,17084,17083,1
2021-06-08 15:00:25.157,17083,17084,17084,3
2021-06-08 15:00:25.272,17083,17084,17084,1
2021-06-08 15:00:25.273,17083,17084,17084,2
2021-06-08 15:00:25.273,17083,17084,17085,7
2021-06-08 15:00:26.301,17084,17086,17084,1
2021-06-08 15:00:26.855,17084,17086,17086,3
2021-06-08 15:00:29.477,17084,17085,17084,1
2021-06-08 15:00:30.974,17084,17085,17084,1
2021-06-08 15:00:32.498,17084,17085,17084,1
2021-06-08 15:00:33.318,17084,17085,17084,1
2021-06-08 15:00:34.831,17084,17085,17084,1
2021-06-08 15:00:35.226,17083,17085,17085,3
2021-06-08 15:00:35.226,17083,17085,17085,1
2021-06-08 15:00:37.562,17083,17084,17083,1
2021-06-08 15:00:37.562,17083,17084,17082,3
2021-06-08 15:00:38.258,17082,17083,17083,1
2021-06-08 15:00:39.628,17083,17084,17083,1
2021-06-08 15:00:39.715,17083,17084,17083,2
2021-06-08 15:00:39.715,17083,17084,17082,3
2021-06-08 15:00:39.760,17081,17082,17081,3
2021-06-08 15:00:40.020,17081,17082,17081,2
2021-06-08 15:00:40.261,17081,17082,17082,1
2021-06-08 15:00:40.261,17081,17082,17082,1
2021-06-08 15:00:40.262,17081,17082,17082,3
2021-06-08 15:00:40.559,17081,17084,17081,1
2021-06-08 15:00:40.676,17081,17084,17081,1
2021-06-08 15:00:42.415,17081,17082,17081,1
2021-06-08 15:00:42.753,17081,17082,17082,1
2021-06-08 15:00:45.249,17082,17083,17083,1
2021-06-08 15:00:46.055,17082,17083,17083,1
2021-06-08 15:00:46.055,17082,17083,17083,1
2021-06-08 15:00:46.071,17082,17083,17084,4
2021-06-08 15:00:46.072,17082,17083,17084,3
2021-06-08 15:00:46.198,17084,17086,17084,1
2021-06-08 15:00:46.332,17083,17086,17083,2
2021-06-08 15:00:46.400,17082,17085,17083,1
2021-06-08 15:00:46.591,17083,17085,17086,1
2021-06-08 15:00:46.689,17084,17086,17084,1
2021-06-08 15:00:47.428,17084,17086,17084,1
2021-06-08 15:00:47.428,17084,17086,17083,5
2021-06-08 15:00:47.429,17084,17086,17083,4
2021-06-08 15:00:47.635,17084,17086,17084,1
2021-06-08 15:00:49.140,17083,17085,17084,1
2021-06-08 15:00:49.522,17083,17085,17085,1
2021-06-08 15:00:52.612,17082,17085,17084,1
2021-06-08 15:00:52.874,17082,17085,17082,1
2021-06-08 15:00:53.523,17082,17085,17084,1
2021-06-08 15:00:55.923,17084,17085,17084,1
2021-06-08 15:00:59.968,17084,17085,17084,1
2021-06-08 15:01:00.048,17084,17085,17085,5
2021-06-08 15:01:00.064,17084,17085,17085,1
2021-06-08 15:01:00.064,17084,17085,17085,1
2021-06-08 15:01:00.163,17085,17086,17086,7
2021-06-08 15:01:00.163,17085,17086,17086,1
2021-06-08 15:01:00.166,17085,17086,17086,3
2021-06-08 15:01:00.349,17087,17088,17088,1
2021-06-08 15:01:00.551,17087,17088,17087,1
2021-06-08 15:01:00.851,17086,17088,17086,3
2021-06-08 15:01:00.930,17085,17088,17085,3
2021-06-08 15:01:00.930,17085,17088,17084,3
2021-06-08 15:01:00.960,17085,17088,17084,1
2021-06-08 15:01:00.960,17085,17088,17083,1
2021-06-08 15:01:02.477,17083,17084,17084,10
2021-06-08 15:01:09.247,17086,17088,17086,2
2021-06-08 15:01:09.247,17086,17088,17085,3
2021-06-08 15:01:09.600,17085,17087,17085,1
2021-06-08 15:01:10.696,17085,17087,17085,5
2021-06-08 15:01:10.696,17085,17087,17084,5
2021-06-08 15:01:12.495,17085,17087,17085,1
2021-06-08 15:01:12.495,17085,17087,17084,4
2021-06-08 15:01:12.495,17085,17087,17083,5
2021-06-08 15:01:15.380,17084,17086,17086,1
2021-06-08 15:01:15.544,17085,17087,17085,3
2021-06-08 15:01:15.544,17085,17087,17084,4
2021-06-08 15:01:15.544,17085,17087,17083,3
2021-06-08 15:01:16.787,17085,17086,17086,1
2021-06-08 15:01:17.337,17085,17087,17085,4
2021-06-08 15:01:17.337,17085,17087,17084,2
2021-06-08 15:01:17.337,17085,17087,17083,4
2021-06-08 15:01:18.422,17083,17085,17085,2
2021-06-08 15:01:19.361,17085,17087,17087,1
2021-06-08 15:01:19.622,17086,17088,17088,10
2021-06-08 15:01:19.625,17086,17088,17089,2
2021-06-08 15:01:21.148,17088,17090,17090,7
2021-06-08 15:01:21.148,17088,17090,17090,3
2021-06-08 15:01:21.243,17089,17090,17090,5
2021-06-08 15:01:23.345,17090,17091,17091,3
2021-06-08 15:01:23.694,17091,17093,17091,1
2021-06-08 15:01:24.215,17090,17093,17093,1
2021-06-08 15:01:24.245,17090,17093,17093,2
2021-06-08 15:01:24.637,17093,17094,17093,1
2021-06-08 15:01:25.015,17092,17094,17094,1
2021-06-08 15:01:25.212,17092,17094,17094,1
2021-06-08 15:01:25.221,17092,17094,17094,1
2021-06-08 15:01:25.551,17092,17095,17093,1
2021-06-08 15:01:26.009,17093,17095,17093,1
2021-06-08 15:01:26.716,17093,17095,17095,1
2021-06-08 15:01:26.716,17093,17095,17094,1
2021-06-08 15:01:26.717,17093,17095,17095,5
2021-06-08 15:01:26.717,17093,17095,17095,1
2021-06-08 15:01:28.207,17096,17097,17096,1
2021-06-08 15:01:28.499,17095,17097,17095,2
2021-06-08 15:01:28.499,17095,17097,17094,1
2021-06-08 15:01:28.761,17094,17095,17095,1
2021-06-08 15:01:29.102,17094,17095,17095,1
2021-06-08 15:01:29.484,17094,17095,17095,1
2021-06-08 15:01:29.484,17094,17095,17095,2
2021-06-08 15:01:29.611,17094,17095,17095,3
2021-06-08 15:01:29.771,17094,17095,17094,4
2021-06-08 15:01:30.516,17093,17094,17094,1
2021-06-08 15:01:30.539,17093,17094,17094,3
2021-06-08 15:01:30.561,17093,17094,17093,2
2021-06-08 15:01:30.563,17093,17094,17093,8
2021-06-08 15:01:31.204,17092,17094,17094,1
2021-06-08 15:01:31.702,17092,17094,17094,3
2021-06-08 15:01:32.579,17093,17095,17095,3
2021-06-08 15:01:33.507,17095,17096,17095,1
2021-06-08 15:01:35.901,17094,17095,17095,1
2021-06-08 15:01:37.139,17094,17095,17095,5
2021-06-08 15:01:37.554,17094,17096,17094,3
2021-06-08 15:01:37.554,17094,17096,17093,7
2021-06-08 15:01:37.713,17092,17095,17095,1
2021-06-08 15:01:38.356,17093,17095,17093,1
2021-06-08 15:01:39.640,17093,17095,17093,3
2021-06-08 15:01:39.931,17092,17093,17093,1
2021-06-08 15:01:40.123,17092,17093,17093,2
2021-06-08 15:01:40.123,17092,17093,17093,1
2021-06-08 15:01:42.657,17092,17093,17093,1
2021-06-08 15:01:42.728,17092,17093,17092,1
2021-06-08 15:01:43.729,17092,17093,17092,2
2021-06-08 15:01:45.680,17091,17092,17091,1
2021-06-08 15:01:45.680,17091,17092,17091,1
2021-06-08 15:01:48.842,17090,17091,17090,4
2021-06-08 15:01:48.842,17090,17091,17089,6
2021-06-08 15:01:48.984,17089,17090,17089,1
2021-06-08 15:01:48.984,17089,17090,17089,1
2021-06-08 15:01:49.233,17088,17089,17089,1
2021-06-08 15:01:49.244,17088,17090,17090,1
2021-06-08 15:01:52.245,17088,17089,17088,2
2021-06-08 15:01:57.395,17088,17089,17088,1
2021-06-08 15:02:00.323,17087,17088,17088,1
2021-06-08 15:02:03.002,17088,17089,17088,1
2021-06-08 15:02:03.393,17087,17088,17087,1
2021-06-08 15:02:03.394,17087,17088,17087,2
2021-06-08 15:02:03.435,17087,17088,17087,1
2021-06-08 15:02:03.435,17087,17088,17088,1
2021-06-08 15:02:04.536,17086,17088,17088,1
2021-06-08 15:02:04.717,17086,17088,17087,3
2021-06-08 15:02:09.151,17088,17089,17089,1
2021-06-08 15:02:09.982,17089,17090,17089,2
2021-06-08 15:02:14.780,17088,17089,17088,3
2021-06-08 15:02:15.122,17088,17089,17089,1
2021-06-08 15:02:16.714,17088,17089,17089,2
2021-06-08 15:02:16.714,17088,17089,17089,1
2021-06-08 15:02:17.281,17089,17090,17090,1
2021-06-08 15:02:17.282,17089,17090,17090,2
2021-06-08 15:02:17.282,17089,17090,17090,1
2021-06-08 15:02:17.282,17089,17090,17090,1
2021-06-08 15:02:18.484,17089,17090,17090,1
2021-06-08 15:02:20.644,17089,17090,17090,1
2021-06-08 15:02:24.980,17089,17090,17089,5
2021-06-08 15:02:24.980,17089,17090,17088,14
2021-06-08 15:02:25.181,17087,17088,17088,1
2021-06-08 15:02:28.144,17087,17089,17087,1
2021-06-08 15:02:37.844,17087,17089,17087,6
2021-06-08 15:02:37.844,17087,17089,17086,12
2021-06-08 15:02:37.846,17087,17089,17086,2
2021-06-08 15:02:39.726,17086,17088,17086,5
2021-06-08 15:02:40.120,17085,17086,17086,8
2021-06-08 15:02:40.120,17085,17086,17086,1
2021-06-08 15:02:40.220,17085,17086,17086,1
2021-06-08 15:02:41.859,17085,17086,17085,1
2021-06-08 15:02:47.145,17085,17086,17085,1
2021-06-08 15:02:51.884,17085,17086,17086,1
2021-06-08 15:02:54.064,17085,17087,17086,1
2021-06-08 15:02:54.411,17085,17087,17085,10
2021-06-08 15:02:54.411,17085,17087,17084,4
2021-06-08 15:02:54.412,17085,17087,17084,2
2021-06-08 15:02:54.412,17085,17087,17084,1
2021-06-08 15:02:54.413,17085,17087,17084,3
2021-06-08 15:02:57.509,17084,17086,17084,6
2021-06-08 15:02:57.509,17084,17086,17083,9
2021-06-08 15:03:01.076,17083,17084,17084,1
2021-06-08 15:03:01.767,17083,17085,17083,9
2021-06-08 15:03:01.767,17083,17085,17082,13
2021-06-08 15:03:01.767,17083,17085,17081,17
2021-06-08 15:03:01.767,17083,17085,17080,11
2021-06-08 15:03:01.768,17083,17085,17080,4
2021-06-08 15:03:01.917,17080,17081,17080,1
2021-06-08 15:03:02.600,17079,17080,17079,1
2021-06-08 15:03:02.958,17078,17079,17079,6
2021-06-08 15:03:04.407,17079,17080,17080,1
2021-06-08 15:03:05.699,17080,17082,17082,3
2021-06-08 15:03:05.765,17080,17082,17082,1
2021-06-08 15:03:07.287,17082,17084,17084,1
2021-06-08 15:03:08.180,17082,17084,17084,1
2021-06-08 15:03:09.552,17082,17085,17085,1
2021-06-08 15:03:12.657,17084,17085,17084,1
2021-06-08 15:03:18.893,17083,17084,17084,1
2021-06-08 15:03:22.057,17083,17085,17083,1
2021-06-08 15:03:22.166,17082,17084,17084,1
2021-06-08 15:03:24.294,17082,17083,17082,1
2021-06-08 15:03:24.798,17080,17082,17082,1
2021-06-08 15:03:25.231,17080,17082,17080,2
2021-06-08 15:03:26.563,17080,17081,17080,1
2021-06-08 15:03:27.645,17080,17081,17081,1
2021-06-08 15:03:30.117,17081,17082,17081,1
2021-06-08 15:03:31.252,17080,17082,17080,1
2021-06-08 15:03:32.689,17081,17082,17081,1
2021-06-08 15:03:32.689,17081,17082,17080,11
2021-06-08 15:03:33.553,17080,17082,17080,6
2021-06-08 15:03:33.553,17080,17082,17079,6
2021-06-08 15:03:39.670,17079,17081,17079,1
2021-06-08 15:03:41.396,17079,17081,17081,1
2021-06-08 15:03:41.396,17079,17081,17081,1
2021-06-08 15:03:41.399,17079,17081,17082,2
2021-06-08 15:03:41.942,17081,17083,17081,1
2021-06-08 15:03:48.971,17081,17083,17083,1
2021-06-08 15:03:51.911,17082,17084,17082,1
2021-06-08 15:03:56.253,17081,17082,17082,2
2021-06-08 15:04:01.774,17081,17082,17081,4
2021-06-08 15:04:01.774,17081,17082,17080,1
2021-06-08 15:04:05.378,17080,17081,17080,2
2021-06-08 15:04:05.378,17080,17081,17079,1
2021-06-08 15:04:07.831,17079,17081,17080,1
2021-06-08 15:04:08.409,17079,17080,17080,1
2021-06-08 15:04:09.789,17079,17080,17080,1
2021-06-08 15:04:12.401,17079,17080,17079,1
2021-06-08 15:04:12.408,17079,17080,17079,6
2021-06-08 15:04:13.386,17078,17079,17079,1
2021-06-08 15:04:18.077,17078,17079,17079,1
2021-06-08 15:04:21.776,17078,17079,17078,1
2021-06-08 15:04:21.777,17078,17079,17078,13
2021-06-08 15:04:21.778,17078,17079,17077,9
2021-06-08 15:04:21.779,17078,17079,17076,6
2021-06-08 15:04:21.788,17078,17079,17075,1
2021-06-08 15:04:21.788,17078,17079,17075,1
2021-06-08 15:04:21.788,17078,17079,17075,1
2021-06-08 15:04:21.788,17078,17079,17075,4
2021-06-08 15:04:22.049,17074,17075,17075,1
2021-06-08 15:04:23.917,17074,17075,17075,1
2021-06-08 15:04:26.620,17075,17076,17075,3
2021-06-08 15:04:27.012,17074,17075,17075,1
2021-06-08 15:04:27.244,17074,17075,17075,2
2021-06-08 15:04:27.335,17074,17075,17074,4
2021-06-08 15:04:28.005,17073,17074,17074,2
2021-06-08 15:04:28.106,17073,17074,17074,5
2021-06-08 15:04:28.107,17073,17074,17074,1
2021-06-08 15:04:29.963,17074,17075,17074,1
2021-06-08 15:04:29.963,17074,17075,17073,2
2021-06-08 15:04:30.291,17073,17075,17073,1
2021-06-08 15:04:30.796,17073,17075,17073,1
2021-06-08 15:04:31.274,17073,17074,17073,15
2021-06-08 15:04:32.008,17072,17073,17073,1
2021-06-08 15:04:32.088,17072,17073,17072,1
2021-06-08 15:04:32.150,17072,17073,17072,1
2021-06-08 15:04:32.291,17072,17073,17072,1
2021-06-08 15:04:32.748,17071,17072,17072,1
2021-06-08 15:04:33.114,17071,17072,17072,1
2021-06-08 15:04:33.571,17071,17072,17072,1
2021-06-08 15:04:33.854,17071,17072,17071,2
2021-06-08 15:04:33.890,17071,17072,17072,3
2021-06-08 15:04:33.890,17071,17072,17073,2
2021-06-08 15:04:33.895,17071,17072,17071,1
2021-06-08 15:04:36.244,17072,17073,17072,1
2021-06-08 15:04:36.302,17072,17073,17072,1
2021-06-08 15:04:37.577,17072,17073,17072,1
2021-06-08 15:04:37.712,17071,17073,17073,1
2021-06-08 15:04:37.816,17071,17073,17072,2
2021-06-08 15:04:37.819,17071,17073,17072,1
2021-06-08 15:04:38.288,17071,17072,17072,1
2021-06-08 15:04:38.838,17071,17073,17071,1
2021-06-08 15:04:39.393,17071,17072,17072,1
2021-06-08 15:04:40.320,17072,17073,17073,2
2021-06-08 15:04:40.774,17072,17074,17073,1
2021-06-08 15:04:41.121,17073,17074,17073,1
2021-06-08 15:04:41.121,17073,17074,17072,2
2021-06-08 15:04:41.456,17072,17074,17072,3
2021-06-08 15:04:46.000,17073,17074,17074,1
2021-06-08 15:04:46.107,17073,17074,17073,1
2021-06-08 15:04:48.367,17073,17075,17073,1
2021-06-08 15:04:51.354,17073,17074,17073,1
2021-06-08 15:04:51.645,17072,17073,17072,4
2021-06-08 15:04:51.645,17072,17073,17071,11
2021-06-08 15:04:51.645,17072,17073,17071,8
2021-06-08 15:04:52.728,17070,17071,17071,1
2021-06-08 15:04:54.326,17070,17071,17070,1
2021-06-08 15:04:54.803,17070,17071,17070,5
2021-06-08 15:04:54.804,17070,17071,17070,1
2021-06-08 15:04:54.804,17070,17071,17070,1
2021-06-08 15:04:54.804,17070,17071,17070,1
2021-06-08 15:04:54.804,17070,17071,17070,1
2021-06-08 15:04:54.804,17070,17071,17070,1
2021-06-08 15:04:54.804,17070,17071,17070,1
2021-06-08 15:04:55.924,17069,17070,17070,1
2021-06-08 15:04:56.255,17069,17070,17070,1
2021-06-08 15:04:56.585,17069,17071,17069,2
2021-06-08 15:04:56.889,17069,17070,17070,1
2021-06-08 15:04:57.764,17070,17071,17070,1
2021-06-08 15:04:58.516,17070,17071,17070,1
2021-06-08 15:04:58.525,17070,17071,17070,1
2021-06-08 15:04:58.571,17070,17071,17069,1
2021-06-08 15:04:58.572,17070,17071,17069,1
2021-06-08 15:04:58.573,17070,17071,17069,1
2021-06-08 15:04:58.933,17068,17069,17069,1
2021-06-08 15:04:59.379,17068,17069,17069,1
2021-06-08 15:04:59.379,17068,17069,17070,4
2021-06-08 15:04:59.406,17068,17069,17068,1
2021-06-08 15:04:59.936,17069,17070,17070,1
2021-06-08 15:04:59.939,17069,17070,17069,1
2021-06-08 15:05:00.019,17069,17070,17069,1
2021-06-08 15:05:00.553,17069,17070,17070,1
2021-06-08 15:05:00.659,17069,17070,17069,1
2021-06-08 15:05:01.320,17069,17070,17069,4
2021-06-08 15:05:02.111,17068,17070,17068,1
2021-06-08 15:05:02.195,17068,17070,17068,1
2021-06-08 15:05:02.220,17068,17070,17068,1
2021-06-08 15:05:02.245,17068,17070,17068,1
2021-06-08 15:05:02.264,17068,17070,17068,1
2021-06-08 15:05:04.560,17069,17070,17070,1
2021-06-08 15:05:04.561,17069,17070,17070,1
2021-06-08 15:05:04.561,17069,17070,17070,3
2021-06-08 15:05:04.561,17069,17070,17070,1
2021-06-08 15:05:04.561,17069,17070,17070,1
2021-06-08 15:05:04.595,17069,17070,17070,1
2021-06-08 15:05:04.935,17070,17071,17071,1
2021-06-08 15:05:05.945,17070,17071,17071,1
2021-06-08 15:05:05.945,17070,17071,17072,4
2021-06-08 15:05:07.050,17071,17072,17071,1
2021-06-08 15:05:08.522,17070,17072,17072,1
2021-06-08 15:05:09.552,17070,17072,17072,1
2021-06-08 15:05:11.095,17071,17072,17072,1
2021-06-08 15:05:11.444,17072,17073,17072,1
2021-06-08 15:05:12.064,17072,17073,17073,4
2021-06-08 15:05:13.582,17073,17074,17074,2
2021-06-08 15:05:14.995,17074,17075,17074,1
2021-06-08 15:05:19.731,17073,17075,17073,1
2021-06-08 15:05:21.283,17073,17074,17074,4
2021-06-08 15:05:22.914,17074,17075,17075,5
2021-06-08 15:05:24.198,17075,17076,17076,1
2021-06-08 15:05:28.384,17076,17077,17077,4
2021-06-08 15:05:29.239,17077,17079,17077,1
2021-06-08 15:05:29.939,17077,17079,17077,1
2021-06-08 15:05:33.706,17076,17078,17078,1
2021-06-08 15:05:34.187,17078,17079,17078,1
2021-06-08 15:05:35.334,17078,17079,17079,1
2021-06-08 15:05:36.891,17078,17079,17078,7
2021-06-08 15:05:37.227,17076,17078,17078,4
2021-06-08 15:05:37.227,17076,17078,17079,1
2021-06-08 15:05:40.933,17077,17078,17077,1
2021-06-08 15:05:41.686,17077,17078,17078,1
2021-06-08 15:05:44.142,17076,17078,17077,1
2021-06-08 15:05:51.106,17076,17077,17077,2
2021-06-08 15:05:57.341,17076,17077,17076,10
2021-06-08 15:06:05.392,17075,17077,17077,1
2021-06-08 15:06:05.877,17075,17077,17075,1
2021-06-08 15:06:05.877,17075,17077,17075,3
2021-06-08 15:06:06.002,17074,17075,17074,3
2021-06-08 15:06:08.738,17073,17075,17073,2
2021-06-08 15:06:08.871,17072,17073,17073,7
2021-06-08 15:06:08.871,17072,17073,17073,1
2021-06-08 15:06:16.569,17074,17075,17074,2
2021-06-08 15:06:17.375,17073,17074,17074,8
2021-06-08 15:06:18.442,17074,17075,17075,2
2021-06-08 15:06:18.442,17074,17075,17075,1
2021-06-08 15:06:18.442,17074,17075,17075,1
2021-06-08 15:06:18.442,17074,17075,17075,3
2021-06-08 15:06:18.442,17074,17075,17075,1
2021-06-08 15:06:18.442,17074,17075,17075,4
2021-06-08 15:06:19.905,17075,17076,17075,1
2021-06-08 15:06:24.607,17075,17076,17075,1
2021-06-08 15:06:33.547,17075,17076,17075,3
2021-06-08 15:06:34.722,17074,17075,17075,3
2021-06-08 15:06:36.508,17074,17076,17076,9
2021-06-08 15:06:36.509,17074,17076,17076,1
2021-06-08 15:06:38.910,17076,17077,17076,1
2021-06-08 15:06:39.541,17076,17077,17077,9
2021-06-08 15:06:39.542,17076,17077,17077,3
2021-06-08 15:06:48.181,17077,17078,17078,1
2021-06-08 15:06:49.471,17077,17078,17077,2
2021-06-08 15:06:52.114,17076,17077,17077,4
2021-06-08 15:06:52.173,17077,17078,17078,9
2021-06-08 15:06:52.379,17078,17079,17078,1
2021-06-08 15:06:55.643,17078,17079,17079,1
2021-06-08 15:06:57.786,17078,17079,17078,1
2021-06-08 15:06:58.723,17078,17079,17078,1
2021-06-08 15:07:00.808,17076,17078,17078,1
2021-06-08 15:07:01.120,17077,17078,17078,1
2021-06-08 15:07:01.402,17077,17079,17078,1
2021-06-08 15:07:01.423,17077,17079,17077,1
2021-06-08 15:07:01.423,17077,17079,17076,7
2021-06-08 15:07:01.428,17077,17079,17075,8
2021-06-08 15:07:01.428,17077,17079,17074,2
2021-06-08 15:07:01.435,17077,17079,17074,4
2021-06-08 15:07:01.435,17077,17079,17073,2
2021-06-08 15:07:11.322,17075,17076,17075,1
2021-06-08 15:07:11.915,17074,17076,17076,1
2021-06-08 15:07:15.138,17074,17075,17074,1
2021-06-08 15:07:17.312,17074,17075,17075,1
2021-06-08 15:07:24.860,17074,17075,17075,3
2021-06-08 15:07:36.580,17074,17075,17075,1
2021-06-08 15:07:37.550,17074,17075,17075,1
2021-06-08 15:07:42.775,17074,17075,17075,1
2021-06-08 15:07:57.717,17075,17076,17075,1
2021-06-08 15:08:05.332,17074,17075,17074,1
2021-06-08 15:08:05.332,17074,17075,17074,1
2021-06-08 15:08:05.333,17074,17075,17074,4
2021-06-08 15:08:05.333,17074,17075,17073,4
2021-06-08 15:08:05.375,17073,17074,17073,2
2021-06-08 15:08:05.455,17073,17074,17072,1
2021-06-08 15:08:05.462,17073,17074,17072,1
2021-06-08 15:08:05.498,17072,17074,17072,2
2021-06-08 15:08:05.586,17072,17074,17072,5
2021-06-08 15:08:05.594,17072,17074,17071,1
2021-06-08 15:08:05.729,17071,17072,17071,1
2021-06-08 15:08:05.800,17071,17073,17071,1
2021-06-08 15:08:10.110,17071,17073,17071,3
2021-06-08 15:08:11.297,17071,17073,17071,1
2021-06-08 15:08:16.870,17071,17073,17071,2
2021-06-08 15:08:17.935,17072,17073,17072,1
2021-06-08 15:08:20.078,17071,17072,17071,1
2021-06-08 15:08:20.078,17071,17072,17071,1
2021-06-08 15:08:20.078,17071,17072,17071,1
2021-06-08 15:08:20.078,17071,17072,17071,1
2021-06-08 15:08:20.301,17070,17071,17070,1
2021-06-08 15:08:20.319,17070,17071,17070,1
2021-06-08 15:08:20.634,17070,17071,17070,2
2021-06-08 15:08:22.136,17070,17071,17070,1
2021-06-08 15:08:22.136,17070,17071,17070,1
2021-06-08 15:08:22.137,17070,17071,17070,2
2021-06-08 15:08:22.158,17070,17071,17069,2
2021-06-08 15:08:22.437,17069,17070,17069,5
2021-06-08 15:08:24.752,17069,17070,17070,1
2021-06-08 15:08:25.546,17069,17070,17070,2
2021-06-08 15:08:26.572,17069,17070,17069,1
2021-06-08 15:08:28.453,17069,17070,17069,1
2021-06-08 15:08:30.924,17068,17069,17068,1
2021-06-08 15:08:31.795,17068,17069,17068,1
2021-06-08 15:08:31.870,17068,17069,17068,1
2021-06-08 15:08:34.227,17068,17069,17069,2
2021-06-08 15:08:34.684,17069,17070,17069,3
2021-06-08 15:08:35.763,17068,17070,17068,1
2021-06-08 15:08:36.596,17068,17070,17068,2
2021-06-08 15:08:36.608,17068,17070,17070,1
2021-06-08 15:08:37.010,17069,17070,17069,1
2021-06-08 15:08:37.024,17069,17070,17068,1
2021-06-08 15:08:37.024,17069,17070,17068,6
2021-06-08 15:08:37.028,17069,17070,17067,3
2021-06-08 15:08:37.029,17069,17070,17067,2
2021-06-08 15:08:37.029,17069,17070,17067,1
2021-06-08 15:08:37.109,17069,17070,17066,2
2021-06-08 15:08:37.353,17066,17068,17066,1
2021-06-08 15:08:38.625,17067,17069,17067,1
2021-06-08 15:08:39.915,17067,17069,17067,1
2021-06-08 15:08:40.162,17067,17069,17067,1
2021-06-08 15:08:41.088,17067,17069,17068,1
2021-06-08 15:08:43.095,17067,17069,17067,10
2021-06-08 15:08:43.095,17067,17069,17066,12
2021-06-08 15:08:43.095,17067,17069,17065,18
2021-06-08 15:08:43.510,17065,17067,17067,2
2021-06-08 15:08:43.655,17065,17067,17065,5
2021-06-08 15:08:43.655,17065,17067,17064,5
2021-06-08 15:08:43.657,17065,17067,17064,8
2021-06-08 15:08:43.665,17065,17067,17063,6
2021-06-08 15:08:43.693,17065,17067,17063,3
2021-06-08 15:08:44.192,17063,17066,17066,1
2021-06-08 15:08:44.249,17064,17066,17066,2
2021-06-08 15:08:44.250,17064,17066,17066,2
2021-06-08 15:08:44.655,17065,17066,17065,1
2021-06-08 15:08:45.118,17064,17066,17066,1
2021-06-08 15:08:45.343,17065,17067,17067,1
2021-06-08 15:08:45.691,17065,17068,17066,1
2021-06-08 15:08:46.211,17067,17069,17067,1
2021-06-08 15:08:47.956,17065,17067,17065,1
2021-06-08 15:08:51.340,17066,17067,17067,1
2021-06-08 15:08:51.340,17066,17067,17067,1
2021-06-08 15:08:51.557,17067,17069,17066,1
2021-06-08 15:08:52.176,17066,17067,17066,1
2021-06-08 15:08:52.354,17065,17066,17065,1
2021-06-08 15:08:52.375,17065,17066,17065,1
2021-06-08 15:08:53.907,17065,17066,17066,1
2021-06-08 15:08:53.907,17065,17066,17067,4
2021-06-08 15:08:53.907,17065,17066,17068,8
2021-06-08 15:08:55.010,17065,17068,17065,1
2021-06-08 15:08:56.431,17066,17068,17068,1
2021-06-08 15:08:57.318,17067,17068,17068,1
2021-06-08 15:08:58.046,17067,17069,17069,1
2021-06-08 15:09:01.645,17067,17068,17068,3
2021-06-08 15:09:02.671,17068,17070,17068,1
2021-06-08 15:09:02.962,17068,17070,17068,1
2021-06-08 15:09:03.221,17068,17070,17068,2
2021-06-08 15:09:04.069,17069,17070,17069,1
2021-06-08 15:09:04.414,17069,17070,17069,1
2021-06-08 15:09:05.104,17069,17070,17069,1
2021-06-08 15:09:06.315,17069,17070,17070,3
2021-06-08 15:09:08.893,17069,17071,17069,2
2021-06-08 15:09:09.331,17068,17070,17068,7
2021-06-08 15:09:09.331,17068,17070,17067,5
2021-06-08 15:09:09.438,17066,17068,17066,4
2021-06-08 15:09:09.496,17066,17067,17066,2
2021-06-08 15:09:09.525,17066,17067,17066,4
2021-06-08 15:09:09.587,17066,17067,17066,1
2021-06-08 15:09:09.606,17066,17067,17066,1
2021-06-08 15:09:09.618,17066,17067,17066,2
2021-06-08 15:09:09.747,17065,17067,17067,1
2021-06-08 15:09:09.841,17065,17067,17065,2
2021-06-08 15:09:10.770,17066,17067,17067,1
2021-06-08 15:09:10.838,17066,17067,17068,1
2021-06-08 15:09:11.491,17066,17068,17066,1
2021-06-08 15:09:11.891,17066,17068,17068,1
2021-06-08 15:09:13.437,17066,17068,17068,1
2021-06-08 15:09:14.473,17066,17068,17066,1
2021-06-08 15:09:14.659,17066,17068,17066,1
2021-06-08 15:09:15.818,17066,17068,17068,1
2021-06-08 15:09:18.684,17067,17068,17067,2
2021-06-08 15:09:21.409,17066,17068,17068,1
2021-06-08 15:09:22.448,17066,17068,17066,1
2021-06-08 15:09:24.870,17066,17068,17068,5
2021-06-08 15:09:24.872,17066,17068,17068,1
2021-06-08 15:09:27.267,17067,17068,17067,3
2021-06-08 15:09:27.269,17067,17068,17067,3
2021-06-08 15:09:30.563,17066,17068,17068,1
2021-06-08 15:09:33.992,17068,17069,17068,1
2021-06-08 15:09:33.992,17068,17069,17067,2
2021-06-08 15:09:33.992,17068,17069,17066,2
2021-06-08 15:09:38.068,17066,17068,17068,1
2021-06-08 15:09:41.009,17066,17067,17067,2
2021-06-08 15:09:42.755,17066,17067,17066,2
2021-06-08 15:09:42.755,17066,17067,17066,2
2021-06-08 15:09:48.147,17066,17067,17067,1
2021-06-08 15:09:48.889,17066,17067,17066,1
2021-06-08 15:09:50.703,17065,17066,17066,1
2021-06-08 15:09:50.703,17065,17066,17067,4
2021-06-08 15:09:53.888,17065,17066,17066,1
2021-06-08 15:09:57.235,17065,17067,17065,5
2021-06-08 15:09:57.235,17065,17067,17064,9
2021-06-08 15:09:57.235,17065,17067,17063,15
2021-06-08 15:09:57.237,17065,17067,17063,3
2021-06-08 15:09:57.237,17065,17067,17062,1
2021-06-08 15:09:57.237,17065,17067,17063,1
2021-06-08 15:09:57.237,17065,17067,17063,1
2021-06-08 15:09:57.237,17065,17067,17063,2
2021-06-08 15:09:57.237,17065,17067,17063,5
2021-06-08 15:09:57.237,17065,17067,17063,1
2021-06-08 15:09:57.237,17065,17067,17063,1
2021-06-08 15:09:57.238,17065,17067,17063,4
2021-06-08 15:09:57.238,17065,17067,17063,2
2021-06-08 15:09:57.280,17062,17063,17063,1
2021-06-08 15:09:57.329,17062,17063,17062,2
2021-06-08 15:09:57.502,17063,17065,17063,1
2021-06-08 15:09:59.706,17063,17066,17065,1
2021-06-08 15:10:01.882,17064,17066,17064,2
2021-06-08 15:10:02.259,17064,17066,17064,1
2021-06-08 15:10:04.277,17063,17065,17065,1
2021-06-08 15:10:04.452,17063,17066,17063,4
2021-06-08 15:10:04.452,17063,17066,17062,11
2021-06-08 15:10:04.453,17063,17066,17062,1
2021-06-08 15:10:04.453,17063,17066,17062,2
2021-06-08 15:10:04.454,17063,17066,17062,7
2021-06-08 15:10:04.493,17061,17062,17061,12
2021-06-08 15:10:04.684,17061,17062,17062,1
2021-06-08 15:10:04.684,17061,17062,17062,1
2021-06-08 15:10:04.734,17061,17062,17062,1
2021-06-08 15:10:06.540,17061,17062,17061,2
2021-06-08 15:10:07.303,17061,17062,17061,1
2021-06-08 15:10:08.411,17061,17062,17062,1
2021-06-08 15:10:08.567,17061,17062,17062,1
2021-06-08 15:10:08.786,17061,17062,17061,1
2021-06-08 15:10:10.946,17061,17062,17061,1
2021-06-08 15:10:11.170,17061,17062,17061,1
2021-06-08 15:10:11.170,17061,17062,17060,2
2021-06-08 15:10:11.294,17060,17061,17060,2
2021-06-08 15:10:11.307,17060,17061,17060,1
2021-06-08 15:10:11.413,17060,17061,17060,1
2021-06-08 15:10:11.596,17060,17061,17060,1
2021-06-08 15:10:11.785,17060,17061,17060,1
2021-06-08 15:10:12.547,17060,17061,17061,1
2021-06-08 15:10:12.964,17060,17061,17060,2
2021-06-08 15:10:13.058,17060,17061,17060,1
2021-06-08 15:10:13.503,17060,17061,17060,1
2021-06-08 15:10:14.779,17060,17061,17060,1
2021-06-08 15:10:14.902,17060,17061,17061,1
2021-06-08 15:10:15.128,17060,17062,17060,1
2021-06-08 15:10:17.148,17060,17061,17060,1
2021-06-08 15:10:17.331,17060,17061,17061,1
2021-06-08 15:10:17.592,17060,17061,17060,5
2021-06-08 15:10:19.401,17060,17061,17061,2
2021-06-08 15:10:19.832,17060,17061,17060,20
2021-06-08 15:10:19.833,17060,17061,17060,1
2021-06-08 15:10:19.844,17060,17061,17060,1
2021-06-08 15:10:20.242,17059,17061,17061,1
2021-06-08 15:10:20.713,17060,17061,17061,1
2021-06-08 15:10:21.405,17061,17062,17061,2
2021-06-08 15:10:22.872,17060,17062,17062,1
2021-06-08 15:10:23.866,17060,17062,17062,5
2021-06-08 15:10:24.218,17060,17062,17062,1
2021-06-08 15:10:25.043,17061,17062,17061,1
2021-06-08 15:10:25.220,17061,17062,17062,1
2021-06-08 15:10:25.985,17061,17062,17061,1
2021-06-08 15:10:26.004,17061,17062,17061,2
2021-06-08 15:10:26.008,17061,17062,17060,2
2021-06-08 15:10:26.020,17061,17062,17060,2
2021-06-08 15:10:26.071,17061,17062,17060,3
2021-06-08 15:10:26.088,17061,17062,17060,2
2021-06-08 15:10:26.105,17061,17062,17060,1
2021-06-08 15:10:26.106,17061,17062,17060,1
2021-06-08 15:10:26.107,17061,17062,17060,2
2021-06-08 15:10:26.130,17060,17061,17060,1
2021-06-08 15:10:26.134,17060,17061,17060,1
2021-06-08 15:10:26.164,17060,17061,17060,1
2021-06-08 15:10:26.312,17060,17061,17061,1
2021-06-08 15:10:30.254,17061,17062,17061,1
2021-06-08 15:10:34.100,17061,17062,17061,1
2021-06-08 15:10:34.100,17061,17062,17060,4
2021-06-08 15:10:37.055,17059,17060,17059,1
2021-06-08 15:10:37.055,17059,17060,17059,1
2021-06-08 15:10:37.055,17059,17060,17059,2
2021-06-08 15:10:37.214,17058,17059,17059,3
2021-06-08 15:10:37.214,17058,17059,17060,2
2021-06-08 15:10:37.475,17058,17060,17060,1
2021-06-08 15:10:37.826,17058,17060,17058,1
2021-06-08 15:10:37.939,17058,17060,17058,2
2021-06-08 15:10:41.691,17058,17059,17059,1
2021-06-08 15:10:42.655,17058,17059,17058,1
2021-06-08 15:10:43.354,17058,17059,17059,1
2021-06-08 15:10:44.314,17058,17059,17058,1
2021-06-08 15:10:44.549,17058,17059,17059,2
2021-06-08 15:10:44.664,17058,17059,17058,1
2021-06-08 15:10:44.664,17058,17059,17058,1
2021-06-08 15:10:44.664,17058,17059,17058,1
2021-06-08 15:10:44.664,17058,17059,17058,1
2021-06-08 15:10:44.665,17058,17059,17058,4
2021-06-08 15:10:44.677,17058,17059,17058,1
2021-06-08 15:10:45.920,17057,17058,17058,1
2021-06-08 15:10:46.346,17057,17059,17058,1
2021-06-08 15:10:48.970,17057,17059,17057,1
2021-06-08 15:10:49.119,17057,17059,17057,1
2021-06-08 15:10:49.179,17057,17059,17057,3
2021-06-08 15:10:49.180,17057,17059,17057,1
2021-06-08 15:10:49.180,17057,17059,17056,1
2021-06-08 15:10:49.225,17057,17059,17056,3
2021-06-08 15:10:49.287,17056,17058,17056,2
2021-06-08 15:10:49.377,17056,17058,17056,1
2021-06-08 15:10:49.815,17056,17058,17056,1
2021-06-08 15:10:49.846,17056,17058,17056,1
2021-06-08 15:10:49.864,17056,17058,17056,1
2021-06-08 15:10:49.865,17056,17058,17056,4
2021-06-08 15:10:49.865,17056,17058,17056,1
2021-06-08 15:10:49.865,17056,17058,17056,2
2021-06-08 15:10:49.865,17056,17058,17056,1
2021-06-08 15:10:50.194,17055,17056,17056,3
2021-06-08 15:10:50.942,17057,17058,17058,3
2021-06-08 15:10:51.230,17057,17059,17057,1
2021-06-08 15:10:51.868,17057,17058,17058,11
2021-06-08 15:10:52.472,17058,17060,17058,1
2021-06-08 15:10:53.145,17057,17060,17060,5
2021-06-08 15:10:53.544,17058,17060,17058,1
2021-06-08 15:10:54.136,17058,17060,17058,2
2021-06-08 15:10:54.323,17057,17058,17057,1
2021-06-08 15:10:54.323,17057,17058,17056,1
2021-06-08 15:10:55.867,17056,17057,17057,1
2021-06-08 15:10:59.571,17056,17057,17057,1
2021-06-08 15:11:00.625,17056,17058,17056,4
2021-06-08 15:11:01.596,17056,17057,17056,2
2021-06-08 15:11:02.149,17056,17057,17056,4
2021-06-08 15:11:02.149,17056,17057,17055,3
2021-06-08 15:11:02.259,17055,17057,17055,1
2021-06-08 15:11:02.478,17055,17057,17055,7
2021-06-08 15:11:02.511,17055,17057,17055,1
2021-06-08 15:11:02.556,17055,17057,17055,3
2021-06-08 15:11:02.964,17054,17056,17054,3
2021-06-08 15:11:03.156,17054,17056,17054,3
2021-06-08 15:11:03.222,17054,17056,17054,3
2021-06-08 15:11:04.140,17054,17056,17054,2
2021-06-08 15:11:04.215,17054,17056,17054,2
2021-06-08 15:11:05.607,17054,17056,17054,1
2021-06-08 15:11:06.083,17054,17056,17054,1
2021-06-08 15:11:07.157,17055,17056,17055,2
2021-06-08 15:11:08.607,17054,17056,17054,1
2021-06-08 15:11:08.619,17054,17056,17054,5
2021-06-08 15:11:10.704,17054,17055,17055,1
2021-06-08 15:11:10.916,17054,17056,17054,4
2021-06-08 15:11:11.339,17054,17056,17054,2
2021-06-08 15:11:13.084,17054,17056,17054,1
2021-06-08 15:11:13.415,17054,17056,17056,1
2021-06-08 15:11:16.807,17055,17056,17055,1
2021-06-08 15:11:17.449,17054,17056,17056,1
2021-06-08 15:11:20.138,17054,17056,17056,1
2021-06-08 15:11:20.583,17055,17056,17056,1
2021-06-08 15:11:21.438,17055,17056,17056,1
2021-06-08 15:11:22.222,17055,17056,17055,2
2021-06-08 15:11:23.435,17055,17056,17056,1
2021-06-08 15:11:23.830,17056,17057,17056,1
2021-06-08 15:11:25.887,17055,17056,17055,1
2021-06-08 15:11:27.243,17056,17057,17057,8
2021-06-08 15:11:27.650,17056,17058,17056,2
2021-06-08 15:11:27.760,17056,17057,17057,1
2021-06-08 15:11:31.166,17057,17058,17057,2
2021-06-08 15:11:32.260,17057,17058,17057,1
2021-06-08 15:11:36.255,17057,17058,17058,5
2021-06-08 15:11:37.601,17057,17058,17058,1
2021-06-08 15:11:37.601,17057,17058,17058,2
2021-06-08 15:11:38.031,17057,17060,17060,5
2021-06-08 15:11:38.232,17058,17060,17060,1
2021-06-08 15:11:38.381,17058,17060,17060,1
2021-06-08 15:11:38.710,17058,17060,17060,1
2021-06-08 15:11:38.751,17059,17060,17059,1
2021-06-08 15:11:41.036,17058,17060,17060,5
2021-06-08 15:11:42.118,17059,17060,17060,2
2021-06-08 15:11:45.544,17059,17060,17060,1
2021-06-08 15:11:48.792,17059,17061,17059,1
2021-06-08 15:11:48.805,17059,17061,17059,2
2021-06-08 15:11:48.817,17059,17061,17059,1
2021-06-08 15:11:48.817,17059,17061,17058,1
2021-06-08 15:11:48.829,17059,17061,17058,2
2021-06-08 15:11:48.841,17059,17061,17058,3
2021-06-08 15:11:48.861,17059,17061,17058,2
2021-06-08 15:11:48.880,17057,17060,17057,2
2021-06-08 15:11:48.896,17057,17060,17057,1
2021-06-08 15:11:48.902,17057,17060,17057,1
2021-06-08 15:11:48.919,17057,17060,17057,1
2021-06-08 15:11:48.933,17057,17060,17057,1
2021-06-08 15:11:48.946,17057,17060,17057,1
2021-06-08 15:11:49.021,17057,17059,17057,1
2021-06-08 15:11:49.124,17057,17059,17059,3
2021-06-08 15:11:50.367,17058,17060,17060,1
2021-06-08 15:11:57.198,17059,17060,17060,1
2021-06-08 15:12:00.976,17060,17061,17060,2
2021-06-08 15:12:01.235,17060,17061,17060,1
2021-06-08 15:12:01.605,17059,17061,17061,1
2021-06-08 15:12:04.651,17059,17061,17061,1
2021-06-08 15:12:05.075,17059,17061,17061,1
2021-06-08 15:12:12.459,17061,17062,17062,1
2021-06-08 15:12:13.325,17061,17063,17061,1
2021-06-08 15:12:13.997,17061,17062,17062,1
2021-06-08 15:12:14.020,17061,17062,17061,1
2021-06-08 15:12:15.299,17061,17063,17061,1
2021-06-08 15:12:16.060,17061,17063,17063,1
2021-06-08 15:12:17.240,17061,17063,17063,2
2021-06-08 15:12:18.634,17062,17063,17062,1
2021-06-08 15:12:19.595,17061,17062,17062,1
2021-06-08 15:12:26.295,17061,17063,17063,1
2021-06-08 15:12:26.295,17061,17063,17063,1
2021-06-08 15:12:31.023,17062,17063,17063,1
2021-06-08 15:12:34.858,17061,17063,17063,1
2021-06-08 15:12:39.075,17062,17063,17062,3
2021-06-08 15:12:39.097,17062,17063,17061,1
2021-06-08 15:12:39.810,17061,17062,17062,2
2021-06-08 15:12:42.275,17061,17062,17062,1
2021-06-08 15:12:42.591,17061,17062,17061,1
2021-06-08 15:12:42.591,17061,17062,17061,1
2021-06-08 15:12:42.591,17061,17062,17061,1
2021-06-08 15:12:42.591,17061,17062,17061,1
2021-06-08 15:12:43.147,17060,17061,17061,1
2021-06-08 15:12:51.168,17060,17061,17060,7
2021-06-08 15:12:51.278,17059,17060,17059,1
2021-06-08 15:12:51.279,17059,17060,17059,1
2021-06-08 15:12:51.279,17059,17060,17059,1
2021-06-08 15:12:56.118,17058,17059,17058,4
2021-06-08 15:12:56.181,17058,17059,17057,3
2021-06-08 15:12:56.776,17057,17058,17057,1
2021-06-08 15:12:57.070,17056,17058,17056,1
2021-06-08 15:12:58.635,17056,17057,17056,1
2021-06-08 15:12:59.579,17056,17057,17056,2
2021-06-08 15:13:00.753,17056,17057,17057,1
2021-06-08 15:13:00.871,17057,17059,17057,1
2021-06-08 15:13:00.871,17057,17059,17056,1
2021-06-08 15:13:00.874,17057,17059,17056,1
2021-06-08 15:13:01.150,17056,17057,17056,1
2021-06-08 15:13:01.244,17056,17057,17056,1
2021-06-08 15:13:01.660,17055,17057,17055,8
2021-06-08 15:13:01.972,17055,17057,17055,3
2021-06-08 15:13:01.972,17055,17057,17054,1
2021-06-08 15:13:02.407,17054,17057,17054,1
2021-06-08 15:13:02.567,17054,17055,17055,1
2021-06-08 15:13:02.818,17055,17057,17055,2
2021-06-08 15:13:02.856,17055,17057,17056,1
2021-06-08 15:13:03.679,17054,17056,17054,1
2021-06-08 15:13:06.574,17055,17056,17055,1
2021-06-08 15:13:06.811,17054,17056,17054,1
2021-06-08 15:13:07.467,17054,17056,17054,1
2021-06-08 15:13:07.494,17054,17056,17054,1
2021-06-08 15:13:07.494,17054,17056,17054,1
2021-06-08 15:13:07.494,17054,17056,17053,1
2021-06-08 15:13:07.845,17053,17056,17056,1
2021-06-08 15:13:08.705,17054,17056,17054,1
2021-06-08 15:13:09.236,17053,17054,17053,1
2021-06-08 15:13:09.237,17053,17054,17053,1
2021-06-08 15:13:09.237,17053,17054,17053,10
2021-06-08 15:13:09.578,17052,17053,17053,1
2021-06-08 15:13:09.677,17052,17053,17052,1
2021-06-08 15:13:09.695,17052,17053,17052,2
2021-06-08 15:13:09.707,17052,17053,17052,2
2021-06-08 15:13:09.718,17052,17053,17052,2
2021-06-08 15:13:09.718,17052,17053,17052,1
2021-06-08 15:13:09.733,17052,17053,17051,3
2021-06-08 15:13:09.753,17051,17052,17051,2
2021-06-08 15:13:09.776,17051,17052,17051,2
2021-06-08 15:13:09.789,17051,17052,17051,1
2021-06-08 15:13:09.812,17051,17052,17051,1
2021-06-08 15:13:09.824,17051,17052,17051,1
2021-06-08 15:13:09.855,17051,17052,17051,1
2021-06-08 15:13:09.865,17051,17052,17051,1
2021-06-08 15:13:09.865,17051,17052,17051,2
2021-06-08 15:13:10.272,17050,17052,17050,1
2021-06-08 15:13:10.407,17050,17052,17050,1
2021-06-08 15:13:10.428,17050,17052,17050,1
2021-06-08 15:13:10.528,17050,17052,17052,2
2021-06-08 15:13:10.614,17050,17052,17050,3
2021-06-08 15:13:11.166,17050,17051,17050,1
2021-06-08 15:13:11.516,17050,17051,17051,1
2021-06-08 15:13:11.688,17050,17052,17050,1
2021-06-08 15:13:12.917,17050,17051,17051,1
2021-06-08 15:13:13.104,17050,17052,17050,1
2021-06-08 15:13:13.746,17050,17052,17050,1
2021-06-08 15:13:15.082,17050,17052,17051,1
2021-06-08 15:13:16.109,17050,17052,17051,1
2021-06-08 15:13:16.109,17050,17052,17050,11
2021-06-08 15:13:17.218,17050,17051,17050,1
2021-06-08 15:13:17.244,17050,17051,17050,1
2021-06-08 15:13:17.244,17050,17051,17050,1
2021-06-08 15:13:17.245,17050,17051,17050,1
2021-06-08 15:13:17.245,17050,17051,17050,1
2021-06-08 15:13:17.245,17050,17051,17050,1
2021-06-08 15:13:17.246,17050,17051,17050,1
2021-06-08 15:13:17.246,17050,17051,17050,1
2021-06-08 15:13:17.246,17050,17051,17050,1
2021-06-08 15:13:17.246,17050,17051,17050,1
2021-06-08 15:13:17.246,17050,17051,17050,1
2021-06-08 15:13:17.246,17050,17051,17050,1
2021-06-08 15:13:17.246,17050,17051,17049,1
2021-06-08 15:13:17.821,17049,17051,17051,1
2021-06-08 15:13:20.816,17050,17051,17050,1
2021-06-08 15:13:21.610,17050,17051,17050,1
2021-06-08 15:13:21.753,17050,17051,17051,1
2021-06-08 15:13:22.545,17050,17051,17051,1
2021-06-08 15:13:23.888,17050,17051,17050,1
2021-06-08 15:13:24.233,17050,17051,17050,2
2021-06-08 15:13:26.916,17050,17051,17050,3
2021-06-08 15:13:26.917,17050,17051,17049,1
2021-06-08 15:13:28.519,17049,17051,17051,1
2021-06-08 15:13:28.725,17049,17051,17049,1
2021-06-08 15:13:29.123,17049,17050,17050,2
2021-06-08 15:13:30.118,17050,17051,17050,1
2021-06-08 15:13:30.495,17050,17051,17050,1
2021-06-08 15:13:30.636,17050,17051,17050,1
2021-06-08 15:13:31.136,17050,17051,17050,1
2021-06-08 15:13:31.508,17050,17051,17051,1
2021-06-08 15:13:31.508,17050,17051,17051,5
2021-06-08 15:13:31.508,17050,17051,17051,1
2021-06-08 15:13:31.509,17050,17051,17051,1
2021-06-08 15:13:32.035,17051,17052,17052,1
2021-06-08 15:13:33.515,17051,17054,17051,1
2021-06-08 15:13:37.394,17053,17055,17053,3
2021-06-08 15:13:37.394,17053,17055,17052,8
2021-06-08 15:13:37.394,17053,17055,17051,1
2021-06-08 15:13:37.735,17052,17054,17052,1
2021-06-08 15:13:40.081,17052,17054,17054,1
2021-06-08 15:13:40.119,17052,17054,17052,1
2021-06-08 15:13:40.119,17052,17054,17052,1
2021-06-08 15:13:40.119,17052,17054,17052,1
2021-06-08 15:13:40.120,17052,17054,17051,1
2021-06-08 15:13:40.120,17052,17054,17051,1
2021-06-08 15:13:40.120,17052,17054,17051,1
2021-06-08 15:13:40.120,17052,17054,17051,1
2021-06-08 15:13:40.120,17052,17054,17051,1
2021-06-08 15:13:40.120,17052,17054,17051,1
2021-06-08 15:13:42.041,17051,17053,17051,1
2021-06-08 15:13:42.940,17051,17053,17051,12
2021-06-08 15:13:42.941,17051,17053,17051,1
2021-06-08 15:13:43.507,17051,17053,17051,1
2021-06-08 15:13:44.771,17051,17053,17051,1
2021-06-08 15:13:46.200,17051,17053,17052,1
2021-06-08 15:13:46.969,17051,17053,17051,1
2021-06-08 15:13:47.286,17051,17053,17051,1
2021-06-08 15:13:47.369,17051,17053,17051,1
2021-06-08 15:13:47.837,17051,17053,17051,1
2021-06-08 15:13:47.966,17051,17053,17051,1
2021-06-08 15:13:48.794,17051,17053,17051,2
2021-06-08 15:13:48.795,17051,17053,17051,1
2021-06-08 15:13:48.795,17051,17053,17051,1
2021-06-08 15:13:48.795,17051,17053,17051,1
2021-06-08 15:13:48.795,17051,17053,17051,1
2021-06-08 15:13:48.795,17051,17053,17051,3
2021-06-08 15:13:48.795,17051,17053,17051,3
2021-06-08 15:13:50.046,17050,17053,17051,2
2021-06-08 15:13:51.591,17051,17053,17051,1
2021-06-08 15:13:54.788,17050,17051,17051,1
2021-06-08 15:13:56.979,17050,17052,17050,1
2021-06-08 15:14:00.824,17051,17053,17053,3
2021-06-08 15:14:01.088,17052,17054,17052,3
2021-06-08 15:14:01.393,17051,17054,17051,2
2021-06-08 15:14:03.072,17052,17054,17052,2
2021-06-08 15:14:04.314,17053,17054,17054,1
2021-06-08 15:14:05.462,17053,17055,17055,1
2021-06-08 15:14:05.500,17053,17055,17055,1
2021-06-08 15:14:06.980,17054,17056,17056,2
2021-06-08 15:14:07.051,17055,17057,17057,1
2021-06-08 15:14:08.101,17054,17057,17057,1
2021-06-08 15:14:08.753,17055,17058,17058,1
2021-06-08 15:14:10.134,17055,17057,17055,4
2021-06-08 15:14:12.023,17055,17057,17055,1
2021-06-08 15:14:12.309,17055,17057,17057,1
2021-06-08 15:14:12.436,17056,17058,17058,2
2021-06-08 15:14:13.133,17057,17059,17059,2
2021-06-08 15:14:13.308,17057,17059,17057,1
2021-06-08 15:14:14.174,17057,17059,17057,1
2021-06-08 15:14:14.691,17057,17058,17058,1
2021-06-08 15:14:14.742,17058,17059,17059,2
2021-06-08 15:14:15.157,17058,17060,17060,8
2021-06-08 15:14:15.243,17060,17061,17061,2
2021-06-08 15:14:15.917,17060,17061,17060,1
2021-06-08 15:14:16.725,17059,17061,17059,1
2021-06-08 15:14:17.543,17059,17060,17059,1
2021-06-08 15:14:17.620,17059,17060,17059,1
2021-06-08 15:14:21.311,17057,17058,17058,1
2021-06-08 15:14:21.487,17057,17059,17058,1
2021-06-08 15:14:22.252,17057,17059,17057,1
2021-06-08 15:14:24.464,17056,17058,17056,1
2021-06-08 15:14:27.277,17056,17058,17056,1
2021-06-08 15:14:27.728,17055,17057,17058,1
2021-06-08 15:14:30.553,17056,17057,17056,1
2021-06-08 15:14:30.809,17055,17057,17055,3
2021-06-08 15:14:33.635,17055,17056,17056,1
2021-06-08 15:14:34.731,17055,17056,17056,1
2021-06-08 15:14:36.811,17055,17057,17055,1
2021-06-08 15:14:39.219,17055,17057,17055,1
2021-06-08 15:14:42.247,17053,17054,17054,1
2021-06-08 15:14:42.620,17053,17055,17055,1
2021-06-08 15:14:42.852,17053,17055,17055,1
2021-06-08 15:14:46.941,17054,17055,17055,1
2021-06-08 15:14:48.529,17054,17055,17054,1
2021-06-08 15:14:49.691,17054,17055,17054,1
2021-06-08 15:14:50.535,17054,17055,17054,2
2021-06-08 15:14:50.545,17054,17055,17055,1
2021-06-08 15:14:53.264,17054,17055,17055,2
2021-06-08 15:14:53.265,17054,17055,17055,7
2021-06-08 15:14:54.579,17055,17056,17055,1
2021-06-08 15:14:54.579,17055,17056,17054,1
2021-06-08 15:15:00.214,17054,17056,17054,1
2021-06-08 15:15:00.440,17053,17055,17053,5
2021-06-08 15:15:00.440,17053,17055,17052,1
2021-06-08 15:15:00.440,17053,17055,17052,2
2021-06-08 15:15:00.440,17053,17055,17051,2
2021-06-08 15:15:00.496,17052,17054,17052,1
2021-06-08 15:15:00.496,17052,17054,17051,5
2021-06-08 15:15:00.505,17052,17054,17051,1
2021-06-08 15:15:03.440,17052,17053,17052,1
2021-06-08 15:15:03.870,17052,17053,17052,1
2021-06-08 15:15:05.551,17052,17053,17053,1
2021-06-08 15:15:08.181,17052,17053,17052,1
2021-06-08 15:15:08.201,17052,17053,17051,1
2021-06-08 15:15:08.201,17052,17053,17051,2
2021-06-08 15:15:08.243,17050,17051,17050,12
2021-06-08 15:15:08.243,17050,17051,17050,14
2021-06-08 15:15:08.243,17050,17051,17050,3
2021-06-08 15:15:08.244,17050,17051,17050,1
2021-06-08 15:15:08.244,17050,17051,17050,1
2021-06-08 15:15:08.244,17050,17051,17050,7
2021-06-08 15:15:08.244,17050,17051,17050,1
2021-06-08 15:15:08.244,17050,17051,17050,1
2021-06-08 15:15:08.244,17050,17051,17050,1
2021-06-08 15:15:08.385,17049,17050,17049,8
2021-06-08 15:15:08.434,17049,17050,17048,1
2021-06-08 15:15:08.434,17049,17050,17048,1
2021-06-08 15:15:08.435,17049,17050,17048,11
2021-06-08 15:15:08.799,17047,17048,17047,1
2021-06-08 15:15:08.979,17047,17048,17047,1
2021-06-08 15:15:08.979,17047,17048,17047,2
2021-06-08 15:15:09.034,17046,17048,17046,1
2021-06-08 15:15:09.089,17046,17048,17046,2
2021-06-08 15:15:09.168,17046,17047,17046,2
2021-06-08 15:15:09.226,17046,17047,17046,1
2021-06-08 15:15:09.226,17046,17047,17046,1
2021-06-08 15:15:09.248,17046,17047,17047,1
2021-06-08 15:15:09.264,17046,17047,17046,1
2021-06-08 15:15:09.551,17045,17047,17047,1
2021-06-08 15:15:09.765,17046,17048,17048,1
2021-06-08 15:15:10.192,17046,17048,17048,2
2021-06-08 15:15:10.225,17046,17048,17046,1
2021-06-08 15:15:11.333,17047,17048,17048,1
2021-06-08 15:15:11.875,17047,17049,17047,2
2021-06-08 15:15:15.222,17046,17048,17046,1
2021-06-08 15:15:16.315,17047,17048,17047,1
2021-06-08 15:15:16.315,17047,17048,17046,3
2021-06-08 15:15:16.953,17047,17048,17048,1
2021-06-08 15:15:17.138,17047,17048,17048,1
2021-06-08 15:15:17.177,17047,17048,17048,2
2021-06-08 15:15:17.797,17048,17051,17048,1
2021-06-08 15:15:19.280,17048,17050,17048,1
2021-06-08 15:15:19.396,17048,17050,17050,1
2021-06-08 15:15:20.780,17051,17053,17053,1
2021-06-08 15:15:22.217,17050,17052,17052,1
2021-06-08 15:15:23.983,17051,17053,17053,1
2021-06-08 15:15:24.875,17052,17053,17053,1
2021-06-08 15:15:25.494,17053,17054,17053,1
2021-06-08 15:15:25.948,17052,17054,17053,1
2021-06-08 15:15:28.702,17053,17055,17053,2
2021-06-08 15:15:28.704,17053,17055,17053,8
2021-06-08 15:15:28.704,17053,17055,17053,1
2021-06-08 15:15:28.704,17053,17055,17053,1
2021-06-08 15:15:28.764,17053,17055,17053,2
2021-06-08 15:15:29.189,17053,17055,17055,1
2021-06-08 15:15:29.847,17052,17054,17054,1
2021-06-08 15:15:33.181,17051,17052,17052,1
2021-06-08 15:15:38.355,17051,17054,17051,1
2021-06-08 15:15:41.762,17053,17054,17053,2
2021-06-08 15:15:41.762,17053,17054,17052,5
2021-06-08 15:15:45.331,17052,17053,17052,1
2021-06-08 15:15:50.493,17052,17053,17053,12
2021-06-08 15:15:50.493,17052,17053,17053,1
2021-06-08 15:15:51.931,17053,17054,17053,1
2021-06-08 15:15:53.692,17053,17054,17054,4
2021-06-08 15:15:55.240,17054,17055,17054,1
2021-06-08 15:15:56.255,17053,17054,17054,1
2021-06-08 15:15:56.329,17053,17054,17053,1
2021-06-08 15:15:56.890,17053,17054,17053,1
2021-06-08 15:16:04.127,17052,17054,17052,1
2021-06-08 15:16:05.875,17052,17053,17053,1
2021-06-08 15:16:05.994,17052,17053,17053,1
2021-06-08 15:16:09.033,17052,17053,17052,2
2021-06-08 15:16:09.434,17051,17052,17052,1
2021-06-08 15:16:11.799,17051,17052,17051,2
2021-06-08 15:16:11.799,17051,17052,17050,18
2021-06-08 15:16:11.869,17050,17051,17051,1
2021-06-08 15:16:11.869,17050,17051,17051,1
2021-06-08 15:16:11.869,17050,17051,17052,1
2021-06-08 15:16:11.870,17050,17051,17052,1
2021-06-08 15:16:11.870,17050,17051,17052,1
2021-06-08 15:16:11.870,17050,17051,17052,1
2021-06-08 15:16:11.870,17050,17051,17052,1
2021-06-08 15:16:11.870,17050,17051,17052,1
2021-06-08 15:16:11.871,17050,17051,17052,1
2021-06-08 15:16:11.871,17050,17051,17052,1
2021-06-08 15:16:12.649,17050,17052,17052,1
2021-06-08 15:16:12.888,17050,17052,17050,1
2021-06-08 15:16:20.147,17052,17053,17053,1
2021-06-08 15:16:22.828,17052,17054,17052,1
2021-06-08 15:16:22.869,17052,17054,17054,1
2021-06-08 15:16:22.869,17052,17054,17054,1
2021-06-08 15:16:22.869,17052,17054,17054,1
2021-06-08 15:16:22.870,17052,17054,17054,1
2021-06-08 15:16:22.870,17052,17054,17054,1
2021-06-08 15:16:22.870,17052,17054,17054,1
2021-06-08 15:16:22.870,17052,17054,17054,1
2021-06-08 15:16:22.870,17052,17054,17054,1
2021-06-08 15:16:22.871,17052,17054,17054,1
2021-06-08 15:16:22.871,17052,17054,17054,1
2021-06-08 15:16:22.871,17052,17054,17054,1
2021-06-08 15:16:22.871,17052,17054,17055,1
2021-06-08 15:16:28.416,17053,17055,17053,4
2021-06-08 15:16:29.469,17052,17054,17054,1
2021-06-08 15:16:29.494,17052,17054,17054,1
2021-06-08 15:16:29.494,17052,17054,17055,1
2021-06-08 15:16:29.494,17052,17054,17055,1
2021-06-08 15:16:31.413,17052,17055,17053,12
2021-06-08 15:16:36.265,17053,17054,17053,1
2021-06-08 15:16:36.956,17052,17054,17054,1
2021-06-08 15:16:38.218,17052,17053,17052,1
2021-06-08 15:16:38.218,17052,17053,17051,3
2021-06-08 15:16:39.144,17051,17053,17051,1
2021-06-08 15:16:39.144,17051,17053,17050,1
2021-06-08 15:16:39.953,17050,17053,17053,1
2021-06-08 15:16:40.135,17051,17053,17053,2
2021-06-08 15:16:44.731,17053,17055,17053,5
2021-06-08 15:16:44.732,17053,17055,17053,1
2021-06-08 15:16:44.732,17053,17055,17053,2
2021-06-08 15:16:44.732,17053,17055,17053,2
2021-06-08 15:16:45.230,17052,17053,17053,2
2021-06-08 15:16:45.347,17052,17055,17055,1
2021-06-08 15:16:48.016,17052,17054,17052,1
2021-06-08 15:16:48.964,17053,17054,17053,1
2021-06-08 15:16:52.967,17052,17053,17053,3
2021-06-08 15:16:52.968,17052,17053,17053,9
2021-06-08 15:16:52.994,17053,17054,17054,1
2021-06-08 15:16:52.995,17053,17054,17055,1
2021-06-08 15:16:56.913,17053,17055,17053,2
2021-06-08 15:16:56.914,17053,17055,17053,8
2021-06-08 15:17:05.006,17053,17055,17055,15
2021-06-08 15:17:05.017,17053,17055,17056,4
2021-06-08 15:17:07.815,17056,17057,17057,1
2021-06-08 15:17:09.633,17056,17057,17057,1
2021-06-08 15:17:09.932,17056,17057,17056,2
2021-06-08 15:17:10.276,17056,17057,17056,1
2021-06-08 15:17:12.846,17055,17057,17057,1
2021-06-08 15:17:14.832,17055,17057,17057,1
2021-06-08 15:17:16.006,17056,17057,17056,1
2021-06-08 15:17:19.151,17055,17057,17055,1
2021-06-08 15:17:22.159,17055,17056,17056,1
2021-06-08 15:17:25.595,17055,17056,17056,1
2021-06-08 15:17:25.622,17056,17057,17056,1
2021-06-08 15:17:25.622,17056,17057,17055,1
2021-06-08 15:17:30.547,17056,17057,17057,7
2021-06-08 15:17:30.634,17056,17058,17058,1
2021-06-08 15:17:35.078,17057,17058,17057,1
2021-06-08 15:17:35.767,17057,17058,17058,1
2021-06-08 15:17:39.402,17057,17058,17058,2
2021-06-08 15:17:39.502,17057,17058,17058,1
2021-06-08 15:17:41.843,17058,17059,17059,1
2021-06-08 15:17:42.595,17058,17059,17059,1
2021-06-08 15:17:42.946,17058,17059,17058,2
2021-06-08 15:17:44.159,17058,17059,17058,1
2021-06-08 15:17:46.090,17057,17059,17059,1
2021-06-08 15:17:48.846,17057,17059,17057,4
2021-06-08 15:17:48.846,17057,17059,17056,6
2021-06-08 15:17:53.956,17056,17058,17056,2
2021-06-08 15:17:54.194,17056,17058,17055,1
2021-06-08 15:18:02.299,17056,17059,17057,1
2021-06-08 15:18:03.270,17056,17059,17059,2
2021-06-08 15:18:09.370,17058,17059,17059,2
2021-06-08 15:18:12.535,17057,17059,17057,1
2021-06-08 15:18:16.223,17057,17058,17058,1
2021-06-08 15:18:16.506,17057,17058,17058,1
2021-06-08 15:18:18.416,17057,17058,17058,1
2021-06-08 15:18:18.416,17057,17058,17059,1
2021-06-08 15:18:21.548,17057,17059,17059,1
2021-06-08 15:18:25.698,17058,17059,17059,1
2021-06-08 15:18:28.238,17059,17060,17059,1
2021-06-08 15:18:29.228,17058,17060,17060,1
2021-06-08 15:18:29.325,17059,17060,17060,1
2021-06-08 15:18:29.420,17059,17060,17060,6
2021-06-08 15:18:29.421,17059,17060,17060,1
2021-06-08 15:18:30.714,17059,17061,17059,1
2021-06-08 15:18:30.975,17059,17061,17059,1
2021-06-08 15:18:33.311,17059,17061,17059,2
2021-06-08 15:18:40.749,17060,17061,17060,1
2021-06-08 15:18:44.339,17059,17060,17060,1
2021-06-08 15:18:44.359,17059,17060,17060,1
2021-06-08 15:18:45.031,17059,17060,17059,1
2021-06-08 15:18:46.260,17058,17060,17059,1
2021-06-08 15:18:46.988,17059,17060,17060,4
2021-06-08 15:18:46.988,17059,17060,17061,6
2021-06-08 15:18:47.022,17059,17061,17061,1
2021-06-08 15:18:47.111,17059,17061,17061,1
2021-06-08 15:18:47.170,17059,17061,17061,1
2021-06-08 15:18:52.056,17059,17060,17059,3
2021-06-08 15:18:52.593,17059,17060,17060,1
2021-06-08 15:18:53.155,17059,17060,17059,1
2021-06-08 15:18:55.638,17058,17060,17060,2
2021-06-08 15:18:57.150,17058,17059,17058,3
2021-06-08 15:18:58.367,17057,17059,17059,1
2021-06-08 15:18:59.136,17057,17059,17059,1
2021-06-08 15:18:59.617,17057,17059,17058,1
2021-06-08 15:18:59.762,17057,17058,17057,3
2021-06-08 15:19:01.483,17056,17059,17058,1
2021-06-08 15:19:04.260,17056,17059,17059,1
2021-06-08 15:19:06.217,17056,17058,17056,1
2021-06-08 15:19:08.439,17057,17058,17058,1
2021-06-08 15:19:09.146,17057,17059,17058,1
2021-06-08 15:19:15.456,17058,17059,17058,1
2021-06-08 15:19:24.529,17058,17059,17058,1
2021-06-08 15:19:27.037,17058,17059,17058,1
2021-06-08 15:19:30.590,17058,17059,17058,1
2021-06-08 15:19:35.875,17057,17058,17057,1
2021-06-08 15:19:38.442,17056,17059,17056,1
2021-06-08 15:19:45.045,17056,17057,17056,1
2021-06-08 15:19:49.677,17055,17057,17057,1
2021-06-08 15:19:52.432,17056,17057,17056,1
2021-06-08 15:19:52.661,17055,17057,17055,1
2021-06-08 15:19:58.583,17055,17056,17055,9
2021-06-08 15:19:58.584,17055,17056,17055,1
2021-06-08 15:19:58.584,17055,17056,17055,1
2021-06-08 15:19:58.584,17055,17056,17055,1
2021-06-08 15:19:58.584,17055,17056,17055,1
2021-06-08 15:20:00.102,17055,17056,17055,1
2021-06-08 15:20:00.692,17054,17055,17054,2
2021-06-08 15:20:05.385,17054,17055,17055,2
2021-06-08 15:20:12.749,17055,17056,17055,1
2021-06-08 15:20:17.208,17054,17055,17055,1
2021-06-08 15:20:18.445,17055,17056,17056,2
2021-06-08 15:20:20.297,17056,17057,17057,1
2021-06-08 15:20:20.339,17056,17057,17058,2
2021-06-08 15:20:20.340,17056,17057,17058,1
2021-06-08 15:20:20.340,17056,17057,17058,1
2021-06-08 15:20:20.340,17056,17057,17058,1
2021-06-08 15:20:20.340,17056,17057,17058,1
2021-06-08 15:20:20.340,17056,17057,17058,6
2021-06-08 15:20:30.908,17058,17059,17059,1
2021-06-08 15:20:30.909,17058,17059,17059,2
2021-06-08 15:20:37.251,17059,17060,17060,1
2021-06-08 15:20:37.251,17059,17060,17060,1
2021-06-08 15:20:39.329,17059,17061,17060,1
2021-06-08 15:20:41.720,17060,17061,17060,1
2021-06-08 15:20:44.879,17060,17061,17060,1
2021-06-08 15:20:46.854,17060,17061,17061,1
2021-06-08 15:20:47.285,17060,17061,17061,1
2021-06-08 15:20:49.612,17060,17061,17061,1
2021-06-08 15:20:54.006,17061,17062,17062,1
2021-06-08 15:20:54.451,17061,17062,17061,1
2021-06-08 15:20:56.529,17061,17062,17062,4
2021-06-08 15:20:56.690,17061,17062,17061,1
2021-06-08 15:21:00.158,17060,17061,17061,1
2021-06-08 15:21:01.017,17060,17061,17061,1
2021-06-08 15:21:01.758,17060,17061,17060,7
2021-06-08 15:21:04.449,17059,17060,17060,1
2021-06-08 15:21:04.449,17059,17060,17060,2
2021-06-08 15:21:06.390,17060,17061,17061,1
2021-06-08 15:21:10.604,17060,17061,17061,1
2021-06-08 15:21:14.364,17060,17061,17061,1
2021-06-08 15:21:28.808,17060,17061,17061,2
2021-06-08 15:21:32.019,17061,17062,17062,6
2021-06-08 15:21:32.021,17061,17062,17062,1
2021-06-08 15:21:32.021,17061,17062,17062,1
2021-06-08 15:21:32.021,17061,17062,17062,1
2021-06-08 15:21:33.857,17062,17063,17062,1
2021-06-08 15:21:34.217,17062,17063,17063,2
2021-06-08 15:21:34.387,17062,17063,17063,5
2021-06-08 15:21:34.388,17062,17063,17063,3
2021-06-08 15:21:34.391,17062,17063,17063,1
2021-06-08 15:21:34.391,17062,17063,17063,5
2021-06-08 15:21:34.391,17062,17063,17063,1
2021-06-08 15:21:34.391,17062,17063,17063,1
2021-06-08 15:21:35.442,17063,17064,17064,1
2021-06-08 15:21:35.596,17063,17064,17064,1
2021-06-08 15:21:37.081,17063,17064,17064,1
2021-06-08 15:21:39.180,17063,17064,17064,2
2021-06-08 15:21:39.504,17063,17064,17064,2
2021-06-08 15:21:40.667,17063,17064,17063,4
2021-06-08 15:21:40.684,17063,17064,17063,2
2021-06-08 15:21:40.803,17062,17063,17063,1
2021-06-08 15:21:41.060,17062,17063,17063,2
2021-06-08 15:21:41.406,17062,17063,17063,1
2021-06-08 15:21:44.232,17062,17063,17063,1
2021-06-08 15:21:46.251,17063,17064,17064,2
2021-06-08 15:21:46.624,17063,17064,17063,1
2021-06-08 15:21:48.729,17062,17063,17062,4
2021-06-08 15:21:49.043,17061,17062,17061,1
2021-06-08 15:21:49.117,17060,17061,17061,1
2021-06-08 15:21:50.041,17060,17062,17062,1
2021-06-08 15:21:53.652,17060,17061,17060,2
2021-06-08 15:21:54.941,17060,17061,17061,1
2021-06-08 15:21:59.952,17060,17061,17060,1
2021-06-08 15:22:00.248,17060,17061,17060,1
2021-06-08 15:22:06.143,17060,17061,17060,1
2021-06-08 15:22:12.444,17060,17061,17060,2
2021-06-08 15:22:14.944,17060,17061,17061,2
2021-06-08 15:22:26.051,17060,17061,17061,1
2021-06-08 15:22:35.660,17060,17062,17060,6
2021-06-08 15:22:36.893,17059,17060,17060,1
2021-06-08 15:22:37.656,17059,17060,17060,1
2021-06-08 15:22:40.327,17059,17060,17060,2
2021-06-08 15:22:53.752,17059,17061,17059,6
2021-06-08 15:22:54.849,17059,17060,17060,4
2021-06-08 15:22:56.392,17059,17061,17060,1
2021-06-08 15:22:57.759,17060,17061,17060,1
2021-06-08 15:22:58.661,17059,17060,17059,1
2021-06-08 15:23:03.803,17059,17060,17059,1
2021-06-08 15:23:04.279,17058,17060,17060,5
2021-06-08 15:23:04.279,17058,17060,17061,2
2021-06-08 15:23:04.481,17059,17061,17061,1
2021-06-08 15:23:05.279,17059,17061,17061,2
2021-06-08 15:23:05.279,17059,17061,17062,1
2021-06-08 15:23:05.996,17059,17062,17062,4
2021-06-08 15:23:06.279,17059,17062,17062,2
2021-06-08 15:23:10.426,17059,17061,17061,1
2021-06-08 15:23:12.468,17059,17061,17060,1
2021-06-08 15:23:18.883,17060,17061,17060,1
2021-06-08 15:23:25.768,17059,17060,17060,1
2021-06-08 15:23:27.400,17059,17060,17060,1
2021-06-08 15:23:27.730,17059,17060,17059,2
2021-06-08 15:23:31.169,17058,17060,17060,1
2021-06-08 15:23:33.162,17058,17060,17059,1
2021-06-08 15:23:33.581,17058,17060,17059,1
2021-06-08 15:23:33.751,17058,17059,17058,6
2021-06-08 15:23:44.997,17056,17057,17057,1
2021-06-08 15:23:45.223,17057,17058,17058,1
2021-06-08 15:23:45.661,17057,17058,17058,1
2021-06-08 15:23:53.334,17058,17059,17059,1
2021-06-08 15:23:56.487,17058,17059,17059,1
2021-06-08 15:23:56.754,17058,17060,17058,1
2021-06-08 15:24:01.911,17058,17059,17058,1
2021-06-08 15:24:09.068,17058,17059,17059,1
2021-06-08 15:24:09.648,17058,17059,17058,2
2021-06-08 15:24:12.591,17057,17058,17058,1
2021-06-08 15:24:18.492,17057,17058,17057,1
2021-06-08 15:24:22.236,17056,17057,17057,1
2021-06-08 15:24:22.236,17056,17057,17058,1
2021-06-08 15:24:26.578,17056,17058,17056,1
2021-06-08 15:24:33.146,17056,17058,17056,4
2021-06-08 15:24:38.761,17056,17058,17057,1
2021-06-08 15:24:39.218,17056,17058,17056,1
2021-06-08 15:24:43.694,17056,17058,17056,1
2021-06-08 15:24:47.397,17056,17058,17056,1
2021-06-08 15:24:53.382,17056,17058,17057,2
2021-06-08 15:24:53.382,17056,17058,17056,1
2021-06-08 15:24:54.273,17056,17058,17057,1
2021-06-08 15:25:11.555,17056,17058,17056,2
2021-06-08 15:25:12.022,17055,17057,17055,1
2021-06-08 15:25:12.117,17055,17057,17055,1
2021-06-08 15:25:12.117,17055,17057,17055,10
2021-06-08 15:25:14.599,17054,17055,17054,2
2021-06-08 15:25:14.617,17054,17055,17054,3
2021-06-08 15:25:14.794,17053,17055,17053,1
2021-06-08 15:25:15.043,17053,17055,17055,1
2021-06-08 15:25:15.267,17053,17055,17053,2
2021-06-08 15:25:23.142,17054,17055,17054,1
2021-06-08 15:25:23.487,17053,17055,17053,3
2021-06-08 15:25:23.804,17053,17055,17053,1
2021-06-08 15:25:25.731,17053,17054,17053,1
2021-06-08 15:25:27.293,17052,17054,17052,1
2021-06-08 15:25:27.615,17052,17054,17054,1
2021-06-08 15:25:28.178,17052,17054,17054,2
2021-06-08 15:25:28.466,17052,17054,17052,1
2021-06-08 15:25:29.367,17052,17053,17052,2
2021-06-08 15:25:29.367,17052,17053,17052,5
2021-06-08 15:25:29.367,17052,17053,17052,2
2021-06-08 15:25:29.367,17052,17053,17052,1
2021-06-08 15:25:29.367,17052,17053,17052,1
2021-06-08 15:25:29.367,17052,17053,17052,1
2021-06-08 15:25:29.367,17052,17053,17052,1
2021-06-08 15:25:29.367,17052,17053,17052,1
2021-06-08 15:25:30.742,17051,17052,17051,8
2021-06-08 15:25:30.743,17051,17052,17051,7
2021-06-08 15:25:31.291,17050,17051,17050,1
2021-06-08 15:25:32.120,17051,17052,17051,1
2021-06-08 15:25:34.325,17050,17052,17050,2
2021-06-08 15:25:35.609,17050,17052,17050,1
2021-06-08 15:25:36.948,17050,17052,17050,1
2021-06-08 15:25:40.986,17051,17052,17052,4
2021-06-08 15:25:41.062,17051,17053,17051,1
2021-06-08 15:25:42.622,17052,17053,17052,1
2021-06-08 15:25:47.813,17052,17053,17052,1
2021-06-08 15:25:49.033,17052,17053,17053,1
2021-06-08 15:25:49.204,17052,17053,17053,1
2021-06-08 15:25:50.873,17052,17053,17052,1
2021-06-08 15:25:51.012,17052,17053,17053,1
2021-06-08 15:25:54.005,17053,17054,17054,1
2021-06-08 15:25:54.049,17053,17054,17054,1
2021-06-08 15:25:58.697,17053,17055,17053,3
2021-06-08 15:26:00.342,17052,17055,17052,1
2021-06-08 15:26:13.778,17053,17054,17053,1
2021-06-08 15:26:21.340,17053,17054,17053,2
2021-06-08 15:26:23.531,17053,17054,17054,1
2021-06-08 15:26:28.520,17054,17055,17055,4
2021-06-08 15:26:31.479,17054,17056,17056,1
2021-06-08 15:26:39.243,17056,17057,17057,1
2021-06-08 15:26:47.007,17056,17058,17056,1
2021-06-08 15:26:48.844,17056,17057,17057,1
2021-06-08 15:26:48.844,17056,17057,17058,3
2021-06-08 15:26:54.134,17056,17058,17058,2
2021-06-08 15:26:56.872,17057,17058,17058,3
2021-06-08 15:26:57.549,17057,17059,17059,2
2021-06-08 15:26:57.618,17059,17060,17060,11
2021-06-08 15:26:57.618,17059,17060,17060,1
2021-06-08 15:26:59.288,17059,17061,17061,2
2021-06-08 15:27:03.795,17059,17061,17060,1
2021-06-08 15:27:04.838,17059,17060,17060,1
2021-06-08 15:27:04.838,17059,17060,17061,3
2021-06-08 15:27:07.317,17059,17060,17060,1
2021-06-08 15:27:09.357,17059,17060,17059,1
2021-06-08 15:27:09.534,17059,17060,17060,1
2021-06-08 15:27:13.520,17059,17061,17060,1
2021-06-08 15:27:18.165,17060,17061,17060,1
2021-06-08 15:27:20.591,17060,17061,17061,1
2021-06-08 15:27:25.623,17061,17062,17061,3
2021-06-08 15:27:30.338,17060,17061,17060,1
2021-06-08 15:27:32.935,17060,17061,17060,1
2021-06-08 15:27:38.999,17060,17061,17061,3
2021-06-08 15:27:42.783,17060,17062,17062,3
2021-06-08 15:27:42.783,17060,17062,17062,2
2021-06-08 15:27:42.783,17060,17062,17062,1
2021-06-08 15:27:43.262,17063,17064,17063,1
2021-06-08 15:27:43.262,17063,17064,17062,4
2021-06-08 15:27:43.262,17063,17064,17061,16
2021-06-08 15:27:43.262,17063,17064,17060,6
2021-06-08 15:27:43.264,17063,17064,17060,3
2021-06-08 15:27:50.563,17060,17061,17060,2
2021-06-08 15:27:53.533,17059,17060,17060,4
2021-06-08 15:27:53.546,17059,17060,17061,2
2021-06-08 15:28:03.905,17061,17062,17062,2
2021-06-08 15:28:07.714,17061,17063,17061,1
2021-06-08 15:28:09.507,17062,17063,17062,1
2021-06-08 15:28:15.281,17062,17063,17063,1
2021-06-08 15:28:15.810,17062,17064,17062,1
2021-06-08 15:28:25.789,17063,17064,17063,1
2021-06-08 15:28:26.346,17063,17064,17063,1
2021-06-08 15:28:31.529,17063,17064,17064,1
2021-06-08 15:28:36.913,17063,17064,17064,2
2021-06-08 15:28:36.937,17063,17064,17064,1
2021-06-08 15:28:43.292,17064,17065,17064,1
2021-06-08 15:28:45.352,17064,17065,17065,1
2021-06-08 15:28:45.393,17064,17065,17065,1
2021-06-08 15:28:45.738,17064,17065,17064,1
2021-06-08 15:28:46.076,17064,17065,17065,1
2021-06-08 15:28:48.189,17064,17065,17065,1
2021-06-08 15:28:50.138,17064,17065,17064,1
2021-06-08 15:28:50.224,17064,17065,17064,1
2021-06-08 15:28:50.224,17064,17065,17064,1
2021-06-08 15:28:50.232,17064,17065,17064,1
2021-06-08 15:28:54.029,17063,17064,17064,2
2021-06-08 15:28:55.850,17063,17064,17063,1
2021-06-08 15:28:56.526,17062,17063,17063,1
2021-06-08 15:28:58.963,17062,17063,17063,1
2021-06-08 15:28:59.167,17063,17064,17063,1
2021-06-08 15:29:03.527,17063,17064,17064,2
2021-06-08 15:29:09.506,17063,17065,17063,3
2021-06-08 15:29:11.832,17063,17065,17065,1
2021-06-08 15:29:14.738,17063,17064,17064,1
2021-06-08 15:29:16.283,17063,17064,17064,2
2021-06-08 15:29:17.645,17063,17064,17064,3
2021-06-08 15:29:18.393,17063,17064,17063,3
2021-06-08 15:29:18.448,17063,17064,17064,2
2021-06-08 15:29:19.191,17062,17063,17063,1
2021-06-08 15:29:41.256,17062,17063,17063,1
2021-06-08 15:29:46.798,17062,17063,17063,3
2021-06-08 15:29:52.171,17062,17063,17062,5
2021-06-08 15:29:54.749,17061,17062,17062,1
2021-06-08 15:29:57.553,17061,17063,17061,1
2021-06-08 15:29:57.791,17061,17063,17061,1
2021-06-08 15:30:07.895,17061,17062,17061,2
2021-06-08 15:30:07.896,17061,17062,17061,1
2021-06-08 15:30:07.896,17061,17062,17061,1
2021-06-08 15:30:08.066,17060,17062,17062,1
2021-06-08 15:30:08.207,17061,17062,17061,1
2021-06-08 15:30:08.404,17060,17062,17060,1
2021-06-08 15:30:08.424,17060,17062,17060,1
2021-06-08 15:30:08.428,17060,17062,17060,1
2021-06-08 15:30:15.217,17060,17061,17061,1
2021-06-08 15:30:16.251,17060,17062,17062,1
2021-06-08 15:30:21.471,17060,17061,17061,1
2021-06-08 15:30:21.471,17060,17061,17062,1
2021-06-08 15:30:22.582,17061,17062,17062,1
2021-06-08 15:30:36.035,17061,17062,17062,1
2021-06-08 15:30:43.813,17061,17063,17061,1
2021-06-08 15:30:53.069,17061,17062,17062,1
2021-06-08 15:31:08.003,17061,17062,17062,1
2021-06-08 15:31:17.042,17061,17062,17062,1
2021-06-08 15:31:17.495,17061,17063,17063,1
2021-06-08 15:31:17.639,17061,17063,17063,1
2021-06-08 15:31:17.763,17062,17063,17063,6
2021-06-08 15:31:18.597,17062,17064,17064,1
2021-06-08 15:31:18.885,17062,17064,17064,1
2021-06-08 15:31:23.104,17062,17064,17064,1
2021-06-08 15:31:47.616,17063,17065,17063,2
2021-06-08 15:31:51.740,17064,17065,17065,1
2021-06-08 15:31:51.740,17064,17065,17065,1
2021-06-08 15:31:51.740,17064,17065,17065,1
2021-06-08 15:31:51.740,17064,17065,17065,7
2021-06-08 15:31:51.782,17065,17066,17066,9
2021-06-08 15:31:51.783,17065,17066,17066,3
2021-06-08 15:31:51.885,17066,17067,17066,1
2021-06-08 15:31:51.944,17066,17067,17067,1
2021-06-08 15:31:52.756,17066,17067,17066,1
2021-06-08 15:31:58.106,17065,17066,17066,1
2021-06-08 15:31:58.832,17066,17067,17067,1
2021-06-08 15:31:59.708,17066,17067,17066,1
2021-06-08 15:31:59.770,17066,17067,17067,1
2021-06-08 15:32:00.517,17066,17067,17066,1
2021-06-08 15:32:00.632,17065,17066,17066,1
2021-06-08 15:32:01.974,17066,17067,17067,1
2021-06-08 15:32:02.498,17066,17067,17067,7
2021-06-08 15:32:02.646,17066,17067,17067,1
2021-06-08 15:32:03.513,17066,17067,17067,2
2021-06-08 15:32:03.513,17066,17067,17068,1
2021-06-08 15:32:04.514,17066,17068,17068,2
2021-06-08 15:32:07.332,17066,17068,17067,1
2021-06-08 15:32:07.454,17066,17068,17066,3
2021-06-08 15:32:10.764,17066,17068,17067,1
2021-06-08 15:32:18.000,17066,17067,17066,7
2021-06-08 15:32:19.827,17065,17067,17067,2
2021-06-08 15:32:21.059,17065,17067,17067,1
2021-06-08 15:32:21.352,17065,17067,17065,2
2021-06-08 15:32:22.841,17065,17066,17065,2
2021-06-08 15:32:28.273,17065,17066,17065,1
2021-06-08 15:32:33.858,17065,17066,17065,5
2021-06-08 15:32:34.183,17063,17065,17065,1
2021-06-08 15:32:37.593,17063,17064,17063,1
2021-06-08 15:32:37.710,17063,17064,17063,1
2021-06-08 15:32:40.345,17061,17063,17063,1
2021-06-08 15:32:48.669,17063,17064,17064,1
2021-06-08 15:32:48.669,17063,17064,17064,4
2021-06-08 15:32:50.827,17063,17066,17065,7
2021-06-08 15:32:57.758,17063,17066,17063,1
2021-06-08 15:33:03.034,17062,17063,17063,1
2021-06-08 15:33:04.073,17062,17064,17064,1
2021-06-08 15:33:04.105,17062,17064,17064,1
2021-06-08 15:33:06.724,17063,17065,17063,1
2021-06-08 15:33:12.268,17062,17064,17062,1
2021-06-08 15:33:14.737,17062,17064,17062,1
2021-06-08 15:33:15.943,17062,17064,17064,1
2021-06-08 15:33:16.514,17063,17064,17063,1
2021-06-08 15:33:23.633,17063,17064,17063,1
2021-06-08 15:33:24.312,17063,17064,17063,1
2021-06-08 15:33:31.502,17062,17063,17062,1
2021-06-08 15:33:31.738,17062,17063,17063,1
2021-06-08 15:33:37.227,17062,17064,17062,1
2021-06-08 15:33:44.055,17061,17062,17062,1
2021-06-08 15:33:55.305,17061,17063,17061,1
2021-06-08 15:33:59.414,17061,17063,17061,1
2021-06-08 15:33:59.487,17061,17063,17060,1
2021-06-08 15:33:59.925,17060,17062,17060,1
2021-06-08 15:34:01.396,17060,17062,17060,7
2021-06-08 15:34:02.109,17059,17061,17059,1
2021-06-08 15:34:03.700,17059,17061,17059,1
2021-06-08 15:34:09.569,17061,17063,17061,2
2021-06-08 15:34:33.639,17060,17061,17061,1
2021-06-08 15:34:38.551,17061,17062,17062,1
2021-06-08 15:34:44.952,17061,17063,17063,2
2021-06-08 15:35:29.083,17061,17062,17062,1
2021-06-08 15:35:33.745,17061,17062,17061,2
2021-06-08 15:35:41.679,17060,17061,17060,1
2021-06-08 15:35:47.631,17059,17060,17059,1
2021-06-08 15:35:47.677,17059,17060,17059,1
2021-06-08 15:35:47.677,17059,17060,17059,1
2021-06-08 15:35:49.985,17058,17059,17058,1
2021-06-08 15:35:50.020,17058,17059,17058,1
2021-06-08 15:35:51.038,17058,17059,17058,4
2021-06-08 15:35:53.114,17058,17059,17058,2
2021-06-08 15:35:55.732,17058,17059,17058,2
2021-06-08 15:35:59.189,17058,17059,17058,2
2021-06-08 15:36:01.450,17058,17059,17059,1
2021-06-08 15:36:01.450,17058,17059,17059,1
2021-06-08 15:36:02.015,17059,17060,17059,2
2021-06-08 15:36:02.036,17059,17060,17059,2
2021-06-08 15:36:14.657,17059,17060,17059,1
2021-06-08 15:36:17.242,17059,17060,17059,1
2021-06-08 15:36:17.279,17059,17060,17058,2
2021-06-08 15:36:17.280,17059,17060,17058,2
2021-06-08 15:36:17.302,17059,17060,17057,3
2021-06-08 15:36:17.303,17059,17060,17057,2
2021-06-08 15:36:17.319,17059,17060,17056,2
2021-06-08 15:36:17.333,17059,17060,17056,2
2021-06-08 15:36:17.348,17059,17060,17056,1
2021-06-08 15:36:17.367,17056,17058,17056,1
2021-06-08 15:36:17.382,17056,17058,17056,1
2021-06-08 15:36:17.397,17056,17058,17056,1
2021-06-08 15:36:17.418,17056,17058,17056,1
2021-06-08 15:36:17.702,17056,17058,17057,1
2021-06-08 15:36:18.286,17057,17059,17057,1
2021-06-08 15:36:27.649,17056,17058,17057,2
2021-06-08 15:36:28.408,17057,17058,17058,1
2021-06-08 15:36:39.992,17059,17060,17059,1
2021-06-08 15:36:51.095,17058,17059,17058,1
2021-06-08 15:36:57.699,17058,17059,17058,1
2021-06-08 15:37:04.622,17058,17059,17059,1
2021-06-08 15:37:05.579,17059,17060,17060,5
2021-06-08 15:37:06.279,17060,17061,17060,1
2021-06-08 15:37:07.311,17060,17061,17060,1
2021-06-08 15:37:15.294,17060,17061,17060,2
2021-06-08 15:37:28.746,17058,17059,17059,1
2021-06-08 15:37:34.119,17059,17060,17059,1
2021-06-08 15:37:34.120,17059,17060,17059,3
2021-06-08 15:37:34.120,17059,17060,17059,1
2021-06-08 15:37:38.226,17058,17059,17058,1
2021-06-08 15:37:38.226,17058,17059,17058,2
2021-06-08 15:37:39.825,17057,17058,17058,1
2021-06-08 15:37:42.133,17057,17058,17057,6
2021-06-08 15:37:49.166,17056,17057,17056,2
2021-06-08 15:37:49.166,17056,17057,17056,3
2021-06-08 15:37:49.166,17056,17057,17056,4
2021-06-08 15:37:49.422,17055,17056,17056,1
2021-06-08 15:37:52.477,17055,17056,17055,1
2021-06-08 15:37:52.603,17055,17056,17055,1
2021-06-08 15:37:52.604,17055,17056,17055,1
2021-06-08 15:37:52.604,17055,17056,17055,5
2021-06-08 15:37:52.604,17055,17056,17055,1
2021-06-08 15:37:52.604,17055,17056,17055,1
2021-06-08 15:37:52.792,17054,17056,17056,1
2021-06-08 15:37:53.997,17054,17055,17054,1
2021-06-08 15:37:54.570,17053,17055,17054,1
2021-06-08 15:37:55.208,17054,17056,17054,1
2021-06-08 15:37:59.449,17054,17055,17054,2
2021-06-08 15:38:02.318,17054,17056,17054,1
2021-06-08 15:38:07.056,17054,17055,17055,1
2021-06-08 15:38:08.765,17055,17056,17056,1
2021-06-08 15:38:08.765,17055,17056,17056,1
2021-06-08 15:38:08.869,17055,17057,17057,1
2021-06-08 15:38:08.870,17055,17057,17057,1
2021-06-08 15:38:09.674,17055,17057,17057,1
2021-06-08 15:38:10.716,17055,17057,17055,1
2021-06-08 15:38:20.627,17055,17056,17055,2
2021-06-08 15:38:23.223,17054,17056,17055,1
2021-06-08 15:38:23.903,17054,17056,17054,1
2021-06-08 15:38:32.262,17054,17056,17055,1
2021-06-08 15:38:34.390,17054,17056,17055,1
2021-06-08 15:38:39.721,17055,17056,17056,1
2021-06-08 15:38:40.985,17056,17058,17056,1
2021-06-08 15:38:53.939,17057,17058,17057,1
2021-06-08 15:39:10.124,17057,17058,17057,3
2021-06-08 15:39:12.300,17056,17057,17056,2
2021-06-08 15:39:20.246,17055,17056,17055,1
2021-06-08 15:39:41.177,17054,17055,17055,1
2021-06-08 15:39:48.678,17054,17055,17054,1
2021-06-08 15:39:49.346,17054,17055,17054,1
2021-06-08 15:39:51.092,17054,17055,17054,5
2021-06-08 15:39:51.103,17054,17055,17053,7
2021-06-08 15:39:51.104,17054,17055,17053,4
2021-06-08 15:39:56.084,17052,17054,17053,1
2021-06-08 15:39:59.351,17053,17054,17053,1
2021-06-08 15:40:00.426,17053,17054,17053,1
2021-06-08 15:40:00.647,17052,17054,17052,1
2021-06-08 15:40:01.322,17052,17055,17053,1
2021-06-08 15:40:02.368,17054,17055,17054,1
2021-06-08 15:40:03.620,17054,17055,17055,2
2021-06-08 15:40:04.547,17054,17056,17054,1
2021-06-08 15:40:04.784,17054,17056,17054,1
2021-06-08 15:40:06.473,17054,17056,17056,1
2021-06-08 15:40:06.473,17054,17056,17056,10
2021-06-08 15:40:08.082,17055,17057,17055,1
2021-06-08 15:40:09.747,17055,17057,17055,1
2021-06-08 15:40:10.695,17055,17057,17057,1
2021-06-08 15:40:13.117,17056,17057,17056,1
2021-06-08 15:40:14.549,17054,17057,17057,1
2021-06-08 15:40:23.958,17057,17058,17057,1
2021-06-08 15:40:33.454,17056,17057,17056,1
2021-06-08 15:40:40.335,17056,17057,17056,1
2021-06-08 15:40:50.892,17052,17054,17054,4
2021-06-08 15:41:02.115,17053,17054,17053,4
2021-06-08 15:41:02.115,17053,17054,17052,1
2021-06-08 15:41:04.126,17053,17054,17054,1
2021-06-08 15:41:06.744,17053,17055,17053,1
2021-06-08 15:41:13.033,17053,17055,17053,1
2021-06-08 15:41:14.732,17053,17055,17055,1
2021-06-08 15:41:14.742,17054,17055,17054,5
2021-06-08 15:41:15.745,17053,17054,17053,1
2021-06-08 15:41:23.756,17053,17054,17054,2
2021-06-08 15:41:35.331,17055,17056,17055,1
2021-06-08 15:41:38.192,17054,17056,17056,1
2021-06-08 15:41:50.707,17055,17056,17056,5
2021-06-08 15:41:52.731,17055,17057,17057,1
2021-06-08 15:42:12.464,17056,17057,17057,3
2021-06-08 15:42:14.834,17056,17057,17056,2
2021-06-08 15:42:14.834,17056,17057,17055,2
2021-06-08 15:42:24.178,17055,17056,17055,2
2021-06-08 15:42:24.179,17055,17056,17055,3
2021-06-08 15:42:33.694,17054,17055,17054,1
2021-06-08 15:42:33.694,17054,17055,17054,2
2021-06-08 15:42:38.835,17053,17054,17053,1
2021-06-08 15:42:39.099,17052,17053,17052,1
2021-06-08 15:42:42.410,17052,17053,17053,2
2021-06-08 15:42:50.483,17053,17054,17053,1
2021-06-08 15:42:52.062,17053,17054,17054,1
2021-06-08 15:42:54.453,17053,17055,17055,1
2021-06-08 15:42:56.863,17053,17054,17054,1
2021-06-08 15:43:26.736,17054,17055,17054,1
2021-06-08 15:43:30.084,17054,17055,17055,6
2021-06-08 15:43:35.777,17055,17057,17055,1
2021-06-08 15:43:39.720,17055,17057,17056,1
2021-06-08 15:43:40.262,17056,17057,17056,1
2021-06-08 15:43:40.262,17056,17057,17055,3
2021-06-08 15:43:49.520,17055,17056,17056,1
2021-06-08 15:43:51.071,17056,17057,17057,2
2021-06-08 15:44:01.116,17057,17058,17058,1
2021-06-08 15:44:03.686,17058,17060,17058,1
2021-06-08 15:44:07.021,17057,17059,17059,1
2021-06-08 15:44:12.600,17058,17059,17058,1
2021-06-08 15:44:14.300,17056,17059,17059,5
2021-06-08 15:44:16.859,17057,17059,17057,1
2021-06-08 15:44:48.586,17058,17059,17058,2
2021-06-08 15:44:53.749,17058,17059,17059,2
2021-06-08 15:44:59.779,17059,17060,17060,1
2021-06-08 15:44:59.935,17059,17060,17060,2
2021-06-08 15:45:00.981,17060,17061,17060,1
2021-06-08 15:45:02.506,17059,17060,17059,1
2021-06-08 15:45:02.506,17059,17060,17059,5
2021-06-08 15:45:02.506,17059,17060,17059,2
2021-06-08 15:45:02.506,17059,17060,17059,2
2021-06-08 15:45:03.312,17058,17059,17059,1
2021-06-08 15:45:04.792,17058,17059,17058,1
2021-06-08 15:45:20.148,17058,17059,17059,2
2021-06-08 15:45:20.149,17058,17059,17059,1
2021-06-08 15:45:33.761,17059,17060,17060,1
2021-06-08 15:45:34.810,17059,17060,17060,1
2021-06-08 15:45:35.472,17060,17061,17060,1
2021-06-08 15:45:38.143,17060,17061,17061,1
2021-06-08 15:45:48.198,17061,17062,17062,1
2021-06-08 15:45:48.198,17061,17062,17062,1
2021-06-08 15:45:48.271,17062,17063,17063,1
2021-06-08 15:45:49.730,17062,17063,17062,1
2021-06-08 15:45:52.188,17062,17063,17063,1
2021-06-08 15:45:57.861,17062,17063,17063,1
2021-06-08 15:45:58.304,17062,17063,17063,1
2021-06-08 15:45:58.304,17062,17063,17063,2
2021-06-08 15:45:58.832,17063,17064,17063,1
2021-06-08 15:46:03.120,17063,17064,17064,1
2021-06-08 15:46:03.247,17063,17064,17064,1
2021-06-08 15:46:04.824,17063,17064,17064,1
2021-06-08 15:46:05.507,17063,17064,17064,1
2021-06-08 15:46:05.787,17063,17064,17064,2
2021-06-08 15:46:08.444,17063,17064,17064,1
2021-06-08 15:46:09.772,17064,17065,17064,1
2021-06-08 15:46:10.460,17063,17064,17063,5
2021-06-08 15:46:11.871,17062,17063,17063,1
2021-06-08 15:46:15.763,17063,17064,17063,1
2021-06-08 15:46:22.315,17063,17064,17064,1
2021-06-08 15:46:24.752,17063,17064,17063,1
2021-06-08 15:46:24.869,17062,17064,17064,1
2021-06-08 15:46:31.127,17063,17064,17063,5
2021-06-08 15:46:32.892,17063,17064,17063,2
2021-06-08 15:46:32.994,17062,17063,17063,1
2021-06-08 15:46:32.995,17062,17063,17063,1
2021-06-08 15:46:36.051,17062,17063,17062,1
2021-06-08 15:46:38.715,17062,17063,17062,1
2021-06-08 15:46:38.745,17062,17063,17063,1
2021-06-08 15:46:56.644,17062,17063,17063,1
2021-06-08 15:46:56.644,17062,17063,17063,3
2021-06-08 15:46:56.644,17062,17063,17063,1
2021-06-08 15:46:56.644,17062,17063,17063,5
2021-06-08 15:46:59.320,17063,17064,17064,3
2021-06-08 15:47:00.611,17064,17065,17064,1
2021-06-08 15:47:00.878,17064,17065,17064,1
2021-06-08 15:47:03.381,17064,17065,17065,1
2021-06-08 15:47:03.382,17064,17065,17065,2
2021-06-08 15:47:03.727,17065,17066,17065,1
2021-06-08 15:47:07.612,17065,17066,17065,1
2021-06-08 15:47:07.994,17065,17066,17066,1
2021-06-08 15:47:08.993,17065,17066,17066,1
2021-06-08 15:47:08.993,17065,17066,17066,6
2021-06-08 15:47:09.224,17066,17067,17066,1
2021-06-08 15:47:10.631,17064,17067,17067,4
2021-06-08 15:47:10.893,17065,17067,17067,1
2021-06-08 15:47:13.064,17066,17067,17067,1
2021-06-08 15:47:13.572,17066,17068,17066,1
2021-06-08 15:47:13.971,17066,17067,17067,1
2021-06-08 15:47:17.301,17066,17067,17066,1
2021-06-08 15:47:19.192,17065,17066,17066,1
2021-06-08 15:47:20.085,17065,17066,17065,1
2021-06-08 15:47:25.193,17065,17066,17065,1
2021-06-08 15:47:28.769,17064,17066,17066,1
2021-06-08 15:47:29.153,17065,17066,17065,1
2021-06-08 15:47:29.153,17065,17066,17064,1
2021-06-08 15:47:32.027,17064,17065,17065,2
2021-06-08 15:47:32.027,17064,17065,17066,10
2021-06-08 15:47:39.092,17065,17066,17065,2
2021-06-08 15:47:39.438,17065,17066,17065,3
2021-06-08 15:47:41.258,17064,17065,17065,2
2021-06-08 15:47:41.258,17064,17065,17066,1
2021-06-08 15:47:45.429,17064,17066,17065,1
2021-06-08 15:47:50.678,17064,17065,17064,5
2021-06-08 15:47:57.524,17063,17064,17064,2
2021-06-08 15:47:59.692,17063,17064,17064,1
2021-06-08 15:48:07.209,17062,17064,17064,1
2021-06-08 15:48:15.795,17062,17063,17062,1
2021-06-08 15:48:15.796,17062,17063,17062,8
2021-06-08 15:48:15.796,17062,17063,17062,3
2021-06-08 15:48:16.075,17061,17062,17062,1
2021-06-08 15:48:20.153,17061,17063,17063,1
2021-06-08 15:48:48.849,17062,17063,17063,2
2021-06-08 15:48:52.166,17063,17064,17063,1
2021-06-08 15:48:57.763,17063,17064,17064,6
2021-06-08 15:49:05.038,17064,17065,17065,1
2021-06-08 15:49:05.824,17064,17065,17064,1
2021-06-08 15:49:05.921,17063,17065,17063,1
2021-06-08 15:49:16.939,17064,17065,17064,1
2021-06-08 15:49:17.128,17064,17065,17064,1
2021-06-08 15:49:39.529,17063,17064,17064,2
2021-06-08 15:49:46.270,17063,17064,17064,1
2021-06-08 15:50:13.108,17063,17064,17063,3
2021-06-08 15:50:21.681,17062,17063,17063,1
2021-06-08 15:50:23.189,17062,17063,17062,2
2021-06-08 15:50:27.917,17061,17062,17061,1
2021-06-08 15:50:30.043,17061,17062,17062,1
2021-06-08 15:50:39.209,17061,17063,17061,1
2021-06-08 15:50:43.122,17061,17062,17061,1
2021-06-08 15:50:43.451,17061,17062,17061,1
2021-06-08 15:50:43.686,17061,17062,17061,1
2021-06-08 15:50:44.232,17061,17062,17061,1
2021-06-08 15:50:44.409,17061,17062,17062,1
2021-06-08 15:50:44.891,17062,17063,17062,1
2021-06-08 15:50:52.869,17062,17063,17063,1
2021-06-08 15:50:52.870,17062,17063,17063,1
2021-06-08 15:50:52.870,17062,17063,17063,1
2021-06-08 15:50:52.870,17062,17063,17063,1
2021-06-08 15:50:52.870,17062,17063,17063,1
2021-06-08 15:50:52.870,17062,17063,17063,4
2021-06-08 15:51:14.301,17061,17062,17061,7
2021-06-08 15:51:14.301,17061,17062,17061,1
2021-06-08 15:51:15.391,17060,17061,17060,2
2021-06-08 15:51:19.187,17060,17061,17060,1
2021-06-08 15:51:22.673,17060,17063,17061,1
2021-06-08 15:51:34.157,17059,17061,17059,5
2021-06-08 15:51:37.806,17059,17061,17059,5
2021-06-08 15:51:47.257,17060,17061,17060,1
2021-06-08 15:51:48.839,17059,17060,17059,5
2021-06-08 15:51:49.614,17058,17060,17060,1
2021-06-08 15:51:57.601,17058,17060,17059,1
2021-06-08 15:51:57.601,17058,17060,17058,2
2021-06-08 15:52:03.588,17058,17060,17060,1
2021-06-08 15:52:05.171,17059,17060,17059,1
2021-06-08 15:52:05.296,17058,17059,17059,1
2021-06-08 15:52:06.242,17059,17060,17060,3
2021-06-08 15:52:07.917,17060,17062,17060,1
2021-06-08 15:52:18.652,17060,17061,17060,1
2021-06-08 15:52:22.714,17059,17060,17060,1
2021-06-08 15:52:24.040,17060,17061,17060,1
2021-06-08 15:52:36.351,17060,17061,17061,1
2021-06-08 15:52:48.229,17061,17062,17061,1
2021-06-08 15:52:49.756,17061,17062,17062,2
2021-06-08 15:52:53.459,17061,17062,17061,1
2021-06-08 15:52:53.869,17061,17062,17062,1
2021-06-08 15:52:57.185,17061,17062,17062,1
2021-06-08 15:53:01.773,17061,17062,17062,1
2021-06-08 15:53:05.021,17061,17062,17062,1
2021-06-08 15:53:06.547,17061,17062,17061,1
2021-06-08 15:53:16.508,17060,17061,17060,3
2021-06-08 15:53:16.526,17060,17061,17059,1
2021-06-08 15:53:17.001,17058,17059,17058,1
2021-06-08 15:53:17.001,17058,17059,17058,7
2021-06-08 15:53:31.219,17058,17059,17058,1
2021-06-08 15:53:37.604,17057,17058,17058,3
2021-06-08 15:53:37.604,17057,17058,17058,2
2021-06-08 15:53:45.032,17058,17060,17058,1
2021-06-08 15:53:50.092,17058,17059,17058,1
2021-06-08 15:53:58.728,17058,17059,17059,1
2021-06-08 15:53:58.737,17058,17059,17059,1
2021-06-08 15:53:59.414,17059,17060,17059,1
2021-06-08 15:54:15.911,17059,17060,17059,1
2021-06-08 15:54:16.900,17058,17060,17060,1
2021-06-08 15:54:16.900,17058,17060,17060,1
2021-06-08 15:54:31.916,17060,17062,17062,1
2021-06-08 15:54:39.376,17060,17061,17060,3
2021-06-08 15:54:52.795,17058,17060,17060,1
2021-06-08 15:54:57.615,17058,17059,17058,1
2021-06-08 15:55:02.627,17058,17059,17059,1
2021-06-08 15:55:06.798,17059,17060,17059,1
2021-06-08 15:55:07.608,17059,17060,17060,1
2021-06-08 15:55:07.608,17059,17060,17060,1
2021-06-08 15:55:13.780,17060,17061,17061,1
2021-06-08 15:55:24.833,17060,17061,17060,1
2021-06-08 15:55:25.074,17059,17060,17060,1
2021-06-08 15:55:39.618,17060,17061,17060,2
2021-06-08 15:56:38.499,17060,17062,17060,1
2021-06-08 15:56:45.265,17060,17062,17061,1
2021-06-08 15:57:13.407,17061,17062,17062,1
2021-06-08 15:57:18.555,17061,17062,17062,2
2021-06-08 15:57:33.954,17061,17062,17061,4
2021-06-08 15:57:33.954,17061,17062,17060,7
2021-06-08 15:57:46.242,17058,17059,17058,5
2021-06-08 15:57:46.367,17057,17058,17057,7
2021-06-08 15:57:46.368,17057,17058,17057,1
2021-06-08 15:57:49.176,17056,17058,17056,1
2021-06-08 15:57:49.415,17056,17058,17056,1
2021-06-08 15:57:55.272,17057,17058,17057,1
2021-06-08 15:57:55.272,17057,17058,17056,1
2021-06-08 15:58:05.730,17056,17057,17057,1
2021-06-08 15:58:06.511,17056,17057,17057,1
2021-06-08 15:58:17.828,17057,17058,17057,2
2021-06-08 15:58:17.830,17057,17058,17057,2
2021-06-08 15:58:19.786,17057,17058,17057,2
2021-06-08 15:58:22.695,17057,17058,17058,5
2021-06-08 15:58:22.695,17057,17058,17058,1
2021-06-08 15:58:22.695,17057,17058,17058,2
2021-06-08 15:58:59.637,17058,17059,17058,1
2021-06-08 15:58:59.695,17058,17059,17058,1
2021-06-08 15:59:00.263,17058,17059,17059,1
2021-06-08 15:59:34.863,17059,17060,17059,1
2021-06-08 15:59:34.864,17059,17060,17059,1
2021-06-08 15:59:45.226,17058,17059,17058,2
2021-06-08 16:00:00.155,17058,17059,17058,2
2021-06-08 16:00:12.937,17057,17058,17058,1
2021-06-08 16:00:13.172,17057,17059,17057,1
2021-06-08 16:00:13.218,17057,17059,17057,1
2021-06-08 16:00:16.395,17057,17058,17058,1
2021-06-08 16:00:18.944,17057,17058,17058,2
2021-06-08 16:00:22.377,17057,17058,17057,1
2021-06-08 16:00:22.377,17057,17058,17057,1
2021-06-08 16:00:22.377,17057,17058,17057,1
2021-06-08 16:00:27.365,17056,17057,17056,4
2021-06-08 16:00:31.993,17055,17056,17055,2
2021-06-08 16:00:32.654,17055,17056,17056,1
2021-06-08 16:00:37.464,17056,17057,17057,1
2021-06-08 16:00:44.170,17057,17059,17057,2
2021-06-08 16:01:04.835,17057,17058,17058,1
2021-06-08 16:01:04.835,17057,17058,17058,1
2021-06-08 16:01:33.897,17058,17059,17058,1
2021-06-08 16:01:49.173,17058,17059,17059,2
2021-06-08 16:01:54.063,17059,17060,17060,2
2021-06-08 16:01:54.172,17059,17060,17060,1
2021-06-08 16:01:54.702,17059,17060,17060,1
2021-06-08 16:01:56.841,17059,17060,17060,5
2021-06-08 16:01:56.841,17059,17060,17060,6
2021-06-08 16:02:06.187,17060,17061,17061,2
2021-06-08 16:02:06.188,17060,17061,17061,2
2021-06-08 16:02:06.188,17060,17061,17061,4
2021-06-08 16:02:06.188,17060,17061,17061,5
2021-06-08 16:02:06.188,17060,17061,17061,1
2021-06-08 16:02:06.188,17060,17061,17061,6
2021-06-08 16:02:06.188,17060,17061,17061,1
2021-06-08 16:02:06.189,17060,17061,17061,5
2021-06-08 16:02:07.164,17060,17062,17060,1
2021-06-08 16:02:07.165,17060,17062,17061,1
2021-06-08 16:02:09.541,17060,17062,17062,2
2021-06-08 16:02:11.493,17060,17062,17062,2
2021-06-08 16:02:18.688,17060,17061,17061,1
2021-06-08 16:02:41.655,17060,17062,17062,1
2021-06-08 16:02:59.222,17061,17062,17062,2
2021-06-08 16:02:59.242,17061,17062,17062,3
2021-06-08 16:03:09.607,17062,17063,17062,1
2021-06-08 16:03:25.512,17062,17063,17062,3
2021-06-08 16:03:32.367,17061,17063,17063,9
2021-06-08 16:03:44.979,17062,17063,17063,1
2021-06-08 16:03:49.765,17062,17063,17062,1
2021-06-08 16:04:01.090,17062,17063,17062,2
2021-06-08 16:04:18.474,17061,17062,17062,1
2021-06-08 16:04:19.753,17061,17062,17061,1
2021-06-08 16:05:14.895,17061,17062,17061,2
2021-06-08 16:05:15.023,17060,17061,17061,1
2021-06-08 16:05:28.355,17061,17062,17061,3
2021-06-08 16:05:28.416,17060,17062,17062,2
2021-06-08 16:05:28.456,17060,17062,17062,2
2021-06-08 16:05:31.296,17060,17062,17062,2
2021-06-08 16:05:31.377,17060,17062,17062,1
2021-06-08 16:05:58.065,17061,17062,17062,2
2021-06-08 16:06:33.509,17060,17061,17060,4
2021-06-08 16:06:38.695,17059,17060,17059,2
2021-06-08 16:06:41.630,17058,17059,17059,1
2021-06-08 16:07:01.890,17058,17059,17058,11
2021-06-08 16:07:02.080,17057,17058,17057,1
2021-06-08 16:07:02.146,17056,17058,17056,1
2021-06-08 16:07:02.446,17056,17058,17056,1
2021-06-08 16:07:02.640,17056,17058,17056,5
2021-06-08 16:07:06.132,17056,17058,17056,1
2021-06-08 16:07:10.327,17056,17058,17056,1
2021-06-08 16:07:36.247,17058,17059,17059,1
2021-06-08 16:07:37.508,17059,17061,17059,1
2021-06-08 16:07:41.107,17059,17060,17059,1
2021-06-08 16:07:48.141,17059,17060,17059,1
2021-06-08 16:07:48.141,17059,17060,17059,1
2021-06-08 16:08:12.800,17057,17059,17059,2
2021-06-08 16:08:12.800,17057,17059,17060,2
2021-06-08 16:08:57.996,17059,17060,17060,1
2021-06-08 16:09:05.275,17059,17060,17060,1
2021-06-08 16:09:05.276,17059,17060,17060,1
2021-06-08 16:09:21.252,17060,17061,17060,1
2021-06-08 16:10:11.281,17059,17060,17059,1
2021-06-08 16:10:11.392,17058,17060,17060,1
2021-06-08 16:10:29.733,17058,17060,17058,1
2021-06-08 16:10:33.399,17058,17060,17058,2
2021-06-08 16:10:35.237,17058,17059,17058,7
2021-06-08 16:10:41.929,17057,17058,17058,1
2021-06-08 16:10:46.417,17057,17058,17057,1
2021-06-08 16:10:50.217,17057,17058,17057,1
2021-06-08 16:10:50.423,17057,17058,17058,1
2021-06-08 16:10:55.265,17057,17058,17057,2
2021-06-08 16:11:01.587,17057,17058,17057,1
2021-06-08 16:11:08.224,17057,17058,17057,1
2021-06-08 16:11:08.849,17057,17058,17057,1
2021-06-08 16:11:13.022,17057,17058,17058,1
2021-06-08 16:11:39.386,17057,17058,17057,2
2021-06-08 16:11:45.228,17056,17057,17056,2
2021-06-08 16:11:46.659,17056,17057,17056,1
2021-06-08 16:12:07.503,17055,17056,17055,1
2021-06-08 16:12:07.674,17055,17056,17055,1
2021-06-08 16:12:07.844,17055,17056,17055,1
2021-06-08 16:12:10.463,17055,17056,17055,1
2021-06-08 16:12:12.640,17055,17056,17055,1
2021-06-08 16:12:14.113,17055,17056,17055,2
2021-06-08 16:12:19.411,17055,17056,17055,1
2021-06-08 16:12:19.492,17055,17056,17055,3
2021-06-08 16:12:23.808,17054,17056,17055,1
2021-06-08 16:12:26.772,17054,17055,17054,1
2021-06-08 16:12:27.033,17054,17055,17054,1
2021-06-08 16:12:28.134,17054,17055,17054,1
2021-06-08 16:12:28.607,17053,17055,17054,1
2021-06-08 16:12:28.607,17053,17055,17053,1
2021-06-08 16:12:29.681,17053,17054,17053,1
2021-06-08 16:12:30.177,17053,17054,17053,1
2021-06-08 16:12:30.450,17053,17054,17054,1
2021-06-08 16:12:30.907,17053,17055,17053,5
2021-06-08 16:12:31.390,17052,17055,17054,1
2021-06-08 16:12:31.764,17052,17054,17054,1
2021-06-08 16:12:42.884,17053,17054,17053,1
2021-06-08 16:12:42.884,17053,17054,17052,1
2021-06-08 16:12:43.074,17052,17054,17052,1
2021-06-08 16:12:44.757,17052,17053,17052,1
2021-06-08 16:12:45.938,17052,17053,17053,1
2021-06-08 16:12:54.714,17053,17054,17054,2
2021-06-08 16:12:54.990,17053,17055,17053,1
2021-06-08 16:13:04.644,17054,17055,17054,1
2021-06-08 16:13:04.644,17054,17055,17054,2
2021-06-08 16:13:04.645,17054,17055,17054,1
2021-06-08 16:13:14.970,17054,17055,17054,1
2021-06-08 16:13:14.970,17054,17055,17053,3
2021-06-08 16:13:17.009,17053,17055,17053,6
2021-06-08 16:13:19.439,17052,17054,17052,1
2021-06-08 16:13:23.995,17052,17053,17053,1
2021-06-08 16:13:25.113,17052,17054,17054,1
2021-06-08 16:13:25.492,17053,17054,17053,1
2021-06-08 16:13:33.168,17052,17054,17054,6
2021-06-08 16:13:33.168,17052,17054,17055,4
2021-06-08 16:13:39.742,17052,17054,17052,9
2021-06-08 16:13:39.867,17051,17053,17051,2
2021-06-08 16:13:40.022,17051,17053,17051,1
2021-06-08 16:13:40.886,17051,17052,17052,4
2021-06-08 16:13:40.886,17051,17052,17053,1
2021-06-08 16:13:43.387,17052,17053,17052,1
2021-06-08 16:13:47.570,17052,17054,17053,3
2021-06-08 16:13:54.842,17053,17054,17054,1
2021-06-08 16:13:57.796,17053,17054,17054,1
2021-06-08 16:14:01.636,17053,17054,17053,1
2021-06-08 16:14:01.636,17053,17054,17053,1
2021-06-08 16:14:01.637,17053,17054,17053,1
2021-06-08 16:14:01.637,17053,17054,17053,3
2021-06-08 16:14:04.785,17052,17053,17053,1
2021-06-08 16:14:07.132,17052,17053,17053,1
2021-06-08 16:14:13.242,17052,17053,17052,3
2021-06-08 16:14:13.452,17051,17053,17053,1
2021-06-08 16:14:15.748,17052,17053,17053,1
2021-06-08 16:14:27.451,17052,17053,17053,1
2021-06-08 16:14:32.177,17052,17053,17053,1
2021-06-08 16:14:38.450,17052,17053,17052,1
2021-06-08 16:14:41.971,17052,17053,17052,3
2021-06-08 16:14:49.198,17052,17053,17052,1
2021-06-08 16:14:50.310,17051,17053,17053,1
2021-06-08 16:15:07.003,17052,17053,17053,1
2021-06-08 16:15:07.131,17053,17054,17053,1
2021-06-08 16:15:07.133,17053,17054,17053,1
2021-06-08 16:15:07.133,17053,17054,17052,1
2021-06-08 16:15:17.887,17052,17053,17052,1
2021-06-08 16:15:17.994,17052,17053,17052,1
2021-06-08 16:15:17.994,17052,17053,17051,1
2021-06-08 16:15:17.995,17052,17053,17051,1
2021-06-08 16:15:17.995,17052,17053,17051,1
2021-06-08 16:15:19.674,17051,17052,17052,1
2021-06-08 16:15:19.744,17051,17052,17051,1
2021-06-08 16:15:19.744,17051,17052,17051,1
2021-06-08 16:15:19.744,17051,17052,17051,1
2021-06-08 16:15:19.744,17051,17052,17051,1
2021-06-08 16:15:19.744,17051,17052,17051,1
2021-06-08 16:15:19.744,17051,17052,17051,1
2021-06-08 16:15:19.746,17051,17052,17051,1
2021-06-08 16:15:28.000,17051,17052,17051,1
2021-06-08 16:15:31.488,17051,17052,17051,1
2021-06-08 16:15:31.494,17051,17052,17051,1
2021-06-08 16:15:31.494,17051,17052,17051,1
2021-06-08 16:15:31.494,17051,17052,17051,1
2021-06-08 16:15:31.495,17051,17052,17051,1
2021-06-08 16:15:31.495,17051,17052,17050,1
2021-06-08 16:15:31.495,17051,17052,17050,1
2021-06-08 16:15:31.495,17051,17052,17050,1
2021-06-08 16:15:31.495,17051,17052,17050,1
2021-06-08 16:15:31.496,17051,17052,17050,1
2021-06-08 16:15:31.496,17051,17052,17050,1
2021-06-08 16:15:31.496,17051,17052,17050,1
2021-06-08 16:15:31.496,17051,17052,17050,1
2021-06-08 16:15:31.497,17051,17052,17050,1
2021-06-08 16:15:31.721,17050,17051,17050,1
2021-06-08 16:15:31.722,17050,17051,17050,1
2021-06-08 16:15:31.722,17050,17051,17050,8
2021-06-08 16:15:31.822,17049,17051,17051,13
2021-06-08 16:15:31.823,17049,17051,17051,3
2021-06-08 16:15:31.823,17049,17051,17051,1
2021-06-08 16:15:31.823,17049,17051,17051,14
2021-06-08 16:15:31.823,17049,17051,17051,9
2021-06-08 16:15:31.823,17049,17051,17051,1
2021-06-08 16:15:37.627,17049,17050,17050,2
2021-06-08 16:15:38.418,17049,17050,17049,1
2021-06-08 16:15:38.499,17049,17050,17049,1
2021-06-08 16:15:38.508,17049,17050,17049,1
2021-06-08 16:15:38.517,17049,17050,17049,1
2021-06-08 16:15:38.533,17049,17050,17049,1
2021-06-08 16:15:38.533,17049,17050,17048,2
2021-06-08 16:15:38.541,17049,17050,17048,1
2021-06-08 16:15:38.773,17048,17050,17048,8
2021-06-08 16:15:38.775,17048,17050,17048,10
2021-06-08 16:15:38.786,17048,17050,17048,2
2021-06-08 16:15:38.786,17048,17050,17047,4
2021-06-08 16:15:38.832,17048,17050,17047,1
2021-06-08 16:15:38.908,17047,17049,17047,4
2021-06-08 16:15:38.912,17047,17049,17047,20
2021-06-08 16:15:38.913,17047,17049,17047,3
2021-06-08 16:15:38.913,17047,17049,17047,2
2021-06-08 16:15:39.127,17046,17047,17046,5
2021-06-08 16:15:39.127,17046,17047,17046,1
2021-06-08 16:15:39.128,17046,17047,17046,4
2021-06-08 16:15:39.128,17046,17047,17045,1
2021-06-08 16:15:39.128,17046,17047,17045,5
2021-06-08 16:15:39.268,17045,17047,17045,1
2021-06-08 16:15:39.268,17045,17047,17045,1
2021-06-08 16:15:39.269,17045,17047,17045,1
2021-06-08 16:15:39.275,17045,17047,17045,1
2021-06-08 16:15:39.276,17045,17047,17045,1
2021-06-08 16:15:39.309,17045,17047,17045,1
2021-06-08 16:15:39.326,17045,17047,17045,4
2021-06-08 16:15:39.327,17045,17047,17045,1
2021-06-08 16:15:39.327,17045,17047,17045,5
2021-06-08 16:15:39.327,17045,17047,17045,1
2021-06-08 16:15:39.335,17045,17047,17045,1
2021-06-08 16:15:39.335,17045,17047,17044,1
2021-06-08 16:15:39.393,17044,17046,17044,1
2021-06-08 16:15:39.402,17044,17046,17046,1
2021-06-08 16:15:39.414,17044,17046,17044,1
2021-06-08 16:15:39.447,17044,17046,17044,1
2021-06-08 16:15:39.452,17044,17046,17045,2
2021-06-08 16:15:39.452,17044,17046,17046,9
2021-06-08 16:15:39.453,17044,17046,17046,1
2021-06-08 16:15:39.454,17044,17046,17047,2
2021-06-08 16:15:39.463,17044,17046,17046,6
2021-06-08 16:15:39.475,17044,17046,17046,1
2021-06-08 16:15:39.530,17046,17047,17046,1
2021-06-08 16:15:39.561,17046,17047,17045,1
2021-06-08 16:15:39.622,17045,17047,17045,1
2021-06-08 16:15:39.650,17045,17047,17045,1
2021-06-08 16:15:39.983,17045,17047,17047,1
2021-06-08 16:15:40.001,17047,17048,17047,1
2021-06-08 16:15:40.027,17047,17048,17046,1
2021-06-08 16:15:40.078,17047,17048,17046,2
2021-06-08 16:15:40.094,17047,17048,17046,1
2021-06-08 16:15:40.120,17046,17048,17046,1
2021-06-08 16:15:40.280,17046,17048,17046,1
2021-06-08 16:15:40.316,17046,17048,17046,1
2021-06-08 16:15:40.346,17046,17048,17046,1
2021-06-08 16:15:40.394,17046,17048,17046,1
2021-06-08 16:15:40.471,17046,17048,17046,1
2021-06-08 16:15:41.625,17047,17050,17047,1
2021-06-08 16:15:42.506,17049,17050,17049,1
2021-06-08 16:15:43.956,17049,17050,17049,1
2021-06-08 16:15:44.016,17049,17050,17050,5
2021-06-08 16:15:44.545,17049,17050,17050,1
2021-06-08 16:15:45.048,17049,17050,17049,4
2021-06-08 16:15:45.083,17049,17050,17050,2
2021-06-08 16:15:45.830,17049,17050,17049,1
2021-06-08 16:15:46.188,17049,17050,17049,1
2021-06-08 16:15:46.732,17048,17050,17048,1
2021-06-08 16:15:46.899,17048,17050,17048,1
2021-06-08 16:15:48.078,17048,17049,17049,1
2021-06-08 16:15:48.235,17048,17050,17048,4
2021-06-08 16:15:49.358,17048,17050,17048,1
2021-06-08 16:15:51.980,17047,17048,17047,1
2021-06-08 16:15:59.682,17048,17049,17049,5
2021-06-08 16:16:03.889,17049,17050,17050,1
2021-06-08 16:16:04.138,17049,17050,17050,1
2021-06-08 16:16:04.791,17049,17050,17049,1
2021-06-08 16:16:04.795,17049,17050,17049,1
2021-06-08 16:16:04.796,17049,17050,17048,1
2021-06-08 16:16:04.796,17049,17050,17048,1
2021-06-08 16:16:04.803,17049,17050,17048,1
2021-06-08 16:16:04.810,17049,17050,17048,1
2021-06-08 16:16:04.860,17049,17050,17050,1
2021-06-08 16:16:05.108,17048,17050,17050,1
2021-06-08 16:16:05.249,17048,17050,17050,1
2021-06-08 16:16:05.527,17048,17050,17050,1
2021-06-08 16:16:05.549,17048,17050,17050,1
2021-06-08 16:16:05.742,17049,17050,17049,1
2021-06-08 16:16:09.856,17048,17050,17048,1
2021-06-08 16:16:10.026,17048,17050,17048,2
2021-06-08 16:16:10.753,17048,17050,17050,1
2021-06-08 16:16:13.222,17049,17050,17050,1
2021-06-08 16:16:13.222,17049,17050,17050,12
2021-06-08 16:16:13.236,17049,17050,17051,2
2021-06-08 16:16:25.317,17050,17051,17051,1
2021-06-08 16:16:25.317,17050,17051,17051,3
2021-06-08 16:16:27.090,17050,17051,17051,1
2021-06-08 16:16:31.555,17050,17051,17050,1
2021-06-08 16:16:32.825,17050,17051,17050,4
2021-06-08 16:16:36.452,17049,17050,17049,1
2021-06-08 16:16:52.672,17048,17049,17048,2
2021-06-08 16:16:55.858,17048,17049,17048,1
2021-06-08 16:16:56.674,17048,17049,17048,1
2021-06-08 16:17:02.738,17048,17049,17048,4
2021-06-08 16:17:02.746,17048,17049,17048,1
2021-06-08 16:17:12.367,17048,17049,17048,1
2021-06-08 16:17:12.494,17048,17049,17048,1
2021-06-08 16:17:12.494,17048,17049,17048,1
2021-06-08 16:17:12.495,17048,17049,17048,1
2021-06-08 16:17:12.495,17048,17049,17047,1
2021-06-08 16:17:12.495,17048,17049,17047,1
2021-06-08 16:17:12.495,17048,17049,17047,1
2021-06-08 16:17:12.495,17048,17049,17047,1
2021-06-08 16:17:12.495,17048,17049,17047,1
2021-06-08 16:17:12.496,17048,17049,17047,1
2021-06-08 16:17:12.650,17047,17049,17047,1
2021-06-08 16:17:20.985,17047,17049,17047,2
2021-06-08 16:17:20.994,17047,17049,17047,1
2021-06-08 16:17:20.996,17047,17049,17047,1
2021-06-08 16:17:21.809,17048,17049,17048,1
2021-06-08 16:17:21.869,17047,17049,17047,1
2021-06-08 16:17:21.870,17047,17049,17047,1
2021-06-08 16:17:32.579,17048,17049,17048,1
2021-06-08 16:17:33.576,17048,17049,17049,1
2021-06-08 16:17:33.619,17048,17049,17048,1
2021-06-08 16:17:33.621,17048,17049,17048,1
2021-06-08 16:17:46.865,17048,17049,17049,1
