2021-08-20 15:00:00.093,16220,16222,16223,122,122
2021-08-20 15:00:00.252,16222,16223,16223,1,1
2021-08-20 15:00:00.252,16222,16223,16224,2,2
2021-08-20 15:00:00.285,16222,16223,16225,3,3
2021-08-20 15:00:00.378,16222,16225,16224,1,-1
2021-08-20 15:00:00.470,16224,16225,16225,3,3
2021-08-20 15:00:00.470,16224,16225,16225,4,4
2021-08-20 15:00:00.499,16224,16225,16226,1,1
2021-08-20 15:00:00.499,16224,16225,16228,1,1
2021-08-20 15:00:00.566,16224,16228,16224,2,-2
2021-08-20 15:00:00.582,16224,16228,16228,1,1
2021-08-20 15:00:00.700,16222,16228,16222,1,-1
2021-08-20 15:00:00.800,16223,16228,16223,1,1
2021-08-20 15:00:00.931,16222,16226,16225,1,1
2021-08-20 15:00:00.965,16222,16226,16226,3,3
2021-08-20 15:00:01.015,16222,16226,16223,1,-1
2021-08-20 15:00:01.033,16222,16226,16222,1,-1
2021-08-20 15:00:01.073,16222,16224,16224,1,1
2021-08-20 15:00:01.078,16222,16224,16222,1,-1
2021-08-20 15:00:01.078,16222,16224,16223,1,1
2021-08-20 15:00:01.171,16222,16224,16224,1,1
2021-08-20 15:00:01.269,16222,16224,16222,5,-5
2021-08-20 15:00:01.269,16222,16224,16222,23,-23
2021-08-20 15:00:01.392,16221,16222,16222,1,1
2021-08-20 15:00:01.408,16221,16222,16222,1,1
2021-08-20 15:00:01.462,16222,16224,16222,6,-6
2021-08-20 15:00:01.739,16222,16224,16224,1,1
2021-08-20 15:00:01.829,16221,16223,16221,3,-3
2021-08-20 15:00:01.911,16221,16223,16223,1,1
2021-08-20 15:00:01.925,16221,16222,16222,1,1
2021-08-20 15:00:01.925,16221,16222,16221,10,-10
2021-08-20 15:00:02.033,16221,16222,16221,1,-1
2021-08-20 15:00:02.033,16221,16222,16222,2,2
2021-08-20 15:00:02.130,16220,16222,16220,5,-5
2021-08-20 15:00:02.197,16220,16222,16222,2,2
2021-08-20 15:00:02.197,16220,16222,16223,2,2
2021-08-20 15:00:02.222,16220,16222,16221,1,-1
2021-08-20 15:00:02.319,16220,16222,16220,2,-2
2021-08-20 15:00:02.320,16220,16222,16220,1,-1
2021-08-20 15:00:02.572,16220,16222,16222,2,2
2021-08-20 15:00:02.617,16220,16222,16220,1,-1
2021-08-20 15:00:02.637,16220,16222,16220,1,-1
2021-08-20 15:00:02.644,16220,16222,16221,1,1
2021-08-20 15:00:02.926,16219,16221,16221,1,1
2021-08-20 15:00:02.963,16219,16221,16219,3,-3
2021-08-20 15:00:02.963,16219,16221,16219,6,-6
2021-08-20 15:00:03.064,16218,16219,16219,2,2
2021-08-20 15:00:03.065,16218,16219,16221,1,1
2021-08-20 15:00:03.065,16218,16219,16222,2,2
2021-08-20 15:00:03.065,16218,16219,16222,1,1
2021-08-20 15:00:03.065,16218,16219,16222,1,1
2021-08-20 15:00:03.066,16218,16219,16220,1,1
2021-08-20 15:00:03.097,16218,16219,16221,2,2
2021-08-20 15:00:03.274,16220,16223,16221,3,-3
2021-08-20 15:00:03.425,16220,16221,16221,1,1
2021-08-20 15:00:03.428,16220,16221,16220,5,-5
2021-08-20 15:00:03.437,16220,16221,16219,4,-4
2021-08-20 15:00:03.437,16220,16221,16219,1,-1
2021-08-20 15:00:03.687,16218,16220,16218,1,-1
2021-08-20 15:00:04.652,16219,16220,16219,4,4
2021-08-20 15:00:04.652,16219,16220,16218,9,-9
2021-08-20 15:00:04.965,16217,16218,16218,1,1
2021-08-20 15:00:05.008,16217,16218,16218,1,1
2021-08-20 15:00:05.008,16217,16218,16219,1,1
2021-08-20 15:00:05.093,16217,16220,16220,1,1
2021-08-20 15:00:05.247,16219,16220,16219,2,-2
2021-08-20 15:00:05.885,16218,16222,16223,1,1
2021-08-20 15:00:05.885,16218,16222,16223,1,1
2021-08-20 15:00:05.925,16222,16224,16224,2,2
2021-08-20 15:00:06.223,16222,16225,16222,1,-1
2021-08-20 15:00:06.224,16222,16225,16222,1,-1
2021-08-20 15:00:06.300,16221,16222,16222,1,1
2021-08-20 15:00:06.549,16221,16222,16222,3,3
2021-08-20 15:00:06.559,16221,16225,16221,1,-1
2021-08-20 15:00:06.847,16221,16225,16225,2,2
2021-08-20 15:00:06.847,16221,16225,16226,3,3
2021-08-20 15:00:07.203,16223,16225,16223,1,-1
2021-08-20 15:00:07.609,16222,16224,16224,1,1
2021-08-20 15:00:07.921,16222,16224,16224,1,1
2021-08-20 15:00:09.307,16221,16223,16223,1,1
2021-08-20 15:00:10.003,16222,16223,16223,1,1
2021-08-20 15:00:10.195,16222,16225,16225,1,1
2021-08-20 15:00:10.632,16222,16225,16225,1,1
2021-08-20 15:00:10.963,16223,16225,16225,2,2
2021-08-20 15:00:11.601,16224,16226,16224,1,-1
2021-08-20 15:00:11.601,16224,16226,16223,1,-1
2021-08-20 15:00:11.660,16224,16226,16225,4,4
2021-08-20 15:00:11.660,16224,16226,16226,1,1
2021-08-20 15:00:11.964,16222,16224,16224,2,2
2021-08-20 15:00:12.097,16223,16224,16224,3,3
2021-08-20 15:00:12.180,16223,16226,16226,1,1
2021-08-20 15:00:12.244,16223,16226,16226,9,9
2021-08-20 15:00:12.803,16223,16225,16225,1,1
2021-08-20 15:00:13.182,16223,16226,16223,1,-1
2021-08-20 15:00:13.468,16223,16226,16226,1,1
2021-08-20 15:00:14.672,16223,16224,16223,2,-2
2021-08-20 15:00:15.379,16223,16224,16223,1,-1
2021-08-20 15:00:15.615,16223,16224,16223,2,-2
2021-08-20 15:00:17.747,16222,16224,16224,3,3
2021-08-20 15:00:19.398,16224,16225,16225,2,2
2021-08-20 15:00:19.516,16224,16226,16225,1,-1
2021-08-20 15:00:19.849,16224,16226,16226,5,5
2021-08-20 15:00:19.849,16224,16226,16227,1,1
2021-08-20 15:00:19.851,16224,16226,16227,6,6
2021-08-20 15:00:19.903,16224,16226,16227,1,1
2021-08-20 15:00:19.903,16224,16226,16228,5,5
2021-08-20 15:00:19.952,16226,16229,16226,2,-2
2021-08-20 15:00:20.300,16225,16226,16225,2,-2
2021-08-20 15:00:20.632,16224,16225,16224,8,-8
2021-08-20 15:00:20.650,16224,16225,16224,1,-1
2021-08-20 15:00:20.705,16223,16224,16223,6,-6
2021-08-20 15:00:21.550,16223,16224,16223,2,-2
2021-08-20 15:00:21.675,16222,16223,16222,4,-4
2021-08-20 15:00:22.703,16222,16224,16222,11,-11
2021-08-20 15:00:23.053,16221,16223,16223,1,1
2021-08-20 15:00:23.393,16221,16223,16221,1,-1
2021-08-20 15:00:24.470,16221,16224,16221,1,-1
2021-08-20 15:00:24.650,16221,16224,16221,1,-1
2021-08-20 15:00:25.002,16221,16222,16221,1,-1
2021-08-20 15:00:26.600,16221,16222,16221,1,-1
2021-08-20 15:00:26.616,16221,16222,16222,1,1
2021-08-20 15:00:27.142,16222,16223,16222,1,-1
2021-08-20 15:00:27.266,16222,16223,16222,1,-1
2021-08-20 15:00:28.854,16222,16223,16223,1,1
2021-08-20 15:00:29.546,16222,16224,16222,4,-4
2021-08-20 15:00:29.776,16222,16224,16222,1,-1
2021-08-20 15:00:31.537,16222,16224,16224,1,1
2021-08-20 15:00:32.905,16223,16224,16224,1,1
2021-08-20 15:00:33.329,16223,16224,16224,1,1
2021-08-20 15:00:33.884,16223,16224,16224,1,1
2021-08-20 15:00:33.885,16223,16224,16224,1,1
2021-08-20 15:00:33.885,16223,16224,16224,1,1
2021-08-20 15:00:33.988,16223,16225,16223,1,-1
2021-08-20 15:00:34.408,16224,16225,16224,1,1
2021-08-20 15:00:34.779,16224,16225,16225,2,2
2021-08-20 15:00:35.135,16224,16225,16225,1,1
2021-08-20 15:00:35.804,16224,16226,16226,1,1
2021-08-20 15:00:35.832,16224,16226,16226,1,1
2021-08-20 15:00:36.089,16224,16226,16224,1,-1
2021-08-20 15:00:36.711,16225,16226,16226,2,2
2021-08-20 15:00:37.816,16225,16226,16226,2,2
2021-08-20 15:00:38.333,16226,16227,16226,1,-1
2021-08-20 15:00:38.381,16226,16227,16226,6,-6
2021-08-20 15:00:38.381,16226,16227,16225,23,-23
2021-08-20 15:00:38.381,16226,16227,16225,1,-1
2021-08-20 15:00:38.381,16226,16227,16227,5,5
2021-08-20 15:00:38.518,16225,16227,16227,2,2
2021-08-20 15:00:39.428,16225,16228,16225,1,-1
2021-08-20 15:00:39.682,16225,16228,16225,1,-1
2021-08-20 15:00:39.875,16225,16227,16225,1,-1
2021-08-20 15:00:41.175,16226,16227,16226,4,4
2021-08-20 15:00:42.214,16225,16227,16227,1,1
2021-08-20 15:00:44.062,16227,16228,16227,1,-1
2021-08-20 15:00:44.062,16227,16228,16227,1,-1
2021-08-20 15:00:44.312,16226,16227,16227,5,5
2021-08-20 15:00:45.657,16226,16227,16226,1,-1
2021-08-20 15:00:46.406,16226,16227,16226,1,-1
2021-08-20 15:00:46.424,16226,16227,16226,1,-1
2021-08-20 15:00:46.425,16226,16227,16226,1,-1
2021-08-20 15:00:46.425,16226,16227,16226,1,-1
2021-08-20 15:00:46.478,16226,16227,16226,3,-3
2021-08-20 15:00:46.492,16226,16227,16225,1,-1
2021-08-20 15:00:46.759,16225,16226,16225,3,-3
2021-08-20 15:00:49.607,16224,16226,16226,1,1
2021-08-20 15:00:49.967,16225,16226,16225,1,-1
2021-08-20 15:00:51.727,16225,16226,16226,1,1
2021-08-20 15:00:52.420,16225,16226,16226,1,1
2021-08-20 15:00:53.131,16225,16227,16226,1,-1
2021-08-20 15:00:53.618,16226,16227,16226,1,-1
2021-08-20 15:00:53.657,16226,16227,16225,1,-1
2021-08-20 15:00:53.833,16225,16227,16225,4,-4
2021-08-20 15:00:55.027,16226,16227,16227,3,3
2021-08-20 15:00:55.029,16226,16227,16227,1,1
2021-08-20 15:00:55.137,16227,16228,16228,2,2
2021-08-20 15:00:55.575,16227,16229,16229,2,2
2021-08-20 15:00:55.660,16227,16229,16227,1,-1
2021-08-20 15:00:56.017,16227,16229,16227,1,-1
2021-08-20 15:00:56.923,16227,16228,16228,1,1
2021-08-20 15:00:56.926,16228,16229,16229,6,6
2021-08-20 15:00:56.946,16228,16229,16228,2,-2
2021-08-20 15:00:56.993,16228,16229,16229,4,4
2021-08-20 15:00:57.712,16229,16230,16230,1,1
2021-08-20 15:00:57.765,16229,16230,16229,1,-1
2021-08-20 15:00:57.796,16229,16230,16228,1,-1
2021-08-20 15:00:58.184,16228,16229,16229,1,1
2021-08-20 15:00:58.337,16228,16230,16230,1,1
2021-08-20 15:00:58.868,16228,16230,16230,17,17
2021-08-20 15:00:59.362,16230,16231,16231,1,1
2021-08-20 15:00:59.879,16231,16232,16232,4,4
2021-08-20 15:00:59.879,16231,16232,16233,1,1
2021-08-20 15:01:00.077,16231,16233,16233,1,1
2021-08-20 15:01:00.275,16231,16233,16231,1,-1
2021-08-20 15:01:00.699,16231,16233,16233,1,1
2021-08-20 15:01:00.765,16231,16233,16231,1,-1
2021-08-20 15:01:01.283,16231,16233,16232,1,1
2021-08-20 15:01:01.292,16231,16233,16231,1,-1
2021-08-20 15:01:01.302,16231,16232,16231,1,-1
2021-08-20 15:01:01.307,16231,16232,16232,1,1
2021-08-20 15:01:01.311,16231,16232,16232,1,1
2021-08-20 15:01:01.364,16231,16232,16232,1,1
2021-08-20 15:01:01.369,16231,16232,16232,2,2
2021-08-20 15:01:01.369,16231,16232,16233,8,8
2021-08-20 15:01:01.391,16231,16232,16232,1,1
2021-08-20 15:01:02.117,16231,16233,16231,1,-1
2021-08-20 15:01:02.130,16231,16233,16233,1,1
2021-08-20 15:01:02.432,16232,16233,16233,2,2
2021-08-20 15:01:02.432,16232,16233,16233,1,1
2021-08-20 15:01:02.627,16233,16234,16234,1,1
2021-08-20 15:01:02.628,16233,16234,16234,3,3
2021-08-20 15:01:02.628,16233,16234,16234,5,5
2021-08-20 15:01:02.633,16233,16234,16234,1,1
2021-08-20 15:01:02.817,16233,16235,16235,2,2
2021-08-20 15:01:02.818,16233,16235,16235,6,6
2021-08-20 15:01:02.860,16233,16235,16236,1,1
2021-08-20 15:01:03.160,16235,16236,16235,3,-3
2021-08-20 15:01:03.209,16234,16235,16235,1,1
2021-08-20 15:01:03.234,16234,16235,16235,1,1
2021-08-20 15:01:03.462,16234,16235,16234,2,-2
2021-08-20 15:01:04.249,16234,16236,16234,1,-1
2021-08-20 15:01:04.537,16234,16235,16235,1,1
2021-08-20 15:01:04.655,16235,16236,16235,1,-1
2021-08-20 15:01:04.655,16235,16236,16234,1,-1
2021-08-20 15:01:04.932,16235,16236,16236,1,1
2021-08-20 15:01:05.416,16235,16237,16235,1,-1
2021-08-20 15:01:05.617,16235,16237,16235,1,-1
2021-08-20 15:01:05.958,16235,16237,16235,1,-1
2021-08-20 15:01:06.059,16235,16237,16235,1,-1
2021-08-20 15:01:06.224,16235,16237,16236,1,1
2021-08-20 15:01:06.246,16235,16237,16237,2,2
2021-08-20 15:01:06.301,16235,16237,16237,2,2
2021-08-20 15:01:06.739,16236,16238,16238,28,28
2021-08-20 15:01:06.800,16237,16239,16239,3,3
2021-08-20 15:01:06.996,16237,16240,16240,4,4
2021-08-20 15:01:06.998,16237,16240,16240,3,3
2021-08-20 15:01:07.572,16239,16241,16239,5,-5
2021-08-20 15:01:07.574,16239,16241,16239,1,-1
2021-08-20 15:01:07.677,16237,16239,16237,1,-1
2021-08-20 15:01:07.677,16237,16239,16237,1,-1
2021-08-20 15:01:07.679,16237,16239,16236,1,-1
2021-08-20 15:01:08.012,16235,16237,16235,1,-1
2021-08-20 15:01:09.070,16235,16237,16237,1,1
2021-08-20 15:01:09.334,16235,16237,16237,1,1
2021-08-20 15:01:12.142,16237,16238,16237,1,-1
2021-08-20 15:01:12.629,16236,16238,16238,1,1
2021-08-20 15:01:12.749,16237,16239,16239,1,1
2021-08-20 15:01:12.920,16238,16240,16238,1,-1
2021-08-20 15:01:13.635,16238,16239,16239,2,2
2021-08-20 15:01:13.635,16238,16239,16240,13,13
2021-08-20 15:01:14.485,16240,16241,16240,1,-1
2021-08-20 15:01:15.479,16240,16241,16240,1,-1
2021-08-20 15:01:16.061,16240,16241,16240,37,-37
2021-08-20 15:01:16.061,16240,16241,16239,2,-2
2021-08-20 15:01:16.155,16240,16241,16238,1,-1
2021-08-20 15:01:16.175,16238,16239,16238,1,-1
2021-08-20 15:01:16.317,16237,16239,16239,1,1
2021-08-20 15:01:16.479,16237,16239,16239,1,1
2021-08-20 15:01:16.504,16237,16239,16238,1,-1
2021-08-20 15:01:16.845,16237,16238,16238,1,1
2021-08-20 15:01:16.847,16237,16238,16238,1,1
2021-08-20 15:01:16.947,16237,16239,16239,1,1
2021-08-20 15:01:16.970,16237,16239,16237,3,-3
2021-08-20 15:01:16.970,16237,16239,16236,10,-10
2021-08-20 15:01:16.970,16237,16239,16235,2,-2
2021-08-20 15:01:18.260,16235,16237,16237,1,1
2021-08-20 15:01:18.302,16235,16237,16235,1,-1
2021-08-20 15:01:18.303,16235,16237,16235,1,-1
2021-08-20 15:01:18.372,16235,16237,16235,1,-1
2021-08-20 15:01:19.151,16235,16237,16238,2,2
2021-08-20 15:01:19.326,16237,16239,16239,1,1
2021-08-20 15:01:20.808,16236,16238,16238,1,1
2021-08-20 15:01:20.913,16236,16238,16238,1,1
2021-08-20 15:01:21.035,16236,16238,16238,1,1
2021-08-20 15:01:21.843,16237,16238,16238,1,1
2021-08-20 15:01:22.746,16238,16239,16239,1,1
2021-08-20 15:01:22.828,16238,16239,16238,1,-1
2021-08-20 15:01:23.439,16237,16238,16237,1,-1
2021-08-20 15:01:23.511,16237,16238,16238,2,2
2021-08-20 15:01:23.511,16237,16238,16239,4,4
2021-08-20 15:01:23.511,16237,16238,16240,28,28
2021-08-20 15:01:23.512,16237,16238,16241,2,2
2021-08-20 15:01:23.512,16237,16238,16240,4,4
2021-08-20 15:01:23.512,16237,16238,16240,13,13
2021-08-20 15:01:23.850,16238,16239,16238,3,-3
2021-08-20 15:01:23.888,16238,16239,16238,7,-7
2021-08-20 15:01:23.925,16237,16238,16237,2,-2
2021-08-20 15:01:24.967,16238,16239,16238,1,1
2021-08-20 15:01:25.766,16238,16239,16238,1,-1
2021-08-20 15:01:25.770,16238,16239,16238,1,-1
2021-08-20 15:01:25.781,16238,16239,16239,14,14
2021-08-20 15:01:25.781,16238,16239,16240,1,1
2021-08-20 15:01:25.862,16240,16241,16240,1,-1
2021-08-20 15:01:25.988,16240,16241,16240,2,-2
2021-08-20 15:01:25.988,16240,16241,16240,1,-1
2021-08-20 15:01:25.989,16240,16241,16240,11,-11
2021-08-20 15:01:26.007,16240,16241,16238,2,-2
2021-08-20 15:01:26.076,16237,16238,16238,3,3
2021-08-20 15:01:26.144,16237,16238,16237,1,-1
2021-08-20 15:01:26.147,16237,16238,16235,1,-1
2021-08-20 15:01:26.381,16235,16237,16236,1,1
2021-08-20 15:01:26.520,16235,16236,16237,1,1
2021-08-20 15:01:26.878,16235,16237,16235,2,-2
2021-08-20 15:01:31.640,16236,16238,16236,1,1
2021-08-20 15:01:31.862,16236,16238,16236,1,-1
2021-08-20 15:01:31.894,16236,16238,16237,1,1
2021-08-20 15:01:32.821,16236,16237,16236,1,-1
2021-08-20 15:01:33.055,16235,16236,16235,1,-1
2021-08-20 15:01:33.055,16235,16236,16235,1,-1
2021-08-20 15:01:33.055,16235,16236,16235,1,-1
2021-08-20 15:01:33.366,16235,16236,16236,1,1
2021-08-20 15:01:33.466,16235,16236,16235,1,-1
2021-08-20 15:01:33.679,16235,16236,16236,1,1
2021-08-20 15:01:33.946,16235,16236,16235,1,-1
2021-08-20 15:01:33.987,16235,16236,16235,1,-1
2021-08-20 15:01:33.988,16235,16236,16235,2,-2
2021-08-20 15:01:33.988,16235,16236,16235,1,-1
2021-08-20 15:01:33.988,16235,16236,16235,1,-1
2021-08-20 15:01:34.008,16235,16236,16234,1,-1
2021-08-20 15:01:34.042,16235,16236,16235,1,1
2021-08-20 15:01:34.703,16235,16236,16236,1,1
2021-08-20 15:01:36.958,16235,16236,16235,1,-1
2021-08-20 15:01:37.648,16235,16236,16235,1,-1
2021-08-20 15:01:37.677,16235,16236,16235,1,-1
2021-08-20 15:01:37.677,16235,16236,16235,1,-1
2021-08-20 15:01:37.677,16235,16236,16235,1,-1
2021-08-20 15:01:37.677,16235,16236,16235,1,-1
2021-08-20 15:01:37.677,16235,16236,16234,1,-1
2021-08-20 15:01:39.359,16233,16234,16234,1,1
2021-08-20 15:01:39.499,16233,16235,16235,1,1
2021-08-20 15:01:40.260,16233,16234,16233,4,-4
2021-08-20 15:01:41.574,16230,16232,16232,2,2
2021-08-20 15:01:42.707,16231,16232,16231,1,-1
2021-08-20 15:01:43.600,16231,16232,16231,1,-1
2021-08-20 15:01:44.404,16230,16231,16230,3,-3
2021-08-20 15:01:44.405,16230,16231,16230,2,-2
2021-08-20 15:01:44.800,16229,16230,16230,1,1
2021-08-20 15:01:45.148,16229,16230,16229,1,-1
2021-08-20 15:01:45.482,16229,16231,16231,1,1
2021-08-20 15:01:45.498,16229,16231,16231,2,2
2021-08-20 15:01:46.342,16229,16231,16231,1,1
2021-08-20 15:01:47.992,16230,16231,16231,1,1
2021-08-20 15:01:48.590,16230,16231,16231,2,2
2021-08-20 15:01:48.697,16230,16231,16230,1,-1
2021-08-20 15:01:50.402,16229,16230,16229,1,-1
2021-08-20 15:01:50.972,16228,16230,16230,2,2
2021-08-20 15:01:50.992,16228,16230,16230,4,4
2021-08-20 15:01:52.675,16228,16229,16228,6,-6
2021-08-20 15:01:53.875,16228,16229,16228,1,-1
2021-08-20 15:01:54.129,16227,16229,16228,1,-1
2021-08-20 15:01:54.131,16227,16229,16228,1,-1
2021-08-20 15:01:55.906,16229,16230,16229,1,1
2021-08-20 15:01:55.906,16229,16230,16228,4,-4
2021-08-20 15:01:56.818,16229,16231,16229,1,1
2021-08-20 15:01:56.921,16229,16231,16229,1,-1
2021-08-20 15:01:59.224,16229,16231,16231,1,1
2021-08-20 15:01:59.226,16229,16231,16231,1,1
2021-08-20 15:01:59.227,16229,16231,16231,1,1
2021-08-20 15:01:59.227,16229,16231,16231,1,1
2021-08-20 15:01:59.302,16230,16232,16230,1,-1
2021-08-20 15:02:00.115,16230,16232,16232,1,1
2021-08-20 15:02:00.138,16230,16232,16232,1,1
2021-08-20 15:02:00.171,16230,16232,16231,1,-1
2021-08-20 15:02:00.784,16231,16232,16231,3,-3
2021-08-20 15:02:00.846,16230,16231,16231,1,1
2021-08-20 15:02:00.846,16230,16231,16231,2,2
2021-08-20 15:02:00.846,16230,16231,16231,3,3
2021-08-20 15:02:00.846,16230,16231,16231,1,1
2021-08-20 15:02:00.874,16230,16231,16232,3,3
2021-08-20 15:02:00.874,16230,16231,16232,1,1
2021-08-20 15:02:01.440,16232,16233,16233,1,1
2021-08-20 15:02:01.551,16233,16234,16234,1,1
2021-08-20 15:02:01.701,16233,16234,16233,4,-4
2021-08-20 15:02:01.701,16233,16234,16232,6,-6
2021-08-20 15:02:03.053,16232,16233,16232,1,-1
2021-08-20 15:02:04.814,16230,16232,16230,1,-1
2021-08-20 15:02:05.142,16229,16231,16231,1,1
2021-08-20 15:02:05.142,16229,16231,16232,8,8
2021-08-20 15:02:05.142,16229,16231,16233,10,10
2021-08-20 15:02:05.142,16229,16231,16234,1,1
2021-08-20 15:02:06.158,16231,16233,16231,1,-1
2021-08-20 15:02:06.582,16232,16234,16232,1,1
2021-08-20 15:02:08.016,16232,16234,16232,1,-1
2021-08-20 15:02:08.052,16232,16234,16234,1,1
2021-08-20 15:02:08.052,16232,16234,16234,1,1
2021-08-20 15:02:08.052,16232,16234,16234,1,1
2021-08-20 15:02:08.053,16232,16234,16234,1,1
2021-08-20 15:02:08.053,16232,16234,16234,1,1
2021-08-20 15:02:08.054,16232,16234,16234,3,3
2021-08-20 15:02:08.054,16232,16234,16234,5,5
2021-08-20 15:02:08.660,16233,16235,16233,1,-1
2021-08-20 15:02:08.724,16233,16235,16233,1,-1
2021-08-20 15:02:08.996,16232,16234,16232,1,-1
2021-08-20 15:02:10.768,16232,16234,16232,1,-1
2021-08-20 15:02:11.404,16231,16232,16232,1,1
2021-08-20 15:02:11.583,16232,16233,16233,1,1
2021-08-20 15:02:12.125,16233,16234,16233,1,-1
2021-08-20 15:02:12.218,16233,16234,16234,2,2
2021-08-20 15:02:13.274,16233,16235,16233,1,-1
2021-08-20 15:02:14.327,16234,16235,16234,1,1
2021-08-20 15:02:14.914,16233,16235,16233,5,-5
2021-08-20 15:02:14.914,16233,16235,16233,5,-5
2021-08-20 15:02:14.914,16233,16235,16233,2,-2
2021-08-20 15:02:14.914,16233,16235,16233,3,-3
2021-08-20 15:02:14.915,16233,16235,16233,1,-1
2021-08-20 15:02:14.915,16233,16235,16233,1,-1
2021-08-20 15:02:18.108,16230,16231,16231,1,1
2021-08-20 15:02:20.524,16231,16232,16232,1,1
2021-08-20 15:02:20.557,16231,16232,16232,1,1
2021-08-20 15:02:21.128,16233,16234,16233,1,1
2021-08-20 15:02:22.050,16233,16234,16233,1,-1
2021-08-20 15:02:22.051,16233,16234,16233,3,-3
2021-08-20 15:02:22.145,16233,16234,16233,2,-2
2021-08-20 15:02:22.175,16233,16234,16233,13,-13
2021-08-20 15:02:23.649,16232,16233,16232,2,-2
2021-08-20 15:02:23.796,16231,16233,16233,2,2
2021-08-20 15:02:24.677,16232,16233,16233,1,1
2021-08-20 15:02:25.253,16233,16234,16234,2,2
2021-08-20 15:02:25.684,16234,16235,16235,1,1
2021-08-20 15:02:26.403,16234,16235,16235,16,16
2021-08-20 15:02:26.407,16234,16235,16236,6,6
2021-08-20 15:02:26.635,16236,16237,16236,1,-1
2021-08-20 15:02:27.715,16236,16237,16237,2,2
2021-08-20 15:02:27.919,16236,16237,16236,1,-1
2021-08-20 15:02:27.919,16236,16237,16235,1,-1
2021-08-20 15:02:29.113,16235,16236,16235,1,-1
2021-08-20 15:02:29.195,16235,16236,16236,1,1
2021-08-20 15:02:30.327,16235,16237,16235,6,-6
2021-08-20 15:02:30.327,16235,16237,16234,4,-4
2021-08-20 15:02:30.327,16235,16237,16233,6,-6
2021-08-20 15:02:30.327,16235,16237,16232,4,-4
2021-08-20 15:02:31.282,16232,16234,16234,1,1
2021-08-20 15:02:31.652,16232,16234,16234,1,1
2021-08-20 15:02:31.666,16232,16234,16235,1,1
2021-08-20 15:02:32.960,16233,16235,16235,1,1
2021-08-20 15:02:33.023,16233,16235,16235,1,1
2021-08-20 15:02:33.023,16233,16235,16236,4,4
2021-08-20 15:02:33.275,16233,16236,16236,5,5
2021-08-20 15:02:33.453,16234,16236,16236,1,1
2021-08-20 15:02:33.453,16234,16236,16237,4,4
2021-08-20 15:02:33.680,16234,16237,16237,3,3
2021-08-20 15:02:33.680,16234,16237,16238,2,2
2021-08-20 15:02:34.634,16234,16236,16234,2,-2
2021-08-20 15:02:36.599,16234,16235,16234,1,-1
2021-08-20 15:02:36.898,16234,16235,16235,3,3
2021-08-20 15:02:36.898,16234,16235,16236,2,2
2021-08-20 15:02:37.027,16234,16237,16234,1,-1
2021-08-20 15:02:37.196,16234,16237,16237,5,5
2021-08-20 15:02:39.101,16234,16235,16235,1,1
2021-08-20 15:02:39.101,16234,16235,16236,9,9
2021-08-20 15:02:39.529,16235,16236,16236,1,1
2021-08-20 15:02:39.740,16236,16238,16236,2,-2
2021-08-20 15:02:40.101,16235,16237,16235,1,-1
2021-08-20 15:02:40.193,16235,16236,16235,1,-1
2021-08-20 15:02:40.575,16234,16236,16236,1,1
2021-08-20 15:02:41.807,16235,16236,16236,2,2
2021-08-20 15:02:41.917,16235,16236,16237,3,3
2021-08-20 15:02:41.917,16235,16236,16238,2,2
2021-08-20 15:02:42.105,16236,16238,16238,5,5
2021-08-20 15:02:42.287,16236,16238,16238,5,5
2021-08-20 15:02:42.288,16236,16238,16238,12,12
2021-08-20 15:02:42.494,16238,16239,16239,5,5
2021-08-20 15:02:42.497,16238,16239,16239,1,1
2021-08-20 15:02:42.497,16238,16239,16239,1,1
2021-08-20 15:02:42.660,16238,16240,16240,5,5
2021-08-20 15:02:42.832,16238,16240,16240,5,5
2021-08-20 15:02:42.999,16238,16240,16238,2,-2
2021-08-20 15:02:43.077,16238,16240,16238,1,-1
2021-08-20 15:02:43.174,16238,16240,16238,1,-1
2021-08-20 15:02:43.177,16238,16240,16239,1,1
2021-08-20 15:02:43.360,16237,16240,16239,1,-1
2021-08-20 15:02:44.412,16239,16240,16239,1,-1
2021-08-20 15:02:44.634,16238,16239,16239,1,1
2021-08-20 15:02:44.878,16238,16240,16240,10,10
2021-08-20 15:02:44.943,16239,16240,16240,5,5
2021-08-20 15:02:46.418,16240,16241,16240,1,-1
2021-08-20 15:02:48.264,16240,16241,16240,2,-2
2021-08-20 15:02:48.467,16240,16241,16240,1,-1
2021-08-20 15:02:49.907,16240,16241,16240,1,-1
2021-08-20 15:02:49.907,16240,16241,16239,1,-1
2021-08-20 15:02:49.961,16239,16241,16241,1,1
2021-08-20 15:02:49.962,16239,16241,16241,1,1
2021-08-20 15:02:50.016,16239,16241,16240,1,-1
2021-08-20 15:02:50.130,16240,16242,16239,1,-1
2021-08-20 15:02:50.163,16240,16242,16241,1,1
2021-08-20 15:02:50.163,16240,16242,16242,3,3
2021-08-20 15:02:50.687,16239,16241,16241,1,1
2021-08-20 15:02:51.673,16241,16242,16241,1,-1
2021-08-20 15:02:51.747,16240,16242,16242,10,10
2021-08-20 15:02:52.213,16240,16242,16240,1,-1
2021-08-20 15:02:52.514,16240,16241,16241,1,1
2021-08-20 15:02:52.632,16241,16242,16241,1,-1
2021-08-20 15:02:54.006,16240,16242,16242,5,5
2021-08-20 15:02:54.006,16240,16242,16242,2,2
2021-08-20 15:02:54.519,16242,16243,16242,1,-1
2021-08-20 15:02:55.425,16241,16243,16241,1,-1
2021-08-20 15:02:55.650,16241,16243,16243,4,4
2021-08-20 15:02:55.651,16241,16243,16243,4,4
2021-08-20 15:02:57.672,16242,16243,16242,1,-1
2021-08-20 15:02:59.419,16240,16242,16242,2,2
2021-08-20 15:03:00.126,16240,16241,16240,1,-1
2021-08-20 15:03:00.453,16240,16241,16240,1,-1
2021-08-20 15:03:00.453,16240,16241,16240,2,-2
2021-08-20 15:03:00.454,16240,16241,16240,1,-1
2021-08-20 15:03:00.793,16239,16241,16241,1,1
2021-08-20 15:03:01.231,16239,16241,16240,3,-3
2021-08-20 15:03:01.231,16239,16241,16241,16,16
2021-08-20 15:03:01.231,16239,16241,16242,6,6
2021-08-20 15:03:04.843,16238,16239,16238,6,-6
2021-08-20 15:03:05.175,16235,16237,16237,6,6
2021-08-20 15:03:05.175,16235,16237,16238,10,10
2021-08-20 15:03:05.175,16235,16237,16239,7,7
2021-08-20 15:03:05.175,16235,16237,16240,2,2
2021-08-20 15:03:06.446,16237,16239,16239,2,2
2021-08-20 15:03:06.687,16237,16239,16239,1,1
2021-08-20 15:03:07.343,16236,16238,16235,1,-1
2021-08-20 15:03:10.621,16235,16237,16235,2,-2
2021-08-20 15:03:11.817,16236,16237,16236,1,1
2021-08-20 15:03:12.415,16235,16237,16237,4,4
2021-08-20 15:03:12.415,16235,16237,16238,4,4
2021-08-20 15:03:12.416,16235,16237,16238,12,12
2021-08-20 15:03:12.628,16236,16239,16236,1,-1
2021-08-20 15:03:13.733,16236,16239,16237,1,1
2021-08-20 15:03:15.050,16238,16239,16238,1,1
2021-08-20 15:03:15.236,16237,16239,16237,5,-5
2021-08-20 15:03:16.332,16237,16239,16239,1,1
2021-08-20 15:03:17.680,16239,16240,16239,2,-2
2021-08-20 15:03:18.255,16239,16240,16240,1,1
2021-08-20 15:03:21.899,16239,16240,16239,2,-2
2021-08-20 15:03:22.366,16239,16240,16239,15,-15
2021-08-20 15:03:22.366,16239,16240,16239,1,-1
2021-08-20 15:03:24.331,16238,16239,16238,1,-1
2021-08-20 15:03:24.573,16238,16239,16238,2,-2
2021-08-20 15:03:24.573,16238,16239,16237,4,-4
2021-08-20 15:03:25.531,16237,16239,16239,1,1
2021-08-20 15:03:27.370,16238,16239,16238,1,-1
2021-08-20 15:03:29.680,16237,16238,16237,1,-1
2021-08-20 15:03:30.260,16236,16237,16237,4,4
2021-08-20 15:03:30.260,16236,16237,16238,4,4
2021-08-20 15:03:30.260,16236,16237,16239,8,8
2021-08-20 15:03:30.261,16236,16237,16239,3,3
2021-08-20 15:03:30.261,16236,16237,16239,1,1
2021-08-20 15:03:30.297,16236,16237,16237,1,1
2021-08-20 15:03:30.897,16237,16239,16237,1,-1
2021-08-20 15:03:31.703,16236,16238,16236,1,-1
2021-08-20 15:03:32.294,16236,16238,16236,1,-1
2021-08-20 15:03:34.632,16235,16236,16236,7,7
2021-08-20 15:03:34.632,16235,16236,16236,2,2
2021-08-20 15:03:34.805,16236,16237,16236,10,-10
2021-08-20 15:03:34.805,16236,16237,16236,1,-1
2021-08-20 15:03:34.961,16235,16237,16235,2,-2
2021-08-20 15:03:35.609,16234,16235,16234,1,-1
2021-08-20 15:03:37.114,16234,16235,16234,4,-4
2021-08-20 15:03:37.115,16234,16235,16234,3,-3
2021-08-20 15:03:37.624,16234,16235,16234,2,-2
2021-08-20 15:03:37.683,16233,16235,16233,1,-1
2021-08-20 15:03:37.826,16233,16235,16233,1,-1
2021-08-20 15:03:37.847,16233,16235,16233,1,-1
2021-08-20 15:03:37.966,16233,16235,16233,1,-1
2021-08-20 15:03:40.072,16233,16235,16233,2,-2
2021-08-20 15:03:40.247,16233,16235,16233,1,-1
2021-08-20 15:03:40.313,16233,16235,16233,4,-4
2021-08-20 15:03:41.083,16232,16233,16232,6,-6
2021-08-20 15:03:41.103,16232,16233,16233,1,1
2021-08-20 15:03:41.483,16231,16233,16232,1,-1
2021-08-20 15:03:43.133,16231,16233,16231,4,-4
2021-08-20 15:03:46.392,16231,16233,16231,1,-1
2021-08-20 15:03:47.948,16231,16233,16233,1,1
2021-08-20 15:03:48.087,16231,16234,16231,1,-1
2021-08-20 15:03:53.559,16233,16235,16233,1,1
2021-08-20 15:03:55.878,16231,16234,16231,8,-8
2021-08-20 15:03:56.864,16231,16233,16231,1,-1
2021-08-20 15:03:58.579,16230,16231,16230,1,-1
2021-08-20 15:03:59.899,16230,16232,16230,2,-2
2021-08-20 15:04:01.774,16230,16231,16231,1,1
2021-08-20 15:04:20.249,16230,16231,16231,1,1
2021-08-20 15:04:20.249,16230,16231,16231,1,1
2021-08-20 15:04:21.335,16231,16232,16231,1,-1
2021-08-20 15:04:21.791,16231,16232,16232,1,1
2021-08-20 15:04:21.812,16231,16232,16232,1,1
2021-08-20 15:04:21.812,16231,16232,16232,1,1
2021-08-20 15:04:21.812,16231,16232,16232,1,1
2021-08-20 15:04:21.812,16231,16232,16232,1,1
2021-08-20 15:04:22.894,16233,16234,16234,1,1
2021-08-20 15:04:22.894,16233,16234,16234,1,1
2021-08-20 15:04:23.109,16234,16235,16235,20,20
2021-08-20 15:04:23.110,16234,16235,16236,1,1
2021-08-20 15:04:23.110,16234,16235,16236,1,1
2021-08-20 15:04:23.110,16234,16235,16236,1,1
2021-08-20 15:04:23.243,16235,16237,16237,2,2
2021-08-20 15:04:23.243,16235,16237,16238,1,1
2021-08-20 15:04:24.595,16236,16238,16236,1,-1
2021-08-20 15:04:27.675,16237,16238,16237,4,4
2021-08-20 15:04:29.228,16237,16238,16237,1,-1
2021-08-20 15:04:33.262,16236,16237,16237,3,3
2021-08-20 15:04:35.457,16236,16238,16236,1,-1
2021-08-20 15:04:40.550,16233,16235,16233,2,-2
2021-08-20 15:04:40.550,16233,16235,16233,1,-1
2021-08-20 15:04:43.871,16232,16233,16233,1,1
2021-08-20 15:04:44.935,16233,16235,16235,1,1
2021-08-20 15:04:44.935,16233,16235,16235,1,1
2021-08-20 15:04:45.932,16235,16236,16236,2,2
2021-08-20 15:04:45.932,16235,16236,16236,3,3
2021-08-20 15:04:46.696,16237,16238,16238,3,3
2021-08-20 15:04:47.112,16237,16239,16237,1,-1
2021-08-20 15:04:47.161,16237,16239,16238,2,2
2021-08-20 15:04:47.161,16237,16239,16239,1,1
2021-08-20 15:04:47.812,16236,16238,16238,1,1
2021-08-20 15:04:49.110,16236,16237,16236,1,-1
2021-08-20 15:04:51.935,16235,16236,16235,1,-1
2021-08-20 15:04:52.276,16233,16235,16235,1,1
2021-08-20 15:04:55.841,16234,16236,16236,2,2
2021-08-20 15:04:59.049,16235,16237,16235,1,-1
2021-08-20 15:04:59.049,16235,16237,16234,1,-1
2021-08-20 15:05:01.610,16234,16235,16235,1,1
2021-08-20 15:05:02.834,16235,16237,16237,3,3
2021-08-20 15:05:06.212,16235,16236,16236,1,1
2021-08-20 15:05:08.135,16236,16237,16236,1,-1
2021-08-20 15:05:10.015,16236,16237,16236,1,-1
2021-08-20 15:05:11.162,16234,16236,16236,1,1
2021-08-20 15:05:11.163,16234,16236,16236,1,1
2021-08-20 15:05:11.163,16234,16236,16236,1,1
2021-08-20 15:05:11.163,16234,16236,16236,1,1
2021-08-20 15:05:11.209,16234,16236,16236,1,1
2021-08-20 15:05:13.125,16234,16237,16237,1,1
2021-08-20 15:05:13.947,16235,16237,16237,1,1
2021-08-20 15:05:15.819,16235,16238,16236,1,-1
2021-08-20 15:05:17.340,16236,16238,16238,5,5
2021-08-20 15:05:17.341,16236,16238,16238,5,5
2021-08-20 15:05:21.218,16236,16238,16236,1,-1
2021-08-20 15:05:21.296,16236,16238,16236,1,-1
2021-08-20 15:05:22.259,16236,16238,16237,1,1
2021-08-20 15:05:22.271,16236,16238,16237,1,-1
2021-08-20 15:05:25.669,16235,16237,16237,1,1
2021-08-20 15:05:25.898,16235,16237,16237,5,5
2021-08-20 15:05:29.553,16235,16237,16237,1,1
2021-08-20 15:05:30.393,16235,16236,16235,2,-2
2021-08-20 15:05:30.439,16234,16236,16236,8,8
2021-08-20 15:05:30.439,16234,16236,16237,11,11
2021-08-20 15:05:30.440,16234,16236,16237,4,4
2021-08-20 15:05:30.440,16234,16236,16237,2,2
2021-08-20 15:05:37.729,16234,16235,16234,3,-3
2021-08-20 15:05:37.970,16233,16234,16234,1,1
2021-08-20 15:05:37.970,16233,16234,16235,1,1
2021-08-20 15:05:39.037,16233,16234,16233,5,-5
2021-08-20 15:05:39.914,16232,16234,16232,4,-4
2021-08-20 15:05:39.914,16232,16234,16232,1,-1
2021-08-20 15:05:40.304,16232,16233,16232,1,-1
2021-08-20 15:05:40.305,16232,16233,16232,1,-1
2021-08-20 15:05:43.076,16231,16232,16231,2,-2
2021-08-20 15:05:43.626,16231,16232,16232,1,1
2021-08-20 15:05:44.144,16231,16232,16232,1,1
2021-08-20 15:05:45.533,16232,16233,16232,1,-1
2021-08-20 15:05:46.538,16232,16234,16234,1,1
2021-08-20 15:05:46.736,16232,16234,16232,1,-1
2021-08-20 15:05:49.835,16233,16234,16233,1,1
2021-08-20 15:05:53.016,16233,16235,16234,1,1
2021-08-20 15:05:56.165,16234,16235,16234,1,-1
2021-08-20 15:05:56.165,16234,16235,16234,1,-1
2021-08-20 15:05:56.166,16234,16235,16234,1,-1
2021-08-20 15:05:57.273,16233,16234,16233,1,-1
2021-08-20 15:05:57.273,16233,16234,16233,1,-1
2021-08-20 15:05:57.273,16233,16234,16233,1,-1
2021-08-20 15:05:57.273,16233,16234,16233,4,-4
2021-08-20 15:05:57.274,16233,16234,16233,1,-1
2021-08-20 15:05:57.274,16233,16234,16233,3,-3
2021-08-20 15:05:57.275,16233,16234,16233,10,-10
2021-08-20 15:05:57.999,16232,16233,16232,1,-1
2021-08-20 15:05:59.348,16232,16233,16233,1,1
2021-08-20 15:05:59.785,16232,16233,16233,1,1
2021-08-20 15:06:01.028,16232,16233,16233,3,3
2021-08-20 15:06:01.973,16233,16234,16233,9,-9
2021-08-20 15:06:02.250,16232,16234,16232,1,-1
2021-08-20 15:06:04.063,16232,16233,16233,1,1
2021-08-20 15:06:04.063,16232,16233,16233,1,1
2021-08-20 15:06:04.396,16233,16235,16233,1,-1
2021-08-20 15:06:04.608,16233,16235,16233,1,-1
2021-08-20 15:06:07.882,16233,16235,16233,1,-1
2021-08-20 15:06:08.389,16233,16234,16233,12,-12
2021-08-20 15:06:09.024,16232,16233,16233,1,1
2021-08-20 15:06:09.024,16232,16233,16234,1,1
2021-08-20 15:06:09.996,16233,16234,16233,1,-1
2021-08-20 15:06:09.996,16233,16234,16232,14,-14
2021-08-20 15:06:10.309,16231,16232,16232,1,1
2021-08-20 15:06:13.005,16231,16233,16231,1,-1
2021-08-20 15:06:14.614,16232,16233,16232,1,1
2021-08-20 15:06:15.391,16232,16233,16232,11,-11
2021-08-20 15:06:15.807,16231,16233,16231,1,-1
2021-08-20 15:06:21.313,16232,16233,16233,1,1
2021-08-20 15:06:24.882,16232,16234,16232,1,-1
2021-08-20 15:06:29.575,16232,16233,16232,1,-1
2021-08-20 15:06:32.014,16232,16234,16232,1,-1
2021-08-20 15:06:33.473,16233,16234,16233,2,2
2021-08-20 15:06:33.828,16233,16234,16234,1,1
2021-08-20 15:06:33.829,16233,16234,16234,2,2
2021-08-20 15:06:33.829,16233,16234,16234,10,10
2021-08-20 15:06:35.549,16233,16235,16233,1,-1
2021-08-20 15:06:36.964,16233,16234,16234,1,1
2021-08-20 15:06:37.988,16233,16234,16233,1,-1
2021-08-20 15:06:38.329,16232,16234,16233,1,-1
2021-08-20 15:06:39.586,16232,16234,16232,10,-10
2021-08-20 15:06:39.586,16232,16234,16232,2,-2
2021-08-20 15:06:39.787,16231,16232,16231,8,-8
2021-08-20 15:06:39.787,16231,16232,16231,2,-2
2021-08-20 15:06:40.094,16230,16231,16230,1,-1
2021-08-20 15:06:40.095,16230,16231,16230,1,-1
2021-08-20 15:06:40.095,16230,16231,16230,3,-3
2021-08-20 15:06:40.101,16230,16231,16230,1,-1
2021-08-20 15:06:41.841,16230,16231,16230,3,-3
2021-08-20 15:06:41.872,16230,16231,16229,3,-3
2021-08-20 15:06:43.529,16228,16230,16228,2,-2
2021-08-20 15:06:44.082,16229,16230,16229,1,1
2021-08-20 15:06:47.734,16229,16231,16229,2,-2
2021-08-20 15:06:48.021,16230,16231,16231,1,1
2021-08-20 15:06:48.021,16230,16231,16231,1,1
2021-08-20 15:06:48.021,16230,16231,16231,1,1
2021-08-20 15:06:48.021,16230,16231,16231,1,1
2021-08-20 15:06:48.022,16230,16231,16231,1,1
2021-08-20 15:06:48.022,16230,16231,16231,1,1
2021-08-20 15:06:48.022,16230,16231,16231,3,3
2021-08-20 15:06:48.022,16230,16231,16231,1,1
2021-08-20 15:06:48.115,16230,16231,16231,1,1
2021-08-20 15:06:58.755,16230,16231,16230,2,-2
2021-08-20 15:07:05.534,16229,16230,16229,3,-3
2021-08-20 15:07:05.534,16229,16230,16229,2,-2
2021-08-20 15:07:05.799,16229,16230,16229,5,-5
2021-08-20 15:07:05.830,16229,16230,16229,1,-1
2021-08-20 15:07:06.134,16229,16230,16229,1,-1
2021-08-20 15:07:06.244,16228,16229,16228,1,-1
2021-08-20 15:07:06.303,16228,16229,16228,3,-3
2021-08-20 15:07:06.303,16228,16229,16228,1,-1
2021-08-20 15:07:06.304,16228,16229,16228,1,-1
2021-08-20 15:07:06.304,16228,16229,16228,2,-2
2021-08-20 15:07:06.573,16227,16228,16228,1,1
2021-08-20 15:07:07.889,16228,16229,16229,2,2
2021-08-20 15:07:08.432,16228,16229,16228,1,-1
2021-08-20 15:07:09.495,16228,16229,16229,1,1
2021-08-20 15:07:10.966,16228,16229,16229,1,1
2021-08-20 15:07:10.966,16228,16229,16229,1,1
2021-08-20 15:07:10.967,16228,16229,16229,1,1
2021-08-20 15:07:10.990,16228,16229,16229,1,1
2021-08-20 15:07:10.990,16228,16229,16229,1,1
2021-08-20 15:07:15.279,16228,16229,16228,4,-4
2021-08-20 15:07:16.004,16228,16229,16228,4,-4
2021-08-20 15:07:18.500,16228,16229,16228,1,-1
2021-08-20 15:07:18.773,16228,16229,16228,1,-1
2021-08-20 15:07:19.732,16228,16229,16228,2,-2
2021-08-20 15:07:20.177,16228,16229,16228,1,-1
2021-08-20 15:07:22.256,16228,16229,16228,1,-1
2021-08-20 15:07:23.752,16227,16228,16228,1,1
2021-08-20 15:07:26.460,16227,16228,16227,12,-12
2021-08-20 15:07:26.460,16227,16228,16226,13,-13
2021-08-20 15:07:26.460,16227,16228,16225,5,-5
2021-08-20 15:07:26.591,16225,16227,16227,5,5
2021-08-20 15:07:26.591,16225,16227,16228,4,4
2021-08-20 15:07:26.592,16225,16227,16228,3,3
2021-08-20 15:07:26.612,16225,16227,16226,1,-1
2021-08-20 15:07:26.889,16225,16228,16225,1,-1
2021-08-20 15:07:27.517,16225,16228,16226,1,1
2021-08-20 15:07:28.699,16225,16228,16225,1,-1
2021-08-20 15:07:29.498,16225,16226,16226,1,1
2021-08-20 15:07:29.572,16225,16226,16226,1,1
2021-08-20 15:07:29.679,16226,16228,16226,1,-1
2021-08-20 15:07:32.563,16227,16228,16228,2,2
2021-08-20 15:07:37.320,16227,16229,16229,1,1
2021-08-20 15:07:37.320,16227,16229,16229,3,3
2021-08-20 15:07:38.959,16229,16230,16230,7,7
2021-08-20 15:07:39.407,16230,16231,16230,1,-1
2021-08-20 15:07:42.035,16230,16231,16230,1,-1
2021-08-20 15:07:44.115,16229,16230,16230,3,3
2021-08-20 15:07:44.141,16229,16230,16231,1,1
2021-08-20 15:07:44.365,16230,16231,16231,1,1
2021-08-20 15:07:47.535,16231,16232,16232,1,1
2021-08-20 15:07:49.007,16231,16233,16233,1,1
2021-08-20 15:07:50.378,16231,16232,16231,1,-1
2021-08-20 15:07:55.030,16230,16231,16230,1,-1
2021-08-20 15:07:55.040,16230,16231,16230,1,-1
2021-08-20 15:07:55.376,16230,16231,16230,1,-1
2021-08-20 15:07:55.871,16230,16231,16230,2,-2
2021-08-20 15:07:56.664,16230,16231,16230,1,-1
2021-08-20 15:07:57.794,16230,16231,16230,2,-2
2021-08-20 15:07:59.438,16229,16230,16230,1,1
2021-08-20 15:08:00.796,16229,16230,16229,2,-2
2021-08-20 15:08:02.131,16229,16230,16229,1,-1
2021-08-20 15:08:06.054,16228,16230,16230,1,1
2021-08-20 15:08:07.431,16229,16230,16229,1,-1
2021-08-20 15:08:10.745,16229,16230,16230,1,1
2021-08-20 15:08:10.835,16229,16230,16230,1,1
2021-08-20 15:08:10.836,16229,16230,16230,1,1
2021-08-20 15:08:14.562,16230,16231,16230,1,-1
2021-08-20 15:08:15.905,16230,16231,16231,2,2
2021-08-20 15:08:16.334,16230,16232,16230,1,-1
2021-08-20 15:08:21.820,16231,16232,16231,4,4
2021-08-20 15:08:22.765,16230,16232,16232,2,2
2021-08-20 15:08:23.754,16231,16233,16232,1,-1
2021-08-20 15:08:23.756,16231,16233,16233,2,2
2021-08-20 15:08:23.756,16231,16233,16233,3,3
2021-08-20 15:08:25.423,16233,16234,16233,1,-1
2021-08-20 15:08:26.005,16233,16234,16233,1,-1
2021-08-20 15:08:26.109,16233,16234,16234,1,1
2021-08-20 15:08:26.110,16233,16234,16234,11,11
2021-08-20 15:08:26.175,16233,16235,16235,8,8
2021-08-20 15:08:26.332,16234,16236,16234,1,-1
2021-08-20 15:08:27.202,16234,16236,16234,2,-2
2021-08-20 15:08:27.933,16234,16236,16234,1,-1
2021-08-20 15:08:28.436,16234,16236,16236,1,1
2021-08-20 15:08:28.575,16235,16236,16236,1,1
2021-08-20 15:08:28.667,16235,16236,16236,2,2
2021-08-20 15:08:29.290,16235,16237,16235,1,-1
2021-08-20 15:08:31.031,16236,16237,16236,1,1
2021-08-20 15:08:31.847,16235,16236,16235,2,-2
2021-08-20 15:08:32.902,16234,16235,16235,1,1
2021-08-20 15:08:33.403,16234,16235,16234,3,-3
2021-08-20 15:08:34.342,16233,16234,16234,1,1
2021-08-20 15:08:38.636,16233,16235,16234,2,-2
2021-08-20 15:08:39.324,16234,16235,16234,1,-1
2021-08-20 15:08:39.948,16233,16234,16234,1,1
2021-08-20 15:08:40.281,16234,16235,16234,11,-11
2021-08-20 15:08:43.334,16234,16235,16234,3,-3
2021-08-20 15:08:44.388,16233,16234,16233,1,-1
2021-08-20 15:08:44.388,16233,16234,16233,1,-1
2021-08-20 15:08:47.088,16232,16234,16234,1,1
2021-08-20 15:08:47.370,16233,16235,16234,1,-1
2021-08-20 15:08:47.922,16234,16236,16234,1,-1
2021-08-20 15:08:48.144,16234,16236,16236,1,1
2021-08-20 15:08:52.836,16235,16236,16235,1,-1
2021-08-20 15:08:54.902,16235,16236,16236,1,1
2021-08-20 15:09:00.753,16233,16235,16235,5,5
2021-08-20 15:09:04.404,16233,16235,16235,2,2
2021-08-20 15:09:04.404,16233,16235,16236,2,2
2021-08-20 15:09:06.870,16234,16236,16236,2,2
2021-08-20 15:09:08.443,16234,16235,16235,1,1
2021-08-20 15:09:10.298,16235,16236,16235,1,-1
2021-08-20 15:09:16.754,16235,16236,16236,15,15
2021-08-20 15:09:16.756,16235,16236,16237,4,4
2021-08-20 15:09:16.779,16235,16236,16236,1,1
2021-08-20 15:09:17.588,16237,16238,16237,1,1
2021-08-20 15:09:18.486,16237,16238,16237,1,-1
2021-08-20 15:09:18.549,16237,16238,16238,1,1
2021-08-20 15:09:18.800,16237,16238,16238,3,3
2021-08-20 15:09:18.800,16237,16238,16238,1,1
2021-08-20 15:09:19.267,16238,16239,16238,1,-1
2021-08-20 15:09:19.441,16238,16239,16238,1,-1
2021-08-20 15:09:19.950,16238,16239,16239,1,1
2021-08-20 15:09:19.984,16238,16239,16239,8,8
2021-08-20 15:09:20.159,16238,16240,16240,1,1
2021-08-20 15:09:20.769,16239,16240,16239,2,-2
2021-08-20 15:09:21.498,16238,16239,16239,1,1
2021-08-20 15:09:23.435,16238,16239,16238,1,-1
2021-08-20 15:09:23.498,16238,16239,16238,1,-1
2021-08-20 15:09:24.809,16239,16240,16239,1,1
2021-08-20 15:09:25.405,16239,16240,16239,1,-1
2021-08-20 15:09:25.695,16238,16240,16239,1,-1
2021-08-20 15:09:25.974,16238,16240,16240,1,1
2021-08-20 15:09:26.575,16238,16240,16240,24,24
2021-08-20 15:09:26.580,16238,16240,16241,1,1
2021-08-20 15:09:27.038,16240,16241,16241,1,1
2021-08-20 15:09:27.080,16240,16241,16241,2,2
2021-08-20 15:09:27.279,16240,16241,16241,1,1
2021-08-20 15:09:27.310,16240,16241,16240,1,-1
2021-08-20 15:09:31.019,16241,16242,16241,4,4
2021-08-20 15:09:31.224,16240,16241,16241,1,1
2021-08-20 15:09:32.220,16240,16242,16240,1,-1
2021-08-20 15:09:32.480,16240,16242,16240,1,-1
2021-08-20 15:09:34.391,16240,16242,16242,9,9
2021-08-20 15:09:34.722,16241,16243,16243,1,1
2021-08-20 15:09:34.903,16241,16243,16243,1,1
2021-08-20 15:09:34.928,16241,16243,16243,1,1
2021-08-20 15:09:34.928,16241,16243,16243,1,1
2021-08-20 15:09:34.928,16241,16243,16243,10,10
2021-08-20 15:09:34.929,16241,16243,16243,1,1
2021-08-20 15:09:34.933,16241,16243,16244,1,1
2021-08-20 15:09:34.952,16241,16243,16244,47,47
2021-08-20 15:09:34.953,16241,16243,16245,1,1
2021-08-20 15:09:34.953,16241,16243,16245,1,1
2021-08-20 15:09:34.953,16241,16243,16245,1,1
2021-08-20 15:09:34.953,16241,16243,16245,1,1
2021-08-20 15:09:34.953,16241,16243,16245,14,14
2021-08-20 15:09:34.954,16241,16243,16245,1,1
2021-08-20 15:09:34.954,16241,16243,16245,7,7
2021-08-20 15:09:35.063,16245,16246,16246,3,3
2021-08-20 15:09:35.064,16245,16246,16246,6,6
2021-08-20 15:09:35.464,16245,16247,16247,5,5
2021-08-20 15:09:35.492,16245,16247,16247,1,1
2021-08-20 15:09:35.517,16245,16247,16247,1,1
2021-08-20 15:09:35.742,16245,16247,16247,2,2
2021-08-20 15:09:35.892,16245,16247,16245,1,-1
2021-08-20 15:09:36.097,16245,16247,16245,1,-1
2021-08-20 15:09:36.433,16245,16247,16245,1,-1
2021-08-20 15:09:36.459,16245,16247,16246,1,1
2021-08-20 15:09:36.635,16244,16246,16244,2,-2
2021-08-20 15:09:38.108,16243,16245,16244,2,-2
2021-08-20 15:09:39.003,16244,16245,16244,4,-4
2021-08-20 15:09:39.759,16243,16245,16245,5,5
2021-08-20 15:09:41.470,16244,16246,16246,1,1
2021-08-20 15:09:42.967,16244,16245,16244,2,-2
2021-08-20 15:09:43.181,16244,16245,16245,1,1
2021-08-20 15:09:44.088,16244,16245,16245,2,2
2021-08-20 15:09:45.420,16245,16246,16245,1,-1
2021-08-20 15:09:45.507,16245,16246,16246,1,1
2021-08-20 15:09:45.642,16245,16246,16245,10,-10
2021-08-20 15:09:45.643,16245,16246,16245,1,-1
2021-08-20 15:09:46.208,16244,16246,16244,1,-1
2021-08-20 15:09:48.512,16244,16245,16244,2,-2
2021-08-20 15:09:48.512,16244,16245,16244,2,-2
2021-08-20 15:09:48.513,16244,16245,16244,2,-2
2021-08-20 15:09:48.513,16244,16245,16244,1,-1
2021-08-20 15:09:48.525,16244,16245,16244,1,-1
2021-08-20 15:09:48.745,16244,16245,16244,1,-1
2021-08-20 15:09:49.448,16243,16245,16245,1,1
2021-08-20 15:09:51.070,16243,16245,16245,1,1
2021-08-20 15:09:51.675,16244,16245,16244,1,-1
2021-08-20 15:09:52.471,16243,16245,16243,1,-1
2021-08-20 15:09:55.175,16244,16245,16245,2,2
2021-08-20 15:09:57.650,16244,16245,16245,1,1
2021-08-20 15:09:58.477,16244,16246,16244,1,-1
2021-08-20 15:09:58.666,16245,16246,16245,1,1
2021-08-20 15:09:58.829,16244,16245,16244,1,-1
2021-08-20 15:09:59.499,16244,16245,16245,1,1
2021-08-20 15:09:59.500,16244,16245,16245,1,1
2021-08-20 15:10:00.449,16244,16246,16246,1,1
2021-08-20 15:10:00.851,16245,16246,16245,2,-2
2021-08-20 15:10:01.115,16244,16246,16246,2,2
2021-08-20 15:10:01.432,16244,16246,16246,1,1
2021-08-20 15:10:01.826,16245,16246,16246,1,1
2021-08-20 15:10:02.062,16245,16246,16245,1,-1
2021-08-20 15:10:02.726,16244,16246,16246,1,1
2021-08-20 15:10:03.615,16244,16246,16246,1,1
2021-08-20 15:10:03.616,16244,16246,16246,15,15
2021-08-20 15:10:04.263,16245,16247,16247,3,3
2021-08-20 15:10:04.368,16246,16248,16248,2,2
2021-08-20 15:10:04.480,16246,16248,16248,1,1
2021-08-20 15:10:05.556,16245,16247,16245,1,-1
2021-08-20 15:10:06.502,16244,16246,16245,1,-1
2021-08-20 15:10:06.994,16245,16246,16246,1,1
2021-08-20 15:10:06.994,16245,16246,16247,4,4
2021-08-20 15:10:07.794,16246,16248,16246,1,-1
2021-08-20 15:10:08.164,16246,16248,16248,2,2
2021-08-20 15:10:09.078,16248,16249,16249,11,11
2021-08-20 15:10:09.087,16248,16249,16248,1,-1
2021-08-20 15:10:09.389,16248,16250,16250,1,1
2021-08-20 15:10:09.487,16248,16250,16248,1,-1
2021-08-20 15:10:09.537,16248,16250,16248,1,-1
2021-08-20 15:10:09.871,16248,16249,16249,1,1
2021-08-20 15:10:09.889,16248,16249,16249,2,2
2021-08-20 15:10:09.889,16248,16249,16250,13,13
2021-08-20 15:10:10.487,16249,16250,16249,1,-1
2021-08-20 15:10:10.675,16248,16249,16248,1,-1
2021-08-20 15:10:10.721,16248,16249,16246,1,-1
2021-08-20 15:10:10.797,16248,16249,16246,1,-1
2021-08-20 15:10:10.949,16246,16248,16248,4,4
2021-08-20 15:10:11.122,16246,16249,16247,1,-1
2021-08-20 15:10:11.122,16246,16249,16247,1,-1
2021-08-20 15:10:11.122,16246,16249,16247,1,-1
2021-08-20 15:10:11.122,16246,16249,16247,1,-1
2021-08-20 15:10:11.122,16246,16249,16247,1,-1
2021-08-20 15:10:15.604,16248,16250,16248,1,1
2021-08-20 15:10:16.392,16247,16249,16247,1,-1
2021-08-20 15:10:16.632,16247,16249,16248,1,1
2021-08-20 15:10:16.822,16247,16249,16249,1,1
2021-08-20 15:10:17.897,16248,16249,16249,2,2
2021-08-20 15:10:18.111,16248,16249,16249,5,5
2021-08-20 15:10:18.118,16248,16249,16249,2,2
2021-08-20 15:10:19.215,16248,16250,16248,1,-1
2021-08-20 15:10:19.906,16248,16250,16248,1,-1
2021-08-20 15:10:20.080,16249,16250,16249,1,1
2021-08-20 15:10:20.845,16249,16250,16249,3,-3
2021-08-20 15:10:21.357,16249,16250,16250,1,1
2021-08-20 15:10:21.494,16249,16250,16249,2,-2
2021-08-20 15:10:21.718,16249,16250,16250,1,1
2021-08-20 15:10:22.631,16249,16250,16250,1,1
2021-08-20 15:10:23.015,16249,16250,16249,21,-21
2021-08-20 15:10:23.253,16247,16249,16249,1,1
2021-08-20 15:10:23.507,16247,16249,16249,2,2
2021-08-20 15:10:23.507,16247,16249,16250,11,11
2021-08-20 15:10:23.863,16247,16250,16250,7,7
2021-08-20 15:10:23.863,16247,16250,16251,8,8
2021-08-20 15:10:24.693,16247,16250,16250,1,1
2021-08-20 15:10:25.449,16248,16250,16250,2,2
2021-08-20 15:10:25.857,16248,16251,16251,2,2
2021-08-20 15:10:26.849,16248,16251,16251,1,1
2021-08-20 15:10:26.949,16248,16251,16248,1,-1
2021-08-20 15:10:28.222,16247,16249,16249,3,3
2021-08-20 15:10:29.137,16248,16250,16248,1,-1
2021-08-20 15:10:29.479,16248,16250,16250,1,1
2021-08-20 15:10:31.044,16248,16250,16250,1,1
2021-08-20 15:10:31.994,16248,16251,16249,1,-1
2021-08-20 15:10:32.272,16248,16251,16251,4,4
2021-08-20 15:10:32.976,16248,16251,16251,1,1
2021-08-20 15:10:37.927,16249,16250,16250,1,1
2021-08-20 15:10:37.927,16249,16250,16251,6,6
2021-08-20 15:10:38.765,16249,16251,16251,1,1
2021-08-20 15:10:39.882,16249,16250,16250,1,1
2021-08-20 15:10:39.976,16249,16250,16249,2,-2
2021-08-20 15:10:40.675,16248,16249,16248,11,-11
2021-08-20 15:10:40.800,16247,16248,16247,7,-7
2021-08-20 15:10:40.800,16247,16248,16247,7,-7
2021-08-20 15:10:40.988,16246,16248,16248,1,1
2021-08-20 15:10:41.774,16246,16247,16247,1,1
2021-08-20 15:10:43.009,16246,16247,16246,1,-1
2021-08-20 15:10:43.409,16245,16246,16245,2,-2
2021-08-20 15:10:44.349,16244,16245,16245,4,4
2021-08-20 15:10:44.350,16244,16245,16245,9,9
2021-08-20 15:10:44.759,16244,16245,16244,1,-1
2021-08-20 15:10:45.282,16243,16245,16243,1,-1
2021-08-20 15:10:47.753,16243,16245,16245,1,1
2021-08-20 15:10:48.800,16244,16245,16245,1,1
2021-08-20 15:10:53.175,16244,16245,16245,3,3
2021-08-20 15:10:53.675,16245,16246,16246,1,1
2021-08-20 15:10:58.908,16244,16245,16244,2,-2
2021-08-20 15:10:58.955,16243,16245,16243,1,-1
2021-08-20 15:10:59.982,16243,16244,16245,1,1
2021-08-20 15:11:00.008,16243,16244,16245,2,2
2021-08-20 15:11:00.008,16243,16244,16246,5,5
2021-08-20 15:11:00.486,16243,16246,16246,1,1
2021-08-20 15:11:00.798,16243,16245,16244,2,-2
2021-08-20 15:11:01.133,16243,16245,16243,1,-1
2021-08-20 15:11:10.030,16243,16244,16244,1,1
2021-08-20 15:11:10.030,16243,16244,16245,4,4
2021-08-20 15:11:11.203,16243,16245,16243,1,-1
2021-08-20 15:11:13.314,16244,16245,16245,1,1
2021-08-20 15:11:18.140,16244,16245,16245,1,1
2021-08-20 15:11:21.199,16244,16245,16244,1,-1
2021-08-20 15:11:22.177,16244,16245,16244,3,-3
2021-08-20 15:11:22.675,16243,16244,16243,1,-1
2021-08-20 15:11:22.875,16243,16244,16243,1,-1
2021-08-20 15:11:22.875,16243,16244,16243,3,-3
2021-08-20 15:11:22.876,16243,16244,16243,10,-10
2021-08-20 15:11:23.772,16242,16244,16242,3,-3
2021-08-20 15:11:23.797,16242,16244,16241,1,-1
2021-08-20 15:11:23.903,16241,16242,16242,1,1
2021-08-20 15:11:26.085,16241,16242,16241,3,-3
2021-08-20 15:11:26.309,16240,16242,16242,6,6
2021-08-20 15:11:26.310,16240,16242,16242,7,7
2021-08-20 15:11:27.199,16240,16242,16240,1,-1
2021-08-20 15:11:27.226,16240,16242,16240,1,-1
2021-08-20 15:11:27.425,16239,16240,16240,1,1
2021-08-20 15:11:28.226,16239,16240,16239,3,-3
2021-08-20 15:11:30.329,16238,16239,16239,3,3
2021-08-20 15:11:30.329,16238,16239,16240,1,1
2021-08-20 15:11:31.602,16238,16239,16238,4,-4
2021-08-20 15:11:32.394,16238,16239,16238,13,-13
2021-08-20 15:11:34.619,16237,16239,16237,2,-2
2021-08-20 15:11:34.619,16237,16239,16236,6,-6
2021-08-20 15:11:34.620,16237,16239,16236,1,-1
2021-08-20 15:11:34.620,16237,16239,16236,1,-1
2021-08-20 15:11:34.879,16236,16238,16236,1,-1
2021-08-20 15:11:35.729,16236,16239,16236,3,-3
2021-08-20 15:11:39.230,16236,16237,16237,1,1
2021-08-20 15:11:39.230,16236,16237,16237,1,1
2021-08-20 15:11:41.271,16236,16238,16236,1,-1
2021-08-20 15:11:42.728,16235,16238,16236,1,-1
2021-08-20 15:11:44.339,16236,16238,16236,1,-1
2021-08-20 15:11:45.476,16237,16238,16237,1,1
2021-08-20 15:11:47.266,16236,16238,16238,3,3
2021-08-20 15:11:47.266,16236,16238,16239,8,8
2021-08-20 15:11:47.266,16236,16238,16240,11,11
2021-08-20 15:11:47.268,16236,16238,16241,2,2
2021-08-20 15:11:47.268,16236,16238,16240,1,1
2021-08-20 15:11:47.270,16236,16238,16241,1,1
2021-08-20 15:11:47.270,16236,16238,16241,1,1
2021-08-20 15:11:47.617,16240,16242,16241,1,-1
2021-08-20 15:11:47.787,16240,16241,16240,1,-1
2021-08-20 15:11:47.929,16241,16242,16241,1,1
2021-08-20 15:11:47.929,16241,16242,16241,1,-1
2021-08-20 15:11:49.072,16240,16241,16241,1,1
2021-08-20 15:11:49.072,16240,16241,16241,1,1
2021-08-20 15:11:49.078,16240,16241,16241,1,1
2021-08-20 15:11:50.185,16240,16242,16240,2,-2
2021-08-20 15:11:50.189,16240,16242,16240,5,-5
2021-08-20 15:11:50.190,16240,16242,16240,1,-1
2021-08-20 15:11:50.190,16240,16242,16240,25,-25
2021-08-20 15:11:50.190,16240,16242,16240,1,-1
2021-08-20 15:11:50.190,16240,16242,16240,1,-1
2021-08-20 15:11:50.191,16240,16242,16240,1,-1
2021-08-20 15:11:50.191,16240,16242,16240,6,-6
2021-08-20 15:11:50.191,16240,16242,16240,9,-9
2021-08-20 15:11:50.194,16240,16242,16239,1,-1
2021-08-20 15:11:52.376,16236,16238,16236,1,-1
2021-08-20 15:11:53.058,16235,16236,16236,1,1
2021-08-20 15:11:54.308,16238,16240,16240,1,1
2021-08-20 15:11:57.397,16239,16240,16240,1,1
2021-08-20 15:11:57.470,16240,16241,16239,2,-2
2021-08-20 15:11:58.907,16238,16240,16238,1,-1
2021-08-20 15:12:01.550,16239,16240,16239,1,1
2021-08-20 15:12:01.952,16238,16240,16240,3,3
2021-08-20 15:12:02.218,16238,16241,16239,1,-1
2021-08-20 15:12:02.958,16239,16241,16241,1,1
2021-08-20 15:12:02.959,16239,16241,16241,1,1
2021-08-20 15:12:03.521,16240,16242,16241,1,-1
2021-08-20 15:12:04.911,16240,16242,16240,1,-1
2021-08-20 15:12:05.812,16240,16242,16241,2,2
2021-08-20 15:12:07.237,16240,16242,16241,1,-1
2021-08-20 15:12:07.237,16240,16242,16241,1,-1
2021-08-20 15:12:07.993,16240,16242,16241,1,-1
2021-08-20 15:12:09.763,16240,16242,16242,1,1
2021-08-20 15:12:09.763,16240,16242,16242,1,1
2021-08-20 15:12:09.763,16240,16242,16242,1,1
2021-08-20 15:12:09.763,16240,16242,16242,1,1
2021-08-20 15:12:09.925,16242,16243,16243,1,1
2021-08-20 15:12:11.602,16242,16244,16242,1,-1
2021-08-20 15:12:12.536,16241,16243,16241,3,-3
2021-08-20 15:12:17.197,16241,16242,16241,3,-3
2021-08-20 15:12:17.197,16241,16242,16241,1,-1
2021-08-20 15:12:19.612,16240,16242,16242,4,4
2021-08-20 15:12:19.794,16242,16243,16243,1,1
2021-08-20 15:12:22.476,16240,16242,16240,1,-1
2021-08-20 15:12:22.548,16240,16242,16240,1,-1
2021-08-20 15:12:22.725,16240,16242,16240,1,-1
2021-08-20 15:12:23.104,16240,16241,16240,2,-2
2021-08-20 15:12:23.104,16240,16241,16239,16,-16
2021-08-20 15:12:23.104,16240,16241,16238,2,-2
2021-08-20 15:12:28.596,16238,16239,16238,1,-1
2021-08-20 15:12:30.216,16237,16238,16237,10,-10
2021-08-20 15:12:37.179,16237,16238,16238,1,1
2021-08-20 15:12:37.319,16238,16240,16238,1,-1
2021-08-20 15:12:38.494,16238,16240,16238,4,-4
2021-08-20 15:12:40.605,16238,16240,16238,1,-1
2021-08-20 15:12:42.751,16238,16240,16238,1,-1
2021-08-20 15:12:42.751,16238,16240,16237,1,-1
2021-08-20 15:12:47.301,16238,16240,16240,1,1
2021-08-20 15:12:47.819,16240,16241,16241,1,1
2021-08-20 15:12:52.372,16240,16242,16242,1,1
2021-08-20 15:12:52.657,16241,16243,16241,1,-1
2021-08-20 15:12:58.686,16242,16244,16242,1,1
2021-08-20 15:13:00.091,16243,16244,16243,1,1
2021-08-20 15:13:00.091,16243,16244,16242,1,-1
2021-08-20 15:13:01.284,16243,16244,16244,2,2
2021-08-20 15:13:02.211,16243,16245,16243,1,-1
2021-08-20 15:13:03.182,16244,16245,16245,4,4
2021-08-20 15:13:03.544,16244,16246,16244,1,-1
2021-08-20 15:13:05.783,16242,16245,16245,2,2
2021-08-20 15:13:06.083,16243,16246,16244,1,-1
2021-08-20 15:13:07.444,16245,16246,16246,1,1
2021-08-20 15:13:10.116,16246,16247,16246,1,-1
2021-08-20 15:13:12.136,16244,16247,16244,1,-1
2021-08-20 15:13:13.499,16245,16247,16247,4,4
2021-08-20 15:13:14.537,16246,16248,16246,1,-1
2021-08-20 15:13:15.378,16246,16248,16246,1,-1
2021-08-20 15:13:17.449,16244,16247,16247,2,2
2021-08-20 15:13:19.590,16247,16248,16247,1,-1
2021-08-20 15:13:19.782,16247,16248,16248,3,3
2021-08-20 15:13:19.783,16247,16248,16248,1,1
2021-08-20 15:13:21.188,16247,16248,16247,1,-1
2021-08-20 15:13:23.897,16247,16248,16248,1,1
2021-08-20 15:13:23.897,16247,16248,16248,1,1
2021-08-20 15:13:24.634,16247,16249,16248,1,-1
2021-08-20 15:13:24.735,16247,16249,16249,3,3
2021-08-20 15:13:24.811,16248,16250,16248,2,-2
2021-08-20 15:13:26.044,16248,16250,16248,1,-1
2021-08-20 15:13:26.618,16248,16250,16250,1,1
2021-08-20 15:13:27.398,16248,16250,16249,1,-1
2021-08-20 15:13:30.530,16248,16249,16249,1,1
2021-08-20 15:13:40.466,16248,16249,16249,2,2
2021-08-20 15:13:42.307,16248,16249,16249,2,2
2021-08-20 15:13:42.762,16249,16250,16250,26,26
2021-08-20 15:13:42.763,16249,16250,16251,1,1
2021-08-20 15:13:42.763,16249,16250,16251,3,3
2021-08-20 15:13:43.135,16250,16252,16252,2,2
2021-08-20 15:13:43.787,16250,16252,16252,12,12
2021-08-20 15:13:43.789,16250,16252,16253,9,9
2021-08-20 15:13:43.789,16250,16252,16253,1,1
2021-08-20 15:13:43.790,16250,16252,16253,1,1
2021-08-20 15:13:43.790,16250,16252,16253,1,1
2021-08-20 15:13:43.790,16250,16252,16253,1,1
2021-08-20 15:13:43.790,16250,16252,16253,1,1
2021-08-20 15:13:43.790,16250,16252,16253,1,1
2021-08-20 15:13:43.790,16250,16252,16253,2,2
2021-08-20 15:13:43.885,16252,16254,16254,2,2
2021-08-20 15:13:43.901,16252,16254,16252,1,-1
2021-08-20 15:13:43.903,16252,16254,16253,1,1
2021-08-20 15:13:43.985,16252,16254,16252,1,-1
2021-08-20 15:13:44.311,16252,16254,16252,4,-4
2021-08-20 15:13:44.582,16252,16254,16254,4,4
2021-08-20 15:13:44.868,16253,16255,16255,4,4
2021-08-20 15:13:44.937,16253,16255,16253,1,-1
2021-08-20 15:13:44.957,16253,16255,16254,1,1
2021-08-20 15:13:45.050,16253,16254,16253,2,-2
2021-08-20 15:13:47.549,16252,16254,16252,1,-1
2021-08-20 15:13:48.090,16249,16251,16250,1,-1
2021-08-20 15:13:48.914,16249,16250,16250,3,3
2021-08-20 15:13:48.914,16249,16250,16251,8,8
2021-08-20 15:13:48.914,16249,16250,16252,2,2
2021-08-20 15:13:49.925,16250,16251,16250,1,-1
2021-08-20 15:13:52.091,16249,16251,16251,1,1
2021-08-20 15:13:52.925,16250,16251,16250,1,-1
2021-08-20 15:13:54.925,16249,16250,16249,2,-2
2021-08-20 15:13:55.752,16248,16250,16249,4,-4
2021-08-20 15:13:55.792,16248,16250,16250,1,1
2021-08-20 15:13:58.750,16249,16250,16250,1,1
2021-08-20 15:13:58.805,16250,16251,16251,1,1
2021-08-20 15:13:59.038,16250,16252,16250,1,-1
2021-08-20 15:13:59.917,16250,16252,16252,3,3
2021-08-20 15:14:00.014,16251,16253,16252,1,-1
2021-08-20 15:14:01.453,16250,16252,16250,1,-1
2021-08-20 15:14:01.552,16250,16252,16252,1,1
2021-08-20 15:14:01.552,16250,16252,16252,1,1
2021-08-20 15:14:02.096,16250,16252,16252,4,4
2021-08-20 15:14:02.096,16250,16252,16253,1,1
2021-08-20 15:14:02.102,16250,16252,16252,2,2
2021-08-20 15:14:02.102,16250,16252,16253,1,1
2021-08-20 15:14:02.334,16250,16253,16253,1,1
2021-08-20 15:14:03.124,16251,16253,16253,2,2
2021-08-20 15:14:04.123,16251,16253,16253,1,1
2021-08-20 15:14:04.270,16251,16253,16253,1,1
2021-08-20 15:14:06.530,16250,16252,16252,1,1
2021-08-20 15:14:06.530,16250,16252,16253,1,1
2021-08-20 15:14:06.905,16251,16253,16253,1,1
2021-08-20 15:14:07.167,16251,16253,16253,1,1
2021-08-20 15:14:07.177,16251,16253,16253,1,1
2021-08-20 15:14:07.177,16251,16253,16253,1,1
2021-08-20 15:14:07.178,16251,16253,16254,1,1
2021-08-20 15:14:07.178,16251,16253,16254,1,1
2021-08-20 15:14:11.018,16251,16252,16251,1,-1
2021-08-20 15:14:11.175,16251,16252,16251,1,-1
2021-08-20 15:14:12.335,16250,16252,16250,2,-2
2021-08-20 15:14:12.769,16250,16252,16252,3,3
2021-08-20 15:14:12.941,16252,16253,16253,2,2
2021-08-20 15:14:13.282,16252,16253,16252,2,-2
2021-08-20 15:14:13.282,16252,16253,16251,1,-1
2021-08-20 15:14:13.837,16251,16252,16252,1,1
2021-08-20 15:14:13.837,16251,16252,16253,3,3
2021-08-20 15:14:14.675,16251,16252,16252,1,1
2021-08-20 15:14:14.675,16251,16252,16253,3,3
2021-08-20 15:14:16.335,16251,16252,16251,1,-1
2021-08-20 15:14:17.175,16250,16251,16250,1,-1
2021-08-20 15:14:17.303,16250,16251,16251,1,1
2021-08-20 15:14:17.303,16250,16251,16251,1,1
2021-08-20 15:14:20.730,16250,16251,16251,4,4
2021-08-20 15:14:21.719,16251,16252,16251,9,-9
2021-08-20 15:14:21.915,16250,16251,16250,3,-3
2021-08-20 15:14:25.126,16250,16251,16250,3,-3
2021-08-20 15:14:25.832,16250,16251,16250,1,-1
2021-08-20 15:14:25.833,16250,16251,16250,1,-1
2021-08-20 15:14:25.833,16250,16251,16250,1,-1
2021-08-20 15:14:27.105,16249,16250,16250,2,2
2021-08-20 15:14:27.105,16249,16250,16251,4,4
2021-08-20 15:14:27.949,16249,16251,16249,1,-1
2021-08-20 15:14:31.157,16249,16250,16249,16,-16
2021-08-20 15:14:31.157,16249,16250,16249,8,-8
2021-08-20 15:14:31.158,16249,16250,16249,5,-5
2021-08-20 15:14:31.161,16249,16250,16248,3,-3
2021-08-20 15:14:31.653,16247,16248,16247,2,-2
2021-08-20 15:14:31.800,16247,16248,16247,7,-7
2021-08-20 15:14:31.807,16247,16248,16248,1,1
2021-08-20 15:14:34.331,16246,16247,16247,1,1
2021-08-20 15:14:34.367,16246,16247,16247,1,1
2021-08-20 15:14:34.426,16246,16248,16248,1,1
2021-08-20 15:14:35.169,16246,16248,16248,1,1
2021-08-20 15:14:37.895,16246,16248,16246,1,-1
2021-08-20 15:14:38.727,16246,16248,16246,1,-1
2021-08-20 15:14:38.801,16246,16248,16248,1,1
2021-08-20 15:14:38.802,16246,16248,16248,1,1
2021-08-20 15:14:38.803,16246,16248,16248,1,1
2021-08-20 15:14:39.857,16246,16248,16248,1,1
2021-08-20 15:14:40.375,16246,16248,16248,2,2
2021-08-20 15:14:44.387,16247,16250,16250,1,1
2021-08-20 15:14:44.458,16248,16251,16248,2,-2
2021-08-20 15:14:44.698,16247,16250,16250,2,2
2021-08-20 15:14:45.408,16249,16250,16249,1,-1
2021-08-20 15:14:45.505,16249,16250,16250,1,1
2021-08-20 15:14:48.276,16250,16251,16251,1,1
2021-08-20 15:14:48.925,16251,16252,16252,1,1
2021-08-20 15:14:49.135,16251,16253,16253,1,1
2021-08-20 15:14:49.177,16251,16253,16253,1,1
2021-08-20 15:14:49.177,16251,16253,16253,1,1
2021-08-20 15:14:51.629,16251,16252,16252,1,1
2021-08-20 15:14:53.138,16252,16253,16252,3,-3
2021-08-20 15:14:53.138,16252,16253,16251,2,-2
2021-08-20 15:14:54.984,16250,16252,16250,1,-1
2021-08-20 15:14:55.509,16251,16252,16252,1,1
2021-08-20 15:14:56.807,16251,16252,16252,1,1
2021-08-20 15:14:56.807,16251,16252,16252,1,1
2021-08-20 15:14:57.205,16250,16253,16250,1,-1
2021-08-20 15:14:59.439,16251,16252,16251,1,1
2021-08-20 15:14:59.774,16250,16251,16250,4,-4
2021-08-20 15:14:59.943,16250,16251,16250,1,-1
2021-08-20 15:15:00.094,16249,16250,16249,1,-1
2021-08-20 15:15:00.178,16248,16250,16250,1,1
2021-08-20 15:15:00.566,16249,16251,16251,1,1
2021-08-20 15:15:00.592,16249,16251,16251,1,1
2021-08-20 15:15:00.606,16249,16251,16252,1,1
2021-08-20 15:15:00.818,16249,16252,16252,2,2
2021-08-20 15:15:01.344,16249,16251,16251,1,1
2021-08-20 15:15:01.428,16249,16252,16252,1,1
2021-08-20 15:15:01.739,16249,16252,16252,1,1
2021-08-20 15:15:01.739,16249,16252,16252,1,1
2021-08-20 15:15:01.754,16249,16252,16252,2,2
2021-08-20 15:15:01.754,16249,16252,16252,1,1
2021-08-20 15:15:01.758,16249,16252,16252,1,1
2021-08-20 15:15:01.760,16249,16252,16252,4,4
2021-08-20 15:15:02.083,16250,16253,16253,1,1
2021-08-20 15:15:03.045,16250,16252,16250,1,-1
2021-08-20 15:15:04.217,16249,16251,16251,1,1
2021-08-20 15:15:05.871,16250,16252,16250,2,-2
2021-08-20 15:15:06.449,16249,16250,16250,1,1
2021-08-20 15:15:08.805,16249,16251,16251,1,1
2021-08-20 15:15:08.927,16250,16251,16251,1,1
2021-08-20 15:15:10.207,16250,16251,16250,1,-1
2021-08-20 15:15:11.478,16249,16250,16250,3,3
2021-08-20 15:15:12.000,16250,16251,16250,2,-2
2021-08-20 15:15:12.282,16249,16251,16251,1,1
2021-08-20 15:15:15.182,16249,16252,16249,2,-2
2021-08-20 15:15:17.323,16250,16252,16252,1,1
2021-08-20 15:15:22.336,16250,16251,16251,1,1
2021-08-20 15:15:22.428,16250,16251,16251,1,1
2021-08-20 15:15:24.744,16251,16252,16252,2,2
2021-08-20 15:15:26.078,16252,16253,16253,1,1
2021-08-20 15:15:26.079,16252,16253,16253,1,1
2021-08-20 15:15:26.079,16252,16253,16253,6,6
2021-08-20 15:15:26.079,16252,16253,16253,1,1
2021-08-20 15:15:26.079,16252,16253,16253,1,1
2021-08-20 15:15:27.797,16251,16254,16251,1,-1
2021-08-20 15:15:27.802,16251,16254,16254,1,1
2021-08-20 15:15:31.532,16252,16254,16252,1,-1
2021-08-20 15:15:31.679,16252,16254,16252,2,-2
2021-08-20 15:15:31.727,16252,16254,16252,11,-11
2021-08-20 15:15:37.148,16251,16252,16251,1,-1
2021-08-20 15:15:39.599,16251,16252,16252,1,1
2021-08-20 15:15:41.614,16251,16252,16252,3,3
2021-08-20 15:15:42.000,16251,16253,16253,3,3
2021-08-20 15:15:44.329,16251,16253,16251,1,-1
2021-08-20 15:15:55.933,16251,16253,16251,1,-1
2021-08-20 15:15:58.955,16251,16253,16251,1,-1
2021-08-20 15:15:58.955,16251,16253,16251,1,-1
2021-08-20 15:15:58.955,16251,16253,16251,2,-2
2021-08-20 15:15:58.955,16251,16253,16251,7,-7
2021-08-20 15:15:58.955,16251,16253,16251,1,-1
2021-08-20 15:15:58.955,16251,16253,16251,1,-1
2021-08-20 15:15:59.695,16250,16252,16251,1,-1
2021-08-20 15:16:00.182,16250,16251,16250,3,-3
2021-08-20 15:16:00.953,16249,16251,16249,1,-1
2021-08-20 15:16:02.300,16249,16250,16249,2,-2
2021-08-20 15:16:02.592,16248,16250,16248,1,-1
2021-08-20 15:16:03.050,16247,16249,16249,2,2
2021-08-20 15:16:03.873,16247,16249,16249,3,3
2021-08-20 15:16:06.356,16249,16251,16249,9,-9
2021-08-20 15:16:06.356,16249,16251,16249,1,-1
2021-08-20 15:16:12.531,16246,16248,16246,1,-1
2021-08-20 15:16:15.588,16247,16249,16247,2,2
2021-08-20 15:16:15.853,16247,16249,16247,1,-1
2021-08-20 15:16:16.174,16247,16249,16249,1,1
2021-08-20 15:16:16.290,16248,16250,16250,1,1
2021-08-20 15:16:18.924,16247,16250,16250,1,1
2021-08-20 15:16:22.165,16247,16249,16247,1,-1
2021-08-20 15:16:22.834,16248,16249,16249,1,1
2021-08-20 15:16:31.094,16248,16249,16248,1,-1
2021-08-20 15:16:32.207,16248,16249,16249,1,1
2021-08-20 15:16:33.744,16248,16249,16248,7,-7
2021-08-20 15:16:33.744,16248,16249,16248,5,-5
2021-08-20 15:16:34.925,16247,16248,16247,1,-1
2021-08-20 15:16:36.767,16247,16248,16247,1,-1
2021-08-20 15:16:36.768,16247,16248,16247,1,-1
2021-08-20 15:16:41.101,16248,16249,16249,1,1
2021-08-20 15:16:41.101,16248,16249,16249,1,1
2021-08-20 15:16:41.101,16248,16249,16249,1,1
2021-08-20 15:16:43.982,16248,16250,16248,1,-1
2021-08-20 15:16:48.123,16248,16249,16248,1,-1
2021-08-20 15:17:04.287,16247,16248,16248,1,1
2021-08-20 15:17:04.287,16247,16248,16249,2,2
2021-08-20 15:17:04.288,16247,16248,16249,2,2
2021-08-20 15:17:07.438,16248,16249,16248,1,-1
2021-08-20 15:17:07.438,16248,16249,16248,1,-1
2021-08-20 15:17:07.438,16248,16249,16248,1,-1
2021-08-20 15:17:08.722,16247,16248,16247,1,-1
2021-08-20 15:17:08.722,16247,16248,16247,2,-2
2021-08-20 15:17:10.575,16246,16248,16248,1,1
2021-08-20 15:17:13.024,16247,16248,16247,1,-1
2021-08-20 15:17:13.958,16247,16248,16248,3,3
2021-08-20 15:17:17.493,16248,16250,16248,1,-1
2021-08-20 15:17:21.192,16248,16250,16248,1,-1
2021-08-20 15:17:21.473,16247,16249,16247,2,-2
2021-08-20 15:17:26.155,16248,16249,16249,1,1
2021-08-20 15:17:26.155,16248,16249,16249,1,1
2021-08-20 15:17:27.139,16247,16250,16247,1,-1
2021-08-20 15:17:27.176,16247,16250,16250,1,1
2021-08-20 15:17:27.177,16247,16250,16250,1,1
2021-08-20 15:17:29.122,16247,16249,16249,1,1
2021-08-20 15:17:35.800,16248,16249,16248,1,-1
2021-08-20 15:17:46.490,16247,16248,16248,1,1
2021-08-20 15:17:51.717,16247,16248,16247,1,-1
2021-08-20 15:17:52.432,16247,16248,16248,1,1
2021-08-20 15:17:52.703,16247,16249,16249,8,8
2021-08-20 15:17:53.032,16249,16250,16250,12,12
2021-08-20 15:18:05.370,16250,16251,16250,1,-1
2021-08-20 15:18:05.370,16250,16251,16250,2,-2
2021-08-20 15:18:06.209,16249,16250,16249,1,-1
2021-08-20 15:18:08.927,16249,16250,16249,4,-4
2021-08-20 15:18:08.928,16249,16250,16249,1,-1
2021-08-20 15:18:08.928,16249,16250,16249,1,-1
2021-08-20 15:18:08.960,16249,16250,16249,7,-7
2021-08-20 15:18:08.960,16249,16250,16249,1,-1
2021-08-20 15:18:08.975,16249,16250,16249,1,-1
2021-08-20 15:18:14.813,16248,16249,16249,3,3
2021-08-20 15:18:15.578,16248,16249,16248,1,-1
2021-08-20 15:18:16.211,16247,16248,16248,1,1
2021-08-20 15:18:16.935,16248,16249,16248,1,-1
2021-08-20 15:18:19.848,16247,16249,16249,1,1
2021-08-20 15:18:22.800,16247,16249,16249,1,1
2021-08-20 15:18:23.081,16247,16248,16247,4,-4
2021-08-20 15:18:24.013,16246,16248,16248,1,1
2021-08-20 15:18:24.138,16246,16248,16246,6,-6
2021-08-20 15:18:24.167,16246,16248,16246,1,-1
2021-08-20 15:18:26.455,16245,16246,16245,1,-1
2021-08-20 15:18:26.455,16245,16246,16245,8,-8
2021-08-20 15:18:26.456,16245,16246,16245,1,-1
2021-08-20 15:18:26.456,16245,16246,16245,1,-1
2021-08-20 15:18:26.457,16245,16246,16245,1,-1
2021-08-20 15:18:26.457,16245,16246,16245,1,-1
2021-08-20 15:18:27.158,16243,16245,16243,1,-1
2021-08-20 15:18:27.597,16243,16245,16245,1,1
2021-08-20 15:18:27.597,16243,16245,16245,1,1
2021-08-20 15:18:30.007,16243,16245,16243,1,-1
2021-08-20 15:18:34.246,16243,16244,16243,1,-1
2021-08-20 15:18:34.705,16243,16244,16243,3,-3
2021-08-20 15:18:38.087,16243,16244,16244,2,2
2021-08-20 15:18:38.768,16243,16244,16243,1,-1
2021-08-20 15:18:39.531,16243,16244,16243,1,-1
2021-08-20 15:18:39.531,16243,16244,16242,4,-4
2021-08-20 15:18:45.799,16242,16244,16244,1,1
2021-08-20 15:18:48.176,16242,16243,16243,1,1
2021-08-20 15:18:50.207,16242,16243,16243,1,1
2021-08-20 15:18:50.511,16243,16244,16244,1,1
2021-08-20 15:18:50.620,16243,16244,16243,1,-1
2021-08-20 15:18:50.923,16242,16244,16243,1,-1
2021-08-20 15:18:54.749,16242,16243,16243,4,4
2021-08-20 15:18:55.224,16242,16244,16242,2,-2
2021-08-20 15:18:56.187,16242,16244,16242,2,-2
2021-08-20 15:18:56.343,16242,16244,16242,1,-1
2021-08-20 15:18:57.644,16242,16243,16242,1,-1
2021-08-20 15:18:59.502,16242,16244,16242,2,-2
2021-08-20 15:19:00.382,16242,16244,16244,2,2
2021-08-20 15:19:00.474,16242,16244,16244,1,1
2021-08-20 15:19:12.319,16241,16243,16241,8,-8
2021-08-20 15:19:14.516,16240,16241,16240,1,-1
2021-08-20 15:19:14.542,16240,16241,16240,1,-1
2021-08-20 15:19:14.564,16240,16241,16240,1,-1
2021-08-20 15:19:14.640,16240,16241,16240,1,-1
2021-08-20 15:19:19.120,16240,16241,16241,5,5
2021-08-20 15:19:20.009,16241,16242,16241,1,-1
2021-08-20 15:19:22.643,16241,16242,16241,1,-1
2021-08-20 15:19:26.179,16241,16242,16242,2,2
2021-08-20 15:19:26.318,16241,16243,16241,1,-1
2021-08-20 15:19:27.119,16241,16243,16241,1,-1
2021-08-20 15:19:29.322,16240,16242,16240,1,-1
2021-08-20 15:19:30.202,16240,16241,16240,2,-2
2021-08-20 15:19:30.202,16240,16241,16240,8,-8
2021-08-20 15:19:31.061,16239,16240,16240,1,1
2021-08-20 15:19:31.086,16239,16240,16239,1,-1
2021-08-20 15:19:31.465,16239,16240,16239,2,-2
2021-08-20 15:19:31.751,16238,16239,16238,1,-1
2021-08-20 15:19:32.522,16238,16239,16238,1,-1
2021-08-20 15:19:32.732,16238,16239,16238,1,-1
2021-08-20 15:19:33.485,16238,16239,16238,4,-4
2021-08-20 15:19:33.485,16238,16239,16238,2,-2
2021-08-20 15:19:36.057,16237,16239,16237,1,-1
2021-08-20 15:19:38.015,16237,16239,16237,1,-1
2021-08-20 15:19:39.296,16237,16239,16237,2,-2
2021-08-20 15:19:40.957,16237,16239,16237,1,-1
2021-08-20 15:19:40.957,16237,16239,16236,1,-1
2021-08-20 15:19:46.394,16236,16237,16236,1,-1
2021-08-20 15:19:46.446,16236,16237,16236,1,-1
2021-08-20 15:19:46.727,16236,16237,16237,4,4
2021-08-20 15:19:47.250,16237,16239,16237,1,-1
2021-08-20 15:19:48.675,16238,16239,16238,1,1
2021-08-20 15:19:50.111,16237,16239,16237,1,-1
2021-08-20 15:19:53.658,16237,16239,16239,2,2
2021-08-20 15:19:57.610,16237,16239,16239,1,1
2021-08-20 15:20:08.347,16237,16239,16237,6,-6
2021-08-20 15:20:08.347,16237,16239,16237,4,-4
2021-08-20 15:20:12.348,16237,16238,16237,2,-2
2021-08-20 15:20:12.567,16236,16237,16237,1,1
2021-08-20 15:20:12.829,16236,16237,16237,1,1
2021-08-20 15:20:12.829,16236,16237,16237,3,3
2021-08-20 15:20:14.324,16237,16238,16237,1,-1
2021-08-20 15:20:15.171,16236,16237,16237,1,1
2021-08-20 15:20:15.171,16236,16237,16237,1,1
2021-08-20 15:20:15.171,16236,16237,16237,2,2
2021-08-20 15:20:15.171,16236,16237,16237,2,2
2021-08-20 15:20:15.268,16237,16238,16237,1,-1
2021-08-20 15:20:18.467,16237,16238,16237,2,-2
2021-08-20 15:20:19.285,16237,16238,16237,4,-4
2021-08-20 15:20:20.844,16236,16237,16236,3,-3
2021-08-20 15:20:21.525,16236,16237,16237,1,1
2021-08-20 15:20:22.130,16236,16237,16236,1,-1
2021-08-20 15:20:22.607,16236,16237,16236,3,-3
2021-08-20 15:20:24.371,16235,16236,16235,1,-1
2021-08-20 15:20:24.449,16235,16236,16235,1,-1
2021-08-20 15:20:24.479,16235,16236,16235,1,-1
2021-08-20 15:20:24.503,16235,16236,16235,1,-1
2021-08-20 15:20:26.078,16235,16236,16236,1,1
2021-08-20 15:20:27.797,16235,16236,16235,1,-1
2021-08-20 15:20:30.200,16235,16236,16236,1,1
2021-08-20 15:20:30.229,16235,16236,16235,1,-1
2021-08-20 15:20:31.758,16235,16236,16236,5,5
2021-08-20 15:20:32.100,16235,16236,16236,2,2
2021-08-20 15:20:33.422,16236,16237,16236,1,-1
2021-08-20 15:20:34.878,16236,16237,16236,1,-1
2021-08-20 15:20:35.691,16236,16237,16237,3,3
2021-08-20 15:20:36.864,16237,16238,16237,1,-1
2021-08-20 15:20:37.568,16237,16238,16238,1,1
2021-08-20 15:20:38.999,16237,16238,16238,1,1
2021-08-20 15:20:38.999,16237,16238,16238,1,1
2021-08-20 15:20:38.999,16237,16238,16238,5,5
2021-08-20 15:20:38.999,16237,16238,16238,14,14
2021-08-20 15:20:38.999,16237,16238,16238,4,4
2021-08-20 15:20:39.000,16237,16238,16238,7,7
2021-08-20 15:20:39.146,16238,16239,16238,1,-1
2021-08-20 15:20:41.033,16238,16239,16239,5,5
2021-08-20 15:20:41.260,16238,16239,16239,5,5
2021-08-20 15:20:43.041,16238,16240,16238,7,-7
2021-08-20 15:20:43.043,16238,16240,16238,1,-1
2021-08-20 15:20:44.619,16237,16239,16237,4,-4
2021-08-20 15:20:44.619,16237,16239,16236,10,-10
2021-08-20 15:20:44.619,16237,16239,16235,6,-6
2021-08-20 15:20:46.691,16236,16237,16236,1,1
2021-08-20 15:20:46.894,16235,16236,16235,1,-1
2021-08-20 15:20:51.835,16235,16237,16237,1,1
2021-08-20 15:20:55.243,16235,16236,16236,1,1
2021-08-20 15:21:03.110,16235,16236,16235,2,-2
2021-08-20 15:21:03.383,16235,16236,16235,1,-1
2021-08-20 15:21:03.384,16235,16236,16235,2,-2
2021-08-20 15:21:03.384,16235,16236,16235,6,-6
2021-08-20 15:21:03.450,16234,16235,16234,2,-2
2021-08-20 15:21:03.450,16234,16235,16233,1,-1
2021-08-20 15:21:03.648,16233,16235,16233,1,-1
2021-08-20 15:21:03.673,16233,16235,16233,1,-1
2021-08-20 15:21:03.685,16233,16234,16233,4,-4
2021-08-20 15:21:03.698,16233,16234,16233,1,-1
2021-08-20 15:21:03.753,16233,16234,16233,1,-1
2021-08-20 15:21:03.861,16232,16234,16232,1,-1
2021-08-20 15:21:04.151,16232,16234,16232,1,-1
2021-08-20 15:21:04.459,16232,16234,16232,2,-2
2021-08-20 15:21:04.891,16232,16234,16232,1,-1
2021-08-20 15:21:05.459,16232,16234,16232,1,-1
2021-08-20 15:21:05.564,16232,16234,16232,1,-1
2021-08-20 15:21:07.858,16232,16234,16232,1,-1
2021-08-20 15:21:07.915,16232,16234,16232,1,-1
2021-08-20 15:21:10.463,16232,16233,16232,1,-1
2021-08-20 15:21:10.464,16232,16233,16232,1,-1
2021-08-20 15:21:11.260,16231,16232,16232,1,1
2021-08-20 15:21:13.892,16231,16232,16231,1,-1
2021-08-20 15:21:13.975,16231,16232,16231,1,-1
2021-08-20 15:21:14.478,16231,16232,16231,5,-5
2021-08-20 15:21:14.478,16231,16232,16231,1,-1
2021-08-20 15:21:18.148,16230,16231,16230,1,-1
2021-08-20 15:21:18.197,16230,16231,16231,1,1
2021-08-20 15:21:18.255,16230,16231,16230,1,-1
2021-08-20 15:21:18.350,16230,16231,16230,5,-5
2021-08-20 15:21:18.351,16230,16231,16230,1,-1
2021-08-20 15:21:18.478,16229,16230,16229,2,-2
2021-08-20 15:21:18.623,16229,16230,16229,1,-1
2021-08-20 15:21:18.754,16229,16230,16229,1,-1
2021-08-20 15:21:21.986,16228,16229,16228,1,-1
2021-08-20 15:21:22.073,16228,16230,16228,1,-1
2021-08-20 15:21:22.109,16228,16230,16228,1,-1
2021-08-20 15:21:22.116,16228,16230,16230,1,1
2021-08-20 15:21:22.334,16228,16230,16228,1,-1
2021-08-20 15:21:22.334,16228,16230,16227,3,-3
2021-08-20 15:21:22.589,16228,16229,16228,1,1
2021-08-20 15:21:24.480,16228,16229,16228,1,-1
2021-08-20 15:21:24.480,16228,16229,16228,1,-1
2021-08-20 15:21:24.745,16227,16228,16228,2,2
2021-08-20 15:21:24.745,16227,16228,16229,2,2
2021-08-20 15:21:25.191,16227,16229,16229,1,1
2021-08-20 15:21:26.710,16229,16231,16231,1,1
2021-08-20 15:21:29.378,16229,16231,16229,1,-1
2021-08-20 15:21:29.537,16229,16231,16231,2,2
2021-08-20 15:21:30.910,16230,16231,16231,3,3
2021-08-20 15:21:32.285,16231,16233,16233,1,1
2021-08-20 15:21:32.707,16231,16233,16231,1,-1
2021-08-20 15:21:35.945,16231,16232,16231,1,-1
2021-08-20 15:21:36.038,16231,16232,16231,2,-2
2021-08-20 15:21:37.010,16230,16233,16232,1,1
2021-08-20 15:21:40.967,16230,16231,16230,1,-1
2021-08-20 15:21:42.445,16230,16231,16231,1,1
2021-08-20 15:21:42.645,16230,16233,16231,1,-1
2021-08-20 15:21:45.641,16231,16233,16231,1,-1
2021-08-20 15:21:50.160,16232,16233,16233,2,2
2021-08-20 15:21:50.243,16232,16234,16232,1,-1
2021-08-20 15:21:51.610,16232,16234,16233,1,1
2021-08-20 15:21:54.972,16232,16233,16233,1,1
2021-08-20 15:21:56.559,16233,16234,16234,1,1
2021-08-20 15:21:56.560,16233,16234,16234,1,1
2021-08-20 15:21:57.533,16233,16234,16234,1,1
2021-08-20 15:21:57.534,16233,16234,16234,1,1
2021-08-20 15:21:58.035,16234,16235,16234,1,-1
2021-08-20 15:21:58.728,16232,16233,16233,1,1
2021-08-20 15:22:01.885,16232,16233,16233,3,3
2021-08-20 15:22:04.682,16233,16234,16233,1,-1
2021-08-20 15:22:05.411,16233,16234,16234,1,1
2021-08-20 15:22:08.407,16234,16235,16235,3,3
2021-08-20 15:22:08.489,16234,16235,16234,1,-1
2021-08-20 15:22:08.638,16233,16235,16235,3,3
2021-08-20 15:22:10.045,16233,16234,16234,1,1
2021-08-20 15:22:10.160,16233,16235,16235,1,1
2021-08-20 15:22:18.340,16234,16236,16236,3,3
2021-08-20 15:22:18.448,16234,16236,16236,2,2
2021-08-20 15:22:18.466,16234,16236,16236,1,1
2021-08-20 15:22:20.511,16236,16237,16236,1,-1
2021-08-20 15:22:21.688,16236,16237,16237,2,2
2021-08-20 15:22:22.611,16236,16237,16237,1,1
2021-08-20 15:22:23.010,16236,16238,16236,1,-1
2021-08-20 15:22:27.939,16236,16237,16236,1,-1
2021-08-20 15:22:29.007,16235,16237,16235,5,-5
2021-08-20 15:22:31.693,16233,16234,16233,1,-1
2021-08-20 15:22:31.752,16233,16234,16232,1,-1
2021-08-20 15:22:33.456,16232,16233,16232,1,-1
2021-08-20 15:22:33.457,16232,16233,16232,1,-1
2021-08-20 15:22:33.457,16232,16233,16232,1,-1
2021-08-20 15:22:33.457,16232,16233,16232,2,-2
2021-08-20 15:22:33.457,16232,16233,16232,1,-1
2021-08-20 15:22:34.151,16231,16232,16231,6,-6
2021-08-20 15:22:36.790,16230,16231,16230,5,-5
2021-08-20 15:22:36.790,16230,16231,16230,1,-1
2021-08-20 15:22:36.790,16230,16231,16230,2,-2
2021-08-20 15:22:38.731,16229,16230,16229,1,-1
2021-08-20 15:22:38.731,16229,16230,16229,2,-2
2021-08-20 15:22:41.863,16228,16229,16228,13,-13
2021-08-20 15:22:43.574,16227,16228,16227,1,-1
2021-08-20 15:22:46.808,16227,16228,16228,1,1
2021-08-20 15:22:48.028,16227,16228,16228,1,1
2021-08-20 15:22:48.028,16227,16228,16228,1,1
2021-08-20 15:22:48.285,16227,16229,16229,1,1
2021-08-20 15:22:49.449,16227,16229,16229,1,1
2021-08-20 15:22:51.799,16227,16230,16230,1,1
2021-08-20 15:22:51.872,16227,16230,16230,10,10
2021-08-20 15:22:52.937,16227,16230,16230,1,1
2021-08-20 15:22:54.367,16228,16229,16228,1,-1
2021-08-20 15:22:54.776,16227,16229,16229,4,4
2021-08-20 15:22:54.776,16227,16229,16229,1,1
2021-08-20 15:22:54.777,16227,16229,16229,2,2
2021-08-20 15:22:56.940,16229,16230,16229,1,-1
2021-08-20 15:23:00.133,16229,16230,16229,2,-2
2021-08-20 15:23:00.201,16229,16230,16229,1,-1
2021-08-20 15:23:01.889,16229,16230,16230,1,1
2021-08-20 15:23:03.419,16229,16231,16228,1,-1
2021-08-20 15:23:05.152,16228,16229,16229,1,1
2021-08-20 15:23:05.637,16229,16230,16230,1,1
2021-08-20 15:23:07.783,16229,16230,16229,1,-1
2021-08-20 15:23:10.113,16229,16230,16230,3,3
2021-08-20 15:23:10.116,16229,16230,16231,2,2
2021-08-20 15:23:29.317,16233,16235,16235,10,10
2021-08-20 15:23:30.022,16233,16236,16236,1,1
2021-08-20 15:23:30.243,16233,16236,16233,1,-1
2021-08-20 15:23:33.635,16232,16234,16232,1,-1
2021-08-20 15:23:38.012,16232,16234,16232,1,-1
2021-08-20 15:23:38.593,16232,16234,16232,1,-1
2021-08-20 15:23:41.459,16233,16234,16233,1,1
2021-08-20 15:23:41.657,16232,16234,16234,4,4
2021-08-20 15:23:41.658,16232,16234,16234,1,1
2021-08-20 15:23:50.827,16234,16235,16234,2,-2
2021-08-20 15:23:57.715,16231,16234,16234,1,1
2021-08-20 15:24:00.245,16232,16234,16234,4,4
2021-08-20 15:24:00.246,16232,16234,16234,1,1
2021-08-20 15:24:01.507,16231,16234,16234,1,1
2021-08-20 15:24:05.983,16232,16234,16232,1,-1
2021-08-20 15:24:05.983,16232,16234,16231,9,-9
2021-08-20 15:24:05.983,16232,16234,16230,8,-8
2021-08-20 15:24:06.666,16230,16232,16232,3,3
2021-08-20 15:24:10.961,16231,16232,16231,3,-3
2021-08-20 15:24:11.015,16231,16232,16231,2,-2
2021-08-20 15:24:11.015,16231,16232,16232,1,1
2021-08-20 15:24:11.559,16230,16233,16230,1,-1
2021-08-20 15:24:11.757,16229,16230,16229,1,-1
2021-08-20 15:24:12.141,16228,16230,16228,4,-4
2021-08-20 15:24:12.479,16228,16230,16228,4,-4
2021-08-20 15:24:12.723,16227,16230,16230,1,1
2021-08-20 15:24:18.886,16230,16232,16230,1,-1
2021-08-20 15:24:22.439,16229,16231,16231,1,1
2021-08-20 15:24:23.153,16229,16231,16231,1,1
2021-08-20 15:24:32.526,16229,16230,16229,2,-2
2021-08-20 15:24:32.526,16229,16230,16229,1,-1
2021-08-20 15:24:32.775,16229,16230,16229,1,-1
2021-08-20 15:24:32.956,16228,16230,16230,4,4
2021-08-20 15:24:32.956,16228,16230,16230,1,1
2021-08-20 15:24:35.936,16228,16231,16231,3,3
2021-08-20 15:24:43.220,16228,16230,16228,2,-2
2021-08-20 15:24:43.825,16228,16229,16229,1,1
2021-08-20 15:24:44.089,16228,16229,16229,2,2
2021-08-20 15:24:44.089,16228,16229,16230,1,1
2021-08-20 15:24:45.026,16228,16230,16228,4,-4
2021-08-20 15:24:45.281,16227,16228,16228,1,1
2021-08-20 15:24:49.834,16227,16228,16227,5,-5
2021-08-20 15:24:50.710,16227,16228,16227,1,-1
2021-08-20 15:24:54.434,16226,16227,16226,1,-1
2021-08-20 15:24:55.558,16226,16227,16227,4,4
2021-08-20 15:24:55.919,16227,16228,16227,1,-1
2021-08-20 15:24:57.814,16226,16228,16226,2,-2
2021-08-20 15:24:57.960,16226,16228,16228,2,2
2021-08-20 15:24:58.295,16228,16229,16228,2,-2
2021-08-20 15:24:58.415,16226,16229,16227,1,-1
2021-08-20 15:24:58.415,16226,16229,16227,1,-1
2021-08-20 15:25:00.651,16226,16227,16226,1,-1
2021-08-20 15:25:00.651,16226,16227,16226,1,-1
2021-08-20 15:25:00.651,16226,16227,16226,1,-1
2021-08-20 15:25:00.652,16226,16227,16226,2,-2
2021-08-20 15:25:03.448,16225,16226,16225,1,-1
2021-08-20 15:25:03.449,16225,16226,16225,1,-1
2021-08-20 15:25:03.454,16225,16226,16225,2,-2
2021-08-20 15:25:03.517,16225,16226,16225,9,-9
2021-08-20 15:25:03.575,16224,16226,16224,1,-1
2021-08-20 15:25:03.617,16224,16226,16224,2,-2
2021-08-20 15:25:03.924,16224,16226,16224,1,-1
2021-08-20 15:25:03.968,16223,16226,16224,1,-1
2021-08-20 15:25:04.030,16223,16226,16223,1,-1
2021-08-20 15:25:04.042,16223,16226,16223,1,-1
2021-08-20 15:25:04.066,16223,16226,16223,1,-1
2021-08-20 15:25:04.069,16223,16226,16223,1,-1
2021-08-20 15:25:04.094,16223,16226,16223,1,-1
2021-08-20 15:25:04.145,16223,16226,16223,2,-2
2021-08-20 15:25:04.200,16223,16225,16223,1,-1
2021-08-20 15:25:04.202,16223,16225,16223,1,-1
2021-08-20 15:25:04.224,16223,16225,16223,4,-4
2021-08-20 15:25:04.225,16223,16225,16223,1,-1
2021-08-20 15:25:04.236,16223,16225,16223,1,-1
2021-08-20 15:25:04.279,16223,16225,16223,1,-1
2021-08-20 15:25:04.478,16223,16224,16223,1,-1
2021-08-20 15:25:04.630,16223,16224,16224,1,1
2021-08-20 15:25:04.662,16223,16224,16223,1,-1
2021-08-20 15:25:05.201,16223,16225,16223,1,-1
2021-08-20 15:25:05.330,16223,16225,16223,1,-1
2021-08-20 15:25:06.685,16223,16224,16223,1,-1
2021-08-20 15:25:06.769,16223,16224,16223,1,-1
2021-08-20 15:25:06.769,16223,16224,16223,1,-1
2021-08-20 15:25:06.770,16223,16224,16223,2,-2
2021-08-20 15:25:06.770,16223,16224,16223,1,-1
2021-08-20 15:25:06.770,16223,16224,16223,1,-1
2021-08-20 15:25:06.770,16223,16224,16223,2,-2
2021-08-20 15:25:06.773,16223,16224,16223,1,-1
2021-08-20 15:25:06.964,16222,16223,16222,22,-22
2021-08-20 15:25:07.083,16221,16223,16221,2,-2
2021-08-20 15:25:07.249,16221,16223,16223,1,1
2021-08-20 15:25:07.766,16222,16223,16222,1,-1
2021-08-20 15:25:08.766,16221,16222,16221,1,-1
2021-08-20 15:25:09.329,16221,16222,16221,1,-1
2021-08-20 15:25:10.018,16221,16222,16221,1,-1
2021-08-20 15:25:10.121,16221,16222,16221,2,-2
2021-08-20 15:25:10.148,16221,16222,16222,1,1
2021-08-20 15:25:10.327,16221,16222,16222,5,5
2021-08-20 15:25:10.328,16221,16222,16222,1,1
2021-08-20 15:25:10.328,16221,16222,16222,1,1
2021-08-20 15:25:10.328,16221,16222,16222,2,2
2021-08-20 15:25:10.375,16221,16222,16222,1,1
2021-08-20 15:25:10.528,16222,16223,16222,1,-1
2021-08-20 15:25:10.942,16222,16223,16222,1,-1
2021-08-20 15:25:11.588,16222,16223,16222,1,-1
2021-08-20 15:25:11.677,16222,16223,16222,2,-2
2021-08-20 15:25:13.307,16222,16223,16222,1,-1
2021-08-20 15:25:13.307,16222,16223,16221,1,-1
2021-08-20 15:25:13.331,16222,16223,16221,1,-1
2021-08-20 15:25:14.193,16221,16223,16221,1,-1
2021-08-20 15:25:15.746,16222,16223,16222,1,1
2021-08-20 15:25:15.748,16222,16223,16221,2,-2
2021-08-20 15:25:15.753,16222,16223,16221,2,-2
2021-08-20 15:25:15.825,16221,16223,16221,1,-1
2021-08-20 15:25:16.525,16222,16223,16222,1,1
2021-08-20 15:25:16.602,16222,16223,16222,1,-1
2021-08-20 15:25:16.727,16222,16223,16222,1,-1
2021-08-20 15:25:17.781,16222,16223,16222,1,-1
2021-08-20 15:25:17.880,16222,16223,16222,2,-2
2021-08-20 15:25:18.051,16222,16223,16222,1,-1
2021-08-20 15:25:19.110,16222,16223,16222,7,-7
2021-08-20 15:25:19.247,16221,16222,16221,2,-2
2021-08-20 15:25:19.247,16221,16222,16221,3,-3
2021-08-20 15:25:19.247,16221,16222,16221,11,-11
2021-08-20 15:25:19.357,16220,16221,16221,1,1
2021-08-20 15:25:19.779,16220,16221,16220,10,-10
2021-08-20 15:25:20.606,16218,16220,16218,1,-1
2021-08-20 15:25:21.073,16218,16219,16218,1,-1
2021-08-20 15:25:22.288,16218,16219,16219,3,3
2021-08-20 15:25:22.752,16219,16221,16219,1,-1
2021-08-20 15:25:22.847,16218,16220,16218,1,-1
2021-08-20 15:25:23.145,16218,16220,16220,1,1
2021-08-20 15:25:24.086,16218,16219,16219,1,1
2021-08-20 15:25:25.190,16218,16219,16218,13,-13
2021-08-20 15:25:25.652,16217,16218,16217,1,-1
2021-08-20 15:25:26.604,16217,16218,16217,1,-1
2021-08-20 15:25:26.953,16217,16219,16219,1,1
2021-08-20 15:25:27.102,16218,16220,16218,1,-1
2021-08-20 15:25:27.246,16217,16218,16217,2,-2
2021-08-20 15:25:27.640,16216,16218,16216,10,-10
2021-08-20 15:25:27.721,16216,16217,16216,2,-2
2021-08-20 15:25:28.260,16216,16217,16216,2,-2
2021-08-20 15:25:28.821,16216,16217,16216,1,-1
2021-08-20 15:25:28.931,16216,16217,16217,1,1
2021-08-20 15:25:29.231,16216,16217,16216,1,-1
2021-08-20 15:25:29.231,16216,16217,16215,2,-2
2021-08-20 15:25:29.271,16216,16217,16217,1,1
2021-08-20 15:25:29.761,16215,16217,16217,1,1
2021-08-20 15:25:29.761,16215,16217,16217,1,1
2021-08-20 15:25:29.998,16216,16218,16216,1,-1
2021-08-20 15:25:30.649,16216,16217,16217,1,1
2021-08-20 15:25:30.967,16217,16218,16217,1,-1
2021-08-20 15:25:30.967,16217,16218,16216,1,-1
2021-08-20 15:25:31.314,16216,16218,16216,1,-1
2021-08-20 15:25:31.670,16216,16218,16216,1,-1
2021-08-20 15:25:33.398,16215,16217,16215,1,-1
2021-08-20 15:25:33.958,16215,16216,16216,1,1
2021-08-20 15:25:34.247,16215,16217,16215,1,-1
2021-08-20 15:25:34.407,16215,16217,16217,2,2
2021-08-20 15:25:35.776,16216,16217,16217,2,2
2021-08-20 15:25:35.860,16216,16218,16216,1,-1
2021-08-20 15:25:35.877,16216,16218,16218,1,1
2021-08-20 15:25:38.047,16215,16217,16215,1,-1
2021-08-20 15:25:38.509,16215,16217,16217,4,4
2021-08-20 15:25:38.849,16215,16217,16215,8,-8
2021-08-20 15:25:38.849,16215,16217,16214,7,-7
2021-08-20 15:25:38.962,16213,16216,16213,1,-1
2021-08-20 15:25:39.428,16215,16216,16216,2,2
2021-08-20 15:25:39.453,16215,16216,16215,1,-1
2021-08-20 15:25:39.613,16215,16217,16215,1,-1
2021-08-20 15:25:40.106,16214,16217,16217,1,1
2021-08-20 15:25:40.435,16216,16217,16216,1,-1
2021-08-20 15:25:40.576,16214,16217,16217,1,1
2021-08-20 15:25:40.967,16216,16217,16216,1,-1
2021-08-20 15:25:41.041,16216,16217,16214,6,-6
2021-08-20 15:25:41.041,16216,16217,16213,2,-2
2021-08-20 15:25:42.056,16214,16216,16214,2,2
2021-08-20 15:25:44.137,16213,16215,16215,7,7
2021-08-20 15:25:44.137,16213,16215,16216,3,3
2021-08-20 15:25:46.029,16214,16215,16214,1,-1
2021-08-20 15:25:46.991,16214,16215,16215,1,1
2021-08-20 15:25:47.100,16214,16215,16215,2,2
2021-08-20 15:25:50.146,16214,16216,16214,1,-1
2021-08-20 15:25:50.541,16214,16216,16214,1,-1
2021-08-20 15:25:50.541,16214,16216,16213,1,-1
2021-08-20 15:25:51.175,16212,16214,16214,2,2
2021-08-20 15:25:51.681,16212,16215,16212,1,-1
2021-08-20 15:25:52.050,16212,16214,16214,2,2
2021-08-20 15:25:53.057,16212,16215,16212,1,-1
2021-08-20 15:25:53.422,16213,16215,16213,1,1
2021-08-20 15:25:53.925,16213,16215,16215,2,2
2021-08-20 15:25:55.425,16213,16214,16214,2,2
2021-08-20 15:25:55.667,16213,16215,16213,2,-2
2021-08-20 15:25:56.442,16212,16215,16212,2,-2
2021-08-20 15:25:58.289,16212,16214,16213,6,6
2021-08-20 15:25:59.608,16212,16213,16212,7,-7
2021-08-20 15:26:00.737,16211,16212,16211,7,-7
2021-08-20 15:26:01.886,16210,16211,16210,1,-1
2021-08-20 15:26:01.886,16210,16211,16210,1,-1
2021-08-20 15:26:01.886,16210,16211,16210,3,-3
2021-08-20 15:26:01.887,16210,16211,16210,1,-1
2021-08-20 15:26:01.887,16210,16211,16210,1,-1
2021-08-20 15:26:02.385,16209,16211,16209,3,-3
2021-08-20 15:26:02.546,16209,16211,16211,1,1
2021-08-20 15:26:02.604,16209,16211,16209,1,-1
2021-08-20 15:26:03.416,16209,16211,16209,2,-2
2021-08-20 15:26:04.164,16208,16210,16210,1,1
2021-08-20 15:26:04.340,16210,16211,16211,1,1
2021-08-20 15:26:04.340,16210,16211,16211,1,1
2021-08-20 15:26:04.361,16210,16211,16211,1,1
2021-08-20 15:26:04.398,16210,16211,16210,1,-1
2021-08-20 15:26:04.742,16210,16211,16210,2,-2
2021-08-20 15:26:04.829,16210,16211,16210,3,-3
2021-08-20 15:26:05.423,16210,16211,16210,1,-1
2021-08-20 15:26:05.501,16210,16211,16210,1,-1
2021-08-20 15:26:05.529,16210,16211,16211,1,1
2021-08-20 15:26:05.529,16210,16211,16211,1,1
2021-08-20 15:26:05.619,16210,16211,16211,1,1
2021-08-20 15:26:05.619,16210,16211,16211,1,1
2021-08-20 15:26:05.620,16210,16211,16211,6,6
2021-08-20 15:26:05.750,16211,16212,16212,6,6
2021-08-20 15:26:05.852,16212,16213,16213,15,15
2021-08-20 15:26:06.009,16213,16214,16214,1,1
2021-08-20 15:26:06.010,16213,16214,16214,1,1
2021-08-20 15:26:06.148,16213,16215,16213,3,-3
2021-08-20 15:26:06.301,16214,16215,16214,2,2
2021-08-20 15:26:06.548,16213,16215,16213,1,-1
2021-08-20 15:26:06.977,16213,16215,16213,1,-1
2021-08-20 15:26:07.956,16213,16215,16213,1,-1
2021-08-20 15:26:08.012,16213,16215,16214,1,1
2021-08-20 15:26:08.871,16211,16213,16212,1,-1
2021-08-20 15:26:10.842,16212,16213,16212,1,-1
2021-08-20 15:26:10.943,16211,16213,16211,1,-1
2021-08-20 15:26:11.084,16211,16213,16213,1,1
2021-08-20 15:26:12.687,16211,16212,16211,3,-3
2021-08-20 15:26:12.687,16211,16212,16210,1,-1
2021-08-20 15:26:14.319,16211,16212,16211,1,1
2021-08-20 15:26:14.384,16211,16212,16211,3,-3
2021-08-20 15:26:14.405,16211,16212,16210,1,-1
2021-08-20 15:26:14.500,16210,16212,16210,3,-3
2021-08-20 15:26:14.583,16210,16212,16210,1,-1
2021-08-20 15:26:14.713,16211,16212,16211,1,1
2021-08-20 15:26:16.202,16211,16212,16212,1,1
2021-08-20 15:26:16.727,16211,16213,16211,4,-4
2021-08-20 15:26:17.111,16211,16213,16212,1,1
2021-08-20 15:26:18.202,16212,16213,16212,1,-1
2021-08-20 15:26:19.048,16212,16213,16212,1,-1
2021-08-20 15:26:19.448,16212,16213,16212,2,-2
2021-08-20 15:26:19.616,16212,16213,16213,1,1
2021-08-20 15:26:20.480,16212,16213,16213,1,1
2021-08-20 15:26:20.634,16212,16213,16213,1,1
2021-08-20 15:26:20.871,16212,16213,16213,1,1
2021-08-20 15:26:21.348,16213,16214,16213,1,-1
2021-08-20 15:26:21.581,16213,16214,16213,1,-1
2021-08-20 15:26:21.876,16212,16213,16212,1,-1
2021-08-20 15:26:22.085,16211,16213,16211,2,-2
2021-08-20 15:26:22.385,16211,16213,16211,1,-1
2021-08-20 15:26:25.026,16211,16213,16211,4,-4
2021-08-20 15:26:25.079,16211,16212,16212,1,1
2021-08-20 15:26:27.053,16211,16212,16211,1,-1
2021-08-20 15:26:27.366,16211,16212,16212,1,1
2021-08-20 15:26:29.202,16212,16213,16213,1,1
2021-08-20 15:26:30.489,16212,16213,16213,1,1
2021-08-20 15:26:31.901,16213,16214,16213,2,-2
2021-08-20 15:26:32.621,16213,16214,16213,1,-1
2021-08-20 15:26:34.291,16213,16214,16213,1,-1
2021-08-20 15:26:34.780,16213,16214,16214,1,1
2021-08-20 15:26:34.780,16213,16214,16214,3,3
2021-08-20 15:26:34.780,16213,16214,16214,1,1
2021-08-20 15:26:34.893,16213,16215,16215,1,1
2021-08-20 15:26:35.751,16213,16215,16213,1,-1
2021-08-20 15:26:36.783,16213,16215,16214,1,1
2021-08-20 15:26:36.900,16214,16215,16215,3,3
2021-08-20 15:26:36.900,16214,16215,16215,3,3
2021-08-20 15:26:39.052,16215,16216,16216,1,1
2021-08-20 15:26:39.360,16214,16216,16216,3,3
2021-08-20 15:26:43.905,16214,16215,16215,1,1
2021-08-20 15:26:43.948,16214,16215,16215,1,1
2021-08-20 15:26:43.948,16214,16215,16215,1,1
2021-08-20 15:26:47.865,16215,16216,16216,2,2
2021-08-20 15:26:48.220,16215,16217,16215,1,-1
2021-08-20 15:26:48.766,16215,16216,16216,1,1
2021-08-20 15:26:49.728,16216,16217,16217,1,1
2021-08-20 15:26:49.792,16216,16217,16216,2,-2
2021-08-20 15:26:49.792,16216,16217,16215,3,-3
2021-08-20 15:26:51.456,16214,16215,16215,5,5
2021-08-20 15:26:55.349,16215,16216,16215,1,-1
2021-08-20 15:26:55.413,16215,16216,16213,1,-1
2021-08-20 15:26:55.619,16212,16215,16212,1,-1
2021-08-20 15:26:57.181,16213,16216,16215,1,1
2021-08-20 15:27:02.075,16212,16213,16212,1,-1
2021-08-20 15:27:02.075,16212,16213,16212,1,-1
2021-08-20 15:27:02.138,16212,16213,16211,1,-1
2021-08-20 15:27:02.371,16211,16212,16211,1,-1
2021-08-20 15:27:05.807,16211,16213,16211,1,-1
2021-08-20 15:27:05.807,16211,16213,16211,1,-1
2021-08-20 15:27:05.814,16211,16213,16211,2,-2
2021-08-20 15:27:05.815,16211,16213,16211,1,-1
2021-08-20 15:27:05.816,16211,16213,16211,1,-1
2021-08-20 15:27:05.816,16211,16213,16211,1,-1
2021-08-20 15:27:05.816,16211,16213,16211,1,-1
2021-08-20 15:27:06.560,16210,16212,16210,3,-3
2021-08-20 15:27:09.133,16210,16211,16210,1,-1
2021-08-20 15:27:09.475,16210,16211,16211,1,1
2021-08-20 15:27:11.071,16210,16211,16211,1,1
2021-08-20 15:27:11.071,16210,16211,16211,1,1
2021-08-20 15:27:12.389,16210,16211,16210,2,-2
2021-08-20 15:27:12.422,16210,16211,16210,1,-1
2021-08-20 15:27:12.423,16210,16211,16210,2,-2
2021-08-20 15:27:12.423,16210,16211,16210,1,-1
2021-08-20 15:27:12.616,16210,16211,16210,1,-1
2021-08-20 15:27:12.619,16210,16211,16210,1,-1
2021-08-20 15:27:12.620,16210,16211,16210,1,-1
2021-08-20 15:27:12.620,16210,16211,16210,1,-1
2021-08-20 15:27:12.620,16210,16211,16210,1,-1
2021-08-20 15:27:12.620,16210,16211,16210,1,-1
2021-08-20 15:27:12.620,16210,16211,16210,4,-4
2021-08-20 15:27:12.620,16210,16211,16210,1,-1
2021-08-20 15:27:13.093,16209,16211,16209,1,-1
2021-08-20 15:27:13.594,16209,16211,16211,2,2
2021-08-20 15:27:15.143,16209,16210,16210,1,1
2021-08-20 15:27:15.143,16209,16210,16211,1,1
2021-08-20 15:27:16.387,16210,16211,16210,1,-1
2021-08-20 15:27:17.123,16210,16211,16211,1,1
2021-08-20 15:27:17.123,16210,16211,16211,1,1
2021-08-20 15:27:18.960,16210,16211,16211,1,1
2021-08-20 15:27:18.961,16210,16211,16211,1,1
2021-08-20 15:27:18.961,16210,16211,16211,1,1
2021-08-20 15:27:20.694,16210,16212,16210,1,-1
2021-08-20 15:27:21.918,16210,16211,16210,1,-1
2021-08-20 15:27:22.145,16210,16211,16210,1,-1
2021-08-20 15:27:24.054,16209,16212,16209,3,-3
2021-08-20 15:27:24.124,16209,16212,16209,1,-1
2021-08-20 15:27:28.520,16208,16209,16208,1,-1
2021-08-20 15:27:28.520,16208,16209,16208,1,-1
2021-08-20 15:27:28.520,16208,16209,16208,1,-1
2021-08-20 15:27:28.521,16208,16209,16208,5,-5
2021-08-20 15:27:28.521,16208,16209,16208,1,-1
2021-08-20 15:27:29.464,16207,16208,16208,1,1
2021-08-20 15:27:29.896,16207,16208,16207,1,-1
2021-08-20 15:27:30.307,16207,16208,16208,1,1
2021-08-20 15:27:31.611,16207,16209,16207,1,-1
2021-08-20 15:27:32.469,16207,16209,16207,4,-4
2021-08-20 15:27:33.289,16207,16208,16207,1,-1
2021-08-20 15:27:33.332,16207,16208,16207,1,-1
2021-08-20 15:27:33.333,16207,16208,16207,1,-1
2021-08-20 15:27:33.373,16207,16208,16207,1,-1
2021-08-20 15:27:33.476,16206,16207,16206,3,-3
2021-08-20 15:27:33.509,16206,16207,16206,1,-1
2021-08-20 15:27:33.634,16206,16207,16206,1,-1
2021-08-20 15:27:34.769,16206,16207,16207,1,1
2021-08-20 15:27:35.008,16206,16207,16206,1,-1
2021-08-20 15:27:35.149,16206,16207,16206,1,-1
2021-08-20 15:27:35.584,16206,16207,16206,1,-1
2021-08-20 15:27:38.908,16206,16207,16206,1,-1
2021-08-20 15:27:39.770,16206,16207,16206,1,-1
2021-08-20 15:27:39.770,16206,16207,16206,1,-1
2021-08-20 15:27:40.446,16206,16207,16206,1,-1
2021-08-20 15:27:41.678,16206,16207,16206,1,-1
2021-08-20 15:27:42.237,16206,16207,16206,3,-3
2021-08-20 15:27:44.282,16205,16206,16206,1,1
2021-08-20 15:27:45.165,16205,16206,16206,1,1
2021-08-20 15:27:46.977,16205,16206,16205,1,-1
2021-08-20 15:27:47.591,16205,16206,16205,1,-1
2021-08-20 15:27:49.395,16205,16206,16205,1,-1
2021-08-20 15:27:49.927,16204,16205,16205,1,1
2021-08-20 15:27:50.650,16204,16205,16205,1,1
2021-08-20 15:27:50.651,16204,16205,16205,1,1
2021-08-20 15:27:54.229,16204,16205,16204,1,-1
2021-08-20 15:27:54.420,16204,16205,16205,1,1
2021-08-20 15:27:54.841,16204,16205,16204,2,-2
2021-08-20 15:27:55.349,16204,16205,16205,1,1
2021-08-20 15:27:55.349,16204,16205,16205,2,2
2021-08-20 15:27:56.702,16204,16205,16205,1,1
2021-08-20 15:27:57.031,16204,16205,16205,1,1
2021-08-20 15:27:57.496,16204,16205,16204,1,-1
2021-08-20 15:27:58.121,16204,16205,16204,1,-1
2021-08-20 15:27:58.382,16204,16205,16204,1,-1
2021-08-20 15:27:58.389,16204,16205,16204,1,-1
2021-08-20 15:27:59.018,16203,16205,16205,1,1
2021-08-20 15:28:00.468,16204,16205,16204,1,-1
2021-08-20 15:28:01.159,16203,16204,16203,4,-4
2021-08-20 15:28:02.009,16202,16203,16202,1,-1
2021-08-20 15:28:02.505,16202,16203,16202,2,-2
2021-08-20 15:28:02.671,16201,16203,16201,1,-1
2021-08-20 15:28:03.110,16201,16203,16201,1,-1
2021-08-20 15:28:03.111,16201,16203,16201,1,-1
2021-08-20 15:28:03.169,16201,16203,16201,1,-1
2021-08-20 15:28:03.184,16201,16203,16201,1,-1
2021-08-20 15:28:03.218,16201,16203,16201,9,-9
2021-08-20 15:28:03.249,16201,16203,16201,1,-1
2021-08-20 15:28:03.583,16201,16202,16201,1,-1
2021-08-20 15:28:03.600,16201,16202,16201,1,-1
2021-08-20 15:28:03.898,16200,16203,16200,1,-1
2021-08-20 15:28:04.533,16201,16203,16203,1,1
2021-08-20 15:28:04.587,16201,16203,16201,2,-2
2021-08-20 15:28:04.626,16201,16203,16203,1,1
2021-08-20 15:28:04.886,16201,16203,16201,1,-1
2021-08-20 15:28:05.551,16201,16202,16202,1,1
2021-08-20 15:28:07.438,16203,16204,16203,1,1
2021-08-20 15:28:08.523,16203,16204,16204,1,1
2021-08-20 15:28:08.523,16203,16204,16204,1,1
2021-08-20 15:28:08.523,16203,16204,16204,1,1
2021-08-20 15:28:08.858,16203,16205,16203,1,-1
2021-08-20 15:28:09.292,16203,16205,16203,1,-1
2021-08-20 15:28:09.454,16203,16204,16203,1,-1
2021-08-20 15:28:09.646,16203,16204,16203,1,-1
2021-08-20 15:28:09.996,16202,16204,16202,1,-1
2021-08-20 15:28:10.681,16203,16204,16203,2,2
2021-08-20 15:28:10.682,16203,16204,16203,1,-1
2021-08-20 15:28:10.831,16202,16203,16203,1,1
2021-08-20 15:28:11.060,16202,16204,16202,1,-1
2021-08-20 15:28:12.031,16201,16204,16204,1,1
2021-08-20 15:28:12.380,16203,16205,16203,4,-4
2021-08-20 15:28:12.492,16203,16205,16203,1,-1
2021-08-20 15:28:12.709,16203,16205,16203,1,-1
2021-08-20 15:28:12.813,16203,16205,16203,2,-2
2021-08-20 15:28:15.278,16204,16205,16205,8,8
2021-08-20 15:28:15.578,16204,16206,16204,4,-4
2021-08-20 15:28:15.680,16203,16206,16203,10,-10
2021-08-20 15:28:15.745,16203,16206,16203,1,-1
2021-08-20 15:28:18.453,16204,16206,16206,5,5
2021-08-20 15:28:18.691,16204,16206,16206,5,5
2021-08-20 15:28:18.918,16204,16206,16206,5,5
2021-08-20 15:28:20.105,16204,16206,16204,1,-1
2021-08-20 15:28:20.304,16204,16206,16205,2,2
2021-08-20 15:28:20.454,16204,16206,16206,1,1
2021-08-20 15:28:21.107,16204,16206,16205,2,-2
2021-08-20 15:28:21.384,16203,16205,16203,1,-1
2021-08-20 15:28:22.262,16203,16205,16203,2,-2
2021-08-20 15:28:23.997,16203,16204,16204,1,1
2021-08-20 15:28:27.750,16203,16204,16204,2,2
2021-08-20 15:28:28.368,16203,16204,16203,5,-5
2021-08-20 15:28:28.368,16203,16204,16202,4,-4
2021-08-20 15:28:28.718,16201,16203,16201,1,-1
2021-08-20 15:28:28.723,16201,16203,16203,1,1
2021-08-20 15:28:31.136,16201,16203,16201,1,-1
2021-08-20 15:28:31.809,16200,16201,16200,1,-1
2021-08-20 15:28:32.627,16200,16201,16200,1,-1
2021-08-20 15:28:35.571,16200,16201,16200,2,-2
2021-08-20 15:28:35.571,16200,16201,16200,4,-4
2021-08-20 15:28:35.571,16200,16201,16200,3,-3
2021-08-20 15:28:35.571,16200,16201,16200,1,-1
2021-08-20 15:28:35.571,16200,16201,16200,1,-1
2021-08-20 15:28:35.572,16200,16201,16200,1,-1
2021-08-20 15:28:35.632,16200,16201,16201,1,1
2021-08-20 15:28:36.518,16200,16201,16201,2,2
2021-08-20 15:28:36.518,16200,16201,16201,1,1
2021-08-20 15:28:37.844,16201,16203,16201,4,-4
2021-08-20 15:28:38.497,16201,16203,16203,1,1
2021-08-20 15:28:38.822,16200,16203,16201,2,-2
2021-08-20 15:28:42.680,16201,16202,16201,1,-1
2021-08-20 15:28:42.680,16201,16202,16201,1,-1
2021-08-20 15:28:43.880,16200,16202,16200,1,-1
2021-08-20 15:28:44.769,16200,16202,16200,2,-2
2021-08-20 15:28:46.101,16200,16202,16200,1,-1
2021-08-20 15:28:46.101,16200,16202,16200,3,-3
2021-08-20 15:28:46.101,16200,16202,16200,2,-2
2021-08-20 15:28:46.101,16200,16202,16200,1,-1
2021-08-20 15:28:46.878,16200,16202,16201,2,2
2021-08-20 15:28:47.263,16201,16202,16201,1,-1
2021-08-20 15:28:48.545,16201,16202,16200,5,-5
2021-08-20 15:28:50.617,16200,16201,16201,3,3
2021-08-20 15:28:53.638,16200,16201,16200,1,-1
2021-08-20 15:28:53.707,16200,16201,16200,3,-3
2021-08-20 15:28:53.707,16200,16201,16200,1,-1
2021-08-20 15:28:53.707,16200,16201,16200,1,-1
2021-08-20 15:28:54.052,16200,16201,16201,1,1
2021-08-20 15:28:56.917,16201,16202,16202,1,1
2021-08-20 15:28:56.917,16201,16202,16202,1,1
2021-08-20 15:28:56.917,16201,16202,16202,5,5
2021-08-20 15:28:57.705,16201,16203,16203,1,1
2021-08-20 15:28:58.635,16201,16203,16201,2,-2
2021-08-20 15:28:58.636,16201,16203,16201,3,-3
2021-08-20 15:29:00.460,16200,16201,16201,1,1
2021-08-20 15:29:00.758,16200,16202,16200,2,-2
2021-08-20 15:29:01.862,16200,16201,16200,1,-1
2021-08-20 15:29:03.190,16200,16201,16201,2,2
2021-08-20 15:29:03.782,16200,16202,16202,1,1
2021-08-20 15:29:04.101,16200,16202,16200,1,-1
2021-08-20 15:29:06.760,16200,16202,16200,5,-5
2021-08-20 15:29:06.878,16200,16202,16200,1,-1
2021-08-20 15:29:10.882,16200,16201,16200,1,-1
2021-08-20 15:29:11.535,16200,16201,16201,1,1
2021-08-20 15:29:12.039,16200,16201,16201,1,1
2021-08-20 15:29:13.868,16200,16202,16200,1,-1
2021-08-20 15:29:17.154,16200,16201,16201,1,1
2021-08-20 15:29:18.795,16201,16202,16202,1,1
2021-08-20 15:29:19.219,16201,16202,16202,1,1
2021-08-20 15:29:20.361,16201,16202,16201,1,-1
2021-08-20 15:29:20.378,16201,16202,16201,1,-1
2021-08-20 15:29:20.443,16201,16202,16201,1,-1
2021-08-20 15:29:20.443,16201,16202,16201,1,-1
2021-08-20 15:29:20.443,16201,16202,16201,1,-1
2021-08-20 15:29:20.443,16201,16202,16201,1,-1
2021-08-20 15:29:20.444,16201,16202,16201,1,-1
2021-08-20 15:29:20.498,16201,16202,16201,1,-1
2021-08-20 15:29:20.635,16200,16202,16200,1,-1
2021-08-20 15:29:21.851,16200,16201,16201,1,1
2021-08-20 15:29:22.524,16200,16201,16201,1,1
2021-08-20 15:29:24.109,16200,16202,16202,1,1
2021-08-20 15:29:24.179,16200,16202,16200,1,-1
2021-08-20 15:29:24.768,16200,16202,16200,1,-1
2021-08-20 15:29:25.050,16201,16202,16201,1,1
2021-08-20 15:29:25.319,16201,16202,16201,1,-1
2021-08-20 15:29:26.034,16201,16202,16201,1,-1
