2020-09-30 15:00:00.093,12471,12472,12472,58,58
2020-09-30 15:00:00.232,12471,12473,12472,2,-2
2020-09-30 15:00:00.355,12471,12473,12473,3,3
2020-09-30 15:00:00.466,12472,12473,12473,1,1
2020-09-30 15:00:00.493,12472,12473,12472,1,-1
2020-09-30 15:00:00.649,12472,12473,12472,1,-1
2020-09-30 15:00:00.923,12472,12473,12472,1,-1
2020-09-30 15:00:00.992,12471,12472,12472,2,2
2020-09-30 15:00:01.005,12471,12472,12471,20,-20
2020-09-30 15:00:01.215,12470,12472,12471,1,-1
2020-09-30 15:00:01.233,12470,12472,12471,1,-1
2020-09-30 15:00:01.254,12471,12472,12471,1,-1
2020-09-30 15:00:01.254,12471,12472,12470,1,-1
2020-09-30 15:00:01.286,12471,12472,12470,1,-1
2020-09-30 15:00:01.332,12471,12472,12470,1,-1
2020-09-30 15:00:01.431,12470,12472,12470,1,-1
2020-09-30 15:00:01.517,12470,12472,12471,1,1
2020-09-30 15:00:01.536,12470,12472,12470,2,-2
2020-09-30 15:00:01.557,12470,12472,12470,1,-1
2020-09-30 15:00:01.570,12470,12472,12470,2,-2
2020-09-30 15:00:01.608,12470,12472,12470,2,-2
2020-09-30 15:00:01.705,12470,12472,12470,3,-3
2020-09-30 15:00:01.760,12470,12472,12470,1,-1
2020-09-30 15:00:01.815,12470,12472,12470,3,-3
2020-09-30 15:00:02.494,12470,12472,12472,4,4
2020-09-30 15:00:02.495,12470,12472,12472,1,1
2020-09-30 15:00:02.576,12470,12472,12471,2,-2
2020-09-30 15:00:02.757,12470,12472,12472,1,1
2020-09-30 15:00:02.802,12470,12472,12470,3,-3
2020-09-30 15:00:02.834,12470,12472,12471,1,1
2020-09-30 15:00:02.882,12470,12472,12470,1,-1
2020-09-30 15:00:02.937,12470,12472,12470,2,-2
2020-09-30 15:00:03.102,12470,12472,12470,3,-3
2020-09-30 15:00:03.884,12470,12472,12470,1,-1
2020-09-30 15:00:03.940,12470,12472,12469,2,-2
2020-09-30 15:00:03.990,12470,12472,12471,2,2
2020-09-30 15:00:03.990,12470,12472,12472,2,2
2020-09-30 15:00:03.995,12470,12472,12470,2,-2
2020-09-30 15:00:04.009,12470,12472,12470,1,-1
2020-09-30 15:00:04.196,12470,12472,12470,4,-4
2020-09-30 15:00:04.258,12469,12472,12469,1,-1
2020-09-30 15:00:04.617,12470,12471,12470,1,1
2020-09-30 15:00:04.756,12469,12471,12469,5,-5
2020-09-30 15:00:04.767,12469,12471,12468,5,-5
2020-09-30 15:00:05.091,12468,12470,12470,4,4
2020-09-30 15:00:05.092,12468,12470,12470,2,2
2020-09-30 15:00:05.492,12471,12472,12471,1,1
2020-09-30 15:00:05.877,12469,12471,12469,1,-1
2020-09-30 15:00:06.078,12469,12471,12469,2,-2
2020-09-30 15:00:06.466,12468,12470,12468,1,-1
2020-09-30 15:00:06.492,12468,12470,12468,6,-6
2020-09-30 15:00:06.538,12468,12470,12469,1,1
2020-09-30 15:00:07.323,12469,12470,12469,1,-1
2020-09-30 15:00:07.434,12468,12470,12469,2,-2
2020-09-30 15:00:07.492,12469,12470,12469,1,-1
2020-09-30 15:00:07.548,12469,12470,12469,1,-1
2020-09-30 15:00:07.603,12469,12470,12469,1,-1
2020-09-30 15:00:07.660,12468,12470,12469,1,-1
2020-09-30 15:00:07.783,12469,12470,12469,1,-1
2020-09-30 15:00:07.827,12469,12470,12469,1,-1
2020-09-30 15:00:07.870,12468,12470,12470,1,1
2020-09-30 15:00:08.239,12468,12470,12468,1,-1
2020-09-30 15:00:08.341,12468,12470,12468,1,-1
2020-09-30 15:00:08.465,12468,12470,12470,1,1
2020-09-30 15:00:08.481,12468,12470,12470,5,5
2020-09-30 15:00:08.492,12469,12470,12470,1,1
2020-09-30 15:00:11.719,12470,12471,12471,1,1
2020-09-30 15:00:11.742,12470,12471,12471,5,5
2020-09-30 15:00:13.356,12470,12473,12473,5,5
2020-09-30 15:00:13.801,12472,12473,12472,1,-1
2020-09-30 15:00:15.051,12472,12473,12473,1,1
2020-09-30 15:00:15.051,12472,12473,12473,1,1
2020-09-30 15:00:15.052,12472,12473,12473,1,1
2020-09-30 15:00:15.052,12472,12473,12473,3,3
2020-09-30 15:00:15.245,12473,12474,12473,1,-1
2020-09-30 15:00:16.678,12472,12474,12474,1,1
2020-09-30 15:00:17.280,12472,12474,12474,1,1
2020-09-30 15:00:17.529,12472,12474,12474,5,5
2020-09-30 15:00:18.155,12472,12473,12472,2,-2
2020-09-30 15:00:19.292,12471,12472,12471,1,-1
2020-09-30 15:00:19.634,12471,12472,12472,2,2
2020-09-30 15:00:19.634,12471,12472,12472,3,3
2020-09-30 15:00:22.336,12472,12473,12473,3,3
2020-09-30 15:00:22.838,12473,12474,12473,1,-1
2020-09-30 15:00:23.224,12473,12474,12473,1,-1
2020-09-30 15:00:24.089,12473,12474,12473,2,-2
2020-09-30 15:00:24.794,12473,12474,12473,5,-5
2020-09-30 15:00:24.931,12472,12473,12472,1,-1
2020-09-30 15:00:26.050,12472,12473,12472,2,-2
2020-09-30 15:00:26.284,12472,12473,12473,1,1
2020-09-30 15:00:26.367,12472,12473,12473,4,4
2020-09-30 15:00:26.448,12472,12473,12473,1,1
2020-09-30 15:00:26.492,12473,12474,12474,2,2
2020-09-30 15:00:26.732,12473,12474,12473,1,-1
2020-09-30 15:00:26.965,12473,12474,12474,2,2
2020-09-30 15:00:26.977,12473,12474,12474,2,2
2020-09-30 15:00:26.977,12473,12474,12474,5,5
2020-09-30 15:00:26.992,12473,12475,12475,1,1
2020-09-30 15:00:27.698,12473,12474,12473,4,-4
2020-09-30 15:00:28.726,12473,12474,12474,1,1
2020-09-30 15:00:28.945,12473,12474,12473,1,-1
2020-09-30 15:00:29.779,12472,12473,12473,1,1
2020-09-30 15:00:30.637,12472,12473,12473,1,1
2020-09-30 15:00:31.287,12472,12473,12472,1,-1
2020-09-30 15:00:31.321,12472,12473,12472,1,-1
2020-09-30 15:00:31.350,12472,12473,12472,1,-1
2020-09-30 15:00:31.369,12472,12473,12472,2,-2
2020-09-30 15:00:31.851,12472,12473,12472,1,-1
2020-09-30 15:00:32.071,12471,12473,12473,1,1
2020-09-30 15:00:32.352,12471,12474,12471,1,-1
2020-09-30 15:00:32.438,12471,12473,12471,1,-1
2020-09-30 15:00:35.052,12472,12473,12472,1,1
2020-09-30 15:00:37.397,12471,12473,12471,1,-1
2020-09-30 15:00:40.958,12472,12473,12472,1,1
2020-09-30 15:00:41.007,12471,12473,12471,1,-1
2020-09-30 15:00:41.013,12471,12473,12471,1,-1
2020-09-30 15:00:41.022,12471,12473,12471,2,-2
2020-09-30 15:00:43.301,12471,12472,12471,1,-1
2020-09-30 15:00:43.302,12471,12472,12471,2,-2
2020-09-30 15:00:43.302,12471,12472,12471,12,-12
2020-09-30 15:00:43.302,12471,12472,12471,6,-6
2020-09-30 15:00:43.434,12470,12471,12470,4,-4
2020-09-30 15:00:43.587,12470,12472,12470,1,-1
2020-09-30 15:00:43.606,12470,12472,12471,1,1
2020-09-30 15:00:43.606,12470,12472,12472,2,2
2020-09-30 15:00:43.744,12470,12472,12470,4,-4
2020-09-30 15:00:46.363,12470,12471,12471,1,1
2020-09-30 15:00:46.955,12470,12471,12470,1,-1
2020-09-30 15:00:47.705,12470,12471,12471,1,1
2020-09-30 15:00:47.731,12470,12471,12472,1,1
2020-09-30 15:00:49.453,12470,12471,12470,15,-15
2020-09-30 15:00:49.825,12468,12470,12468,7,-7
2020-09-30 15:00:49.826,12468,12470,12468,1,-1
2020-09-30 15:00:49.883,12468,12470,12468,1,-1
2020-09-30 15:00:50.564,12468,12470,12468,1,-1
2020-09-30 15:00:50.589,12468,12470,12468,1,-1
2020-09-30 15:00:50.590,12468,12470,12468,1,-1
2020-09-30 15:00:50.654,12468,12470,12468,1,-1
2020-09-30 15:00:50.655,12468,12470,12467,1,-1
2020-09-30 15:00:50.753,12468,12470,12468,1,1
2020-09-30 15:00:50.815,12468,12470,12468,2,-2
2020-09-30 15:00:51.987,12468,12469,12468,1,-1
2020-09-30 15:00:51.992,12467,12468,12467,1,-1
2020-09-30 15:00:52.117,12467,12468,12467,1,-1
2020-09-30 15:00:52.753,12467,12468,12467,1,-1
2020-09-30 15:00:53.173,12467,12468,12468,1,1
2020-09-30 15:00:53.532,12467,12468,12467,2,-2
2020-09-30 15:00:55.476,12468,12469,12469,1,1
2020-09-30 15:00:55.476,12468,12469,12469,3,3
2020-09-30 15:00:56.379,12469,12470,12470,3,3
2020-09-30 15:00:56.379,12469,12470,12471,2,2
2020-09-30 15:00:58.370,12470,12472,12470,1,-1
2020-09-30 15:00:59.889,12469,12471,12471,1,1
2020-09-30 15:00:59.893,12469,12471,12471,1,1
2020-09-30 15:00:59.923,12469,12471,12471,1,1
2020-09-30 15:00:59.965,12469,12471,12470,2,-2
2020-09-30 15:01:00.023,12469,12472,12472,1,1
2020-09-30 15:01:00.329,12470,12472,12470,1,-1
2020-09-30 15:01:00.329,12470,12472,12469,1,-1
2020-09-30 15:01:04.577,12469,12471,12469,1,-1
2020-09-30 15:01:05.085,12469,12470,12469,1,-1
2020-09-30 15:01:05.151,12469,12470,12469,1,-1
2020-09-30 15:01:08.152,12469,12471,12469,1,-1
2020-09-30 15:01:11.589,12468,12470,12468,1,-1
2020-09-30 15:01:11.618,12468,12470,12470,1,1
2020-09-30 15:01:11.693,12468,12470,12469,1,-1
2020-09-30 15:01:13.477,12468,12469,12468,4,-4
2020-09-30 15:01:13.477,12468,12469,12468,1,-1
2020-09-30 15:01:13.757,12467,12468,12468,1,1
2020-09-30 15:01:15.390,12468,12469,12469,1,1
2020-09-30 15:01:17.348,12468,12469,12468,5,-5
2020-09-30 15:01:18.179,12468,12469,12468,5,-5
2020-09-30 15:01:18.707,12467,12468,12467,5,-5
2020-09-30 15:01:19.091,12467,12468,12468,4,4
2020-09-30 15:01:21.897,12467,12468,12467,1,-1
2020-09-30 15:01:23.400,12467,12468,12468,1,1
2020-09-30 15:01:24.793,12468,12469,12468,1,-1
2020-09-30 15:01:24.939,12467,12469,12467,1,-1
2020-09-30 15:01:26.379,12468,12469,12468,3,3
2020-09-30 15:01:26.379,12468,12469,12468,2,-2
2020-09-30 15:01:26.484,12468,12469,12467,1,-1
2020-09-30 15:01:27.609,12467,12468,12467,13,-13
2020-09-30 15:01:27.618,12466,12468,12468,1,1
2020-09-30 15:01:27.620,12466,12468,12468,1,1
2020-09-30 15:01:31.181,12467,12468,12468,4,4
2020-09-30 15:01:31.715,12467,12469,12469,1,1
2020-09-30 15:01:39.103,12467,12469,12467,4,-4
2020-09-30 15:01:40.304,12468,12469,12468,1,1
2020-09-30 15:01:46.130,12468,12469,12469,1,1
2020-09-30 15:01:46.250,12468,12469,12469,5,5
2020-09-30 15:01:46.979,12468,12470,12468,3,-3
2020-09-30 15:01:47.418,12468,12470,12468,1,-1
2020-09-30 15:01:48.454,12468,12470,12468,1,-1
2020-09-30 15:01:51.064,12468,12469,12468,1,-1
2020-09-30 15:01:51.066,12468,12469,12468,4,-4
2020-09-30 15:01:56.363,12468,12469,12469,4,4
2020-09-30 15:01:59.937,12468,12470,12468,8,-8
2020-09-30 15:01:59.937,12468,12470,12468,2,-2
2020-09-30 15:02:00.253,12468,12470,12468,2,-2
2020-09-30 15:02:02.308,12468,12470,12470,1,1
2020-09-30 15:02:02.931,12468,12470,12468,1,-1
2020-09-30 15:02:02.969,12468,12470,12469,1,1
2020-09-30 15:02:03.003,12468,12470,12468,2,-2
2020-09-30 15:02:03.139,12469,12470,12469,2,2
2020-09-30 15:02:03.191,12469,12470,12469,2,-2
2020-09-30 15:02:03.743,12468,12469,12469,1,1
2020-09-30 15:02:05.148,12469,12470,12470,10,10
2020-09-30 15:02:07.872,12469,12471,12471,5,5
2020-09-30 15:02:07.872,12469,12471,12471,4,4
2020-09-30 15:02:08.052,12471,12472,12471,1,-1
2020-09-30 15:02:08.358,12471,12472,12470,1,-1
2020-09-30 15:02:09.202,12471,12472,12471,1,1
2020-09-30 15:02:09.370,12471,12472,12471,3,-3
2020-09-30 15:02:09.370,12471,12472,12470,5,-5
2020-09-30 15:02:09.370,12471,12472,12469,2,-2
2020-09-30 15:02:09.677,12470,12471,12471,4,4
2020-09-30 15:02:10.740,12469,12471,12470,1,-1
2020-09-30 15:02:11.646,12471,12472,12471,1,1
2020-09-30 15:02:15.309,12471,12472,12472,1,1
2020-09-30 15:02:17.810,12471,12472,12471,1,-1
2020-09-30 15:02:18.701,12470,12472,12470,7,-7
2020-09-30 15:02:18.702,12470,12472,12470,1,-1
2020-09-30 15:02:18.702,12470,12472,12470,1,-1
2020-09-30 15:02:18.702,12470,12472,12470,1,-1
2020-09-30 15:02:21.997,12471,12472,12472,5,5
2020-09-30 15:02:21.999,12471,12472,12472,11,11
2020-09-30 15:02:22.756,12472,12473,12472,1,-1
2020-09-30 15:02:25.930,12472,12473,12472,1,-1
2020-09-30 15:02:25.930,12472,12473,12471,7,-7
2020-09-30 15:02:25.930,12472,12473,12471,1,-1
2020-09-30 15:02:25.930,12472,12473,12471,1,-1
2020-09-30 15:02:26.341,12471,12473,12473,1,1
2020-09-30 15:02:28.297,12472,12473,12473,24,24
2020-09-30 15:02:28.523,12473,12474,12474,5,5
2020-09-30 15:02:29.308,12473,12475,12473,1,-1
2020-09-30 15:02:29.450,12473,12474,12473,1,-1
2020-09-30 15:02:29.450,12473,12474,12473,1,-1
2020-09-30 15:02:30.502,12474,12475,12474,1,1
2020-09-30 15:02:30.676,12473,12475,12473,1,-1
2020-09-30 15:02:31.630,12474,12475,12474,1,1
2020-09-30 15:02:32.196,12474,12475,12475,18,18
2020-09-30 15:02:32.196,12474,12475,12475,1,1
2020-09-30 15:02:32.196,12474,12475,12475,21,21
2020-09-30 15:02:32.561,12474,12476,12474,6,-6
2020-09-30 15:02:32.561,12474,12476,12473,4,-4
2020-09-30 15:02:32.804,12473,12475,12475,1,1
2020-09-30 15:02:32.848,12473,12475,12473,2,-2
2020-09-30 15:02:33.128,12473,12475,12474,1,1
2020-09-30 15:02:33.303,12473,12475,12474,1,-1
2020-09-30 15:02:34.962,12474,12475,12475,3,3
2020-09-30 15:02:35.041,12474,12475,12475,2,2
2020-09-30 15:02:36.330,12475,12476,12475,2,-2
2020-09-30 15:02:37.268,12474,12475,12475,2,2
2020-09-30 15:02:38.745,12474,12475,12475,3,3
2020-09-30 15:02:40.071,12474,12475,12475,1,1
2020-09-30 15:02:40.078,12474,12475,12475,1,1
2020-09-30 15:02:40.646,12474,12475,12475,1,1
2020-09-30 15:02:41.641,12474,12475,12475,4,4
2020-09-30 15:02:41.735,12474,12475,12475,1,1
2020-09-30 15:02:42.237,12475,12476,12476,4,4
2020-09-30 15:02:42.513,12475,12477,12476,1,-1
2020-09-30 15:02:44.904,12476,12477,12477,4,4
2020-09-30 15:02:45.422,12476,12477,12476,1,-1
2020-09-30 15:02:46.200,12476,12477,12477,5,5
2020-09-30 15:02:46.765,12476,12477,12477,5,5
2020-09-30 15:02:48.334,12476,12477,12477,1,1
2020-09-30 15:02:48.341,12476,12477,12478,5,5
2020-09-30 15:02:48.442,12476,12478,12477,1,-1
2020-09-30 15:02:48.643,12476,12478,12478,5,5
2020-09-30 15:02:48.956,12477,12478,12477,2,-2
2020-09-30 15:02:50.169,12477,12478,12478,1,1
2020-09-30 15:02:50.909,12477,12478,12477,1,-1
2020-09-30 15:02:52.029,12476,12477,12477,1,1
2020-09-30 15:02:52.936,12476,12477,12477,1,1
2020-09-30 15:02:54.578,12477,12478,12478,1,1
2020-09-30 15:02:55.166,12477,12478,12478,1,1
2020-09-30 15:02:56.949,12478,12479,12478,5,-5
2020-09-30 15:02:56.949,12478,12479,12478,1,-1
2020-09-30 15:02:59.982,12478,12479,12479,2,2
2020-09-30 15:03:01.360,12478,12479,12479,1,1
2020-09-30 15:03:02.259,12478,12479,12478,1,-1
2020-09-30 15:03:02.479,12478,12479,12479,2,2
2020-09-30 15:03:03.704,12478,12479,12479,1,1
2020-09-30 15:03:08.687,12478,12479,12479,2,2
2020-09-30 15:03:09.165,12478,12479,12479,1,1
2020-09-30 15:03:12.059,12478,12479,12479,7,7
2020-09-30 15:03:12.059,12478,12479,12479,1,1
2020-09-30 15:03:12.059,12478,12479,12479,1,1
2020-09-30 15:03:12.502,12479,12480,12480,5,5
2020-09-30 15:03:12.662,12479,12480,12480,1,1
2020-09-30 15:03:13.469,12479,12480,12480,5,5
2020-09-30 15:03:13.982,12479,12480,12479,1,-1
2020-09-30 15:03:14.178,12479,12480,12479,2,-2
2020-09-30 15:03:14.435,12478,12479,12479,4,4
2020-09-30 15:03:14.435,12478,12479,12480,1,1
2020-09-30 15:03:14.648,12478,12480,12478,2,-2
2020-09-30 15:03:15.019,12478,12479,12479,4,4
2020-09-30 15:03:15.019,12478,12479,12480,1,1
2020-09-30 15:03:16.082,12479,12480,12480,7,7
2020-09-30 15:03:16.672,12478,12479,12479,1,1
2020-09-30 15:03:16.842,12479,12480,12479,1,-1
2020-09-30 15:03:17.432,12478,12480,12480,1,1
2020-09-30 15:03:17.661,12478,12480,12479,1,-1
2020-09-30 15:03:18.182,12478,12479,12479,1,1
2020-09-30 15:03:18.766,12479,12480,12479,1,-1
2020-09-30 15:03:19.178,12479,12480,12480,5,5
2020-09-30 15:03:20.125,12479,12480,12479,5,-5
2020-09-30 15:03:20.868,12478,12479,12479,1,1
2020-09-30 15:03:22.110,12479,12480,12479,1,-1
2020-09-30 15:03:23.916,12479,12480,12479,3,-3
2020-09-30 15:03:25.867,12478,12479,12479,1,1
2020-09-30 15:03:27.071,12478,12479,12479,1,1
2020-09-30 15:03:28.161,12478,12479,12479,1,1
2020-09-30 15:03:32.227,12478,12479,12479,1,1
2020-09-30 15:03:35.645,12478,12479,12479,5,5
2020-09-30 15:03:40.369,12478,12479,12478,1,-1
2020-09-30 15:03:48.673,12478,12479,12479,1,1
2020-09-30 15:03:48.673,12478,12479,12479,1,1
2020-09-30 15:03:48.699,12478,12479,12479,1,1
2020-09-30 15:03:48.724,12478,12479,12479,1,1
2020-09-30 15:03:48.749,12478,12479,12479,1,1
2020-09-30 15:03:48.750,12478,12479,12479,1,1
2020-09-30 15:03:48.750,12478,12479,12479,4,4
2020-09-30 15:03:48.750,12478,12479,12479,1,1
2020-09-30 15:03:59.417,12478,12479,12479,1,1
2020-09-30 15:03:59.417,12478,12479,12479,1,1
2020-09-30 15:04:04.181,12478,12479,12479,1,1
2020-09-30 15:04:04.615,12478,12479,12478,1,-1
2020-09-30 15:04:04.804,12478,12479,12478,1,-1
2020-09-30 15:04:05.822,12478,12479,12479,4,4
2020-09-30 15:04:07.805,12479,12480,12479,1,-1
2020-09-30 15:04:09.792,12479,12480,12479,1,-1
2020-09-30 15:04:13.801,12479,12480,12480,1,1
2020-09-30 15:04:13.801,12479,12480,12480,1,1
2020-09-30 15:04:13.801,12479,12480,12480,1,1
2020-09-30 15:04:13.801,12479,12480,12480,4,4
2020-09-30 15:04:13.801,12479,12480,12480,5,5
2020-09-30 15:04:13.801,12479,12480,12480,11,11
2020-09-30 15:04:13.801,12479,12480,12480,4,4
2020-09-30 15:04:13.801,12479,12480,12480,3,3
2020-09-30 15:04:13.802,12479,12480,12480,1,1
2020-09-30 15:04:13.802,12479,12480,12480,4,4
2020-09-30 15:04:15.879,12480,12481,12481,1,1
2020-09-30 15:04:16.021,12480,12481,12480,1,-1
2020-09-30 15:04:16.955,12480,12481,12481,1,1
2020-09-30 15:04:17.216,12480,12481,12480,2,-2
2020-09-30 15:04:17.809,12480,12481,12480,1,-1
2020-09-30 15:04:18.857,12480,12481,12481,2,2
2020-09-30 15:04:19.536,12480,12482,12480,1,-1
2020-09-30 15:04:21.533,12481,12482,12482,1,1
2020-09-30 15:04:22.062,12481,12482,12482,1,1
2020-09-30 15:04:26.427,12481,12482,12482,1,1
2020-09-30 15:04:26.724,12481,12482,12482,3,3
2020-09-30 15:04:28.704,12482,12483,12482,1,-1
2020-09-30 15:04:28.769,12482,12483,12482,1,-1
2020-09-30 15:04:29.789,12482,12483,12482,5,-5
2020-09-30 15:04:30.649,12481,12482,12482,1,1
2020-09-30 15:04:31.688,12481,12482,12481,1,-1
2020-09-30 15:04:33.772,12480,12481,12481,1,1
2020-09-30 15:04:34.942,12480,12481,12480,1,-1
2020-09-30 15:04:34.942,12480,12481,12480,4,-4
2020-09-30 15:04:38.036,12480,12481,12480,1,-1
2020-09-30 15:04:38.036,12480,12481,12479,9,-9
2020-09-30 15:04:38.644,12479,12481,12481,1,1
2020-09-30 15:04:38.772,12479,12481,12481,2,2
2020-09-30 15:04:44.865,12480,12481,12481,1,1
2020-09-30 15:04:46.568,12480,12481,12481,8,8
2020-09-30 15:04:46.975,12480,12481,12481,1,1
2020-09-30 15:04:46.975,12480,12481,12481,5,5
2020-09-30 15:04:50.414,12481,12482,12481,1,-1
2020-09-30 15:04:54.986,12480,12481,12481,1,1
2020-09-30 15:04:55.416,12480,12481,12481,1,1
2020-09-30 15:04:55.785,12481,12482,12481,1,-1
2020-09-30 15:04:58.939,12481,12482,12481,1,-1
2020-09-30 15:04:58.939,12481,12482,12481,3,-3
2020-09-30 15:04:58.939,12481,12482,12481,2,-2
2020-09-30 15:05:00.816,12481,12482,12482,30,30
2020-09-30 15:05:01.022,12482,12483,12483,3,3
2020-09-30 15:05:01.786,12482,12483,12483,1,1
2020-09-30 15:05:05.349,12481,12482,12482,1,1
2020-09-30 15:05:06.944,12481,12483,12482,1,-1
2020-09-30 15:05:09.264,12482,12483,12482,1,-1
2020-09-30 15:05:12.175,12482,12483,12483,2,2
2020-09-30 15:05:12.340,12482,12483,12483,5,5
2020-09-30 15:05:14.198,12482,12483,12482,3,-3
2020-09-30 15:05:14.198,12482,12483,12482,1,-1
2020-09-30 15:05:14.198,12482,12483,12482,4,-4
2020-09-30 15:05:14.198,12482,12483,12482,2,-2
2020-09-30 15:05:15.522,12481,12482,12482,3,3
2020-09-30 15:05:16.536,12481,12482,12482,1,1
2020-09-30 15:05:18.816,12481,12482,12482,1,1
2020-09-30 15:05:20.880,12482,12483,12482,1,-1
2020-09-30 15:05:28.836,12481,12482,12482,1,1
2020-09-30 15:05:29.656,12481,12482,12482,1,1
2020-09-30 15:05:30.860,12481,12482,12481,2,-2
2020-09-30 15:05:37.238,12480,12482,12480,2,-2
2020-09-30 15:05:41.642,12481,12482,12481,2,2
2020-09-30 15:05:42.271,12481,12482,12482,3,3
2020-09-30 15:05:42.315,12481,12482,12482,1,1
2020-09-30 15:05:42.561,12482,12483,12483,2,2
2020-09-30 15:05:42.567,12482,12483,12483,1,1
2020-09-30 15:05:42.567,12482,12483,12483,4,4
2020-09-30 15:05:42.568,12482,12483,12483,1,1
2020-09-30 15:05:42.568,12482,12483,12483,5,5
2020-09-30 15:05:42.568,12482,12483,12483,1,1
2020-09-30 15:05:44.774,12482,12483,12482,1,-1
2020-09-30 15:05:45.847,12482,12483,12483,1,1
2020-09-30 15:05:45.847,12482,12483,12483,1,1
2020-09-30 15:05:46.171,12483,12484,12483,1,-1
2020-09-30 15:05:50.014,12483,12484,12484,9,9
2020-09-30 15:05:50.361,12484,12485,12485,5,5
2020-09-30 15:05:50.365,12484,12485,12485,2,2
2020-09-30 15:05:50.368,12484,12485,12485,1,1
2020-09-30 15:05:50.398,12484,12485,12485,3,3
2020-09-30 15:05:50.457,12484,12485,12485,3,3
2020-09-30 15:05:50.466,12484,12485,12485,1,1
2020-09-30 15:05:50.550,12484,12486,12486,9,9
2020-09-30 15:05:50.740,12485,12486,12486,4,4
2020-09-30 15:05:52.067,12485,12486,12485,1,-1
2020-09-30 15:05:52.334,12484,12486,12486,4,4
2020-09-30 15:05:52.334,12484,12486,12487,1,1
2020-09-30 15:05:52.407,12485,12487,12487,1,1
2020-09-30 15:05:52.412,12485,12487,12487,1,1
2020-09-30 15:05:55.746,12484,12486,12486,2,2
2020-09-30 15:05:56.502,12484,12485,12485,1,1
2020-09-30 15:05:57.553,12485,12486,12485,1,-1
2020-09-30 15:05:57.970,12485,12486,12485,1,-1
2020-09-30 15:05:57.970,12485,12486,12484,1,-1
2020-09-30 15:05:58.038,12484,12486,12486,1,1
2020-09-30 15:05:59.400,12484,12485,12485,1,1
2020-09-30 15:06:00.698,12484,12486,12486,3,3
2020-09-30 15:06:06.199,12484,12485,12485,1,1
2020-09-30 15:06:06.915,12484,12485,12485,1,1
2020-09-30 15:06:06.974,12484,12485,12484,1,-1
2020-09-30 15:06:07.086,12483,12484,12484,1,1
2020-09-30 15:06:08.084,12484,12485,12485,1,1
2020-09-30 15:06:15.107,12484,12485,12485,6,6
2020-09-30 15:06:15.107,12484,12485,12485,2,2
2020-09-30 15:06:15.851,12484,12485,12485,5,5
2020-09-30 15:06:17.722,12485,12486,12485,1,-1
2020-09-30 15:06:18.107,12484,12485,12485,5,5
2020-09-30 15:06:19.504,12484,12485,12485,4,4
2020-09-30 15:06:19.941,12485,12486,12486,4,4
2020-09-30 15:06:22.287,12485,12486,12486,1,1
2020-09-30 15:06:22.287,12485,12486,12486,1,1
2020-09-30 15:06:22.288,12485,12486,12486,1,1
2020-09-30 15:06:23.674,12486,12487,12487,1,1
2020-09-30 15:06:27.500,12486,12487,12487,1,1
2020-09-30 15:06:28.321,12486,12487,12486,1,-1
2020-09-30 15:06:30.430,12485,12487,12485,1,-1
2020-09-30 15:06:30.477,12485,12487,12486,1,1
2020-09-30 15:06:31.946,12485,12486,12487,1,1
2020-09-30 15:06:38.526,12485,12486,12486,1,1
2020-09-30 15:06:40.783,12485,12486,12486,1,1
2020-09-30 15:06:43.245,12485,12486,12486,3,3
2020-09-30 15:06:43.742,12485,12486,12485,5,-5
2020-09-30 15:06:45.313,12484,12485,12484,3,-3
2020-09-30 15:06:48.406,12485,12487,12485,1,1
2020-09-30 15:06:58.616,12484,12485,12484,2,-2
2020-09-30 15:07:02.400,12484,12485,12484,2,-2
2020-09-30 15:07:03.275,12483,12484,12484,1,1
2020-09-30 15:07:07.063,12483,12485,12483,3,-3
2020-09-30 15:07:08.729,12483,12484,12484,1,1
2020-09-30 15:07:09.623,12483,12484,12483,2,-2
2020-09-30 15:07:09.624,12483,12484,12483,1,-1
2020-09-30 15:07:10.798,12482,12483,12483,1,1
2020-09-30 15:07:10.798,12482,12483,12484,4,4
2020-09-30 15:07:10.798,12482,12483,12485,5,5
2020-09-30 15:07:14.241,12483,12484,12483,1,-1
2020-09-30 15:07:14.260,12482,12484,12483,1,-1
2020-09-30 15:07:14.286,12482,12484,12483,1,-1
2020-09-30 15:07:14.312,12482,12484,12483,1,-1
2020-09-30 15:07:14.338,12482,12484,12483,1,-1
2020-09-30 15:07:20.888,12483,12484,12484,1,1
2020-09-30 15:07:22.955,12484,12485,12485,1,1
2020-09-30 15:07:22.955,12484,12485,12485,2,2
2020-09-30 15:07:24.313,12484,12486,12484,1,-1
2020-09-30 15:07:32.320,12484,12485,12484,1,-1
2020-09-30 15:07:36.468,12484,12485,12485,3,3
2020-09-30 15:07:42.020,12484,12485,12485,1,1
2020-09-30 15:07:44.982,12484,12485,12485,1,1
2020-09-30 15:07:45.824,12484,12485,12485,1,1
2020-09-30 15:07:49.333,12484,12485,12485,2,2
2020-09-30 15:07:51.954,12484,12485,12484,5,-5
2020-09-30 15:07:56.679,12484,12485,12484,1,-1
2020-09-30 15:07:58.452,12484,12485,12485,2,2
2020-09-30 15:07:58.479,12484,12485,12485,2,2
2020-09-30 15:07:58.609,12484,12485,12485,2,2
2020-09-30 15:07:59.132,12484,12485,12484,2,-2
2020-09-30 15:08:02.213,12484,12485,12484,10,-10
2020-09-30 15:08:02.213,12484,12485,12483,10,-10
2020-09-30 15:08:02.288,12483,12484,12484,1,1
2020-09-30 15:08:06.037,12484,12485,12484,1,-1
2020-09-30 15:08:08.546,12484,12485,12485,2,2
2020-09-30 15:08:08.548,12484,12485,12485,1,1
2020-09-30 15:08:10.342,12485,12487,12485,1,-1
2020-09-30 15:08:12.536,12486,12487,12486,1,1
2020-09-30 15:08:12.536,12486,12487,12485,1,-1
2020-09-30 15:08:13.202,12486,12487,12486,1,1
2020-09-30 15:08:14.020,12485,12487,12487,5,5
2020-09-30 15:08:16.051,12486,12488,12486,1,-1
2020-09-30 15:08:16.620,12486,12487,12487,4,4
2020-09-30 15:08:18.629,12487,12488,12487,1,-1
2020-09-30 15:08:20.013,12485,12486,12486,1,1
2020-09-30 15:08:21.867,12485,12487,12487,1,1
2020-09-30 15:08:24.599,12486,12487,12486,4,-4
2020-09-30 15:08:24.600,12486,12487,12486,1,-1
2020-09-30 15:08:24.601,12486,12487,12486,9,-9
2020-09-30 15:08:24.601,12486,12487,12486,1,-1
2020-09-30 15:08:27.100,12485,12487,12487,5,5
2020-09-30 15:08:28.996,12485,12486,12485,5,-5
2020-09-30 15:08:28.997,12485,12486,12485,1,-1
2020-09-30 15:08:28.997,12485,12486,12485,1,-1
2020-09-30 15:08:28.997,12485,12486,12485,4,-4
2020-09-30 15:08:31.695,12484,12485,12485,1,1
2020-09-30 15:08:34.790,12484,12485,12484,15,-15
2020-09-30 15:08:34.791,12484,12485,12484,1,-1
2020-09-30 15:08:37.668,12483,12484,12483,15,-15
2020-09-30 15:08:41.055,12483,12484,12484,1,1
2020-09-30 15:08:43.941,12484,12485,12484,9,-9
2020-09-30 15:08:43.941,12484,12485,12483,16,-16
2020-09-30 15:08:51.140,12483,12485,12485,6,6
2020-09-30 15:08:51.141,12483,12485,12485,1,1
2020-09-30 15:08:51.141,12483,12485,12485,3,3
2020-09-30 15:08:51.974,12484,12485,12484,1,-1
2020-09-30 15:08:56.614,12484,12485,12484,1,-1
2020-09-30 15:09:00.058,12484,12485,12484,2,-2
2020-09-30 15:09:06.278,12483,12484,12484,1,1
2020-09-30 15:09:10.112,12483,12484,12483,4,-4
2020-09-30 15:09:10.112,12483,12484,12483,15,-15
2020-09-30 15:09:10.136,12482,12483,12482,4,-4
2020-09-30 15:09:10.136,12482,12483,12482,1,-1
2020-09-30 15:09:10.136,12482,12483,12482,1,-1
2020-09-30 15:09:12.178,12482,12483,12483,1,1
2020-09-30 15:09:12.328,12483,12484,12483,3,-3
2020-09-30 15:09:17.178,12482,12484,12482,2,-2
2020-09-30 15:09:24.122,12482,12483,12482,1,-1
2020-09-30 15:09:28.185,12482,12483,12483,1,1
2020-09-30 15:09:47.297,12483,12484,12484,2,2
2020-09-30 15:09:47.297,12483,12484,12484,2,2
2020-09-30 15:09:49.535,12483,12485,12483,1,-1
2020-09-30 15:09:55.640,12484,12485,12484,4,4
2020-09-30 15:09:55.641,12484,12485,12484,1,-1
2020-09-30 15:10:00.138,12484,12485,12485,2,2
2020-09-30 15:10:00.509,12484,12486,12484,1,-1
2020-09-30 15:10:08.275,12484,12485,12485,9,9
2020-09-30 15:10:08.276,12484,12485,12485,2,2
2020-09-30 15:10:08.277,12484,12485,12485,2,2
2020-09-30 15:10:10.348,12485,12486,12486,7,7
2020-09-30 15:10:13.407,12486,12487,12486,1,-1
2020-09-30 15:10:13.407,12486,12487,12486,2,-2
2020-09-30 15:10:14.678,12484,12486,12486,1,1
2020-09-30 15:10:16.850,12484,12485,12485,1,1
2020-09-30 15:10:23.367,12485,12486,12486,3,3
2020-09-30 15:10:23.502,12486,12487,12486,1,-1
2020-09-30 15:10:24.476,12486,12487,12487,1,1
2020-09-30 15:10:24.476,12486,12487,12487,2,2
2020-09-30 15:10:24.476,12486,12487,12487,1,1
2020-09-30 15:10:24.855,12486,12488,12488,14,14
2020-09-30 15:10:25.524,12488,12489,12488,1,-1
2020-09-30 15:10:26.512,12488,12489,12488,2,-2
2020-09-30 15:10:28.327,12487,12488,12487,2,-2
2020-09-30 15:10:33.788,12485,12487,12486,1,-1
2020-09-30 15:10:34.815,12485,12487,12485,2,-2
2020-09-30 15:10:52.067,12485,12486,12486,1,1
2020-09-30 15:10:54.384,12485,12486,12486,2,2
2020-09-30 15:10:54.385,12485,12486,12486,2,2
2020-09-30 15:10:54.385,12485,12486,12486,7,7
2020-09-30 15:11:03.391,12486,12487,12487,3,3
2020-09-30 15:11:08.568,12487,12488,12487,1,-1
2020-09-30 15:11:08.634,12487,12488,12487,1,-1
2020-09-30 15:11:08.634,12487,12488,12487,4,-4
2020-09-30 15:11:08.635,12487,12488,12487,3,-3
2020-09-30 15:11:08.635,12487,12488,12487,1,-1
2020-09-30 15:11:10.399,12486,12488,12488,1,1
2020-09-30 15:11:17.564,12487,12488,12488,1,1
2020-09-30 15:11:19.579,12487,12488,12487,1,-1
2020-09-30 15:11:20.420,12487,12488,12487,8,-8
2020-09-30 15:11:21.648,12486,12487,12486,3,-3
2020-09-30 15:11:21.648,12486,12487,12486,4,-4
2020-09-30 15:11:21.648,12486,12487,12486,3,-3
2020-09-30 15:11:22.058,12485,12486,12486,1,1
2020-09-30 15:11:23.876,12485,12487,12487,5,5
2020-09-30 15:11:26.811,12486,12487,12486,1,-1
2020-09-30 15:11:27.561,12486,12487,12487,1,1
2020-09-30 15:11:30.732,12486,12487,12486,5,-5
2020-09-30 15:11:34.436,12486,12487,12486,1,-1
2020-09-30 15:11:38.079,12486,12487,12486,1,-1
2020-09-30 15:11:38.436,12486,12487,12486,2,-2
2020-09-30 15:11:38.488,12486,12487,12486,5,-5
2020-09-30 15:11:40.620,12485,12486,12486,1,1
2020-09-30 15:11:41.036,12485,12486,12486,1,1
2020-09-30 15:11:49.339,12485,12486,12486,5,5
2020-09-30 15:11:50.526,12486,12487,12486,1,-1
2020-09-30 15:11:53.333,12486,12487,12487,1,1
2020-09-30 15:11:53.333,12486,12487,12487,1,1
2020-09-30 15:11:53.333,12486,12487,12487,1,1
2020-09-30 15:11:53.334,12486,12487,12487,1,1
2020-09-30 15:11:53.334,12486,12487,12487,1,1
2020-09-30 15:12:02.793,12487,12488,12487,1,-1
2020-09-30 15:12:03.685,12486,12488,12488,1,1
2020-09-30 15:12:09.982,12486,12487,12487,1,1
2020-09-30 15:12:11.686,12486,12487,12486,2,-2
2020-09-30 15:12:12.980,12485,12486,12487,1,1
2020-09-30 15:12:20.648,12485,12486,12486,1,1
2020-09-30 15:12:28.766,12486,12487,12487,1,1
2020-09-30 15:12:30.187,12487,12488,12487,1,-1
2020-09-30 15:12:30.465,12487,12488,12487,1,-1
2020-09-30 15:12:31.794,12487,12488,12488,2,2
2020-09-30 15:12:37.500,12487,12488,12487,1,-1
2020-09-30 15:12:38.169,12486,12488,12488,1,1
2020-09-30 15:12:40.967,12487,12488,12487,1,-1
2020-09-30 15:12:45.273,12487,12488,12488,1,1
2020-09-30 15:12:52.953,12486,12487,12487,1,1
2020-09-30 15:12:52.954,12486,12487,12487,1,1
2020-09-30 15:13:00.470,12486,12487,12486,9,-9
2020-09-30 15:13:02.252,12485,12486,12486,4,4
2020-09-30 15:13:02.252,12485,12486,12486,1,1
2020-09-30 15:13:03.000,12485,12486,12485,1,-1
2020-09-30 15:13:05.955,12485,12486,12485,1,-1
2020-09-30 15:13:06.007,12485,12486,12485,1,-1
2020-09-30 15:13:09.548,12485,12486,12486,3,3
2020-09-30 15:13:09.558,12485,12486,12486,2,2
2020-09-30 15:13:17.778,12486,12487,12486,1,-1
2020-09-30 15:13:19.825,12486,12487,12486,1,-1
2020-09-30 15:13:21.084,12485,12486,12486,1,1
2020-09-30 15:13:22.914,12485,12486,12486,4,4
2020-09-30 15:13:24.681,12486,12487,12486,1,-1
2020-09-30 15:13:28.608,12486,12487,12487,1,1
2020-09-30 15:13:28.608,12486,12487,12487,1,1
2020-09-30 15:13:28.609,12486,12487,12487,4,4
2020-09-30 15:13:28.609,12486,12487,12487,4,4
2020-09-30 15:13:31.027,12487,12488,12488,1,1
2020-09-30 15:13:35.561,12487,12488,12487,1,-1
2020-09-30 15:13:35.561,12487,12488,12487,1,-1
2020-09-30 15:13:43.945,12486,12487,12486,1,-1
2020-09-30 15:13:52.899,12486,12487,12487,3,3
2020-09-30 15:13:56.317,12486,12488,12486,1,-1
2020-09-30 15:14:02.000,12486,12487,12487,1,1
2020-09-30 15:14:02.332,12486,12487,12486,1,-1
2020-09-30 15:14:03.425,12486,12487,12486,1,-1
2020-09-30 15:14:03.426,12486,12487,12486,2,-2
2020-09-30 15:14:03.426,12486,12487,12486,2,-2
2020-09-30 15:14:03.426,12486,12487,12486,4,-4
2020-09-30 15:14:11.978,12485,12487,12487,2,2
2020-09-30 15:14:14.473,12485,12486,12486,1,1
2020-09-30 15:14:17.935,12486,12487,12486,1,-1
2020-09-30 15:14:18.952,12486,12487,12487,1,1
2020-09-30 15:14:19.163,12486,12487,12487,1,1
2020-09-30 15:14:19.163,12486,12487,12487,1,1
2020-09-30 15:14:26.971,12486,12488,12487,1,-1
2020-09-30 15:14:36.085,12486,12487,12487,4,4
2020-09-30 15:14:40.712,12487,12488,12487,2,-2
2020-09-30 15:14:41.356,12487,12488,12487,1,-1
2020-09-30 15:14:49.176,12487,12488,12488,1,1
2020-09-30 15:14:49.710,12487,12488,12488,2,2
2020-09-30 15:14:49.771,12487,12488,12488,1,1
2020-09-30 15:14:49.951,12487,12488,12488,1,1
2020-09-30 15:14:50.064,12487,12488,12488,1,1
2020-09-30 15:14:50.533,12487,12488,12488,1,1
2020-09-30 15:14:50.541,12487,12488,12489,1,1
2020-09-30 15:14:50.608,12487,12488,12488,1,1
2020-09-30 15:14:54.369,12487,12489,12489,5,5
2020-09-30 15:14:57.495,12488,12489,12489,9,9
2020-09-30 15:14:58.662,12489,12490,12490,1,1
2020-09-30 15:14:58.744,12489,12490,12490,2,2
2020-09-30 15:14:58.775,12489,12490,12490,1,1
2020-09-30 15:14:58.826,12489,12490,12490,1,1
2020-09-30 15:15:00.422,12489,12490,12490,11,11
2020-09-30 15:15:00.881,12489,12490,12490,1,1
2020-09-30 15:15:01.142,12489,12490,12490,1,1
2020-09-30 15:15:01.733,12489,12491,12489,1,-1
2020-09-30 15:15:04.268,12488,12490,12490,5,5
2020-09-30 15:15:04.268,12488,12490,12491,1,1
2020-09-30 15:15:04.269,12488,12490,12490,1,1
2020-09-30 15:15:09.507,12489,12490,12489,1,-1
2020-09-30 15:15:09.507,12489,12490,12489,1,-1
2020-09-30 15:15:13.622,12488,12490,12488,1,-1
2020-09-30 15:15:14.619,12488,12490,12490,2,2
2020-09-30 15:15:19.712,12489,12490,12489,1,-1
2020-09-30 15:15:24.848,12489,12490,12490,2,2
2020-09-30 15:15:24.868,12489,12490,12489,1,-1
2020-09-30 15:15:24.870,12489,12490,12489,1,-1
2020-09-30 15:15:27.668,12489,12490,12489,1,-1
2020-09-30 15:15:27.843,12489,12490,12490,5,5
2020-09-30 15:15:27.872,12489,12490,12489,1,-1
2020-09-30 15:15:29.841,12489,12490,12490,1,1
2020-09-30 15:15:33.891,12489,12490,12490,2,2
2020-09-30 15:15:34.242,12489,12490,12490,4,4
2020-09-30 15:15:39.261,12489,12491,12490,1,-1
2020-09-30 15:15:45.553,12489,12490,12490,1,1
2020-09-30 15:15:45.553,12489,12490,12491,1,1
2020-09-30 15:15:48.290,12489,12490,12490,1,1
2020-09-30 15:15:53.037,12489,12490,12490,1,1
2020-09-30 15:15:57.185,12489,12490,12490,5,5
2020-09-30 15:16:00.522,12490,12491,12490,1,-1
2020-09-30 15:16:00.621,12489,12490,12490,1,1
2020-09-30 15:16:02.542,12490,12491,12490,1,-1
2020-09-30 15:16:02.546,12490,12491,12490,9,-9
2020-09-30 15:16:05.016,12489,12490,12489,1,-1
2020-09-30 15:16:05.016,12489,12490,12489,3,-3
2020-09-30 15:16:05.016,12489,12490,12489,1,-1
2020-09-30 15:16:05.017,12489,12490,12489,2,-2
2020-09-30 15:16:05.763,12488,12489,12489,3,3
2020-09-30 15:16:06.260,12488,12489,12488,5,-5
2020-09-30 15:16:08.349,12487,12488,12487,11,-11
2020-09-30 15:16:08.743,12486,12487,12486,1,-1
2020-09-30 15:16:09.494,12486,12487,12486,1,-1
2020-09-30 15:16:11.535,12486,12487,12487,1,1
2020-09-30 15:16:12.244,12486,12487,12486,1,-1
2020-09-30 15:16:15.925,12486,12487,12487,3,3
2020-09-30 15:16:15.925,12486,12487,12488,1,1
2020-09-30 15:16:19.474,12487,12488,12488,2,2
2020-09-30 15:16:19.475,12487,12488,12488,1,1
2020-09-30 15:16:26.634,12487,12488,12487,5,-5
2020-09-30 15:16:26.745,12487,12488,12488,1,1
2020-09-30 15:16:27.174,12487,12488,12487,12,-12
2020-09-30 15:16:27.174,12487,12488,12486,24,-24
2020-09-30 15:16:27.174,12487,12488,12485,38,-38
2020-09-30 15:16:27.344,12485,12486,12485,2,-2
2020-09-30 15:16:27.345,12485,12486,12485,1,-1
2020-09-30 15:16:27.372,12484,12486,12484,3,-3
2020-09-30 15:16:27.451,12484,12486,12486,5,5
2020-09-30 15:16:30.855,12485,12487,12485,2,-2
2020-09-30 15:16:35.983,12485,12486,12486,1,1
2020-09-30 15:16:35.983,12485,12486,12487,3,3
2020-09-30 15:16:36.639,12485,12487,12485,1,-1
2020-09-30 15:16:36.887,12485,12487,12485,1,-1
2020-09-30 15:16:41.062,12485,12486,12486,1,1
2020-09-30 15:16:41.062,12485,12486,12486,1,1
2020-09-30 15:16:41.062,12485,12486,12486,1,1
2020-09-30 15:16:41.062,12485,12486,12486,3,3
2020-09-30 15:16:42.332,12486,12487,12486,1,-1
2020-09-30 15:16:48.526,12486,12487,12486,6,-6
2020-09-30 15:16:48.526,12486,12487,12485,28,-28
2020-09-30 15:16:48.529,12486,12487,12485,15,-15
2020-09-30 15:16:48.578,12486,12487,12485,1,-1
2020-09-30 15:16:48.578,12486,12487,12486,5,5
2020-09-30 15:16:48.604,12486,12487,12485,1,-1
2020-09-30 15:16:48.618,12485,12486,12485,1,-1
2020-09-30 15:16:48.643,12485,12486,12485,1,-1
2020-09-30 15:16:48.669,12485,12486,12485,1,-1
2020-09-30 15:16:54.302,12484,12485,12485,1,1
2020-09-30 15:16:57.023,12484,12485,12485,5,5
2020-09-30 15:16:57.415,12485,12486,12485,2,-2
2020-09-30 15:16:57.415,12485,12486,12484,3,-3
2020-09-30 15:17:00.293,12485,12486,12485,1,1
2020-09-30 15:17:00.383,12485,12486,12485,1,-1
2020-09-30 15:17:01.364,12485,12486,12485,1,-1
2020-09-30 15:17:06.130,12485,12486,12485,1,-1
2020-09-30 15:17:06.156,12485,12486,12485,1,-1
2020-09-30 15:17:06.181,12485,12486,12485,1,-1
2020-09-30 15:17:06.414,12485,12486,12486,2,2
2020-09-30 15:17:08.102,12485,12486,12485,1,-1
2020-09-30 15:17:14.113,12485,12487,12487,1,1
2020-09-30 15:17:15.998,12486,12487,12486,1,-1
2020-09-30 15:17:21.196,12485,12486,12486,1,1
2020-09-30 15:17:31.566,12485,12486,12485,1,-1
2020-09-30 15:17:31.651,12485,12486,12485,1,-1
2020-09-30 15:17:33.862,12485,12486,12486,1,1
2020-09-30 15:17:33.863,12485,12486,12486,3,3
2020-09-30 15:17:35.678,12486,12487,12486,2,-2
2020-09-30 15:17:38.278,12486,12487,12487,6,6
2020-09-30 15:17:39.568,12487,12488,12488,2,2
2020-09-30 15:17:39.765,12487,12489,12489,4,4
2020-09-30 15:17:40.192,12488,12489,12489,1,1
2020-09-30 15:17:41.419,12488,12490,12488,5,-5
2020-09-30 15:17:41.705,12488,12489,12489,1,1
2020-09-30 15:17:41.706,12488,12489,12489,1,1
2020-09-30 15:17:41.708,12488,12489,12489,1,1
2020-09-30 15:17:45.145,12488,12489,12488,1,-1
2020-09-30 15:17:46.837,12488,12489,12488,1,-1
2020-09-30 15:17:46.837,12488,12489,12488,1,-1
2020-09-30 15:17:46.917,12487,12488,12487,1,-1
2020-09-30 15:17:49.983,12489,12490,12489,1,1
2020-09-30 15:17:50.591,12489,12490,12489,1,-1
2020-09-30 15:17:51.833,12488,12490,12490,4,4
2020-09-30 15:17:52.906,12489,12490,12490,4,4
2020-09-30 15:17:53.136,12490,12491,12491,1,1
2020-09-30 15:17:53.371,12490,12491,12491,9,9
2020-09-30 15:17:53.371,12490,12491,12491,2,2
2020-09-30 15:18:00.885,12491,12492,12491,1,-1
2020-09-30 15:18:03.323,12491,12492,12492,1,1
2020-09-30 15:18:03.395,12491,12492,12492,2,2
2020-09-30 15:18:03.468,12491,12492,12492,1,1
2020-09-30 15:18:04.552,12491,12492,12492,1,1
2020-09-30 15:18:04.827,12491,12492,12492,4,4
2020-09-30 15:18:04.828,12491,12492,12492,7,7
2020-09-30 15:18:04.828,12491,12492,12492,1,1
2020-09-30 15:18:06.116,12492,12493,12493,4,4
2020-09-30 15:18:06.221,12492,12493,12493,3,3
2020-09-30 15:18:06.227,12492,12493,12494,1,1
2020-09-30 15:18:06.281,12493,12494,12494,1,1
2020-09-30 15:18:08.454,12493,12494,12493,1,-1
2020-09-30 15:18:09.111,12492,12494,12494,3,3
2020-09-30 15:18:13.152,12493,12494,12494,1,1
2020-09-30 15:18:13.218,12493,12494,12494,1,1
2020-09-30 15:18:13.389,12494,12495,12495,1,1
2020-09-30 15:18:13.785,12493,12494,12494,3,3
2020-09-30 15:18:13.785,12493,12494,12495,3,3
2020-09-30 15:18:16.794,12492,12493,12493,1,1
2020-09-30 15:18:17.454,12493,12494,12493,1,-1
2020-09-30 15:18:19.753,12492,12494,12494,3,3
2020-09-30 15:18:22.637,12493,12494,12494,1,1
2020-09-30 15:18:24.225,12493,12494,12494,1,1
2020-09-30 15:18:25.001,12493,12494,12494,1,1
2020-09-30 15:18:25.001,12493,12494,12495,4,4
2020-09-30 15:18:28.617,12494,12495,12495,4,4
2020-09-30 15:18:28.707,12494,12495,12494,1,-1
2020-09-30 15:18:29.578,12494,12495,12494,1,-1
2020-09-30 15:18:30.916,12493,12494,12493,1,-1
2020-09-30 15:18:30.916,12493,12494,12493,1,-1
2020-09-30 15:18:30.916,12493,12494,12493,1,-1
2020-09-30 15:18:31.244,12493,12494,12494,6,6
2020-09-30 15:18:34.489,12493,12495,12494,1,-1
2020-09-30 15:18:35.268,12493,12494,12493,1,-1
2020-09-30 15:18:43.468,12493,12494,12494,1,1
2020-09-30 15:18:44.217,12493,12494,12494,1,1
2020-09-30 15:18:45.796,12493,12494,12493,1,-1
2020-09-30 15:18:47.305,12492,12494,12494,5,5
2020-09-30 15:18:51.699,12492,12493,12493,2,2
2020-09-30 15:18:56.268,12492,12493,12493,1,1
2020-09-30 15:18:57.712,12493,12494,12493,1,-1
2020-09-30 15:18:57.776,12492,12494,12493,1,-1
2020-09-30 15:18:57.971,12492,12493,12493,1,1
2020-09-30 15:19:02.219,12493,12494,12494,1,1
2020-09-30 15:19:03.831,12493,12494,12493,2,-2
2020-09-30 15:19:09.625,12492,12493,12493,5,5
2020-09-30 15:19:09.626,12492,12493,12493,1,1
2020-09-30 15:19:17.529,12492,12493,12493,5,5
2020-09-30 15:19:21.581,12492,12493,12492,8,-8
2020-09-30 15:19:22.590,12491,12492,12492,1,1
2020-09-30 15:19:22.590,12491,12492,12493,2,2
2020-09-30 15:19:30.864,12492,12493,12493,2,2
2020-09-30 15:19:30.864,12492,12493,12494,3,3
2020-09-30 15:19:34.229,12493,12494,12494,1,1
2020-09-30 15:19:34.229,12493,12494,12494,2,2
2020-09-30 15:19:41.152,12494,12495,12494,1,-1
2020-09-30 15:19:45.682,12493,12494,12494,1,1
2020-09-30 15:19:48.043,12492,12494,12493,1,-1
2020-09-30 15:19:48.448,12492,12494,12493,1,-1
2020-09-30 15:19:55.033,12492,12493,12492,5,-5
2020-09-30 15:19:55.033,12492,12493,12492,1,-1
2020-09-30 15:20:01.276,12491,12492,12492,5,5
2020-09-30 15:20:02.550,12491,12493,12491,1,-1
2020-09-30 15:20:06.178,12491,12493,12491,1,-1
2020-09-30 15:20:10.777,12492,12493,12492,1,1
2020-09-30 15:20:14.575,12491,12492,12491,5,-5
2020-09-30 15:20:21.038,12491,12492,12491,1,-1
2020-09-30 15:20:22.791,12490,12491,12491,1,1
2020-09-30 15:20:24.123,12490,12492,12492,2,2
2020-09-30 15:20:27.085,12490,12492,12492,5,5
2020-09-30 15:20:28.191,12491,12492,12491,1,-1
2020-09-30 15:20:31.504,12491,12492,12492,3,3
2020-09-30 15:20:31.504,12491,12492,12492,2,2
2020-09-30 15:20:31.504,12491,12492,12492,2,2
2020-09-30 15:20:31.773,12492,12493,12492,2,-2
2020-09-30 15:20:36.237,12492,12493,12493,1,1
2020-09-30 15:20:38.005,12492,12493,12492,2,-2
2020-09-30 15:20:38.528,12491,12492,12492,1,1
2020-09-30 15:20:38.528,12491,12492,12493,3,3
2020-09-30 15:20:41.173,12492,12493,12493,1,1
2020-09-30 15:20:43.210,12493,12494,12493,2,-2
2020-09-30 15:20:44.692,12492,12494,12493,1,-1
2020-09-30 15:20:46.310,12492,12494,12492,1,-1
2020-09-30 15:20:50.036,12492,12493,12493,1,1
2020-09-30 15:20:51.666,12493,12494,12493,1,-1
2020-09-30 15:20:52.181,12493,12494,12493,1,-1
2020-09-30 15:20:52.856,12492,12493,12493,5,5
2020-09-30 15:20:52.856,12492,12493,12493,1,1
2020-09-30 15:20:56.972,12492,12493,12493,1,1
2020-09-30 15:20:57.714,12492,12493,12493,1,1
2020-09-30 15:20:57.715,12492,12493,12493,2,2
2020-09-30 15:21:00.210,12493,12494,12493,1,-1
2020-09-30 15:21:04.842,12492,12493,12493,1,1
2020-09-30 15:21:05.174,12492,12493,12493,1,1
2020-09-30 15:21:05.384,12492,12493,12493,1,1
2020-09-30 15:21:05.529,12492,12493,12493,1,1
2020-09-30 15:21:05.679,12492,12493,12493,1,1
2020-09-30 15:21:05.829,12492,12493,12493,1,1
2020-09-30 15:21:05.843,12492,12493,12492,3,-3
2020-09-30 15:21:06.181,12491,12492,12492,1,1
2020-09-30 15:21:06.335,12491,12492,12492,1,1
2020-09-30 15:21:06.502,12491,12493,12493,1,1
2020-09-30 15:21:06.645,12491,12493,12493,1,1
2020-09-30 15:21:07.199,12492,12493,12494,1,1
2020-09-30 15:21:07.512,12492,12494,12494,4,4
2020-09-30 15:21:09.542,12492,12494,12494,1,1
2020-09-30 15:21:09.702,12492,12494,12494,1,1
2020-09-30 15:21:09.843,12492,12494,12494,1,1
2020-09-30 15:21:09.996,12492,12494,12494,1,1
2020-09-30 15:21:10.146,12492,12494,12494,1,1
2020-09-30 15:21:10.311,12492,12494,12494,1,1
2020-09-30 15:21:10.454,12492,12494,12494,1,1
2020-09-30 15:21:10.611,12492,12494,12494,1,1
2020-09-30 15:21:10.760,12492,12494,12494,1,1
2020-09-30 15:21:11.425,12492,12493,12493,1,1
2020-09-30 15:21:13.779,12492,12493,12493,1,1
2020-09-30 15:21:13.933,12492,12493,12493,1,1
2020-09-30 15:21:13.940,12492,12493,12494,1,1
2020-09-30 15:21:14.083,12492,12494,12494,1,1
2020-09-30 15:21:14.232,12492,12494,12494,1,1
2020-09-30 15:21:14.384,12492,12493,12493,1,1
2020-09-30 15:21:14.542,12492,12493,12493,1,1
2020-09-30 15:21:14.822,12493,12494,12494,1,1
2020-09-30 15:21:14.990,12493,12494,12494,1,1
2020-09-30 15:21:15.160,12493,12494,12494,1,1
2020-09-30 15:21:15.663,12493,12495,12495,1,1
2020-09-30 15:21:15.817,12493,12495,12495,4,4
2020-09-30 15:21:15.861,12493,12495,12495,1,1
2020-09-30 15:21:16.003,12494,12495,12495,1,1
2020-09-30 15:21:16.156,12494,12495,12495,1,1
2020-09-30 15:21:19.185,12494,12495,12495,1,1
2020-09-30 15:21:19.651,12494,12495,12495,1,1
2020-09-30 15:21:19.703,12494,12495,12495,2,2
2020-09-30 15:21:19.704,12494,12495,12495,4,4
2020-09-30 15:21:22.718,12495,12496,12495,1,-1
2020-09-30 15:21:23.285,12494,12495,12495,1,1
2020-09-30 15:21:25.917,12493,12495,12495,4,4
2020-09-30 15:21:27.397,12494,12495,12495,1,1
2020-09-30 15:21:28.945,12495,12496,12496,1,1
2020-09-30 15:21:29.019,12495,12496,12496,1,1
2020-09-30 15:21:29.562,12495,12496,12495,1,-1
2020-09-30 15:21:30.424,12495,12496,12495,1,-1
2020-09-30 15:21:31.063,12494,12495,12495,3,3
2020-09-30 15:21:32.945,12493,12494,12494,1,1
2020-09-30 15:21:33.963,12493,12494,12494,1,1
2020-09-30 15:21:37.259,12493,12495,12493,1,-1
2020-09-30 15:21:37.272,12493,12495,12493,1,-1
2020-09-30 15:21:37.855,12493,12494,12493,1,-1
2020-09-30 15:21:38.350,12493,12494,12493,2,-2
2020-09-30 15:21:38.869,12493,12494,12493,3,-3
2020-09-30 15:21:50.270,12492,12493,12493,1,1
2020-09-30 15:21:50.271,12492,12493,12493,1,1
2020-09-30 15:21:56.768,12492,12493,12492,1,-1
2020-09-30 15:21:58.772,12491,12492,12492,1,1
2020-09-30 15:22:05.234,12491,12492,12491,6,-6
2020-09-30 15:22:05.365,12490,12491,12491,1,1
2020-09-30 15:22:07.330,12490,12492,12491,1,-1
2020-09-30 15:22:14.490,12491,12492,12491,1,-1
2020-09-30 15:22:14.516,12490,12492,12492,2,2
2020-09-30 15:22:19.389,12491,12492,12491,1,-1
2020-09-30 15:22:25.074,12490,12492,12491,1,-1
2020-09-30 15:22:26.392,12490,12491,12491,1,1
2020-09-30 15:22:29.569,12490,12491,12490,1,-1
2020-09-30 15:22:29.899,12490,12491,12491,1,1
2020-09-30 15:22:29.899,12490,12491,12492,3,3
2020-09-30 15:22:42.436,12490,12491,12490,1,-1
2020-09-30 15:22:42.436,12490,12491,12490,1,-1
2020-09-30 15:22:42.436,12490,12491,12490,1,-1
2020-09-30 15:22:42.436,12490,12491,12490,2,-2
2020-09-30 15:22:42.436,12490,12491,12490,1,-1
2020-09-30 15:22:42.436,12490,12491,12490,3,-3
2020-09-30 15:22:50.184,12490,12491,12490,1,-1
2020-09-30 15:22:51.660,12490,12491,12490,3,-3
2020-09-30 15:22:53.366,12489,12490,12489,1,-1
2020-09-30 15:22:53.439,12489,12490,12489,1,-1
2020-09-30 15:22:55.579,12488,12489,12489,1,1
2020-09-30 15:22:56.707,12489,12490,12489,1,-1
2020-09-30 15:22:58.633,12489,12490,12490,1,1
2020-09-30 15:23:02.144,12489,12491,12489,1,-1
2020-09-30 15:23:05.994,12489,12490,12490,1,1
2020-09-30 15:23:07.650,12490,12491,12491,3,3
2020-09-30 15:23:18.308,12490,12491,12490,2,-2
2020-09-30 15:23:18.476,12489,12490,12490,5,5
2020-09-30 15:23:24.959,12489,12490,12490,1,1
2020-09-30 15:23:36.136,12489,12490,12490,1,1
2020-09-30 15:23:45.754,12489,12490,12489,2,-2
2020-09-30 15:23:45.908,12489,12490,12489,2,-2
2020-09-30 15:23:45.909,12489,12490,12489,3,-3
2020-09-30 15:23:52.908,12488,12489,12489,2,2
2020-09-30 15:23:56.524,12489,12490,12489,1,-1
2020-09-30 15:24:02.078,12489,12490,12489,1,-1
2020-09-30 15:24:03.505,12489,12490,12490,1,1
2020-09-30 15:24:03.506,12489,12490,12490,4,4
2020-09-30 15:24:11.168,12490,12491,12491,11,11
2020-09-30 15:24:11.168,12490,12491,12491,6,6
2020-09-30 15:24:11.168,12490,12491,12491,18,18
2020-09-30 15:24:15.024,12491,12492,12492,2,2
2020-09-30 15:24:16.498,12491,12492,12491,1,-1
2020-09-30 15:24:21.740,12490,12491,12491,1,1
2020-09-30 15:24:28.732,12491,12492,12491,2,-2
2020-09-30 15:24:29.845,12490,12491,12491,1,1
2020-09-30 15:24:32.436,12490,12491,12491,18,18
2020-09-30 15:24:32.894,12491,12492,12491,7,-7
2020-09-30 15:24:35.620,12490,12491,12490,1,-1
2020-09-30 15:24:35.706,12490,12491,12490,1,-1
2020-09-30 15:24:35.706,12490,12491,12490,2,-2
2020-09-30 15:24:41.623,12490,12491,12491,1,1
2020-09-30 15:24:41.623,12490,12491,12491,2,2
2020-09-30 15:24:41.624,12490,12491,12491,1,1
2020-09-30 15:24:41.624,12490,12491,12491,4,4
2020-09-30 15:24:41.624,12490,12491,12491,3,3
2020-09-30 15:24:41.625,12490,12491,12491,2,2
2020-09-30 15:24:46.489,12491,12492,12491,1,-1
2020-09-30 15:24:50.675,12490,12491,12490,1,-1
2020-09-30 15:24:50.675,12490,12491,12490,3,-3
2020-09-30 15:24:54.467,12488,12490,12488,2,-2
2020-09-30 15:24:54.467,12488,12490,12488,1,-1
2020-09-30 15:24:54.529,12488,12489,12489,1,1
2020-09-30 15:24:54.554,12488,12489,12489,1,1
2020-09-30 15:24:54.579,12488,12489,12489,1,1
2020-09-30 15:24:54.605,12488,12489,12489,1,1
2020-09-30 15:24:54.723,12488,12490,12489,1,-1
2020-09-30 15:24:54.745,12488,12489,12489,1,1
2020-09-30 15:25:07.744,12489,12490,12489,1,-1
2020-09-30 15:25:09.016,12489,12490,12489,4,-4
2020-09-30 15:25:10.569,12488,12489,12488,7,-7
2020-09-30 15:25:18.274,12487,12488,12488,1,1
2020-09-30 15:25:19.935,12488,12489,12488,1,-1
2020-09-30 15:25:20.277,12487,12488,12487,1,-1
2020-09-30 15:25:20.571,12487,12488,12487,1,-1
2020-09-30 15:25:21.247,12487,12488,12487,4,-4
2020-09-30 15:25:21.247,12487,12488,12487,1,-1
2020-09-30 15:25:22.429,12486,12488,12486,5,-5
2020-09-30 15:25:23.108,12486,12487,12486,5,-5
2020-09-30 15:25:25.507,12485,12486,12485,5,-5
2020-09-30 15:25:26.012,12485,12486,12485,5,-5
2020-09-30 15:25:27.488,12485,12486,12485,1,-1
2020-09-30 15:25:30.608,12485,12486,12485,1,-1
2020-09-30 15:25:34.095,12485,12486,12486,1,1
2020-09-30 15:25:35.707,12485,12486,12485,1,-1
2020-09-30 15:25:37.474,12485,12486,12485,1,-1
2020-09-30 15:25:37.918,12485,12486,12486,3,3
2020-09-30 15:25:38.082,12485,12486,12486,1,1
2020-09-30 15:25:38.245,12486,12487,12486,1,-1
2020-09-30 15:25:38.475,12486,12487,12487,6,6
2020-09-30 15:25:38.772,12486,12487,12487,1,1
2020-09-30 15:25:44.554,12486,12487,12486,1,-1
2020-09-30 15:25:45.133,12486,12487,12487,1,1
2020-09-30 15:25:48.988,12486,12487,12487,1,1
2020-09-30 15:25:55.444,12487,12488,12487,1,-1
2020-09-30 15:26:02.186,12485,12487,12485,1,-1
2020-09-30 15:26:04.377,12485,12486,12486,1,1
2020-09-30 15:26:14.609,12485,12486,12485,1,-1
2020-09-30 15:26:14.862,12485,12486,12485,3,-3
2020-09-30 15:26:15.751,12484,12485,12485,1,1
2020-09-30 15:26:15.751,12484,12485,12485,1,1
2020-09-30 15:26:27.246,12485,12486,12486,1,1
2020-09-30 15:26:28.585,12485,12486,12485,1,-1
2020-09-30 15:26:28.928,12484,12485,12484,1,-1
2020-09-30 15:26:29.354,12484,12485,12485,3,3
2020-09-30 15:26:30.465,12484,12485,12485,1,1
2020-09-30 15:26:33.916,12485,12486,12485,1,-1
2020-09-30 15:26:35.409,12485,12486,12485,1,-1
2020-09-30 15:26:36.199,12485,12486,12485,1,-1
2020-09-30 15:26:37.423,12485,12486,12485,1,-1
2020-09-30 15:26:44.069,12485,12486,12485,1,-1
2020-09-30 15:26:44.263,12485,12486,12485,1,-1
2020-09-30 15:26:45.247,12484,12485,12484,8,-8
2020-09-30 15:26:50.631,12483,12485,12483,10,-10
2020-09-30 15:26:50.832,12482,12483,12482,4,-4
2020-09-30 15:26:53.865,12483,12484,12484,2,2
2020-09-30 15:26:56.102,12484,12485,12484,3,-3
2020-09-30 15:26:56.106,12484,12485,12484,2,-2
2020-09-30 15:26:57.070,12483,12485,12483,5,-5
2020-09-30 15:26:57.751,12483,12485,12483,5,-5
2020-09-30 15:26:58.245,12483,12485,12483,3,-3
2020-09-30 15:26:58.245,12483,12485,12483,2,-2
2020-09-30 15:27:00.116,12484,12485,12484,1,1
2020-09-30 15:27:01.314,12484,12485,12484,2,-2
2020-09-30 15:27:01.314,12484,12485,12483,4,-4
2020-09-30 15:27:01.658,12484,12485,12484,1,1
2020-09-30 15:27:05.087,12484,12485,12484,1,-1
2020-09-30 15:27:07.412,12484,12485,12484,1,-1
2020-09-30 15:27:08.041,12484,12485,12484,1,-1
2020-09-30 15:27:08.259,12483,12485,12483,4,-4
2020-09-30 15:27:10.067,12483,12485,12483,2,-2
2020-09-30 15:27:13.807,12484,12485,12485,2,2
2020-09-30 15:27:13.990,12484,12485,12485,2,2
2020-09-30 15:27:14.831,12483,12485,12484,1,-1
2020-09-30 15:27:19.424,12484,12485,12484,1,-1
2020-09-30 15:27:19.424,12484,12485,12483,1,-1
2020-09-30 15:27:25.798,12484,12485,12485,5,5
2020-09-30 15:27:25.798,12484,12485,12485,4,4
2020-09-30 15:27:39.631,12484,12485,12485,1,1
2020-09-30 15:27:41.297,12484,12485,12484,1,-1
2020-09-30 15:27:42.884,12484,12485,12484,1,-1
2020-09-30 15:27:47.371,12484,12485,12484,1,-1
2020-09-30 15:27:48.457,12484,12485,12484,1,-1
2020-09-30 15:27:50.260,12484,12485,12485,1,1
2020-09-30 15:27:50.260,12484,12485,12485,1,1
2020-09-30 15:27:50.260,12484,12485,12485,2,2
2020-09-30 15:27:50.260,12484,12485,12485,4,4
2020-09-30 15:28:00.008,12484,12485,12485,2,2
2020-09-30 15:28:02.333,12485,12486,12485,2,-2
2020-09-30 15:28:07.339,12485,12486,12486,1,1
2020-09-30 15:28:07.340,12485,12486,12486,2,2
2020-09-30 15:28:18.838,12485,12487,12487,1,1
2020-09-30 15:28:21.100,12485,12486,12486,1,1
2020-09-30 15:28:24.939,12485,12486,12486,1,1
2020-09-30 15:28:28.765,12485,12486,12485,4,-4
2020-09-30 15:28:29.714,12484,12486,12485,1,-1
2020-09-30 15:28:44.644,12484,12486,12485,1,-1
2020-09-30 15:28:45.372,12485,12486,12485,1,-1
2020-09-30 15:28:49.150,12484,12485,12485,2,2
2020-09-30 15:28:49.196,12484,12485,12485,1,1
2020-09-30 15:28:49.197,12484,12485,12485,2,2
2020-09-30 15:28:51.246,12485,12486,12485,1,-1
2020-09-30 15:28:56.372,12485,12486,12485,1,-1
2020-09-30 15:28:56.372,12485,12486,12484,2,-2
2020-09-30 15:28:59.975,12485,12486,12485,1,1
2020-09-30 15:29:04.478,12484,12485,12484,1,-1
2020-09-30 15:29:04.478,12484,12485,12484,4,-4
2020-09-30 15:29:04.478,12484,12485,12484,2,-2
2020-09-30 15:29:05.439,12483,12484,12483,1,-1
2020-09-30 15:29:11.900,12484,12486,12486,2,2
2020-09-30 15:29:16.681,12485,12486,12485,1,-1
2020-09-30 15:29:16.682,12485,12486,12485,3,-3
2020-09-30 15:29:16.682,12485,12486,12485,1,-1
2020-09-30 15:29:17.227,12484,12486,12484,1,-1
2020-09-30 15:29:29.645,12485,12486,12485,1,1
2020-09-30 15:29:33.544,12485,12486,12486,4,4
2020-09-30 15:29:33.545,12485,12486,12486,1,1
2020-09-30 15:29:36.805,12486,12487,12487,2,2
2020-09-30 15:29:36.806,12486,12487,12487,3,3
2020-09-30 15:29:42.316,12487,12488,12488,1,1
2020-09-30 15:29:42.414,12487,12488,12487,1,-1
2020-09-30 15:29:50.868,12487,12488,12488,2,2
2020-09-30 15:29:55.116,12487,12488,12488,1,1
2020-09-30 15:29:55.667,12487,12488,12487,1,-1
2020-09-30 15:29:55.667,12487,12488,12487,2,-2
2020-09-30 15:29:56.071,12487,12488,12488,2,2
2020-09-30 15:29:56.251,12487,12488,12488,1,1
2020-09-30 15:29:59.045,12487,12488,12488,1,1
2020-09-30 15:30:00.756,12487,12488,12488,4,4
2020-09-30 15:30:00.757,12487,12488,12488,2,2
2020-09-30 15:30:00.757,12487,12488,12488,2,2
2020-09-30 15:30:00.757,12487,12488,12488,1,1
2020-09-30 15:30:01.093,12488,12489,12489,3,3
2020-09-30 15:30:01.093,12488,12489,12490,3,3
2020-09-30 15:30:01.179,12488,12490,12490,1,1
2020-09-30 15:30:01.244,12488,12490,12488,1,-1
2020-09-30 15:30:08.537,12488,12489,12488,1,-1
2020-09-30 15:30:08.538,12488,12489,12488,4,-4
2020-09-30 15:30:10.141,12487,12489,12487,5,-5
2020-09-30 15:30:10.142,12487,12489,12487,1,-1
2020-09-30 15:30:11.360,12487,12489,12489,1,1
2020-09-30 15:30:12.862,12487,12488,12489,1,1
2020-09-30 15:30:18.930,12487,12488,12487,2,-2
2020-09-30 15:30:18.930,12487,12488,12487,2,-2
2020-09-30 15:30:26.306,12486,12488,12488,2,2
2020-09-30 15:30:29.636,12488,12489,12489,2,2
2020-09-30 15:30:34.707,12488,12489,12489,1,1
2020-09-30 15:30:46.088,12489,12490,12490,1,1
2020-09-30 15:30:46.677,12489,12490,12490,1,1
2020-09-30 15:30:46.677,12489,12490,12490,1,1
2020-09-30 15:30:46.702,12489,12490,12490,1,1
2020-09-30 15:30:46.728,12489,12490,12490,1,1
2020-09-30 15:30:46.746,12489,12490,12490,1,1
2020-09-30 15:30:46.771,12489,12490,12490,1,1
2020-09-30 15:30:46.950,12489,12490,12490,1,1
2020-09-30 15:30:47.095,12489,12490,12489,6,-6
2020-09-30 15:30:49.959,12489,12490,12489,1,-1
2020-09-30 15:30:52.516,12489,12490,12489,1,-1
2020-09-30 15:30:53.596,12489,12490,12490,1,1
2020-09-30 15:30:56.700,12490,12491,12491,2,2
2020-09-30 15:30:56.700,12490,12491,12491,1,1
2020-09-30 15:30:57.324,12490,12492,12490,1,-1
2020-09-30 15:30:57.444,12490,12492,12491,2,2
2020-09-30 15:31:01.205,12490,12492,12491,1,-1
2020-09-30 15:31:05.309,12490,12491,12491,3,3
2020-09-30 15:31:13.319,12490,12491,12491,1,1
2020-09-30 15:31:34.100,12491,12492,12492,1,1
2020-09-30 15:31:37.691,12491,12492,12492,1,1
2020-09-30 15:31:40.070,12491,12492,12492,1,1
2020-09-30 15:31:45.083,12491,12492,12491,2,-2
2020-09-30 15:31:45.083,12491,12492,12491,3,-3
2020-09-30 15:31:45.083,12491,12492,12491,3,-3
2020-09-30 15:31:53.975,12491,12492,12491,2,-2
2020-09-30 15:31:59.240,12491,12492,12491,2,-2
2020-09-30 15:31:59.533,12490,12491,12491,1,1
2020-09-30 15:32:06.286,12491,12492,12492,2,2
2020-09-30 15:32:06.286,12491,12492,12492,3,3
2020-09-30 15:32:06.286,12491,12492,12492,1,1
2020-09-30 15:32:28.477,12492,12493,12493,1,1
2020-09-30 15:32:28.477,12492,12493,12493,2,2
2020-09-30 15:32:28.477,12492,12493,12493,4,4
2020-09-30 15:32:28.477,12492,12493,12493,2,2
2020-09-30 15:32:36.950,12492,12493,12493,1,1
2020-09-30 15:32:40.666,12492,12493,12493,1,1
2020-09-30 15:32:48.066,12492,12493,12492,1,-1
2020-09-30 15:32:48.066,12492,12493,12492,2,-2
2020-09-30 15:32:48.067,12492,12493,12492,1,-1
2020-09-30 15:32:51.883,12491,12492,12491,4,-4
2020-09-30 15:32:52.846,12491,12492,12491,2,-2
2020-09-30 15:32:52.846,12491,12492,12491,1,-1
2020-09-30 15:33:04.220,12491,12492,12491,5,-5
2020-09-30 15:33:20.786,12491,12492,12492,10,10
2020-09-30 15:33:22.973,12491,12492,12491,1,-1
2020-09-30 15:33:26.528,12491,12492,12491,1,-1
2020-09-30 15:33:29.263,12491,12492,12491,1,-1
2020-09-30 15:33:30.986,12490,12491,12491,1,1
2020-09-30 15:33:32.109,12490,12491,12490,1,-1
2020-09-30 15:33:32.110,12490,12491,12490,2,-2
2020-09-30 15:33:32.110,12490,12491,12490,7,-7
2020-09-30 15:33:32.110,12490,12491,12490,1,-1
2020-09-30 15:33:32.110,12490,12491,12490,4,-4
2020-09-30 15:33:33.587,12489,12491,12491,1,1
2020-09-30 15:33:42.405,12489,12491,12491,1,1
2020-09-30 15:33:54.605,12490,12491,12490,1,-1
2020-09-30 15:34:03.722,12489,12490,12490,1,1
2020-09-30 15:34:17.211,12489,12490,12490,2,2
2020-09-30 15:34:17.211,12489,12490,12490,2,2
2020-09-30 15:34:19.623,12490,12491,12491,2,2
2020-09-30 15:34:19.623,12490,12491,12491,4,4
2020-09-30 15:34:19.623,12490,12491,12491,18,18
2020-09-30 15:34:19.623,12490,12491,12491,1,1
2020-09-30 15:34:19.624,12490,12491,12491,7,7
2020-09-30 15:34:20.838,12491,12492,12492,1,1
2020-09-30 15:34:20.838,12491,12492,12492,3,3
2020-09-30 15:34:20.838,12491,12492,12492,2,2
2020-09-30 15:34:32.321,12491,12492,12491,1,-1
2020-09-30 15:34:42.729,12491,12492,12491,1,-1
2020-09-30 15:34:46.227,12490,12492,12491,1,-1
2020-09-30 15:34:46.446,12490,12492,12492,1,1
2020-09-30 15:34:54.259,12491,12492,12492,2,2
2020-09-30 15:35:07.330,12491,12493,12492,1,-1
2020-09-30 15:35:08.315,12491,12493,12493,1,1
2020-09-30 15:35:10.295,12492,12493,12492,1,-1
2020-09-30 15:35:18.433,12492,12493,12492,1,-1
2020-09-30 15:35:18.434,12492,12493,12492,1,-1
2020-09-30 15:35:18.577,12491,12492,12492,1,1
2020-09-30 15:35:20.644,12491,12492,12492,1,1
2020-09-30 15:35:28.160,12491,12492,12492,4,4
2020-09-30 15:35:29.432,12491,12493,12492,1,-1
2020-09-30 15:35:37.088,12491,12492,12492,1,1
2020-09-30 15:35:38.365,12492,12493,12492,1,-1
2020-09-30 15:35:47.497,12492,12493,12492,1,-1
2020-09-30 15:35:51.123,12492,12493,12493,1,1
2020-09-30 15:35:54.869,12492,12493,12493,1,1
2020-09-30 15:35:54.870,12492,12493,12493,3,3
2020-09-30 15:35:54.870,12492,12493,12493,2,2
2020-09-30 15:35:54.870,12492,12493,12493,1,1
2020-09-30 15:35:54.870,12492,12493,12493,4,4
2020-09-30 15:35:54.870,12492,12493,12493,8,8
2020-09-30 15:36:03.297,12493,12494,12494,1,1
2020-09-30 15:36:03.472,12493,12494,12494,1,1
2020-09-30 15:36:03.472,12493,12494,12494,1,1
2020-09-30 15:36:03.539,12493,12494,12494,9,9
2020-09-30 15:36:03.539,12493,12494,12495,16,16
2020-09-30 15:36:03.539,12493,12494,12495,1,1
2020-09-30 15:36:03.556,12493,12494,12495,4,4
2020-09-30 15:36:03.556,12493,12494,12496,8,8
2020-09-30 15:36:03.568,12493,12494,12496,2,2
2020-09-30 15:36:03.714,12495,12496,12496,1,1
2020-09-30 15:36:03.714,12495,12496,12497,2,2
2020-09-30 15:36:03.747,12495,12497,12497,3,3
2020-09-30 15:36:03.755,12495,12497,12497,3,3
2020-09-30 15:36:03.811,12495,12497,12497,1,1
2020-09-30 15:36:04.248,12496,12497,12497,1,1
2020-09-30 15:36:04.248,12496,12497,12497,6,6
2020-09-30 15:36:04.366,12496,12497,12497,2,2
2020-09-30 15:36:04.431,12496,12497,12497,1,1
2020-09-30 15:36:04.431,12496,12497,12498,1,1
2020-09-30 15:36:04.446,12496,12497,12498,1,1
2020-09-30 15:36:04.523,12496,12498,12498,1,1
2020-09-30 15:36:05.943,12497,12498,12498,1,1
2020-09-30 15:36:06.324,12496,12498,12497,1,-1
2020-09-30 15:36:08.667,12495,12497,12497,2,2
2020-09-30 15:36:11.365,12495,12496,12496,5,5
2020-09-30 15:36:13.119,12495,12496,12496,5,5
2020-09-30 15:36:15.043,12496,12497,12496,1,-1
2020-09-30 15:36:18.337,12495,12496,12496,1,1
2020-09-30 15:36:18.996,12495,12496,12496,1,1
2020-09-30 15:36:20.573,12495,12496,12496,4,4
2020-09-30 15:36:20.574,12495,12496,12496,5,5
2020-09-30 15:36:21.932,12495,12496,12496,1,1
2020-09-30 15:36:22.182,12495,12496,12496,3,3
2020-09-30 15:36:23.044,12495,12496,12495,5,-5
2020-09-30 15:36:23.044,12495,12496,12495,1,-1
2020-09-30 15:36:23.044,12495,12496,12495,1,-1
2020-09-30 15:36:24.647,12494,12495,12495,4,4
2020-09-30 15:36:25.577,12495,12496,12495,6,-6
2020-09-30 15:36:26.252,12494,12495,12495,1,1
2020-09-30 15:36:26.630,12494,12495,12494,2,-2
2020-09-30 15:36:26.630,12494,12495,12494,2,-2
2020-09-30 15:36:30.685,12493,12494,12494,4,4
2020-09-30 15:36:30.686,12493,12494,12494,6,6
2020-09-30 15:36:32.780,12493,12494,12494,1,1
2020-09-30 15:36:36.239,12494,12495,12494,2,-2
2020-09-30 15:36:36.239,12494,12495,12494,5,-5
2020-09-30 15:36:36.239,12494,12495,12494,4,-4
2020-09-30 15:36:37.592,12493,12494,12494,1,1
2020-09-30 15:36:38.224,12494,12495,12494,1,-1
2020-09-30 15:36:48.331,12493,12494,12494,1,1
2020-09-30 15:36:54.305,12493,12494,12494,1,1
2020-09-30 15:37:07.220,12493,12494,12493,1,-1
2020-09-30 15:37:07.371,12493,12494,12493,5,-5
2020-09-30 15:37:07.372,12493,12494,12493,2,-2
2020-09-30 15:37:12.482,12493,12494,12493,5,-5
2020-09-30 15:37:18.524,12492,12493,12492,1,-1
2020-09-30 15:37:20.109,12492,12493,12493,2,2
2020-09-30 15:37:27.103,12492,12493,12493,2,2
2020-09-30 15:37:32.749,12492,12493,12493,1,1
2020-09-30 15:37:34.409,12492,12493,12492,9,-9
2020-09-30 15:37:34.410,12492,12493,12492,5,-5
2020-09-30 15:37:34.410,12492,12493,12492,4,-4
2020-09-30 15:37:34.410,12492,12493,12492,7,-7
2020-09-30 15:37:36.098,12491,12492,12492,2,2
2020-09-30 15:37:39.838,12492,12493,12492,1,-1
2020-09-30 15:37:40.526,12492,12493,12492,2,-2
2020-09-30 15:37:41.634,12491,12493,12493,1,1
2020-09-30 15:38:01.262,12491,12493,12491,1,-1
2020-09-30 15:38:14.368,12491,12492,12491,1,-1
2020-09-30 15:38:14.423,12491,12492,12491,1,-1
2020-09-30 15:38:14.456,12491,12492,12491,1,-1
2020-09-30 15:38:35.871,12491,12492,12491,1,-1
2020-09-30 15:38:43.638,12490,12491,12491,1,1
2020-09-30 15:38:46.155,12490,12491,12490,21,-21
2020-09-30 15:38:46.531,12489,12490,12490,4,4
2020-09-30 15:38:50.678,12489,12490,12490,1,1
2020-09-30 15:38:50.678,12489,12490,12490,9,9
2020-09-30 15:38:57.252,12490,12491,12490,1,-1
2020-09-30 15:39:00.372,12490,12491,12490,1,-1
2020-09-30 15:39:09.502,12489,12490,12489,1,-1
2020-09-30 15:39:09.502,12489,12490,12489,2,-2
2020-09-30 15:39:09.503,12489,12490,12489,3,-3
2020-09-30 15:39:09.983,12488,12490,12488,1,-1
2020-09-30 15:39:10.193,12488,12490,12488,1,-1
2020-09-30 15:39:10.264,12488,12489,12489,4,4
2020-09-30 15:39:18.573,12488,12489,12489,1,1
2020-09-30 15:39:39.985,12488,12490,12489,1,-1
2020-09-30 15:39:43.097,12488,12489,12489,1,1
2020-09-30 15:39:51.547,12488,12489,12489,1,1
2020-09-30 15:39:59.341,12488,12489,12488,2,-2
2020-09-30 15:40:07.222,12488,12489,12488,1,-1
2020-09-30 15:40:08.576,12488,12489,12488,1,-1
2020-09-30 15:40:10.821,12488,12489,12489,2,2
2020-09-30 15:40:10.849,12488,12489,12489,2,2
2020-09-30 15:40:11.544,12488,12489,12488,2,-2
2020-09-30 15:40:12.534,12488,12489,12488,1,-1
2020-09-30 15:40:14.375,12488,12489,12488,1,-1
2020-09-30 15:40:24.998,12488,12489,12488,1,-1
2020-09-30 15:40:39.355,12487,12489,12487,3,-3
2020-09-30 15:40:39.490,12487,12489,12487,1,-1
2020-09-30 15:40:39.561,12487,12489,12487,1,-1
2020-09-30 15:40:43.793,12487,12488,12487,4,-4
2020-09-30 15:40:43.793,12487,12488,12487,4,-4
2020-09-30 15:40:43.793,12487,12488,12487,9,-9
2020-09-30 15:40:45.932,12486,12487,12486,1,-1
2020-09-30 15:40:46.019,12486,12487,12486,1,-1
2020-09-30 15:40:50.746,12486,12487,12486,1,-1
2020-09-30 15:40:50.746,12486,12487,12486,3,-3
2020-09-30 15:40:54.620,12486,12487,12486,2,-2
2020-09-30 15:40:59.473,12485,12486,12486,1,1
2020-09-30 15:41:09.413,12486,12487,12486,1,-1
2020-09-30 15:41:13.675,12485,12486,12486,1,1
2020-09-30 15:41:15.699,12485,12486,12486,2,2
2020-09-30 15:41:15.941,12486,12487,12486,3,-3
2020-09-30 15:41:18.419,12485,12486,12485,1,-1
2020-09-30 15:41:18.420,12485,12486,12485,2,-2
2020-09-30 15:41:18.420,12485,12486,12485,1,-1
2020-09-30 15:41:18.420,12485,12486,12485,4,-4
2020-09-30 15:41:18.420,12485,12486,12485,2,-2
2020-09-30 15:41:18.420,12485,12486,12485,1,-1
2020-09-30 15:41:18.420,12485,12486,12485,2,-2
2020-09-30 15:41:18.420,12485,12486,12485,1,-1
2020-09-30 15:41:18.420,12485,12486,12485,1,-1
2020-09-30 15:41:18.441,12485,12486,12484,6,-6
2020-09-30 15:41:21.541,12484,12485,12484,2,-2
2020-09-30 15:41:21.546,12484,12485,12485,1,1
2020-09-30 15:41:23.358,12484,12485,12485,4,4
2020-09-30 15:41:24.664,12485,12487,12486,3,3
2020-09-30 15:41:24.769,12485,12487,12487,1,1
2020-09-30 15:41:30.642,12485,12486,12485,2,-2
2020-09-30 15:41:30.642,12485,12486,12485,1,-1
2020-09-30 15:41:39.428,12485,12486,12485,1,-1
2020-09-30 15:41:39.430,12485,12486,12485,5,-5
2020-09-30 15:41:40.953,12484,12486,12485,1,-1
2020-09-30 15:41:41.307,12485,12486,12485,1,-1
2020-09-30 15:41:46.663,12485,12486,12485,2,-2
2020-09-30 15:41:52.719,12485,12486,12485,2,-2
2020-09-30 15:41:58.153,12485,12486,12485,1,-1
2020-09-30 15:41:59.172,12485,12486,12486,6,6
2020-09-30 15:42:02.248,12485,12487,12485,3,-3
2020-09-30 15:42:02.510,12485,12486,12485,1,-1
2020-09-30 15:42:02.510,12485,12486,12486,1,1
2020-09-30 15:42:02.510,12485,12486,12487,1,1
2020-09-30 15:42:05.300,12485,12486,12486,2,2
2020-09-30 15:42:07.241,12486,12487,12486,1,-1
2020-09-30 15:42:09.971,12486,12487,12487,1,1
2020-09-30 15:42:09.971,12486,12487,12487,9,9
2020-09-30 15:42:11.797,12486,12488,12486,1,-1
2020-09-30 15:42:14.238,12486,12488,12486,1,-1
2020-09-30 15:42:19.117,12487,12488,12487,1,1
2020-09-30 15:42:19.964,12487,12488,12487,1,-1
2020-09-30 15:42:24.712,12486,12487,12487,1,1
2020-09-30 15:42:35.726,12486,12487,12487,1,1
2020-09-30 15:42:40.427,12486,12488,12486,2,-2
2020-09-30 15:42:44.900,12486,12487,12486,2,-2
2020-09-30 15:42:49.424,12486,12487,12486,1,-1
2020-09-30 15:42:54.689,12487,12488,12487,2,2
2020-09-30 15:42:54.689,12487,12488,12486,2,-2
2020-09-30 15:43:10.075,12486,12488,12486,5,-5
2020-09-30 15:43:11.431,12486,12487,12486,1,-1
2020-09-30 15:43:12.015,12485,12486,12486,1,1
2020-09-30 15:43:16.529,12486,12488,12488,2,2
2020-09-30 15:43:16.691,12486,12488,12486,1,-1
2020-09-30 15:43:17.915,12486,12488,12486,1,-1
2020-09-30 15:43:23.808,12486,12488,12488,2,2
2020-09-30 15:43:24.194,12486,12488,12488,1,1
2020-09-30 15:43:26.388,12487,12488,12488,1,1
2020-09-30 15:43:30.082,12487,12489,12487,1,-1
2020-09-30 15:43:38.790,12487,12488,12488,1,1
2020-09-30 15:43:42.131,12487,12489,12487,5,-5
2020-09-30 15:43:42.132,12487,12489,12487,1,-1
2020-09-30 15:43:42.132,12487,12489,12487,4,-4
2020-09-30 15:43:42.312,12487,12489,12487,1,-1
2020-09-30 15:44:00.085,12487,12488,12487,1,-1
2020-09-30 15:44:00.377,12486,12488,12488,2,2
2020-09-30 15:44:14.692,12486,12487,12486,5,-5
2020-09-30 15:44:14.775,12486,12487,12487,1,1
2020-09-30 15:44:15.058,12486,12487,12487,1,1
2020-09-30 15:44:15.065,12486,12487,12487,1,1
2020-09-30 15:44:15.865,12486,12487,12487,1,1
2020-09-30 15:44:16.969,12486,12487,12486,2,-2
2020-09-30 15:44:19.113,12485,12486,12485,5,-5
2020-09-30 15:44:19.114,12485,12486,12485,2,-2
2020-09-30 15:44:20.809,12484,12486,12486,1,1
2020-09-30 15:44:28.252,12486,12487,12487,2,2
2020-09-30 15:44:28.252,12486,12487,12488,1,1
2020-09-30 15:44:35.802,12486,12487,12487,1,1
2020-09-30 15:44:37.800,12486,12487,12487,1,1
2020-09-30 15:44:37.967,12487,12488,12487,1,-1
2020-09-30 15:44:45.739,12486,12487,12486,3,-3
2020-09-30 15:44:46.784,12486,12487,12487,1,1
2020-09-30 15:44:50.974,12486,12487,12487,1,1
2020-09-30 15:45:02.230,12486,12487,12486,6,-6
2020-09-30 15:45:05.325,12486,12487,12486,1,-1
2020-09-30 15:45:07.592,12486,12487,12486,1,-1
2020-09-30 15:45:09.720,12485,12486,12485,4,-4
2020-09-30 15:45:13.890,12484,12485,12484,10,-10
2020-09-30 15:45:15.910,12484,12485,12484,10,-10
2020-09-30 15:45:18.018,12484,12485,12484,1,-1
2020-09-30 15:45:18.085,12484,12485,12483,4,-4
2020-09-30 15:45:18.221,12483,12484,12483,4,-4
2020-09-30 15:45:20.508,12483,12484,12484,8,8
2020-09-30 15:45:20.509,12483,12484,12484,1,1
2020-09-30 15:45:20.509,12483,12484,12484,1,1
2020-09-30 15:45:20.509,12483,12484,12484,1,1
2020-09-30 15:45:22.023,12484,12485,12484,1,-1
2020-09-30 15:45:25.224,12484,12485,12484,1,-1
2020-09-30 15:45:32.666,12484,12485,12484,1,-1
2020-09-30 15:45:33.772,12484,12485,12484,2,-2
2020-09-30 15:45:39.319,12484,12485,12484,2,-2
2020-09-30 15:45:46.216,12484,12485,12485,2,2
2020-09-30 15:45:46.216,12484,12485,12485,1,1
2020-09-30 15:45:49.496,12485,12486,12486,1,1
2020-09-30 15:45:49.496,12485,12486,12486,1,1
2020-09-30 15:45:49.496,12485,12486,12486,1,1
2020-09-30 15:45:55.117,12485,12486,12486,1,1
2020-09-30 15:45:55.117,12485,12486,12486,1,1
2020-09-30 15:46:01.985,12485,12486,12486,1,1
2020-09-30 15:46:06.579,12485,12486,12486,1,1
2020-09-30 15:46:14.106,12485,12486,12486,1,1
2020-09-30 15:46:23.498,12485,12486,12486,11,11
2020-09-30 15:46:24.334,12486,12487,12486,1,-1
2020-09-30 15:46:24.334,12486,12487,12486,3,-3
2020-09-30 15:46:24.359,12486,12487,12485,1,-1
2020-09-30 15:46:48.185,12485,12486,12485,1,-1
2020-09-30 15:46:48.185,12485,12486,12485,2,-2
2020-09-30 15:46:48.765,12484,12485,12485,1,1
2020-09-30 15:46:52.158,12484,12486,12484,5,-5
2020-09-30 15:46:52.222,12484,12486,12484,1,-1
2020-09-30 15:47:02.118,12484,12485,12484,1,-1
2020-09-30 15:47:05.851,12484,12485,12484,1,-1
2020-09-30 15:47:06.851,12484,12485,12484,1,-1
2020-09-30 15:47:19.307,12484,12485,12485,1,1
2020-09-30 15:47:19.308,12484,12485,12485,3,3
2020-09-30 15:47:20.798,12484,12486,12484,1,-1
2020-09-30 15:47:22.063,12484,12485,12485,1,1
2020-09-30 15:47:23.479,12485,12486,12485,1,-1
2020-09-30 15:47:24.310,12484,12485,12484,1,-1
2020-09-30 15:47:34.469,12484,12485,12484,1,-1
2020-09-30 15:47:34.711,12484,12485,12484,2,-2
2020-09-30 15:47:34.711,12484,12485,12484,2,-2
2020-09-30 15:47:42.699,12483,12484,12483,1,-1
2020-09-30 15:47:47.615,12483,12484,12484,1,1
2020-09-30 15:47:47.615,12483,12484,12484,1,1
2020-09-30 15:47:47.616,12483,12484,12484,2,2
2020-09-30 15:47:47.616,12484,12485,12484,2,-2
2020-09-30 15:47:47.616,12484,12485,12484,1,-1
2020-09-30 15:47:47.616,12484,12485,12484,3,-3
2020-09-30 15:47:47.616,12484,12485,12484,1,-1
2020-09-30 15:47:51.015,12484,12485,12484,1,-1
2020-09-30 15:47:51.055,12484,12485,12485,1,1
2020-09-30 15:47:53.589,12484,12485,12484,1,-1
2020-09-30 15:47:55.802,12483,12484,12484,1,1
2020-09-30 15:47:56.113,12483,12484,12484,1,1
2020-09-30 15:48:00.036,12483,12484,12484,1,1
2020-09-30 15:48:00.397,12483,12484,12483,1,-1
2020-09-30 15:48:03.503,12483,12484,12484,1,1
2020-09-30 15:48:03.847,12483,12484,12483,1,-1
2020-09-30 15:48:03.885,12483,12484,12484,1,1
2020-09-30 15:48:05.647,12483,12484,12484,1,1
2020-09-30 15:48:06.044,12483,12484,12484,1,1
2020-09-30 15:48:09.816,12483,12484,12483,1,-1
2020-09-30 15:48:10.370,12483,12484,12483,2,-2
2020-09-30 15:48:16.134,12483,12484,12483,1,-1
2020-09-30 15:48:24.964,12483,12485,12483,7,-7
2020-09-30 15:48:24.965,12483,12485,12483,1,-1
2020-09-30 15:48:24.965,12483,12485,12483,2,-2
2020-09-30 15:48:36.786,12483,12484,12483,1,-1
2020-09-30 15:48:37.441,12483,12484,12483,1,-1
2020-09-30 15:48:38.352,12483,12484,12484,2,2
2020-09-30 15:49:15.939,12484,12485,12485,1,1
2020-09-30 15:49:29.004,12484,12485,12485,1,1
2020-09-30 15:49:46.917,12484,12485,12484,2,-2
2020-09-30 15:49:46.917,12484,12485,12484,2,-2
2020-09-30 15:49:48.376,12483,12484,12484,1,1
2020-09-30 15:49:51.821,12483,12484,12483,2,-2
2020-09-30 15:50:00.260,12483,12484,12483,2,-2
2020-09-30 15:50:00.260,12483,12484,12483,1,-1
2020-09-30 15:50:00.260,12483,12484,12483,7,-7
2020-09-30 15:50:00.260,12483,12484,12483,5,-5
2020-09-30 15:50:00.260,12483,12484,12483,4,-4
2020-09-30 15:50:00.260,12483,12484,12483,3,-3
2020-09-30 15:50:00.260,12483,12484,12483,2,-2
2020-09-30 15:50:00.260,12483,12484,12483,1,-1
2020-09-30 15:50:00.823,12482,12484,12482,1,-1
2020-09-30 15:50:01.100,12482,12484,12484,4,4
2020-09-30 15:50:05.377,12482,12484,12482,1,-1
2020-09-30 15:50:05.471,12482,12484,12482,1,-1
2020-09-30 15:50:07.538,12482,12483,12482,4,-4
2020-09-30 15:50:09.774,12482,12483,12483,2,2
2020-09-30 15:50:09.784,12482,12483,12482,4,-4
2020-09-30 15:50:11.079,12482,12483,12483,2,2
2020-09-30 15:50:11.237,12483,12484,12483,2,-2
2020-09-30 15:50:11.568,12483,12484,12483,2,-2
2020-09-30 15:50:21.982,12483,12484,12483,1,-1
2020-09-30 15:50:36.565,12482,12483,12483,2,2
2020-09-30 15:50:36.854,12483,12484,12483,1,-1
2020-09-30 15:50:37.083,12483,12484,12483,1,-1
2020-09-30 15:50:37.262,12483,12484,12483,2,-2
2020-09-30 15:50:37.263,12483,12484,12483,4,-4
2020-09-30 15:50:41.767,12482,12483,12483,1,1
2020-09-30 15:50:41.767,12482,12483,12483,1,1
2020-09-30 15:50:45.691,12483,12484,12483,1,-1
2020-09-30 15:50:50.145,12483,12484,12484,2,2
2020-09-30 15:50:50.145,12483,12484,12484,2,2
2020-09-30 15:51:03.017,12483,12484,12483,1,-1
2020-09-30 15:51:05.905,12483,12484,12484,1,1
2020-09-30 15:51:08.268,12483,12484,12484,1,1
2020-09-30 15:51:08.268,12483,12484,12484,2,2
2020-09-30 15:51:09.893,12484,12485,12484,1,-1
2020-09-30 15:51:15.995,12483,12484,12484,1,1
2020-09-30 15:51:43.183,12483,12484,12483,1,-1
2020-09-30 15:51:47.652,12483,12484,12483,1,-1
2020-09-30 15:51:54.307,12483,12484,12484,1,1
2020-09-30 15:52:02.585,12483,12484,12483,10,-10
2020-09-30 15:52:32.324,12483,12484,12483,1,-1
2020-09-30 15:53:02.153,12483,12484,12484,4,4
2020-09-30 15:53:02.154,12483,12484,12484,7,7
2020-09-30 15:53:02.226,12483,12484,12484,2,2
2020-09-30 15:53:04.181,12484,12485,12485,1,1
2020-09-30 15:53:04.181,12484,12485,12485,13,13
2020-09-30 15:53:04.181,12484,12485,12485,1,1
2020-09-30 15:53:04.181,12484,12485,12485,4,4
2020-09-30 15:53:04.182,12484,12485,12485,1,1
2020-09-30 15:53:04.182,12484,12485,12485,3,3
2020-09-30 15:53:08.581,12484,12486,12486,1,1
2020-09-30 15:53:30.350,12484,12485,12485,1,1
2020-09-30 15:53:36.212,12484,12485,12484,1,-1
2020-09-30 15:53:36.216,12484,12485,12484,3,-3
2020-09-30 15:53:36.216,12484,12485,12484,1,-1
2020-09-30 15:53:36.235,12484,12485,12483,1,-1
2020-09-30 15:53:36.254,12483,12484,12483,3,-3
2020-09-30 15:53:36.285,12483,12484,12483,2,-2
2020-09-30 15:53:36.700,12483,12484,12483,3,-3
2020-09-30 15:53:40.449,12483,12484,12483,1,-1
2020-09-30 15:53:42.446,12483,12484,12483,2,-2
2020-09-30 15:53:54.537,12483,12484,12483,1,-1
2020-09-30 15:53:57.879,12482,12483,12483,1,1
2020-09-30 15:54:01.566,12483,12484,12483,1,-1
2020-09-30 15:54:02.973,12482,12483,12483,2,2
2020-09-30 15:54:03.277,12482,12483,12483,1,1
2020-09-30 15:54:06.307,12482,12483,12482,18,-18
2020-09-30 15:54:06.307,12482,12483,12482,1,-1
2020-09-30 15:54:06.307,12482,12483,12482,2,-2
2020-09-30 15:54:06.537,12481,12482,12482,2,2
2020-09-30 15:54:06.555,12481,12482,12482,1,1
2020-09-30 15:54:06.856,12481,12482,12482,1,1
2020-09-30 15:54:11.964,12481,12482,12481,3,-3
2020-09-30 15:54:11.964,12481,12482,12481,4,-4
2020-09-30 15:54:11.964,12481,12482,12481,1,-1
2020-09-30 15:54:11.964,12481,12482,12481,3,-3
2020-09-30 15:54:11.964,12481,12482,12481,2,-2
2020-09-30 15:54:11.964,12481,12482,12481,2,-2
2020-09-30 15:54:12.017,12480,12482,12480,1,-1
2020-09-30 15:54:12.038,12480,12482,12480,1,-1
2020-09-30 15:54:12.042,12480,12482,12480,1,-1
2020-09-30 15:54:12.149,12480,12482,12480,1,-1
2020-09-30 15:54:12.177,12480,12482,12480,1,-1
2020-09-30 15:54:12.274,12480,12482,12480,1,-1
2020-09-30 15:54:12.363,12480,12482,12480,1,-1
2020-09-30 15:54:12.826,12480,12482,12480,2,-2
2020-09-30 15:54:15.018,12480,12481,12481,1,1
2020-09-30 15:54:19.610,12480,12481,12480,2,-2
2020-09-30 15:54:19.711,12480,12481,12480,6,-6
2020-09-30 15:54:21.907,12480,12481,12480,1,-1
2020-09-30 15:54:27.654,12480,12481,12481,1,1
2020-09-30 15:54:35.386,12480,12481,12481,1,1
2020-09-30 15:54:35.606,12480,12481,12480,1,-1
2020-09-30 15:54:35.667,12480,12481,12480,10,-10
2020-09-30 15:54:36.070,12480,12481,12480,1,-1
2020-09-30 15:54:36.534,12479,12481,12481,1,1
2020-09-30 15:54:36.949,12480,12481,12480,2,-2
2020-09-30 15:54:41.331,12479,12481,12479,1,-1
2020-09-30 15:54:41.581,12479,12481,12479,1,-1
2020-09-30 15:54:41.885,12479,12481,12481,1,1
2020-09-30 15:54:43.555,12479,12481,12480,1,-1
2020-09-30 15:54:45.378,12479,12480,12480,1,1
2020-09-30 15:54:45.394,12479,12480,12479,1,-1
2020-09-30 15:54:54.292,12479,12480,12480,2,2
2020-09-30 15:54:54.292,12479,12480,12480,2,2
2020-09-30 15:54:54.292,12479,12480,12480,2,2
2020-09-30 15:54:54.476,12480,12481,12480,1,-1
2020-09-30 15:54:54.516,12480,12481,12480,1,-1
2020-09-30 15:54:56.228,12479,12481,12480,1,-1
2020-09-30 15:54:56.862,12480,12481,12480,1,-1
2020-09-30 15:54:59.146,12480,12481,12480,3,-3
2020-09-30 15:55:03.463,12480,12481,12480,1,-1
2020-09-30 15:55:07.469,12480,12481,12480,4,-4
2020-09-30 15:55:08.059,12479,12481,12479,1,-1
2020-09-30 15:55:08.066,12479,12481,12479,2,-2
2020-09-30 15:55:08.410,12479,12481,12479,3,-3
2020-09-30 15:55:12.558,12479,12480,12479,1,-1
2020-09-30 15:55:13.231,12479,12480,12479,1,-1
2020-09-30 15:55:14.165,12479,12480,12480,1,1
2020-09-30 15:55:14.479,12479,12480,12480,1,1
2020-09-30 15:55:14.786,12479,12480,12480,1,1
2020-09-30 15:55:15.093,12479,12480,12480,1,1
2020-09-30 15:55:15.395,12479,12480,12480,1,1
2020-09-30 15:55:15.602,12479,12480,12480,1,1
2020-09-30 15:55:15.711,12479,12480,12480,1,1
2020-09-30 15:55:16.017,12479,12480,12480,1,1
2020-09-30 15:55:16.321,12479,12480,12480,1,1
2020-09-30 15:55:16.643,12479,12480,12480,1,1
2020-09-30 15:55:18.804,12479,12480,12479,1,-1
2020-09-30 15:55:23.047,12479,12480,12479,1,-1
2020-09-30 15:55:27.512,12479,12480,12479,4,-4
2020-09-30 15:55:30.618,12478,12479,12479,1,1
2020-09-30 15:55:33.952,12479,12480,12479,1,-1
2020-09-30 15:55:34.453,12479,12480,12479,1,-1
2020-09-30 15:55:36.163,12479,12480,12479,3,-3
2020-09-30 15:55:36.163,12479,12480,12478,2,-2
2020-09-30 15:55:36.318,12478,12480,12478,1,-1
2020-09-30 15:55:36.459,12478,12480,12478,2,-2
2020-09-30 15:55:39.340,12478,12479,12479,2,2
2020-09-30 15:55:40.485,12479,12480,12479,1,-1
2020-09-30 15:55:41.379,12479,12480,12480,5,5
2020-09-30 15:55:41.379,12479,12480,12480,1,1
2020-09-30 15:55:41.379,12479,12480,12480,1,1
2020-09-30 15:55:46.084,12480,12481,12480,6,-6
2020-09-30 15:55:46.084,12480,12481,12479,11,-11
2020-09-30 15:55:46.084,12480,12481,12478,13,-13
2020-09-30 15:55:50.195,12479,12480,12479,1,1
2020-09-30 15:55:53.389,12479,12480,12479,1,-1
2020-09-30 15:55:54.630,12479,12480,12479,1,-1
2020-09-30 15:55:56.369,12479,12480,12480,1,1
2020-09-30 15:56:04.839,12479,12480,12479,1,-1
2020-09-30 15:56:12.771,12479,12480,12480,1,1
2020-09-30 15:56:12.975,12479,12481,12479,1,-1
2020-09-30 15:56:13.984,12479,12481,12479,3,-3
2020-09-30 15:56:15.470,12479,12481,12479,1,-1
2020-09-30 15:56:19.927,12479,12480,12480,1,1
2020-09-30 15:56:26.331,12480,12481,12481,4,4
2020-09-30 15:56:26.331,12480,12481,12481,3,3
2020-09-30 15:56:26.331,12480,12481,12481,2,2
2020-09-30 15:56:39.204,12481,12482,12482,3,3
2020-09-30 15:56:43.237,12482,12483,12482,1,-1
2020-09-30 15:56:43.237,12482,12483,12482,1,-1
2020-09-30 15:56:45.913,12481,12482,12482,1,1
2020-09-30 15:56:49.309,12481,12482,12481,1,-1
2020-09-30 15:56:49.309,12481,12482,12480,11,-11
2020-09-30 15:56:49.309,12481,12482,12479,21,-21
2020-09-30 15:56:49.309,12481,12482,12478,41,-41
2020-09-30 15:56:49.312,12481,12482,12479,1,1
2020-09-30 15:56:49.314,12481,12482,12479,2,-2
2020-09-30 15:56:49.357,12481,12482,12478,2,-2
2020-09-30 15:56:49.416,12478,12479,12478,3,-3
2020-09-30 15:56:50.653,12478,12479,12479,1,1
2020-09-30 15:56:59.936,12478,12479,12479,1,1
2020-09-30 15:57:04.316,12478,12479,12478,3,-3
2020-09-30 15:57:06.520,12477,12479,12479,1,1
2020-09-30 15:57:11.402,12477,12478,12477,5,-5
2020-09-30 15:57:11.517,12477,12478,12477,1,-1
2020-09-30 15:57:11.647,12477,12478,12477,1,-1
2020-09-30 15:57:14.211,12477,12478,12477,1,-1
2020-09-30 15:57:14.400,12477,12478,12477,1,-1
2020-09-30 15:57:18.246,12477,12478,12477,1,-1
2020-09-30 15:57:19.537,12477,12478,12477,1,-1
2020-09-30 15:57:23.800,12477,12478,12477,2,-2
2020-09-30 15:57:23.800,12477,12478,12477,4,-4
2020-09-30 15:57:23.801,12477,12478,12477,1,-1
2020-09-30 15:57:27.702,12477,12478,12477,1,-1
2020-09-30 15:57:27.702,12477,12478,12477,1,-1
2020-09-30 15:57:27.703,12477,12478,12477,1,-1
2020-09-30 15:57:29.126,12476,12477,12476,1,-1
2020-09-30 15:57:29.197,12476,12477,12476,1,-1
2020-09-30 15:57:31.989,12476,12477,12476,3,-3
2020-09-30 15:57:33.899,12476,12477,12476,1,-1
2020-09-30 15:57:33.950,12476,12477,12476,1,-1
2020-09-30 15:57:39.580,12476,12477,12477,2,2
2020-09-30 15:57:39.580,12476,12477,12478,3,3
2020-09-30 15:57:44.130,12477,12479,12477,3,-3
2020-09-30 15:57:47.027,12477,12478,12477,1,-1
2020-09-30 15:57:47.330,12477,12478,12477,1,-1
2020-09-30 15:57:48.171,12477,12479,12477,9,-9
2020-09-30 15:57:48.171,12477,12479,12476,16,-16
2020-09-30 15:57:48.172,12477,12479,12477,1,1
2020-09-30 15:57:48.192,12477,12479,12477,1,-1
2020-09-30 15:57:48.516,12477,12478,12477,1,-1
2020-09-30 15:57:48.895,12477,12478,12477,1,-1
2020-09-30 15:57:58.732,12477,12478,12477,1,-1
2020-09-30 15:57:59.869,12477,12478,12478,1,1
2020-09-30 15:58:05.440,12477,12478,12477,1,-1
2020-09-30 15:58:06.076,12477,12478,12477,1,-1
2020-09-30 15:58:06.118,12477,12478,12478,1,1
2020-09-30 15:58:15.499,12477,12478,12477,1,-1
2020-09-30 15:58:19.999,12477,12478,12477,1,-1
2020-09-30 15:58:23.004,12477,12478,12477,1,-1
2020-09-30 15:58:27.340,12477,12478,12477,1,-1
2020-09-30 15:58:27.341,12477,12478,12477,2,-2
2020-09-30 15:58:27.341,12477,12478,12477,1,-1
2020-09-30 15:58:27.523,12476,12477,12477,1,1
2020-09-30 15:58:40.627,12476,12477,12477,1,1
2020-09-30 15:58:41.206,12476,12477,12476,2,-2
2020-09-30 15:58:41.206,12476,12477,12476,1,-1
2020-09-30 15:58:41.206,12476,12477,12476,1,-1
2020-09-30 15:58:41.206,12476,12477,12476,2,-2
2020-09-30 15:58:50.762,12475,12476,12476,1,1
2020-09-30 15:58:50.762,12475,12476,12476,2,2
2020-09-30 15:58:50.762,12475,12476,12476,2,2
2020-09-30 15:58:50.762,12475,12476,12476,2,2
2020-09-30 15:58:50.762,12475,12476,12476,3,3
2020-09-30 15:58:50.762,12475,12476,12476,3,3
2020-09-30 15:58:50.798,12475,12476,12476,1,1
2020-09-30 15:58:51.943,12476,12477,12476,1,-1
2020-09-30 15:59:00.456,12476,12477,12477,1,1
2020-09-30 15:59:00.456,12476,12477,12477,2,2
2020-09-30 15:59:00.456,12476,12477,12477,1,1
2020-09-30 15:59:00.456,12476,12477,12477,2,2
2020-09-30 15:59:00.456,12476,12477,12477,1,1
2020-09-30 15:59:02.674,12476,12478,12476,1,-1
2020-09-30 15:59:06.863,12476,12477,12476,1,-1
2020-09-30 15:59:07.090,12476,12477,12476,4,-4
2020-09-30 15:59:07.092,12476,12477,12476,1,-1
2020-09-30 15:59:12.001,12475,12476,12476,1,1
2020-09-30 15:59:12.002,12475,12476,12476,3,3
2020-09-30 15:59:12.002,12475,12476,12476,2,2
2020-09-30 15:59:12.002,12475,12476,12476,1,1
2020-09-30 15:59:20.764,12477,12478,12478,1,1
2020-09-30 15:59:32.025,12476,12477,12476,1,-1
2020-09-30 15:59:37.657,12476,12477,12476,1,-1
2020-09-30 15:59:37.981,12476,12477,12477,1,1
2020-09-30 15:59:39.686,12476,12477,12477,1,1
2020-09-30 15:59:59.833,12476,12477,12476,3,-3
2020-09-30 16:00:01.027,12476,12477,12477,1,1
2020-09-30 16:00:01.279,12477,12478,12476,1,-1
2020-09-30 16:00:01.674,12476,12478,12478,1,1
2020-09-30 16:00:02.833,12476,12477,12476,1,-1
2020-09-30 16:00:02.833,12476,12477,12475,2,-2
2020-09-30 16:00:03.290,12475,12477,12477,1,1
2020-09-30 16:00:04.642,12475,12476,12475,1,-1
2020-09-30 16:00:04.653,12475,12476,12475,1,-1
2020-09-30 16:00:04.669,12475,12476,12475,1,-1
2020-09-30 16:00:04.713,12475,12476,12475,1,-1
2020-09-30 16:00:04.729,12475,12476,12475,1,-1
2020-09-30 16:00:12.813,12475,12477,12475,1,-1
2020-09-30 16:00:18.348,12475,12476,12475,1,-1
2020-09-30 16:00:18.348,12475,12476,12475,2,-2
2020-09-30 16:00:18.348,12475,12476,12475,3,-3
2020-09-30 16:00:18.349,12475,12476,12475,1,-1
2020-09-30 16:00:18.349,12475,12476,12475,4,-4
2020-09-30 16:00:18.349,12475,12476,12475,2,-2
2020-09-30 16:00:18.349,12475,12476,12475,7,-7
2020-09-30 16:00:18.349,12475,12476,12475,4,-4
2020-09-30 16:00:18.349,12475,12476,12475,7,-7
2020-09-30 16:00:18.349,12475,12476,12475,4,-4
2020-09-30 16:00:18.416,12474,12475,12475,1,1
2020-09-30 16:00:20.696,12475,12476,12475,2,-2
2020-09-30 16:00:20.931,12475,12476,12475,1,-1
2020-09-30 16:00:26.425,12475,12476,12475,1,-1
2020-09-30 16:00:26.524,12474,12475,12475,1,1
2020-09-30 16:00:28.503,12475,12476,12475,1,-1
2020-09-30 16:00:29.859,12474,12476,12476,6,6
2020-09-30 16:00:32.251,12474,12475,12474,5,-5
2020-09-30 16:00:32.398,12474,12475,12474,1,-1
2020-09-30 16:00:40.208,12474,12475,12474,1,-1
2020-09-30 16:00:40.350,12474,12475,12474,5,-5
2020-09-30 16:00:40.552,12474,12475,12474,10,-10
2020-09-30 16:00:42.602,12474,12475,12475,2,2
2020-09-30 16:00:42.602,12474,12475,12475,1,1
2020-09-30 16:00:45.531,12475,12476,12475,1,-1
2020-09-30 16:00:52.743,12475,12476,12476,2,2
2020-09-30 16:00:58.178,12476,12477,12476,1,-1
2020-09-30 16:00:58.178,12476,12477,12475,1,-1
2020-09-30 16:01:01.542,12475,12476,12476,1,1
2020-09-30 16:01:10.981,12476,12477,12476,1,-1
2020-09-30 16:01:11.009,12476,12477,12477,2,2
2020-09-30 16:01:18.688,12476,12477,12476,6,-6
2020-09-30 16:01:18.688,12476,12477,12475,18,-18
2020-09-30 16:01:18.688,12476,12477,12474,30,-30
2020-09-30 16:01:19.202,12474,12475,12475,1,1
2020-09-30 16:01:23.003,12475,12476,12475,1,-1
2020-09-30 16:01:26.105,12475,12476,12476,2,2
2020-09-30 16:01:27.999,12475,12476,12476,1,1
2020-09-30 16:01:28.230,12475,12476,12476,1,1
2020-09-30 16:01:28.230,12475,12476,12476,9,9
2020-09-30 16:01:28.325,12476,12477,12476,2,-2
2020-09-30 16:01:36.937,12474,12476,12476,1,1
2020-09-30 16:01:44.157,12474,12476,12474,1,-1
2020-09-30 16:01:47.381,12474,12475,12475,1,1
2020-09-30 16:01:52.971,12474,12475,12474,1,-1
2020-09-30 16:01:56.036,12474,12475,12474,1,-1
2020-09-30 16:01:57.264,12474,12475,12474,1,-1
2020-09-30 16:01:57.699,12473,12475,12475,1,1
2020-09-30 16:01:59.309,12473,12475,12475,1,1
2020-09-30 16:02:00.530,12474,12475,12474,1,-1
2020-09-30 16:02:00.659,12473,12474,12474,1,1
2020-09-30 16:02:02.208,12473,12474,12474,1,1
2020-09-30 16:02:04.487,12473,12474,12473,5,-5
2020-09-30 16:02:04.487,12473,12474,12473,16,-16
2020-09-30 16:02:04.488,12473,12474,12473,1,-1
2020-09-30 16:02:04.488,12473,12474,12473,2,-2
2020-09-30 16:02:04.488,12473,12474,12473,16,-16
2020-09-30 16:02:04.489,12473,12474,12473,7,-7
2020-09-30 16:02:04.489,12473,12474,12473,4,-4
2020-09-30 16:02:04.489,12473,12474,12473,1,-1
2020-09-30 16:02:04.536,12472,12473,12472,4,-4
2020-09-30 16:02:04.760,12472,12474,12472,4,-4
2020-09-30 16:02:05.318,12473,12474,12473,2,2
2020-09-30 16:02:05.432,12473,12474,12474,1,1
2020-09-30 16:02:06.408,12473,12474,12474,1,1
2020-09-30 16:02:07.977,12474,12475,12474,2,-2
2020-09-30 16:02:07.977,12474,12475,12473,2,-2
2020-09-30 16:02:12.093,12473,12475,12473,4,-4
2020-09-30 16:02:12.094,12473,12475,12473,1,-1
2020-09-30 16:02:16.749,12473,12474,12473,1,-1
2020-09-30 16:02:19.847,12473,12475,12473,1,-1
2020-09-30 16:02:20.152,12472,12474,12472,1,-1
2020-09-30 16:02:25.654,12472,12473,12473,1,1
2020-09-30 16:02:25.654,12472,12473,12473,1,1
2020-09-30 16:02:33.964,12473,12474,12473,1,-1
2020-09-30 16:02:35.383,12473,12474,12473,1,-1
2020-09-30 16:02:37.997,12473,12474,12474,1,1
2020-09-30 16:02:37.997,12473,12474,12475,1,1
2020-09-30 16:02:39.464,12474,12475,12475,1,1
2020-09-30 16:02:39.911,12474,12475,12474,1,-1
2020-09-30 16:02:51.463,12474,12475,12475,1,1
2020-09-30 16:02:54.463,12475,12476,12475,1,-1
2020-09-30 16:02:57.747,12475,12476,12476,1,1
2020-09-30 16:02:59.193,12476,12477,12476,2,-2
2020-09-30 16:03:00.121,12476,12477,12477,5,5
2020-09-30 16:03:00.501,12476,12478,12476,4,-4
2020-09-30 16:03:00.962,12476,12477,12477,4,4
2020-09-30 16:03:01.635,12476,12478,12477,1,-1
2020-09-30 16:03:01.844,12476,12478,12477,1,-1
2020-09-30 16:03:02.695,12476,12478,12477,1,-1
2020-09-30 16:03:02.696,12476,12478,12477,1,-1
2020-09-30 16:03:04.355,12475,12477,12477,1,1
2020-09-30 16:03:10.932,12476,12477,12476,1,-1
2020-09-30 16:03:11.363,12475,12477,12477,1,1
2020-09-30 16:03:16.099,12475,12477,12477,2,2
2020-09-30 16:03:18.372,12475,12477,12475,10,-10
2020-09-30 16:03:18.372,12475,12477,12474,19,-19
2020-09-30 16:03:18.743,12474,12476,12476,1,1
2020-09-30 16:03:20.338,12475,12476,12476,1,1
2020-09-30 16:03:20.924,12475,12476,12476,1,1
2020-09-30 16:03:23.176,12475,12476,12476,1,1
2020-09-30 16:03:23.177,12475,12476,12476,2,2
2020-09-30 16:03:23.731,12476,12477,12477,1,1
2020-09-30 16:03:27.458,12476,12477,12476,1,-1
2020-09-30 16:03:27.458,12476,12477,12476,1,-1
2020-09-30 16:03:28.036,12475,12476,12476,1,1
2020-09-30 16:03:29.440,12476,12477,12476,1,-1
2020-09-30 16:03:29.440,12476,12477,12476,1,-1
2020-09-30 16:03:41.810,12476,12477,12477,1,1
2020-09-30 16:03:52.110,12477,12478,12478,1,1
2020-09-30 16:04:02.201,12477,12478,12478,4,4
2020-09-30 16:04:05.390,12477,12478,12478,1,1
2020-09-30 16:04:05.612,12477,12478,12478,1,1
2020-09-30 16:04:13.095,12478,12479,12478,2,-2
2020-09-30 16:04:14.075,12477,12478,12478,1,1
2020-09-30 16:04:14.661,12477,12478,12478,1,1
2020-09-30 16:04:16.261,12477,12478,12478,1,1
2020-09-30 16:04:19.290,12477,12478,12478,1,1
2020-09-30 16:04:24.566,12478,12479,12479,2,2
2020-09-30 16:04:24.887,12478,12479,12478,4,-4
2020-09-30 16:04:34.450,12477,12478,12478,4,4
2020-09-30 16:04:36.953,12478,12479,12479,2,2
2020-09-30 16:04:40.997,12478,12479,12478,1,-1
2020-09-30 16:04:44.411,12478,12479,12479,1,1
2020-09-30 16:04:44.541,12478,12479,12479,1,1
2020-09-30 16:04:44.555,12478,12479,12479,2,2
2020-09-30 16:04:47.746,12478,12479,12479,1,1
2020-09-30 16:04:52.157,12478,12479,12479,2,2
2020-09-30 16:04:52.670,12479,12480,12479,4,-4
2020-09-30 16:04:52.670,12479,12480,12478,23,-23
2020-09-30 16:04:52.670,12479,12480,12477,8,-8
2020-09-30 16:04:53.726,12478,12479,12479,3,3
2020-09-30 16:04:53.726,12478,12479,12480,1,1
2020-09-30 16:04:53.912,12478,12480,12478,4,-4
2020-09-30 16:05:10.715,12479,12480,12479,1,1
2020-09-30 16:05:10.715,12479,12480,12479,5,-5
2020-09-30 16:05:10.716,12479,12480,12479,2,-2
2020-09-30 16:05:12.853,12478,12479,12479,1,1
2020-09-30 16:05:13.038,12478,12479,12479,1,1
2020-09-30 16:05:20.551,12478,12479,12478,1,-1
2020-09-30 16:05:27.861,12478,12479,12478,1,-1
2020-09-30 16:05:28.111,12478,12479,12479,1,1
2020-09-30 16:05:32.866,12478,12479,12479,1,1
2020-09-30 16:05:36.108,12478,12479,12479,1,1
2020-09-30 16:05:40.943,12479,12480,12479,1,-1
2020-09-30 16:05:44.738,12478,12479,12479,1,1
2020-09-30 16:05:44.987,12479,12480,12480,2,2
2020-09-30 16:05:46.454,12479,12480,12480,1,1
2020-09-30 16:05:46.454,12479,12480,12480,1,1
2020-09-30 16:05:46.454,12479,12480,12480,1,1
2020-09-30 16:05:46.454,12479,12480,12480,4,4
2020-09-30 16:05:46.455,12479,12480,12480,2,2
2020-09-30 16:05:46.455,12479,12480,12480,2,2
2020-09-30 16:05:46.455,12479,12480,12480,2,2
2020-09-30 16:05:50.670,12480,12481,12481,3,3
2020-09-30 16:05:56.054,12480,12481,12481,1,1
2020-09-30 16:05:58.900,12480,12481,12481,3,3
2020-09-30 16:05:58.900,12480,12481,12481,1,1
2020-09-30 16:06:04.116,12481,12482,12481,1,-1
2020-09-30 16:06:13.596,12480,12481,12481,1,1
2020-09-30 16:06:20.795,12480,12481,12480,1,-1
2020-09-30 16:06:23.789,12480,12481,12481,1,1
2020-09-30 16:06:29.393,12480,12481,12481,1,1
2020-09-30 16:06:31.682,12480,12481,12481,2,2
2020-09-30 16:06:34.270,12480,12481,12481,1,1
2020-09-30 16:06:39.637,12480,12481,12480,1,-1
2020-09-30 16:06:39.638,12480,12481,12480,4,-4
2020-09-30 16:06:39.638,12480,12481,12480,1,-1
2020-09-30 16:06:39.638,12480,12481,12480,1,-1
2020-09-30 16:06:39.638,12480,12481,12480,6,-6
2020-09-30 16:06:39.638,12480,12481,12480,1,-1
2020-09-30 16:06:39.638,12480,12481,12480,3,-3
2020-09-30 16:06:40.924,12479,12480,12479,1,-1
2020-09-30 16:06:46.136,12479,12480,12479,1,-1
2020-09-30 16:06:46.835,12479,12480,12479,1,-1
2020-09-30 16:06:47.251,12478,12479,12479,1,1
2020-09-30 16:06:48.045,12479,12480,12479,1,-1
2020-09-30 16:07:09.821,12478,12479,12478,6,-6
2020-09-30 16:07:10.106,12477,12478,12477,1,-1
2020-09-30 16:07:10.106,12477,12478,12476,3,-3
2020-09-30 16:07:15.194,12477,12478,12477,1,1
2020-09-30 16:07:15.662,12477,12479,12479,8,8
2020-09-30 16:07:15.662,12477,12479,12480,2,2
2020-09-30 16:07:15.897,12478,12479,12478,1,-1
2020-09-30 16:07:23.207,12478,12479,12478,5,-5
2020-09-30 16:07:23.207,12478,12479,12477,8,-8
2020-09-30 16:07:45.056,12476,12477,12476,1,-1
2020-09-30 16:07:45.056,12476,12477,12476,5,-5
2020-09-30 16:07:45.056,12476,12477,12476,5,-5
2020-09-30 16:07:45.855,12475,12476,12475,2,-2
2020-09-30 16:07:45.855,12475,12476,12475,3,-3
2020-09-30 16:07:45.855,12475,12476,12475,3,-3
2020-09-30 16:07:45.855,12475,12476,12475,3,-3
2020-09-30 16:07:45.855,12475,12476,12475,2,-2
2020-09-30 16:07:46.045,12474,12475,12474,2,-2
2020-09-30 16:07:46.446,12474,12475,12474,1,-1
2020-09-30 16:07:46.592,12474,12475,12474,1,-1
2020-09-30 16:07:46.638,12473,12475,12475,1,1
2020-09-30 16:07:54.583,12474,12475,12474,2,-2
2020-09-30 16:07:56.736,12473,12475,12473,1,-1
2020-09-30 16:08:01.416,12473,12474,12473,4,-4
2020-09-30 16:08:01.763,12473,12474,12473,1,-1
2020-09-30 16:08:07.320,12473,12474,12473,1,-1
2020-09-30 16:08:10.108,12473,12474,12473,2,-2
2020-09-30 16:08:10.108,12473,12474,12473,4,-4
2020-09-30 16:08:10.990,12472,12473,12472,1,-1
2020-09-30 16:08:11.022,12472,12473,12472,1,-1
2020-09-30 16:08:11.022,12472,12473,12472,1,-1
2020-09-30 16:08:11.023,12472,12473,12472,4,-4
2020-09-30 16:08:11.023,12472,12473,12472,1,-1
2020-09-30 16:08:11.023,12472,12473,12472,4,-4
2020-09-30 16:08:11.023,12472,12473,12472,6,-6
2020-09-30 16:08:13.193,12472,12473,12472,2,-2
2020-09-30 16:08:14.264,12471,12472,12472,1,1
2020-09-30 16:08:15.908,12472,12474,12474,1,1
2020-09-30 16:08:16.740,12473,12474,12473,1,-1
2020-09-30 16:08:18.621,12472,12474,12472,1,-1
2020-09-30 16:08:22.397,12472,12473,12472,2,-2
2020-09-30 16:08:23.444,12472,12473,12472,2,-2
2020-09-30 16:08:26.553,12472,12473,12473,3,3
2020-09-30 16:08:29.330,12472,12473,12472,1,-1
2020-09-30 16:08:29.330,12472,12473,12472,1,-1
2020-09-30 16:08:31.342,12471,12473,12472,1,-1
2020-09-30 16:08:31.481,12471,12473,12471,1,-1
2020-09-30 16:08:31.614,12471,12473,12471,4,-4
2020-09-30 16:08:33.058,12471,12472,12472,4,4
2020-09-30 16:08:33.127,12472,12473,12472,1,-1
2020-09-30 16:08:36.816,12471,12472,12471,1,-1
2020-09-30 16:08:39.107,12471,12472,12471,2,-2
2020-09-30 16:08:45.168,12471,12472,12471,1,-1
2020-09-30 16:08:45.189,12471,12472,12471,2,-2
2020-09-30 16:08:47.992,12471,12472,12471,1,-1
2020-09-30 16:08:49.044,12471,12472,12472,1,1
2020-09-30 16:08:52.420,12471,12472,12471,3,-3
2020-09-30 16:08:56.867,12471,12472,12472,2,2
2020-09-30 16:08:57.550,12471,12472,12472,1,1
2020-09-30 16:08:57.550,12471,12472,12472,5,5
2020-09-30 16:08:57.550,12471,12472,12472,1,1
2020-09-30 16:08:57.550,12471,12472,12472,1,1
2020-09-30 16:08:59.224,12472,12473,12472,1,-1
2020-09-30 16:09:02.227,12471,12473,12471,1,-1
2020-09-30 16:09:04.316,12471,12472,12472,1,1
2020-09-30 16:09:06.776,12471,12472,12471,1,-1
2020-09-30 16:09:08.763,12471,12472,12471,1,-1
2020-09-30 16:09:09.748,12471,12472,12471,1,-1
2020-09-30 16:09:10.209,12471,12472,12471,7,-7
2020-09-30 16:09:10.242,12471,12472,12471,5,-5
2020-09-30 16:09:11.310,12470,12472,12470,1,-1
2020-09-30 16:09:11.311,12470,12472,12470,1,-1
2020-09-30 16:09:11.413,12470,12472,12470,1,-1
2020-09-30 16:09:11.460,12470,12472,12470,1,-1
2020-09-30 16:09:11.461,12470,12472,12470,1,-1
2020-09-30 16:09:11.530,12470,12472,12471,1,1
2020-09-30 16:09:11.533,12470,12472,12470,1,-1
2020-09-30 16:09:13.650,12470,12472,12470,1,-1
2020-09-30 16:09:16.085,12470,12472,12470,1,-1
2020-09-30 16:09:19.746,12470,12472,12470,1,-1
2020-09-30 16:09:23.045,12471,12472,12471,5,5
2020-09-30 16:09:27.231,12470,12471,12471,2,2
2020-09-30 16:09:27.231,12470,12471,12471,2,2
2020-09-30 16:09:29.902,12471,12472,12471,1,-1
2020-09-30 16:09:33.229,12471,12472,12472,1,1
2020-09-30 16:09:33.775,12471,12472,12472,1,1
2020-09-30 16:09:34.640,12471,12473,12473,1,1
2020-09-30 16:09:38.259,12471,12473,12471,1,-1
2020-09-30 16:09:39.734,12471,12473,12473,1,1
2020-09-30 16:09:47.455,12472,12473,12473,1,1
2020-09-30 16:09:51.039,12472,12473,12472,5,-5
2020-09-30 16:09:51.039,12472,12473,12471,21,-21
2020-09-30 16:09:51.120,12471,12472,12471,2,-2
2020-09-30 16:09:52.020,12471,12472,12472,1,1
2020-09-30 16:09:52.455,12471,12473,12471,2,-2
2020-09-30 16:09:52.533,12471,12472,12472,1,1
2020-09-30 16:09:54.394,12471,12472,12472,1,1
2020-09-30 16:09:55.524,12471,12472,12472,1,1
2020-09-30 16:09:56.364,12471,12472,12472,1,1
2020-09-30 16:10:06.267,12472,12473,12473,1,1
2020-09-30 16:10:06.599,12472,12473,12472,1,-1
2020-09-30 16:10:06.610,12472,12473,12472,1,-1
2020-09-30 16:10:07.004,12472,12473,12472,1,-1
2020-09-30 16:10:07.110,12472,12473,12472,2,-2
2020-09-30 16:10:13.725,12472,12473,12472,1,-1
2020-09-30 16:10:15.877,12471,12472,12472,1,1
2020-09-30 16:10:17.845,12471,12472,12472,1,1
2020-09-30 16:10:29.122,12471,12472,12472,5,5
2020-09-30 16:10:31.083,12472,12473,12472,3,-3
2020-09-30 16:10:32.642,12471,12472,12472,4,4
2020-09-30 16:10:37.066,12472,12473,12472,1,-1
2020-09-30 16:10:41.399,12472,12473,12472,1,-1
2020-09-30 16:10:48.221,12472,12473,12472,1,-1
2020-09-30 16:10:51.812,12471,12472,12472,1,1
2020-09-30 16:10:53.464,12471,12472,12472,1,1
2020-09-30 16:11:01.142,12472,12473,12473,2,2
2020-09-30 16:11:01.142,12472,12473,12473,2,2
2020-09-30 16:11:01.142,12472,12473,12473,1,1
2020-09-30 16:11:01.393,12473,12474,12473,1,-1
2020-09-30 16:11:10.623,12472,12473,12473,1,1
2020-09-30 16:11:10.795,12473,12474,12473,1,-1
2020-09-30 16:11:10.805,12473,12474,12472,1,-1
2020-09-30 16:11:13.431,12472,12474,12473,2,2
2020-09-30 16:11:14.627,12472,12473,12472,1,-1
2020-09-30 16:11:21.741,12472,12473,12472,1,-1
2020-09-30 16:11:22.115,12472,12473,12473,2,2
2020-09-30 16:11:23.972,12473,12474,12473,2,-2
2020-09-30 16:11:26.588,12473,12474,12474,2,2
2020-09-30 16:11:26.588,12473,12474,12474,4,4
2020-09-30 16:11:26.588,12473,12474,12474,11,11
2020-09-30 16:11:26.836,12473,12475,12473,1,-1
2020-09-30 16:11:28.646,12473,12475,12473,2,-2
2020-09-30 16:11:29.104,12473,12475,12475,2,2
2020-09-30 16:11:33.396,12473,12475,12475,1,1
2020-09-30 16:11:35.373,12474,12475,12474,3,-3
2020-09-30 16:11:35.373,12474,12475,12473,7,-7
2020-09-30 16:11:35.373,12474,12475,12472,4,-4
2020-09-30 16:11:39.685,12473,12474,12473,1,1
2020-09-30 16:11:43.475,12472,12473,12472,2,-2
2020-09-30 16:11:45.692,12471,12472,12472,1,1
2020-09-30 16:11:50.352,12471,12472,12472,1,1
2020-09-30 16:11:53.219,12471,12472,12472,1,1
2020-09-30 16:11:57.375,12471,12472,12472,1,1
2020-09-30 16:12:00.658,12471,12472,12472,2,2
2020-09-30 16:12:01.011,12471,12473,12471,2,-2
2020-09-30 16:12:01.590,12471,12472,12471,1,-1
2020-09-30 16:12:01.606,12471,12472,12471,1,-1
2020-09-30 16:12:02.641,12471,12472,12471,1,-1
2020-09-30 16:12:05.027,12471,12472,12471,2,-2
2020-09-30 16:12:05.027,12471,12472,12471,2,-2
2020-09-30 16:12:05.028,12471,12472,12471,1,-1
2020-09-30 16:12:08.351,12470,12471,12471,1,1
2020-09-30 16:12:08.351,12470,12471,12472,2,2
2020-09-30 16:12:26.806,12471,12472,12471,1,-1
2020-09-30 16:12:32.828,12471,12472,12472,2,2
2020-09-30 16:12:32.828,12471,12472,12472,1,1
2020-09-30 16:12:34.536,12472,12473,12472,1,-1
2020-09-30 16:12:45.245,12472,12473,12473,4,4
2020-09-30 16:12:45.245,12472,12473,12473,2,2
2020-09-30 16:12:45.245,12472,12473,12473,5,5
2020-09-30 16:12:45.245,12472,12473,12473,1,1
2020-09-30 16:12:47.505,12473,12474,12473,1,-1
2020-09-30 16:12:54.875,12473,12474,12474,1,1
2020-09-30 16:12:55.946,12473,12474,12474,2,2
2020-09-30 16:12:59.345,12473,12475,12473,2,-2
2020-09-30 16:13:01.454,12473,12474,12474,1,1
2020-09-30 16:13:02.464,12474,12475,12474,1,-1
2020-09-30 16:13:03.541,12474,12475,12474,1,-1
2020-09-30 16:13:03.541,12474,12475,12474,1,-1
2020-09-30 16:13:41.999,12474,12475,12475,1,1
2020-09-30 16:13:42.278,12474,12476,12475,1,-1
2020-09-30 16:13:42.278,12474,12476,12474,3,-3
2020-09-30 16:13:48.899,12475,12476,12476,1,1
2020-09-30 16:13:49.250,12475,12476,12475,1,-1
2020-09-30 16:13:49.254,12475,12476,12474,4,-4
2020-09-30 16:13:49.254,12475,12476,12474,2,-2
2020-09-30 16:13:57.190,12474,12475,12474,1,-1
2020-09-30 16:13:57.190,12474,12475,12474,1,-1
2020-09-30 16:13:59.028,12473,12475,12474,1,-1
2020-09-30 16:14:10.673,12473,12474,12474,1,1
2020-09-30 16:14:33.873,12474,12475,12475,1,1
2020-09-30 16:14:33.875,12474,12475,12475,1,1
2020-09-30 16:14:46.861,12474,12475,12475,1,1
2020-09-30 16:14:55.593,12474,12476,12475,1,-1
2020-09-30 16:15:01.511,12474,12476,12475,1,-1
2020-09-30 16:15:02.118,12474,12476,12475,1,-1
2020-09-30 16:15:02.267,12474,12476,12475,1,-1
2020-09-30 16:15:06.874,12475,12476,12475,1,-1
2020-09-30 16:15:06.874,12475,12476,12474,1,-1
2020-09-30 16:15:09.223,12474,12476,12475,1,1
2020-09-30 16:15:15.412,12475,12476,12476,2,2
2020-09-30 16:15:17.634,12475,12476,12475,1,-1
2020-09-30 16:15:18.154,12474,12476,12476,1,1
2020-09-30 16:15:25.273,12475,12476,12476,1,1
2020-09-30 16:15:25.274,12475,12476,12476,2,2
2020-09-30 16:15:25.567,12476,12477,12477,1,1
2020-09-30 16:15:26.802,12476,12478,12476,2,-2
2020-09-30 16:15:29.695,12476,12477,12477,4,4
2020-09-30 16:15:29.745,12476,12478,12478,1,1
