2024-01-09 15:00:00.001,17544,17544,17544,150,0
2024-01-09 15:00:00.001,17544,17544,17544,2,0
2024-01-09 15:00:00.001,17544,17544,17544,2,0
2024-01-09 15:00:00.001,17543,17543,17543,2,-2
2024-01-09 15:00:00.001,17542,17542,17542,4,-4
2024-01-09 15:00:00.001,17542,17542,17542,2,0
2024-01-09 15:00:00.001,17542,17542,17542,2,0
2024-01-09 15:00:00.001,17542,17542,17542,2,0
2024-01-09 15:00:00.001,17541,17541,17541,2,-2
2024-01-09 15:00:00.001,17541,17541,17541,2,0
2024-01-09 15:00:00.001,17541,17541,17541,6,0
2024-01-09 15:00:00.001,17541,17541,17541,2,0
2024-01-09 15:00:00.001,17541,17541,17541,4,0
2024-01-09 15:00:00.001,17541,17541,17541,2,0
2024-01-09 15:00:00.001,17541,17541,17541,2,0
2024-01-09 15:00:00.001,17540,17540,17540,2,-2
2024-01-09 15:00:00.001,17542,17542,17542,2,2
2024-01-09 15:00:00.001,17543,17543,17543,6,6
2024-01-09 15:00:00.001,17544,17544,17544,2,2
2024-01-09 15:00:00.001,17545,17545,17545,2,2
2024-01-09 15:00:00.001,17540,17540,17540,2,-2
2024-01-09 15:00:00.001,17540,17540,17540,2,0
2024-01-09 15:00:00.001,17540,17540,17540,4,0
2024-01-09 15:00:00.001,17540,17540,17540,2,0
2024-01-09 15:00:00.001,17539,17539,17539,2,-2
2024-01-09 15:00:00.001,17539,17539,17539,2,0
2024-01-09 15:00:00.001,17539,17539,17539,2,0
2024-01-09 15:00:00.001,17538,17538,17538,2,-2
2024-01-09 15:00:00.001,17538,17538,17538,2,0
2024-01-09 15:00:00.001,17538,17538,17538,4,0
2024-01-09 15:00:00.001,17541,17541,17541,2,2
2024-01-09 15:00:00.001,17540,17540,17540,2,-2
2024-01-09 15:00:00.001,17540,17540,17540,2,0
2024-01-09 15:00:00.001,17540,17540,17540,2,0
2024-01-09 15:00:00.001,17540,17540,17540,2,0
2024-01-09 15:00:00.001,17539,17539,17539,2,-2
2024-01-09 15:00:00.001,17539,17539,17539,2,0
2024-01-09 15:00:00.001,17539,17539,17539,8,0
2024-01-09 15:00:00.001,17538,17538,17538,2,-2
2024-01-09 15:00:00.001,17538,17538,17538,2,0
2024-01-09 15:00:00.001,17538,17538,17538,2,0
2024-01-09 15:00:00.001,17538,17538,17538,2,0
2024-01-09 15:00:00.001,17537,17537,17537,2,-2
2024-01-09 15:00:00.001,17540,17540,17540,2,2
2024-01-09 15:00:00.001,17537,17537,17537,2,-2
2024-01-09 15:00:00.001,17537,17537,17537,2,0
2024-01-09 15:00:00.001,17537,17537,17537,4,0
2024-01-09 15:00:00.001,17537,17537,17537,2,0
2024-01-09 15:00:00.001,17537,17537,17537,2,0
2024-01-09 15:00:00.001,17539,17539,17539,30,30
2024-01-09 15:00:00.001,17540,17540,17540,2,2
2024-01-09 15:00:00.001,17540,17540,17540,16,0
2024-01-09 15:00:00.001,17539,17539,17539,2,-2
2024-01-09 15:00:00.001,17538,17538,17538,2,-2
2024-01-09 15:00:00.001,17539,17539,17539,2,2
2024-01-09 15:00:00.001,17539,17539,17539,2,0
2024-01-09 15:00:00.001,17538,17538,17538,2,-2
2024-01-09 15:00:00.001,17537,17537,17537,2,-2
2024-01-09 15:00:00.001,17537,17537,17537,2,0
2024-01-09 15:00:00.001,17537,17537,17537,2,0
2024-01-09 15:00:00.001,17537,17537,17537,2,0
2024-01-09 15:00:00.001,17536,17536,17536,2,-2
2024-01-09 15:00:00.001,17536,17536,17536,2,0
2024-01-09 15:00:00.001,17536,17536,17536,2,0
2024-01-09 15:00:00.001,17536,17536,17536,4,0
2024-01-09 15:00:00.001,17536,17536,17536,2,0
2024-01-09 15:00:00.001,17536,17536,17536,2,0
2024-01-09 15:00:00.001,17536,17536,17536,2,0
2024-01-09 15:00:00.001,17536,17536,17536,2,0
2024-01-09 15:00:00.001,17536,17536,17536,2,0
2024-01-09 15:00:00.001,17535,17535,17535,6,-6
2024-01-09 15:00:00.001,17535,17535,17535,2,0
2024-01-09 15:00:00.001,17535,17535,17535,2,0
2024-01-09 15:00:00.001,17535,17535,17535,2,0
2024-01-09 15:00:00.001,17535,17535,17535,2,0
2024-01-09 15:00:00.001,17535,17535,17535,2,0
2024-01-09 15:00:00.001,17535,17535,17535,2,0
2024-01-09 15:00:00.001,17535,17535,17535,2,0
2024-01-09 15:00:00.001,17535,17535,17535,2,0
2024-01-09 15:00:00.001,17534,17534,17534,2,-2
2024-01-09 15:00:00.001,17534,17534,17534,4,0
2024-01-09 15:00:00.001,17534,17534,17534,6,0
2024-01-09 15:00:00.001,17534,17534,17534,2,0
2024-01-09 15:00:00.001,17534,17534,17534,2,0
2024-01-09 15:00:00.001,17535,17535,17535,4,4
2024-01-09 15:00:00.001,17535,17535,17535,2,0
2024-01-09 15:00:00.001,17534,17534,17534,6,-6
2024-01-09 15:00:00.001,17535,17535,17535,2,2
2024-01-09 15:00:00.001,17534,17534,17534,2,-2
2024-01-09 15:00:00.001,17535,17535,17535,2,2
2024-01-09 15:00:00.001,17535,17535,17535,2,0
2024-01-09 15:00:00.001,17536,17536,17536,2,2
2024-01-09 15:00:00.001,17535,17535,17535,2,-2
2024-01-09 15:00:00.001,17534,17534,17534,2,-2
2024-01-09 15:00:00.001,17534,17534,17534,2,0
2024-01-09 15:00:00.001,17534,17534,17534,2,0
2024-01-09 15:00:00.001,17535,17535,17535,2,2
2024-01-09 15:00:00.001,17534,17534,17534,2,-2
2024-01-09 15:00:00.001,17534,17534,17534,4,0
2024-01-09 15:00:00.001,17534,17534,17534,2,0
2024-01-09 15:00:00.001,17533,17533,17533,4,-4
2024-01-09 15:00:00.001,17533,17533,17533,2,0
2024-01-09 15:00:00.001,17533,17533,17533,2,0
2024-01-09 15:00:00.001,17533,17533,17533,2,0
2024-01-09 15:00:00.001,17532,17532,17532,2,-2
2024-01-09 15:00:00.001,17532,17532,17532,2,0
2024-01-09 15:00:00.001,17532,17532,17532,2,0
2024-01-09 15:00:00.001,17532,17532,17532,4,0
2024-01-09 15:00:00.001,17532,17532,17532,2,0
2024-01-09 15:00:00.001,17531,17531,17531,2,-2
2024-01-09 15:00:00.001,17531,17531,17531,2,0
2024-01-09 15:00:00.001,17531,17531,17531,4,0
2024-01-09 15:00:00.001,17531,17531,17531,12,0
2024-01-09 15:00:00.001,17531,17531,17531,2,0
2024-01-09 15:00:00.001,17531,17531,17531,2,0
2024-01-09 15:00:00.001,17531,17531,17531,2,0
2024-01-09 15:00:00.001,17531,17531,17531,4,0
2024-01-09 15:00:00.001,17531,17531,17531,12,0
2024-01-09 15:00:00.001,17531,17531,17531,4,0
2024-01-09 15:00:01.001,17531,17531,17531,6,0
2024-01-09 15:00:01.001,17531,17531,17531,6,0
2024-01-09 15:00:01.001,17533,17533,17533,2,2
2024-01-09 15:00:01.001,17531,17531,17531,2,-2
2024-01-09 15:00:01.001,17531,17531,17531,2,0
2024-01-09 15:00:01.001,17531,17531,17531,2,0
2024-01-09 15:00:01.001,17532,17532,17532,2,2
2024-01-09 15:00:01.001,17531,17531,17531,2,-2
2024-01-09 15:00:01.001,17531,17531,17531,2,0
2024-01-09 15:00:01.001,17531,17531,17531,2,0
2024-01-09 15:00:01.001,17530,17530,17530,2,-2
2024-01-09 15:00:01.001,17530,17530,17530,2,0
2024-01-09 15:00:01.001,17530,17530,17530,2,0
2024-01-09 15:00:01.001,17530,17530,17530,2,0
2024-01-09 15:00:01.001,17531,17531,17531,2,2
2024-01-09 15:00:01.001,17530,17530,17530,2,-2
2024-01-09 15:00:01.001,17530,17530,17530,2,0
2024-01-09 15:00:01.001,17529,17529,17529,2,-2
2024-01-09 15:00:01.001,17529,17529,17529,2,0
2024-01-09 15:00:01.001,17530,17530,17530,14,14
2024-01-09 15:00:01.001,17530,17530,17530,2,0
2024-01-09 15:00:01.001,17529,17529,17529,2,-2
2024-01-09 15:00:01.001,17529,17529,17529,2,0
2024-01-09 15:00:01.001,17529,17529,17529,2,0
2024-01-09 15:00:01.001,17529,17529,17529,2,0
2024-01-09 15:00:01.001,17529,17529,17529,2,0
2024-01-09 15:00:01.001,17529,17529,17529,2,0
2024-01-09 15:00:01.001,17528,17528,17528,4,-4
2024-01-09 15:00:01.001,17527,17527,17527,4,-4
2024-01-09 15:00:01.001,17527,17527,17527,2,0
2024-01-09 15:00:01.001,17527,17527,17527,2,0
2024-01-09 15:00:01.001,17527,17527,17527,2,0
2024-01-09 15:00:01.001,17526,17526,17526,2,-2
2024-01-09 15:00:01.001,17526,17526,17526,2,0
2024-01-09 15:00:01.001,17526,17526,17526,4,0
2024-01-09 15:00:01.001,17526,17526,17526,2,0
2024-01-09 15:00:01.001,17525,17525,17525,4,-4
2024-01-09 15:00:01.001,17525,17525,17525,2,0
2024-01-09 15:00:01.001,17525,17525,17525,2,0
2024-01-09 15:00:01.001,17525,17525,17525,10,0
2024-01-09 15:00:01.001,17525,17525,17525,2,0
2024-01-09 15:00:01.001,17525,17525,17525,4,0
2024-01-09 15:00:01.001,17525,17525,17525,2,0
2024-01-09 15:00:01.001,17524,17524,17524,2,-2
2024-01-09 15:00:01.001,17524,17524,17524,10,0
2024-01-09 15:00:01.001,17524,17524,17524,2,0
2024-01-09 15:00:01.001,17524,17524,17524,4,0
2024-01-09 15:00:01.001,17524,17524,17524,2,0
2024-01-09 15:00:01.001,17524,17524,17524,2,0
2024-01-09 15:00:01.001,17524,17524,17524,2,0
2024-01-09 15:00:01.001,17523,17523,17523,2,-2
2024-01-09 15:00:01.001,17523,17523,17523,10,0
2024-01-09 15:00:01.001,17523,17523,17523,2,0
2024-01-09 15:00:01.001,17523,17523,17523,2,0
2024-01-09 15:00:01.001,17522,17522,17522,2,-2
2024-01-09 15:00:01.001,17522,17522,17522,2,0
2024-01-09 15:00:01.001,17522,17522,17522,2,0
2024-01-09 15:00:01.001,17522,17522,17522,2,0
2024-01-09 15:00:01.001,17522,17522,17522,2,0
2024-01-09 15:00:01.001,17522,17522,17522,2,0
2024-01-09 15:00:01.001,17522,17522,17522,2,0
2024-01-09 15:00:01.001,17522,17522,17522,4,0
2024-01-09 15:00:01.001,17529,17529,17529,12,12
2024-01-09 15:00:01.001,17530,17530,17530,4,4
2024-01-09 15:00:01.001,17529,17529,17529,2,-2
2024-01-09 15:00:01.001,17529,17529,17529,2,0
2024-01-09 15:00:01.001,17528,17528,17528,2,-2
2024-01-09 15:00:01.001,17528,17528,17528,2,0
2024-01-09 15:00:01.001,17528,17528,17528,2,0
2024-01-09 15:00:01.001,17527,17527,17527,2,-2
2024-01-09 15:00:01.001,17527,17527,17527,2,0
2024-01-09 15:00:01.001,17527,17527,17527,2,0
2024-01-09 15:00:01.001,17527,17527,17527,2,0
2024-01-09 15:00:01.001,17527,17527,17527,2,0
2024-01-09 15:00:01.001,17526,17526,17526,2,-2
2024-01-09 15:00:01.001,17526,17526,17526,2,0
2024-01-09 15:00:01.001,17526,17526,17526,2,0
2024-01-09 15:00:01.001,17526,17526,17526,2,0
2024-01-09 15:00:01.001,17525,17525,17525,2,-2
2024-01-09 15:00:01.001,17525,17525,17525,2,0
2024-01-09 15:00:01.001,17525,17525,17525,2,0
2024-01-09 15:00:01.001,17525,17525,17525,2,0
2024-01-09 15:00:01.001,17524,17524,17524,2,-2
2024-01-09 15:00:01.001,17524,17524,17524,2,0
2024-01-09 15:00:01.001,17523,17523,17523,2,-2
2024-01-09 15:00:01.001,17523,17523,17523,2,0
2024-01-09 15:00:01.001,17523,17523,17523,2,0
2024-01-09 15:00:01.001,17523,17523,17523,2,0
2024-01-09 15:00:01.001,17522,17522,17522,2,-2
2024-01-09 15:00:01.001,17526,17526,17526,4,4
2024-01-09 15:00:01.001,17522,17522,17522,4,-4
2024-01-09 15:00:01.001,17522,17522,17522,2,0
2024-01-09 15:00:01.001,17522,17522,17522,2,0
2024-01-09 15:00:01.001,17522,17522,17522,2,0
2024-01-09 15:00:01.001,17522,17522,17522,2,0
2024-01-09 15:00:01.001,17522,17522,17522,4,0
2024-01-09 15:00:01.001,17522,17522,17522,2,0
2024-01-09 15:00:01.001,17526,17526,17526,2,2
2024-01-09 15:00:01.001,17526,17526,17526,2,0
2024-01-09 15:00:01.001,17521,17521,17521,2,-2
2024-01-09 15:00:01.001,17521,17521,17521,2,0
2024-01-09 15:00:01.001,17523,17523,17523,2,2
2024-01-09 15:00:01.001,17525,17525,17525,4,4
2024-01-09 15:00:01.001,17522,17522,17522,2,-2
2024-01-09 15:00:01.001,17524,17524,17524,2,2
2024-01-09 15:00:01.001,17522,17522,17522,2,-2
2024-01-09 15:00:01.001,17522,17522,17522,2,0
2024-01-09 15:00:01.001,17521,17521,17521,2,-2
2024-01-09 15:00:01.001,17521,17521,17521,2,0
2024-01-09 15:00:01.001,17521,17521,17521,2,0
2024-01-09 15:00:01.001,17521,17521,17521,2,0
2024-01-09 15:00:01.001,17521,17521,17521,2,0
2024-01-09 15:00:01.001,17521,17521,17521,2,0
2024-01-09 15:00:01.001,17521,17521,17521,2,0
2024-01-09 15:00:01.001,17521,17521,17521,2,0
2024-01-09 15:00:01.001,17521,17521,17521,2,0
2024-01-09 15:00:01.001,17521,17521,17521,2,0
2024-01-09 15:00:01.001,17520,17520,17520,4,-4
2024-01-09 15:00:01.001,17523,17523,17523,2,2
2024-01-09 15:00:01.001,17520,17520,17520,2,-2
2024-01-09 15:00:01.001,17520,17520,17520,2,0
2024-01-09 15:00:01.001,17520,17520,17520,6,0
2024-01-09 15:00:01.001,17520,17520,17520,2,0
2024-01-09 15:00:01.001,17521,17521,17521,2,2
2024-01-09 15:00:01.001,17521,17521,17521,2,0
2024-01-09 15:00:01.001,17523,17523,17523,2,2
2024-01-09 15:00:01.001,17520,17520,17520,4,-4
2024-01-09 15:00:01.001,17524,17524,17524,4,4
2024-01-09 15:00:01.001,17521,17521,17521,2,-2
2024-01-09 15:00:01.001,17521,17521,17521,2,0
2024-01-09 15:00:01.001,17524,17524,17524,4,4
2024-01-09 15:00:01.001,17525,17525,17525,2,2
2024-01-09 15:00:01.001,17525,17525,17525,6,0
2024-01-09 15:00:01.001,17526,17526,17526,4,4
2024-01-09 15:00:01.001,17527,17527,17527,4,4
2024-01-09 15:00:01.001,17528,17528,17528,4,4
2024-01-09 15:00:01.001,17526,17526,17526,2,-2
2024-01-09 15:00:01.001,17525,17525,17525,2,-2
2024-01-09 15:00:01.001,17525,17525,17525,2,0
2024-01-09 15:00:01.001,17524,17524,17524,2,-2
2024-01-09 15:00:01.001,17524,17524,17524,2,0
2024-01-09 15:00:01.001,17524,17524,17524,2,0
2024-01-09 15:00:01.001,17523,17523,17523,2,-2
2024-01-09 15:00:01.001,17522,17522,17522,2,-2
2024-01-09 15:00:01.001,17526,17526,17526,2,2
2024-01-09 15:00:01.001,17526,17526,17526,2,0
2024-01-09 15:00:01.001,17526,17526,17526,2,0
2024-01-09 15:00:01.001,17526,17526,17526,2,0
2024-01-09 15:00:01.001,17526,17526,17526,2,0
2024-01-09 15:00:01.001,17526,17526,17526,10,0
2024-01-09 15:00:01.001,17523,17523,17523,2,-2
2024-01-09 15:00:01.001,17522,17522,17522,2,-2
2024-01-09 15:00:01.001,17522,17522,17522,2,0
2024-01-09 15:00:01.001,17521,17521,17521,2,-2
2024-01-09 15:00:01.001,17521,17521,17521,2,0
2024-01-09 15:00:01.001,17521,17521,17521,2,0
2024-01-09 15:00:01.001,17520,17520,17520,10,-10
2024-01-09 15:00:01.001,17520,17520,17520,2,0
2024-01-09 15:00:01.001,17520,17520,17520,2,0
2024-01-09 15:00:01.001,17520,17520,17520,2,0
2024-01-09 15:00:01.001,17520,17520,17520,2,0
2024-01-09 15:00:01.001,17520,17520,17520,2,0
2024-01-09 15:00:01.001,17519,17519,17519,2,-2
2024-01-09 15:00:01.001,17519,17519,17519,10,0
2024-01-09 15:00:01.001,17519,17519,17519,2,0
2024-01-09 15:00:01.001,17519,17519,17519,2,0
2024-01-09 15:00:01.001,17518,17518,17518,8,-8
2024-01-09 15:00:01.001,17518,17518,17518,2,0
2024-01-09 15:00:01.001,17517,17517,17517,2,-2
2024-01-09 15:00:01.001,17517,17517,17517,2,0
2024-01-09 15:00:01.001,17517,17517,17517,2,0
2024-01-09 15:00:01.001,17517,17517,17517,2,0
2024-01-09 15:00:01.001,17517,17517,17517,2,0
2024-01-09 15:00:01.001,17517,17517,17517,2,0
2024-01-09 15:00:01.001,17517,17517,17517,2,0
2024-01-09 15:00:01.001,17517,17517,17517,2,0
2024-01-09 15:00:01.001,17516,17516,17516,2,-2
2024-01-09 15:00:01.001,17516,17516,17516,6,0
2024-01-09 15:00:01.001,17516,17516,17516,4,0
2024-01-09 15:00:01.001,17515,17515,17515,2,-2
2024-01-09 15:00:01.001,17514,17514,17514,2,-2
2024-01-09 15:00:01.001,17513,17513,17513,2,-2
2024-01-09 15:00:01.001,17512,17512,17512,2,-2
2024-01-09 15:00:01.001,17512,17512,17512,2,0
2024-01-09 15:00:01.001,17511,17511,17511,2,-2
2024-01-09 15:00:01.001,17511,17511,17511,2,0
2024-01-09 15:00:01.001,17518,17518,17518,2,2
2024-01-09 15:00:01.001,17511,17511,17511,2,-2
2024-01-09 15:00:01.001,17511,17511,17511,2,0
2024-01-09 15:00:02.001,17511,17511,17511,2,0
2024-01-09 15:00:02.001,17526,17526,17526,2,2
2024-01-09 15:00:02.001,17511,17511,17511,2,-2
2024-01-09 15:00:02.001,17511,17511,17511,2,0
2024-01-09 15:00:02.001,17511,17511,17511,2,0
2024-01-09 15:00:02.001,17510,17510,17510,2,-2
2024-01-09 15:00:02.001,17510,17510,17510,2,0
2024-01-09 15:00:02.001,17510,17510,17510,2,0
2024-01-09 15:00:02.001,17511,17511,17511,2,2
2024-01-09 15:00:02.001,17510,17510,17510,2,-2
2024-01-09 15:00:02.001,17510,17510,17510,4,0
2024-01-09 15:00:02.001,17508,17508,17508,2,-2
2024-01-09 15:00:02.001,17508,17508,17508,2,0
2024-01-09 15:00:02.001,17508,17508,17508,2,0
2024-01-09 15:00:02.001,17507,17507,17507,2,-2
2024-01-09 15:00:02.001,17507,17507,17507,2,0
2024-01-09 15:00:02.001,17506,17506,17506,2,-2
2024-01-09 15:00:02.001,17506,17506,17506,2,0
2024-01-09 15:00:02.001,17505,17505,17505,2,-2
2024-01-09 15:00:02.001,17505,17505,17505,2,0
2024-01-09 15:00:02.001,17504,17504,17504,2,-2
2024-01-09 15:00:02.001,17504,17504,17504,2,0
2024-01-09 15:00:02.001,17503,17503,17503,4,-4
2024-01-09 15:00:02.001,17502,17502,17502,2,-2
2024-01-09 15:00:02.001,17502,17502,17502,2,0
2024-01-09 15:00:02.001,17502,17502,17502,4,0
2024-01-09 15:00:02.001,17501,17501,17501,2,-2
2024-01-09 15:00:02.001,17501,17501,17501,2,0
2024-01-09 15:00:02.001,17509,17509,17509,4,4
2024-01-09 15:00:02.001,17512,17512,17512,4,4
2024-01-09 15:00:02.001,17509,17509,17509,2,-2
2024-01-09 15:00:02.001,17508,17508,17508,2,-2
2024-01-09 15:00:02.001,17508,17508,17508,2,0
2024-01-09 15:00:02.001,17508,17508,17508,2,0
2024-01-09 15:00:02.001,17501,17501,17501,2,-2
2024-01-09 15:00:02.001,17501,17501,17501,2,0
2024-01-09 15:00:02.001,17501,17501,17501,2,0
2024-01-09 15:00:02.001,17501,17501,17501,2,0
2024-01-09 15:00:02.001,17501,17501,17501,2,0
2024-01-09 15:00:02.001,17517,17517,17517,4,4
2024-01-09 15:00:02.001,17501,17501,17501,6,-6
2024-01-09 15:00:02.001,17501,17501,17501,2,0
2024-01-09 15:00:02.001,17500,17500,17500,2,-2
2024-01-09 15:00:02.001,17500,17500,17500,2,0
2024-01-09 15:00:02.001,17500,17500,17500,2,0
2024-01-09 15:00:02.001,17500,17500,17500,2,0
2024-01-09 15:00:02.001,17500,17500,17500,4,0
2024-01-09 15:00:02.001,17510,17510,17510,8,8
2024-01-09 15:00:02.001,17517,17517,17517,2,2
2024-01-09 15:00:02.001,17500,17500,17500,4,-4
2024-01-09 15:00:02.001,17500,17500,17500,4,0
2024-01-09 15:00:02.001,17500,17500,17500,4,0
2024-01-09 15:00:02.001,17500,17500,17500,2,0
2024-01-09 15:00:02.001,17501,17501,17501,2,2
2024-01-09 15:00:02.001,17501,17501,17501,2,0
2024-01-09 15:00:02.001,17513,17513,17513,4,4
2024-01-09 15:00:02.001,17514,17514,17514,2,2
2024-01-09 15:00:02.001,17505,17505,17505,2,-2
2024-01-09 15:00:02.001,17505,17505,17505,2,0
2024-01-09 15:00:02.001,17506,17506,17506,4,4
2024-01-09 15:00:02.001,17504,17504,17504,2,-2
2024-01-09 15:00:02.001,17504,17504,17504,2,0
2024-01-09 15:00:02.001,17503,17503,17503,2,-2
2024-01-09 15:00:02.001,17503,17503,17503,2,0
2024-01-09 15:00:02.001,17502,17502,17502,2,-2
2024-01-09 15:00:02.001,17502,17502,17502,2,0
2024-01-09 15:00:02.001,17502,17502,17502,2,0
2024-01-09 15:00:02.001,17501,17501,17501,2,-2
2024-01-09 15:00:02.001,17501,17501,17501,2,0
2024-01-09 15:00:02.001,17500,17500,17500,10,-10
2024-01-09 15:00:02.001,17500,17500,17500,2,0
2024-01-09 15:00:02.001,17500,17500,17500,4,0
2024-01-09 15:00:02.001,17500,17500,17500,2,0
2024-01-09 15:00:02.001,17500,17500,17500,2,0
2024-01-09 15:00:02.001,17500,17500,17500,2,0
2024-01-09 15:00:02.001,17500,17500,17500,2,0
2024-01-09 15:00:02.001,17500,17500,17500,4,0
2024-01-09 15:00:02.001,17500,17500,17500,2,0
2024-01-09 15:00:02.001,17500,17500,17500,2,0
2024-01-09 15:00:02.001,17500,17500,17500,2,0
2024-01-09 15:00:02.001,17500,17500,17500,2,0
2024-01-09 15:00:02.001,17500,17500,17500,12,0
2024-01-09 15:00:02.001,17500,17500,17500,2,0
2024-01-09 15:00:02.001,17500,17500,17500,4,0
2024-01-09 15:00:02.001,17500,17500,17500,2,0
2024-01-09 15:00:02.001,17500,17500,17500,2,0
2024-01-09 15:00:02.001,17500,17500,17500,2,0
2024-01-09 15:00:02.001,17500,17500,17500,2,0
2024-01-09 15:00:02.001,17500,17500,17500,2,0
2024-01-09 15:00:02.001,17500,17500,17500,2,0
2024-01-09 15:00:02.001,17500,17500,17500,2,0
2024-01-09 15:00:02.001,17500,17500,17500,2,0
2024-01-09 15:00:02.001,17500,17500,17500,2,0
2024-01-09 15:00:02.001,17500,17500,17500,2,0
2024-01-09 15:00:02.001,17500,17500,17500,2,0
2024-01-09 15:00:02.001,17500,17500,17500,2,0
2024-01-09 15:00:02.001,17500,17500,17500,2,0
2024-01-09 15:00:02.001,17500,17500,17500,2,0
2024-01-09 15:00:02.001,17499,17499,17499,2,-2
2024-01-09 15:00:02.001,17499,17499,17499,2,0
2024-01-09 15:00:02.001,17499,17499,17499,2,0
2024-01-09 15:00:02.001,17499,17499,17499,2,0
2024-01-09 15:00:02.001,17498,17498,17498,2,-2
2024-01-09 15:00:02.001,17498,17498,17498,2,0
2024-01-09 15:00:02.001,17498,17498,17498,2,0
2024-01-09 15:00:02.001,17498,17498,17498,2,0
2024-01-09 15:00:02.001,17497,17497,17497,4,-4
2024-01-09 15:00:02.001,17514,17514,17514,4,4
2024-01-09 15:00:02.001,17515,17515,17515,2,2
2024-01-09 15:00:02.001,17515,17515,17515,2,0
2024-01-09 15:00:02.001,17497,17497,17497,2,-2
2024-01-09 15:00:02.001,17497,17497,17497,2,0
2024-01-09 15:00:02.001,17497,17497,17497,2,0
2024-01-09 15:00:02.001,17496,17496,17496,4,-4
2024-01-09 15:00:02.001,17496,17496,17496,2,0
2024-01-09 15:00:02.001,17495,17495,17495,2,-2
2024-01-09 15:00:02.001,17495,17495,17495,2,0
2024-01-09 15:00:02.001,17495,17495,17495,2,0
2024-01-09 15:00:02.001,17494,17494,17494,2,-2
2024-01-09 15:00:02.001,17497,17497,17497,16,16
2024-01-09 15:00:02.001,17510,17510,17510,2,2
2024-01-09 15:00:02.001,17510,17510,17510,4,0
2024-01-09 15:00:02.001,17494,17494,17494,2,-2
2024-01-09 15:00:02.001,17493,17493,17493,2,-2
2024-01-09 15:00:02.001,17493,17493,17493,4,0
2024-01-09 15:00:02.001,17493,17493,17493,2,0
2024-01-09 15:00:02.001,17492,17492,17492,2,-2
2024-01-09 15:00:02.001,17491,17491,17491,2,-2
2024-01-09 15:00:02.001,17491,17491,17491,2,0
2024-01-09 15:00:02.001,17495,17495,17495,2,2
2024-01-09 15:00:02.001,17501,17501,17501,2,2
2024-01-09 15:00:02.001,17501,17501,17501,2,0
2024-01-09 15:00:02.001,17492,17492,17492,2,-2
2024-01-09 15:00:02.001,17500,17500,17500,2,2
2024-01-09 15:00:02.001,17500,17500,17500,2,0
2024-01-09 15:00:02.001,17499,17499,17499,2,-2
2024-01-09 15:00:02.001,17499,17499,17499,2,0
2024-01-09 15:00:02.001,17498,17498,17498,2,-2
2024-01-09 15:00:02.001,17498,17498,17498,2,0
2024-01-09 15:00:02.001,17497,17497,17497,2,-2
2024-01-09 15:00:02.001,17497,17497,17497,2,0
2024-01-09 15:00:02.001,17496,17496,17496,2,-2
2024-01-09 15:00:02.001,17504,17504,17504,2,2
2024-01-09 15:00:02.001,17503,17503,17503,2,-2
2024-01-09 15:00:02.001,17508,17508,17508,2,2
2024-01-09 15:00:02.001,17508,17508,17508,2,0
2024-01-09 15:00:02.001,17514,17514,17514,2,2
2024-01-09 15:00:02.001,17517,17517,17517,2,2
2024-01-09 15:00:02.001,17515,17515,17515,2,-2
2024-01-09 15:00:02.001,17516,17516,17516,2,2
2024-01-09 15:00:02.001,17517,17517,17517,4,4
2024-01-09 15:00:02.001,17518,17518,17518,2,2
2024-01-09 15:00:02.001,17517,17517,17517,2,-2
2024-01-09 15:00:02.001,17516,17516,17516,2,-2
2024-01-09 15:00:02.001,17518,17518,17518,2,2
2024-01-09 15:00:02.001,17518,17518,17518,2,0
2024-01-09 15:00:02.001,17519,17519,17519,2,2
2024-01-09 15:00:02.001,17518,17518,17518,2,-2
2024-01-09 15:00:02.001,17520,17520,17520,2,2
2024-01-09 15:00:02.001,17521,17521,17521,4,4
2024-01-09 15:00:02.001,17518,17518,17518,2,-2
2024-01-09 15:00:02.001,17518,17518,17518,2,0
2024-01-09 15:00:02.001,17518,17518,17518,2,0
2024-01-09 15:00:02.001,17518,17518,17518,2,0
2024-01-09 15:00:02.001,17518,17518,17518,2,0
2024-01-09 15:00:02.001,17515,17515,17515,2,-2
2024-01-09 15:00:02.001,17514,17514,17514,2,-2
2024-01-09 15:00:02.001,17510,17510,17510,2,-2
2024-01-09 15:00:02.001,17511,17511,17511,2,2
2024-01-09 15:00:02.001,17512,17512,17512,2,2
2024-01-09 15:00:02.001,17513,17513,17513,2,2
2024-01-09 15:00:02.001,17514,17514,17514,2,2
2024-01-09 15:00:02.001,17514,17514,17514,2,0
2024-01-09 15:00:02.001,17512,17512,17512,2,-2
2024-01-09 15:00:02.001,17511,17511,17511,2,-2
2024-01-09 15:00:02.001,17518,17518,17518,2,2
2024-01-09 15:00:02.001,17510,17510,17510,2,-2
2024-01-09 15:00:02.001,17509,17509,17509,2,-2
2024-01-09 15:00:02.001,17508,17508,17508,2,-2
2024-01-09 15:00:02.001,17507,17507,17507,2,-2
2024-01-09 15:00:03.001,17510,17510,17510,6,6
2024-01-09 15:00:03.001,17506,17506,17506,2,-2
2024-01-09 15:00:03.001,17510,17510,17510,2,2
2024-01-09 15:00:03.001,17503,17503,17503,2,-2
2024-01-09 15:00:03.001,17504,17504,17504,2,2
2024-01-09 15:00:03.001,17504,17504,17504,2,0
2024-01-09 15:00:03.001,17504,17504,17504,4,0
2024-01-09 15:00:03.001,17504,17504,17504,2,0
2024-01-09 15:00:03.001,17504,17504,17504,2,0
2024-01-09 15:00:03.001,17504,17504,17504,2,0
2024-01-09 15:00:03.001,17508,17508,17508,2,2
2024-01-09 15:00:03.001,17509,17509,17509,4,4
2024-01-09 15:00:03.001,17509,17509,17509,2,0
2024-01-09 15:00:03.001,17510,17510,17510,10,10
2024-01-09 15:00:03.001,17511,17511,17511,6,6
2024-01-09 15:00:03.001,17507,17507,17507,2,-2
2024-01-09 15:00:03.001,17505,17505,17505,2,-2
2024-01-09 15:00:03.001,17505,17505,17505,2,0
2024-01-09 15:00:03.001,17504,17504,17504,6,-6
2024-01-09 15:00:03.001,17503,17503,17503,2,-2
2024-01-09 15:00:03.001,17509,17509,17509,2,2
2024-01-09 15:00:03.001,17504,17504,17504,2,-2
2024-01-09 15:00:03.001,17508,17508,17508,2,2
2024-01-09 15:00:03.001,17509,17509,17509,4,4
2024-01-09 15:00:03.001,17504,17504,17504,2,-2
2024-01-09 15:00:03.001,17503,17503,17503,10,-10
2024-01-09 15:00:03.001,17508,17508,17508,2,2
2024-01-09 15:00:03.001,17509,17509,17509,2,2
2024-01-09 15:00:03.001,17510,17510,17510,2,2
2024-01-09 15:00:03.001,17510,17510,17510,2,0
2024-01-09 15:00:03.001,17510,17510,17510,2,0
2024-01-09 15:00:03.001,17511,17511,17511,2,2
2024-01-09 15:00:03.001,17510,17510,17510,2,-2
2024-01-09 15:00:03.001,17511,17511,17511,2,2
2024-01-09 15:00:03.001,17511,17511,17511,2,0
2024-01-09 15:00:03.001,17512,17512,17512,4,4
2024-01-09 15:00:03.001,17511,17511,17511,2,-2
2024-01-09 15:00:03.001,17510,17510,17510,2,-2
2024-01-09 15:00:03.001,17511,17511,17511,2,2
2024-01-09 15:00:03.001,17512,17512,17512,4,4
2024-01-09 15:00:03.001,17510,17510,17510,2,-2
2024-01-09 15:00:03.001,17511,17511,17511,2,2
2024-01-09 15:00:03.001,17512,17512,17512,2,2
2024-01-09 15:00:03.001,17512,17512,17512,4,0
2024-01-09 15:00:04.001,17514,17514,17514,2,2
2024-01-09 15:00:04.001,17515,17515,17515,4,4
2024-01-09 15:00:04.001,17515,17515,17515,2,0
2024-01-09 15:00:04.001,17514,17514,17514,2,-2
2024-01-09 15:00:04.001,17516,17516,17516,2,2
2024-01-09 15:00:04.001,17517,17517,17517,2,2
2024-01-09 15:00:04.001,17518,17518,17518,2,2
2024-01-09 15:00:04.001,17518,17518,17518,2,0
2024-01-09 15:00:04.001,17521,17521,17521,2,2
2024-01-09 15:00:04.001,17521,17521,17521,2,0
2024-01-09 15:00:04.001,17520,17520,17520,2,-2
2024-01-09 15:00:04.001,17520,17520,17520,2,0
2024-01-09 15:00:04.001,17519,17519,17519,2,-2
2024-01-09 15:00:04.001,17522,17522,17522,4,4
2024-01-09 15:00:04.001,17520,17520,17520,2,-2
2024-01-09 15:00:04.001,17522,17522,17522,2,2
2024-01-09 15:00:04.001,17522,17522,17522,2,0
2024-01-09 15:00:04.001,17524,17524,17524,2,2
2024-01-09 15:00:04.001,17523,17523,17523,2,-2
2024-01-09 15:00:04.001,17524,17524,17524,4,4
2024-01-09 15:00:04.001,17526,17526,17526,8,8
2024-01-09 15:00:04.001,17529,17529,17529,2,2
2024-01-09 15:00:04.001,17528,17528,17528,2,-2
2024-01-09 15:00:04.001,17529,17529,17529,2,2
2024-01-09 15:00:04.001,17528,17528,17528,2,-2
2024-01-09 15:00:04.001,17530,17530,17530,6,6
2024-01-09 15:00:04.001,17530,17530,17530,6,0
2024-01-09 15:00:04.001,17527,17527,17527,2,-2
2024-01-09 15:00:04.001,17526,17526,17526,2,-2
2024-01-09 15:00:04.001,17526,17526,17526,2,0
2024-01-09 15:00:04.001,17525,17525,17525,2,-2
2024-01-09 15:00:04.001,17525,17525,17525,2,0
2024-01-09 15:00:04.001,17525,17525,17525,2,0
2024-01-09 15:00:04.001,17524,17524,17524,2,-2
2024-01-09 15:00:04.001,17524,17524,17524,2,0
2024-01-09 15:00:04.001,17526,17526,17526,2,2
2024-01-09 15:00:05.001,17527,17527,17527,4,4
2024-01-09 15:00:05.001,17528,17528,17528,2,2
2024-01-09 15:00:05.001,17528,17528,17528,4,0
2024-01-09 15:00:05.001,17530,17530,17530,2,2
2024-01-09 15:00:05.001,17531,17531,17531,2,2
2024-01-09 15:00:05.001,17529,17529,17529,2,-2
2024-01-09 15:00:05.001,17528,17528,17528,4,-4
2024-01-09 15:00:05.001,17528,17528,17528,2,0
2024-01-09 15:00:05.001,17528,17528,17528,2,0
2024-01-09 15:00:05.001,17528,17528,17528,2,0
2024-01-09 15:00:05.001,17528,17528,17528,6,0
2024-01-09 15:00:05.001,17528,17528,17528,2,0
2024-01-09 15:00:05.001,17528,17528,17528,2,0
2024-01-09 15:00:05.001,17529,17529,17529,2,2
2024-01-09 15:00:05.001,17530,17530,17530,8,8
2024-01-09 15:00:05.001,17532,17532,17532,6,6
2024-01-09 15:00:05.001,17534,17534,17534,4,4
2024-01-09 15:00:05.001,17535,17535,17535,6,6
2024-01-09 15:00:05.001,17533,17533,17533,2,-2
2024-01-09 15:00:05.001,17532,17532,17532,2,-2
2024-01-09 15:00:05.001,17532,17532,17532,2,0
2024-01-09 15:00:05.001,17533,17533,17533,4,4
2024-01-09 15:00:06.001,17532,17532,17532,2,-2
2024-01-09 15:00:06.001,17532,17532,17532,4,0
2024-01-09 15:00:06.001,17528,17528,17528,2,-2
2024-01-09 15:00:06.001,17528,17528,17528,16,0
2024-01-09 15:00:06.001,17528,17528,17528,2,0
2024-01-09 15:00:06.001,17528,17528,17528,2,0
2024-01-09 15:00:06.001,17528,17528,17528,8,0
2024-01-09 15:00:06.001,17528,17528,17528,8,0
2024-01-09 15:00:06.001,17526,17526,17526,2,-2
2024-01-09 15:00:06.001,17525,17525,17525,2,-2
2024-01-09 15:00:06.001,17525,17525,17525,2,0
2024-01-09 15:00:06.001,17526,17526,17526,2,2
2024-01-09 15:00:06.001,17526,17526,17526,2,0
2024-01-09 15:00:06.001,17527,17527,17527,2,2
2024-01-09 15:00:06.001,17524,17524,17524,2,-2
2024-01-09 15:00:06.001,17524,17524,17524,2,0
2024-01-09 15:00:06.001,17524,17524,17524,2,0
2024-01-09 15:00:06.001,17526,17526,17526,2,2
2024-01-09 15:00:06.001,17526,17526,17526,2,0
2024-01-09 15:00:06.001,17526,17526,17526,2,0
2024-01-09 15:00:06.001,17527,17527,17527,2,2
2024-01-09 15:00:06.001,17524,17524,17524,2,-2
2024-01-09 15:00:06.001,17524,17524,17524,2,0
2024-01-09 15:00:06.001,17524,17524,17524,2,0
2024-01-09 15:00:06.001,17524,17524,17524,2,0
2024-01-09 15:00:06.001,17526,17526,17526,2,2
2024-01-09 15:00:06.001,17526,17526,17526,2,0
2024-01-09 15:00:06.001,17526,17526,17526,4,0
2024-01-09 15:00:06.001,17527,17527,17527,2,2
2024-01-09 15:00:06.001,17527,17527,17527,2,0
2024-01-09 15:00:06.001,17527,17527,17527,6,0
2024-01-09 15:00:06.001,17528,17528,17528,2,2
2024-01-09 15:00:07.001,17528,17528,17528,2,0
2024-01-09 15:00:07.001,17527,17527,17527,4,-4
2024-01-09 15:00:07.001,17527,17527,17527,2,0
2024-01-09 15:00:07.001,17528,17528,17528,2,2
2024-01-09 15:00:07.001,17528,17528,17528,2,0
2024-01-09 15:00:07.001,17527,17527,17527,2,-2
2024-01-09 15:00:07.001,17527,17527,17527,2,0
2024-01-09 15:00:07.001,17527,17527,17527,2,0
2024-01-09 15:00:07.001,17527,17527,17527,2,0
2024-01-09 15:00:07.001,17527,17527,17527,2,0
2024-01-09 15:00:07.001,17526,17526,17526,2,-2
2024-01-09 15:00:07.001,17528,17528,17528,2,2
2024-01-09 15:00:07.001,17528,17528,17528,2,0
2024-01-09 15:00:07.001,17526,17526,17526,2,-2
2024-01-09 15:00:07.001,17526,17526,17526,2,0
2024-01-09 15:00:07.001,17525,17525,17525,2,-2
2024-01-09 15:00:07.001,17525,17525,17525,2,0
2024-01-09 15:00:07.001,17525,17525,17525,2,0
2024-01-09 15:00:07.001,17525,17525,17525,2,0
2024-01-09 15:00:07.001,17527,17527,17527,12,12
2024-01-09 15:00:07.001,17528,17528,17528,8,8
2024-01-09 15:00:07.001,17528,17528,17528,2,0
2024-01-09 15:00:07.001,17528,17528,17528,8,0
2024-01-09 15:00:07.001,17528,17528,17528,2,0
2024-01-09 15:00:08.001,17527,17527,17527,2,-2
2024-01-09 15:00:08.001,17527,17527,17527,2,0
2024-01-09 15:00:08.001,17528,17528,17528,2,2
2024-01-09 15:00:08.001,17529,17529,17529,2,2
2024-01-09 15:00:08.001,17527,17527,17527,2,-2
2024-01-09 15:00:08.001,17527,17527,17527,2,0
2024-01-09 15:00:08.001,17528,17528,17528,2,2
2024-01-09 15:00:08.001,17527,17527,17527,2,-2
2024-01-09 15:00:08.001,17527,17527,17527,2,0
2024-01-09 15:00:08.001,17525,17525,17525,2,-2
2024-01-09 15:00:08.001,17527,17527,17527,2,2
2024-01-09 15:00:08.001,17525,17525,17525,2,-2
2024-01-09 15:00:08.001,17525,17525,17525,2,0
2024-01-09 15:00:08.001,17525,17525,17525,2,0
2024-01-09 15:00:08.001,17525,17525,17525,2,0
2024-01-09 15:00:08.001,17525,17525,17525,2,0
2024-01-09 15:00:08.001,17524,17524,17524,2,-2
2024-01-09 15:00:08.001,17526,17526,17526,2,2
2024-01-09 15:00:08.001,17524,17524,17524,2,-2
2024-01-09 15:00:08.001,17523,17523,17523,2,-2
2024-01-09 15:00:08.001,17524,17524,17524,4,4
2024-01-09 15:00:08.001,17522,17522,17522,2,-2
2024-01-09 15:00:08.001,17524,17524,17524,2,2
2024-01-09 15:00:08.001,17522,17522,17522,2,-2
2024-01-09 15:00:09.001,17522,17522,17522,2,0
2024-01-09 15:00:09.001,17521,17521,17521,2,-2
2024-01-09 15:00:09.001,17521,17521,17521,2,0
2024-01-09 15:00:09.001,17522,17522,17522,2,2
2024-01-09 15:00:09.001,17520,17520,17520,2,-2
2024-01-09 15:00:09.001,17520,17520,17520,4,0
2024-01-09 15:00:09.001,17520,17520,17520,4,0
2024-01-09 15:00:09.001,17520,17520,17520,2,0
2024-01-09 15:00:09.001,17519,17519,17519,2,-2
2024-01-09 15:00:09.001,17520,17520,17520,2,2
2024-01-09 15:00:09.001,17520,17520,17520,2,0
2024-01-09 15:00:09.001,17520,17520,17520,4,0
2024-01-09 15:00:09.001,17521,17521,17521,10,10
2024-01-09 15:00:09.001,17519,17519,17519,2,-2
2024-01-09 15:00:09.001,17519,17519,17519,4,0
2024-01-09 15:00:09.001,17519,17519,17519,2,0
2024-01-09 15:00:09.001,17521,17521,17521,2,2
2024-01-09 15:00:09.001,17519,17519,17519,2,-2
2024-01-09 15:00:09.001,17519,17519,17519,2,0
2024-01-09 15:00:09.001,17521,17521,17521,4,4
2024-01-09 15:00:09.001,17522,17522,17522,4,4
2024-01-09 15:00:09.001,17519,17519,17519,2,-2
2024-01-09 15:00:09.001,17519,17519,17519,2,0
2024-01-09 15:00:09.001,17521,17521,17521,2,2
2024-01-09 15:00:09.001,17519,17519,17519,4,-4
2024-01-09 15:00:09.001,17519,17519,17519,4,0
2024-01-09 15:00:09.001,17519,17519,17519,2,0
2024-01-09 15:00:10.001,17518,17518,17518,4,-4
2024-01-09 15:00:10.001,17518,17518,17518,4,0
2024-01-09 15:00:10.001,17518,17518,17518,2,0
2024-01-09 15:00:10.001,17518,17518,17518,2,0
2024-01-09 15:00:10.001,17518,17518,17518,2,0
2024-01-09 15:00:10.001,17518,17518,17518,4,0
2024-01-09 15:00:10.001,17519,17519,17519,10,10
2024-01-09 15:00:10.001,17519,17519,17519,2,0
2024-01-09 15:00:10.001,17520,17520,17520,2,2
2024-01-09 15:00:10.001,17520,17520,17520,4,0
2024-01-09 15:00:11.001,17522,17522,17522,2,2
2024-01-09 15:00:11.001,17522,17522,17522,8,0
2024-01-09 15:00:11.001,17524,17524,17524,2,2
2024-01-09 15:00:12.001,17524,17524,17524,10,0
2024-01-09 15:00:12.001,17524,17524,17524,2,0
2024-01-09 15:00:12.001,17524,17524,17524,2,0
2024-01-09 15:00:12.001,17524,17524,17524,2,0
2024-01-09 15:00:12.001,17524,17524,17524,10,0
2024-01-09 15:00:12.001,17524,17524,17524,2,0
2024-01-09 15:00:12.001,17524,17524,17524,2,0
2024-01-09 15:00:12.001,17524,17524,17524,4,0
2024-01-09 15:00:12.001,17524,17524,17524,2,0
2024-01-09 15:00:12.001,17522,17522,17522,2,-2
2024-01-09 15:00:12.001,17523,17523,17523,2,2
2024-01-09 15:00:12.001,17522,17522,17522,2,-2
2024-01-09 15:00:13.001,17522,17522,17522,2,0
2024-01-09 15:00:13.001,17522,17522,17522,2,0
2024-01-09 15:00:13.001,17524,17524,17524,10,10
2024-01-09 15:00:13.001,17525,17525,17525,18,18
2024-01-09 15:00:13.001,17526,17526,17526,2,2
2024-01-09 15:00:13.001,17526,17526,17526,6,0
2024-01-09 15:00:13.001,17527,17527,17527,2,2
2024-01-09 15:00:13.001,17527,17527,17527,6,0
2024-01-09 15:00:13.001,17528,17528,17528,6,6
2024-01-09 15:00:13.001,17529,17529,17529,10,10
2024-01-09 15:00:13.001,17530,17530,17530,6,6
2024-01-09 15:00:14.001,17531,17531,17531,2,2
2024-01-09 15:00:14.001,17530,17530,17530,2,-2
2024-01-09 15:00:14.001,17530,17530,17530,2,0
2024-01-09 15:00:14.001,17530,17530,17530,2,0
2024-01-09 15:00:14.001,17531,17531,17531,10,10
2024-01-09 15:00:14.001,17532,17532,17532,10,10
2024-01-09 15:00:14.001,17533,17533,17533,16,16
2024-01-09 15:00:14.001,17534,17534,17534,4,4
2024-01-09 15:00:14.001,17535,17535,17535,2,2
2024-01-09 15:00:14.001,17534,17534,17534,6,-6
2024-01-09 15:00:14.001,17534,17534,17534,2,0
2024-01-09 15:00:14.001,17534,17534,17534,14,0
2024-01-09 15:00:14.001,17534,17534,17534,2,0
2024-01-09 15:00:14.001,17534,17534,17534,6,0
2024-01-09 15:00:14.001,17535,17535,17535,2,2
2024-01-09 15:00:14.001,17535,17535,17535,2,0
2024-01-09 15:00:14.001,17534,17534,17534,2,-2
2024-01-09 15:00:14.001,17534,17534,17534,2,0
2024-01-09 15:00:14.001,17534,17534,17534,2,0
2024-01-09 15:00:14.001,17533,17533,17533,2,-2
2024-01-09 15:00:14.001,17532,17532,17532,2,-2
2024-01-09 15:00:14.001,17532,17532,17532,2,0
2024-01-09 15:00:15.001,17531,17531,17531,2,-2
2024-01-09 15:00:15.001,17530,17530,17530,2,-2
2024-01-09 15:00:15.001,17530,17530,17530,2,0
2024-01-09 15:00:15.001,17529,17529,17529,4,-4
2024-01-09 15:00:15.001,17528,17528,17528,4,-4
2024-01-09 15:00:15.001,17527,17527,17527,2,-2
2024-01-09 15:00:15.001,17528,17528,17528,10,10
2024-01-09 15:00:15.001,17529,17529,17529,14,14
2024-01-09 15:00:15.001,17530,17530,17530,18,18
2024-01-09 15:00:15.001,17529,17529,17529,2,-2
2024-01-09 15:00:15.001,17530,17530,17530,2,2
2024-01-09 15:00:15.001,17531,17531,17531,2,2
2024-01-09 15:00:15.001,17530,17530,17530,2,-2
2024-01-09 15:00:16.001,17530,17530,17530,2,0
2024-01-09 15:00:16.001,17530,17530,17530,2,0
2024-01-09 15:00:16.001,17530,17530,17530,2,0
2024-01-09 15:00:16.001,17531,17531,17531,4,4
2024-01-09 15:00:16.001,17530,17530,17530,2,-2
2024-01-09 15:00:16.001,17531,17531,17531,4,4
2024-01-09 15:00:16.001,17531,17531,17531,2,0
2024-01-09 15:00:16.001,17531,17531,17531,2,0
2024-01-09 15:00:16.001,17531,17531,17531,2,0
2024-01-09 15:00:16.001,17532,17532,17532,4,4
2024-01-09 15:00:16.001,17531,17531,17531,2,-2
2024-01-09 15:00:17.001,17531,17531,17531,2,0
2024-01-09 15:00:17.001,17531,17531,17531,2,0
2024-01-09 15:00:17.001,17531,17531,17531,2,0
2024-01-09 15:00:17.001,17530,17530,17530,2,-2
2024-01-09 15:00:17.001,17530,17530,17530,2,0
2024-01-09 15:00:17.001,17529,17529,17529,2,-2
2024-01-09 15:00:17.001,17529,17529,17529,2,0
2024-01-09 15:00:17.001,17529,17529,17529,2,0
2024-01-09 15:00:17.001,17529,17529,17529,2,0
2024-01-09 15:00:17.001,17529,17529,17529,4,0
2024-01-09 15:00:17.001,17530,17530,17530,4,4
2024-01-09 15:00:17.001,17530,17530,17530,4,0
2024-01-09 15:00:17.001,17532,17532,17532,2,2
2024-01-09 15:00:17.001,17533,17533,17533,2,2
2024-01-09 15:00:17.001,17533,17533,17533,2,0
2024-01-09 15:00:17.001,17533,17533,17533,2,0
2024-01-09 15:00:17.001,17535,17535,17535,4,4
2024-01-09 15:00:17.001,17534,17534,17534,2,-2
2024-01-09 15:00:17.001,17533,17533,17533,2,-2
2024-01-09 15:00:18.001,17535,17535,17535,4,4
2024-01-09 15:00:18.001,17535,17535,17535,2,0
2024-01-09 15:00:18.001,17534,17534,17534,2,-2
2024-01-09 15:00:18.001,17536,17536,17536,4,4
2024-01-09 15:00:18.001,17534,17534,17534,2,-2
2024-01-09 15:00:18.001,17534,17534,17534,2,0
2024-01-09 15:00:18.001,17534,17534,17534,2,0
2024-01-09 15:00:18.001,17533,17533,17533,2,-2
2024-01-09 15:00:18.001,17534,17534,17534,4,4
2024-01-09 15:00:19.001,17534,17534,17534,4,0
2024-01-09 15:00:19.001,17533,17533,17533,2,-2
2024-01-09 15:00:19.001,17534,17534,17534,4,4
2024-01-09 15:00:20.001,17533,17533,17533,4,-4
2024-01-09 15:00:20.001,17531,17531,17531,2,-2
2024-01-09 15:00:20.001,17533,17533,17533,8,8
2024-01-09 15:00:20.001,17534,17534,17534,2,2
2024-01-09 15:00:20.001,17533,17533,17533,2,-2
2024-01-09 15:00:20.001,17532,17532,17532,2,-2
2024-01-09 15:00:20.001,17532,17532,17532,2,0
2024-01-09 15:00:21.001,17534,17534,17534,4,4
2024-01-09 15:00:21.001,17532,17532,17532,4,-4
2024-01-09 15:00:21.001,17532,17532,17532,2,0
2024-01-09 15:00:22.001,17532,17532,17532,2,0
2024-01-09 15:00:22.001,17533,17533,17533,2,2
2024-01-09 15:00:22.001,17532,17532,17532,2,-2
2024-01-09 15:00:22.001,17532,17532,17532,2,0
2024-01-09 15:00:22.001,17534,17534,17534,2,2
2024-01-09 15:00:22.001,17532,17532,17532,2,-2
2024-01-09 15:00:23.001,17532,17532,17532,2,0
2024-01-09 15:00:23.001,17532,17532,17532,4,0
2024-01-09 15:00:24.001,17533,17533,17533,2,2
2024-01-09 15:00:24.001,17534,17534,17534,8,8
2024-01-09 15:00:24.001,17533,17533,17533,2,-2
2024-01-09 15:00:25.001,17534,17534,17534,28,28
2024-01-09 15:00:25.001,17534,17534,17534,2,0
2024-01-09 15:00:25.001,17533,17533,17533,2,-2
2024-01-09 15:00:25.001,17533,17533,17533,4,0
2024-01-09 15:00:26.001,17533,17533,17533,2,0
2024-01-09 15:00:27.001,17534,17534,17534,2,2
2024-01-09 15:00:28.001,17534,17534,17534,2,0
2024-01-09 15:00:28.001,17534,17534,17534,2,0
2024-01-09 15:00:28.001,17534,17534,17534,2,0
2024-01-09 15:00:28.001,17534,17534,17534,2,0
2024-01-09 15:00:29.001,17533,17533,17533,2,-2
2024-01-09 15:00:29.001,17533,17533,17533,2,0
2024-01-09 15:00:29.001,17533,17533,17533,4,0
2024-01-09 15:00:29.001,17533,17533,17533,2,0
2024-01-09 15:00:29.001,17533,17533,17533,10,0
2024-01-09 15:00:29.001,17533,17533,17533,8,0
2024-01-09 15:00:29.001,17532,17532,17532,4,-4
2024-01-09 15:00:29.001,17532,17532,17532,4,0
2024-01-09 15:00:29.001,17532,17532,17532,4,0
2024-01-09 15:00:29.001,17532,17532,17532,2,0
2024-01-09 15:00:29.001,17532,17532,17532,2,0
2024-01-09 15:00:29.001,17532,17532,17532,4,0
2024-01-09 15:00:29.001,17531,17531,17531,2,-2
2024-01-09 15:00:29.001,17531,17531,17531,2,0
2024-01-09 15:00:29.001,17531,17531,17531,2,0
2024-01-09 15:00:29.001,17531,17531,17531,2,0
2024-01-09 15:00:29.001,17531,17531,17531,2,0
2024-01-09 15:00:29.001,17531,17531,17531,2,0
2024-01-09 15:00:30.001,17531,17531,17531,4,0
2024-01-09 15:00:30.001,17529,17529,17529,2,-2
2024-01-09 15:00:31.001,17530,17530,17530,2,2
2024-01-09 15:00:31.001,17530,17530,17530,2,0
2024-01-09 15:00:31.001,17530,17530,17530,2,0
2024-01-09 15:00:31.001,17530,17530,17530,2,0
2024-01-09 15:00:31.001,17530,17530,17530,6,0
2024-01-09 15:00:31.001,17531,17531,17531,2,2
2024-01-09 15:00:31.001,17531,17531,17531,2,0
2024-01-09 15:00:31.001,17531,17531,17531,2,0
2024-01-09 15:00:32.001,17532,17532,17532,6,6
2024-01-09 15:00:32.001,17530,17530,17530,2,-2
2024-01-09 15:00:32.001,17530,17530,17530,2,0
2024-01-09 15:00:32.001,17530,17530,17530,2,0
2024-01-09 15:00:32.001,17530,17530,17530,2,0
2024-01-09 15:00:33.001,17531,17531,17531,14,14
2024-01-09 15:00:34.001,17531,17531,17531,2,0
2024-01-09 15:00:34.001,17531,17531,17531,2,0
2024-01-09 15:00:35.001,17531,17531,17531,2,0
2024-01-09 15:00:35.001,17531,17531,17531,18,0
2024-01-09 15:00:36.001,17531,17531,17531,2,0
2024-01-09 15:00:36.001,17531,17531,17531,2,0
2024-01-09 15:00:36.001,17531,17531,17531,2,0
2024-01-09 15:00:37.001,17531,17531,17531,2,0
2024-01-09 15:00:37.001,17531,17531,17531,2,0
2024-01-09 15:00:37.001,17531,17531,17531,2,0
2024-01-09 15:00:38.001,17531,17531,17531,2,0
2024-01-09 15:00:38.001,17531,17531,17531,2,0
2024-01-09 15:00:38.001,17531,17531,17531,2,0
2024-01-09 15:00:38.001,17531,17531,17531,2,0
2024-01-09 15:00:38.001,17531,17531,17531,18,0
2024-01-09 15:00:38.001,17531,17531,17531,2,0
2024-01-09 15:00:38.001,17531,17531,17531,2,0
2024-01-09 15:00:38.001,17532,17532,17532,20,20
2024-01-09 15:00:39.001,17531,17531,17531,2,-2
2024-01-09 15:00:39.001,17531,17531,17531,6,0
2024-01-09 15:00:39.001,17531,17531,17531,4,0
2024-01-09 15:00:39.001,17531,17531,17531,2,0
2024-01-09 15:00:39.001,17531,17531,17531,4,0
2024-01-09 15:00:39.001,17531,17531,17531,2,0
2024-01-09 15:00:39.001,17530,17530,17530,2,-2
2024-01-09 15:00:40.001,17532,17532,17532,2,2
2024-01-09 15:00:40.001,17531,17531,17531,2,-2
2024-01-09 15:00:40.001,17531,17531,17531,2,0
2024-01-09 15:00:42.001,17531,17531,17531,20,0
2024-01-09 15:00:42.001,17530,17530,17530,4,-4
2024-01-09 15:00:42.001,17530,17530,17530,2,0
2024-01-09 15:00:42.001,17530,17530,17530,2,0
2024-01-09 15:00:42.001,17532,17532,17532,2,2
2024-01-09 15:00:42.001,17532,17532,17532,2,0
2024-01-09 15:00:44.001,17530,17530,17530,2,-2
2024-01-09 15:00:44.001,17531,17531,17531,2,2
2024-01-09 15:00:45.001,17531,17531,17531,4,0
2024-01-09 15:00:45.001,17531,17531,17531,2,0
2024-01-09 15:00:45.001,17531,17531,17531,4,0
2024-01-09 15:00:45.001,17530,17530,17530,10,-10
2024-01-09 15:00:45.001,17531,17531,17531,2,2
2024-01-09 15:00:45.001,17531,17531,17531,4,0
2024-01-09 15:00:45.001,17530,17530,17530,10,-10
2024-01-09 15:00:45.001,17530,17530,17530,2,0
2024-01-09 15:00:45.001,17530,17530,17530,2,0
2024-01-09 15:00:45.001,17530,17530,17530,2,0
2024-01-09 15:00:46.001,17530,17530,17530,2,0
2024-01-09 15:00:46.001,17530,17530,17530,2,0
2024-01-09 15:00:47.001,17531,17531,17531,2,2
2024-01-09 15:00:48.001,17531,17531,17531,2,0
2024-01-09 15:00:48.001,17532,17532,17532,20,20
2024-01-09 15:00:48.001,17531,17531,17531,2,-2
2024-01-09 15:00:48.001,17531,17531,17531,2,0
2024-01-09 15:00:49.001,17531,17531,17531,2,0
2024-01-09 15:00:49.001,17531,17531,17531,4,0
2024-01-09 15:00:49.001,17531,17531,17531,8,0
2024-01-09 15:00:49.001,17531,17531,17531,2,0
2024-01-09 15:00:49.001,17531,17531,17531,4,0
2024-01-09 15:00:49.001,17531,17531,17531,4,0
2024-01-09 15:00:49.001,17531,17531,17531,2,0
2024-01-09 15:00:50.001,17531,17531,17531,2,0
2024-01-09 15:00:50.001,17531,17531,17531,2,0
2024-01-09 15:00:50.001,17531,17531,17531,4,0
2024-01-09 15:00:50.001,17531,17531,17531,4,0
2024-01-09 15:00:50.001,17531,17531,17531,4,0
2024-01-09 15:00:50.001,17531,17531,17531,2,0
2024-01-09 15:00:50.001,17531,17531,17531,6,0
2024-01-09 15:00:50.001,17530,17530,17530,10,-10
2024-01-09 15:00:50.001,17530,17530,17530,4,0
2024-01-09 15:00:50.001,17530,17530,17530,20,0
2024-01-09 15:00:50.001,17530,17530,17530,2,0
2024-01-09 15:00:50.001,17530,17530,17530,2,0
2024-01-09 15:00:50.001,17529,17529,17529,2,-2
2024-01-09 15:00:50.001,17530,17530,17530,2,2
2024-01-09 15:00:51.001,17531,17531,17531,8,8
2024-01-09 15:00:51.001,17531,17531,17531,2,0
2024-01-09 15:00:51.001,17531,17531,17531,4,0
2024-01-09 15:00:51.001,17529,17529,17529,2,-2
2024-01-09 15:00:51.001,17529,17529,17529,2,0
2024-01-09 15:00:52.001,17529,17529,17529,2,0
2024-01-09 15:00:52.001,17529,17529,17529,6,0
2024-01-09 15:00:52.001,17529,17529,17529,14,0
2024-01-09 15:00:52.001,17529,17529,17529,2,0
2024-01-09 15:00:52.001,17529,17529,17529,4,0
2024-01-09 15:00:52.001,17529,17529,17529,2,0
2024-01-09 15:00:53.001,17529,17529,17529,2,0
2024-01-09 15:00:53.001,17529,17529,17529,2,0
2024-01-09 15:00:53.001,17528,17528,17528,20,-20
2024-01-09 15:00:53.001,17528,17528,17528,2,0
2024-01-09 15:00:53.001,17528,17528,17528,2,0
2024-01-09 15:00:54.001,17527,17527,17527,2,-2
2024-01-09 15:00:54.001,17527,17527,17527,6,0
2024-01-09 15:00:54.001,17528,17528,17528,2,2
2024-01-09 15:00:54.001,17527,17527,17527,2,-2
2024-01-09 15:00:55.001,17527,17527,17527,12,0
2024-01-09 15:00:55.001,17527,17527,17527,2,0
2024-01-09 15:00:55.001,17527,17527,17527,2,0
2024-01-09 15:00:55.001,17527,17527,17527,2,0
2024-01-09 15:00:55.001,17526,17526,17526,4,-4
2024-01-09 15:00:55.001,17526,17526,17526,4,0
2024-01-09 15:00:55.001,17526,17526,17526,2,0
2024-01-09 15:00:55.001,17526,17526,17526,2,0
2024-01-09 15:00:55.001,17526,17526,17526,2,0
2024-01-09 15:00:55.001,17526,17526,17526,4,0
2024-01-09 15:00:55.001,17526,17526,17526,2,0
2024-01-09 15:00:55.001,17526,17526,17526,6,0
2024-01-09 15:00:55.001,17526,17526,17526,12,0
2024-01-09 15:00:55.001,17526,17526,17526,2,0
2024-01-09 15:00:55.001,17526,17526,17526,2,0
2024-01-09 15:00:55.001,17527,17527,17527,6,6
2024-01-09 15:00:55.001,17527,17527,17527,2,0
2024-01-09 15:00:56.001,17528,17528,17528,2,2
2024-01-09 15:00:56.001,17528,17528,17528,2,0
2024-01-09 15:00:57.001,17528,17528,17528,2,0
2024-01-09 15:00:57.001,17528,17528,17528,20,0
2024-01-09 15:00:58.001,17528,17528,17528,2,0
2024-01-09 15:00:58.001,17528,17528,17528,2,0
2024-01-09 15:00:59.001,17528,17528,17528,2,0
2024-01-09 15:00:59.001,17529,17529,17529,2,2
2024-01-09 15:00:59.001,17529,17529,17529,40,0
2024-01-09 15:00:59.001,17530,17530,17530,20,20
2024-01-09 15:00:59.001,17531,17531,17531,2,2
2024-01-09 15:00:59.001,17531,17531,17531,2,0
2024-01-09 15:00:59.001,17530,17530,17530,4,-4
2024-01-09 15:00:59.001,17530,17530,17530,2,0
2024-01-09 15:01:00.001,17530,17530,17530,4,0
2024-01-09 15:01:00.001,17530,17530,17530,2,0
2024-01-09 15:01:00.001,17529,17529,17529,2,-2
2024-01-09 15:01:00.001,17528,17528,17528,2,-2
2024-01-09 15:01:00.001,17528,17528,17528,4,0
2024-01-09 15:01:00.001,17528,17528,17528,2,0
2024-01-09 15:01:00.001,17528,17528,17528,4,0
2024-01-09 15:01:00.001,17528,17528,17528,4,0
2024-01-09 15:01:00.001,17528,17528,17528,2,0
2024-01-09 15:01:00.001,17527,17527,17527,2,-2
2024-01-09 15:01:00.001,17527,17527,17527,4,0
2024-01-09 15:01:00.001,17527,17527,17527,2,0
2024-01-09 15:01:00.001,17527,17527,17527,6,0
2024-01-09 15:01:00.001,17527,17527,17527,4,0
2024-01-09 15:01:00.001,17527,17527,17527,6,0
2024-01-09 15:01:00.001,17527,17527,17527,2,0
2024-01-09 15:01:00.001,17527,17527,17527,2,0
2024-01-09 15:01:00.001,17527,17527,17527,2,0
2024-01-09 15:01:00.001,17526,17526,17526,2,-2
2024-01-09 15:01:00.001,17527,17527,17527,8,8
2024-01-09 15:01:00.001,17527,17527,17527,8,0
2024-01-09 15:01:00.001,17527,17527,17527,8,0
2024-01-09 15:01:00.001,17527,17527,17527,4,0
2024-01-09 15:01:00.001,17526,17526,17526,20,-20
2024-01-09 15:01:00.001,17526,17526,17526,2,0
2024-01-09 15:01:00.001,17526,17526,17526,20,0
2024-01-09 15:01:00.001,17526,17526,17526,2,0
2024-01-09 15:01:00.001,17526,17526,17526,4,0
2024-01-09 15:01:00.001,17525,17525,17525,4,-4
2024-01-09 15:01:00.001,17526,17526,17526,4,4
2024-01-09 15:01:00.001,17527,17527,17527,4,4
2024-01-09 15:01:00.001,17525,17525,17525,4,-4
2024-01-09 15:01:00.001,17525,17525,17525,2,0
2024-01-09 15:01:00.001,17527,17527,17527,6,6
2024-01-09 15:01:00.001,17527,17527,17527,2,0
2024-01-09 15:01:00.001,17527,17527,17527,2,0
2024-01-09 15:01:00.001,17525,17525,17525,2,-2
2024-01-09 15:01:00.001,17527,17527,17527,6,6
2024-01-09 15:01:00.001,17528,17528,17528,4,4
2024-01-09 15:01:00.001,17527,17527,17527,2,-2
2024-01-09 15:01:00.001,17526,17526,17526,2,-2
2024-01-09 15:01:00.001,17526,17526,17526,2,0
2024-01-09 15:01:00.001,17525,17525,17525,2,-2
2024-01-09 15:01:00.001,17525,17525,17525,2,0
2024-01-09 15:01:00.001,17525,17525,17525,2,0
2024-01-09 15:01:00.001,17527,17527,17527,6,6
2024-01-09 15:01:00.001,17527,17527,17527,6,0
2024-01-09 15:01:00.001,17526,17526,17526,2,-2
2024-01-09 15:01:00.001,17527,17527,17527,4,4
2024-01-09 15:01:00.001,17527,17527,17527,2,0
2024-01-09 15:01:00.001,17527,17527,17527,4,0
2024-01-09 15:01:00.001,17528,17528,17528,12,12
2024-01-09 15:01:00.001,17526,17526,17526,4,-4
2024-01-09 15:01:00.001,17527,17527,17527,2,2
2024-01-09 15:01:00.001,17528,17528,17528,8,8
2024-01-09 15:01:00.001,17529,17529,17529,8,8
2024-01-09 15:01:00.001,17526,17526,17526,2,-2
2024-01-09 15:01:00.001,17526,17526,17526,2,0
2024-01-09 15:01:00.001,17526,17526,17526,2,0
2024-01-09 15:01:00.001,17526,17526,17526,4,0
2024-01-09 15:01:00.001,17526,17526,17526,2,0
2024-01-09 15:01:00.001,17526,17526,17526,2,0
2024-01-09 15:01:00.001,17527,17527,17527,2,2
2024-01-09 15:01:00.001,17526,17526,17526,2,-2
2024-01-09 15:01:00.001,17526,17526,17526,2,0
2024-01-09 15:01:01.001,17526,17526,17526,2,0
2024-01-09 15:01:01.001,17526,17526,17526,2,0
2024-01-09 15:01:01.001,17526,17526,17526,2,0
2024-01-09 15:01:01.001,17526,17526,17526,2,0
2024-01-09 15:01:01.001,17526,17526,17526,2,0
2024-01-09 15:01:01.001,17528,17528,17528,2,2
2024-01-09 15:01:01.001,17528,17528,17528,10,0
2024-01-09 15:01:02.001,17527,17527,17527,2,-2
2024-01-09 15:01:02.001,17529,17529,17529,2,2
2024-01-09 15:01:02.001,17528,17528,17528,6,-6
2024-01-09 15:01:02.001,17528,17528,17528,4,0
2024-01-09 15:01:02.001,17528,17528,17528,4,0
2024-01-09 15:01:02.001,17528,17528,17528,6,0
2024-01-09 15:01:03.001,17527,17527,17527,2,-2
2024-01-09 15:01:03.001,17528,17528,17528,2,2
2024-01-09 15:01:05.001,17528,17528,17528,2,0
2024-01-09 15:01:05.001,17527,17527,17527,2,-2
2024-01-09 15:01:06.001,17528,17528,17528,2,2
2024-01-09 15:01:06.001,17528,17528,17528,2,0
2024-01-09 15:01:06.001,17529,17529,17529,4,4
2024-01-09 15:01:07.001,17528,17528,17528,2,-2
2024-01-09 15:01:08.001,17528,17528,17528,2,0
2024-01-09 15:01:08.001,17528,17528,17528,4,0
2024-01-09 15:01:08.001,17528,17528,17528,2,0
2024-01-09 15:01:08.001,17528,17528,17528,4,0
2024-01-09 15:01:08.001,17528,17528,17528,4,0
2024-01-09 15:01:08.001,17528,17528,17528,6,0
2024-01-09 15:01:08.001,17528,17528,17528,2,0
2024-01-09 15:01:09.001,17527,17527,17527,4,-4
2024-01-09 15:01:09.001,17527,17527,17527,4,0
2024-01-09 15:01:10.001,17527,17527,17527,2,0
2024-01-09 15:01:10.001,17528,17528,17528,2,2
2024-01-09 15:01:11.001,17528,17528,17528,6,0
2024-01-09 15:01:12.001,17527,17527,17527,2,-2
2024-01-09 15:01:13.001,17528,17528,17528,2,2
2024-01-09 15:01:13.001,17528,17528,17528,2,0
2024-01-09 15:01:13.001,17528,17528,17528,2,0
2024-01-09 15:01:13.001,17527,17527,17527,4,-4
2024-01-09 15:01:14.001,17528,17528,17528,2,2
2024-01-09 15:01:14.001,17527,17527,17527,2,-2
2024-01-09 15:01:15.001,17529,17529,17529,2,2
2024-01-09 15:01:15.001,17530,17530,17530,2,2
2024-01-09 15:01:16.001,17528,17528,17528,2,-2
2024-01-09 15:01:16.001,17528,17528,17528,2,0
2024-01-09 15:01:16.001,17528,17528,17528,4,0
2024-01-09 15:01:16.001,17528,17528,17528,4,0
2024-01-09 15:01:18.001,17528,17528,17528,2,0
2024-01-09 15:01:20.001,17529,17529,17529,6,6
2024-01-09 15:01:20.001,17528,17528,17528,2,-2
2024-01-09 15:01:20.001,17528,17528,17528,2,0
2024-01-09 15:01:22.001,17529,17529,17529,10,10
2024-01-09 15:01:22.001,17529,17529,17529,4,0
2024-01-09 15:01:22.001,17529,17529,17529,2,0
2024-01-09 15:01:22.001,17529,17529,17529,2,0
2024-01-09 15:01:22.001,17529,17529,17529,12,0
2024-01-09 15:01:22.001,17529,17529,17529,2,0
2024-01-09 15:01:23.001,17528,17528,17528,2,-2
2024-01-09 15:01:24.001,17529,17529,17529,6,6
2024-01-09 15:01:25.001,17529,17529,17529,2,0
2024-01-09 15:01:26.001,17530,17530,17530,6,6
2024-01-09 15:01:26.001,17530,17530,17530,14,0
2024-01-09 15:01:26.001,17530,17530,17530,12,0
2024-01-09 15:01:26.001,17530,17530,17530,8,0
2024-01-09 15:01:26.001,17531,17531,17531,4,4
2024-01-09 15:01:28.001,17531,17531,17531,2,0
2024-01-09 15:01:28.001,17531,17531,17531,2,0
2024-01-09 15:01:28.001,17530,17530,17530,2,-2
2024-01-09 15:01:28.001,17530,17530,17530,2,0
2024-01-09 15:01:28.001,17530,17530,17530,2,0
2024-01-09 15:01:28.001,17530,17530,17530,2,0
2024-01-09 15:01:28.001,17530,17530,17530,2,0
2024-01-09 15:01:28.001,17530,17530,17530,4,0
2024-01-09 15:01:28.001,17530,17530,17530,4,0
2024-01-09 15:01:28.001,17530,17530,17530,2,0
2024-01-09 15:01:30.001,17529,17529,17529,2,-2
2024-01-09 15:01:30.001,17529,17529,17529,8,0
2024-01-09 15:01:33.001,17529,17529,17529,2,0
2024-01-09 15:01:33.001,17529,17529,17529,10,0
2024-01-09 15:01:33.001,17529,17529,17529,2,0
2024-01-09 15:01:33.001,17529,17529,17529,2,0
2024-01-09 15:01:36.001,17529,17529,17529,2,0
2024-01-09 15:01:38.001,17529,17529,17529,2,0
2024-01-09 15:01:38.001,17530,17530,17530,2,2
2024-01-09 15:01:38.001,17529,17529,17529,2,-2
2024-01-09 15:01:38.001,17529,17529,17529,2,0
2024-01-09 15:01:40.001,17529,17529,17529,2,0
2024-01-09 15:01:42.001,17529,17529,17529,2,0
2024-01-09 15:01:43.001,17530,17530,17530,2,2
2024-01-09 15:01:43.001,17529,17529,17529,2,-2
2024-01-09 15:01:44.001,17529,17529,17529,2,0
2024-01-09 15:01:45.001,17530,17530,17530,2,2
2024-01-09 15:01:45.001,17529,17529,17529,2,-2
2024-01-09 15:01:46.001,17530,17530,17530,2,2
2024-01-09 15:01:48.001,17529,17529,17529,2,-2
2024-01-09 15:01:52.001,17530,17530,17530,2,2
2024-01-09 15:01:52.001,17529,17529,17529,2,-2
2024-01-09 15:01:53.001,17530,17530,17530,2,2
2024-01-09 15:01:53.001,17530,17530,17530,2,0
2024-01-09 15:01:54.001,17530,17530,17530,26,0
2024-01-09 15:01:54.001,17530,17530,17530,10,0
2024-01-09 15:01:54.001,17531,17531,17531,2,2
2024-01-09 15:01:54.001,17531,17531,17531,10,0
2024-01-09 15:01:56.001,17532,17532,17532,2,2
2024-01-09 15:01:56.001,17532,17532,17532,4,0
2024-01-09 15:01:56.001,17532,17532,17532,8,0
2024-01-09 15:01:56.001,17533,17533,17533,2,2
2024-01-09 15:01:58.001,17533,17533,17533,2,0
2024-01-09 15:01:59.001,17532,17532,17532,2,-2
2024-01-09 15:01:59.001,17532,17532,17532,4,0
2024-01-09 15:02:00.001,17531,17531,17531,2,-2
2024-01-09 15:02:00.001,17531,17531,17531,2,0
2024-01-09 15:02:00.001,17531,17531,17531,2,0
2024-01-09 15:02:00.001,17531,17531,17531,2,0
2024-01-09 15:02:00.001,17531,17531,17531,10,0
2024-01-09 15:02:00.001,17530,17530,17530,2,-2
2024-01-09 15:02:00.001,17532,17532,17532,2,2
2024-01-09 15:02:01.001,17532,17532,17532,2,0
2024-01-09 15:02:02.001,17531,17531,17531,2,-2
2024-01-09 15:02:03.001,17531,17531,17531,2,0
2024-01-09 15:02:03.001,17532,17532,17532,4,4
2024-01-09 15:02:03.001,17531,17531,17531,2,-2
2024-01-09 15:02:04.001,17532,17532,17532,2,2
2024-01-09 15:02:05.001,17532,17532,17532,2,0
2024-01-09 15:02:05.001,17533,17533,17533,18,18
2024-01-09 15:02:05.001,17533,17533,17533,6,0
2024-01-09 15:02:05.001,17533,17533,17533,18,0
2024-01-09 15:02:05.001,17534,17534,17534,2,2
2024-01-09 15:02:06.001,17535,17535,17535,2,2
2024-01-09 15:02:06.001,17535,17535,17535,4,0
2024-01-09 15:02:06.001,17535,17535,17535,4,0
2024-01-09 15:02:07.001,17535,17535,17535,2,0
2024-01-09 15:02:07.001,17535,17535,17535,2,0
2024-01-09 15:02:07.001,17535,17535,17535,2,0
2024-01-09 15:02:08.001,17535,17535,17535,4,0
2024-01-09 15:02:08.001,17534,17534,17534,2,-2
2024-01-09 15:02:08.001,17535,17535,17535,2,2
2024-01-09 15:02:09.001,17535,17535,17535,2,0
2024-01-09 15:02:13.001,17535,17535,17535,2,0
2024-01-09 15:02:13.001,17535,17535,17535,2,0
2024-01-09 15:02:14.001,17535,17535,17535,2,0
2024-01-09 15:02:14.001,17535,17535,17535,10,0
2024-01-09 15:02:15.001,17535,17535,17535,18,0
2024-01-09 15:02:15.001,17535,17535,17535,2,0
2024-01-09 15:02:16.001,17535,17535,17535,2,0
2024-01-09 15:02:16.001,17534,17534,17534,2,-2
2024-01-09 15:02:16.001,17534,17534,17534,2,0
2024-01-09 15:02:16.001,17533,17533,17533,2,-2
2024-01-09 15:02:16.001,17533,17533,17533,2,0
2024-01-09 15:02:17.001,17534,17534,17534,4,4
2024-01-09 15:02:18.001,17534,17534,17534,2,0
2024-01-09 15:02:19.001,17533,17533,17533,2,-2
2024-01-09 15:02:23.001,17533,17533,17533,2,0
2024-01-09 15:02:23.001,17533,17533,17533,2,0
2024-01-09 15:02:23.001,17533,17533,17533,8,0
2024-01-09 15:02:29.001,17532,17532,17532,2,-2
2024-01-09 15:02:32.001,17533,17533,17533,2,2
2024-01-09 15:02:32.001,17533,17533,17533,2,0
2024-01-09 15:02:34.001,17532,17532,17532,2,-2
2024-01-09 15:02:34.001,17532,17532,17532,4,0
2024-01-09 15:02:34.001,17532,17532,17532,4,0
2024-01-09 15:02:34.001,17532,17532,17532,2,0
2024-01-09 15:02:34.001,17532,17532,17532,2,0
2024-01-09 15:02:34.001,17532,17532,17532,2,0
2024-01-09 15:02:34.001,17532,17532,17532,4,0
2024-01-09 15:02:35.001,17533,17533,17533,8,8
2024-01-09 15:02:35.001,17533,17533,17533,2,0
2024-01-09 15:02:36.001,17533,17533,17533,4,0
2024-01-09 15:02:38.001,17533,17533,17533,2,0
2024-01-09 15:02:39.001,17533,17533,17533,2,0
2024-01-09 15:02:39.001,17532,17532,17532,2,-2
2024-01-09 15:02:39.001,17531,17531,17531,2,-2
2024-01-09 15:02:41.001,17533,17533,17533,12,12
2024-01-09 15:02:43.001,17532,17532,17532,2,-2
2024-01-09 15:02:43.001,17532,17532,17532,2,0
2024-01-09 15:02:51.001,17532,17532,17532,2,0
2024-01-09 15:02:52.001,17531,17531,17531,2,-2
2024-01-09 15:02:52.001,17531,17531,17531,2,0
2024-01-09 15:02:57.001,17531,17531,17531,4,0
2024-01-09 15:02:57.001,17531,17531,17531,2,0
2024-01-09 15:02:57.001,17531,17531,17531,2,0
2024-01-09 15:02:57.001,17531,17531,17531,2,0
2024-01-09 15:02:57.001,17531,17531,17531,2,0
2024-01-09 15:02:57.001,17531,17531,17531,10,0
2024-01-09 15:02:58.001,17532,17532,17532,14,14
2024-01-09 15:02:58.001,17531,17531,17531,2,-2
2024-01-09 15:02:59.001,17531,17531,17531,2,0
2024-01-09 15:02:59.001,17530,17530,17530,2,-2
2024-01-09 15:02:59.001,17530,17530,17530,2,0
2024-01-09 15:02:59.001,17530,17530,17530,4,0
2024-01-09 15:02:59.001,17530,17530,17530,2,0
2024-01-09 15:03:00.001,17530,17530,17530,6,0
2024-01-09 15:03:00.001,17530,17530,17530,2,0
2024-01-09 15:03:00.001,17530,17530,17530,8,0
2024-01-09 15:03:00.001,17530,17530,17530,2,0
2024-01-09 15:03:00.001,17530,17530,17530,2,0
2024-01-09 15:03:00.001,17530,17530,17530,2,0
2024-01-09 15:03:00.001,17530,17530,17530,4,0
2024-01-09 15:03:00.001,17530,17530,17530,4,0
2024-01-09 15:03:00.001,17530,17530,17530,4,0
2024-01-09 15:03:00.001,17530,17530,17530,2,0
2024-01-09 15:03:00.001,17530,17530,17530,2,0
2024-01-09 15:03:00.001,17529,17529,17529,2,-2
2024-01-09 15:03:00.001,17530,17530,17530,2,2
2024-01-09 15:03:00.001,17530,17530,17530,2,0
2024-01-09 15:03:00.001,17530,17530,17530,4,0
2024-01-09 15:03:00.001,17530,17530,17530,4,0
2024-01-09 15:03:00.001,17530,17530,17530,6,0
2024-01-09 15:03:00.001,17530,17530,17530,2,0
2024-01-09 15:03:00.001,17530,17530,17530,4,0
2024-01-09 15:03:00.001,17529,17529,17529,2,-2
2024-01-09 15:03:00.001,17529,17529,17529,2,0
2024-01-09 15:03:00.001,17530,17530,17530,6,6
2024-01-09 15:03:00.001,17531,17531,17531,12,12
2024-01-09 15:03:00.001,17531,17531,17531,2,0
2024-01-09 15:03:00.001,17532,17532,17532,2,2
2024-01-09 15:03:00.001,17532,17532,17532,2,0
2024-01-09 15:03:00.001,17532,17532,17532,2,0
2024-01-09 15:03:00.001,17530,17530,17530,2,-2
2024-01-09 15:03:01.001,17532,17532,17532,2,2
2024-01-09 15:03:01.001,17532,17532,17532,2,0
2024-01-09 15:03:01.001,17530,17530,17530,2,-2
2024-01-09 15:03:05.001,17530,17530,17530,2,0
2024-01-09 15:03:05.001,17530,17530,17530,2,0
2024-01-09 15:03:05.001,17530,17530,17530,2,0
2024-01-09 15:03:05.001,17530,17530,17530,2,0
2024-01-09 15:03:05.001,17530,17530,17530,2,0
2024-01-09 15:03:05.001,17530,17530,17530,4,0
2024-01-09 15:03:05.001,17530,17530,17530,4,0
2024-01-09 15:03:05.001,17530,17530,17530,2,0
2024-01-09 15:03:05.001,17530,17530,17530,2,0
2024-01-09 15:03:09.001,17530,17530,17530,2,0
2024-01-09 15:03:16.001,17531,17531,17531,2,2
2024-01-09 15:03:16.001,17531,17531,17531,2,0
2024-01-09 15:03:23.001,17532,17532,17532,2,2
2024-01-09 15:03:24.001,17531,17531,17531,2,-2
2024-01-09 15:03:24.001,17530,17530,17530,4,-4
2024-01-09 15:03:24.001,17530,17530,17530,2,0
2024-01-09 15:03:24.001,17530,17530,17530,4,0
2024-01-09 15:03:24.001,17530,17530,17530,2,0
2024-01-09 15:03:24.001,17530,17530,17530,4,0
2024-01-09 15:03:24.001,17530,17530,17530,2,0
2024-01-09 15:03:24.001,17530,17530,17530,2,0
2024-01-09 15:03:31.001,17531,17531,17531,2,2
2024-01-09 15:03:32.001,17531,17531,17531,2,0
2024-01-09 15:03:32.001,17530,17530,17530,2,-2
2024-01-09 15:03:32.001,17530,17530,17530,2,0
2024-01-09 15:03:34.001,17529,17529,17529,4,-4
2024-01-09 15:03:35.001,17529,17529,17529,2,0
2024-01-09 15:03:35.001,17529,17529,17529,6,0
2024-01-09 15:03:35.001,17529,17529,17529,6,0
2024-01-09 15:03:35.001,17529,17529,17529,4,0
2024-01-09 15:03:35.001,17529,17529,17529,2,0
2024-01-09 15:03:35.001,17529,17529,17529,2,0
2024-01-09 15:03:35.001,17529,17529,17529,2,0
2024-01-09 15:03:35.001,17528,17528,17528,2,-2
2024-01-09 15:03:35.001,17528,17528,17528,2,0
2024-01-09 15:03:35.001,17528,17528,17528,4,0
2024-01-09 15:03:35.001,17528,17528,17528,6,0
2024-01-09 15:03:35.001,17528,17528,17528,2,0
2024-01-09 15:03:36.001,17528,17528,17528,2,0
2024-01-09 15:03:38.001,17528,17528,17528,2,0
2024-01-09 15:03:38.001,17527,17527,17527,2,-2
2024-01-09 15:03:38.001,17528,17528,17528,2,2
2024-01-09 15:03:39.001,17528,17528,17528,2,0
2024-01-09 15:03:39.001,17528,17528,17528,2,0
2024-01-09 15:03:40.001,17527,17527,17527,2,-2
2024-01-09 15:03:40.001,17527,17527,17527,10,0
2024-01-09 15:03:41.001,17527,17527,17527,2,0
2024-01-09 15:03:41.001,17527,17527,17527,4,0
2024-01-09 15:03:41.001,17527,17527,17527,2,0
2024-01-09 15:03:41.001,17527,17527,17527,2,0
2024-01-09 15:03:41.001,17527,17527,17527,2,0
2024-01-09 15:03:41.001,17527,17527,17527,4,0
2024-01-09 15:03:41.001,17527,17527,17527,4,0
2024-01-09 15:03:43.001,17527,17527,17527,2,0
2024-01-09 15:03:44.001,17527,17527,17527,4,0
2024-01-09 15:03:44.001,17527,17527,17527,6,0
2024-01-09 15:03:44.001,17528,17528,17528,2,2
2024-01-09 15:03:50.001,17527,17527,17527,2,-2
2024-01-09 15:03:51.001,17527,17527,17527,2,0
2024-01-09 15:03:51.001,17528,17528,17528,2,2
2024-01-09 15:03:53.001,17528,17528,17528,20,0
2024-01-09 15:03:53.001,17527,17527,17527,2,-2
2024-01-09 15:03:57.001,17528,17528,17528,6,6
2024-01-09 15:03:57.001,17528,17528,17528,2,0
2024-01-09 15:03:57.001,17528,17528,17528,2,0
2024-01-09 15:03:57.001,17529,17529,17529,2,2
2024-01-09 15:03:57.001,17529,17529,17529,2,0
2024-01-09 15:03:57.001,17529,17529,17529,2,0
2024-01-09 15:03:57.001,17530,17530,17530,2,2
2024-01-09 15:04:00.001,17530,17530,17530,2,0
2024-01-09 15:04:00.001,17530,17530,17530,4,0
2024-01-09 15:04:00.001,17530,17530,17530,6,0
2024-01-09 15:04:00.001,17530,17530,17530,28,0
2024-01-09 15:04:00.001,17530,17530,17530,2,0
2024-01-09 15:04:01.001,17530,17530,17530,2,0
2024-01-09 15:04:01.001,17530,17530,17530,4,0
2024-01-09 15:04:01.001,17530,17530,17530,2,0
2024-01-09 15:04:02.001,17530,17530,17530,2,0
2024-01-09 15:04:02.001,17530,17530,17530,2,0
2024-01-09 15:04:04.001,17530,17530,17530,2,0
2024-01-09 15:04:04.001,17530,17530,17530,2,0
2024-01-09 15:04:04.001,17530,17530,17530,2,0
2024-01-09 15:04:04.001,17530,17530,17530,2,0
2024-01-09 15:04:05.001,17529,17529,17529,2,-2
2024-01-09 15:04:05.001,17529,17529,17529,4,0
2024-01-09 15:04:05.001,17531,17531,17531,2,2
2024-01-09 15:04:06.001,17531,17531,17531,2,0
2024-01-09 15:04:06.001,17530,17530,17530,2,-2
2024-01-09 15:04:09.001,17530,17530,17530,2,0
2024-01-09 15:04:11.001,17529,17529,17529,4,-4
2024-01-09 15:04:11.001,17529,17529,17529,4,0
2024-01-09 15:04:11.001,17529,17529,17529,2,0
2024-01-09 15:04:11.001,17529,17529,17529,2,0
2024-01-09 15:04:11.001,17529,17529,17529,2,0
2024-01-09 15:04:12.001,17530,17530,17530,2,2
2024-01-09 15:04:12.001,17530,17530,17530,2,0
2024-01-09 15:04:12.001,17529,17529,17529,2,-2
2024-01-09 15:04:12.001,17530,17530,17530,2,2
2024-01-09 15:04:12.001,17530,17530,17530,2,0
2024-01-09 15:04:13.001,17529,17529,17529,2,-2
2024-01-09 15:04:13.001,17529,17529,17529,2,0
2024-01-09 15:04:13.001,17529,17529,17529,2,0
2024-01-09 15:04:13.001,17529,17529,17529,2,0
2024-01-09 15:04:13.001,17529,17529,17529,2,0
2024-01-09 15:04:13.001,17529,17529,17529,2,0
2024-01-09 15:04:13.001,17529,17529,17529,4,0
2024-01-09 15:04:13.001,17529,17529,17529,4,0
2024-01-09 15:04:13.001,17529,17529,17529,2,0
2024-01-09 15:04:13.001,17529,17529,17529,2,0
2024-01-09 15:04:20.001,17529,17529,17529,2,0
2024-01-09 15:04:25.001,17529,17529,17529,2,0
2024-01-09 15:04:25.001,17529,17529,17529,2,0
2024-01-09 15:04:26.001,17529,17529,17529,2,0
2024-01-09 15:04:26.001,17529,17529,17529,2,0
2024-01-09 15:04:30.001,17529,17529,17529,2,0
2024-01-09 15:04:30.001,17529,17529,17529,4,0
2024-01-09 15:04:35.001,17528,17528,17528,2,-2
2024-01-09 15:04:35.001,17528,17528,17528,2,0
2024-01-09 15:04:35.001,17528,17528,17528,6,0
2024-01-09 15:04:36.001,17529,17529,17529,2,2
2024-01-09 15:04:36.001,17529,17529,17529,2,0
2024-01-09 15:04:37.001,17528,17528,17528,2,-2
2024-01-09 15:04:37.001,17528,17528,17528,2,0
2024-01-09 15:04:37.001,17528,17528,17528,2,0
2024-01-09 15:04:37.001,17528,17528,17528,4,0
2024-01-09 15:04:37.001,17527,17527,17527,2,-2
2024-01-09 15:04:38.001,17528,17528,17528,2,2
2024-01-09 15:04:40.001,17528,17528,17528,2,0
2024-01-09 15:04:42.001,17528,17528,17528,2,0
2024-01-09 15:04:42.001,17528,17528,17528,2,0
2024-01-09 15:04:42.001,17528,17528,17528,2,0
2024-01-09 15:04:45.001,17528,17528,17528,2,0
2024-01-09 15:04:45.001,17528,17528,17528,10,0
2024-01-09 15:04:46.001,17528,17528,17528,2,0
2024-01-09 15:04:46.001,17528,17528,17528,2,0
2024-01-09 15:04:46.001,17528,17528,17528,2,0
2024-01-09 15:04:48.001,17528,17528,17528,2,0
2024-01-09 15:04:49.001,17528,17528,17528,2,0
2024-01-09 15:04:49.001,17528,17528,17528,2,0
2024-01-09 15:04:53.001,17528,17528,17528,2,0
2024-01-09 15:04:53.001,17528,17528,17528,2,0
2024-01-09 15:04:54.001,17528,17528,17528,2,0
2024-01-09 15:04:55.001,17528,17528,17528,2,0
2024-01-09 15:04:56.001,17528,17528,17528,2,0
2024-01-09 15:04:59.001,17528,17528,17528,2,0
2024-01-09 15:05:00.001,17529,17529,17529,2,2
2024-01-09 15:05:00.001,17527,17527,17527,2,-2
2024-01-09 15:05:01.001,17529,17529,17529,2,2
2024-01-09 15:05:01.001,17528,17528,17528,4,-4
2024-01-09 15:05:02.001,17528,17528,17528,2,0
2024-01-09 15:05:03.001,17529,17529,17529,8,8
2024-01-09 15:05:05.001,17529,17529,17529,2,0
2024-01-09 15:05:06.001,17529,17529,17529,2,0
2024-01-09 15:05:08.001,17530,17530,17530,36,36
2024-01-09 15:05:08.001,17530,17530,17530,4,0
2024-01-09 15:05:08.001,17530,17530,17530,2,0
2024-01-09 15:05:08.001,17530,17530,17530,2,0
2024-01-09 15:05:08.001,17530,17530,17530,2,0
2024-01-09 15:05:08.001,17529,17529,17529,2,-2
2024-01-09 15:05:16.001,17531,17531,17531,34,34
2024-01-09 15:05:16.001,17532,17532,17532,2,2
2024-01-09 15:05:16.001,17532,17532,17532,2,0
2024-01-09 15:05:16.001,17532,17532,17532,2,0
2024-01-09 15:05:17.001,17531,17531,17531,2,-2
2024-01-09 15:05:18.001,17532,17532,17532,14,14
2024-01-09 15:05:18.001,17532,17532,17532,4,0
2024-01-09 15:05:22.001,17533,17533,17533,2,2
2024-01-09 15:05:30.001,17532,17532,17532,2,-2
2024-01-09 15:05:33.001,17532,17532,17532,4,0
2024-01-09 15:05:34.001,17532,17532,17532,2,0
2024-01-09 15:05:38.001,17531,17531,17531,4,-4
2024-01-09 15:05:40.001,17532,17532,17532,8,8
2024-01-09 15:05:50.001,17532,17532,17532,6,0
2024-01-09 15:05:50.001,17533,17533,17533,2,2
2024-01-09 15:05:50.001,17533,17533,17533,2,0
2024-01-09 15:05:50.001,17531,17531,17531,2,-2
2024-01-09 15:05:50.001,17531,17531,17531,2,0
2024-01-09 15:05:50.001,17531,17531,17531,2,0
2024-01-09 15:05:50.001,17531,17531,17531,2,0
2024-01-09 15:05:50.001,17531,17531,17531,2,0
2024-01-09 15:05:50.001,17532,17532,17532,2,2
2024-01-09 15:06:00.001,17531,17531,17531,2,-2
2024-01-09 15:06:00.001,17531,17531,17531,2,0
2024-01-09 15:06:00.001,17532,17532,17532,4,4
2024-01-09 15:06:01.001,17531,17531,17531,2,-2
2024-01-09 15:06:01.001,17530,17530,17530,4,-4
2024-01-09 15:06:01.001,17530,17530,17530,4,0
2024-01-09 15:06:01.001,17532,17532,17532,4,4
2024-01-09 15:06:06.001,17532,17532,17532,2,0
2024-01-09 15:06:08.001,17532,17532,17532,2,0
2024-01-09 15:06:08.001,17532,17532,17532,42,0
2024-01-09 15:06:08.001,17533,17533,17533,2,2
2024-01-09 15:06:08.001,17533,17533,17533,2,0
2024-01-09 15:06:08.001,17532,17532,17532,4,-4
2024-01-09 15:06:08.001,17532,17532,17532,2,0
2024-01-09 15:06:09.001,17532,17532,17532,2,0
2024-01-09 15:06:10.001,17532,17532,17532,2,0
2024-01-09 15:06:15.001,17532,17532,17532,2,0
2024-01-09 15:06:15.001,17533,17533,17533,2,2
2024-01-09 15:06:15.001,17533,17533,17533,2,0
2024-01-09 15:06:15.001,17532,17532,17532,2,-2
2024-01-09 15:06:16.001,17532,17532,17532,2,0
2024-01-09 15:06:16.001,17532,17532,17532,2,0
2024-01-09 15:06:16.001,17532,17532,17532,2,0
2024-01-09 15:06:16.001,17532,17532,17532,2,0
2024-01-09 15:06:17.001,17532,17532,17532,2,0
2024-01-09 15:06:17.001,17532,17532,17532,2,0
2024-01-09 15:06:20.001,17532,17532,17532,4,0
2024-01-09 15:06:20.001,17533,17533,17533,10,10
2024-01-09 15:06:21.001,17531,17531,17531,2,-2
2024-01-09 15:06:27.001,17531,17531,17531,2,0
2024-01-09 15:06:27.001,17531,17531,17531,2,0
2024-01-09 15:06:27.001,17531,17531,17531,2,0
2024-01-09 15:06:27.001,17531,17531,17531,2,0
2024-01-09 15:06:27.001,17531,17531,17531,2,0
2024-01-09 15:06:27.001,17532,17532,17532,6,6
2024-01-09 15:06:31.001,17531,17531,17531,8,-8
2024-01-09 15:06:31.001,17531,17531,17531,2,0
2024-01-09 15:06:34.001,17532,17532,17532,2,2
2024-01-09 15:06:35.001,17532,17532,17532,8,0
2024-01-09 15:06:37.001,17531,17531,17531,2,-2
2024-01-09 15:06:39.001,17532,17532,17532,10,10
2024-01-09 15:06:44.001,17532,17532,17532,8,0
2024-01-09 15:06:44.001,17533,17533,17533,2,2
2024-01-09 15:06:44.001,17532,17532,17532,2,-2
2024-01-09 15:06:45.001,17532,17532,17532,2,0
2024-01-09 15:06:46.001,17532,17532,17532,2,0
2024-01-09 15:06:48.001,17533,17533,17533,30,30
2024-01-09 15:06:49.001,17534,17534,17534,10,10
2024-01-09 15:06:50.001,17534,17534,17534,2,0
2024-01-09 15:06:50.001,17534,17534,17534,6,0
2024-01-09 15:06:50.001,17534,17534,17534,2,0
2024-01-09 15:06:51.001,17534,17534,17534,2,0
2024-01-09 15:06:51.001,17534,17534,17534,2,0
2024-01-09 15:06:51.001,17535,17535,17535,14,14
2024-01-09 15:06:51.001,17534,17534,17534,2,-2
2024-01-09 15:06:53.001,17534,17534,17534,2,0
2024-01-09 15:06:54.001,17534,17534,17534,4,0
2024-01-09 15:06:56.001,17534,17534,17534,2,0
2024-01-09 15:06:57.001,17534,17534,17534,6,0
2024-01-09 15:06:57.001,17535,17535,17535,12,12
2024-01-09 15:06:57.001,17535,17535,17535,12,0
2024-01-09 15:06:57.001,17535,17535,17535,14,0
2024-01-09 15:06:58.001,17536,17536,17536,2,2
2024-01-09 15:06:58.001,17536,17536,17536,10,0
2024-01-09 15:06:58.001,17536,17536,17536,4,0
2024-01-09 15:07:03.001,17535,17535,17535,2,-2
2024-01-09 15:07:04.001,17535,17535,17535,12,0
2024-01-09 15:07:07.001,17535,17535,17535,4,0
2024-01-09 15:07:07.001,17534,17534,17534,2,-2
2024-01-09 15:07:10.001,17535,17535,17535,10,10
2024-01-09 15:07:12.001,17535,17535,17535,2,0
2024-01-09 15:07:13.001,17536,17536,17536,8,8
2024-01-09 15:07:17.001,17537,17537,17537,10,10
2024-01-09 15:07:17.001,17536,17536,17536,2,-2
2024-01-09 15:07:17.001,17536,17536,17536,2,0
2024-01-09 15:07:17.001,17536,17536,17536,2,0
2024-01-09 15:07:20.001,17536,17536,17536,2,0
2024-01-09 15:07:21.001,17536,17536,17536,2,0
2024-01-09 15:07:23.001,17536,17536,17536,2,0
2024-01-09 15:07:23.001,17536,17536,17536,2,0
2024-01-09 15:07:24.001,17536,17536,17536,2,0
2024-01-09 15:07:24.001,17537,17537,17537,2,2
2024-01-09 15:07:24.001,17536,17536,17536,2,-2
2024-01-09 15:07:26.001,17537,17537,17537,6,6
2024-01-09 15:07:29.001,17536,17536,17536,2,-2
2024-01-09 15:07:30.001,17537,17537,17537,2,2
2024-01-09 15:07:30.001,17537,17537,17537,2,0
2024-01-09 15:07:30.001,17537,17537,17537,32,0
2024-01-09 15:07:31.001,17537,17537,17537,2,0
2024-01-09 15:07:32.001,17538,17538,17538,2,2
2024-01-09 15:07:34.001,17538,17538,17538,2,0
2024-01-09 15:07:34.001,17538,17538,17538,2,0
2024-01-09 15:07:37.001,17538,17538,17538,2,0
2024-01-09 15:07:37.001,17538,17538,17538,10,0
2024-01-09 15:07:38.001,17538,17538,17538,6,0
2024-01-09 15:07:40.001,17539,17539,17539,4,4
2024-01-09 15:07:40.001,17539,17539,17539,2,0
2024-01-09 15:07:42.001,17539,17539,17539,14,0
2024-01-09 15:07:42.001,17540,17540,17540,6,6
2024-01-09 15:07:42.001,17540,17540,17540,10,0
2024-01-09 15:07:43.001,17540,17540,17540,4,0
2024-01-09 15:07:44.001,17539,17539,17539,2,-2
2024-01-09 15:07:45.001,17539,17539,17539,2,0
2024-01-09 15:07:47.001,17540,17540,17540,2,2
2024-01-09 15:07:47.001,17541,17541,17541,8,8
2024-01-09 15:07:48.001,17541,17541,17541,2,0
2024-01-09 15:07:49.001,17541,17541,17541,2,0
2024-01-09 15:07:50.001,17540,17540,17540,4,-4
2024-01-09 15:07:50.001,17539,17539,17539,2,-2
2024-01-09 15:07:50.001,17539,17539,17539,2,0
2024-01-09 15:07:50.001,17539,17539,17539,2,0
2024-01-09 15:07:50.001,17539,17539,17539,2,0
2024-01-09 15:07:50.001,17539,17539,17539,2,0
2024-01-09 15:07:50.001,17539,17539,17539,4,0
2024-01-09 15:07:50.001,17539,17539,17539,2,0
2024-01-09 15:07:51.001,17541,17541,17541,2,2
2024-01-09 15:07:52.001,17541,17541,17541,10,0
2024-01-09 15:07:52.001,17542,17542,17542,2,2
2024-01-09 15:07:52.001,17542,17542,17542,2,0
2024-01-09 15:07:54.001,17540,17540,17540,2,-2
2024-01-09 15:07:55.001,17542,17542,17542,2,2
2024-01-09 15:07:56.001,17541,17541,17541,2,-2
2024-01-09 15:07:56.001,17541,17541,17541,2,0
2024-01-09 15:07:56.001,17542,17542,17542,2,2
2024-01-09 15:07:56.001,17542,17542,17542,2,0
2024-01-09 15:07:57.001,17543,17543,17543,2,2
2024-01-09 15:08:00.001,17541,17541,17541,2,-2
2024-01-09 15:08:00.001,17541,17541,17541,2,0
2024-01-09 15:08:00.001,17541,17541,17541,2,0
2024-01-09 15:08:03.001,17541,17541,17541,2,0
2024-01-09 15:08:03.001,17541,17541,17541,4,0
2024-01-09 15:08:03.001,17541,17541,17541,2,0
2024-01-09 15:08:03.001,17541,17541,17541,4,0
2024-01-09 15:08:03.001,17541,17541,17541,4,0
2024-01-09 15:08:03.001,17541,17541,17541,2,0
2024-01-09 15:08:03.001,17541,17541,17541,2,0
2024-01-09 15:08:03.001,17541,17541,17541,2,0
2024-01-09 15:08:04.001,17541,17541,17541,2,0
2024-01-09 15:08:04.001,17542,17542,17542,6,6
2024-01-09 15:08:07.001,17541,17541,17541,2,-2
2024-01-09 15:08:07.001,17542,17542,17542,2,2
2024-01-09 15:08:09.001,17541,17541,17541,2,-2
2024-01-09 15:08:11.001,17541,17541,17541,2,0
2024-01-09 15:08:12.001,17540,17540,17540,20,-20
2024-01-09 15:08:12.001,17540,17540,17540,2,0
2024-01-09 15:08:12.001,17540,17540,17540,2,0
2024-01-09 15:08:12.001,17540,17540,17540,2,0
2024-01-09 15:08:12.001,17540,17540,17540,2,0
2024-01-09 15:08:12.001,17540,17540,17540,2,0
2024-01-09 15:08:12.001,17540,17540,17540,2,0
2024-01-09 15:08:12.001,17540,17540,17540,2,0
2024-01-09 15:08:12.001,17540,17540,17540,2,0
2024-01-09 15:08:12.001,17540,17540,17540,2,0
2024-01-09 15:08:13.001,17541,17541,17541,4,4
2024-01-09 15:08:13.001,17541,17541,17541,2,0
2024-01-09 15:08:18.001,17540,17540,17540,2,-2
2024-01-09 15:08:20.001,17541,17541,17541,4,4
2024-01-09 15:08:23.001,17541,17541,17541,6,0
2024-01-09 15:08:23.001,17541,17541,17541,2,0
2024-01-09 15:08:28.001,17541,17541,17541,2,0
2024-01-09 15:08:35.001,17542,17542,17542,2,2
2024-01-09 15:08:37.001,17541,17541,17541,6,-6
2024-01-09 15:08:40.001,17542,17542,17542,4,4
2024-01-09 15:08:40.001,17542,17542,17542,2,0
2024-01-09 15:08:41.001,17542,17542,17542,2,0
2024-01-09 15:08:42.001,17541,17541,17541,2,-2
2024-01-09 15:08:44.001,17542,17542,17542,2,2
2024-01-09 15:08:46.001,17541,17541,17541,2,-2
2024-01-09 15:08:47.001,17542,17542,17542,2,2
2024-01-09 15:08:48.001,17542,17542,17542,2,0
2024-01-09 15:08:48.001,17542,17542,17542,8,0
2024-01-09 15:08:51.001,17542,17542,17542,2,0
2024-01-09 15:08:53.001,17542,17542,17542,2,0
2024-01-09 15:08:54.001,17542,17542,17542,2,0
2024-01-09 15:08:56.001,17542,17542,17542,2,0
2024-01-09 15:08:57.001,17542,17542,17542,2,0
2024-01-09 15:08:59.001,17542,17542,17542,2,0
2024-01-09 15:09:00.001,17542,17542,17542,2,0
2024-01-09 15:09:00.001,17542,17542,17542,8,0
2024-01-09 15:09:00.001,17542,17542,17542,2,0
2024-01-09 15:09:00.001,17542,17542,17542,2,0
2024-01-09 15:09:00.001,17542,17542,17542,2,0
2024-01-09 15:09:00.001,17542,17542,17542,2,0
2024-01-09 15:09:02.001,17542,17542,17542,4,0
2024-01-09 15:09:02.001,17542,17542,17542,2,0
2024-01-09 15:09:05.001,17542,17542,17542,2,0
2024-01-09 15:09:05.001,17542,17542,17542,2,0
2024-01-09 15:09:05.001,17542,17542,17542,2,0
2024-01-09 15:09:05.001,17542,17542,17542,2,0
2024-01-09 15:09:07.001,17542,17542,17542,4,0
2024-01-09 15:09:09.001,17542,17542,17542,2,0
2024-01-09 15:09:09.001,17542,17542,17542,2,0
2024-01-09 15:09:12.001,17541,17541,17541,2,-2
2024-01-09 15:09:13.001,17542,17542,17542,10,10
2024-01-09 15:09:18.001,17542,17542,17542,2,0
2024-01-09 15:09:18.001,17541,17541,17541,2,-2
2024-01-09 15:09:20.001,17543,17543,17543,6,6
2024-01-09 15:09:21.001,17542,17542,17542,2,-2
2024-01-09 15:09:29.001,17542,17542,17542,2,0
2024-01-09 15:09:29.001,17542,17542,17542,2,0
2024-01-09 15:09:37.001,17543,17543,17543,2,2
2024-01-09 15:09:39.001,17543,17543,17543,2,0
2024-01-09 15:09:43.001,17542,17542,17542,2,-2
2024-01-09 15:09:55.001,17542,17542,17542,2,0
2024-01-09 15:09:55.001,17542,17542,17542,2,0
2024-01-09 15:09:58.001,17543,17543,17543,2,2
2024-01-09 15:10:00.001,17543,17543,17543,2,0
2024-01-09 15:10:00.001,17543,17543,17543,2,0
2024-01-09 15:10:00.001,17543,17543,17543,8,0
2024-01-09 15:10:00.001,17543,17543,17543,2,0
2024-01-09 15:10:00.001,17544,17544,17544,2,2
2024-01-09 15:10:00.001,17544,17544,17544,16,0
2024-01-09 15:10:01.001,17542,17542,17542,2,-2
2024-01-09 15:10:01.001,17542,17542,17542,4,0
2024-01-09 15:10:01.001,17542,17542,17542,4,0
2024-01-09 15:10:16.001,17542,17542,17542,2,0
2024-01-09 15:10:34.001,17542,17542,17542,2,0
2024-01-09 15:10:34.001,17542,17542,17542,2,0
2024-01-09 15:10:34.001,17542,17542,17542,2,0
2024-01-09 15:10:39.001,17541,17541,17541,2,-2
2024-01-09 15:10:39.001,17541,17541,17541,2,0
2024-01-09 15:10:39.001,17541,17541,17541,2,0
2024-01-09 15:10:43.001,17541,17541,17541,2,0
2024-01-09 15:10:43.001,17541,17541,17541,2,0
2024-01-09 15:10:44.001,17540,17540,17540,2,-2
2024-01-09 15:10:44.001,17541,17541,17541,6,6
2024-01-09 15:10:44.001,17541,17541,17541,2,0
2024-01-09 15:10:44.001,17541,17541,17541,2,0
2024-01-09 15:10:44.001,17541,17541,17541,2,0
2024-01-09 15:10:45.001,17540,17540,17540,2,-2
2024-01-09 15:10:45.001,17540,17540,17540,2,0
2024-01-09 15:10:49.001,17540,17540,17540,4,0
2024-01-09 15:10:50.001,17540,17540,17540,4,0
2024-01-09 15:10:50.001,17540,17540,17540,2,0
2024-01-09 15:10:50.001,17540,17540,17540,4,0
2024-01-09 15:10:50.001,17540,17540,17540,2,0
2024-01-09 15:10:50.001,17540,17540,17540,2,0
2024-01-09 15:10:51.001,17540,17540,17540,2,0
2024-01-09 15:10:52.001,17540,17540,17540,2,0
2024-01-09 15:10:52.001,17539,17539,17539,2,-2
2024-01-09 15:10:55.001,17540,17540,17540,2,2
2024-01-09 15:11:00.001,17540,17540,17540,2,0
2024-01-09 15:11:01.001,17540,17540,17540,4,0
2024-01-09 15:11:25.001,17541,17541,17541,2,2
2024-01-09 15:11:41.001,17541,17541,17541,4,0
2024-01-09 15:11:51.001,17541,17541,17541,2,0
2024-01-09 15:11:51.001,17541,17541,17541,2,0
2024-01-09 15:11:56.001,17541,17541,17541,2,0
2024-01-09 15:12:06.001,17541,17541,17541,2,0
2024-01-09 15:12:06.001,17540,17540,17540,2,-2
2024-01-09 15:12:08.001,17540,17540,17540,2,0
2024-01-09 15:12:12.001,17540,17540,17540,2,0
2024-01-09 15:12:14.001,17540,17540,17540,2,0
2024-01-09 15:12:16.001,17540,17540,17540,2,0
2024-01-09 15:12:16.001,17540,17540,17540,2,0
2024-01-09 15:12:16.001,17540,17540,17540,2,0
2024-01-09 15:12:16.001,17540,17540,17540,2,0
2024-01-09 15:12:19.001,17541,17541,17541,2,2
2024-01-09 15:12:24.001,17539,17539,17539,2,-2
2024-01-09 15:12:29.001,17540,17540,17540,2,2
2024-01-09 15:12:41.001,17539,17539,17539,2,-2
2024-01-09 15:12:41.001,17539,17539,17539,2,0
2024-01-09 15:12:41.001,17539,17539,17539,2,0
2024-01-09 15:12:41.001,17539,17539,17539,4,0
2024-01-09 15:12:41.001,17539,17539,17539,8,0
2024-01-09 15:12:41.001,17539,17539,17539,2,0
2024-01-09 15:12:41.001,17539,17539,17539,2,0
2024-01-09 15:12:41.001,17539,17539,17539,2,0
2024-01-09 15:12:41.001,17539,17539,17539,2,0
2024-01-09 15:12:41.001,17539,17539,17539,2,0
2024-01-09 15:12:41.001,17539,17539,17539,2,0
2024-01-09 15:12:41.001,17539,17539,17539,2,0
2024-01-09 15:12:52.001,17538,17538,17538,2,-2
2024-01-09 15:12:53.001,17539,17539,17539,2,2
2024-01-09 15:12:59.001,17539,17539,17539,2,0
2024-01-09 15:12:59.001,17539,17539,17539,2,0
2024-01-09 15:12:59.001,17539,17539,17539,2,0
2024-01-09 15:12:59.001,17539,17539,17539,2,0
2024-01-09 15:13:24.001,17540,17540,17540,2,2
2024-01-09 15:13:26.001,17540,17540,17540,24,0
2024-01-09 15:13:26.001,17541,17541,17541,2,2
2024-01-09 15:13:26.001,17541,17541,17541,6,0
2024-01-09 15:13:28.001,17541,17541,17541,2,0
2024-01-09 15:13:43.001,17542,17542,17542,2,2
2024-01-09 15:13:43.001,17542,17542,17542,2,0
2024-01-09 15:13:43.001,17542,17542,17542,2,0
2024-01-09 15:13:43.001,17542,17542,17542,12,0
2024-01-09 15:13:43.001,17542,17542,17542,2,0
2024-01-09 15:13:43.001,17542,17542,17542,4,0
2024-01-09 15:13:52.001,17542,17542,17542,2,0
2024-01-09 15:13:52.001,17542,17542,17542,2,0
2024-01-09 15:13:52.001,17542,17542,17542,2,0
2024-01-09 15:13:53.001,17541,17541,17541,4,-4
2024-01-09 15:13:53.001,17541,17541,17541,2,0
2024-01-09 15:13:53.001,17541,17541,17541,2,0
2024-01-09 15:13:53.001,17541,17541,17541,14,0
2024-01-09 15:14:04.001,17540,17540,17540,2,-2
2024-01-09 15:14:04.001,17540,17540,17540,2,0
2024-01-09 15:14:04.001,17540,17540,17540,2,0
2024-01-09 15:14:04.001,17539,17539,17539,2,-2
2024-01-09 15:14:05.001,17540,17540,17540,2,2
2024-01-09 15:14:05.001,17540,17540,17540,2,0
2024-01-09 15:14:05.001,17541,17541,17541,2,2
2024-01-09 15:14:05.001,17541,17541,17541,2,0
2024-01-09 15:14:10.001,17539,17539,17539,2,-2
2024-01-09 15:14:10.001,17539,17539,17539,2,0
2024-01-09 15:14:11.001,17538,17538,17538,2,-2
2024-01-09 15:14:11.001,17538,17538,17538,2,0
2024-01-09 15:14:11.001,17538,17538,17538,2,0
2024-01-09 15:14:11.001,17538,17538,17538,2,0
2024-01-09 15:14:11.001,17538,17538,17538,2,0
2024-01-09 15:14:11.001,17538,17538,17538,2,0
2024-01-09 15:14:11.001,17538,17538,17538,2,0
2024-01-09 15:14:11.001,17538,17538,17538,2,0
2024-01-09 15:14:22.001,17538,17538,17538,32,0
2024-01-09 15:14:22.001,17539,17539,17539,42,42
2024-01-09 15:14:31.001,17540,17540,17540,36,36
2024-01-09 15:14:33.001,17541,17541,17541,12,12
2024-01-09 15:14:33.001,17542,17542,17542,2,2
2024-01-09 15:14:33.001,17542,17542,17542,4,0
2024-01-09 15:14:38.001,17541,17541,17541,24,-24
2024-01-09 15:14:38.001,17541,17541,17541,2,0
2024-01-09 15:14:43.001,17540,17540,17540,2,-2
2024-01-09 15:14:45.001,17541,17541,17541,22,22
2024-01-09 15:14:45.001,17542,17542,17542,14,14
2024-01-09 15:14:47.001,17541,17541,17541,2,-2
2024-01-09 15:14:48.001,17542,17542,17542,2,2
2024-01-09 15:14:48.001,17541,17541,17541,2,-2
2024-01-09 15:14:49.001,17542,17542,17542,8,8
2024-01-09 15:14:50.001,17543,17543,17543,2,2
2024-01-09 15:14:50.001,17542,17542,17542,2,-2
2024-01-09 15:14:51.001,17542,17542,17542,4,0
2024-01-09 15:14:57.001,17542,17542,17542,2,0
2024-01-09 15:15:00.001,17542,17542,17542,4,0
2024-01-09 15:15:00.001,17541,17541,17541,2,-2
2024-01-09 15:15:00.001,17541,17541,17541,2,0
2024-01-09 15:15:00.001,17541,17541,17541,2,0
2024-01-09 15:15:00.001,17541,17541,17541,2,0
2024-01-09 15:15:00.001,17541,17541,17541,2,0
2024-01-09 15:15:00.001,17542,17542,17542,2,2
2024-01-09 15:15:00.001,17541,17541,17541,2,-2
2024-01-09 15:15:00.001,17541,17541,17541,2,0
2024-01-09 15:15:00.001,17541,17541,17541,2,0
2024-01-09 15:15:03.001,17542,17542,17542,2,2
2024-01-09 15:15:05.001,17542,17542,17542,2,0
2024-01-09 15:15:05.001,17543,17543,17543,2,2
2024-01-09 15:15:05.001,17541,17541,17541,2,-2
2024-01-09 15:15:05.001,17543,17543,17543,12,12
2024-01-09 15:15:05.001,17543,17543,17543,12,0
2024-01-09 15:15:17.001,17542,17542,17542,2,-2
2024-01-09 15:15:23.001,17542,17542,17542,2,0
2024-01-09 15:15:23.001,17542,17542,17542,2,0
2024-01-09 15:15:24.001,17543,17543,17543,2,2
2024-01-09 15:15:26.001,17543,17543,17543,2,0
2024-01-09 15:15:40.001,17543,17543,17543,2,0
2024-01-09 15:15:56.001,17543,17543,17543,2,0
2024-01-09 15:15:56.001,17543,17543,17543,4,0
2024-01-09 15:16:01.001,17543,17543,17543,2,0
2024-01-09 15:16:02.001,17543,17543,17543,2,0
2024-01-09 15:16:02.001,17544,17544,17544,2,2
2024-01-09 15:16:02.001,17544,17544,17544,2,0
2024-01-09 15:16:02.001,17544,17544,17544,2,0
2024-01-09 15:16:02.001,17542,17542,17542,2,-2
2024-01-09 15:16:02.001,17544,17544,17544,2,2
2024-01-09 15:16:02.001,17544,17544,17544,2,0
2024-01-09 15:16:02.001,17544,17544,17544,2,0
2024-01-09 15:16:02.001,17545,17545,17545,2,2
2024-01-09 15:16:02.001,17545,17545,17545,2,0
2024-01-09 15:16:02.001,17545,17545,17545,2,0
2024-01-09 15:16:02.001,17544,17544,17544,2,-2
2024-01-09 15:16:02.001,17544,17544,17544,2,0
2024-01-09 15:16:02.001,17545,17545,17545,2,2
2024-01-09 15:16:02.001,17545,17545,17545,2,0
2024-01-09 15:16:02.001,17545,17545,17545,2,0
2024-01-09 15:16:02.001,17543,17543,17543,2,-2
2024-01-09 15:16:02.001,17545,17545,17545,4,4
2024-01-09 15:16:02.001,17543,17543,17543,2,-2
2024-01-09 15:16:02.001,17543,17543,17543,2,0
2024-01-09 15:16:03.001,17544,17544,17544,2,2
2024-01-09 15:16:03.001,17544,17544,17544,2,0
2024-01-09 15:16:03.001,17544,17544,17544,2,0
2024-01-09 15:16:03.001,17544,17544,17544,2,0
2024-01-09 15:16:03.001,17544,17544,17544,2,0
2024-01-09 15:16:03.001,17544,17544,17544,2,0
2024-01-09 15:16:03.001,17544,17544,17544,2,0
2024-01-09 15:16:04.001,17544,17544,17544,10,0
2024-01-09 15:16:14.001,17543,17543,17543,2,-2
2024-01-09 15:16:15.001,17544,17544,17544,2,2
2024-01-09 15:16:16.001,17544,17544,17544,2,0
2024-01-09 15:16:16.001,17544,17544,17544,2,0
2024-01-09 15:16:16.001,17545,17545,17545,2,2
2024-01-09 15:16:16.001,17545,17545,17545,2,0
2024-01-09 15:16:16.001,17545,17545,17545,2,0
2024-01-09 15:16:16.001,17545,17545,17545,2,0
2024-01-09 15:16:16.001,17545,17545,17545,2,0
2024-01-09 15:16:16.001,17545,17545,17545,2,0
2024-01-09 15:16:18.001,17545,17545,17545,6,0
2024-01-09 15:16:22.001,17545,17545,17545,2,0
2024-01-09 15:16:25.001,17545,17545,17545,4,0
2024-01-09 15:16:26.001,17545,17545,17545,2,0
2024-01-09 15:16:28.001,17545,17545,17545,2,0
2024-01-09 15:16:28.001,17546,17546,17546,2,2
2024-01-09 15:16:28.001,17546,17546,17546,2,0
2024-01-09 15:16:28.001,17544,17544,17544,4,-4
2024-01-09 15:16:28.001,17544,17544,17544,4,0
2024-01-09 15:16:28.001,17545,17545,17545,4,4
2024-01-09 15:16:30.001,17545,17545,17545,2,0
2024-01-09 15:16:30.001,17545,17545,17545,2,0
2024-01-09 15:16:30.001,17545,17545,17545,2,0
2024-01-09 15:16:30.001,17545,17545,17545,2,0
2024-01-09 15:16:40.001,17545,17545,17545,2,0
2024-01-09 15:16:45.001,17545,17545,17545,2,0
2024-01-09 15:16:45.001,17546,17546,17546,2,2
2024-01-09 15:16:45.001,17546,17546,17546,2,0
2024-01-09 15:16:45.001,17546,17546,17546,2,0
2024-01-09 15:16:45.001,17546,17546,17546,2,0
2024-01-09 15:16:54.001,17545,17545,17545,2,-2
2024-01-09 15:16:54.001,17545,17545,17545,2,0
2024-01-09 15:17:00.001,17545,17545,17545,2,0
2024-01-09 15:17:00.001,17546,17546,17546,2,2
2024-01-09 15:17:00.001,17546,17546,17546,2,0
2024-01-09 15:17:00.001,17546,17546,17546,2,0
2024-01-09 15:17:00.001,17546,17546,17546,2,0
2024-01-09 15:17:00.001,17545,17545,17545,2,-2
2024-01-09 15:17:00.001,17544,17544,17544,4,-4
2024-01-09 15:17:19.001,17544,17544,17544,4,0
2024-01-09 15:17:19.001,17544,17544,17544,4,0
2024-01-09 15:17:19.001,17544,17544,17544,2,0
2024-01-09 15:17:19.001,17545,17545,17545,4,4
2024-01-09 15:17:22.001,17545,17545,17545,2,0
2024-01-09 15:17:22.001,17546,17546,17546,4,4
2024-01-09 15:17:22.001,17546,17546,17546,2,0
2024-01-09 15:17:22.001,17546,17546,17546,2,0
2024-01-09 15:17:28.001,17544,17544,17544,2,-2
2024-01-09 15:17:28.001,17544,17544,17544,2,0
2024-01-09 15:17:28.001,17544,17544,17544,2,0
2024-01-09 15:17:28.001,17544,17544,17544,2,0
2024-01-09 15:17:28.001,17545,17545,17545,2,2
2024-01-09 15:17:29.001,17544,17544,17544,2,-2
2024-01-09 15:17:29.001,17545,17545,17545,2,2
2024-01-09 15:17:29.001,17543,17543,17543,2,-2
2024-01-09 15:17:29.001,17543,17543,17543,2,0
2024-01-09 15:17:29.001,17543,17543,17543,2,0
2024-01-09 15:17:29.001,17543,17543,17543,2,0
2024-01-09 15:17:29.001,17543,17543,17543,4,0
2024-01-09 15:17:31.001,17543,17543,17543,2,0
2024-01-09 15:17:31.001,17543,17543,17543,2,0
2024-01-09 15:17:31.001,17543,17543,17543,8,0
2024-01-09 15:17:31.001,17543,17543,17543,2,0
2024-01-09 15:17:31.001,17543,17543,17543,2,0
2024-01-09 15:17:31.001,17542,17542,17542,4,-4
2024-01-09 15:17:31.001,17542,17542,17542,4,0
2024-01-09 15:17:31.001,17542,17542,17542,4,0
2024-01-09 15:17:31.001,17542,17542,17542,2,0
2024-01-09 15:17:31.001,17542,17542,17542,2,0
2024-01-09 15:17:31.001,17542,17542,17542,2,0
2024-01-09 15:17:31.001,17542,17542,17542,2,0
2024-01-09 15:17:31.001,17542,17542,17542,2,0
2024-01-09 15:17:31.001,17542,17542,17542,4,0
2024-01-09 15:17:31.001,17542,17542,17542,2,0
2024-01-09 15:17:31.001,17542,17542,17542,2,0
2024-01-09 15:17:31.001,17542,17542,17542,2,0
2024-01-09 15:17:31.001,17542,17542,17542,2,0
2024-01-09 15:17:31.001,17542,17542,17542,6,0
2024-01-09 15:17:31.001,17542,17542,17542,6,0
2024-01-09 15:17:31.001,17542,17542,17542,4,0
2024-01-09 15:17:31.001,17542,17542,17542,4,0
2024-01-09 15:17:31.001,17542,17542,17542,4,0
2024-01-09 15:17:31.001,17542,17542,17542,4,0
2024-01-09 15:17:31.001,17542,17542,17542,2,0
2024-01-09 15:17:31.001,17542,17542,17542,2,0
2024-01-09 15:17:31.001,17541,17541,17541,4,-4
2024-01-09 15:17:31.001,17541,17541,17541,4,0
2024-01-09 15:17:31.001,17541,17541,17541,4,0
2024-01-09 15:17:31.001,17541,17541,17541,2,0
2024-01-09 15:17:31.001,17541,17541,17541,2,0
2024-01-09 15:17:31.001,17541,17541,17541,2,0
2024-01-09 15:17:31.001,17541,17541,17541,2,0
2024-01-09 15:17:31.001,17541,17541,17541,2,0
2024-01-09 15:17:31.001,17541,17541,17541,2,0
2024-01-09 15:17:31.001,17541,17541,17541,4,0
2024-01-09 15:17:31.001,17541,17541,17541,4,0
2024-01-09 15:17:31.001,17541,17541,17541,4,0
2024-01-09 15:17:31.001,17541,17541,17541,4,0
2024-01-09 15:17:31.001,17541,17541,17541,2,0
2024-01-09 15:17:31.001,17541,17541,17541,2,0
2024-01-09 15:17:31.001,17541,17541,17541,2,0
2024-01-09 15:17:31.001,17541,17541,17541,4,0
2024-01-09 15:17:31.001,17541,17541,17541,2,0
2024-01-09 15:17:31.001,17541,17541,17541,4,0
2024-01-09 15:17:31.001,17541,17541,17541,2,0
2024-01-09 15:17:31.001,17541,17541,17541,2,0
2024-01-09 15:17:31.001,17541,17541,17541,2,0
2024-01-09 15:17:31.001,17541,17541,17541,10,0
2024-01-09 15:17:32.001,17541,17541,17541,2,0
2024-01-09 15:17:32.001,17541,17541,17541,2,0
2024-01-09 15:17:32.001,17541,17541,17541,2,0
2024-01-09 15:17:32.001,17541,17541,17541,4,0
2024-01-09 15:17:32.001,17541,17541,17541,2,0
2024-01-09 15:17:32.001,17541,17541,17541,4,0
2024-01-09 15:17:32.001,17541,17541,17541,2,0
2024-01-09 15:17:32.001,17541,17541,17541,4,0
2024-01-09 15:17:32.001,17541,17541,17541,4,0
2024-01-09 15:17:32.001,17541,17541,17541,2,0
2024-01-09 15:17:32.001,17541,17541,17541,4,0
2024-01-09 15:17:32.001,17541,17541,17541,2,0
2024-01-09 15:17:32.001,17541,17541,17541,2,0
2024-01-09 15:17:32.001,17541,17541,17541,12,0
2024-01-09 15:17:32.001,17541,17541,17541,2,0
2024-01-09 15:17:33.001,17541,17541,17541,12,0
2024-01-09 15:17:33.001,17541,17541,17541,2,0
2024-01-09 15:17:33.001,17541,17541,17541,4,0
2024-01-09 15:17:33.001,17541,17541,17541,4,0
2024-01-09 15:17:33.001,17541,17541,17541,4,0
2024-01-09 15:17:33.001,17541,17541,17541,2,0
2024-01-09 15:17:33.001,17541,17541,17541,2,0
2024-01-09 15:17:33.001,17541,17541,17541,4,0
2024-01-09 15:17:33.001,17541,17541,17541,4,0
2024-01-09 15:17:33.001,17541,17541,17541,2,0
2024-01-09 15:17:33.001,17540,17540,17540,4,-4
2024-01-09 15:17:33.001,17540,17540,17540,2,0
2024-01-09 15:17:33.001,17540,17540,17540,2,0
2024-01-09 15:17:35.001,17540,17540,17540,2,0
2024-01-09 15:17:35.001,17540,17540,17540,2,0
2024-01-09 15:17:35.001,17540,17540,17540,2,0
2024-01-09 15:17:35.001,17540,17540,17540,2,0
2024-01-09 15:17:35.001,17540,17540,17540,4,0
2024-01-09 15:17:36.001,17539,17539,17539,2,-2
2024-01-09 15:17:36.001,17539,17539,17539,2,0
2024-01-09 15:17:36.001,17539,17539,17539,2,0
2024-01-09 15:17:36.001,17539,17539,17539,2,0
2024-01-09 15:17:37.001,17539,17539,17539,4,0
2024-01-09 15:17:37.001,17539,17539,17539,2,0
2024-01-09 15:17:38.001,17539,17539,17539,2,0
2024-01-09 15:17:39.001,17538,17538,17538,2,-2
2024-01-09 15:17:39.001,17538,17538,17538,2,0
2024-01-09 15:17:39.001,17538,17538,17538,2,0
2024-01-09 15:17:39.001,17537,17537,17537,2,-2
2024-01-09 15:17:39.001,17536,17536,17536,2,-2
2024-01-09 15:17:40.001,17536,17536,17536,2,0
2024-01-09 15:17:40.001,17536,17536,17536,2,0
2024-01-09 15:17:40.001,17536,17536,17536,2,0
2024-01-09 15:17:40.001,17536,17536,17536,8,0
2024-01-09 15:17:41.001,17536,17536,17536,2,0
2024-01-09 15:17:41.001,17536,17536,17536,2,0
2024-01-09 15:17:42.001,17536,17536,17536,2,0
2024-01-09 15:17:42.001,17536,17536,17536,2,0
2024-01-09 15:17:42.001,17536,17536,17536,2,0
2024-01-09 15:17:42.001,17535,17535,17535,4,-4
2024-01-09 15:17:42.001,17535,17535,17535,4,0
2024-01-09 15:17:42.001,17535,17535,17535,4,0
2024-01-09 15:17:42.001,17535,17535,17535,4,0
2024-01-09 15:17:42.001,17535,17535,17535,4,0
2024-01-09 15:17:42.001,17535,17535,17535,6,0
2024-01-09 15:17:42.001,17535,17535,17535,10,0
2024-01-09 15:17:42.001,17535,17535,17535,2,0
2024-01-09 15:17:42.001,17535,17535,17535,4,0
2024-01-09 15:17:42.001,17535,17535,17535,2,0
2024-01-09 15:17:42.001,17535,17535,17535,2,0
2024-01-09 15:17:42.001,17535,17535,17535,2,0
2024-01-09 15:17:42.001,17535,17535,17535,4,0
2024-01-09 15:17:42.001,17534,17534,17534,2,-2
2024-01-09 15:17:42.001,17534,17534,17534,2,0
2024-01-09 15:17:42.001,17534,17534,17534,2,0
2024-01-09 15:17:42.001,17534,17534,17534,4,0
2024-01-09 15:17:42.001,17533,17533,17533,2,-2
2024-01-09 15:17:42.001,17533,17533,17533,2,0
2024-01-09 15:17:43.001,17533,17533,17533,2,0
2024-01-09 15:17:43.001,17533,17533,17533,2,0
2024-01-09 15:17:43.001,17533,17533,17533,2,0
2024-01-09 15:17:43.001,17533,17533,17533,2,0
2024-01-09 15:17:44.001,17533,17533,17533,2,0
2024-01-09 15:17:44.001,17533,17533,17533,4,0
2024-01-09 15:17:44.001,17533,17533,17533,2,0
2024-01-09 15:17:45.001,17533,17533,17533,2,0
2024-01-09 15:17:45.001,17533,17533,17533,2,0
2024-01-09 15:17:45.001,17533,17533,17533,2,0
2024-01-09 15:17:45.001,17533,17533,17533,2,0
2024-01-09 15:17:45.001,17533,17533,17533,2,0
2024-01-09 15:17:45.001,17532,17532,17532,4,-4
2024-01-09 15:17:45.001,17532,17532,17532,4,0
2024-01-09 15:17:46.001,17532,17532,17532,2,0
2024-01-09 15:17:47.001,17532,17532,17532,2,0
2024-01-09 15:17:47.001,17532,17532,17532,2,0
2024-01-09 15:17:47.001,17532,17532,17532,2,0
2024-01-09 15:17:48.001,17532,17532,17532,2,0
2024-01-09 15:17:48.001,17533,17533,17533,6,6
2024-01-09 15:17:48.001,17532,17532,17532,2,-2
2024-01-09 15:17:48.001,17532,17532,17532,4,0
2024-01-09 15:17:49.001,17532,17532,17532,2,0
2024-01-09 15:17:49.001,17533,17533,17533,2,2
2024-01-09 15:17:49.001,17533,17533,17533,2,0
2024-01-09 15:17:50.001,17533,17533,17533,2,0
2024-01-09 15:17:50.001,17533,17533,17533,2,0
2024-01-09 15:17:50.001,17533,17533,17533,2,0
2024-01-09 15:17:51.001,17532,17532,17532,2,-2
2024-01-09 15:17:51.001,17532,17532,17532,4,0
2024-01-09 15:17:51.001,17532,17532,17532,2,0
2024-01-09 15:17:51.001,17532,17532,17532,2,0
2024-01-09 15:17:51.001,17534,17534,17534,2,2
2024-01-09 15:17:51.001,17533,17533,17533,2,-2
2024-01-09 15:17:51.001,17533,17533,17533,2,0
2024-01-09 15:17:52.001,17534,17534,17534,88,88
2024-01-09 15:17:52.001,17534,17534,17534,10,0
2024-01-09 15:17:52.001,17535,17535,17535,2,2
2024-01-09 15:17:52.001,17535,17535,17535,2,0
2024-01-09 15:17:52.001,17535,17535,17535,2,0
2024-01-09 15:17:52.001,17535,17535,17535,4,0
2024-01-09 15:17:53.001,17535,17535,17535,8,0
2024-01-09 15:17:53.001,17535,17535,17535,2,0
2024-01-09 15:17:53.001,17535,17535,17535,4,0
2024-01-09 15:17:53.001,17535,17535,17535,2,0
2024-01-09 15:17:53.001,17535,17535,17535,4,0
2024-01-09 15:17:54.001,17534,17534,17534,2,-2
2024-01-09 15:17:55.001,17535,17535,17535,2,2
2024-01-09 15:17:56.001,17533,17533,17533,2,-2
2024-01-09 15:17:56.001,17533,17533,17533,4,0
2024-01-09 15:17:56.001,17532,17532,17532,4,-4
2024-01-09 15:17:56.001,17532,17532,17532,2,0
2024-01-09 15:17:56.001,17532,17532,17532,4,0
2024-01-09 15:17:56.001,17532,17532,17532,2,0
2024-01-09 15:17:57.001,17532,17532,17532,4,0
2024-01-09 15:17:57.001,17532,17532,17532,2,0
2024-01-09 15:17:57.001,17532,17532,17532,4,0
2024-01-09 15:17:57.001,17531,17531,17531,2,-2
2024-01-09 15:17:57.001,17532,17532,17532,2,2
2024-01-09 15:17:57.001,17533,17533,17533,4,4
2024-01-09 15:17:58.001,17531,17531,17531,2,-2
2024-01-09 15:17:58.001,17531,17531,17531,2,0
2024-01-09 15:17:58.001,17531,17531,17531,2,0
2024-01-09 15:17:58.001,17531,17531,17531,4,0
2024-01-09 15:17:58.001,17531,17531,17531,4,0
2024-01-09 15:17:58.001,17531,17531,17531,2,0
2024-01-09 15:17:58.001,17531,17531,17531,2,0
2024-01-09 15:17:58.001,17530,17530,17530,2,-2
2024-01-09 15:17:58.001,17530,17530,17530,6,0
2024-01-09 15:17:58.001,17530,17530,17530,2,0
2024-01-09 15:17:58.001,17530,17530,17530,2,0
2024-01-09 15:17:58.001,17530,17530,17530,2,0
2024-01-09 15:17:58.001,17530,17530,17530,4,0
2024-01-09 15:17:58.001,17530,17530,17530,2,0
2024-01-09 15:17:58.001,17530,17530,17530,2,0
2024-01-09 15:17:58.001,17530,17530,17530,2,0
2024-01-09 15:17:58.001,17530,17530,17530,2,0
2024-01-09 15:17:59.001,17530,17530,17530,2,0
2024-01-09 15:17:59.001,17530,17530,17530,2,0
2024-01-09 15:17:59.001,17531,17531,17531,2,2
2024-01-09 15:18:00.001,17530,17530,17530,2,-2
2024-01-09 15:18:00.001,17531,17531,17531,2,2
2024-01-09 15:18:00.001,17531,17531,17531,2,0
2024-01-09 15:18:00.001,17530,17530,17530,2,-2
2024-01-09 15:18:00.001,17530,17530,17530,2,0
2024-01-09 15:18:00.001,17530,17530,17530,2,0
2024-01-09 15:18:00.001,17530,17530,17530,2,0
2024-01-09 15:18:00.001,17529,17529,17529,2,-2
2024-01-09 15:18:00.001,17530,17530,17530,4,4
2024-01-09 15:18:00.001,17529,17529,17529,4,-4
2024-01-09 15:18:01.001,17529,17529,17529,2,0
2024-01-09 15:18:01.001,17529,17529,17529,4,0
2024-01-09 15:18:01.001,17529,17529,17529,4,0
2024-01-09 15:18:01.001,17529,17529,17529,4,0
2024-01-09 15:18:01.001,17529,17529,17529,6,0
2024-01-09 15:18:01.001,17529,17529,17529,2,0
2024-01-09 15:18:01.001,17529,17529,17529,6,0
2024-01-09 15:18:01.001,17529,17529,17529,2,0
2024-01-09 15:18:01.001,17529,17529,17529,8,0
2024-01-09 15:18:01.001,17529,17529,17529,6,0
2024-01-09 15:18:02.001,17529,17529,17529,2,0
2024-01-09 15:18:02.001,17529,17529,17529,2,0
2024-01-09 15:18:02.001,17529,17529,17529,4,0
2024-01-09 15:18:02.001,17529,17529,17529,2,0
2024-01-09 15:18:02.001,17529,17529,17529,2,0
2024-01-09 15:18:02.001,17529,17529,17529,2,0
2024-01-09 15:18:02.001,17529,17529,17529,2,0
2024-01-09 15:18:02.001,17529,17529,17529,2,0
2024-01-09 15:18:02.001,17529,17529,17529,4,0
2024-01-09 15:18:02.001,17529,17529,17529,2,0
2024-01-09 15:18:02.001,17529,17529,17529,2,0
2024-01-09 15:18:02.001,17529,17529,17529,4,0
2024-01-09 15:18:02.001,17529,17529,17529,2,0
2024-01-09 15:18:02.001,17529,17529,17529,2,0
2024-01-09 15:18:02.001,17529,17529,17529,4,0
2024-01-09 15:18:02.001,17529,17529,17529,2,0
2024-01-09 15:18:02.001,17529,17529,17529,2,0
2024-01-09 15:18:02.001,17529,17529,17529,2,0
2024-01-09 15:18:02.001,17529,17529,17529,2,0
2024-01-09 15:18:03.001,17528,17528,17528,2,-2
2024-01-09 15:18:03.001,17528,17528,17528,2,0
2024-01-09 15:18:03.001,17529,17529,17529,2,2
2024-01-09 15:18:04.001,17528,17528,17528,2,-2
2024-01-09 15:18:04.001,17528,17528,17528,2,0
2024-01-09 15:18:04.001,17528,17528,17528,2,0
2024-01-09 15:18:04.001,17528,17528,17528,2,0
2024-01-09 15:18:04.001,17528,17528,17528,2,0
