2025-02-11 15:00:00.009,23335,23336,23333,40,-40
2025-02-11 15:00:00.016,23329,23333,23333,1,1
2025-02-11 15:00:00.027,23329,23333,23333,1,1
2025-02-11 15:00:00.027,23329,23333,23334,1,1
2025-02-11 15:00:00.048,23333,23334,23334,1,1
2025-02-11 15:00:00.052,23333,23334,23334,1,1
2025-02-11 15:00:00.055,23333,23334,23335,1,1
2025-02-11 15:00:00.055,23333,23334,23335,1,1
2025-02-11 15:00:00.058,23333,23334,23336,2,2
2025-02-11 15:00:00.159,23335,23337,23337,1,1
2025-02-11 15:00:00.159,23335,23337,23337,3,3
2025-02-11 15:00:00.173,23335,23337,23334,2,-2
2025-02-11 15:00:00.173,23335,23337,23335,1,-1
2025-02-11 15:00:00.199,23335,23337,23334,1,-1
2025-02-11 15:00:00.240,23333,23338,23333,2,-2
2025-02-11 15:00:00.245,23333,23338,23333,3,-3
2025-02-11 15:00:00.246,23333,23338,23329,1,-1
2025-02-11 15:00:00.324,23333,23338,23338,1,1
2025-02-11 15:00:00.368,23329,23339,23329,1,-1
2025-02-11 15:00:00.407,23329,23339,23329,2,-2
2025-02-11 15:00:00.407,23329,23339,23328,1,-1
2025-02-11 15:00:00.411,23329,23339,23328,2,-2
2025-02-11 15:00:00.433,23329,23339,23326,3,-3
2025-02-11 15:00:00.440,23329,23339,23321,1,-1
2025-02-11 15:00:00.440,23329,23339,23322,2,-2
2025-02-11 15:00:00.501,23321,23339,23321,5,-5
2025-02-11 15:00:00.501,23321,23339,23319,3,-3
2025-02-11 15:00:00.501,23321,23339,23317,3,-3
2025-02-11 15:00:00.501,23321,23339,23315,1,-1
2025-02-11 15:00:00.637,23321,23333,23321,2,-2
2025-02-11 15:00:00.637,23321,23333,23318,2,-2
2025-02-11 15:00:00.642,23321,23333,23327,1,-1
2025-02-11 15:00:00.642,23321,23333,23330,1,1
2025-02-11 15:00:00.792,23316,23333,23316,1,-1
2025-02-11 15:00:00.794,23316,23333,23315,1,-1
2025-02-11 15:00:00.794,23316,23333,23316,2,-2
2025-02-11 15:00:00.961,23316,23332,23316,2,-2
2025-02-11 15:00:00.962,23316,23332,23317,3,-3
2025-02-11 15:00:00.962,23316,23332,23316,1,-1
2025-02-11 15:00:00.962,23316,23332,23315,5,-5
2025-02-11 15:00:00.963,23316,23332,23314,17,-17
2025-02-11 15:00:00.963,23316,23332,23313,1,-1
2025-02-11 15:00:00.963,23316,23332,23313,1,-1
2025-02-11 15:00:00.977,23314,23332,23332,1,1
2025-02-11 15:00:00.996,23314,23332,23314,2,-2
2025-02-11 15:00:01.052,23314,23332,23329,1,1
2025-02-11 15:00:01.059,23314,23332,23318,1,-1
2025-02-11 15:00:01.110,23318,23326,23318,1,-1
2025-02-11 15:00:01.137,23318,23326,23326,1,1
2025-02-11 15:00:01.137,23318,23326,23327,1,1
2025-02-11 15:00:01.395,23319,23326,23319,1,-1
2025-02-11 15:00:01.594,23318,23326,23326,1,1
2025-02-11 15:00:01.688,23318,23327,23318,2,-2
2025-02-11 15:00:01.735,23319,23326,23326,1,1
2025-02-11 15:00:01.735,23319,23326,23327,1,1
2025-02-11 15:00:02.029,23324,23327,23327,1,1
2025-02-11 15:00:02.030,23324,23327,23328,1,1
2025-02-11 15:00:02.163,23324,23330,23330,1,1
2025-02-11 15:00:02.449,23324,23330,23330,3,3
2025-02-11 15:00:02.518,23328,23332,23332,4,4
2025-02-11 15:00:02.798,23327,23332,23329,1,-1
2025-02-11 15:00:03.189,23327,23332,23332,1,1
2025-02-11 15:00:03.190,23327,23332,23332,1,1
2025-02-11 15:00:05.029,23330,23332,23332,1,1
2025-02-11 15:00:05.050,23330,23332,23334,2,2
2025-02-11 15:00:05.107,23330,23336,23336,1,1
2025-02-11 15:00:05.638,23330,23336,23330,1,-1
2025-02-11 15:00:06.439,23331,23334,23334,1,1
2025-02-11 15:00:06.439,23331,23334,23335,2,2
2025-02-11 15:00:07.294,23333,23335,23333,1,-1
2025-02-11 15:00:07.294,23333,23335,23332,3,-3
2025-02-11 15:00:07.298,23333,23335,23329,1,-1
2025-02-11 15:00:07.298,23333,23335,23331,1,-1
2025-02-11 15:00:07.298,23333,23335,23330,6,-6
2025-02-11 15:00:07.301,23333,23335,23333,1,-1
2025-02-11 15:00:07.301,23333,23335,23334,1,-1
2025-02-11 15:00:07.360,23333,23335,23333,1,-1
2025-02-11 15:00:08.039,23333,23335,23333,1,-1
2025-02-11 15:00:10.167,23333,23335,23333,1,-1
2025-02-11 15:00:12.432,23333,23335,23335,1,1
2025-02-11 15:00:14.280,23333,23335,23333,1,-1
2025-02-11 15:00:14.433,23333,23335,23333,1,-1
2025-02-11 15:00:15.264,23333,23335,23333,1,-1
2025-02-11 15:00:21.328,23332,23335,23332,1,-1
2025-02-11 15:00:26.140,23332,23333,23333,1,1
2025-02-11 15:00:27.890,23333,23334,23334,2,2
2025-02-11 15:00:28.442,23334,23335,23335,5,5
2025-02-11 15:00:31.929,23335,23338,23335,1,-1
2025-02-11 15:00:35.220,23335,23337,23335,2,-2
2025-02-11 15:00:36.060,23335,23337,23335,1,-1
2025-02-11 15:00:37.414,23335,23337,23335,1,-1
2025-02-11 15:00:38.070,23335,23337,23337,1,1
2025-02-11 15:00:42.314,23335,23336,23335,1,-1
2025-02-11 15:00:42.341,23335,23336,23335,1,-1
2025-02-11 15:00:44.460,23334,23335,23334,1,-1
2025-02-11 15:00:44.461,23334,23335,23334,1,-1
2025-02-11 15:00:44.461,23334,23335,23334,1,-1
2025-02-11 15:00:44.461,23334,23335,23334,1,-1
2025-02-11 15:00:44.462,23334,23335,23333,3,-3
2025-02-11 15:00:44.602,23333,23335,23335,1,1
2025-02-11 15:00:44.603,23333,23335,23335,1,1
2025-02-11 15:00:47.853,23335,23337,23335,1,-1
2025-02-11 15:00:52.576,23333,23334,23333,1,-1
2025-02-11 15:00:52.603,23333,23334,23333,1,-1
2025-02-11 15:00:54.889,23332,23333,23332,5,-5
2025-02-11 15:00:54.891,23332,23333,23331,2,-2
2025-02-11 15:00:55.376,23330,23331,23330,2,-2
2025-02-11 15:00:57.930,23327,23330,23327,2,-2
2025-02-11 15:00:59.560,23328,23330,23328,1,-1
2025-02-11 15:01:00.071,23327,23330,23327,3,-3
2025-02-11 15:01:00.088,23327,23330,23326,1,-1
2025-02-11 15:01:00.090,23327,23330,23325,1,-1
2025-02-11 15:01:00.101,23323,23325,23323,1,-1
2025-02-11 15:01:00.101,23323,23325,23323,1,-1
2025-02-11 15:01:00.119,23323,23325,23322,1,-1
2025-02-11 15:01:00.120,23323,23325,23322,3,-3
2025-02-11 15:01:00.187,23323,23325,23323,2,-2
2025-02-11 15:01:00.187,23323,23325,23321,1,-1
2025-02-11 15:01:00.187,23323,23325,23323,1,-1
2025-02-11 15:01:00.189,23323,23325,23324,1,-1
2025-02-11 15:01:00.345,23323,23325,23324,1,-1
2025-02-11 15:01:00.360,23323,23326,23323,1,-1
2025-02-11 15:01:01.289,23323,23326,23326,1,1
2025-02-11 15:01:02.416,23325,23328,23325,1,-1
2025-02-11 15:01:02.835,23325,23328,23325,1,-1
2025-02-11 15:01:05.887,23328,23331,23328,1,-1
2025-02-11 15:01:08.403,23329,23332,23329,1,-1
2025-02-11 15:01:13.172,23328,23331,23331,1,1
2025-02-11 15:01:14.260,23329,23331,23331,1,1
2025-02-11 15:01:14.260,23329,23331,23332,3,3
2025-02-11 15:01:16.038,23330,23332,23332,2,2
2025-02-11 15:01:16.912,23330,23332,23330,1,-1
2025-02-11 15:01:19.201,23330,23332,23332,1,1
2025-02-11 15:01:22.816,23330,23331,23331,1,1
2025-02-11 15:01:22.855,23330,23331,23330,1,-1
2025-02-11 15:01:22.855,23330,23331,23330,1,-1
2025-02-11 15:01:22.856,23330,23331,23329,1,-1
2025-02-11 15:01:27.866,23329,23331,23329,2,-2
2025-02-11 15:01:27.866,23329,23331,23328,2,-2
2025-02-11 15:01:27.866,23329,23331,23328,2,-2
2025-02-11 15:01:27.867,23329,23331,23328,2,-2
2025-02-11 15:01:27.897,23329,23331,23328,1,-1
2025-02-11 15:01:29.628,23327,23328,23327,1,-1
2025-02-11 15:01:29.728,23324,23327,23324,1,-1
2025-02-11 15:01:29.735,23324,23327,23324,1,-1
2025-02-11 15:01:29.850,23324,23327,23326,1,1
2025-02-11 15:01:30.351,23324,23326,23324,1,-1
2025-02-11 15:01:32.910,23324,23327,23325,1,-1
2025-02-11 15:01:33.307,23325,23327,23325,2,-2
2025-02-11 15:01:33.307,23325,23327,23324,1,-1
2025-02-11 15:01:37.362,23325,23326,23325,1,-1
2025-02-11 15:01:39.204,23325,23326,23325,1,-1
2025-02-11 15:01:39.229,23325,23326,23325,1,-1
2025-02-11 15:01:39.229,23325,23326,23324,1,-1
2025-02-11 15:01:39.230,23325,23326,23324,1,-1
2025-02-11 15:01:39.348,23325,23326,23325,1,-1
2025-02-11 15:01:39.372,23324,23325,23325,1,1
2025-02-11 15:01:41.705,23325,23326,23325,2,-2
2025-02-11 15:01:41.705,23325,23326,23324,3,-3
2025-02-11 15:01:41.834,23323,23326,23323,1,-1
2025-02-11 15:01:44.328,23323,23326,23323,2,-2
2025-02-11 15:01:46.201,23323,23326,23323,1,-1
2025-02-11 15:01:47.641,23323,23325,23323,1,-1
2025-02-11 15:01:50.656,23323,23325,23325,1,1
2025-02-11 15:01:52.333,23324,23326,23326,1,1
2025-02-11 15:01:53.200,23325,23328,23325,1,-1
2025-02-11 15:02:00.629,23325,23326,23326,1,1
2025-02-11 15:02:01.076,23325,23326,23325,1,-1
2025-02-11 15:02:02.856,23325,23326,23326,1,1
2025-02-11 15:02:03.258,23325,23327,23327,1,1
2025-02-11 15:02:06.309,23325,23327,23327,1,1
2025-02-11 15:02:20.179,23326,23328,23326,2,-2
2025-02-11 15:02:22.427,23325,23328,23325,1,-1
2025-02-11 15:02:32.608,23326,23327,23326,1,-1
2025-02-11 15:02:32.802,23326,23327,23326,1,-1
2025-02-11 15:02:32.802,23326,23327,23326,1,-1
2025-02-11 15:02:34.017,23325,23326,23325,1,-1
2025-02-11 15:02:34.017,23325,23326,23325,2,-2
2025-02-11 15:02:42.208,23324,23325,23324,1,-1
2025-02-11 15:02:42.210,23324,23325,23324,2,-2
2025-02-11 15:02:43.247,23323,23324,23323,1,-1
2025-02-11 15:02:44.285,23323,23324,23323,1,-1
2025-02-11 15:02:45.767,23323,23324,23323,1,-1
2025-02-11 15:02:46.237,23322,23324,23322,1,-1
2025-02-11 15:02:47.747,23321,23323,23321,2,-2
2025-02-11 15:02:49.773,23321,23324,23321,1,-1
2025-02-11 15:02:50.045,23321,23324,23321,1,-1
2025-02-11 15:02:51.197,23322,23325,23322,1,-1
2025-02-11 15:02:58.136,23324,23326,23324,1,-1
2025-02-11 15:02:58.454,23324,23326,23324,1,-1
2025-02-11 15:02:59.453,23324,23327,23324,1,-1
2025-02-11 15:03:03.442,23325,23327,23325,1,-1
2025-02-11 15:03:03.988,23325,23327,23326,1,-1
2025-02-11 15:03:04.947,23325,23327,23327,3,3
2025-02-11 15:03:08.289,23327,23329,23329,1,1
2025-02-11 15:03:08.290,23327,23329,23330,1,1
2025-02-11 15:03:08.290,23327,23329,23330,20,20
2025-02-11 15:03:08.291,23327,23329,23331,3,3
2025-02-11 15:03:08.307,23327,23329,23330,1,1
2025-02-11 15:03:09.308,23330,23332,23330,4,-4
2025-02-11 15:03:10.308,23328,23331,23328,2,-2
2025-02-11 15:03:11.775,23328,23329,23329,2,2
2025-02-11 15:03:16.077,23329,23330,23329,1,-1
2025-02-11 15:03:18.031,23326,23329,23326,1,-1
2025-02-11 15:03:25.461,23326,23329,23328,1,1
2025-02-11 15:03:28.346,23327,23329,23329,1,1
2025-02-11 15:03:34.601,23327,23329,23327,1,-1
2025-02-11 15:03:39.326,23326,23329,23326,1,-1
2025-02-11 15:03:43.855,23327,23329,23327,1,-1
2025-02-11 15:03:51.045,23327,23329,23329,1,1
2025-02-11 15:03:51.160,23328,23330,23330,2,2
2025-02-11 15:03:51.459,23329,23332,23329,1,-1
2025-02-11 15:03:54.558,23329,23332,23331,1,1
2025-02-11 15:03:55.043,23328,23331,23331,1,1
2025-02-11 15:03:57.899,23330,23331,23331,1,1
2025-02-11 15:03:58.438,23330,23332,23332,4,4
2025-02-11 15:03:58.439,23330,23332,23333,1,1
2025-02-11 15:03:58.439,23330,23332,23333,1,1
2025-02-11 15:03:59.000,23332,23333,23332,2,-2
2025-02-11 15:04:04.746,23330,23332,23332,1,1
2025-02-11 15:04:05.129,23331,23333,23333,2,2
2025-02-11 15:04:05.130,23331,23333,23334,2,2
2025-02-11 15:04:06.996,23332,23335,23335,2,2
2025-02-11 15:04:11.231,23335,23336,23336,1,1
2025-02-11 15:04:11.618,23336,23339,23338,1,1
2025-02-11 15:04:11.618,23336,23339,23338,1,1
2025-02-11 15:04:11.619,23336,23339,23339,1,1
2025-02-11 15:04:11.619,23336,23339,23339,1,1
2025-02-11 15:04:13.234,23336,23339,23339,3,3
2025-02-11 15:04:13.235,23336,23339,23339,2,2
2025-02-11 15:04:14.708,23338,23339,23339,1,1
2025-02-11 15:04:15.521,23338,23339,23338,2,-2
2025-02-11 15:04:15.522,23338,23339,23337,1,-1
2025-02-11 15:04:16.120,23336,23338,23338,1,1
2025-02-11 15:04:18.356,23336,23338,23338,1,1
2025-02-11 15:04:22.544,23336,23338,23336,1,-1
2025-02-11 15:04:23.544,23336,23338,23336,1,-1
2025-02-11 15:04:23.668,23336,23338,23338,1,1
2025-02-11 15:04:24.544,23336,23338,23336,2,-2
2025-02-11 15:04:24.671,23335,23337,23337,2,2
2025-02-11 15:04:25.543,23335,23338,23335,1,-1
2025-02-11 15:04:26.620,23336,23339,23338,1,1
2025-02-11 15:04:26.620,23336,23339,23338,1,1
2025-02-11 15:04:26.625,23336,23339,23338,2,2
2025-02-11 15:04:27.190,23336,23339,23337,1,-1
2025-02-11 15:04:27.442,23336,23339,23339,2,2
2025-02-11 15:04:29.541,23336,23339,23339,1,1
2025-02-11 15:04:32.011,23336,23339,23336,1,-1
2025-02-11 15:04:33.023,23336,23338,23336,1,-1
2025-02-11 15:04:39.097,23336,23339,23339,1,1
2025-02-11 15:04:40.840,23337,23339,23337,1,-1
2025-02-11 15:04:43.246,23336,23339,23336,1,-1
2025-02-11 15:04:48.893,23336,23338,23338,1,1
2025-02-11 15:04:48.894,23336,23338,23339,2,2
2025-02-11 15:04:51.787,23338,23340,23338,1,-1
2025-02-11 15:04:52.183,23337,23340,23340,1,1
2025-02-11 15:04:52.781,23337,23340,23339,1,1
2025-02-11 15:04:53.786,23336,23339,23336,1,-1
2025-02-11 15:04:55.145,23336,23339,23336,2,-2
2025-02-11 15:04:56.018,23335,23337,23335,1,-1
2025-02-11 15:04:56.018,23335,23337,23335,4,-4
2025-02-11 15:04:58.276,23334,23336,23335,5,-5
2025-02-11 15:04:59.311,23334,23335,23334,1,-1
2025-02-11 15:04:59.940,23334,23335,23335,1,1
2025-02-11 15:05:09.532,23335,23336,23335,1,-1
2025-02-11 15:05:09.938,23334,23335,23334,1,-1
2025-02-11 15:05:11.015,23332,23335,23332,3,-3
2025-02-11 15:05:11.104,23331,23334,23331,1,-1
2025-02-11 15:05:11.105,23331,23334,23331,1,-1
2025-02-11 15:05:11.105,23331,23334,23331,1,-1
2025-02-11 15:05:11.128,23331,23334,23331,2,-2
2025-02-11 15:05:12.013,23330,23332,23330,2,-2
2025-02-11 15:05:16.294,23332,23334,23334,1,1
2025-02-11 15:05:16.462,23333,23335,23333,1,-1
2025-02-11 15:05:18.014,23332,23335,23333,1,-1
2025-02-11 15:05:18.494,23332,23335,23332,1,-1
2025-02-11 15:05:20.668,23332,23335,23332,1,-1
2025-02-11 15:05:20.729,23332,23334,23332,1,-1
2025-02-11 15:05:28.720,23332,23335,23332,1,-1
2025-02-11 15:05:28.737,23331,23334,23334,2,2
2025-02-11 15:05:31.077,23331,23334,23331,1,-1
2025-02-11 15:05:31.104,23331,23334,23331,1,-1
2025-02-11 15:05:31.104,23331,23334,23331,1,-1
2025-02-11 15:05:35.731,23331,23333,23333,2,2
2025-02-11 15:05:35.754,23331,23333,23333,1,1
2025-02-11 15:05:35.807,23331,23333,23334,1,1
2025-02-11 15:05:36.994,23332,23334,23334,1,1
2025-02-11 15:05:37.105,23333,23335,23333,1,-1
2025-02-11 15:05:38.021,23333,23335,23333,1,-1
2025-02-11 15:05:38.762,23333,23335,23336,1,1
2025-02-11 15:05:38.762,23333,23335,23335,1,1
2025-02-11 15:05:38.872,23334,23336,23336,1,1
2025-02-11 15:05:38.872,23334,23336,23337,1,1
2025-02-11 15:05:47.006,23335,23338,23335,1,-1
2025-02-11 15:05:49.478,23335,23337,23337,1,1
2025-02-11 15:05:49.480,23335,23337,23337,1,1
2025-02-11 15:05:53.990,23337,23338,23337,1,-1
2025-02-11 15:05:56.281,23335,23337,23337,1,1
2025-02-11 15:05:56.486,23335,23338,23335,1,-1
2025-02-11 15:06:04.355,23336,23337,23336,2,-2
2025-02-11 15:06:11.139,23335,23337,23335,1,-1
2025-02-11 15:06:18.067,23335,23337,23337,2,2
2025-02-11 15:06:18.541,23336,23338,23338,1,1
2025-02-11 15:06:18.541,23336,23338,23338,1,1
2025-02-11 15:06:18.542,23336,23338,23339,2,2
2025-02-11 15:06:18.575,23336,23338,23338,1,1
2025-02-11 15:06:18.765,23338,23340,23340,4,4
2025-02-11 15:06:18.767,23338,23340,23341,2,2
2025-02-11 15:06:20.374,23338,23341,23341,4,4
2025-02-11 15:06:22.044,23337,23339,23339,1,1
2025-02-11 15:06:22.045,23337,23339,23339,1,1
2025-02-11 15:06:27.920,23338,23340,23340,1,1
2025-02-11 15:06:28.922,23338,23340,23340,1,1
2025-02-11 15:06:29.345,23338,23340,23341,1,1
2025-02-11 15:06:29.345,23338,23340,23340,4,4
2025-02-11 15:06:29.599,23338,23341,23338,2,-2
2025-02-11 15:06:32.780,23338,23341,23341,5,5
2025-02-11 15:06:37.595,23339,23341,23341,1,1
2025-02-11 15:06:37.751,23339,23341,23341,2,2
2025-02-11 15:06:37.898,23340,23342,23342,1,1
2025-02-11 15:06:38.187,23340,23342,23340,3,-3
2025-02-11 15:06:40.789,23340,23342,23342,1,1
2025-02-11 15:06:42.786,23340,23342,23342,1,1
2025-02-11 15:06:48.562,23340,23342,23340,1,-1
2025-02-11 15:06:51.578,23340,23342,23340,1,-1
2025-02-11 15:06:51.579,23340,23342,23340,1,-1
2025-02-11 15:06:52.593,23340,23341,23341,1,1
2025-02-11 15:06:52.593,23340,23341,23342,2,2
2025-02-11 15:06:56.183,23340,23342,23340,2,-2
2025-02-11 15:06:57.021,23340,23342,23340,1,-1
2025-02-11 15:06:59.007,23340,23342,23342,1,1
2025-02-11 15:06:59.384,23340,23342,23342,1,1
2025-02-11 15:06:59.384,23340,23342,23342,1,1
2025-02-11 15:07:01.565,23340,23343,23343,1,1
2025-02-11 15:07:03.902,23341,23343,23343,1,1
2025-02-11 15:07:06.225,23338,23341,23339,5,-5
2025-02-11 15:07:06.225,23338,23341,23340,3,3
2025-02-11 15:07:10.052,23339,23341,23341,1,1
2025-02-11 15:07:12.093,23339,23341,23340,1,1
2025-02-11 15:07:13.668,23339,23340,23339,1,-1
2025-02-11 15:07:14.340,23338,23340,23340,1,1
2025-02-11 15:07:15.403,23338,23340,23338,1,-1
2025-02-11 15:07:15.477,23338,23340,23340,1,1
2025-02-11 15:07:16.402,23338,23341,23338,1,-1
2025-02-11 15:07:26.502,23337,23340,23337,1,-1
2025-02-11 15:07:29.040,23337,23339,23337,1,-1
2025-02-11 15:07:33.929,23336,23337,23336,1,-1
2025-02-11 15:07:34.502,23335,23337,23335,1,-1
2025-02-11 15:07:37.980,23335,23337,23335,2,-2
2025-02-11 15:07:39.127,23334,23336,23336,1,1
2025-02-11 15:07:43.541,23334,23336,23337,1,1
2025-02-11 15:07:43.541,23334,23336,23336,4,4
2025-02-11 15:07:43.541,23334,23336,23336,14,14
2025-02-11 15:07:43.541,23334,23336,23336,2,2
2025-02-11 15:07:43.759,23337,23339,23337,2,-2
2025-02-11 15:07:44.782,23337,23339,23337,1,-1
2025-02-11 15:07:45.546,23336,23338,23336,2,-2
2025-02-11 15:07:49.547,23335,23337,23335,2,-2
2025-02-11 15:08:00.847,23334,23335,23334,1,-1
2025-02-11 15:08:09.156,23333,23335,23335,1,1
2025-02-11 15:08:19.548,23334,23336,23336,1,1
2025-02-11 15:08:25.008,23334,23336,23336,1,1
2025-02-11 15:08:48.134,23335,23336,23336,1,1
2025-02-11 15:09:06.478,23336,23337,23337,1,1
2025-02-11 15:09:06.694,23336,23337,23337,1,1
2025-02-11 15:09:11.012,23336,23338,23336,1,-1
2025-02-11 15:09:11.012,23336,23338,23336,2,-2
2025-02-11 15:09:14.135,23336,23337,23337,1,1
2025-02-11 15:09:22.957,23337,23338,23338,1,1
2025-02-11 15:09:28.693,23337,23338,23338,1,1
2025-02-11 15:09:41.930,23335,23338,23337,1,1
2025-02-11 15:09:51.716,23336,23339,23339,3,3
2025-02-11 15:09:58.100,23337,23338,23338,1,1
2025-02-11 15:10:02.488,23337,23339,23337,2,-2
2025-02-11 15:10:06.797,23336,23338,23336,2,-2
2025-02-11 15:10:25.262,23337,23339,23337,1,-1
2025-02-11 15:10:46.719,23335,23338,23338,1,1
2025-02-11 15:10:46.720,23335,23338,23338,2,2
2025-02-11 15:10:46.750,23338,23339,23338,1,-1
2025-02-11 15:10:46.754,23338,23339,23338,1,-1
2025-02-11 15:10:57.579,23338,23339,23339,1,1
2025-02-11 15:11:00.402,23338,23340,23338,1,-1
2025-02-11 15:11:02.805,23338,23340,23340,2,2
2025-02-11 15:11:02.805,23338,23340,23340,1,1
2025-02-11 15:11:02.807,23338,23340,23341,1,1
2025-02-11 15:11:02.808,23338,23340,23341,2,2
2025-02-11 15:11:06.011,23340,23342,23340,1,-1
2025-02-11 15:11:07.379,23340,23342,23340,1,-1
2025-02-11 15:11:10.168,23340,23342,23342,1,1
2025-02-11 15:11:10.176,23340,23342,23342,2,2
2025-02-11 15:11:10.177,23340,23342,23342,2,2
2025-02-11 15:11:10.177,23340,23342,23342,1,1
2025-02-11 15:11:10.177,23340,23342,23342,1,1
2025-02-11 15:11:15.986,23341,23342,23341,1,-1
2025-02-11 15:11:19.682,23340,23341,23341,1,1
2025-02-11 15:11:20.684,23340,23342,23342,2,2
2025-02-11 15:11:27.239,23340,23343,23341,1,-1
2025-02-11 15:11:27.276,23340,23343,23341,1,-1
2025-02-11 15:11:29.861,23340,23343,23343,1,1
2025-02-11 15:11:36.987,23340,23341,23341,2,2
2025-02-11 15:11:41.006,23341,23343,23341,1,-1
2025-02-11 15:11:49.947,23340,23342,23342,2,2
2025-02-11 15:11:52.932,23341,23343,23341,2,-2
2025-02-11 15:11:58.688,23341,23343,23341,1,-1
2025-02-11 15:11:58.752,23340,23342,23341,1,-1
2025-02-11 15:12:02.806,23341,23342,23341,1,-1
2025-02-11 15:12:02.941,23340,23342,23342,1,1
2025-02-11 15:12:02.941,23340,23342,23343,2,2
2025-02-11 15:12:02.957,23340,23342,23343,1,1
2025-02-11 15:12:02.957,23340,23342,23344,1,1
2025-02-11 15:12:02.962,23340,23342,23344,1,1
2025-02-11 15:12:03.059,23342,23344,23344,1,1
2025-02-11 15:12:10.258,23342,23344,23342,1,-1
2025-02-11 15:12:10.559,23342,23344,23344,1,1
2025-02-11 15:12:12.360,23342,23344,23344,1,1
2025-02-11 15:12:15.417,23343,23344,23344,1,1
2025-02-11 15:12:15.687,23343,23344,23343,1,-1
2025-02-11 15:12:19.536,23342,23344,23342,1,-1
2025-02-11 15:12:20.536,23342,23344,23342,1,-1
2025-02-11 15:12:21.366,23343,23344,23344,2,2
2025-02-11 15:12:21.366,23343,23344,23345,1,1
2025-02-11 15:12:27.124,23343,23345,23345,1,1
2025-02-11 15:12:30.087,23343,23345,23345,1,1
2025-02-11 15:12:31.529,23343,23345,23345,1,1
2025-02-11 15:12:33.859,23343,23345,23345,1,1
2025-02-11 15:12:38.547,23343,23344,23344,1,1
2025-02-11 15:12:39.923,23344,23345,23344,2,-2
2025-02-11 15:12:40.394,23343,23345,23343,1,-1
2025-02-11 15:12:44.881,23342,23344,23344,1,1
2025-02-11 15:12:47.871,23341,23344,23344,1,1
2025-02-11 15:12:48.797,23341,23344,23341,1,-1
2025-02-11 15:12:54.048,23341,23343,23341,1,-1
2025-02-11 15:12:57.193,23340,23343,23340,1,-1
2025-02-11 15:13:11.977,23341,23342,23342,1,1
2025-02-11 15:13:12.782,23341,23343,23342,1,1
2025-02-11 15:13:16.505,23342,23343,23343,4,4
2025-02-11 15:13:16.922,23342,23344,23344,6,6
2025-02-11 15:13:16.924,23342,23344,23345,1,1
2025-02-11 15:13:16.925,23342,23344,23345,3,3
2025-02-11 15:13:16.925,23342,23344,23345,2,2
2025-02-11 15:13:19.242,23345,23346,23346,2,2
2025-02-11 15:13:19.243,23345,23346,23346,2,2
2025-02-11 15:13:19.513,23345,23347,23345,1,-1
2025-02-11 15:13:19.674,23345,23347,23347,1,1
2025-02-11 15:13:21.844,23345,23347,23347,1,1
2025-02-11 15:13:21.845,23345,23347,23346,2,2
2025-02-11 15:13:22.674,23346,23348,23348,3,3
2025-02-11 15:13:22.981,23346,23348,23347,2,2
2025-02-11 15:13:24.153,23346,23348,23348,1,1
2025-02-11 15:13:25.068,23347,23348,23347,2,-2
2025-02-11 15:13:25.177,23347,23348,23347,1,-1
2025-02-11 15:13:26.059,23346,23348,23348,1,1
2025-02-11 15:13:28.798,23347,23348,23348,2,2
2025-02-11 15:13:31.034,23347,23348,23348,2,2
2025-02-11 15:13:37.198,23348,23349,23349,1,1
2025-02-11 15:13:37.291,23348,23349,23349,1,1
2025-02-11 15:13:38.302,23348,23349,23349,1,1
2025-02-11 15:13:39.503,23348,23349,23349,3,3
2025-02-11 15:13:40.036,23348,23350,23350,2,2
2025-02-11 15:13:40.036,23348,23350,23350,1,1
2025-02-11 15:13:40.036,23348,23350,23350,3,3
2025-02-11 15:13:40.036,23348,23350,23350,1,1
2025-02-11 15:13:40.810,23350,23351,23351,1,1
2025-02-11 15:13:40.871,23350,23352,23350,1,-1
2025-02-11 15:13:40.913,23350,23352,23352,1,1
2025-02-11 15:13:44.443,23350,23352,23352,1,1
2025-02-11 15:13:46.508,23351,23352,23352,1,1
2025-02-11 15:13:48.862,23351,23353,23353,2,2
2025-02-11 15:13:48.978,23351,23353,23353,1,1
2025-02-11 15:13:49.336,23351,23353,23353,1,1
2025-02-11 15:13:49.411,23351,23353,23351,1,-1
2025-02-11 15:13:50.160,23351,23353,23351,1,-1
2025-02-11 15:13:51.064,23351,23353,23352,1,-1
2025-02-11 15:13:51.064,23351,23353,23353,2,2
2025-02-11 15:13:52.105,23351,23354,23354,1,1
2025-02-11 15:13:52.747,23351,23354,23354,1,1
2025-02-11 15:13:56.190,23351,23353,23353,2,2
2025-02-11 15:14:08.154,23351,23352,23351,1,-1
2025-02-11 15:14:08.650,23350,23352,23352,1,1
2025-02-11 15:14:08.807,23350,23352,23352,1,1
2025-02-11 15:14:08.941,23350,23352,23352,1,1
2025-02-11 15:14:09.085,23350,23352,23352,1,1
2025-02-11 15:14:09.238,23350,23352,23352,1,1
2025-02-11 15:14:09.390,23350,23352,23352,1,1
2025-02-11 15:14:09.540,23350,23352,23352,1,1
2025-02-11 15:14:09.690,23350,23353,23353,1,1
2025-02-11 15:14:09.829,23350,23353,23353,1,1
2025-02-11 15:14:09.990,23351,23353,23353,1,1
2025-02-11 15:14:10.149,23351,23354,23354,1,1
2025-02-11 15:14:10.303,23351,23354,23354,1,1
2025-02-11 15:14:10.462,23351,23354,23354,1,1
2025-02-11 15:14:10.478,23351,23354,23354,1,1
2025-02-11 15:14:10.487,23351,23354,23354,3,3
2025-02-11 15:14:10.618,23352,23354,23354,1,1
2025-02-11 15:14:10.629,23352,23354,23354,1,1
2025-02-11 15:14:10.749,23353,23355,23355,1,1
2025-02-11 15:14:10.759,23353,23355,23355,1,1
2025-02-11 15:14:10.870,23353,23355,23355,1,1
2025-02-11 15:14:10.900,23353,23355,23355,1,1
2025-02-11 15:14:10.939,23353,23355,23353,1,-1
2025-02-11 15:14:11.037,23352,23355,23355,1,1
2025-02-11 15:14:11.176,23352,23355,23355,1,1
2025-02-11 15:14:11.317,23353,23355,23355,1,1
2025-02-11 15:14:11.460,23353,23355,23355,1,1
2025-02-11 15:14:13.770,23352,23355,23355,1,1
2025-02-11 15:14:13.965,23352,23355,23355,2,2
2025-02-11 15:14:16.370,23353,23356,23353,1,-1
2025-02-11 15:14:28.141,23354,23355,23354,2,-2
2025-02-11 15:14:30.593,23353,23354,23354,1,1
2025-02-11 15:14:32.241,23353,23354,23354,1,1
2025-02-11 15:14:32.842,23353,23355,23355,1,1
2025-02-11 15:14:35.389,23353,23355,23353,3,-3
2025-02-11 15:14:40.240,23353,23355,23353,1,-1
2025-02-11 15:14:41.597,23352,23354,23354,1,1
2025-02-11 15:14:43.675,23353,23355,23355,1,1
2025-02-11 15:15:11.859,23353,23354,23354,1,1
2025-02-11 15:15:12.012,23353,23354,23354,1,1
2025-02-11 15:15:12.013,23353,23354,23354,1,1
2025-02-11 15:15:12.014,23353,23354,23355,1,1
2025-02-11 15:15:12.015,23353,23354,23355,4,4
2025-02-11 15:15:12.104,23355,23356,23356,1,1
2025-02-11 15:15:12.104,23355,23356,23356,1,1
2025-02-11 15:15:12.104,23355,23356,23356,1,1
2025-02-11 15:15:12.104,23355,23356,23356,1,1
2025-02-11 15:15:12.105,23355,23356,23357,1,1
2025-02-11 15:15:12.105,23355,23356,23357,1,1
2025-02-11 15:15:12.105,23355,23356,23357,1,1
2025-02-11 15:15:12.105,23355,23356,23357,1,1
2025-02-11 15:15:12.249,23356,23358,23356,1,-1
2025-02-11 15:15:12.267,23356,23358,23357,1,-1
2025-02-11 15:15:12.351,23355,23357,23357,2,2
2025-02-11 15:15:12.552,23355,23358,23358,1,1
2025-02-11 15:15:12.632,23355,23358,23358,1,1
2025-02-11 15:15:16.128,23355,23358,23358,3,3
2025-02-11 15:15:17.102,23356,23358,23358,1,1
2025-02-11 15:15:25.525,23355,23357,23357,1,1
2025-02-11 15:15:25.603,23356,23358,23358,1,1
2025-02-11 15:15:25.604,23356,23358,23358,1,1
2025-02-11 15:15:25.604,23356,23358,23358,1,1
2025-02-11 15:15:25.605,23356,23358,23358,1,1
2025-02-11 15:15:25.605,23356,23358,23360,1,1
2025-02-11 15:15:25.605,23356,23358,23360,1,1
2025-02-11 15:15:25.605,23356,23358,23360,1,1
2025-02-11 15:15:25.609,23356,23358,23360,1,1
2025-02-11 15:15:26.899,23357,23360,23360,1,1
2025-02-11 15:15:31.164,23358,23359,23359,1,1
2025-02-11 15:15:31.229,23358,23359,23359,1,1
2025-02-11 15:15:31.229,23358,23359,23360,1,1
2025-02-11 15:15:32.194,23358,23359,23359,1,1
2025-02-11 15:15:34.368,23358,23359,23359,1,1
2025-02-11 15:15:36.069,23358,23360,23360,10,10
2025-02-11 15:15:36.669,23360,23361,23361,1,1
2025-02-11 15:15:36.748,23360,23362,23362,1,1
2025-02-11 15:15:36.941,23360,23362,23362,1,1
2025-02-11 15:15:37.133,23360,23363,23363,1,1
2025-02-11 15:15:37.337,23360,23363,23363,6,6
2025-02-11 15:15:38.246,23361,23363,23363,1,1
2025-02-11 15:15:39.180,23361,23363,23361,1,-1
2025-02-11 15:15:39.238,23361,23363,23363,1,1
2025-02-11 15:15:40.043,23361,23363,23363,1,1
2025-02-11 15:15:40.224,23361,23363,23361,1,-1
2025-02-11 15:15:42.873,23361,23362,23362,1,1
2025-02-11 15:15:43.344,23361,23363,23363,2,2
2025-02-11 15:15:44.228,23361,23363,23363,2,2
2025-02-11 15:15:44.900,23361,23363,23362,1,1
2025-02-11 15:15:51.156,23362,23363,23363,1,1
2025-02-11 15:15:51.230,23362,23363,23363,1,1
2025-02-11 15:15:54.487,23362,23363,23363,3,3
2025-02-11 15:15:56.631,23363,23364,23363,1,-1
2025-02-11 15:16:00.530,23362,23364,23364,2,2
2025-02-11 15:16:00.641,23362,23364,23364,3,3
2025-02-11 15:16:01.100,23362,23364,23362,1,-1
2025-02-11 15:16:13.092,23362,23363,23362,1,-1
2025-02-11 15:16:15.042,23362,23363,23363,1,1
2025-02-11 15:16:15.104,23362,23363,23363,1,1
2025-02-11 15:16:15.104,23362,23363,23363,1,1
2025-02-11 15:16:15.105,23362,23363,23363,1,1
2025-02-11 15:16:15.106,23362,23363,23364,5,5
2025-02-11 15:16:15.175,23362,23363,23365,3,3
2025-02-11 15:16:15.177,23362,23363,23365,1,1
2025-02-11 15:16:20.935,23364,23365,23365,1,1
2025-02-11 15:16:20.939,23364,23365,23366,1,1
2025-02-11 15:16:21.576,23364,23365,23365,1,1
2025-02-11 15:16:22.451,23365,23366,23365,1,-1
2025-02-11 15:16:23.558,23363,23365,23365,2,2
2025-02-11 15:16:23.560,23363,23365,23365,2,2
2025-02-11 15:16:26.907,23363,23365,23364,1,1
2025-02-11 15:16:34.510,23363,23364,23364,1,1
2025-02-11 15:16:34.604,23363,23364,23364,1,1
2025-02-11 15:16:34.604,23363,23364,23364,1,1
2025-02-11 15:16:34.604,23363,23364,23365,1,1
2025-02-11 15:16:40.472,23364,23365,23365,1,1
2025-02-11 15:16:41.560,23364,23365,23364,1,-1
2025-02-11 15:16:42.876,23363,23364,23364,1,1
2025-02-11 15:16:45.626,23363,23364,23363,1,-1
2025-02-11 15:16:45.815,23362,23364,23364,1,1
2025-02-11 15:16:46.136,23362,23364,23364,1,1
2025-02-11 15:16:47.796,23363,23364,23364,1,1
2025-02-11 15:16:51.774,23363,23364,23363,1,-1
2025-02-11 15:16:53.025,23363,23364,23364,2,2
2025-02-11 15:16:53.025,23363,23364,23365,2,2
2025-02-11 15:17:00.328,23363,23364,23363,1,-1
2025-02-11 15:17:00.430,23363,23364,23364,1,1
2025-02-11 15:17:03.316,23363,23364,23364,1,1
2025-02-11 15:17:07.305,23363,23364,23363,1,-1
2025-02-11 15:17:09.677,23363,23364,23363,1,-1
2025-02-11 15:17:09.677,23363,23364,23363,10,-10
2025-02-11 15:17:10.172,23362,23363,23362,1,-1
2025-02-11 15:17:10.172,23362,23363,23362,2,-2
2025-02-11 15:17:12.064,23361,23363,23361,2,-2
2025-02-11 15:17:13.319,23360,23361,23361,1,1
2025-02-11 15:17:13.575,23360,23363,23360,5,-5
2025-02-11 15:17:14.345,23358,23361,23361,1,1
2025-02-11 15:17:15.788,23360,23361,23361,1,1
2025-02-11 15:17:22.383,23361,23363,23361,1,-1
2025-02-11 15:17:35.673,23360,23362,23362,1,1
2025-02-11 15:17:55.306,23360,23362,23360,1,-1
2025-02-11 15:18:00.210,23360,23362,23360,3,-3
2025-02-11 15:18:07.846,23359,23360,23359,1,-1
2025-02-11 15:18:10.475,23358,23360,23358,1,-1
2025-02-11 15:18:14.185,23358,23360,23358,1,-1
2025-02-11 15:18:14.202,23358,23360,23357,1,-1
2025-02-11 15:18:18.801,23357,23359,23357,2,-2
2025-02-11 15:18:22.895,23357,23358,23358,2,2
2025-02-11 15:18:24.978,23358,23360,23360,5,5
2025-02-11 15:18:26.357,23361,23362,23361,1,-1
2025-02-11 15:18:26.403,23361,23362,23362,1,1
2025-02-11 15:18:30.561,23360,23362,23362,1,1
2025-02-11 15:18:37.654,23361,23362,23362,1,1
2025-02-11 15:18:38.123,23361,23363,23361,1,-1
2025-02-11 15:18:50.860,23360,23361,23361,1,1
2025-02-11 15:19:00.899,23360,23361,23360,1,-1
2025-02-11 15:19:02.919,23358,23360,23358,2,-2
2025-02-11 15:19:05.761,23358,23360,23358,3,-3
2025-02-11 15:19:10.321,23357,23359,23359,1,1
2025-02-11 15:19:24.224,23357,23359,23359,1,1
2025-02-11 15:19:36.266,23358,23359,23359,1,1
2025-02-11 15:19:36.356,23358,23360,23360,1,1
2025-02-11 15:19:39.088,23359,23361,23359,1,-1
2025-02-11 15:19:39.105,23359,23361,23361,1,1
2025-02-11 15:20:00.320,23359,23361,23361,1,1
2025-02-11 15:20:00.612,23361,23362,23362,2,2
2025-02-11 15:20:00.612,23361,23362,23362,1,1
2025-02-11 15:20:00.614,23361,23362,23363,8,8
2025-02-11 15:20:00.722,23361,23362,23364,1,1
2025-02-11 15:20:14.697,23363,23364,23363,2,-2
2025-02-11 15:20:38.500,23361,23363,23361,1,-1
2025-02-11 15:20:45.347,23360,23361,23360,2,-2
2025-02-11 15:20:45.354,23359,23360,23360,1,1
2025-02-11 15:20:45.354,23359,23360,23361,1,1
2025-02-11 15:20:45.438,23359,23360,23359,1,-1
2025-02-11 15:20:46.955,23359,23361,23358,1,-1
2025-02-11 15:20:46.955,23359,23361,23359,1,-1
2025-02-11 15:20:56.661,23358,23360,23358,1,-1
2025-02-11 15:21:06.435,23357,23359,23359,1,1
2025-02-11 15:21:08.067,23358,23359,23358,1,-1
2025-02-11 15:21:12.917,23357,23358,23358,1,1
2025-02-11 15:21:28.240,23357,23358,23357,3,-3
2025-02-11 15:21:35.817,23356,23357,23356,1,-1
2025-02-11 15:21:39.699,23355,23356,23355,1,-1
2025-02-11 15:21:44.504,23355,23356,23355,2,-2
2025-02-11 15:21:45.214,23354,23355,23355,1,1
2025-02-11 15:21:47.601,23354,23355,23355,1,1
2025-02-11 15:21:48.588,23353,23355,23354,1,-1
2025-02-11 15:21:48.588,23354,23355,23354,1,-1
2025-02-11 15:22:13.420,23354,23355,23354,1,-1
2025-02-11 15:22:17.682,23353,23355,23353,2,-2
2025-02-11 15:22:24.523,23353,23355,23354,2,-2
2025-02-11 15:22:27.687,23353,23355,23355,5,5
2025-02-11 15:22:29.340,23355,23357,23355,1,-1
2025-02-11 15:23:05.094,23356,23357,23357,4,4
2025-02-11 15:23:05.094,23356,23357,23358,1,1
2025-02-11 15:23:05.094,23356,23357,23359,1,1
2025-02-11 15:23:05.106,23357,23359,23360,1,1
2025-02-11 15:23:05.417,23358,23360,23358,1,-1
2025-02-11 15:23:48.632,23356,23359,23359,1,1
2025-02-11 15:23:48.729,23356,23359,23359,1,1
2025-02-11 15:23:48.730,23356,23359,23359,1,1
2025-02-11 15:23:52.672,23357,23359,23359,1,1
2025-02-11 15:23:52.729,23357,23359,23359,1,1
2025-02-11 15:23:52.729,23357,23359,23359,1,1
2025-02-11 15:23:52.730,23357,23359,23360,1,1
2025-02-11 15:23:52.730,23357,23359,23360,1,1
2025-02-11 15:23:52.730,23357,23359,23360,1,1
2025-02-11 15:23:52.737,23357,23359,23361,1,1
2025-02-11 15:24:03.988,23359,23361,23359,1,-1
2025-02-11 15:24:04.160,23358,23360,23360,2,2
2025-02-11 15:24:15.642,23358,23359,23359,1,1
2025-02-11 15:24:18.368,23358,23361,23361,1,1
2025-02-11 15:24:23.286,23359,23360,23360,2,2
2025-02-11 15:24:23.309,23359,23360,23360,1,1
2025-02-11 15:24:23.355,23359,23361,23361,1,1
2025-02-11 15:24:25.034,23359,23361,23361,2,2
2025-02-11 15:24:33.862,23360,23362,23360,2,-2
2025-02-11 15:24:41.171,23361,23362,23361,1,-1
2025-02-11 15:24:43.008,23361,23362,23361,1,-1
2025-02-11 15:25:02.391,23361,23362,23361,1,-1
2025-02-11 15:25:49.729,23359,23360,23359,2,-2
2025-02-11 15:26:04.024,23358,23359,23358,2,-2
2025-02-11 15:26:04.047,23358,23359,23358,1,-1
2025-02-11 15:26:04.450,23357,23359,23357,1,-1
2025-02-11 15:26:04.455,23357,23359,23356,1,-1
2025-02-11 15:26:04.456,23357,23359,23356,1,-1
2025-02-11 15:26:17.066,23358,23359,23358,1,-1
2025-02-11 15:26:19.918,23356,23358,23356,1,-1
2025-02-11 15:27:17.252,23355,23357,23357,4,4
2025-02-11 15:27:17.253,23355,23357,23358,6,6
2025-02-11 15:27:22.424,23358,23359,23359,1,1
2025-02-11 15:27:43.138,23359,23361,23359,1,-1
2025-02-11 15:27:45.115,23359,23360,23359,1,-1
2025-02-11 15:28:07.230,23357,23359,23359,1,1
2025-02-11 15:28:11.516,23357,23359,23359,2,2
2025-02-11 15:28:11.604,23357,23359,23359,1,1
2025-02-11 15:28:11.606,23357,23359,23360,1,1
2025-02-11 15:28:11.827,23359,23360,23359,1,-1
2025-02-11 15:28:20.289,23358,23360,23360,1,1
2025-02-11 15:28:31.835,23358,23359,23358,2,-2
2025-02-11 15:28:31.836,23358,23359,23359,1,1
2025-02-11 15:28:33.639,23358,23360,23359,2,2
2025-02-11 15:28:33.729,23358,23360,23360,1,1
2025-02-11 15:28:46.272,23358,23360,23358,3,-3
2025-02-11 15:29:08.316,23359,23360,23359,1,-1
2025-02-11 15:29:08.363,23359,23360,23360,1,1
2025-02-11 15:29:09.831,23359,23360,23359,1,-1
2025-02-11 15:29:09.854,23359,23360,23360,1,1
2025-02-11 15:29:16.711,23359,23360,23360,1,1
2025-02-11 15:29:17.908,23359,23360,23360,2,2
2025-02-11 15:29:28.078,23359,23360,23359,3,-3
2025-02-11 15:29:28.105,23357,23359,23360,1,1
2025-02-11 15:29:35.711,23357,23358,23358,1,1
2025-02-11 15:29:39.719,23357,23360,23357,1,-1
2025-02-11 15:30:11.228,23358,23360,23360,4,4
2025-02-11 15:30:11.250,23358,23360,23360,1,1
2025-02-11 15:30:11.383,23360,23361,23360,1,-1
2025-02-11 15:30:11.385,23360,23361,23359,1,-1
2025-02-11 15:30:11.741,23359,23361,23361,1,1
2025-02-11 15:30:11.757,23359,23361,23361,1,1
2025-02-11 15:30:11.797,23359,23361,23361,1,1
2025-02-11 15:30:12.318,23359,23361,23359,1,-1
2025-02-11 15:30:12.354,23359,23361,23359,1,-1
2025-02-11 15:30:38.043,23357,23359,23357,1,-1
2025-02-11 15:30:38.151,23356,23358,23356,2,-2
2025-02-11 15:30:38.151,23356,23358,23355,4,-4
2025-02-11 15:30:55.383,23356,23358,23356,1,-1
2025-02-11 15:30:55.479,23355,23358,23355,1,-1
2025-02-11 15:30:55.479,23355,23358,23355,1,-1
2025-02-11 15:30:55.480,23355,23358,23355,1,-1
2025-02-11 15:30:55.480,23355,23358,23355,1,-1
2025-02-11 15:31:05.732,23353,23355,23353,1,-1
2025-02-11 15:31:07.598,23353,23355,23353,1,-1
2025-02-11 15:31:14.027,23352,23353,23353,1,1
2025-02-11 15:31:34.564,23353,23355,23353,1,-1
2025-02-11 15:31:34.584,23353,23355,23352,3,-3
2025-02-11 15:31:34.954,23351,23353,23351,1,-1
2025-02-11 15:31:36.601,23351,23353,23351,1,-1
2025-02-11 15:31:37.483,23351,23353,23351,1,-1
2025-02-11 15:31:37.845,23351,23353,23351,11,-11
2025-02-11 15:31:38.704,23350,23351,23350,14,-14
2025-02-11 15:31:38.704,23350,23351,23349,1,-1
2025-02-11 15:31:38.836,23348,23350,23350,2,2
2025-02-11 15:31:40.553,23348,23350,23348,2,-2
2025-02-11 15:31:41.713,23347,23348,23348,1,1
2025-02-11 15:31:41.783,23347,23348,23348,2,2
2025-02-11 15:31:42.096,23347,23350,23347,5,-5
2025-02-11 15:31:43.137,23347,23349,23347,1,-1
2025-02-11 15:31:45.424,23347,23349,23347,1,-1
2025-02-11 15:31:45.522,23347,23349,23347,1,-1
2025-02-11 15:31:46.451,23347,23349,23349,1,1
2025-02-11 15:31:56.760,23348,23349,23348,2,-2
2025-02-11 15:31:56.783,23348,23349,23348,1,-1
2025-02-11 15:32:04.858,23347,23348,23348,1,1
2025-02-11 15:32:16.106,23347,23348,23347,1,-1
2025-02-11 15:32:16.106,23347,23348,23347,2,-2
2025-02-11 15:32:16.174,23347,23348,23346,1,-1
2025-02-11 15:32:19.015,23346,23347,23346,2,-2
2025-02-11 15:32:19.853,23345,23347,23345,6,-6
2025-02-11 15:32:21.400,23344,23346,23346,1,1
2025-02-11 15:32:26.970,23344,23345,23345,1,1
2025-02-11 15:32:29.869,23345,23346,23345,1,-1
2025-02-11 15:32:33.273,23344,23346,23346,1,1
2025-02-11 15:32:36.181,23346,23348,23346,1,-1
2025-02-11 15:32:38.772,23346,23348,23346,1,-1
2025-02-11 15:32:43.769,23346,23347,23346,1,-1
2025-02-11 15:32:54.344,23345,23346,23346,1,1
2025-02-11 15:32:56.073,23345,23346,23346,1,1
2025-02-11 15:33:04.320,23346,23347,23345,1,-1
2025-02-11 15:33:04.320,23346,23347,23346,1,-1
2025-02-11 15:33:11.152,23346,23348,23346,1,-1
2025-02-11 15:33:15.612,23345,23346,23345,1,-1
2025-02-11 15:33:17.695,23344,23346,23346,1,1
2025-02-11 15:33:17.695,23344,23346,23346,1,1
2025-02-11 15:33:17.695,23344,23346,23346,1,1
2025-02-11 15:33:17.695,23344,23346,23346,2,2
2025-02-11 15:33:38.051,23346,23347,23346,1,-1
2025-02-11 15:33:58.045,23346,23347,23346,1,-1
2025-02-11 15:34:00.335,23345,23346,23345,2,-2
2025-02-11 15:34:02.920,23344,23346,23344,3,-3
2025-02-11 15:34:02.921,23344,23346,23343,7,-7
2025-02-11 15:34:03.007,23342,23343,23342,1,-1
2025-02-11 15:34:05.315,23342,23344,23342,2,-2
2025-02-11 15:34:09.707,23342,23344,23342,2,-2
2025-02-11 15:34:11.314,23342,23344,23342,1,-1
2025-02-11 15:34:12.048,23342,23344,23342,1,-1
2025-02-11 15:34:12.048,23342,23344,23341,4,-4
2025-02-11 15:34:17.065,23341,23343,23341,1,-1
2025-02-11 15:34:17.065,23341,23343,23341,3,-3
2025-02-11 15:34:20.177,23340,23342,23340,1,-1
2025-02-11 15:34:20.177,23340,23342,23340,2,-2
2025-02-11 15:34:20.249,23338,23340,23338,1,-1
2025-02-11 15:34:23.343,23338,23340,23340,1,1
2025-02-11 15:34:23.988,23339,23341,23339,1,-1
2025-02-11 15:34:36.676,23338,23339,23338,3,-3
2025-02-11 15:34:38.607,23337,23338,23337,1,-1
2025-02-11 15:34:38.607,23337,23338,23337,1,-1
2025-02-11 15:34:38.609,23337,23338,23336,1,-1
2025-02-11 15:34:38.625,23337,23338,23335,1,-1
2025-02-11 15:34:38.738,23334,23337,23334,1,-1
2025-02-11 15:34:38.756,23334,23337,23334,1,-1
2025-02-11 15:34:40.714,23335,23337,23335,1,-1
2025-02-11 15:34:40.714,23335,23337,23334,1,-1
2025-02-11 15:34:40.773,23334,23337,23334,2,-2
2025-02-11 15:34:42.933,23334,23337,23334,2,-2
2025-02-11 15:34:44.060,23335,23337,23336,1,-1
2025-02-11 15:34:51.211,23334,23336,23334,1,-1
2025-02-11 15:34:51.579,23334,23336,23336,1,1
2025-02-11 15:34:54.910,23335,23336,23335,1,-1
2025-02-11 15:34:57.379,23334,23335,23335,1,1
2025-02-11 15:34:58.530,23335,23337,23335,1,-1
2025-02-11 15:34:58.628,23335,23337,23335,3,-3
2025-02-11 15:35:01.519,23335,23337,23335,2,-2
2025-02-11 15:35:01.519,23335,23337,23334,1,-1
2025-02-11 15:35:02.160,23334,23336,23336,2,2
2025-02-11 15:35:02.874,23335,23337,23335,1,-1
2025-02-11 15:35:20.905,23335,23336,23336,1,1
2025-02-11 15:35:20.906,23335,23336,23336,1,1
2025-02-11 15:35:21.277,23335,23337,23335,1,-1
2025-02-11 15:35:23.549,23336,23337,23336,1,-1
2025-02-11 15:35:24.352,23335,23337,23337,1,1
2025-02-11 15:35:29.291,23336,23337,23337,1,1
2025-02-11 15:35:31.469,23337,23340,23340,1,1
2025-02-11 15:35:35.291,23337,23340,23340,1,1
2025-02-11 15:35:40.069,23337,23340,23340,3,3
2025-02-11 15:35:40.069,23337,23340,23340,1,1
2025-02-11 15:35:40.244,23338,23341,23338,1,-1
2025-02-11 15:35:40.246,23338,23341,23338,2,-2
2025-02-11 15:35:40.576,23337,23340,23338,1,-1
2025-02-11 15:35:42.825,23337,23340,23340,1,1
2025-02-11 15:35:45.826,23337,23340,23340,1,1
2025-02-11 15:35:46.827,23338,23341,23341,1,1
2025-02-11 15:35:46.876,23338,23341,23341,1,1
2025-02-11 15:35:51.334,23338,23341,23341,3,3
2025-02-11 15:35:53.301,23339,23341,23339,1,-1
2025-02-11 15:36:12.526,23340,23342,23340,2,-2
2025-02-11 15:36:12.703,23338,23341,23337,2,-2
2025-02-11 15:36:12.707,23338,23341,23337,1,-1
2025-02-11 15:36:12.712,23338,23341,23337,3,-3
2025-02-11 15:36:34.255,23335,23337,23335,1,-1
2025-02-11 15:36:34.881,23335,23337,23335,1,-1
2025-02-11 15:36:36.129,23335,23337,23335,1,-1
2025-02-11 15:36:38.859,23335,23337,23335,1,-1
2025-02-11 15:36:42.950,23335,23336,23335,1,-1
2025-02-11 15:36:43.366,23335,23336,23336,1,1
2025-02-11 15:36:43.366,23335,23336,23336,1,1
2025-02-11 15:36:43.760,23336,23337,23336,1,-1
2025-02-11 15:36:50.096,23335,23336,23335,1,-1
2025-02-11 15:36:50.097,23335,23336,23335,1,-1
2025-02-11 15:36:53.430,23334,23336,23334,1,-1
2025-02-11 15:36:53.430,23334,23336,23334,2,-2
2025-02-11 15:36:58.914,23333,23334,23334,1,1
2025-02-11 15:37:00.146,23333,23334,23333,1,-1
2025-02-11 15:37:00.146,23333,23334,23333,1,-1
2025-02-11 15:37:00.147,23333,23334,23332,4,-4
2025-02-11 15:37:00.238,23331,23332,23331,1,-1
2025-02-11 15:37:00.265,23331,23332,23330,3,-3
2025-02-11 15:37:00.382,23330,23332,23330,2,-2
2025-02-11 15:37:00.403,23330,23332,23330,1,-1
2025-02-11 15:37:00.794,23330,23333,23330,1,-1
2025-02-11 15:37:04.021,23330,23333,23333,1,1
2025-02-11 15:37:06.220,23331,23334,23331,1,-1
2025-02-11 15:37:08.550,23331,23334,23331,2,-2
2025-02-11 15:37:08.703,23331,23333,23331,1,-1
2025-02-11 15:37:09.551,23330,23333,23331,1,-1
2025-02-11 15:37:27.339,23332,23333,23333,2,2
2025-02-11 15:37:29.454,23331,23333,23333,1,1
2025-02-11 15:37:47.640,23332,23335,23335,1,1
2025-02-11 15:37:47.859,23332,23335,23334,1,1
2025-02-11 15:37:52.323,23332,23335,23335,1,1
2025-02-11 15:37:57.324,23334,23335,23335,1,1
2025-02-11 15:37:57.542,23334,23336,23335,1,1
2025-02-11 15:37:58.475,23333,23336,23336,1,1
2025-02-11 15:38:01.715,23334,23336,23334,1,-1
2025-02-11 15:38:09.143,23332,23334,23334,1,1
2025-02-11 15:38:12.207,23332,23335,23334,1,1
2025-02-11 15:38:18.619,23333,23335,23333,1,-1
2025-02-11 15:38:18.824,23332,23334,23334,1,1
2025-02-11 15:38:25.159,23332,23333,23332,2,-2
2025-02-11 15:38:25.650,23331,23332,23331,2,-2
2025-02-11 15:38:28.573,23330,23332,23330,4,-4
2025-02-11 15:38:31.410,23329,23330,23329,1,-1
2025-02-11 15:38:34.031,23329,23330,23330,1,1
2025-02-11 15:38:36.634,23329,23332,23332,1,1
2025-02-11 15:38:42.767,23329,23331,23329,2,-2
2025-02-11 15:38:43.162,23328,23329,23329,1,1
2025-02-11 15:38:50.285,23329,23332,23329,5,-5
2025-02-11 15:38:51.241,23328,23331,23329,1,-1
2025-02-11 15:38:52.712,23328,23331,23328,1,-1
2025-02-11 15:38:58.501,23329,23330,23329,1,-1
2025-02-11 15:38:58.502,23329,23330,23329,1,-1
2025-02-11 15:39:16.249,23329,23330,23330,1,1
2025-02-11 15:39:16.249,23329,23330,23330,2,2
2025-02-11 15:39:18.999,23330,23331,23331,1,1
2025-02-11 15:39:41.112,23331,23332,23331,1,-1
2025-02-11 15:39:45.326,23331,23332,23332,2,2
2025-02-11 15:39:46.670,23331,23334,23334,1,1
2025-02-11 15:39:46.863,23331,23334,23334,2,2
2025-02-11 15:39:48.779,23333,23334,23334,1,1
2025-02-11 15:39:51.522,23333,23335,23333,3,-3
2025-02-11 15:39:56.249,23332,23333,23333,1,1
2025-02-11 15:39:57.159,23332,23333,23332,2,-2
2025-02-11 15:39:58.875,23332,23333,23333,1,1
2025-02-11 15:39:58.875,23332,23333,23333,3,3
2025-02-11 15:39:58.875,23332,23333,23333,2,2
2025-02-11 15:40:06.830,23334,23335,23335,1,1
2025-02-11 15:40:09.045,23334,23335,23334,1,-1
2025-02-11 15:40:21.149,23333,23334,23334,2,2
2025-02-11 15:40:21.670,23334,23335,23335,1,1
2025-02-11 15:40:25.835,23334,23335,23335,1,1
2025-02-11 15:40:28.904,23334,23335,23335,1,1
2025-02-11 15:40:32.976,23334,23335,23335,1,1
2025-02-11 15:40:35.513,23334,23335,23335,1,1
2025-02-11 15:40:40.755,23335,23336,23337,1,1
2025-02-11 15:40:40.755,23335,23336,23336,2,2
2025-02-11 15:40:40.830,23335,23336,23338,1,1
2025-02-11 15:40:55.888,23338,23340,23338,2,-2
2025-02-11 15:40:58.990,23337,23339,23339,2,2
2025-02-11 15:41:03.299,23338,23340,23339,1,1
2025-02-11 15:41:09.439,23339,23340,23339,1,-1
2025-02-11 15:41:09.830,23339,23340,23339,1,-1
2025-02-11 15:41:10.052,23339,23340,23340,1,1
2025-02-11 15:41:14.243,23339,23340,23339,2,-2
2025-02-11 15:41:29.191,23339,23340,23339,1,-1
2025-02-11 15:41:43.395,23338,23339,23338,2,-2
2025-02-11 15:41:43.395,23338,23339,23338,1,-1
2025-02-11 15:41:48.591,23337,23338,23337,1,-1
2025-02-11 15:41:54.847,23336,23337,23336,2,-2
2025-02-11 15:42:04.153,23335,23336,23336,1,1
2025-02-11 15:42:04.442,23335,23336,23335,2,-2
2025-02-11 15:42:05.127,23334,23336,23335,5,-5
2025-02-11 15:42:07.812,23335,23336,23335,2,-2
2025-02-11 15:42:07.813,23335,23336,23335,3,-3
2025-02-11 15:42:10.604,23335,23336,23336,1,1
2025-02-11 15:42:10.907,23335,23336,23336,1,1
2025-02-11 15:42:16.458,23336,23338,23338,1,1
2025-02-11 15:42:18.474,23336,23338,23338,1,1
2025-02-11 15:42:23.155,23338,23339,23338,1,-1
2025-02-11 15:42:25.370,23338,23339,23339,1,1
2025-02-11 15:42:27.693,23338,23339,23338,2,-2
2025-02-11 15:42:33.623,23337,23338,23337,2,-2
2025-02-11 15:42:45.201,23337,23338,23337,2,-2
2025-02-11 15:42:54.623,23336,23337,23336,1,-1
2025-02-11 15:42:55.552,23336,23337,23336,1,-1
2025-02-11 15:43:03.951,23336,23338,23336,1,-1
2025-02-11 15:43:12.796,23335,23336,23336,1,1
2025-02-11 15:43:13.608,23335,23336,23336,1,1
2025-02-11 15:43:52.234,23336,23337,23336,1,-1
2025-02-11 15:44:19.173,23335,23337,23337,2,2
2025-02-11 15:44:34.963,23335,23337,23337,1,1
2025-02-11 15:44:40.255,23335,23337,23337,1,1
2025-02-11 15:44:40.314,23335,23337,23335,1,-1
2025-02-11 15:44:50.749,23335,23337,23335,5,-5
2025-02-11 15:44:51.257,23334,23336,23336,1,1
2025-02-11 15:44:51.684,23334,23336,23336,1,1
2025-02-11 15:44:51.684,23334,23336,23337,2,2
2025-02-11 15:44:56.211,23334,23335,23334,1,-1
2025-02-11 15:44:56.212,23334,23335,23334,1,-1
2025-02-11 15:44:56.212,23334,23335,23334,1,-1
2025-02-11 15:44:57.962,23333,23335,23335,2,2
2025-02-11 15:45:00.674,23334,23335,23334,1,-1
2025-02-11 15:45:00.788,23333,23335,23333,2,-2
2025-02-11 15:45:00.936,23332,23335,23335,1,1
2025-02-11 15:45:05.499,23332,23334,23332,3,-3
2025-02-11 15:45:12.029,23332,23334,23334,1,1
2025-02-11 15:45:18.107,23333,23334,23333,1,-1
2025-02-11 15:45:18.572,23332,23334,23333,2,-2
2025-02-11 15:45:19.869,23332,23334,23334,1,1
2025-02-11 15:45:19.980,23333,23335,23335,1,1
2025-02-11 15:45:19.980,23333,23335,23335,1,1
2025-02-11 15:45:19.980,23333,23335,23337,1,1
2025-02-11 15:45:20.847,23334,23337,23337,1,1
2025-02-11 15:45:26.373,23336,23338,23338,1,1
2025-02-11 15:45:34.519,23335,23337,23337,2,2
2025-02-11 15:45:34.604,23335,23337,23338,1,1
2025-02-11 15:45:34.604,23335,23337,23337,1,1
2025-02-11 15:46:14.951,23335,23338,23338,3,3
2025-02-11 15:46:15.001,23336,23339,23339,1,1
2025-02-11 15:46:15.104,23337,23340,23340,1,1
2025-02-11 15:46:15.104,23337,23340,23340,1,1
2025-02-11 15:46:15.105,23337,23340,23340,1,1
2025-02-11 15:46:26.220,23338,23341,23341,1,1
2025-02-11 15:46:26.369,23338,23341,23341,1,1
2025-02-11 15:46:26.580,23339,23342,23342,1,1
2025-02-11 15:46:26.808,23339,23342,23342,1,1
2025-02-11 15:46:26.976,23340,23342,23342,1,1
2025-02-11 15:46:27.176,23340,23342,23342,1,1
2025-02-11 15:46:27.229,23340,23343,23343,1,1
2025-02-11 15:46:30.212,23341,23343,23341,1,-1
2025-02-11 15:46:45.705,23341,23343,23341,1,-1
2025-02-11 15:46:46.726,23341,23343,23343,1,1
2025-02-11 15:46:46.854,23341,23343,23343,1,1
2025-02-11 15:46:46.878,23341,23343,23342,1,1
2025-02-11 15:46:49.754,23342,23343,23343,1,1
2025-02-11 15:46:53.517,23341,23344,23344,1,1
2025-02-11 15:46:53.577,23341,23344,23344,2,2
2025-02-11 15:46:53.577,23341,23344,23345,4,4
2025-02-11 15:46:53.578,23341,23344,23343,1,1
2025-02-11 15:47:02.211,23341,23343,23344,1,1
2025-02-11 15:47:02.211,23341,23343,23343,2,2
2025-02-11 15:47:13.258,23343,23345,23344,1,1
2025-02-11 15:47:21.296,23343,23345,23344,1,1
2025-02-11 15:47:22.215,23343,23345,23343,1,-1
2025-02-11 15:47:22.215,23343,23345,23343,3,-3
2025-02-11 15:47:22.218,23343,23345,23341,1,-1
2025-02-11 15:47:22.218,23343,23345,23340,5,-5
2025-02-11 15:47:32.025,23340,23343,23343,2,2
2025-02-11 15:47:36.308,23341,23343,23341,1,-1
2025-02-11 15:47:40.151,23338,23340,23340,1,1
2025-02-11 15:47:40.151,23338,23340,23341,1,1
2025-02-11 15:47:47.461,23340,23342,23343,1,1
2025-02-11 15:47:47.461,23340,23342,23342,1,1
2025-02-11 15:47:54.447,23340,23343,23341,1,-1
2025-02-11 15:47:54.448,23340,23343,23340,1,-1
2025-02-11 15:48:06.763,23340,23342,23340,2,-2
2025-02-11 15:48:21.481,23339,23341,23339,3,-3
2025-02-11 15:48:21.482,23339,23341,23338,1,-1
2025-02-11 15:48:22.825,23338,23339,23338,3,-3
2025-02-11 15:48:23.321,23336,23338,23338,1,1
2025-02-11 15:48:27.771,23337,23338,23337,1,-1
2025-02-11 15:48:47.768,23337,23338,23338,2,2
2025-02-11 15:48:47.768,23337,23338,23338,2,2
2025-02-11 15:48:47.768,23337,23338,23338,4,4
2025-02-11 15:48:47.769,23337,23338,23338,1,1
2025-02-11 15:48:51.188,23338,23341,23338,1,-1
2025-02-11 15:49:31.338,23339,23341,23339,4,-4
2025-02-11 15:49:37.345,23339,23340,23340,1,1
2025-02-11 15:49:40.611,23340,23341,23340,2,-2
2025-02-11 15:49:49.150,23338,23339,23339,1,1
2025-02-11 15:50:05.924,23338,23339,23338,2,-2
2025-02-11 15:50:06.887,23337,23338,23337,1,-1
2025-02-11 15:50:06.887,23337,23338,23337,2,-2
2025-02-11 15:50:07.637,23336,23338,23338,1,1
2025-02-11 15:50:14.379,23336,23338,23338,1,1
2025-02-11 15:50:14.922,23336,23338,23338,1,1
2025-02-11 15:50:22.159,23339,23341,23341,2,2
2025-02-11 15:50:26.963,23340,23342,23340,2,-2
2025-02-11 15:50:27.292,23339,23341,23341,2,2
2025-02-11 15:50:31.525,23339,23341,23340,1,1
2025-02-11 15:50:46.395,23338,23340,23340,1,1
2025-02-11 15:51:03.109,23338,23340,23340,1,1
2025-02-11 15:51:06.394,23338,23339,23339,1,1
2025-02-11 15:51:19.355,23339,23340,23339,1,-1
2025-02-11 15:51:35.539,23338,23340,23340,1,1
2025-02-11 15:51:35.539,23338,23340,23341,1,1
2025-02-11 15:51:41.786,23338,23339,23339,1,1
2025-02-11 15:51:57.989,23339,23340,23339,1,-1
2025-02-11 15:52:01.699,23338,23340,23337,1,-1
2025-02-11 15:52:01.699,23338,23340,23338,3,-3
2025-02-11 15:52:05.894,23337,23340,23337,4,-4
2025-02-11 15:52:18.768,23337,23339,23337,7,-7
2025-02-11 15:52:19.499,23336,23338,23338,1,1
2025-02-11 15:52:24.854,23336,23338,23338,1,1
2025-02-11 15:52:50.578,23336,23339,23338,1,1
2025-02-11 15:53:09.743,23337,23339,23339,1,1
2025-02-11 15:53:19.324,23337,23340,23338,1,-1
2025-02-11 15:53:25.775,23338,23339,23338,1,-1
2025-02-11 15:53:29.342,23338,23339,23338,1,-1
2025-02-11 15:53:29.998,23337,23339,23337,2,-2
2025-02-11 15:53:29.998,23337,23339,23336,6,-6
2025-02-11 15:53:30.000,23337,23339,23336,1,-1
2025-02-11 15:53:36.766,23335,23337,23335,2,-2
2025-02-11 15:53:45.062,23335,23337,23337,1,1
2025-02-11 15:53:45.857,23336,23338,23336,1,-1
2025-02-11 15:53:46.063,23336,23338,23338,1,1
2025-02-11 15:53:48.146,23336,23338,23336,2,-2
2025-02-11 15:54:16.781,23335,23337,23336,1,-1
2025-02-11 15:54:25.900,23335,23337,23335,5,-5
2025-02-11 15:54:25.900,23335,23337,23334,9,-9
2025-02-11 15:54:31.451,23333,23334,23334,1,1
2025-02-11 15:54:32.538,23333,23334,23334,1,1
2025-02-11 15:54:33.997,23333,23336,23336,2,2
2025-02-11 15:54:44.501,23334,23335,23335,1,1
2025-02-11 15:55:00.976,23335,23336,23335,1,-1
2025-02-11 15:55:03.818,23335,23336,23335,1,-1
2025-02-11 15:55:04.011,23335,23336,23336,1,1
2025-02-11 15:55:19.680,23336,23338,23337,1,1
2025-02-11 15:55:25.345,23337,23338,23338,1,1
2025-02-11 15:55:25.346,23337,23338,23338,2,2
2025-02-11 15:55:44.187,23338,23340,23340,10,10
2025-02-11 15:55:44.247,23340,23341,23341,1,1
2025-02-11 15:55:44.248,23340,23341,23341,1,1
2025-02-11 15:55:44.248,23340,23341,23341,1,1
2025-02-11 15:55:44.248,23340,23341,23341,4,4
2025-02-11 15:55:44.596,23341,23342,23341,1,-1
2025-02-11 15:55:47.541,23341,23342,23341,1,-1
2025-02-11 15:55:54.791,23338,23340,23338,1,-1
2025-02-11 15:55:58.399,23338,23340,23338,2,-2
2025-02-11 15:56:04.771,23338,23340,23340,1,1
2025-02-11 15:56:26.837,23338,23340,23339,1,1
2025-02-11 15:56:37.124,23338,23340,23340,1,1
2025-02-11 15:56:40.906,23340,23341,23340,1,-1
2025-02-11 15:56:43.058,23338,23340,23340,1,1
2025-02-11 15:56:54.066,23340,23341,23341,1,1
2025-02-11 15:57:00.183,23340,23342,23340,2,-2
2025-02-11 15:57:10.957,23339,23341,23339,1,-1
2025-02-11 15:57:13.565,23338,23340,23340,1,1
2025-02-11 15:57:42.895,23338,23340,23339,1,1
2025-02-11 15:57:52.874,23338,23339,23338,1,-1
2025-02-11 15:58:03.983,23337,23338,23337,1,-1
2025-02-11 15:58:06.401,23336,23338,23336,1,-1
2025-02-11 15:58:06.402,23336,23338,23335,1,-1
2025-02-11 15:58:06.403,23336,23338,23335,5,-5
2025-02-11 15:58:09.944,23334,23336,23336,2,2
2025-02-11 15:58:10.171,23334,23337,23334,1,-1
2025-02-11 15:58:10.171,23334,23337,23334,1,-1
2025-02-11 15:58:13.010,23333,23334,23333,1,-1
2025-02-11 15:58:15.107,23332,23333,23332,1,-1
2025-02-11 15:58:19.874,23332,23333,23332,1,-1
2025-02-11 15:58:19.889,23332,23333,23331,2,-2
2025-02-11 15:58:19.891,23332,23333,23330,7,-7
2025-02-11 15:58:19.894,23332,23333,23329,1,-1
2025-02-11 15:58:19.894,23332,23333,23329,1,-1
2025-02-11 15:58:19.900,23332,23333,23328,1,-1
2025-02-11 15:58:19.901,23332,23333,23328,1,-1
2025-02-11 15:58:19.901,23332,23333,23328,1,-1
2025-02-11 15:58:19.901,23332,23333,23328,1,-1
2025-02-11 15:58:19.902,23332,23333,23328,1,-1
2025-02-11 15:58:19.902,23332,23333,23327,1,-1
2025-02-11 15:58:19.906,23332,23333,23327,3,-3
2025-02-11 15:58:19.985,23327,23328,23328,1,1
2025-02-11 15:58:19.988,23327,23328,23328,2,2
2025-02-11 15:58:19.988,23327,23328,23327,1,-1
2025-02-11 15:58:20.038,23327,23328,23328,1,1
2025-02-11 15:58:20.038,23327,23328,23327,1,-1
2025-02-11 15:58:20.045,23327,23328,23327,1,-1
2025-02-11 15:58:20.538,23327,23330,23330,1,1
2025-02-11 15:58:20.753,23326,23328,23328,1,1
2025-02-11 15:58:22.920,23326,23328,23326,2,-2
2025-02-11 15:58:22.920,23326,23328,23326,1,-1
2025-02-11 15:58:22.923,23326,23328,23325,1,-1
2025-02-11 15:58:22.923,23326,23328,23325,2,-2
2025-02-11 15:58:22.987,23324,23325,23324,1,-1
2025-02-11 15:58:23.016,23324,23325,23324,1,-1
2025-02-11 15:58:23.019,23324,23325,23324,1,-1
2025-02-11 15:58:23.291,23324,23325,23325,1,1
2025-02-11 15:58:24.855,23324,23325,23324,2,-2
2025-02-11 15:58:24.912,23324,23325,23324,1,-1
2025-02-11 15:58:25.149,23324,23326,23324,1,-1
2025-02-11 15:58:27.604,23324,23325,23325,1,1
2025-02-11 15:58:29.685,23324,23327,23327,1,1
2025-02-11 15:58:30.206,23324,23327,23324,1,-1
2025-02-11 15:58:34.262,23325,23326,23326,1,1
2025-02-11 15:58:38.157,23324,23327,23326,1,1
2025-02-11 15:58:39.032,23325,23327,23325,1,-1
2025-02-11 15:58:39.320,23324,23327,23324,1,-1
2025-02-11 15:58:42.353,23324,23326,23324,1,-1
2025-02-11 15:58:42.488,23323,23325,23324,1,-1
2025-02-11 15:58:42.488,23323,23325,23323,9,-9
2025-02-11 15:58:44.579,23323,23324,23323,1,-1
2025-02-11 15:58:44.715,23323,23324,23324,1,1
2025-02-11 15:58:45.353,23323,23324,23323,1,-1
2025-02-11 15:58:47.871,23322,23325,23322,4,-4
2025-02-11 15:58:47.871,23322,23325,23321,10,-10
2025-02-11 15:58:47.871,23322,23325,23320,6,-6
2025-02-11 15:58:48.448,23321,23323,23321,1,-1
2025-02-11 15:58:48.451,23321,23323,23321,1,-1
2025-02-11 15:58:51.391,23321,23322,23321,1,-1
2025-02-11 15:58:51.563,23321,23322,23321,1,-1
2025-02-11 15:58:51.746,23321,23322,23321,1,-1
2025-02-11 15:58:51.958,23321,23322,23321,1,-1
2025-02-11 15:58:52.078,23321,23322,23321,1,-1
2025-02-11 15:58:52.238,23321,23322,23321,1,-1
2025-02-11 15:58:53.042,23321,23322,23321,1,-1
2025-02-11 15:58:54.253,23321,23322,23321,2,-2
2025-02-11 15:58:54.254,23321,23322,23321,1,-1
2025-02-11 15:58:55.389,23321,23322,23321,1,-1
2025-02-11 15:58:56.613,23321,23322,23321,1,-1
2025-02-11 15:58:56.613,23321,23322,23320,1,-1
2025-02-11 15:58:56.614,23321,23322,23320,61,-61
2025-02-11 15:58:56.615,23321,23322,23319,1,-1
2025-02-11 15:58:56.615,23321,23322,23319,4,-4
2025-02-11 15:58:56.615,23321,23322,23319,1,-1
2025-02-11 15:58:56.616,23321,23322,23319,2,-2
2025-02-11 15:58:56.616,23321,23322,23318,1,-1
2025-02-11 15:58:56.738,23317,23318,23317,1,-1
2025-02-11 15:58:56.761,23317,23318,23318,1,1
2025-02-11 15:58:56.975,23317,23318,23318,1,1
2025-02-11 15:58:58.997,23317,23318,23317,2,-2
2025-02-11 15:58:59.049,23317,23318,23318,1,1
2025-02-11 15:59:00.024,23316,23318,23318,1,1
2025-02-11 15:59:00.775,23316,23317,23316,2,-2
2025-02-11 15:59:02.620,23316,23318,23316,1,-1
2025-02-11 15:59:03.015,23315,23316,23315,1,-1
2025-02-11 15:59:03.015,23315,23316,23315,1,-1
2025-02-11 15:59:03.016,23315,23316,23314,4,-4
2025-02-11 15:59:03.034,23315,23316,23313,1,-1
2025-02-11 15:59:03.035,23315,23316,23313,1,-1
2025-02-11 15:59:03.036,23315,23316,23312,1,-1
2025-02-11 15:59:03.037,23315,23316,23312,7,-7
2025-02-11 15:59:03.117,23311,23313,23312,2,-2
2025-02-11 15:59:03.140,23311,23313,23312,2,-2
2025-02-11 15:59:03.140,23311,23313,23311,2,-2
2025-02-11 15:59:03.168,23311,23313,23313,1,1
2025-02-11 15:59:03.168,23311,23313,23313,1,1
2025-02-11 15:59:03.177,23311,23313,23312,2,2
2025-02-11 15:59:03.195,23311,23313,23312,1,1
2025-02-11 15:59:03.195,23311,23313,23311,1,-1
2025-02-11 15:59:03.199,23311,23313,23311,1,-1
2025-02-11 15:59:03.202,23311,23313,23312,1,-1
2025-02-11 15:59:03.202,23311,23313,23311,1,-1
2025-02-11 15:59:03.222,23311,23313,23311,1,-1
2025-02-11 15:59:03.222,23311,23313,23310,1,-1
2025-02-11 15:59:03.269,23310,23313,23310,3,-3
2025-02-11 15:59:03.276,23310,23313,23311,1,-1
2025-02-11 15:59:03.285,23310,23313,23312,1,1
2025-02-11 15:59:03.361,23311,23312,23310,1,-1
2025-02-11 15:59:03.361,23311,23312,23311,1,-1
2025-02-11 15:59:03.408,23311,23312,23310,1,-1
2025-02-11 15:59:03.431,23311,23312,23311,1,-1
2025-02-11 15:59:03.431,23311,23312,23310,1,-1
2025-02-11 15:59:03.446,23311,23312,23311,1,-1
2025-02-11 15:59:03.446,23311,23312,23310,1,-1
2025-02-11 15:59:03.558,23311,23312,23310,1,-1
2025-02-11 15:59:03.561,23311,23312,23310,1,-1
2025-02-11 15:59:03.561,23311,23312,23309,2,-2
2025-02-11 15:59:03.600,23311,23312,23309,2,-2
2025-02-11 15:59:03.666,23309,23312,23310,1,-1
2025-02-11 15:59:03.756,23309,23312,23309,1,-1
2025-02-11 15:59:03.810,23309,23312,23309,1,-1
2025-02-11 15:59:03.881,23309,23312,23309,2,-2
2025-02-11 15:59:03.923,23309,23312,23309,2,-2
2025-02-11 15:59:04.300,23311,23313,23311,1,-1
2025-02-11 15:59:04.599,23310,23313,23313,1,1
2025-02-11 15:59:04.599,23310,23313,23311,7,-7
2025-02-11 15:59:04.599,23310,23313,23310,7,-7
2025-02-11 15:59:06.829,23311,23313,23311,2,-2
2025-02-11 15:59:06.854,23310,23313,23310,2,-2
2025-02-11 15:59:06.855,23310,23313,23310,2,-2
2025-02-11 15:59:08.061,23310,23312,23312,1,1
2025-02-11 15:59:08.778,23310,23312,23310,1,-1
2025-02-11 15:59:08.779,23310,23312,23310,1,-1
2025-02-11 15:59:08.928,23310,23312,23312,1,1
2025-02-11 15:59:09.206,23310,23312,23310,2,-2
2025-02-11 15:59:09.814,23311,23313,23311,1,-1
2025-02-11 15:59:10.233,23311,23313,23311,1,-1
2025-02-11 15:59:12.676,23311,23314,23314,1,1
2025-02-11 15:59:13.029,23312,23314,23312,2,-2
2025-02-11 15:59:13.614,23311,23313,23311,1,-1
2025-02-11 15:59:16.203,23312,23313,23312,1,-1
2025-02-11 15:59:16.654,23311,23313,23311,1,-1
2025-02-11 15:59:16.763,23311,23313,23310,2,-2
2025-02-11 15:59:16.763,23311,23313,23311,1,-1
2025-02-11 15:59:16.812,23311,23313,23312,1,-1
2025-02-11 15:59:17.104,23311,23313,23311,1,-1
2025-02-11 15:59:17.695,23311,23313,23313,1,1
2025-02-11 15:59:17.774,23311,23313,23311,2,-2
2025-02-11 15:59:18.014,23311,23313,23311,1,-1
2025-02-11 15:59:18.064,23311,23313,23311,1,-1
2025-02-11 15:59:18.874,23310,23313,23310,1,-1
2025-02-11 15:59:19.611,23310,23312,23310,3,-3
2025-02-11 15:59:19.901,23309,23311,23311,1,1
2025-02-11 15:59:20.471,23309,23311,23310,2,2
2025-02-11 15:59:20.917,23309,23312,23309,2,-2
2025-02-11 15:59:21.258,23308,23311,23310,1,1
2025-02-11 15:59:24.449,23308,23310,23309,2,2
2025-02-11 15:59:30.044,23309,23310,23309,1,-1
2025-02-11 15:59:30.207,23308,23310,23308,1,-1
2025-02-11 15:59:30.246,23308,23310,23308,1,-1
2025-02-11 15:59:33.019,23308,23309,23309,1,1
2025-02-11 15:59:35.092,23308,23310,23308,1,-1
2025-02-11 15:59:35.934,23308,23310,23310,1,1
2025-02-11 15:59:38.435,23308,23310,23310,1,1
2025-02-11 15:59:38.526,23308,23310,23310,1,1
2025-02-11 15:59:38.526,23308,23310,23310,1,1
2025-02-11 15:59:38.527,23308,23310,23310,1,1
2025-02-11 15:59:38.527,23308,23310,23310,1,1
2025-02-11 15:59:38.527,23308,23310,23310,1,1
2025-02-11 15:59:38.527,23308,23310,23310,3,3
2025-02-11 15:59:38.527,23308,23310,23310,2,2
2025-02-11 15:59:38.527,23308,23310,23310,2,2
2025-02-11 15:59:38.527,23308,23310,23310,1,1
2025-02-11 15:59:38.527,23308,23310,23310,6,6
2025-02-11 15:59:39.378,23308,23311,23308,1,-1
2025-02-11 15:59:40.935,23309,23311,23311,1,1
2025-02-11 15:59:43.436,23309,23311,23311,1,1
2025-02-11 15:59:46.005,23310,23312,23312,1,1
2025-02-11 15:59:46.096,23310,23312,23313,1,1
2025-02-11 15:59:47.554,23311,23313,23313,1,1
2025-02-11 15:59:48.538,23311,23313,23313,1,1
2025-02-11 15:59:56.115,23310,23312,23312,1,1
2025-02-11 15:59:58.294,23310,23312,23310,1,-1
2025-02-11 15:59:58.903,23310,23311,23310,1,-1
2025-02-11 15:59:59.841,23309,23311,23309,1,-1
2025-02-11 15:59:59.841,23309,23311,23308,9,-9
2025-02-11 15:59:59.858,23308,23310,23308,1,-1
2025-02-11 15:59:59.911,23308,23310,23309,1,-1
2025-02-11 15:59:59.924,23308,23310,23309,1,-1
2025-02-11 16:00:00.001,23308,23309,23309,1,1
2025-02-11 16:00:00.140,23308,23310,23308,1,-1
2025-02-11 16:00:00.198,23308,23310,23309,1,-1
2025-02-11 16:00:00.280,23308,23311,23309,1,-1
2025-02-11 16:00:00.280,23308,23311,23308,1,-1
2025-02-11 16:00:00.520,23307,23309,23307,3,-3
2025-02-11 16:00:00.622,23307,23309,23307,1,-1
2025-02-11 16:00:00.678,23307,23309,23306,1,-1
2025-02-11 16:00:00.906,23307,23308,23307,1,-1
2025-02-11 16:00:00.978,23307,23308,23307,1,-1
2025-02-11 16:00:00.978,23307,23308,23306,1,-1
2025-02-11 16:00:00.979,23307,23308,23306,4,-4
2025-02-11 16:00:01.144,23306,23308,23306,1,-1
2025-02-11 16:00:01.144,23306,23308,23306,1,-1
2025-02-11 16:00:01.144,23306,23308,23306,1,-1
2025-02-11 16:00:01.173,23306,23308,23305,2,-2
2025-02-11 16:00:01.198,23306,23308,23305,8,-8
2025-02-11 16:00:01.198,23306,23308,23304,2,-2
2025-02-11 16:00:01.199,23306,23308,23303,14,-14
2025-02-11 16:00:01.199,23306,23308,23302,6,-6
2025-02-11 16:00:01.200,23306,23308,23302,4,-4
2025-02-11 16:00:01.200,23306,23308,23301,2,-2
2025-02-11 16:00:01.200,23306,23308,23302,1,-1
2025-02-11 16:00:01.200,23306,23308,23301,2,-2
2025-02-11 16:00:01.201,23306,23308,23301,3,-3
2025-02-11 16:00:01.201,23306,23308,23300,1,-1
2025-02-11 16:00:01.202,23306,23308,23300,2,-2
2025-02-11 16:00:01.202,23306,23308,23300,2,-2
2025-02-11 16:00:01.202,23306,23308,23301,1,-1
2025-02-11 16:00:01.202,23306,23308,23300,3,-3
2025-02-11 16:00:01.202,23306,23308,23300,4,-4
2025-02-11 16:00:01.203,23306,23308,23300,2,-2
2025-02-11 16:00:01.203,23306,23308,23300,3,-3
2025-02-11 16:00:01.203,23306,23308,23300,1,-1
2025-02-11 16:00:01.204,23306,23308,23300,1,-1
2025-02-11 16:00:01.204,23306,23308,23300,2,-2
2025-02-11 16:00:01.207,23306,23308,23299,2,-2
2025-02-11 16:00:01.207,23306,23308,23298,16,-16
2025-02-11 16:00:01.207,23306,23308,23297,12,-12
2025-02-11 16:00:01.208,23306,23308,23297,5,-5
2025-02-11 16:00:01.209,23306,23308,23297,1,-1
2025-02-11 16:00:01.217,23306,23308,23296,5,-5
2025-02-11 16:00:01.253,23296,23298,23296,1,-1
2025-02-11 16:00:01.256,23296,23298,23296,2,-2
2025-02-11 16:00:01.260,23296,23298,23296,1,-1
2025-02-11 16:00:01.266,23296,23298,23296,2,-2
2025-02-11 16:00:01.286,23296,23298,23296,3,-3
2025-02-11 16:00:01.286,23296,23298,23295,3,-3
2025-02-11 16:00:01.287,23296,23298,23295,1,-1
2025-02-11 16:00:01.290,23296,23298,23295,1,-1
2025-02-11 16:00:01.291,23296,23298,23297,2,-2
2025-02-11 16:00:01.291,23296,23298,23295,2,-2
2025-02-11 16:00:01.291,23296,23298,23295,2,-2
2025-02-11 16:00:01.292,23296,23298,23296,1,-1
2025-02-11 16:00:01.293,23296,23298,23296,1,-1
2025-02-11 16:00:01.293,23296,23298,23296,1,-1
2025-02-11 16:00:01.294,23296,23298,23297,1,-1
2025-02-11 16:00:01.296,23296,23298,23295,7,-7
2025-02-11 16:00:01.296,23296,23298,23294,1,-1
2025-02-11 16:00:01.299,23296,23298,23294,3,-3
2025-02-11 16:00:01.299,23296,23298,23294,1,-1
2025-02-11 16:00:01.299,23296,23298,23294,4,-4
2025-02-11 16:00:01.299,23296,23298,23295,2,-2
2025-02-11 16:00:01.301,23296,23298,23294,1,-1
2025-02-11 16:00:01.307,23296,23298,23294,3,-3
2025-02-11 16:00:01.307,23296,23298,23293,1,-1
2025-02-11 16:00:01.307,23296,23298,23293,1,-1
2025-02-11 16:00:01.317,23296,23298,23293,1,-1
2025-02-11 16:00:01.321,23296,23298,23293,2,-2
2025-02-11 16:00:01.321,23296,23298,23293,8,-8
2025-02-11 16:00:01.322,23296,23298,23293,1,-1
2025-02-11 16:00:01.322,23296,23298,23293,1,-1
2025-02-11 16:00:01.322,23296,23298,23292,1,-1
2025-02-11 16:00:01.326,23296,23298,23291,1,-1
2025-02-11 16:00:01.326,23296,23298,23292,1,-1
2025-02-11 16:00:01.327,23296,23298,23292,1,-1
2025-02-11 16:00:01.327,23296,23298,23292,2,-2
2025-02-11 16:00:01.333,23296,23298,23291,1,-1
2025-02-11 16:00:01.336,23296,23298,23291,1,-1
2025-02-11 16:00:01.337,23296,23298,23291,1,-1
2025-02-11 16:00:01.340,23296,23298,23291,1,-1
2025-02-11 16:00:01.357,23290,23293,23291,1,-1
2025-02-11 16:00:01.365,23290,23293,23291,1,-1
2025-02-11 16:00:01.365,23290,23293,23290,1,-1
2025-02-11 16:00:01.369,23290,23293,23290,2,-2
2025-02-11 16:00:01.391,23290,23293,23293,1,1
2025-02-11 16:00:01.393,23290,23293,23294,3,3
2025-02-11 16:00:01.395,23290,23293,23294,1,1
2025-02-11 16:00:01.395,23290,23293,23294,2,2
2025-02-11 16:00:01.401,23290,23293,23293,1,1
2025-02-11 16:00:01.401,23290,23293,23292,1,1
2025-02-11 16:00:01.406,23290,23293,23292,1,1
2025-02-11 16:00:01.420,23290,23293,23292,1,1
2025-02-11 16:00:01.423,23290,23293,23293,2,2
2025-02-11 16:00:01.425,23290,23293,23291,2,-2
2025-02-11 16:00:01.425,23290,23293,23290,1,-1
2025-02-11 16:00:01.436,23290,23293,23293,1,1
2025-02-11 16:00:01.436,23290,23293,23293,1,1
2025-02-11 16:00:01.462,23290,23293,23292,1,1
2025-02-11 16:00:01.462,23290,23293,23294,2,2
2025-02-11 16:00:01.463,23290,23293,23294,1,1
2025-02-11 16:00:01.464,23290,23293,23292,2,2
2025-02-11 16:00:01.464,23290,23293,23292,1,1
2025-02-11 16:00:01.464,23290,23293,23291,1,-1
2025-02-11 16:00:01.486,23292,23294,23292,2,-2
2025-02-11 16:00:01.486,23292,23294,23291,3,-3
2025-02-11 16:00:01.486,23292,23294,23290,1,-1
2025-02-11 16:00:01.492,23292,23294,23291,1,-1
2025-02-11 16:00:01.505,23292,23294,23290,1,-1
2025-02-11 16:00:01.507,23292,23294,23290,1,-1
2025-02-11 16:00:01.520,23292,23294,23293,1,-1
2025-02-11 16:00:01.520,23292,23294,23290,1,-1
2025-02-11 16:00:01.532,23292,23294,23290,2,-2
2025-02-11 16:00:01.558,23292,23294,23290,1,-1
2025-02-11 16:00:01.560,23292,23294,23290,2,-2
2025-02-11 16:00:01.597,23292,23294,23290,1,-1
2025-02-11 16:00:01.630,23290,23292,23290,1,-1
2025-02-11 16:00:01.651,23290,23292,23292,1,1
2025-02-11 16:00:01.653,23290,23292,23290,4,-4
2025-02-11 16:00:01.653,23290,23292,23290,1,-1
2025-02-11 16:00:01.655,23290,23292,23290,1,-1
2025-02-11 16:00:01.657,23290,23292,23290,1,-1
2025-02-11 16:00:01.713,23290,23292,23287,2,-2
2025-02-11 16:00:01.713,23290,23292,23288,5,-5
2025-02-11 16:00:01.713,23290,23292,23289,3,-3
2025-02-11 16:00:01.729,23288,23292,23288,4,-4
2025-02-11 16:00:01.735,23288,23292,23290,1,-1
2025-02-11 16:00:01.746,23288,23292,23288,1,-1
2025-02-11 16:00:01.767,23288,23292,23287,1,-1
2025-02-11 16:00:01.778,23288,23292,23287,5,-5
2025-02-11 16:00:01.778,23288,23292,23286,1,-1
2025-02-11 16:00:01.779,23288,23292,23286,1,-1
2025-02-11 16:00:01.780,23288,23292,23285,1,-1
2025-02-11 16:00:01.820,23288,23292,23287,1,-1
2025-02-11 16:00:01.902,23285,23287,23287,36,36
2025-02-11 16:00:01.903,23285,23287,23289,2,2
2025-02-11 16:00:01.917,23285,23287,23287,3,3
2025-02-11 16:00:01.934,23285,23287,23287,5,5
2025-02-11 16:00:01.938,23285,23287,23286,2,2
2025-02-11 16:00:02.006,23286,23289,23286,1,-1
2025-02-11 16:00:02.030,23286,23289,23285,1,-1
2025-02-11 16:00:02.032,23286,23289,23284,2,-2
2025-02-11 16:00:02.049,23286,23289,23287,1,-1
2025-02-11 16:00:02.050,23286,23289,23288,3,3
2025-02-11 16:00:02.050,23286,23289,23289,5,5
2025-02-11 16:00:02.050,23286,23289,23290,2,2
2025-02-11 16:00:02.059,23286,23289,23286,1,-1
2025-02-11 16:00:02.082,23286,23289,23289,1,1
2025-02-11 16:00:02.082,23286,23289,23288,1,1
2025-02-11 16:00:02.085,23286,23289,23286,1,-1
2025-02-11 16:00:02.106,23286,23289,23286,1,-1
2025-02-11 16:00:02.132,23286,23289,23285,1,-1
2025-02-11 16:00:02.135,23286,23289,23289,2,2
2025-02-11 16:00:02.140,23286,23289,23286,1,-1
2025-02-11 16:00:02.142,23286,23289,23286,1,-1
2025-02-11 16:00:02.155,23286,23289,23286,1,-1
2025-02-11 16:00:02.215,23286,23289,23286,1,-1
2025-02-11 16:00:02.389,23285,23288,23285,1,-1
2025-02-11 16:00:02.411,23285,23288,23285,1,-1
2025-02-11 16:00:02.503,23285,23288,23285,1,-1
2025-02-11 16:00:02.503,23285,23288,23285,1,-1
2025-02-11 16:00:02.560,23285,23288,23284,1,-1
2025-02-11 16:00:02.561,23285,23288,23284,1,-1
2025-02-11 16:00:02.562,23285,23288,23284,1,-1
2025-02-11 16:00:02.566,23285,23288,23284,1,-1
2025-02-11 16:00:02.589,23285,23288,23283,1,-1
2025-02-11 16:00:02.621,23283,23285,23283,1,-1
2025-02-11 16:00:02.622,23283,23285,23283,1,-1
2025-02-11 16:00:02.643,23283,23285,23283,1,-1
2025-02-11 16:00:02.647,23283,23285,23282,5,-5
2025-02-11 16:00:02.647,23283,23285,23281,1,-1
2025-02-11 16:00:02.647,23283,23285,23283,4,-4
2025-02-11 16:00:02.676,23283,23285,23281,2,-2
2025-02-11 16:00:02.676,23283,23285,23280,6,-6
2025-02-11 16:00:02.701,23283,23285,23283,1,-1
2025-02-11 16:00:02.746,23281,23283,23281,2,-2
2025-02-11 16:00:02.746,23281,23283,23280,1,-1
2025-02-11 16:00:02.750,23281,23283,23280,1,-1
2025-02-11 16:00:02.773,23281,23283,23280,3,-3
2025-02-11 16:00:02.777,23281,23283,23280,2,-2
2025-02-11 16:00:02.820,23281,23283,23280,1,-1
2025-02-11 16:00:02.822,23281,23283,23278,2,-2
2025-02-11 16:00:02.822,23281,23283,23279,2,-2
2025-02-11 16:00:02.822,23281,23283,23280,4,-4
2025-02-11 16:00:02.849,23281,23283,23280,1,-1
2025-02-11 16:00:02.869,23278,23280,23280,1,1
2025-02-11 16:00:02.876,23278,23280,23281,1,1
2025-02-11 16:00:02.876,23278,23280,23282,5,5
2025-02-11 16:00:02.876,23278,23280,23283,4,4
2025-02-11 16:00:02.897,23278,23280,23280,1,1
2025-02-11 16:00:02.917,23278,23280,23279,6,6
2025-02-11 16:00:02.917,23278,23280,23278,1,-1
2025-02-11 16:00:02.917,23278,23280,23280,1,1
2025-02-11 16:00:03.076,23278,23281,23282,2,2
2025-02-11 16:00:03.151,23282,23284,23284,2,2
2025-02-11 16:00:03.201,23282,23284,23284,1,1
2025-02-11 16:00:03.201,23282,23284,23285,1,1
2025-02-11 16:00:03.260,23284,23287,23284,1,-1
2025-02-11 16:00:03.298,23284,23287,23284,1,-1
2025-02-11 16:00:03.299,23284,23287,23285,1,-1
2025-02-11 16:00:03.311,23284,23287,23286,1,1
2025-02-11 16:00:03.311,23284,23287,23287,1,1
2025-02-11 16:00:03.341,23284,23287,23285,1,-1
2025-02-11 16:00:03.342,23284,23287,23288,2,2
2025-02-11 16:00:03.432,23285,23288,23286,3,-3
2025-02-11 16:00:03.474,23285,23288,23290,1,1
2025-02-11 16:00:03.474,23285,23288,23288,2,2
2025-02-11 16:00:03.474,23285,23288,23289,5,5
2025-02-11 16:00:04.064,23287,23289,23290,1,1
2025-02-11 16:00:04.123,23288,23290,23290,1,1
2025-02-11 16:00:04.123,23288,23290,23290,4,4
2025-02-11 16:00:04.276,23290,23292,23290,1,-1
2025-02-11 16:00:04.277,23290,23292,23291,2,-2
2025-02-11 16:00:04.307,23290,23292,23290,1,-1
2025-02-11 16:00:04.322,23290,23292,23290,1,-1
2025-02-11 16:00:04.421,23289,23292,23291,1,1
2025-02-11 16:00:04.424,23289,23292,23291,1,1
2025-02-11 16:00:04.550,23288,23291,23290,1,1
2025-02-11 16:00:04.651,23287,23289,23287,1,-1
2025-02-11 16:00:04.735,23287,23289,23287,1,-1
2025-02-11 16:00:04.898,23288,23289,23288,1,-1
2025-02-11 16:00:05.001,23286,23288,23288,1,1
2025-02-11 16:00:05.104,23286,23289,23289,1,1
2025-02-11 16:00:06.080,23287,23289,23289,1,1
2025-02-11 16:00:06.104,23286,23289,23286,1,-1
2025-02-11 16:00:06.114,23286,23289,23286,1,-1
2025-02-11 16:00:06.125,23286,23289,23286,1,-1
2025-02-11 16:00:06.127,23286,23289,23287,1,-1
2025-02-11 16:00:06.230,23285,23287,23287,1,1
2025-02-11 16:00:06.623,23286,23288,23288,1,1
2025-02-11 16:00:08.391,23287,23290,23290,1,1
2025-02-11 16:00:08.479,23288,23290,23288,1,-1
2025-02-11 16:00:08.494,23288,23290,23290,1,1
2025-02-11 16:00:08.512,23288,23290,23290,1,1
2025-02-11 16:00:08.854,23288,23290,23290,1,1
2025-02-11 16:00:08.858,23288,23290,23292,1,1
2025-02-11 16:00:09.150,23290,23292,23292,1,1
2025-02-11 16:00:09.314,23290,23293,23290,1,-1
2025-02-11 16:00:09.747,23291,23293,23293,2,2
2025-02-11 16:00:10.240,23292,23294,23294,16,16
2025-02-11 16:00:10.241,23292,23294,23294,3,3
2025-02-11 16:00:10.241,23292,23294,23294,4,4
2025-02-11 16:00:10.241,23292,23294,23294,4,4
2025-02-11 16:00:10.245,23292,23294,23296,2,2
2025-02-11 16:00:10.534,23293,23295,23296,2,2
2025-02-11 16:00:11.304,23293,23296,23297,4,4
2025-02-11 16:00:11.427,23294,23297,23296,1,1
2025-02-11 16:00:11.506,23294,23296,23294,1,-1
2025-02-11 16:00:11.773,23294,23297,23296,1,1
2025-02-11 16:00:11.775,23294,23297,23296,1,1
2025-02-11 16:00:11.989,23294,23296,23296,1,1
2025-02-11 16:00:12.022,23294,23296,23294,1,-1
2025-02-11 16:00:12.138,23295,23297,23295,1,-1
2025-02-11 16:00:12.360,23295,23297,23295,1,-1
2025-02-11 16:00:12.360,23295,23297,23294,3,-3
2025-02-11 16:00:12.442,23295,23297,23294,1,-1
2025-02-11 16:00:12.527,23294,23297,23297,1,1
2025-02-11 16:00:13.739,23295,23297,23295,1,-1
2025-02-11 16:00:14.017,23295,23297,23295,2,-2
2025-02-11 16:00:14.734,23293,23296,23296,1,1
2025-02-11 16:00:15.396,23294,23297,23297,1,1
2025-02-11 16:00:15.837,23295,23297,23297,1,1
2025-02-11 16:00:17.534,23295,23297,23297,6,6
2025-02-11 16:00:17.538,23295,23297,23298,8,8
2025-02-11 16:00:17.572,23295,23297,23300,2,2
2025-02-11 16:00:17.690,23299,23301,23301,2,2
2025-02-11 16:00:17.691,23299,23301,23302,1,1
2025-02-11 16:00:17.691,23299,23301,23302,1,1
2025-02-11 16:00:17.692,23299,23301,23302,1,1
2025-02-11 16:00:17.692,23299,23301,23302,1,1
2025-02-11 16:00:17.692,23299,23301,23302,1,1
2025-02-11 16:00:17.692,23299,23301,23302,1,1
2025-02-11 16:00:17.907,23300,23302,23300,1,-1
2025-02-11 16:00:18.993,23300,23302,23300,1,-1
2025-02-11 16:00:18.994,23300,23302,23302,1,1
2025-02-11 16:00:19.104,23299,23302,23299,1,-1
2025-02-11 16:00:19.203,23299,23302,23302,2,2
2025-02-11 16:00:19.473,23300,23303,23300,1,-1
2025-02-11 16:00:23.140,23300,23302,23300,1,-1
2025-02-11 16:00:23.140,23300,23302,23300,1,-1
2025-02-11 16:00:23.140,23300,23302,23300,1,-1
2025-02-11 16:00:24.007,23299,23302,23302,1,1
2025-02-11 16:00:25.393,23300,23302,23302,1,1
2025-02-11 16:00:25.987,23300,23302,23300,1,-1
2025-02-11 16:00:26.092,23300,23302,23300,2,-2
2025-02-11 16:00:26.093,23300,23302,23300,3,-3
2025-02-11 16:00:26.967,23299,23302,23299,1,-1
2025-02-11 16:00:28.180,23300,23302,23302,1,1
2025-02-11 16:00:31.882,23297,23299,23297,1,-1
2025-02-11 16:00:31.882,23297,23299,23297,1,-1
2025-02-11 16:00:32.212,23295,23297,23295,1,-1
2025-02-11 16:00:32.231,23293,23295,23292,1,-1
2025-02-11 16:00:32.237,23293,23295,23292,1,-1
2025-02-11 16:00:32.336,23293,23295,23295,1,1
2025-02-11 16:00:33.172,23293,23296,23296,1,1
2025-02-11 16:00:37.105,23292,23295,23295,1,1
2025-02-11 16:00:37.290,23292,23295,23295,1,1
2025-02-11 16:00:37.839,23293,23296,23293,1,-1
2025-02-11 16:00:37.839,23293,23296,23292,1,-1
2025-02-11 16:00:38.432,23293,23296,23295,1,1
2025-02-11 16:00:38.479,23293,23295,23293,1,-1
2025-02-11 16:00:38.479,23293,23295,23292,1,-1
2025-02-11 16:00:38.508,23293,23295,23295,2,2
2025-02-11 16:00:38.508,23293,23295,23295,3,3
2025-02-11 16:00:38.508,23293,23295,23294,1,-1
2025-02-11 16:00:39.735,23293,23295,23295,1,1
2025-02-11 16:00:42.286,23293,23296,23294,2,-2
2025-02-11 16:00:42.286,23293,23296,23293,3,-3
2025-02-11 16:00:42.744,23293,23296,23296,1,1
2025-02-11 16:00:45.177,23293,23295,23293,1,-1
2025-02-11 16:00:45.177,23293,23295,23292,2,-2
2025-02-11 16:00:45.395,23293,23295,23295,1,1
2025-02-11 16:00:45.904,23293,23295,23295,4,4
2025-02-11 16:00:45.958,23293,23295,23296,1,1
2025-02-11 16:00:45.958,23293,23295,23296,1,1
2025-02-11 16:00:45.959,23293,23295,23296,1,1
2025-02-11 16:00:45.979,23295,23298,23295,1,-1
2025-02-11 16:00:46.890,23295,23298,23298,1,1
2025-02-11 16:00:48.887,23296,23299,23299,2,2
2025-02-11 16:00:50.562,23298,23300,23300,1,1
2025-02-11 16:00:51.890,23298,23300,23300,1,1
2025-02-11 16:00:52.292,23298,23300,23298,2,-2
2025-02-11 16:00:53.258,23296,23299,23299,1,1
2025-02-11 16:00:53.608,23296,23298,23296,1,-1
2025-02-11 16:00:53.609,23296,23298,23296,1,-1
2025-02-11 16:00:53.609,23296,23298,23297,1,-1
2025-02-11 16:00:54.787,23294,23297,23297,1,1
2025-02-11 16:00:55.237,23295,23297,23295,1,-1
2025-02-11 16:00:55.860,23295,23297,23297,1,1
2025-02-11 16:00:55.903,23295,23297,23295,1,-1
2025-02-11 16:00:58.461,23295,23298,23298,1,1
2025-02-11 16:00:59.875,23295,23298,23295,1,-1
2025-02-11 16:01:00.124,23294,23297,23297,1,1
2025-02-11 16:01:00.230,23295,23297,23295,1,-1
2025-02-11 16:01:00.231,23295,23297,23297,1,1
2025-02-11 16:01:00.231,23295,23297,23298,1,1
2025-02-11 16:01:00.242,23295,23297,23296,1,1
2025-02-11 16:01:00.255,23295,23297,23296,2,2
2025-02-11 16:01:00.255,23295,23297,23295,1,-1
2025-02-11 16:01:00.288,23295,23297,23295,1,-1
2025-02-11 16:01:00.361,23294,23297,23294,1,-1
2025-02-11 16:01:01.362,23296,23298,23298,1,1
2025-02-11 16:01:01.936,23298,23300,23298,1,-1
2025-02-11 16:01:01.961,23298,23300,23297,2,-2
2025-02-11 16:01:01.961,23298,23300,23296,6,-6
2025-02-11 16:01:02.173,23295,23298,23298,1,1
2025-02-11 16:01:03.343,23296,23299,23298,1,1
2025-02-11 16:01:03.343,23296,23299,23298,2,2
2025-02-11 16:01:03.560,23296,23299,23298,1,1
2025-02-11 16:01:05.568,23296,23298,23298,1,1
2025-02-11 16:01:05.784,23295,23298,23298,1,1
2025-02-11 16:01:08.765,23297,23298,23298,1,1
2025-02-11 16:01:10.281,23297,23298,23298,1,1
2025-02-11 16:01:10.355,23297,23298,23297,1,-1
2025-02-11 16:01:10.721,23296,23298,23298,1,1
2025-02-11 16:01:12.103,23297,23299,23297,1,-1
2025-02-11 16:01:12.438,23296,23299,23296,2,-2
2025-02-11 16:01:12.534,23295,23298,23298,1,1
2025-02-11 16:01:13.294,23296,23299,23299,1,1
2025-02-11 16:01:15.194,23298,23299,23298,1,-1
2025-02-11 16:01:15.229,23296,23299,23299,1,1
2025-02-11 16:01:16.385,23296,23299,23296,2,-2
2025-02-11 16:01:17.168,23296,23299,23299,1,1
2025-02-11 16:01:17.563,23296,23299,23299,1,1
2025-02-11 16:01:18.372,23296,23299,23299,1,1
2025-02-11 16:01:19.004,23296,23299,23299,1,1
2025-02-11 16:01:19.168,23296,23299,23299,1,1
2025-02-11 16:01:21.144,23296,23299,23299,1,1
2025-02-11 16:01:21.422,23297,23300,23298,1,-1
2025-02-11 16:01:31.307,23296,23298,23296,1,-1
2025-02-11 16:01:31.640,23296,23298,23296,1,-1
2025-02-11 16:01:35.305,23297,23298,23298,1,1
2025-02-11 16:01:37.319,23297,23298,23298,1,1
2025-02-11 16:01:37.634,23297,23298,23298,1,1
2025-02-11 16:01:37.972,23298,23300,23300,1,1
2025-02-11 16:01:38.217,23298,23300,23300,3,3
2025-02-11 16:01:38.217,23298,23300,23300,2,2
2025-02-11 16:01:41.511,23298,23300,23300,1,1
2025-02-11 16:01:50.238,23298,23300,23298,3,-3
2025-02-11 16:01:50.898,23297,23298,23298,1,1
2025-02-11 16:01:51.309,23298,23299,23298,1,-1
2025-02-11 16:01:51.309,23298,23299,23297,2,-2
2025-02-11 16:01:51.490,23296,23297,23297,1,1
2025-02-11 16:01:53.590,23296,23297,23297,1,1
2025-02-11 16:01:53.900,23296,23297,23296,1,-1
2025-02-11 16:01:53.900,23296,23297,23296,1,-1
2025-02-11 16:01:58.034,23298,23300,23298,1,-1
2025-02-11 16:02:03.192,23296,23298,23297,3,-3
2025-02-11 16:02:04.564,23296,23298,23298,2,2
2025-02-11 16:02:05.024,23296,23298,23295,3,-3
2025-02-11 16:02:05.024,23296,23298,23296,1,-1
2025-02-11 16:02:05.165,23295,23298,23295,3,-3
2025-02-11 16:02:05.306,23294,23296,23294,1,-1
2025-02-11 16:02:05.306,23294,23296,23294,1,-1
2025-02-11 16:02:05.319,23294,23296,23294,1,-1
2025-02-11 16:02:06.843,23293,23294,23294,1,1
2025-02-11 16:02:07.336,23293,23294,23294,2,2
2025-02-11 16:02:07.354,23294,23296,23294,1,-1
2025-02-11 16:02:07.354,23294,23296,23294,1,-1
2025-02-11 16:02:12.399,23295,23297,23295,1,-1
2025-02-11 16:02:17.519,23296,23297,23296,1,-1
2025-02-11 16:02:18.801,23295,23296,23295,1,-1
2025-02-11 16:02:25.361,23295,23296,23295,1,-1
2025-02-11 16:02:25.459,23295,23296,23294,3,-3
2025-02-11 16:02:27.308,23294,23295,23294,2,-2
2025-02-11 16:02:27.663,23293,23294,23293,1,-1
2025-02-11 16:02:27.663,23293,23294,23293,1,-1
2025-02-11 16:02:27.663,23293,23294,23293,2,-2
2025-02-11 16:02:30.483,23292,23293,23292,1,-1
2025-02-11 16:02:30.625,23292,23293,23292,2,-2
2025-02-11 16:02:31.961,23291,23294,23291,1,-1
2025-02-11 16:02:32.638,23292,23294,23294,1,1
2025-02-11 16:02:35.499,23294,23295,23294,1,-1
2025-02-11 16:02:37.680,23293,23294,23294,1,1
2025-02-11 16:02:39.217,23293,23294,23293,1,-1
2025-02-11 16:02:40.809,23292,23294,23292,2,-2
2025-02-11 16:02:43.792,23291,23293,23291,1,-1
2025-02-11 16:02:44.355,23291,23293,23291,1,-1
2025-02-11 16:02:44.355,23291,23293,23290,4,-4
2025-02-11 16:02:46.075,23290,23292,23290,2,-2
2025-02-11 16:02:46.075,23290,23292,23289,3,-3
2025-02-11 16:02:46.232,23289,23291,23289,1,-1
2025-02-11 16:02:46.363,23289,23291,23289,5,-5
2025-02-11 16:02:46.463,23289,23291,23289,1,-1
2025-02-11 16:02:46.463,23289,23291,23288,1,-1
2025-02-11 16:02:46.618,23289,23290,23287,3,-3
2025-02-11 16:02:46.618,23289,23290,23288,1,-1
2025-02-11 16:02:46.618,23289,23290,23289,1,-1
2025-02-11 16:02:46.838,23287,23290,23290,1,1
2025-02-11 16:02:46.838,23287,23290,23291,2,2
2025-02-11 16:02:46.981,23288,23291,23288,4,-4
2025-02-11 16:02:46.981,23288,23291,23287,1,-1
2025-02-11 16:02:47.397,23287,23289,23287,1,-1
2025-02-11 16:02:47.898,23287,23289,23289,1,1
2025-02-11 16:02:50.361,23288,23290,23290,2,2
2025-02-11 16:02:50.602,23289,23292,23289,1,-1
2025-02-11 16:02:54.541,23289,23291,23289,1,-1
2025-02-11 16:02:55.960,23288,23290,23288,5,-5
2025-02-11 16:02:56.247,23287,23290,23288,1,-1
2025-02-11 16:02:56.506,23287,23290,23287,5,-5
2025-02-11 16:02:57.089,23286,23289,23286,1,-1
2025-02-11 16:02:57.089,23286,23289,23285,4,-4
2025-02-11 16:02:57.480,23285,23288,23285,4,-4
2025-02-11 16:02:57.480,23285,23288,23284,1,-1
2025-02-11 16:02:57.724,23284,23287,23284,1,-1
2025-02-11 16:02:57.936,23284,23287,23285,3,-3
2025-02-11 16:02:57.936,23284,23287,23284,2,-2
2025-02-11 16:03:01.004,23286,23287,23286,1,-1
2025-02-11 16:03:01.069,23286,23287,23284,1,-1
2025-02-11 16:03:01.108,23284,23287,23284,1,-1
2025-02-11 16:03:01.127,23284,23287,23283,1,-1
2025-02-11 16:03:01.127,23284,23287,23284,1,-1
2025-02-11 16:03:01.173,23284,23287,23283,1,-1
2025-02-11 16:03:01.321,23283,23286,23286,1,1
2025-02-11 16:03:01.408,23284,23286,23284,1,-1
2025-02-11 16:03:01.423,23284,23286,23286,1,1
2025-02-11 16:03:01.423,23284,23286,23283,4,-4
2025-02-11 16:03:01.719,23282,23285,23282,1,-1
2025-02-11 16:03:01.794,23282,23285,23285,1,1
2025-02-11 16:03:02.190,23284,23286,23286,1,1
2025-02-11 16:03:02.229,23284,23287,23284,1,-1
2025-02-11 16:03:02.230,23284,23287,23284,1,-1
2025-02-11 16:03:02.743,23283,23286,23283,1,-1
2025-02-11 16:03:03.244,23282,23285,23285,1,1
2025-02-11 16:03:04.022,23283,23286,23283,1,-1
2025-02-11 16:03:05.010,23284,23285,23285,1,1
2025-02-11 16:03:06.253,23285,23288,23285,2,-2
2025-02-11 16:03:06.321,23285,23288,23285,1,-1
2025-02-11 16:03:09.199,23285,23288,23288,2,2
2025-02-11 16:03:09.229,23287,23289,23287,1,-1
2025-02-11 16:03:10.388,23286,23289,23286,3,-3
2025-02-11 16:03:15.030,23285,23287,23285,1,-1
2025-02-11 16:03:19.008,23285,23288,23285,1,-1
2025-02-11 16:03:21.721,23285,23287,23287,3,3
2025-02-11 16:03:21.722,23285,23287,23288,1,1
2025-02-11 16:03:21.729,23287,23289,23287,1,-1
2025-02-11 16:03:21.729,23287,23289,23287,1,-1
2025-02-11 16:03:21.730,23287,23289,23286,1,-1
2025-02-11 16:03:21.730,23287,23289,23285,1,-1
2025-02-11 16:03:21.730,23287,23289,23285,1,-1
2025-02-11 16:03:21.735,23287,23289,23285,1,-1
2025-02-11 16:03:23.419,23285,23288,23285,1,-1
2025-02-11 16:03:24.359,23284,23287,23284,1,-1
2025-02-11 16:03:25.234,23286,23287,23287,1,1
2025-02-11 16:03:25.759,23286,23288,23286,1,-1
2025-02-11 16:03:27.923,23285,23288,23285,1,-1
2025-02-11 16:03:31.694,23284,23287,23284,1,-1
2025-02-11 16:03:31.729,23284,23287,23284,1,-1
2025-02-11 16:03:31.729,23284,23287,23284,1,-1
2025-02-11 16:03:31.729,23284,23287,23283,1,-1
2025-02-11 16:03:31.730,23284,23287,23283,1,-1
2025-02-11 16:03:31.730,23284,23287,23283,1,-1
2025-02-11 16:03:32.170,23282,23284,23284,1,1
2025-02-11 16:03:33.570,23282,23284,23284,1,1
2025-02-11 16:03:35.606,23282,23284,23284,3,3
2025-02-11 16:03:35.606,23282,23284,23285,6,6
2025-02-11 16:03:35.606,23282,23284,23286,1,1
2025-02-11 16:03:36.845,23285,23288,23288,1,1
2025-02-11 16:03:37.041,23285,23288,23286,1,-1
2025-02-11 16:03:37.497,23285,23288,23285,1,-1
2025-02-11 16:03:42.981,23284,23286,23284,1,-1
2025-02-11 16:03:43.097,23284,23286,23283,1,-1
2025-02-11 16:03:45.136,23283,23286,23286,3,3
2025-02-11 16:03:45.136,23283,23286,23287,7,7
2025-02-11 16:03:46.933,23285,23288,23285,1,-1
2025-02-11 16:03:49.493,23283,23286,23283,1,-1
2025-02-11 16:03:50.622,23284,23287,23284,1,-1
2025-02-11 16:03:50.776,23283,23286,23286,2,2
2025-02-11 16:03:53.259,23285,23288,23288,1,1
2025-02-11 16:03:53.259,23285,23288,23289,9,9
2025-02-11 16:03:54.500,23288,23290,23290,1,1
2025-02-11 16:03:55.251,23288,23291,23288,2,-2
2025-02-11 16:03:57.210,23290,23291,23290,1,-1
2025-02-11 16:04:03.911,23288,23290,23290,3,3
2025-02-11 16:04:03.914,23288,23290,23291,1,1
2025-02-11 16:04:05.002,23290,23292,23290,1,-1
2025-02-11 16:04:05.514,23290,23292,23290,1,-1
2025-02-11 16:04:05.668,23290,23292,23292,3,3
2025-02-11 16:04:10.417,23292,23294,23294,1,1
2025-02-11 16:04:10.693,23292,23294,23292,1,-1
2025-02-11 16:04:10.693,23292,23294,23291,1,-1
2025-02-11 16:04:12.831,23292,23295,23294,1,1
2025-02-11 16:04:15.200,23292,23295,23292,3,-3
2025-02-11 16:04:19.599,23293,23295,23295,1,1
2025-02-11 16:04:21.204,23293,23295,23295,1,1
2025-02-11 16:04:26.566,23293,23294,23293,2,-2
2025-02-11 16:04:27.469,23291,23292,23291,1,-1
2025-02-11 16:04:28.808,23290,23291,23290,1,-1
2025-02-11 16:04:28.808,23290,23291,23290,1,-1
2025-02-11 16:04:31.536,23289,23290,23290,1,1
2025-02-11 16:04:31.612,23289,23290,23289,1,-1
2025-02-11 16:04:36.804,23287,23289,23289,1,1
2025-02-11 16:04:36.998,23287,23289,23289,1,1
2025-02-11 16:04:51.127,23287,23289,23289,1,1
2025-02-11 16:04:53.408,23287,23289,23289,1,1
2025-02-11 16:04:58.734,23287,23289,23289,2,2
2025-02-11 16:04:59.089,23287,23289,23287,2,-2
2025-02-11 16:04:59.965,23286,23288,23288,1,1
2025-02-11 16:05:00.108,23287,23289,23289,1,1
2025-02-11 16:05:00.108,23287,23289,23289,1,1
2025-02-11 16:05:00.108,23287,23289,23289,3,3
2025-02-11 16:05:00.118,23287,23289,23290,1,1
2025-02-11 16:05:00.118,23287,23289,23290,1,1
2025-02-11 16:05:00.118,23287,23289,23290,1,1
2025-02-11 16:05:00.118,23287,23289,23290,1,1
2025-02-11 16:05:00.118,23287,23289,23290,2,2
2025-02-11 16:05:00.119,23287,23289,23290,1,1
2025-02-11 16:05:00.120,23287,23289,23290,1,1
2025-02-11 16:05:01.306,23289,23292,23292,3,3
2025-02-11 16:05:03.783,23290,23293,23290,1,-1
2025-02-11 16:05:07.237,23289,23291,23291,1,1
2025-02-11 16:05:10.635,23289,23290,23290,2,2
2025-02-11 16:05:10.729,23289,23290,23289,1,-1
2025-02-11 16:05:11.355,23289,23290,23289,1,-1
2025-02-11 16:05:11.355,23289,23290,23289,2,-2
2025-02-11 16:05:17.827,23287,23288,23288,1,1
2025-02-11 16:05:18.676,23287,23288,23288,1,1
2025-02-11 16:05:18.729,23287,23289,23287,1,-1
2025-02-11 16:05:18.730,23287,23289,23286,1,-1
2025-02-11 16:05:18.808,23287,23289,23286,2,-2
2025-02-11 16:05:22.515,23285,23286,23286,1,1
2025-02-11 16:05:26.632,23286,23288,23286,1,-1
2025-02-11 16:05:27.164,23286,23287,23286,1,-1
2025-02-11 16:05:29.566,23284,23287,23287,1,1
2025-02-11 16:05:33.876,23285,23288,23285,1,-1
2025-02-11 16:05:36.436,23285,23287,23287,1,1
2025-02-11 16:05:40.855,23285,23287,23287,1,1
2025-02-11 16:05:48.466,23285,23288,23285,1,-1
2025-02-11 16:05:51.050,23285,23287,23285,1,-1
2025-02-11 16:05:51.050,23285,23287,23285,1,-1
2025-02-11 16:05:51.391,23284,23285,23284,1,-1
2025-02-11 16:05:52.434,23283,23285,23285,1,1
2025-02-11 16:05:55.260,23283,23285,23285,1,1
2025-02-11 16:05:57.677,23284,23285,23284,1,-1
2025-02-11 16:05:57.677,23284,23285,23284,1,-1
2025-02-11 16:06:00.704,23283,23285,23283,1,-1
2025-02-11 16:06:01.273,23283,23285,23285,1,1
2025-02-11 16:06:01.333,23283,23285,23283,1,-1
2025-02-11 16:06:01.378,23283,23285,23283,4,-4
2025-02-11 16:06:01.421,23283,23285,23282,2,-2
2025-02-11 16:06:01.422,23283,23285,23282,1,-1
2025-02-11 16:06:01.456,23283,23285,23282,1,-1
2025-02-11 16:06:01.693,23281,23283,23283,1,1
2025-02-11 16:06:02.040,23281,23283,23281,4,-4
2025-02-11 16:06:04.172,23281,23283,23283,1,1
2025-02-11 16:06:08.801,23282,23283,23283,1,1
2025-02-11 16:06:10.565,23282,23284,23284,1,1
2025-02-11 16:06:10.670,23283,23285,23285,1,1
2025-02-11 16:06:16.401,23283,23285,23285,1,1
2025-02-11 16:06:21.459,23283,23285,23285,1,1
2025-02-11 16:06:21.459,23283,23285,23285,2,2
2025-02-11 16:06:21.459,23283,23285,23285,1,1
2025-02-11 16:06:24.454,23284,23285,23285,1,1
2025-02-11 16:06:25.228,23284,23285,23285,2,2
2025-02-11 16:06:25.775,23284,23286,23286,1,1
2025-02-11 16:06:33.534,23284,23285,23284,1,-1
2025-02-11 16:06:33.716,23283,23285,23285,1,1
2025-02-11 16:06:36.395,23284,23285,23285,11,11
2025-02-11 16:06:36.545,23286,23287,23287,1,1
2025-02-11 16:06:36.552,23286,23287,23287,1,1
2025-02-11 16:06:43.957,23286,23287,23287,5,5
2025-02-11 16:06:45.473,23285,23287,23287,1,1
2025-02-11 16:06:47.089,23286,23288,23288,1,1
2025-02-11 16:06:53.684,23286,23287,23286,1,-1
2025-02-11 16:06:57.800,23286,23287,23286,1,-1
2025-02-11 16:06:58.487,23285,23287,23287,1,1
2025-02-11 16:07:00.128,23286,23287,23287,4,4
2025-02-11 16:07:00.400,23288,23289,23289,1,1
2025-02-11 16:07:00.404,23288,23289,23289,1,1
2025-02-11 16:07:01.334,23287,23289,23289,1,1
2025-02-11 16:07:08.603,23288,23290,23290,3,3
2025-02-11 16:07:10.179,23290,23291,23290,2,-2
2025-02-11 16:07:10.179,23290,23291,23289,1,-1
2025-02-11 16:07:15.731,23288,23289,23289,1,1
2025-02-11 16:07:19.169,23288,23289,23289,1,1
2025-02-11 16:07:25.098,23288,23289,23289,2,2
2025-02-11 16:07:25.424,23288,23289,23289,2,2
2025-02-11 16:07:26.270,23288,23290,23290,1,1
2025-02-11 16:07:27.730,23288,23290,23290,2,2
2025-02-11 16:07:43.530,23289,23290,23290,1,1
2025-02-11 16:07:43.531,23289,23290,23290,5,5
2025-02-11 16:07:44.094,23290,23291,23290,1,-1
2025-02-11 16:07:44.302,23290,23291,23291,1,1
2025-02-11 16:07:44.510,23290,23291,23290,1,-1
2025-02-11 16:07:44.510,23290,23291,23289,3,-3
2025-02-11 16:07:45.942,23290,23291,23291,1,1
2025-02-11 16:07:46.524,23290,23291,23291,1,1
2025-02-11 16:07:46.838,23290,23291,23290,1,-1
2025-02-11 16:07:49.248,23290,23291,23290,2,-2
2025-02-11 16:07:51.290,23289,23291,23289,1,-1
2025-02-11 16:07:52.801,23289,23291,23291,1,1
2025-02-11 16:07:52.801,23289,23291,23291,1,1
2025-02-11 16:07:59.689,23291,23292,23291,3,-3
2025-02-11 16:08:01.202,23289,23291,23291,1,1
2025-02-11 16:08:01.504,23289,23291,23289,3,-3
2025-02-11 16:08:01.514,23289,23291,23288,1,-1
2025-02-11 16:08:01.648,23287,23289,23287,1,-1
2025-02-11 16:08:01.656,23287,23289,23287,1,-1
2025-02-11 16:08:01.892,23287,23290,23290,2,2
2025-02-11 16:08:12.490,23288,23290,23290,1,1
2025-02-11 16:08:12.490,23288,23290,23291,1,1
2025-02-11 16:08:14.443,23288,23291,23291,1,1
2025-02-11 16:08:23.582,23289,23291,23289,1,-1
2025-02-11 16:08:26.701,23288,23290,23288,1,-1
2025-02-11 16:08:34.916,23288,23290,23290,3,3
2025-02-11 16:08:35.033,23289,23291,23291,5,5
2025-02-11 16:08:35.266,23291,23292,23292,1,1
2025-02-11 16:08:38.469,23291,23292,23292,1,1
2025-02-11 16:08:39.124,23292,23293,23292,1,-1
2025-02-11 16:08:39.463,23292,23293,23292,1,-1
2025-02-11 16:08:40.455,23291,23293,23293,1,1
2025-02-11 16:08:43.926,23292,23293,23293,2,2
2025-02-11 16:08:43.927,23292,23293,23293,1,1
2025-02-11 16:08:44.522,23292,23294,23294,1,1
2025-02-11 16:08:45.148,23293,23295,23295,3,3
2025-02-11 16:08:45.148,23293,23295,23296,2,2
2025-02-11 16:08:48.285,23295,23297,23294,1,-1
2025-02-11 16:08:48.285,23295,23297,23295,4,-4
2025-02-11 16:08:48.704,23293,23296,23296,3,3
2025-02-11 16:08:52.501,23296,23297,23296,1,-1
2025-02-11 16:08:55.721,23296,23297,23297,1,1
2025-02-11 16:08:57.742,23296,23297,23296,2,-2
2025-02-11 16:08:59.759,23296,23297,23296,1,-1
2025-02-11 16:09:04.308,23296,23297,23296,1,-1
2025-02-11 16:09:04.308,23296,23297,23296,1,-1
2025-02-11 16:09:05.068,23295,23296,23296,2,2
2025-02-11 16:09:05.814,23295,23296,23296,1,1
2025-02-11 16:09:07.674,23295,23297,23297,2,2
2025-02-11 16:09:10.515,23297,23298,23299,3,3
2025-02-11 16:09:10.515,23297,23298,23298,2,2
2025-02-11 16:09:10.620,23297,23300,23300,1,1
2025-02-11 16:09:10.737,23297,23300,23297,5,-5
2025-02-11 16:09:10.848,23297,23300,23299,2,2
2025-02-11 16:09:11.146,23297,23299,23299,1,1
2025-02-11 16:09:13.255,23297,23299,23299,1,1
2025-02-11 16:09:17.026,23297,23299,23299,3,3
2025-02-11 16:09:17.026,23297,23299,23300,2,2
2025-02-11 16:09:19.525,23298,23299,23299,2,2
2025-02-11 16:09:19.525,23298,23299,23300,1,1
2025-02-11 16:09:20.083,23298,23300,23298,1,-1
2025-02-11 16:09:21.253,23297,23300,23300,1,1
2025-02-11 16:09:26.197,23299,23300,23299,1,-1
2025-02-11 16:09:26.949,23299,23300,23299,4,-4
2025-02-11 16:09:27.348,23298,23300,23298,2,-2
2025-02-11 16:09:29.171,23298,23299,23298,1,-1
2025-02-11 16:09:31.933,23297,23299,23299,1,1
2025-02-11 16:09:36.247,23298,23300,23300,1,1
2025-02-11 16:09:39.020,23298,23299,23299,1,1
2025-02-11 16:09:39.021,23298,23299,23300,7,7
2025-02-11 16:09:39.163,23300,23301,23301,1,1
2025-02-11 16:09:39.412,23301,23302,23301,1,-1
2025-02-11 16:09:45.104,23300,23302,23302,1,1
2025-02-11 16:09:48.200,23300,23302,23302,1,1
2025-02-11 16:09:48.242,23300,23302,23302,1,1
2025-02-11 16:09:48.541,23300,23302,23302,2,2
2025-02-11 16:09:51.107,23300,23302,23300,6,-6
2025-02-11 16:09:51.108,23300,23302,23299,1,-1
2025-02-11 16:09:51.629,23298,23300,23300,1,1
2025-02-11 16:09:53.919,23298,23300,23298,2,-2
2025-02-11 16:09:53.919,23298,23300,23298,1,-1
2025-02-11 16:09:53.919,23298,23300,23298,1,-1
2025-02-11 16:09:53.919,23298,23300,23298,2,-2
2025-02-11 16:09:57.858,23297,23299,23299,1,1
2025-02-11 16:09:58.143,23298,23301,23301,3,3
2025-02-11 16:10:06.333,23299,23300,23300,1,1
2025-02-11 16:10:08.960,23300,23301,23301,1,1
2025-02-11 16:10:09.489,23300,23302,23302,1,1
2025-02-11 16:10:11.949,23300,23301,23301,1,1
2025-02-11 16:10:12.460,23300,23302,23300,2,-2
2025-02-11 16:10:28.294,23300,23301,23300,1,-1
2025-02-11 16:10:42.061,23299,23300,23299,1,-1
2025-02-11 16:10:42.061,23299,23300,23299,1,-1
2025-02-11 16:10:42.126,23298,23300,23298,1,-1
2025-02-11 16:10:42.532,23298,23300,23300,1,1
2025-02-11 16:10:47.247,23298,23300,23298,1,-1
2025-02-11 16:10:47.289,23298,23300,23298,2,-2
2025-02-11 16:10:47.289,23298,23300,23298,1,-1
2025-02-11 16:10:53.694,23297,23299,23297,1,-1
2025-02-11 16:10:55.475,23296,23298,23296,2,-2
2025-02-11 16:10:55.475,23296,23298,23296,3,-3
2025-02-11 16:10:58.737,23295,23297,23297,1,1
2025-02-11 16:10:59.384,23295,23297,23296,1,1
2025-02-11 16:10:59.384,23295,23297,23297,4,4
2025-02-11 16:11:08.430,23295,23298,23298,2,2
2025-02-11 16:11:21.646,23296,23297,23296,1,-1
2025-02-11 16:11:29.747,23295,23298,23298,1,1
2025-02-11 16:11:32.712,23295,23296,23296,1,1
2025-02-11 16:11:42.029,23296,23297,23297,1,1
2025-02-11 16:11:42.031,23296,23297,23297,1,1
2025-02-11 16:11:42.393,23297,23298,23297,3,-3
2025-02-11 16:11:43.827,23297,23298,23298,1,1
2025-02-11 16:11:44.234,23297,23298,23298,1,1
2025-02-11 16:11:46.446,23298,23299,23298,1,-1
2025-02-11 16:11:52.153,23298,23299,23299,1,1
2025-02-11 16:11:55.926,23299,23300,23298,1,-1
2025-02-11 16:11:56.704,23295,23298,23298,5,5
2025-02-11 16:11:57.782,23296,23298,23298,1,1
2025-02-11 16:12:11.629,23296,23298,23298,1,1
2025-02-11 16:12:21.991,23297,23298,23298,1,1
2025-02-11 16:12:26.494,23297,23298,23298,1,1
2025-02-11 16:12:29.611,23298,23300,23298,1,-1
2025-02-11 16:12:36.242,23298,23299,23298,1,-1
2025-02-11 16:12:45.194,23297,23298,23297,2,-2
2025-02-11 16:12:52.897,23296,23298,23297,1,-1
2025-02-11 16:13:00.189,23296,23298,23296,1,-1
2025-02-11 16:13:00.550,23295,23297,23297,1,1
2025-02-11 16:13:09.000,23295,23298,23295,1,-1
2025-02-11 16:13:19.175,23296,23297,23296,1,-1
2025-02-11 16:13:19.176,23296,23297,23296,1,-1
2025-02-11 16:13:29.787,23295,23296,23296,1,1
2025-02-11 16:13:29.787,23295,23296,23296,1,1
2025-02-11 16:13:29.787,23295,23296,23296,1,1
2025-02-11 16:13:29.787,23295,23296,23296,2,2
2025-02-11 16:13:30.596,23296,23297,23297,1,1
2025-02-11 16:13:38.142,23297,23298,23297,1,-1
2025-02-11 16:13:42.875,23295,23297,23295,1,-1
2025-02-11 16:13:48.195,23296,23297,23296,1,-1
2025-02-11 16:13:55.461,23296,23298,23298,8,8
2025-02-11 16:13:55.462,23296,23298,23299,1,1
2025-02-11 16:13:55.503,23298,23300,23300,1,1
2025-02-11 16:14:01.192,23299,23300,23300,3,3
2025-02-11 16:14:01.314,23299,23300,23300,3,3
2025-02-11 16:14:02.981,23300,23301,23301,4,4
2025-02-11 16:14:03.543,23301,23302,23301,1,-1
2025-02-11 16:14:03.759,23301,23302,23301,1,-1
2025-02-11 16:14:07.178,23301,23302,23301,1,-1
2025-02-11 16:14:12.675,23301,23302,23302,1,1
2025-02-11 16:14:13.328,23301,23302,23302,3,3
2025-02-11 16:14:15.007,23302,23303,23302,1,-1
2025-02-11 16:14:26.195,23302,23303,23302,1,-1
2025-02-11 16:14:32.401,23302,23303,23302,3,-3
2025-02-11 16:14:33.032,23302,23303,23303,1,1
2025-02-11 16:14:34.816,23302,23303,23303,1,1
2025-02-11 16:14:40.368,23302,23303,23302,1,-1
2025-02-11 16:14:45.915,23302,23303,23303,1,1
2025-02-11 16:14:48.407,23303,23304,23303,1,-1
2025-02-11 16:14:48.938,23302,23303,23303,1,1
2025-02-11 16:14:51.066,23302,23303,23303,1,1
2025-02-11 16:14:53.652,23302,23303,23303,1,1
2025-02-11 16:14:56.014,23302,23303,23302,1,-1
2025-02-11 16:14:56.014,23302,23303,23302,2,-2
2025-02-11 16:14:56.014,23302,23303,23302,1,-1
2025-02-11 16:14:56.014,23302,23303,23302,1,-1
2025-02-11 16:15:04.220,23301,23302,23301,1,-1
2025-02-11 16:15:04.272,23301,23302,23301,1,-1
2025-02-11 16:15:04.273,23301,23302,23301,1,-1
2025-02-11 16:15:04.273,23301,23302,23301,2,-2
2025-02-11 16:15:05.237,23300,23301,23300,1,-1
2025-02-11 16:15:05.736,23300,23301,23300,1,-1
2025-02-11 16:15:07.548,23300,23301,23300,1,-1
2025-02-11 16:15:08.233,23299,23300,23299,1,-1
2025-02-11 16:15:13.551,23298,23300,23298,2,-2
2025-02-11 16:15:13.711,23298,23299,23298,1,-1
2025-02-11 16:15:14.206,23297,23298,23298,1,1
2025-02-11 16:15:16.143,23297,23299,23299,2,2
2025-02-11 16:15:16.253,23297,23299,23297,1,-1
2025-02-11 16:15:20.812,23298,23299,23299,1,1
2025-02-11 16:15:20.924,23299,23300,23299,1,-1
2025-02-11 16:15:25.418,23298,23299,23299,1,1
2025-02-11 16:15:25.479,23298,23300,23298,1,-1
2025-02-11 16:15:25.479,23298,23300,23298,1,-1
2025-02-11 16:15:33.939,23298,23300,23300,1,1
2025-02-11 16:15:34.050,23299,23301,23300,1,1
2025-02-11 16:15:34.500,23300,23301,23300,2,-2
2025-02-11 16:15:45.222,23299,23301,23299,2,-2
2025-02-11 16:15:46.366,23299,23301,23299,2,-2
2025-02-11 16:15:47.685,23299,23301,23299,2,-2
2025-02-11 16:15:47.903,23298,23300,23300,1,1
2025-02-11 16:15:48.853,23298,23301,23298,2,-2
2025-02-11 16:15:53.180,23298,23300,23298,1,-1
2025-02-11 16:16:00.109,23298,23300,23298,3,-3
2025-02-11 16:16:00.109,23298,23300,23297,1,-1
2025-02-11 16:16:00.518,23298,23300,23298,1,-1
2025-02-11 16:16:03.163,23298,23300,23300,1,1
2025-02-11 16:16:19.157,23299,23301,23299,2,-2
2025-02-11 16:16:19.644,23298,23301,23298,2,-2
2025-02-11 16:16:21.743,23299,23301,23301,3,3
2025-02-11 16:16:21.743,23299,23301,23302,2,2
2025-02-11 16:16:22.332,23299,23301,23301,1,1
2025-02-11 16:16:22.880,23299,23302,23299,2,-2
2025-02-11 16:16:25.893,23299,23301,23299,1,-1
2025-02-11 16:16:25.893,23299,23301,23298,1,-1
2025-02-11 16:16:26.023,23298,23301,23298,2,-2
2025-02-11 16:16:44.330,23298,23301,23298,4,-4
2025-02-11 16:16:51.715,23299,23300,23299,1,-1
2025-02-11 16:16:51.715,23299,23300,23298,3,-3
2025-02-11 16:16:52.412,23298,23300,23298,1,-1
2025-02-11 16:16:52.629,23297,23300,23300,1,1
2025-02-11 16:17:02.954,23297,23300,23297,2,-2
2025-02-11 16:17:03.539,23297,23300,23300,1,1
2025-02-11 16:17:10.010,23298,23300,23300,1,1
2025-02-11 16:17:10.010,23298,23300,23300,2,2
2025-02-11 16:17:30.577,23299,23300,23300,1,1
2025-02-11 16:17:31.157,23299,23300,23300,1,1
2025-02-11 16:17:31.157,23299,23300,23300,2,2
2025-02-11 16:17:31.651,23300,23301,23301,1,1
2025-02-11 16:17:34.579,23302,23303,23303,3,3
2025-02-11 16:17:36.328,23303,23304,23303,2,-2
2025-02-11 16:17:40.126,23302,23304,23304,2,2
2025-02-11 16:17:40.126,23302,23304,23304,1,1
2025-02-11 16:17:40.148,23302,23304,23303,1,1
2025-02-11 16:17:40.238,23303,23305,23305,1,1
2025-02-11 16:17:40.424,23303,23305,23305,2,2
