2019-10-21 15:00:00.073,11154,11156,11154,16
2019-10-21 15:00:00.711,11154,11155,11154,4
2019-10-21 15:00:00.715,11154,11155,11154,4
2019-10-21 15:00:00.773,11154,11155,11154,1
2019-10-21 15:00:01.306,11153,11154,11154,1
2019-10-21 15:00:01.363,11153,11154,11154,9
2019-10-21 15:00:01.363,11153,11154,11153,16
2019-10-21 15:00:04.145,11153,11154,11153,3
2019-10-21 15:00:05.150,11153,11154,11153,1
2019-10-21 15:00:08.470,11153,11154,11154,1
2019-10-21 15:00:13.517,11153,11154,11154,1
2019-10-21 15:00:13.712,11153,11154,11154,1
2019-10-21 15:00:13.712,11153,11154,11155,1
2019-10-21 15:00:14.953,11153,11154,11154,1
2019-10-21 15:00:18.267,11154,11155,11155,6
2019-10-21 15:00:19.804,11155,11156,11155,3
2019-10-21 15:00:22.471,11155,11156,11155,1
2019-10-21 15:00:24.763,11155,11156,11155,1
2019-10-21 15:00:26.273,11155,11156,11155,1
2019-10-21 15:00:27.209,11155,11156,11155,1
2019-10-21 15:00:33.672,11154,11155,11154,2
2019-10-21 15:00:34.134,11154,11155,11154,3
2019-10-21 15:00:35.229,11153,11154,11154,1
2019-10-21 15:00:41.894,11153,11154,11153,2
2019-10-21 15:00:41.898,11153,11154,11153,7
2019-10-21 15:00:42.207,11152,11153,11152,11
2019-10-21 15:00:42.207,11152,11153,11152,2
2019-10-21 15:00:46.294,11151,11152,11151,2
2019-10-21 15:00:52.173,11151,11152,11151,2
2019-10-21 15:00:53.171,11151,11152,11152,2
2019-10-21 15:00:53.245,11151,11152,11152,2
2019-10-21 15:00:54.337,11151,11153,11151,18
2019-10-21 15:00:56.959,11151,11152,11151,1
2019-10-21 15:00:57.372,11151,11152,11152,1
2019-10-21 15:00:58.024,11151,11152,11152,1
2019-10-21 15:00:58.411,11151,11152,11152,1
2019-10-21 15:01:00.024,11151,11153,11151,1
2019-10-21 15:01:00.061,11151,11153,11151,1
2019-10-21 15:01:00.115,11151,11153,11151,1
2019-10-21 15:01:00.159,11151,11153,11151,1
2019-10-21 15:01:02.523,11152,11153,11153,3
2019-10-21 15:01:06.359,11152,11153,11153,2
2019-10-21 15:01:10.879,11153,11154,11153,1
2019-10-21 15:01:14.534,11152,11153,11153,1
2019-10-21 15:01:20.216,11152,11153,11153,1
2019-10-21 15:01:21.232,11152,11153,11153,1
2019-10-21 15:01:23.826,11152,11153,11153,1
2019-10-21 15:01:32.703,11152,11153,11153,3
2019-10-21 15:01:35.552,11152,11153,11152,7
2019-10-21 15:01:38.483,11151,11152,11151,13
2019-10-21 15:01:38.514,11151,11152,11152,1
2019-10-21 15:01:41.863,11150,11152,11150,1
2019-10-21 15:01:54.918,11150,11152,11150,1
2019-10-21 15:01:57.984,11151,11152,11151,1
2019-10-21 15:02:03.667,11151,11152,11151,1
2019-10-21 15:02:05.001,11151,11152,11151,1
2019-10-21 15:02:06.100,11151,11152,11151,5
2019-10-21 15:02:14.935,11151,11152,11151,1
2019-10-21 15:02:19.641,11151,11152,11152,1
2019-10-21 15:02:20.601,11151,11152,11151,6
2019-10-21 15:02:22.997,11151,11152,11151,1
2019-10-21 15:02:26.865,11151,11152,11152,1
2019-10-21 15:02:28.883,11151,11152,11151,19
2019-10-21 15:02:34.023,11151,11152,11152,2
2019-10-21 15:02:36.809,11151,11152,11152,1
2019-10-21 15:02:37.201,11151,11152,11152,1
2019-10-21 15:02:37.201,11151,11152,11152,1
2019-10-21 15:02:46.862,11152,11153,11152,1
2019-10-21 15:02:50.730,11152,11153,11152,3
2019-10-21 15:02:51.660,11152,11153,11152,2
2019-10-21 15:02:56.273,11152,11153,11153,20
2019-10-21 15:02:56.610,11152,11154,11152,1
2019-10-21 15:03:09.304,11153,11154,11153,1
2019-10-21 15:03:11.684,11153,11154,11153,1
2019-10-21 15:03:15.228,11153,11154,11153,3
2019-10-21 15:03:29.063,11153,11154,11153,1
2019-10-21 15:03:33.751,11153,11154,11154,1
2019-10-21 15:03:38.234,11153,11154,11153,1
2019-10-21 15:03:39.689,11153,11154,11154,1
2019-10-21 15:03:40.272,11153,11154,11153,1
2019-10-21 15:03:54.735,11153,11154,11154,7
2019-10-21 15:03:55.094,11154,11155,11154,1
2019-10-21 15:03:56.165,11154,11155,11154,2
2019-10-21 15:03:58.608,11154,11155,11154,1
2019-10-21 15:04:05.586,11154,11155,11155,1
2019-10-21 15:04:10.895,11154,11155,11155,1
2019-10-21 15:04:13.001,11154,11155,11155,1
2019-10-21 15:04:30.479,11154,11155,11155,1
2019-10-21 15:04:30.647,11154,11155,11155,1
2019-10-21 15:04:31.771,11154,11155,11155,16
2019-10-21 15:04:34.790,11155,11156,11156,6
2019-10-21 15:04:35.067,11155,11157,11155,1
2019-10-21 15:04:40.027,11155,11157,11155,1
2019-10-21 15:04:41.094,11155,11157,11155,3
2019-10-21 15:04:57.524,11155,11156,11156,2
2019-10-21 15:04:57.530,11155,11156,11156,2
2019-10-21 15:05:08.101,11156,11157,11156,3
2019-10-21 15:05:08.102,11156,11157,11156,1
2019-10-21 15:05:08.599,11156,11157,11156,1
2019-10-21 15:05:08.710,11156,11157,11157,3
2019-10-21 15:05:08.906,11156,11157,11156,1
2019-10-21 15:05:09.714,11156,11157,11157,1
2019-10-21 15:05:11.035,11156,11157,11157,1
2019-10-21 15:05:11.836,11156,11157,11156,1
2019-10-21 15:05:13.849,11155,11156,11156,1
2019-10-21 15:05:19.774,11155,11156,11156,2
2019-10-21 15:05:31.447,11155,11156,11155,6
2019-10-21 15:05:34.115,11155,11156,11155,12
2019-10-21 15:05:34.374,11155,11156,11155,3
2019-10-21 15:05:34.387,11155,11156,11155,1
2019-10-21 15:05:34.387,11155,11156,11155,2
2019-10-21 15:05:34.388,11155,11156,11155,3
2019-10-21 15:05:34.391,11155,11156,11155,4
2019-10-21 15:05:34.394,11155,11156,11155,4
2019-10-21 15:05:34.394,11155,11156,11155,3
2019-10-21 15:05:35.035,11154,11155,11154,3
2019-10-21 15:05:41.278,11154,11155,11154,1
2019-10-21 15:05:48.052,11154,11155,11155,6
2019-10-21 15:05:49.613,11155,11156,11156,2
2019-10-21 15:05:54.140,11155,11156,11155,4
2019-10-21 15:06:04.493,11154,11155,11155,7
2019-10-21 15:06:05.483,11154,11155,11155,2
2019-10-21 15:06:23.046,11154,11155,11154,2
2019-10-21 15:06:25.413,11154,11155,11154,1
2019-10-21 15:06:30.577,11153,11155,11155,10
2019-10-21 15:06:40.351,11154,11155,11155,1
2019-10-21 15:06:41.082,11154,11155,11154,1
2019-10-21 15:06:41.496,11154,11155,11155,1
2019-10-21 15:06:48.802,11154,11155,11155,2
2019-10-21 15:07:05.480,11154,11155,11155,1
2019-10-21 15:07:14.539,11154,11155,11155,10
2019-10-21 15:07:23.585,11154,11155,11155,1
2019-10-21 15:07:25.255,11154,11155,11155,1
2019-10-21 15:07:27.880,11155,11156,11155,1
2019-10-21 15:07:28.841,11155,11156,11155,2
2019-10-21 15:07:33.583,11155,11156,11155,8
2019-10-21 15:07:36.862,11154,11155,11155,4
2019-10-21 15:07:36.915,11154,11156,11156,1
2019-10-21 15:07:50.987,11154,11156,11156,2
2019-10-21 15:07:52.273,11155,11156,11155,2
2019-10-21 15:08:08.273,11155,11156,11155,1
2019-10-21 15:08:12.024,11154,11155,11155,1
2019-10-21 15:08:14.668,11155,11156,11156,1
2019-10-21 15:08:47.150,11155,11156,11156,1
2019-10-21 15:09:04.983,11155,11156,11156,1
2019-10-21 15:09:13.731,11155,11156,11156,2
2019-10-21 15:09:22.574,11155,11156,11156,1
2019-10-21 15:09:36.528,11155,11156,11156,2
2019-10-21 15:09:44.412,11155,11156,11155,12
2019-10-21 15:09:53.137,11155,11156,11155,11
2019-10-21 15:10:07.648,11154,11155,11155,7
2019-10-21 15:10:08.273,11155,11156,11155,1
2019-10-21 15:10:08.290,11155,11156,11155,1
2019-10-21 15:10:08.487,11155,11156,11155,1
2019-10-21 15:10:15.241,11155,11156,11155,1
2019-10-21 15:10:23.532,11155,11156,11155,1
2019-10-21 15:10:43.456,11155,11156,11155,10
2019-10-21 15:10:44.482,11154,11155,11155,1
2019-10-21 15:10:47.936,11155,11156,11155,1
2019-10-21 15:11:01.792,11154,11156,11154,1
2019-10-21 15:11:26.092,11154,11155,11155,1
2019-10-21 15:11:31.983,11155,11156,11155,2
2019-10-21 15:11:31.998,11155,11156,11155,2
2019-10-21 15:11:32.023,11155,11156,11155,5
2019-10-21 15:11:50.675,11154,11155,11154,1
2019-10-21 15:11:52.229,11154,11155,11154,4
2019-10-21 15:11:52.230,11154,11155,11154,3
2019-10-21 15:11:52.230,11154,11155,11154,3
2019-10-21 15:11:52.437,11153,11155,11153,3
2019-10-21 15:11:57.956,11153,11155,11153,1
2019-10-21 15:12:03.910,11153,11154,11153,6
2019-10-21 15:12:05.890,11153,11154,11153,4
2019-10-21 15:12:06.176,11152,11153,11152,1
2019-10-21 15:12:06.182,11152,11153,11152,1
2019-10-21 15:12:06.452,11152,11153,11153,1
2019-10-21 15:12:08.920,11152,11154,11152,1
2019-10-21 15:12:16.241,11152,11153,11153,10
2019-10-21 15:12:35.274,11152,11153,11153,1
2019-10-21 15:12:40.458,11152,11153,11153,1
2019-10-21 15:12:51.375,11152,11153,11153,1
2019-10-21 15:12:53.503,11152,11153,11153,10
2019-10-21 15:13:00.253,11152,11153,11153,1
2019-10-21 15:13:13.869,11152,11153,11153,5
2019-10-21 15:13:15.543,11153,11154,11153,2
2019-10-21 15:13:33.231,11153,11154,11154,4
2019-10-21 15:13:42.128,11154,11155,11154,5
2019-10-21 15:13:57.555,11154,11155,11154,1
2019-10-21 15:13:59.991,11154,11155,11154,5
2019-10-21 15:14:00.244,11154,11155,11155,1
2019-10-21 15:14:11.687,11154,11155,11155,2
2019-10-21 15:14:12.737,11154,11155,11154,1
2019-10-21 15:14:48.974,11154,11155,11155,5
2019-10-21 15:14:58.961,11155,11156,11155,1
2019-10-21 15:15:01.127,11155,11156,11155,1
2019-10-21 15:15:13.977,11154,11155,11154,1
2019-10-21 15:15:17.316,11154,11155,11155,1
2019-10-21 15:15:28.954,11154,11155,11155,1
2019-10-21 15:15:42.825,11154,11155,11155,5
2019-10-21 15:15:54.160,11154,11155,11155,2
2019-10-21 15:16:22.620,11155,11156,11155,1
2019-10-21 15:16:24.996,11155,11156,11155,1
2019-10-21 15:16:32.334,11155,11156,11156,5
2019-10-21 15:16:32.839,11155,11156,11156,4
2019-10-21 15:16:32.839,11155,11156,11156,1
2019-10-21 15:16:32.839,11155,11156,11156,1
2019-10-21 15:16:32.839,11155,11156,11156,1
2019-10-21 15:16:32.839,11155,11156,11156,12
2019-10-21 15:16:49.586,11156,11157,11157,1
2019-10-21 15:16:57.686,11156,11157,11157,1
2019-10-21 15:17:00.818,11156,11157,11157,11
2019-10-21 15:17:05.677,11157,11158,11157,1
2019-10-21 15:17:06.785,11157,11158,11157,1
2019-10-21 15:17:12.612,11157,11158,11157,1
2019-10-21 15:17:13.460,11157,11158,11157,1
2019-10-21 15:17:33.845,11157,11158,11157,1
2019-10-21 15:17:34.549,11157,11158,11157,1
2019-10-21 15:17:45.370,11157,11158,11158,2
2019-10-21 15:17:45.428,11157,11158,11158,3
2019-10-21 15:17:46.088,11157,11158,11158,4
2019-10-21 15:17:46.099,11157,11158,11158,4
2019-10-21 15:17:46.104,11157,11158,11159,4
2019-10-21 15:17:49.940,11158,11159,11158,2
2019-10-21 15:18:00.632,11158,11159,11158,1
2019-10-21 15:18:01.850,11158,11159,11159,3
2019-10-21 15:18:02.625,11158,11159,11158,2
2019-10-21 15:18:12.682,11158,11159,11158,7
2019-10-21 15:18:23.992,11158,11159,11158,1
2019-10-21 15:18:46.487,11158,11159,11158,4
2019-10-21 15:18:46.487,11158,11159,11158,2
2019-10-21 15:18:46.929,11157,11158,11158,3
2019-10-21 15:18:47.024,11157,11158,11158,2
2019-10-21 15:18:50.076,11158,11159,11158,1
2019-10-21 15:18:53.978,11158,11159,11159,1
2019-10-21 15:18:54.944,11158,11159,11158,1
2019-10-21 15:18:58.203,11158,11159,11158,1
2019-10-21 15:19:00.506,11158,11159,11158,1
2019-10-21 15:19:06.883,11158,11159,11158,1
2019-10-21 15:19:08.613,11158,11159,11158,1
2019-10-21 15:19:10.444,11158,11159,11158,1
2019-10-21 15:19:12.198,11158,11159,11158,1
2019-10-21 15:19:21.744,11158,11159,11158,1
2019-10-21 15:19:23.477,11158,11159,11158,1
2019-10-21 15:19:25.397,11158,11159,11158,1
2019-10-21 15:19:25.408,11157,11158,11158,2
2019-10-21 15:19:27.953,11158,11159,11158,1
2019-10-21 15:19:55.889,11157,11158,11157,1
2019-10-21 15:19:55.928,11157,11158,11158,3
2019-10-21 15:19:56.023,11157,11158,11158,3
2019-10-21 15:19:58.942,11158,11159,11158,1
2019-10-21 15:20:01.067,11158,11159,11159,1
2019-10-21 15:20:05.183,11158,11159,11158,1
2019-10-21 15:20:07.300,11158,11159,11158,1
2019-10-21 15:20:08.673,11157,11159,11157,2
2019-10-21 15:20:22.641,11158,11159,11158,3
2019-10-21 15:20:32.268,11158,11159,11158,1
2019-10-21 15:20:42.895,11158,11159,11158,1
2019-10-21 15:20:44.421,11158,11159,11158,1
2019-10-21 15:21:00.231,11158,11159,11158,6
2019-10-21 15:21:00.231,11158,11159,11158,2
2019-10-21 15:21:49.306,11157,11158,11158,4
2019-10-21 15:21:53.361,11157,11158,11158,2
2019-10-21 15:21:53.432,11157,11158,11158,5
2019-10-21 15:22:01.194,11158,11159,11159,33
2019-10-21 15:22:05.458,11159,11160,11160,4
2019-10-21 15:22:05.565,11159,11160,11160,4
2019-10-21 15:22:13.912,11159,11160,11160,9
2019-10-21 15:22:14.413,11159,11160,11160,20
2019-10-21 15:22:14.523,11159,11160,11160,1
2019-10-21 15:22:14.524,11159,11160,11160,4
2019-10-21 15:22:20.297,11160,11161,11161,28
2019-10-21 15:22:20.297,11160,11161,11162,5
2019-10-21 15:22:20.420,11160,11162,11162,1
2019-10-21 15:22:20.436,11160,11162,11162,4
2019-10-21 15:22:20.504,11160,11162,11162,1
2019-10-21 15:22:20.554,11160,11162,11162,1
2019-10-21 15:22:20.901,11161,11162,11162,2
2019-10-21 15:22:21.728,11161,11162,11162,1
2019-10-21 15:22:21.772,11161,11162,11162,1
2019-10-21 15:22:21.772,11161,11162,11162,1
2019-10-21 15:22:21.795,11161,11162,11162,1
2019-10-21 15:22:22.683,11161,11162,11162,1
2019-10-21 15:22:23.373,11161,11162,11162,1
2019-10-21 15:22:28.436,11161,11162,11162,1
2019-10-21 15:22:34.219,11161,11162,11162,1
2019-10-21 15:22:41.299,11161,11162,11162,11
2019-10-21 15:22:41.299,11161,11162,11163,15
2019-10-21 15:22:41.498,11161,11163,11163,1
2019-10-21 15:22:44.426,11162,11163,11162,7
2019-10-21 15:22:47.275,11161,11162,11162,1
2019-10-21 15:22:48.055,11161,11162,11162,3
2019-10-21 15:22:51.361,11162,11163,11163,2
2019-10-21 15:22:54.204,11162,11163,11163,2
2019-10-21 15:22:56.148,11162,11163,11163,2
2019-10-21 15:23:03.057,11162,11163,11163,1
2019-10-21 15:23:03.545,11162,11163,11163,1
2019-10-21 15:23:04.235,11162,11163,11163,4
2019-10-21 15:23:04.980,11162,11163,11162,1
2019-10-21 15:23:08.347,11162,11163,11163,1
2019-10-21 15:23:09.037,11162,11163,11163,1
2019-10-21 15:23:09.810,11162,11163,11163,1
2019-10-21 15:23:11.298,11162,11163,11162,2
2019-10-21 15:23:11.865,11162,11163,11163,8
2019-10-21 15:23:12.661,11163,11164,11164,1
2019-10-21 15:23:13.206,11163,11164,11164,1
2019-10-21 15:23:13.435,11163,11164,11163,1
2019-10-21 15:23:13.565,11163,11164,11163,1
2019-10-21 15:23:13.898,11163,11164,11163,1
2019-10-21 15:23:14.008,11163,11164,11164,1
2019-10-21 15:23:14.744,11163,11164,11164,1
2019-10-21 15:23:15.294,11163,11164,11164,1
2019-10-21 15:23:15.295,11163,11164,11164,1
2019-10-21 15:23:15.313,11163,11164,11164,1
2019-10-21 15:23:15.324,11163,11164,11164,1
2019-10-21 15:23:15.476,11163,11164,11163,1
2019-10-21 15:23:16.245,11162,11164,11164,1
2019-10-21 15:23:19.413,11162,11163,11163,1
2019-10-21 15:23:21.787,11162,11163,11163,1
2019-10-21 15:23:21.805,11162,11163,11163,7
2019-10-21 15:23:23.781,11162,11163,11163,1
2019-10-21 15:23:25.665,11162,11163,11163,1
2019-10-21 15:23:26.635,11162,11163,11163,1
2019-10-21 15:23:32.591,11162,11163,11163,1
2019-10-21 15:23:34.119,11162,11163,11162,1
2019-10-21 15:23:40.052,11162,11163,11163,1
2019-10-21 15:23:50.307,11162,11163,11163,2
2019-10-21 15:23:51.115,11162,11163,11163,2
2019-10-21 15:23:51.118,11162,11163,11163,1
2019-10-21 15:23:51.119,11162,11163,11163,1
2019-10-21 15:23:51.120,11162,11163,11163,1
2019-10-21 15:23:51.130,11162,11163,11163,8
2019-10-21 15:23:51.130,11162,11163,11163,2
2019-10-21 15:23:54.205,11163,11164,11163,1
2019-10-21 15:23:57.601,11163,11164,11163,6
2019-10-21 15:23:58.210,11163,11164,11163,6
2019-10-21 15:23:59.768,11163,11164,11164,1
2019-10-21 15:24:00.272,11163,11164,11163,3
2019-10-21 15:24:01.139,11162,11164,11164,4
2019-10-21 15:24:01.428,11162,11164,11164,1
2019-10-21 15:24:01.429,11162,11164,11164,1
2019-10-21 15:24:01.446,11162,11164,11164,1
2019-10-21 15:24:01.501,11162,11164,11164,1
2019-10-21 15:24:01.525,11163,11164,11164,1
2019-10-21 15:24:01.908,11163,11164,11163,2
2019-10-21 15:24:02.537,11163,11164,11164,2
2019-10-21 15:24:02.984,11163,11164,11163,3
2019-10-21 15:24:07.996,11163,11164,11163,4
2019-10-21 15:24:09.338,11163,11164,11163,1
2019-10-21 15:24:24.879,11163,11164,11163,1
2019-10-21 15:24:32.808,11163,11164,11164,3
2019-10-21 15:24:35.755,11163,11164,11164,3
2019-10-21 15:24:38.238,11163,11164,11164,1
2019-10-21 15:24:40.839,11163,11164,11164,1
2019-10-21 15:24:41.992,11163,11164,11163,1
2019-10-21 15:24:42.021,11163,11164,11164,1
2019-10-21 15:24:43.154,11163,11164,11163,1
2019-10-21 15:24:45.976,11163,11164,11163,7
2019-10-21 15:24:46.010,11163,11164,11163,1
2019-10-21 15:24:46.010,11163,11164,11163,1
2019-10-21 15:24:46.023,11163,11164,11163,11
2019-10-21 15:24:48.276,11162,11163,11163,2
2019-10-21 15:24:48.679,11162,11163,11163,1
2019-10-21 15:24:50.419,11162,11164,11162,1
2019-10-21 15:24:58.733,11163,11164,11163,1
2019-10-21 15:25:01.617,11162,11163,11163,1
2019-10-21 15:25:02.893,11163,11164,11163,1
2019-10-21 15:25:19.036,11163,11164,11163,1
2019-10-21 15:25:19.050,11163,11164,11163,2
2019-10-21 15:25:24.680,11163,11164,11163,2
2019-10-21 15:25:25.248,11163,11164,11163,1
2019-10-21 15:25:25.248,11163,11164,11163,2
2019-10-21 15:25:25.355,11163,11164,11163,1
2019-10-21 15:25:30.731,11163,11164,11163,1
2019-10-21 15:25:40.084,11163,11164,11163,1
2019-10-21 15:25:41.532,11163,11164,11163,20
2019-10-21 15:25:41.734,11163,11164,11163,1
2019-10-21 15:26:01.726,11162,11163,11162,1
2019-10-21 15:26:02.312,11162,11163,11162,1
2019-10-21 15:26:08.341,11162,11163,11163,1
2019-10-21 15:26:09.368,11162,11163,11163,1
2019-10-21 15:26:11.244,11162,11163,11162,1
2019-10-21 15:26:11.457,11162,11163,11162,1
2019-10-21 15:26:13.694,11162,11163,11162,1
2019-10-21 15:26:13.765,11162,11163,11162,1
2019-10-21 15:26:13.767,11162,11163,11162,2
2019-10-21 15:26:13.768,11162,11163,11162,26
2019-10-21 15:26:13.768,11162,11163,11162,12
2019-10-21 15:26:13.780,11161,11162,11162,5
2019-10-21 15:26:16.656,11161,11162,11162,1
2019-10-21 15:26:33.382,11161,11162,11161,1
2019-10-21 15:26:36.313,11161,11162,11161,1
2019-10-21 15:26:36.606,11161,11162,11161,1
2019-10-21 15:26:45.651,11161,11162,11161,1
2019-10-21 15:26:45.820,11161,11162,11161,1
2019-10-21 15:26:46.378,11161,11162,11161,1
2019-10-21 15:26:48.588,11161,11162,11161,7
2019-10-21 15:26:54.100,11161,11162,11161,2
2019-10-21 15:26:57.527,11161,11162,11161,1
2019-10-21 15:26:59.370,11161,11162,11161,1
2019-10-21 15:27:02.583,11161,11162,11162,2
2019-10-21 15:27:05.138,11160,11162,11160,3
2019-10-21 15:27:15.165,11160,11161,11160,1
2019-10-21 15:27:15.867,11160,11161,11161,1
2019-10-21 15:27:21.779,11160,11161,11161,1
2019-10-21 15:27:23.558,11160,11161,11161,1
2019-10-21 15:27:23.559,11160,11161,11161,1
2019-10-21 15:27:25.176,11161,11162,11161,1
2019-10-21 15:27:26.100,11160,11162,11160,1
2019-10-21 15:27:31.511,11160,11161,11160,1
2019-10-21 15:27:32.910,11160,11161,11161,1
2019-10-21 15:27:41.559,11161,11162,11161,1
2019-10-21 15:27:52.096,11161,11162,11161,3
2019-10-21 15:27:52.454,11161,11162,11161,1
2019-10-21 15:28:01.168,11161,11162,11161,1
2019-10-21 15:28:20.027,11161,11162,11161,1
2019-10-21 15:28:26.433,11161,11162,11161,1
2019-10-21 15:28:28.199,11161,11162,11161,1
2019-10-21 15:28:30.429,11161,11162,11161,1
2019-10-21 15:28:31.880,11161,11162,11161,1
2019-10-21 15:28:36.549,11161,11162,11161,2
2019-10-21 15:28:46.137,11160,11162,11160,2
2019-10-21 15:28:58.770,11161,11162,11161,1
2019-10-21 15:29:02.890,11161,11162,11161,2
2019-10-21 15:29:09.399,11161,11162,11162,17
2019-10-21 15:29:09.524,11161,11162,11162,25
2019-10-21 15:29:09.524,11161,11162,11162,12
2019-10-21 15:29:22.958,11162,11163,11162,1
2019-10-21 15:29:23.338,11161,11162,11162,1
2019-10-21 15:29:24.006,11161,11162,11162,1
2019-10-21 15:29:37.495,11162,11163,11163,1
2019-10-21 15:29:48.711,11162,11163,11163,1
2019-10-21 15:29:55.139,11162,11163,11163,1
2019-10-21 15:29:55.530,11162,11163,11163,1
2019-10-21 15:29:55.784,11162,11163,11163,1
2019-10-21 15:29:56.452,11162,11163,11163,1
2019-10-21 15:30:04.391,11162,11163,11163,1
2019-10-21 15:30:05.519,11162,11163,11162,2
2019-10-21 15:30:05.586,11162,11163,11162,1
2019-10-21 15:30:05.723,11162,11163,11162,2
2019-10-21 15:30:11.381,11162,11163,11162,1
2019-10-21 15:30:20.616,11162,11163,11163,2
2019-10-21 15:30:21.404,11162,11163,11163,1
2019-10-21 15:30:22.777,11162,11163,11162,3
2019-10-21 15:30:28.347,11162,11163,11163,1
2019-10-21 15:30:30.023,11162,11163,11162,1
2019-10-21 15:30:30.024,11162,11163,11162,9
2019-10-21 15:30:30.024,11162,11163,11162,1
2019-10-21 15:30:31.273,11161,11162,11161,1
2019-10-21 15:30:31.274,11161,11162,11161,1
2019-10-21 15:30:32.511,11161,11162,11161,1
2019-10-21 15:30:32.512,11161,11162,11161,1
2019-10-21 15:30:33.773,11161,11162,11161,1
2019-10-21 15:30:33.774,11161,11162,11161,1
2019-10-21 15:30:33.774,11161,11162,11161,1
2019-10-21 15:30:35.023,11161,11162,11161,1
2019-10-21 15:30:35.024,11161,11162,11161,1
2019-10-21 15:30:43.948,11161,11162,11162,1
2019-10-21 15:30:50.684,11161,11162,11161,1
2019-10-21 15:31:02.643,11161,11162,11162,1
2019-10-21 15:31:32.148,11162,11163,11162,5
2019-10-21 15:31:43.049,11161,11162,11162,1
2019-10-21 15:31:47.773,11161,11163,11163,1
2019-10-21 15:31:58.785,11162,11163,11162,1
2019-10-21 15:32:12.613,11162,11163,11163,9
2019-10-21 15:32:12.613,11162,11163,11163,9
2019-10-21 15:32:12.613,11162,11163,11163,4
2019-10-21 15:32:12.648,11162,11163,11163,9
2019-10-21 15:32:20.816,11162,11163,11163,1
2019-10-21 15:32:20.816,11162,11163,11163,1
2019-10-21 15:32:28.826,11163,11164,11164,2
2019-10-21 15:32:29.340,11163,11164,11164,1
2019-10-21 15:32:29.431,11163,11164,11164,1
2019-10-21 15:32:30.815,11163,11164,11163,1
2019-10-21 15:32:49.666,11163,11164,11163,1
2019-10-21 15:32:58.997,11163,11164,11163,1
2019-10-21 15:33:00.363,11163,11164,11163,1
2019-10-21 15:33:05.577,11163,11164,11163,1
2019-10-21 15:33:08.119,11163,11164,11163,1
2019-10-21 15:33:09.784,11162,11164,11162,1
2019-10-21 15:33:10.493,11162,11164,11162,1
2019-10-21 15:33:11.133,11162,11164,11162,1
2019-10-21 15:33:11.980,11162,11163,11162,1
2019-10-21 15:33:22.472,11163,11164,11164,1
2019-10-21 15:33:53.403,11163,11164,11163,1
2019-10-21 15:33:54.380,11163,11164,11163,1
2019-10-21 15:34:33.207,11163,11164,11163,1
2019-10-21 15:34:35.374,11163,11164,11164,4
2019-10-21 15:34:35.439,11163,11164,11164,1
2019-10-21 15:34:35.523,11163,11164,11164,1
2019-10-21 15:34:35.810,11163,11164,11164,1
2019-10-21 15:34:35.921,11163,11164,11164,1
2019-10-21 15:34:35.921,11163,11164,11164,1
2019-10-21 15:34:35.921,11163,11164,11164,4
2019-10-21 15:34:35.921,11163,11164,11164,2
2019-10-21 15:34:35.921,11163,11164,11164,1
2019-10-21 15:34:35.921,11163,11164,11164,1
2019-10-21 15:34:35.921,11163,11164,11164,2
2019-10-21 15:34:35.921,11163,11164,11164,1
2019-10-21 15:34:35.921,11163,11164,11164,1
2019-10-21 15:34:35.921,11163,11164,11164,1
2019-10-21 15:34:35.952,11163,11164,11164,4
2019-10-21 15:34:35.952,11163,11164,11164,3
2019-10-21 15:34:35.952,11163,11164,11164,4
2019-10-21 15:34:35.952,11163,11164,11164,2
2019-10-21 15:34:36.191,11164,11165,11164,1
2019-10-21 15:34:37.070,11164,11165,11164,1
2019-10-21 15:34:37.888,11163,11165,11163,1
2019-10-21 15:34:42.410,11164,11165,11164,1
2019-10-21 15:34:46.361,11163,11165,11165,1
2019-10-21 15:34:46.860,11163,11165,11165,1
2019-10-21 15:34:58.285,11163,11164,11164,1
2019-10-21 15:35:03.027,11163,11164,11164,1
2019-10-21 15:35:04.022,11163,11164,11164,1
2019-10-21 15:35:10.799,11163,11164,11164,1
2019-10-21 15:35:20.087,11163,11164,11164,1
2019-10-21 15:35:25.199,11163,11164,11163,14
2019-10-21 15:35:28.485,11162,11163,11163,4
2019-10-21 15:35:32.375,11162,11163,11163,5
2019-10-21 15:35:32.730,11162,11163,11163,1
2019-10-21 15:35:34.187,11162,11163,11163,1
2019-10-21 15:35:44.372,11162,11163,11163,5
2019-10-21 15:35:45.169,11162,11163,11163,4
2019-10-21 15:36:06.395,11162,11163,11162,1
2019-10-21 15:36:07.774,11162,11163,11162,1
2019-10-21 15:36:20.687,11162,11163,11162,1
2019-10-21 15:36:23.276,11162,11163,11162,1
2019-10-21 15:36:30.944,11162,11163,11163,1
2019-10-21 15:36:31.820,11162,11163,11162,2
2019-10-21 15:36:31.820,11162,11163,11162,1
2019-10-21 15:36:31.821,11162,11163,11162,7
2019-10-21 15:36:35.043,11162,11163,11162,1
2019-10-21 15:36:47.534,11162,11163,11162,1
2019-10-21 15:36:57.584,11161,11162,11162,1
2019-10-21 15:37:07.274,11162,11163,11162,1
2019-10-21 15:37:11.833,11162,11163,11162,1
2019-10-21 15:37:28.953,11162,11163,11162,1
2019-10-21 15:37:50.318,11162,11163,11163,1
2019-10-21 15:37:51.449,11162,11163,11162,1
2019-10-21 15:37:52.184,11162,11163,11162,1
2019-10-21 15:37:53.750,11162,11163,11162,1
2019-10-21 15:38:07.740,11162,11163,11162,1
2019-10-21 15:38:15.646,11162,11163,11163,1
2019-10-21 15:38:56.408,11162,11163,11163,7
2019-10-21 15:39:48.500,11162,11163,11162,1
2019-10-21 15:39:53.559,11162,11163,11163,1
2019-10-21 15:40:12.130,11162,11163,11163,1
2019-10-21 15:40:13.489,11162,11163,11163,1
2019-10-21 15:40:13.490,11162,11163,11163,2
2019-10-21 15:40:13.501,11162,11163,11163,9
2019-10-21 15:40:13.524,11162,11163,11163,9
2019-10-21 15:40:13.524,11162,11163,11163,1
2019-10-21 15:40:25.080,11163,11164,11163,1
2019-10-21 15:40:42.758,11163,11164,11164,2
2019-10-21 15:40:43.334,11163,11164,11163,1
2019-10-21 15:41:01.596,11163,11164,11164,28
2019-10-21 15:41:03.778,11164,11165,11164,2
2019-10-21 15:41:10.612,11164,11165,11165,5
2019-10-21 15:41:10.929,11164,11165,11165,1
2019-10-21 15:41:11.678,11164,11165,11165,5
2019-10-21 15:41:13.393,11164,11165,11165,1
2019-10-21 15:41:15.511,11164,11165,11165,50
2019-10-21 15:41:16.007,11164,11165,11165,36
2019-10-21 15:41:16.919,11165,11166,11165,1
2019-10-21 15:41:19.041,11165,11166,11166,1
2019-10-21 15:41:19.197,11165,11166,11166,4
2019-10-21 15:41:19.207,11165,11166,11166,5
2019-10-21 15:41:19.225,11165,11166,11166,8
2019-10-21 15:41:19.273,11165,11166,11166,1
2019-10-21 15:41:19.372,11165,11166,11166,1
2019-10-21 15:41:20.414,11165,11166,11166,1
2019-10-21 15:41:20.808,11165,11166,11165,15
2019-10-21 15:41:21.950,11165,11166,11166,1
2019-10-21 15:41:30.725,11165,11166,11166,1
2019-10-21 15:41:40.145,11165,11166,11165,14
2019-10-21 15:41:41.456,11164,11165,11165,1
2019-10-21 15:41:42.061,11164,11165,11165,19
2019-10-21 15:41:48.801,11165,11166,11166,1
2019-10-21 15:41:49.402,11165,11166,11166,2
2019-10-21 15:41:49.867,11165,11166,11166,1
2019-10-21 15:41:59.040,11165,11166,11166,1
2019-10-21 15:41:59.961,11165,11166,11166,1
2019-10-21 15:42:02.261,11165,11166,11166,2
2019-10-21 15:42:02.593,11165,11166,11166,4
2019-10-21 15:42:02.952,11165,11166,11166,1
2019-10-21 15:42:06.040,11165,11166,11166,1
2019-10-21 15:42:14.928,11165,11166,11166,1
2019-10-21 15:42:15.019,11165,11166,11166,2
2019-10-21 15:42:15.023,11165,11166,11166,3
2019-10-21 15:42:15.023,11165,11166,11166,8
2019-10-21 15:42:17.960,11165,11166,11166,2
2019-10-21 15:42:18.387,11165,11166,11166,1
2019-10-21 15:42:22.303,11165,11166,11166,3
2019-10-21 15:42:24.066,11165,11166,11166,1
2019-10-21 15:42:25.621,11165,11166,11166,1
2019-10-21 15:42:26.511,11165,11166,11166,2
2019-10-21 15:42:31.320,11165,11166,11166,2
2019-10-21 15:42:32.206,11165,11166,11166,1
2019-10-21 15:42:35.269,11165,11166,11166,1
2019-10-21 15:42:36.175,11165,11166,11166,2
2019-10-21 15:42:37.946,11165,11166,11166,1
2019-10-21 15:42:41.044,11165,11166,11166,1
2019-10-21 15:42:44.033,11165,11166,11166,1
2019-10-21 15:42:47.401,11165,11166,11166,3
2019-10-21 15:42:47.695,11165,11166,11166,1
2019-10-21 15:42:48.507,11165,11166,11166,3
2019-10-21 15:42:49.404,11165,11166,11166,5
2019-10-21 15:42:49.720,11165,11166,11166,2
2019-10-21 15:42:50.032,11166,11167,11166,1
2019-10-21 15:42:53.559,11166,11167,11166,1
2019-10-21 15:42:57.870,11166,11167,11166,1
2019-10-21 15:43:02.160,11166,11167,11167,1
2019-10-21 15:43:02.292,11166,11167,11167,5
2019-10-21 15:43:02.423,11166,11167,11167,1
2019-10-21 15:43:02.435,11166,11167,11167,1
2019-10-21 15:43:02.527,11166,11167,11167,1
2019-10-21 15:43:03.121,11166,11167,11167,1
2019-10-21 15:43:03.607,11166,11167,11167,1
2019-10-21 15:43:04.316,11166,11167,11167,1
2019-10-21 15:43:05.619,11166,11167,11167,2
2019-10-21 15:43:05.705,11166,11167,11166,18
2019-10-21 15:43:06.575,11165,11166,11166,1
2019-10-21 15:43:07.552,11165,11166,11166,1
2019-10-21 15:43:08.824,11165,11166,11166,2
2019-10-21 15:43:10.085,11165,11166,11166,40
2019-10-21 15:43:10.085,11165,11166,11166,3
2019-10-21 15:43:10.086,11165,11166,11166,1
2019-10-21 15:43:10.195,11166,11167,11166,1
2019-10-21 15:43:10.633,11166,11167,11166,1
2019-10-21 15:43:11.232,11166,11167,11166,1
2019-10-21 15:43:15.519,11166,11167,11166,2
2019-10-21 15:43:16.416,11166,11167,11166,2
2019-10-21 15:43:16.423,11166,11167,11165,1
2019-10-21 15:43:17.163,11165,11166,11165,1
2019-10-21 15:43:18.133,11165,11166,11166,1
2019-10-21 15:43:20.822,11165,11166,11165,1
2019-10-21 15:43:46.580,11165,11166,11165,1
2019-10-21 15:43:52.810,11165,11166,11165,2
2019-10-21 15:44:02.312,11165,11166,11166,3
2019-10-21 15:44:06.943,11165,11166,11166,2
2019-10-21 15:44:07.048,11165,11166,11166,1
2019-10-21 15:44:08.976,11165,11166,11166,12
2019-10-21 15:44:09.299,11165,11166,11166,1
2019-10-21 15:44:09.699,11165,11166,11166,1
2019-10-21 15:44:10.612,11166,11167,11166,1
2019-10-21 15:44:22.669,11166,11167,11167,1
2019-10-21 15:44:24.013,11166,11167,11166,1
2019-10-21 15:44:25.685,11166,11167,11166,1
2019-10-21 15:44:25.771,11166,11167,11167,3
2019-10-21 15:44:34.824,11166,11167,11167,3
2019-10-21 15:44:39.410,11166,11167,11166,1
2019-10-21 15:44:41.653,11166,11167,11166,1
2019-10-21 15:44:44.091,11166,11167,11166,9
2019-10-21 15:44:44.122,11166,11167,11166,1
2019-10-21 15:44:53.969,11165,11166,11166,1
2019-10-21 15:44:59.672,11166,11167,11166,1
2019-10-21 15:45:01.151,11166,11167,11167,1
2019-10-21 15:45:01.514,11166,11167,11166,2
2019-10-21 15:45:01.631,11166,11167,11167,2
2019-10-21 15:45:01.833,11166,11167,11167,5
2019-10-21 15:45:01.833,11166,11167,11167,5
2019-10-21 15:45:01.854,11166,11167,11166,1
2019-10-21 15:45:01.978,11166,11167,11166,3
2019-10-21 15:45:08.971,11166,11167,11167,2
2019-10-21 15:45:08.971,11166,11167,11167,17
2019-10-21 15:45:09.004,11166,11167,11167,10
2019-10-21 15:45:09.024,11166,11167,11167,1
2019-10-21 15:45:09.024,11166,11167,11167,9
2019-10-21 15:45:09.024,11166,11167,11167,1
2019-10-21 15:45:09.024,11166,11167,11167,2
2019-10-21 15:45:09.024,11166,11167,11167,2
2019-10-21 15:45:09.024,11166,11167,11167,2
2019-10-21 15:45:09.024,11166,11167,11167,1
2019-10-21 15:45:09.024,11166,11167,11167,3
2019-10-21 15:45:11.658,11167,11168,11167,1
2019-10-21 15:45:14.300,11167,11168,11167,3
2019-10-21 15:45:14.657,11167,11168,11167,1
2019-10-21 15:45:14.658,11167,11168,11167,2
2019-10-21 15:45:14.658,11167,11168,11167,3
2019-10-21 15:45:14.658,11167,11168,11167,3
2019-10-21 15:45:18.571,11166,11167,11167,1
2019-10-21 15:45:22.775,11166,11167,11166,5
2019-10-21 15:45:28.373,11166,11167,11166,2
2019-10-21 15:45:30.866,11166,11167,11166,2
2019-10-21 15:45:44.103,11165,11166,11166,2
2019-10-21 15:45:46.276,11165,11166,11166,3
2019-10-21 15:45:51.105,11166,11167,11167,1
2019-10-21 15:45:54.492,11166,11167,11166,2
2019-10-21 15:46:06.917,11166,11167,11166,1
2019-10-21 15:46:09.201,11165,11167,11165,2
2019-10-21 15:46:26.192,11165,11166,11165,20
2019-10-21 15:46:26.274,11165,11166,11165,15
2019-10-21 15:46:35.508,11164,11165,11165,1
2019-10-21 15:46:41.715,11164,11165,11165,1
2019-10-21 15:46:56.525,11164,11165,11165,2
2019-10-21 15:47:17.728,11164,11165,11164,1
2019-10-21 15:47:17.729,11164,11165,11164,2
2019-10-21 15:47:17.729,11164,11165,11164,3
2019-10-21 15:47:17.729,11164,11165,11164,3
2019-10-21 15:47:29.915,11164,11165,11164,1
2019-10-21 15:47:39.866,11164,11165,11164,1
2019-10-21 15:47:45.011,11164,11165,11164,1
2019-10-21 15:47:54.348,11164,11165,11164,2
2019-10-21 15:47:57.397,11164,11165,11165,1
2019-10-21 15:48:01.819,11164,11165,11165,1
2019-10-21 15:48:02.222,11164,11165,11164,4
2019-10-21 15:48:11.099,11164,11165,11165,1
2019-10-21 15:48:17.668,11164,11165,11165,1
2019-10-21 15:48:44.607,11164,11165,11165,1
2019-10-21 15:48:49.950,11164,11165,11165,1
2019-10-21 15:48:56.137,11164,11165,11164,1
2019-10-21 15:48:59.664,11164,11165,11165,1
2019-10-21 15:49:02.176,11164,11165,11164,1
2019-10-21 15:49:27.310,11164,11165,11164,1
2019-10-21 15:49:27.311,11164,11165,11164,1
2019-10-21 15:49:27.313,11164,11165,11164,3
2019-10-21 15:49:27.317,11164,11165,11164,2
2019-10-21 15:49:27.382,11164,11165,11164,2
2019-10-21 15:49:27.382,11164,11165,11164,2
2019-10-21 15:49:27.916,11163,11164,11163,1
2019-10-21 15:49:27.916,11163,11164,11163,1
2019-10-21 15:49:27.916,11163,11164,11163,1
2019-10-21 15:49:28.124,11163,11164,11163,2
2019-10-21 15:49:28.148,11163,11164,11163,2
2019-10-21 15:49:28.148,11163,11164,11163,1
2019-10-21 15:49:28.148,11163,11164,11163,1
2019-10-21 15:49:28.160,11163,11164,11163,1
2019-10-21 15:49:28.273,11163,11164,11163,1
2019-10-21 15:49:28.278,11163,11164,11163,1
2019-10-21 15:49:28.315,11163,11164,11163,1
2019-10-21 15:49:28.438,11163,11164,11163,4
2019-10-21 15:49:36.141,11162,11163,11163,1
2019-10-21 15:49:39.332,11162,11163,11162,1
2019-10-21 15:49:41.275,11162,11163,11163,1
2019-10-21 15:49:45.374,11162,11163,11163,2
2019-10-21 15:49:46.187,11162,11163,11162,1
2019-10-21 15:49:59.262,11162,11163,11163,1
2019-10-21 15:50:06.779,11162,11163,11163,1
2019-10-21 15:50:10.003,11163,11164,11163,1
2019-10-21 15:50:10.574,11163,11164,11163,1
2019-10-21 15:50:24.766,11163,11164,11163,1
2019-10-21 15:50:26.305,11163,11164,11163,1
2019-10-21 15:50:30.679,11163,11164,11163,1
2019-10-21 15:50:31.080,11163,11164,11163,2
2019-10-21 15:50:54.882,11163,11164,11163,2
2019-10-21 15:50:54.882,11163,11164,11163,4
2019-10-21 15:50:54.882,11163,11164,11163,2
2019-10-21 15:50:54.882,11163,11164,11163,2
2019-10-21 15:50:54.883,11163,11164,11163,2
2019-10-21 15:50:54.883,11163,11164,11163,1
2019-10-21 15:50:54.883,11163,11164,11163,1
2019-10-21 15:51:04.384,11162,11163,11162,1
2019-10-21 15:51:10.806,11162,11163,11163,1
2019-10-21 15:51:11.131,11162,11163,11162,2
2019-10-21 15:51:15.050,11162,11163,11163,1
2019-10-21 15:51:20.561,11162,11163,11163,2
2019-10-21 15:51:24.393,11162,11163,11163,1
2019-10-21 15:51:24.817,11162,11163,11163,2
2019-10-21 15:51:42.124,11162,11163,11162,1
2019-10-21 15:51:45.039,11162,11163,11162,5
2019-10-21 15:51:45.039,11162,11163,11162,9
2019-10-21 15:51:45.039,11162,11163,11162,2
2019-10-21 15:51:45.039,11162,11163,11162,9
2019-10-21 15:51:45.039,11162,11163,11162,2
2019-10-21 15:51:48.335,11161,11162,11161,1
2019-10-21 15:52:15.109,11161,11162,11162,2
2019-10-21 15:52:21.898,11161,11162,11162,3
2019-10-21 15:52:22.835,11161,11163,11161,1
2019-10-21 15:52:23.591,11161,11163,11161,1
2019-10-21 15:52:24.931,11162,11163,11162,1
2019-10-21 15:53:01.353,11162,11163,11162,1
2019-10-21 15:53:17.161,11162,11163,11162,1
2019-10-21 15:54:03.622,11162,11163,11162,1
2019-10-21 15:54:08.046,11162,11163,11162,3
2019-10-21 15:54:32.575,11162,11163,11162,8
2019-10-21 15:54:35.898,11162,11163,11163,12
2019-10-21 15:55:12.319,11163,11164,11164,1
2019-10-21 15:55:20.892,11163,11164,11164,1
2019-10-21 15:55:21.794,11163,11164,11164,1
2019-10-21 15:56:11.669,11163,11164,11163,2
2019-10-21 15:56:38.897,11163,11164,11163,8
2019-10-21 15:56:49.894,11163,11164,11163,2
2019-10-21 15:57:15.780,11162,11163,11163,1
2019-10-21 15:57:22.614,11162,11163,11163,1
2019-10-21 15:57:26.628,11162,11163,11163,1
2019-10-21 15:58:07.912,11163,11164,11164,2
2019-10-21 15:58:07.913,11163,11164,11164,6
2019-10-21 15:58:07.934,11163,11164,11164,2
2019-10-21 15:58:07.941,11163,11164,11164,12
2019-10-21 15:58:08.066,11163,11165,11165,1
2019-10-21 15:58:16.903,11164,11165,11165,1
2019-10-21 15:58:29.288,11164,11165,11165,2
2019-10-21 15:58:31.379,11164,11165,11164,3
2019-10-21 15:58:31.524,11164,11165,11164,1
2019-10-21 15:58:31.935,11164,11165,11164,3
2019-10-21 15:58:41.122,11164,11165,11164,1
2019-10-21 15:58:42.861,11164,11165,11164,1
2019-10-21 15:58:44.768,11163,11165,11163,1
2019-10-21 15:59:06.889,11164,11165,11164,1
2019-10-21 15:59:29.198,11164,11165,11165,1
2019-10-21 15:59:41.224,11164,11165,11164,5
2019-10-21 15:59:41.557,11164,11165,11165,1
2019-10-21 15:59:48.667,11164,11165,11165,1
2019-10-21 15:59:49.179,11164,11165,11164,4
2019-10-21 16:00:10.383,11164,11165,11165,1
2019-10-21 16:00:18.238,11164,11165,11164,2
2019-10-21 16:00:23.153,11164,11165,11164,1
2019-10-21 16:00:52.795,11164,11165,11164,1
2019-10-21 16:00:57.557,11164,11165,11164,2
2019-10-21 16:01:23.151,11163,11164,11163,7
2019-10-21 16:01:24.616,11163,11164,11163,1
2019-10-21 16:01:28.319,11163,11164,11163,1
2019-10-21 16:01:35.724,11163,11164,11163,1
2019-10-21 16:01:43.407,11163,11164,11163,2
2019-10-21 16:03:52.022,11162,11163,11162,1
2019-10-21 16:03:52.023,11162,11163,11162,5
2019-10-21 16:03:52.149,11162,11163,11162,18
2019-10-21 16:03:52.402,11161,11162,11162,2
2019-10-21 16:03:59.801,11161,11162,11162,2
2019-10-21 16:04:10.807,11161,11162,11162,1
2019-10-21 16:04:11.523,11161,11162,11162,2
2019-10-21 16:04:12.650,11162,11163,11163,1
2019-10-21 16:04:20.545,11162,11163,11162,1
2019-10-21 16:04:24.057,11162,11163,11162,1
2019-10-21 16:04:24.757,11162,11163,11162,1
2019-10-21 16:04:27.970,11162,11163,11162,1
2019-10-21 16:04:43.094,11162,11163,11163,10
2019-10-21 16:04:45.277,11162,11164,11162,1
2019-10-21 16:04:46.098,11162,11163,11162,1
2019-10-21 16:04:47.872,11162,11163,11162,1
2019-10-21 16:04:50.852,11162,11163,11162,6
2019-10-21 16:05:04.670,11161,11162,11161,1
2019-10-21 16:05:09.946,11161,11162,11162,5
2019-10-21 16:05:09.946,11161,11162,11162,6
2019-10-21 16:05:09.947,11161,11162,11162,1
2019-10-21 16:05:09.965,11161,11162,11162,22
2019-10-21 16:05:17.466,11162,11163,11162,1
2019-10-21 16:05:21.277,11162,11163,11162,2
2019-10-21 16:05:28.158,11162,11163,11162,1
2019-10-21 16:05:32.426,11162,11163,11162,1
2019-10-21 16:05:46.368,11162,11163,11162,1
2019-10-21 16:05:46.398,11162,11163,11162,3
2019-10-21 16:05:47.960,11162,11163,11162,2
2019-10-21 16:05:54.759,11161,11162,11162,2
2019-10-21 16:06:14.332,11162,11163,11162,2
2019-10-21 16:06:17.138,11162,11163,11162,3
2019-10-21 16:06:30.070,11161,11162,11162,2
2019-10-21 16:06:30.832,11162,11163,11162,1
2019-10-21 16:06:49.178,11162,11163,11163,1
2019-10-21 16:06:56.464,11162,11163,11163,9
2019-10-21 16:07:31.898,11163,11164,11163,6
2019-10-21 16:08:12.620,11162,11163,11162,1
2019-10-21 16:08:12.620,11162,11163,11162,1
2019-10-21 16:08:12.627,11162,11163,11162,3
2019-10-21 16:08:12.648,11162,11163,11162,2
2019-10-21 16:08:12.648,11162,11163,11162,3
2019-10-21 16:08:12.648,11162,11163,11162,12
2019-10-21 16:08:12.649,11162,11163,11162,4
2019-10-21 16:09:02.647,11161,11162,11162,5
2019-10-21 16:09:41.062,11162,11163,11162,1
2019-10-21 16:09:44.538,11162,11163,11162,3
2019-10-21 16:09:45.356,11161,11162,11161,1
2019-10-21 16:09:49.670,11161,11162,11162,3
2019-10-21 16:10:53.082,11162,11163,11162,1
2019-10-21 16:11:02.023,11162,11163,11162,4
2019-10-21 16:11:14.082,11161,11162,11162,2
2019-10-21 16:11:22.020,11162,11163,11162,1
2019-10-21 16:11:48.805,11162,11163,11162,3
2019-10-21 16:12:12.420,11162,11163,11162,1
2019-10-21 16:12:51.276,11162,11163,11162,1
2019-10-21 16:12:59.677,11162,11163,11162,5
2019-10-21 16:13:13.107,11162,11163,11162,1
2019-10-21 16:13:26.936,11162,11163,11162,1
2019-10-21 16:13:29.312,11161,11162,11162,1
2019-10-21 16:13:46.730,11162,11163,11162,2
2019-10-21 16:13:47.648,11161,11162,11162,2
2019-10-21 16:14:31.839,11162,11163,11163,13
2019-10-21 16:14:46.080,11163,11164,11163,1
2019-10-21 16:15:01.273,11162,11163,11163,1
2019-10-21 16:15:01.398,11162,11163,11163,1
2019-10-21 16:15:01.575,11162,11163,11162,8
2019-10-21 16:15:01.586,11162,11163,11162,1
2019-10-21 16:15:02.728,11162,11163,11162,1
2019-10-21 16:15:02.781,11162,11163,11162,1
2019-10-21 16:15:02.781,11162,11163,11162,1
2019-10-21 16:15:02.781,11162,11163,11162,1
2019-10-21 16:15:02.790,11162,11163,11162,1
2019-10-21 16:15:02.790,11162,11163,11162,1
2019-10-21 16:15:46.746,11162,11163,11162,1
2019-10-21 16:16:01.078,11162,11163,11162,7
2019-10-21 16:16:29.508,11162,11163,11162,1
2019-10-21 16:16:32.106,11162,11163,11162,1
2019-10-21 16:16:55.360,11162,11163,11162,1
2019-10-21 16:16:57.966,11162,11163,11163,3
2019-10-21 16:16:57.966,11162,11163,11163,3
2019-10-21 16:16:58.149,11163,11164,11163,1
2019-10-21 16:17:42.902,11162,11163,11162,2
2019-10-21 16:17:58.592,11161,11162,11162,1
2019-10-21 16:17:58.592,11161,11162,11162,1
2019-10-21 16:19:20.344,11162,11163,11163,1
2019-10-21 16:19:48.169,11162,11163,11163,2
2019-10-21 16:20:02.222,11163,11164,11163,1
2019-10-21 16:20:02.280,11162,11164,11164,1
2019-10-21 16:20:09.612,11163,11164,11163,1
2019-10-21 16:20:21.777,11163,11164,11164,1
2019-10-21 16:20:21.798,11163,11164,11164,1
2019-10-21 16:20:51.324,11163,11164,11164,1
2019-10-21 16:21:01.112,11163,11164,11164,5
2019-10-21 16:21:14.799,11163,11164,11164,5
2019-10-21 16:21:14.799,11163,11164,11164,1
2019-10-21 16:21:14.898,11163,11164,11164,10
2019-10-21 16:21:15.023,11163,11164,11164,1
2019-10-21 16:21:46.506,11163,11164,11163,1
2019-10-21 16:21:46.523,11163,11164,11163,16
2019-10-21 16:21:46.648,11163,11164,11163,7
2019-10-21 16:21:46.649,11163,11164,11163,1
2019-10-21 16:21:58.589,11162,11163,11162,6
2019-10-21 16:22:16.562,11161,11162,11162,1
2019-10-21 16:22:24.550,11161,11163,11163,1
2019-10-21 16:23:24.378,11162,11163,11162,1
2019-10-21 16:23:24.992,11161,11163,11162,1
2019-10-21 16:23:45.751,11161,11162,11162,1
2019-10-21 16:23:45.751,11161,11162,11162,1
2019-10-21 16:24:00.087,11162,11163,11162,1
2019-10-21 16:24:21.537,11162,11163,11162,1
2019-10-21 16:24:25.866,11161,11162,11162,1
2019-10-21 16:24:49.454,11162,11163,11162,1
2019-10-21 16:26:09.148,11162,11163,11162,2
2019-10-21 16:26:28.257,11162,11163,11162,1
2019-10-21 16:26:43.641,11161,11162,11161,4
2019-10-21 16:26:53.988,11161,11162,11162,1
2019-10-21 16:26:56.891,11161,11162,11162,1
2019-10-21 16:27:09.598,11161,11162,11162,1
2019-10-21 16:27:12.948,11161,11162,11161,1
2019-10-21 16:27:13.949,11161,11162,11162,1
2019-10-21 16:27:26.517,11161,11162,11162,1
2019-10-21 16:27:40.462,11161,11162,11162,2
2019-10-21 16:27:45.471,11161,11162,11162,1
2019-10-21 16:28:14.880,11161,11162,11162,1
2019-10-21 16:28:15.466,11161,11162,11162,1
2019-10-21 16:28:15.497,11161,11162,11163,1
2019-10-21 16:28:25.540,11162,11163,11162,1
2019-10-21 16:28:39.776,11162,11163,11162,1
2019-10-21 16:28:40.634,11162,11163,11162,1
2019-10-21 16:29:23.544,11162,11163,11163,15
2019-10-21 16:30:40.405,11163,11164,11163,6
2019-10-21 16:30:40.721,11162,11163,11163,1
2019-10-21 16:32:03.729,11162,11163,11163,1
2019-10-21 16:32:05.012,11162,11163,11163,1
2019-10-21 16:32:06.858,11162,11163,11163,1
2019-10-21 16:32:57.884,11163,11164,11163,1
2019-10-21 16:33:00.548,11163,11164,11163,1
2019-10-21 16:33:07.568,11163,11164,11163,2
2019-10-21 16:33:49.273,11162,11163,11163,3
2019-10-21 16:34:25.648,11162,11163,11163,3
2019-10-21 16:34:29.995,11162,11163,11163,1
2019-10-21 16:36:33.686,11162,11163,11163,1
2019-10-21 16:36:33.773,11162,11163,11163,2
2019-10-21 16:36:54.702,11162,11163,11163,1
2019-10-21 16:37:28.809,11163,11164,11163,1
2019-10-21 16:37:54.789,11163,11164,11163,1
2019-10-21 16:39:25.008,11162,11163,11162,1
2019-10-21 16:39:25.760,11162,11163,11162,1
2019-10-21 16:40:25.582,11162,11163,11163,1
2019-10-21 16:41:16.367,11162,11163,11162,3
2019-10-21 16:41:19.615,11162,11163,11162,20
2019-10-21 16:42:45.495,11161,11162,11161,1
2019-10-21 16:43:06.677,11161,11162,11162,1
2019-10-21 16:43:33.970,11161,11162,11162,1
2019-10-21 16:43:47.410,11161,11162,11162,1
2019-10-21 16:44:00.057,11161,11162,11162,1
2019-10-21 16:44:21.084,11162,11163,11162,2
2019-10-21 16:44:39.242,11162,11163,11162,1
2019-10-21 16:44:57.119,11162,11163,11162,1
2019-10-21 16:45:36.562,11162,11163,11162,4
2019-10-21 16:46:16.000,11162,11163,11163,9
2019-10-21 16:46:16.149,11163,11164,11163,3
2019-10-21 16:46:16.273,11163,11164,11163,3
2019-10-21 16:46:26.237,11162,11163,11163,1
2019-10-21 16:46:29.849,11162,11163,11163,2
2019-10-21 16:46:29.898,11162,11163,11163,5
2019-10-21 16:46:52.177,11163,11164,11163,1
2019-10-21 16:48:00.701,11162,11163,11162,1
2019-10-21 16:48:04.601,11162,11163,11162,7
2019-10-21 16:48:10.804,11161,11162,11162,2
2019-10-21 16:49:00.582,11161,11162,11162,1
2019-10-21 16:49:34.879,11161,11162,11162,1
2019-10-21 16:50:42.111,11161,11162,11162,2
2019-10-21 16:51:02.218,11162,11163,11162,4
2019-10-21 16:51:02.792,11162,11163,11163,2
2019-10-21 16:51:28.489,11162,11163,11162,1
2019-10-21 16:52:02.371,11161,11162,11161,1
2019-10-21 16:52:30.885,11161,11162,11161,1
2019-10-21 16:52:32.112,11161,11162,11162,2
2019-10-21 16:52:32.273,11161,11162,11162,1
2019-10-21 16:52:32.281,11161,11162,11162,2
2019-10-21 16:52:41.889,11161,11163,11161,8
2019-10-21 16:52:44.175,11161,11162,11162,2
2019-10-21 16:52:49.228,11161,11162,11161,1
2019-10-21 16:53:03.473,11161,11162,11162,4
2019-10-21 16:53:13.337,11162,11163,11162,1
2019-10-21 16:53:20.297,11162,11163,11162,2
2019-10-21 16:53:55.865,11161,11162,11162,1
2019-10-21 16:54:06.173,11161,11162,11162,1
2019-10-21 16:54:16.573,11161,11162,11162,1
2019-10-21 16:54:37.705,11161,11162,11161,38
2019-10-21 16:54:37.773,11161,11162,11161,4
2019-10-21 16:54:37.774,11161,11162,11161,12
2019-10-21 16:54:37.774,11161,11162,11161,4
2019-10-21 16:54:37.952,11161,11162,11161,1
2019-10-21 16:54:48.440,11160,11161,11161,1
2019-10-21 16:55:15.872,11161,11162,11161,1
2019-10-21 16:55:23.656,11161,11162,11161,1
2019-10-21 16:55:31.910,11160,11161,11160,5
2019-10-21 16:55:53.314,11160,11161,11160,1
2019-10-21 16:55:58.960,11160,11161,11161,1
2019-10-21 16:56:12.879,11160,11161,11161,1
2019-10-21 16:56:34.660,11160,11161,11161,4
2019-10-21 16:56:49.171,11160,11161,11160,1
2019-10-21 16:56:54.070,11160,11161,11160,4
2019-10-21 16:57:13.244,11160,11161,11160,1
2019-10-21 16:57:14.166,11160,11161,11160,6
2019-10-21 16:57:14.273,11160,11161,11160,24
2019-10-21 16:57:14.398,11160,11161,11160,3
2019-10-21 16:57:14.399,11160,11161,11160,2
2019-10-21 16:57:18.010,11159,11160,11159,10
2019-10-21 16:57:18.136,11159,11160,11159,1
2019-10-21 16:57:18.270,11159,11160,11159,10
2019-10-21 16:57:20.611,11159,11160,11159,10
2019-10-21 16:57:25.818,11159,11160,11159,4
2019-10-21 16:57:48.983,11159,11160,11160,1
2019-10-21 16:57:54.225,11159,11160,11159,4
2019-10-21 16:58:02.264,11159,11160,11159,3
2019-10-21 16:58:03.292,11159,11160,11159,8
2019-10-21 16:58:18.902,11159,11160,11159,1
2019-10-21 16:58:23.409,11159,11160,11160,1
2019-10-21 16:58:29.536,11159,11160,11159,1
2019-10-21 16:58:32.282,11159,11160,11159,1
2019-10-21 16:59:21.910,11159,11160,11160,14
2019-10-21 16:59:31.075,11159,11160,11160,2
2019-10-21 16:59:46.940,11160,11161,11160,5
2019-10-21 16:59:59.134,11160,11161,11160,1
2019-10-21 17:00:35.093,11160,11161,11160,3
2019-10-21 17:00:59.404,11160,11161,11160,8
2019-10-21 17:01:00.046,11160,11161,11160,1
2019-10-21 17:01:07.428,11160,11161,11160,1
2019-10-21 17:01:14.910,11160,11161,11160,2
2019-10-21 17:02:15.909,11160,11161,11160,1
2019-10-21 17:03:24.622,11160,11161,11161,1
2019-10-21 17:03:53.324,11160,11161,11160,1
2019-10-21 17:03:54.818,11160,11161,11160,1
2019-10-21 17:03:55.287,11160,11161,11160,1
2019-10-21 17:03:55.557,11160,11161,11160,1
2019-10-21 17:03:55.789,11160,11161,11160,1
2019-10-21 17:03:57.233,11160,11161,11160,1
2019-10-21 17:04:02.188,11160,11161,11160,1
2019-10-21 17:04:02.225,11160,11161,11160,1
2019-10-21 17:04:02.423,11160,11161,11160,1
2019-10-21 17:04:03.129,11160,11161,11160,1
2019-10-21 17:04:03.370,11160,11161,11160,1
2019-10-21 17:04:18.024,11160,11161,11160,5
2019-10-21 17:05:42.313,11160,11161,11160,10
2019-10-21 17:06:06.491,11160,11161,11160,1
2019-10-21 17:06:38.379,11160,11161,11161,9
2019-10-21 17:06:38.389,11160,11161,11161,3
2019-10-21 17:06:38.393,11160,11161,11161,10
2019-10-21 17:06:38.393,11160,11161,11161,10
2019-10-21 17:06:46.392,11161,11162,11162,10
2019-10-21 17:06:46.392,11161,11162,11162,2
2019-10-21 17:06:46.399,11161,11162,11162,1
2019-10-21 17:07:00.505,11162,11163,11162,1
2019-10-21 17:07:00.759,11162,11163,11163,1
2019-10-21 17:07:01.218,11162,11163,11163,1
2019-10-21 17:07:01.385,11162,11163,11163,1
2019-10-21 17:07:13.139,11162,11163,11163,1
2019-10-21 17:07:14.546,11162,11163,11162,2
2019-10-21 17:07:23.431,11161,11162,11162,1
2019-10-21 17:07:38.692,11161,11162,11161,1
2019-10-21 17:07:40.857,11161,11162,11161,1
2019-10-21 17:07:44.277,11161,11162,11161,1
2019-10-21 17:07:48.687,11161,11162,11161,1
2019-10-21 17:07:49.880,11161,11162,11161,1
2019-10-21 17:07:54.912,11161,11162,11161,1
2019-10-21 17:08:22.001,11160,11161,11161,7
2019-10-21 17:08:24.101,11161,11162,11161,5
2019-10-21 17:09:24.218,11160,11161,11161,1
2019-10-21 17:09:28.335,11160,11161,11161,1
2019-10-21 17:09:30.065,11160,11161,11161,1
2019-10-21 17:09:53.023,11160,11161,11161,8
2019-10-21 17:09:53.148,11160,11161,11161,1
2019-10-21 17:10:43.909,11160,11161,11161,1
2019-10-21 17:10:44.540,11161,11162,11162,1
2019-10-21 17:10:59.444,11161,11162,11162,1
2019-10-21 17:11:01.541,11161,11162,11161,1
2019-10-21 17:11:03.103,11161,11162,11162,1
2019-10-21 17:11:09.313,11161,11162,11161,5
2019-10-21 17:11:33.514,11160,11161,11161,1
2019-10-21 17:11:40.382,11160,11161,11161,1
2019-10-21 17:12:43.147,11161,11162,11161,1
2019-10-21 17:12:48.938,11161,11162,11161,1
2019-10-21 17:12:57.747,11161,11162,11161,1
2019-10-21 17:13:18.130,11161,11162,11161,1
2019-10-21 17:14:43.141,11161,11162,11162,1
2019-10-21 17:14:48.399,11161,11162,11162,8
2019-10-21 17:14:48.523,11161,11162,11162,3
2019-10-21 17:14:48.524,11161,11162,11162,1
2019-10-21 17:15:06.948,11161,11162,11161,3
2019-10-21 17:15:06.948,11161,11162,11161,2
2019-10-21 17:15:07.023,11161,11162,11161,9
2019-10-21 17:15:48.383,11160,11161,11161,1
2019-10-21 17:15:53.437,11160,11161,11161,1
2019-10-21 17:16:00.591,11160,11161,11161,1
2019-10-21 17:16:02.980,11161,11162,11161,1
2019-10-21 17:16:04.999,11160,11161,11160,1
2019-10-21 17:16:05.023,11160,11161,11160,6
2019-10-21 17:16:33.965,11160,11161,11160,1
2019-10-21 17:16:36.828,11160,11161,11160,1
2019-10-21 17:16:37.250,11160,11161,11160,1
2019-10-21 17:16:37.684,11160,11161,11160,1
2019-10-21 17:16:48.118,11160,11161,11160,1
2019-10-21 17:16:48.910,11160,11161,11160,8
2019-10-21 17:16:51.020,11160,11161,11160,3
2019-10-21 17:16:51.023,11160,11161,11160,11
2019-10-21 17:16:51.032,11160,11161,11160,1
2019-10-21 17:16:51.071,11160,11161,11160,1
2019-10-21 17:16:51.072,11160,11161,11160,1
2019-10-21 17:16:59.348,11159,11160,11159,1
2019-10-21 17:16:59.707,11159,11160,11159,1
2019-10-21 17:16:59.759,11159,11160,11159,1
2019-10-21 17:17:02.176,11159,11160,11159,1
2019-10-21 17:18:02.328,11159,11160,11159,7
2019-10-21 17:18:17.227,11159,11160,11159,1
2019-10-21 17:18:22.902,11159,11160,11159,21
2019-10-21 17:18:37.282,11158,11159,11159,24
2019-10-21 17:18:57.594,11159,11160,11159,1
2019-10-21 17:19:22.660,11159,11160,11159,1
2019-10-21 17:19:26.541,11159,11160,11160,2
2019-10-21 17:19:34.242,11159,11160,11160,1
2019-10-21 17:19:38.324,11159,11160,11160,1
2019-10-21 17:19:46.936,11160,11161,11160,7
2019-10-21 17:19:48.882,11159,11161,11159,1
2019-10-21 17:19:57.830,11159,11160,11159,3
2019-10-21 17:20:27.544,11159,11160,11159,1
2019-10-21 17:20:31.384,11159,11160,11159,1
2019-10-21 17:20:32.057,11159,11160,11159,2
2019-10-21 17:20:43.109,11159,11160,11159,1
2019-10-21 17:21:15.151,11159,11160,11159,2
2019-10-21 17:21:24.389,11159,11160,11159,6
2019-10-21 17:21:24.389,11159,11160,11159,9
2019-10-21 17:21:24.390,11159,11160,11159,4
2019-10-21 17:21:24.390,11159,11160,11159,1
2019-10-21 17:21:24.399,11159,11160,11159,2
2019-10-21 17:21:24.399,11159,11160,11159,2
2019-10-21 17:21:29.346,11158,11160,11160,1
2019-10-21 17:21:38.164,11158,11160,11158,1
2019-10-21 17:21:38.379,11158,11160,11158,1
2019-10-21 17:22:06.531,11159,11160,11159,1
2019-10-21 17:22:07.858,11159,11160,11159,1
2019-10-21 17:22:30.582,11159,11160,11159,1
2019-10-21 17:23:01.837,11158,11159,11159,2
2019-10-21 17:23:02.197,11158,11159,11159,3
2019-10-21 17:23:02.287,11158,11160,11160,1
2019-10-21 17:23:02.304,11158,11160,11160,2
2019-10-21 17:23:02.317,11158,11160,11160,1
2019-10-21 17:23:02.374,11158,11160,11160,3
2019-10-21 17:23:02.379,11158,11160,11160,2
2019-10-21 17:23:02.392,11158,11160,11160,1
2019-10-21 17:23:02.393,11158,11160,11160,3
2019-10-21 17:23:02.396,11158,11160,11160,3
2019-10-21 17:23:02.417,11159,11160,11160,3
2019-10-21 17:23:02.425,11159,11160,11160,2
2019-10-21 17:23:02.425,11159,11160,11161,2
2019-10-21 17:23:02.450,11159,11160,11160,1
2019-10-21 17:23:02.463,11159,11160,11160,1
2019-10-21 17:23:02.465,11159,11160,11160,1
2019-10-21 17:23:02.465,11159,11160,11161,1
2019-10-21 17:23:02.486,11159,11160,11161,1
2019-10-21 17:23:02.579,11160,11161,11161,3
2019-10-21 17:23:02.590,11160,11161,11161,1
2019-10-21 17:23:02.627,11160,11161,11161,2
2019-10-21 17:23:02.638,11160,11161,11161,3
2019-10-21 17:23:02.640,11160,11161,11161,3
2019-10-21 17:23:02.772,11160,11161,11161,2
2019-10-21 17:23:02.791,11160,11161,11161,3
2019-10-21 17:23:02.796,11160,11161,11161,2
2019-10-21 17:23:02.813,11160,11161,11161,2
2019-10-21 17:23:02.817,11160,11161,11162,1
2019-10-21 17:23:02.820,11160,11161,11162,3
2019-10-21 17:23:02.822,11160,11161,11162,3
2019-10-21 17:23:26.207,11160,11161,11160,2
2019-10-21 17:25:10.102,11159,11160,11160,1
2019-10-21 17:25:10.159,11159,11160,11160,1
2019-10-21 17:25:30.225,11159,11160,11160,1
2019-10-21 17:25:44.098,11159,11160,11160,1
2019-10-21 17:25:44.810,11159,11160,11160,17
2019-10-21 17:25:57.486,11159,11160,11160,1
2019-10-21 17:26:26.444,11159,11160,11160,1
2019-10-21 17:27:49.806,11159,11160,11160,5
2019-10-21 17:27:49.898,11159,11160,11160,1
2019-10-21 17:27:56.310,11160,11161,11161,1
2019-10-21 17:28:22.597,11160,11161,11160,1
2019-10-21 17:28:52.765,11160,11161,11160,1
2019-10-21 17:29:08.543,11160,11161,11160,1
2019-10-21 17:29:14.497,11160,11161,11160,1
2019-10-21 17:29:51.609,11160,11161,11160,1
2019-10-21 17:30:01.645,11160,11161,11160,1
2019-10-21 17:30:02.425,11159,11160,11160,1
2019-10-21 17:30:08.508,11160,11161,11160,1
2019-10-21 17:30:39.059,11160,11161,11160,5
2019-10-21 17:30:39.059,11160,11161,11159,2
2019-10-21 17:31:09.789,11159,11160,11160,6
2019-10-21 17:31:10.289,11160,11161,11160,2
2019-10-21 17:31:45.122,11160,11161,11160,1
2019-10-21 17:31:59.361,11160,11161,11160,1
2019-10-21 17:32:05.763,11160,11161,11160,1
2019-10-21 17:32:33.993,11159,11160,11159,2
2019-10-21 17:32:34.588,11159,11160,11159,2
2019-10-21 17:32:34.748,11159,11160,11159,5
2019-10-21 17:32:34.773,11159,11160,11159,9
2019-10-21 17:32:38.570,11158,11159,11159,1
2019-10-21 17:32:41.648,11158,11159,11159,3
2019-10-21 17:32:52.391,11158,11159,11159,1
2019-10-21 17:33:25.855,11159,11160,11159,2
2019-10-21 17:33:54.853,11159,11160,11159,5
2019-10-21 17:34:21.477,11159,11160,11160,7
2019-10-21 17:34:21.478,11159,11160,11160,1
2019-10-21 17:34:21.484,11159,11160,11161,1
2019-10-21 17:34:21.487,11159,11160,11161,6
2019-10-21 17:34:21.487,11159,11160,11161,3
2019-10-21 17:34:21.522,11159,11160,11161,1
2019-10-21 17:34:21.524,11160,11161,11161,20
2019-10-21 17:34:21.524,11160,11161,11161,2
2019-10-21 17:34:21.904,11161,11162,11162,4
2019-10-21 17:34:21.905,11161,11162,11162,5
2019-10-21 17:34:26.459,11161,11162,11161,1
2019-10-21 17:34:39.148,11160,11161,11161,1
2019-10-21 17:35:30.819,11160,11161,11161,2
2019-10-21 17:35:31.312,11160,11161,11161,2
2019-10-21 17:35:31.386,11160,11161,11161,1
2019-10-21 17:35:37.540,11160,11162,11162,2
2019-10-21 17:35:37.562,11160,11162,11162,2
2019-10-21 17:35:37.614,11160,11162,11162,1
2019-10-21 17:35:37.664,11160,11162,11162,1
2019-10-21 17:35:37.717,11160,11162,11162,1
2019-10-21 17:35:37.754,11160,11162,11162,2
2019-10-21 17:35:41.261,11160,11162,11162,2
2019-10-21 17:35:41.380,11160,11162,11162,1
2019-10-21 17:35:46.813,11161,11162,11161,1
2019-10-21 17:35:52.316,11161,11162,11161,1
2019-10-21 17:36:01.529,11160,11161,11161,5
2019-10-21 17:36:17.311,11160,11161,11161,1
2019-10-21 17:36:36.399,11160,11161,11161,1
2019-10-21 17:36:39.616,11160,11161,11161,1
2019-10-21 17:36:41.357,11160,11161,11161,2
2019-10-21 17:37:43.629,11161,11162,11161,8
2019-10-21 17:37:59.218,11160,11161,11161,1
2019-10-21 17:37:59.218,11160,11161,11161,1
2019-10-21 17:38:00.419,11160,11161,11161,2
2019-10-21 17:38:12.451,11161,11162,11161,1
2019-10-21 17:38:45.551,11161,11162,11161,6
2019-10-21 17:39:27.400,11161,11162,11162,1
2019-10-21 17:39:42.303,11161,11162,11162,1
2019-10-21 17:40:06.523,11161,11162,11161,5
2019-10-21 17:40:07.144,11161,11162,11162,1
2019-10-21 17:40:07.434,11161,11162,11162,1
2019-10-21 17:40:07.477,11161,11162,11162,1
2019-10-21 17:40:07.552,11161,11162,11162,1
2019-10-21 17:40:07.854,11161,11162,11162,1
2019-10-21 17:40:17.788,11160,11162,11162,1
2019-10-21 17:40:52.421,11161,11162,11161,10
2019-10-21 17:41:07.898,11161,11162,11161,8
2019-10-21 17:41:11.497,11161,11162,11162,11
2019-10-21 17:41:17.001,11161,11162,11162,2
2019-10-21 17:41:42.510,11162,11163,11162,2
2019-10-21 17:41:46.612,11162,11163,11163,1
2019-10-21 17:41:48.450,11162,11163,11163,1
2019-10-21 17:42:02.765,11162,11163,11162,1
2019-10-21 17:42:03.441,11162,11163,11163,20
2019-10-21 17:42:14.915,11162,11163,11163,1
2019-10-21 17:42:17.415,11162,11163,11163,1
2019-10-21 17:42:32.459,11162,11163,11163,1
2019-10-21 17:42:44.611,11162,11163,11163,1
2019-10-21 17:43:05.753,11162,11163,11163,1
2019-10-21 17:43:58.718,11162,11163,11163,1
2019-10-21 17:44:06.108,11162,11163,11163,1
2019-10-21 17:44:32.798,11162,11163,11163,1
2019-10-21 17:44:54.519,11162,11163,11163,4
2019-10-21 17:45:05.472,11162,11163,11163,1
2019-10-21 17:46:07.475,11162,11163,11162,1
2019-10-21 17:46:39.270,11162,11163,11162,1
2019-10-21 17:46:41.323,11162,11163,11162,1
2019-10-21 17:47:29.130,11162,11163,11163,30
2019-10-21 17:48:11.565,11163,11164,11164,1
2019-10-21 17:48:11.761,11163,11164,11164,1
2019-10-21 17:48:11.766,11163,11164,11164,1
2019-10-21 17:48:16.479,11163,11164,11164,1
2019-10-21 17:48:17.726,11163,11164,11164,1
2019-10-21 17:49:09.973,11163,11164,11164,10
2019-10-21 17:49:35.548,11163,11164,11163,1
2019-10-21 17:49:35.553,11163,11164,11163,3
2019-10-21 17:49:35.648,11163,11164,11163,8
2019-10-21 17:50:16.248,11162,11163,11163,1
2019-10-21 17:50:28.937,11162,11163,11163,1
2019-10-21 17:51:00.687,11163,11164,11163,1
2019-10-21 17:51:28.994,11163,11164,11163,4
2019-10-21 17:51:35.668,11162,11163,11163,4
2019-10-21 17:51:49.147,11163,11164,11163,1
2019-10-21 17:51:52.423,11163,11164,11163,1
2019-10-21 17:52:00.851,11162,11163,11163,1
2019-10-21 17:52:09.628,11162,11163,11163,2
2019-10-21 17:52:29.445,11162,11163,11163,1
2019-10-21 17:53:17.666,11162,11163,11162,1
2019-10-21 17:53:18.589,11162,11163,11162,1
2019-10-21 17:53:20.089,11162,11163,11162,1
2019-10-21 17:53:21.552,11162,11163,11162,1
2019-10-21 17:54:06.643,11162,11163,11162,7
2019-10-21 17:54:07.771,11161,11162,11162,7
2019-10-21 17:54:19.541,11162,11163,11162,2
2019-10-21 17:54:25.791,11162,11163,11162,2
2019-10-21 17:54:54.620,11161,11162,11161,1
2019-10-21 17:54:55.499,11161,11162,11161,1
2019-10-21 17:54:56.904,11161,11162,11161,1
2019-10-21 17:55:29.919,11161,11162,11162,2
2019-10-21 17:55:38.471,11162,11163,11162,1
2019-10-21 17:55:39.183,11162,11163,11162,1
2019-10-21 17:55:45.326,11161,11163,11161,1
2019-10-21 17:56:30.877,11161,11163,11161,1
2019-10-21 17:58:17.844,11162,11163,11162,1
2019-10-21 17:58:17.936,11162,11163,11162,1
2019-10-21 17:58:59.248,11161,11162,11162,5
2019-10-21 17:59:11.416,11162,11163,11163,2
2019-10-21 17:59:12.041,11162,11163,11163,2
2019-10-21 17:59:12.667,11162,11163,11163,2
2019-10-21 17:59:13.292,11162,11163,11163,2
2019-10-21 17:59:13.912,11162,11163,11163,2
2019-10-21 17:59:14.913,11162,11163,11163,2
2019-10-21 17:59:15.549,11162,11163,11163,2
2019-10-21 17:59:16.541,11162,11163,11163,2
2019-10-21 17:59:17.174,11162,11163,11163,2
2019-10-21 17:59:17.916,11162,11163,11163,2
2019-10-21 17:59:30.921,11162,11163,11163,2
2019-10-21 17:59:31.612,11162,11164,11164,1
2019-10-21 17:59:37.218,11162,11164,11164,1
2019-10-21 17:59:57.202,11162,11164,11164,1
2019-10-21 17:59:58.950,11162,11164,11164,1
2019-10-21 18:00:10.227,11163,11164,11164,1
2019-10-21 18:00:10.781,11163,11164,11164,2
2019-10-21 18:00:11.336,11163,11164,11164,1
2019-10-21 18:01:01.157,11163,11164,11163,1
2019-10-21 18:03:09.660,11163,11164,11164,1
2019-10-21 18:05:40.667,11163,11164,11164,5
2019-10-21 18:06:08.387,11163,11164,11163,1
2019-10-21 18:06:10.529,11163,11164,11163,1
2019-10-21 18:06:13.262,11163,11164,11163,1
2019-10-21 18:06:13.273,11163,11164,11163,8
2019-10-21 18:06:13.399,11163,11164,11163,2
2019-10-21 18:06:24.417,11162,11163,11163,1
2019-10-21 18:07:07.929,11162,11163,11163,3
2019-10-21 18:07:25.735,11162,11163,11163,1
2019-10-21 18:07:35.148,11162,11163,11163,1
2019-10-21 18:07:42.742,11162,11163,11163,2
2019-10-21 18:09:27.212,11163,11164,11163,1
2019-10-21 18:09:28.171,11163,11164,11164,7
2019-10-21 18:09:28.800,11163,11164,11163,1
2019-10-21 18:09:35.437,11163,11164,11163,1
2019-10-21 18:09:36.657,11163,11164,11163,1
2019-10-21 18:10:56.438,11162,11163,11163,1
2019-10-21 18:14:32.988,11162,11163,11162,1
2019-10-21 18:16:28.540,11162,11163,11163,13
2019-10-21 18:16:28.648,11162,11163,11163,7
2019-10-21 18:16:48.459,11162,11164,11162,1
2019-10-21 18:17:15.510,11163,11164,11163,1
2019-10-21 18:18:30.380,11163,11164,11163,1
2019-10-21 18:18:37.154,11163,11164,11163,1
2019-10-21 18:18:43.723,11162,11164,11164,1
2019-10-21 18:21:48.900,11162,11163,11163,1
2019-10-21 18:22:07.865,11163,11164,11163,1
2019-10-21 18:22:51.199,11163,11164,11163,1
2019-10-21 18:23:21.244,11162,11163,11163,4
2019-10-21 18:23:22.865,11163,11164,11163,3
2019-10-21 18:23:24.926,11163,11164,11163,1
2019-10-21 18:23:35.881,11163,11164,11164,1
2019-10-21 18:23:38.409,11163,11164,11164,1
2019-10-21 18:23:39.200,11163,11164,11164,1
2019-10-21 18:23:49.857,11163,11164,11164,2
2019-10-21 18:23:50.025,11163,11164,11164,2
2019-10-21 18:23:50.326,11163,11164,11164,2
2019-10-21 18:23:50.399,11163,11164,11164,26
2019-10-21 18:23:51.379,11164,11165,11164,10
2019-10-21 18:24:32.453,11164,11165,11164,1
2019-10-21 18:24:59.553,11164,11165,11164,2
2019-10-21 18:25:00.245,11164,11165,11164,2
2019-10-21 18:25:05.504,11164,11165,11164,1
2019-10-21 18:25:10.983,11164,11165,11165,1
2019-10-21 18:25:11.052,11164,11165,11165,4
2019-10-21 18:25:11.268,11164,11165,11165,1
2019-10-21 18:25:11.268,11164,11165,11165,1
2019-10-21 18:25:11.279,11164,11165,11165,1
2019-10-21 18:25:11.315,11164,11165,11165,2
2019-10-21 18:25:11.320,11164,11165,11165,2
2019-10-21 18:25:11.465,11164,11165,11165,1
2019-10-21 18:25:11.670,11164,11165,11165,12
2019-10-21 18:25:33.358,11164,11165,11164,1
2019-10-21 18:25:45.372,11164,11165,11164,1
2019-10-21 18:25:46.560,11164,11165,11165,1
2019-10-21 18:25:57.711,11164,11165,11165,1
2019-10-21 18:26:02.941,11164,11165,11165,1
2019-10-21 18:26:07.649,11164,11165,11164,1
2019-10-21 18:26:22.758,11164,11165,11165,4
2019-10-21 18:26:22.773,11164,11165,11165,11
2019-10-21 18:26:22.777,11164,11165,11165,51
2019-10-21 18:26:22.873,11164,11165,11165,3
2019-10-21 18:26:22.899,11165,11166,11166,1
2019-10-21 18:26:22.899,11165,11166,11166,12
2019-10-21 18:26:23.888,11165,11166,11166,2
2019-10-21 18:26:24.064,11165,11166,11166,2
2019-10-21 18:26:24.232,11165,11166,11166,2
2019-10-21 18:26:24.408,11165,11166,11166,2
2019-10-21 18:26:25.022,11165,11166,11166,2
2019-10-21 18:26:26.176,11165,11166,11166,2
2019-10-21 18:26:26.712,11165,11166,11166,2
2019-10-21 18:26:30.216,11165,11166,11166,2
2019-10-21 18:26:30.400,11165,11166,11166,2
2019-10-21 18:26:30.536,11165,11166,11166,2
2019-10-21 18:26:31.125,11165,11166,11165,1
2019-10-21 18:26:35.508,11165,11166,11166,2
2019-10-21 18:26:35.524,11165,11166,11166,5
2019-10-21 18:26:38.664,11165,11166,11166,1
2019-10-21 18:26:41.347,11165,11166,11166,3
2019-10-21 18:26:41.347,11165,11166,11166,1
2019-10-21 18:26:41.347,11165,11166,11166,1
2019-10-21 18:26:41.348,11165,11166,11166,5
2019-10-21 18:26:41.348,11165,11166,11166,1
2019-10-21 18:26:41.348,11165,11166,11166,3
2019-10-21 18:26:41.348,11165,11166,11166,3
2019-10-21 18:26:41.348,11165,11166,11166,1
2019-10-21 18:26:41.348,11165,11166,11166,2
2019-10-21 18:26:41.348,11165,11166,11166,4
2019-10-21 18:26:41.348,11165,11166,11166,1
2019-10-21 18:26:41.351,11165,11166,11166,1
2019-10-21 18:26:41.352,11165,11166,11166,6
2019-10-21 18:26:41.398,11165,11166,11166,2
2019-10-21 18:26:41.399,11165,11166,11166,5
2019-10-21 18:26:41.405,11165,11166,11166,1
2019-10-21 18:26:45.213,11166,11167,11167,1
2019-10-21 18:26:45.342,11166,11167,11167,2
2019-10-21 18:26:45.521,11166,11167,11167,1
2019-10-21 18:26:45.735,11166,11167,11167,1
2019-10-21 18:26:45.737,11166,11167,11167,1
2019-10-21 18:26:45.834,11166,11167,11167,3
2019-10-21 18:26:45.946,11166,11167,11167,1
2019-10-21 18:26:46.008,11166,11167,11167,5
2019-10-21 18:26:46.009,11166,11167,11167,5
2019-10-21 18:26:46.089,11166,11167,11167,1
2019-10-21 18:26:46.097,11166,11167,11167,1
2019-10-21 18:26:46.101,11166,11167,11167,1
2019-10-21 18:26:46.107,11166,11167,11167,1
2019-10-21 18:26:46.111,11166,11167,11167,1
2019-10-21 18:26:46.120,11166,11167,11167,1
2019-10-21 18:26:46.372,11166,11167,11166,1
2019-10-21 18:26:46.375,11166,11167,11166,16
2019-10-21 18:26:46.812,11165,11166,11166,2
2019-10-21 18:26:53.912,11165,11166,11165,1
2019-10-21 18:26:55.269,11165,11166,11165,1
2019-10-21 18:27:12.320,11165,11166,11165,1
2019-10-21 18:27:12.880,11165,11166,11166,1
2019-10-21 18:27:13.324,11165,11166,11166,1
2019-10-21 18:27:39.047,11165,11166,11165,1
2019-10-21 18:27:57.225,11165,11166,11165,7
2019-10-21 18:28:02.087,11165,11166,11166,1
2019-10-21 18:28:09.378,11165,11166,11165,2
2019-10-21 18:28:25.215,11165,11166,11165,7
2019-10-21 18:28:25.273,11165,11166,11165,3
2019-10-21 18:28:25.274,11165,11166,11165,1
2019-10-21 18:29:04.581,11164,11165,11165,1
2019-10-21 18:29:07.461,11164,11165,11165,1
2019-10-21 18:29:19.475,11165,11166,11165,1
2019-10-21 18:29:42.365,11164,11165,11164,1
2019-10-21 18:29:42.899,11164,11165,11165,1
2019-10-21 18:30:28.386,11164,11165,11164,12
2019-10-21 18:30:28.399,11164,11165,11164,5
2019-10-21 18:30:28.650,11163,11164,11164,5
2019-10-21 18:30:28.680,11163,11164,11164,2
2019-10-21 18:30:28.711,11163,11164,11164,2
2019-10-21 18:30:28.790,11163,11164,11164,2
2019-10-21 18:30:28.888,11163,11164,11164,3
2019-10-21 18:30:32.648,11163,11164,11164,1
2019-10-21 18:30:32.649,11163,11164,11164,1
2019-10-21 18:30:32.649,11163,11164,11164,1
2019-10-21 18:30:34.387,11163,11165,11165,1
2019-10-21 18:30:40.084,11163,11165,11165,1
2019-10-21 18:31:04.064,11163,11165,11165,3
2019-10-21 18:31:14.891,11164,11165,11164,1
2019-10-21 18:31:16.962,11163,11164,11164,1
2019-10-21 18:31:31.046,11163,11164,11164,1
2019-10-21 18:31:40.063,11163,11164,11164,1
2019-10-21 18:31:47.328,11163,11164,11164,3
2019-10-21 18:31:47.328,11163,11164,11165,4
2019-10-21 18:32:31.413,11164,11165,11164,1
2019-10-21 18:33:56.882,11163,11164,11163,12
2019-10-21 18:34:35.963,11162,11163,11163,1
2019-10-21 18:35:05.881,11162,11163,11163,1
2019-10-21 18:35:13.252,11162,11164,11164,1
2019-10-21 18:35:34.072,11162,11164,11164,1
2019-10-21 18:35:41.398,11163,11164,11163,1
2019-10-21 18:36:39.545,11162,11163,11162,1
2019-10-21 18:37:34.790,11162,11163,11163,1
2019-10-21 18:37:34.891,11162,11163,11163,2
2019-10-21 18:37:34.898,11162,11163,11163,3
2019-10-21 18:37:34.898,11162,11163,11163,1
2019-10-21 18:38:31.193,11162,11163,11162,1
2019-10-21 18:39:38.256,11162,11163,11162,20
2019-10-21 18:40:09.681,11162,11163,11162,1
2019-10-21 18:40:19.094,11162,11163,11162,4
2019-10-21 18:41:42.145,11162,11163,11163,7
2019-10-21 18:43:55.038,11162,11163,11162,1
2019-10-21 18:44:24.862,11162,11163,11163,9
2019-10-21 18:44:25.008,11163,11164,11164,3
2019-10-21 18:44:34.451,11163,11164,11163,1
2019-10-21 18:44:41.375,11163,11164,11164,2
2019-10-21 18:44:46.765,11163,11164,11164,1
2019-10-21 18:44:57.838,11163,11164,11164,1
2019-10-21 18:45:11.091,11163,11164,11163,10
2019-10-21 18:45:19.306,11162,11163,11163,1
2019-10-21 18:45:56.378,11163,11164,11163,2
2019-10-21 18:46:01.540,11163,11164,11164,2
2019-10-21 18:46:05.967,11164,11165,11165,2
2019-10-21 18:46:21.372,11164,11165,11164,1
2019-10-21 18:46:21.868,11164,11165,11164,7
2019-10-21 18:46:31.642,11163,11164,11164,1
2019-10-21 18:46:44.027,11163,11164,11164,1
2019-10-21 18:46:48.447,11163,11164,11163,1
2019-10-21 18:47:25.246,11163,11164,11164,2
2019-10-21 18:47:27.206,11164,11165,11165,1
2019-10-21 18:47:27.209,11164,11165,11165,1
2019-10-21 18:47:36.713,11164,11165,11164,1
2019-10-21 18:47:36.713,11164,11165,11164,1
2019-10-21 18:47:36.714,11164,11165,11164,2
2019-10-21 18:50:09.928,11163,11164,11164,5
2019-10-21 18:50:29.667,11164,11165,11164,1
2019-10-21 18:50:41.646,11163,11164,11164,5
2019-10-21 18:54:09.580,11163,11164,11163,3
2019-10-21 18:54:39.799,11163,11164,11163,7
2019-10-21 18:55:25.209,11162,11163,11162,1
2019-10-21 18:55:40.082,11162,11164,11164,4
2019-10-21 18:55:40.082,11162,11164,11164,3
2019-10-21 18:55:40.385,11163,11164,11163,1
2019-10-21 18:57:30.898,11162,11163,11163,1
2019-10-21 18:58:45.307,11162,11163,11163,1
2019-10-21 18:58:50.988,11162,11163,11163,1
2019-10-21 19:02:15.945,11162,11163,11162,1
2019-10-21 19:02:16.896,11162,11163,11163,1
2019-10-21 19:02:16.896,11162,11163,11164,1
2019-10-21 19:02:32.622,11162,11164,11164,2
2019-10-21 19:02:37.980,11162,11163,11163,3
2019-10-21 19:02:52.024,11163,11164,11163,1
2019-10-21 19:03:49.900,11163,11164,11163,2
2019-10-21 19:05:42.903,11162,11163,11163,1
2019-10-21 19:06:45.355,11162,11163,11163,1
2019-10-21 19:06:47.319,11162,11163,11163,1
2019-10-21 19:06:50.547,11162,11163,11162,1
2019-10-21 19:07:04.078,11162,11163,11162,1
2019-10-21 19:07:21.633,11162,11163,11163,1
2019-10-21 19:08:16.154,11162,11163,11162,1
2019-10-21 19:08:17.799,11162,11163,11162,1
2019-10-21 19:08:28.804,11162,11163,11163,1
2019-10-21 19:09:08.581,11162,11163,11162,1
2019-10-21 19:09:43.188,11162,11163,11163,1
2019-10-21 19:09:55.628,11162,11163,11163,1
2019-10-21 19:09:58.981,11162,11163,11163,1
2019-10-21 19:10:21.539,11162,11163,11163,1
2019-10-21 19:10:46.504,11162,11163,11163,1
2019-10-21 19:10:49.471,11162,11163,11163,1
2019-10-21 19:10:51.656,11162,11163,11163,1
2019-10-21 19:11:06.814,11162,11163,11163,1
2019-10-21 19:11:12.753,11162,11163,11163,1
2019-10-21 19:11:27.268,11162,11163,11163,1
2019-10-21 19:12:22.085,11162,11163,11163,1
2019-10-21 19:12:22.148,11162,11163,11163,1
2019-10-21 19:12:51.675,11162,11163,11163,1
2019-10-21 19:12:56.479,11163,11164,11163,1
2019-10-21 19:15:06.324,11162,11163,11163,1
2019-10-21 19:15:17.816,11162,11163,11162,2
2019-10-21 19:15:37.222,11162,11163,11162,1
2019-10-21 19:15:44.344,11162,11163,11163,1
2019-10-21 19:18:28.342,11162,11163,11162,1
2019-10-21 19:18:51.613,11162,11163,11162,2
2019-10-21 19:19:24.327,11162,11163,11163,2
2019-10-21 19:19:42.513,11162,11163,11162,2
2019-10-21 19:20:19.252,11162,11163,11162,1
2019-10-21 19:20:21.722,11162,11163,11162,11
2019-10-21 19:20:21.773,11162,11163,11162,7
2019-10-21 19:20:21.773,11162,11163,11162,1
2019-10-21 19:20:21.898,11162,11163,11162,3
2019-10-21 19:20:31.617,11161,11162,11161,8
2019-10-21 19:20:58.404,11161,11163,11161,1
2019-10-21 19:21:24.084,11161,11162,11161,3
2019-10-21 19:21:43.786,11161,11162,11161,1
2019-10-21 19:21:44.430,11161,11162,11161,1
2019-10-21 19:21:45.184,11161,11162,11161,1
2019-10-21 19:21:51.164,11161,11162,11162,1
2019-10-21 19:22:15.154,11161,11162,11162,1
2019-10-21 19:22:18.553,11161,11162,11162,1
2019-10-21 19:22:40.098,11161,11162,11162,1
2019-10-21 19:22:45.973,11161,11162,11162,1
2019-10-21 19:22:54.613,11161,11162,11162,1
2019-10-21 19:23:23.236,11162,11163,11162,1
2019-10-21 19:25:01.456,11162,11163,11163,1
2019-10-21 19:25:25.900,11162,11163,11162,1
2019-10-21 19:25:54.725,11162,11163,11163,10
2019-10-21 19:25:54.773,11162,11163,11163,10
2019-10-21 19:26:01.719,11163,11164,11163,1
2019-10-21 19:26:48.804,11163,11164,11163,1
2019-10-21 19:27:22.400,11162,11163,11163,2
2019-10-21 19:30:44.368,11163,11164,11164,1
2019-10-21 19:30:44.368,11163,11164,11164,1
2019-10-21 19:30:44.368,11163,11164,11164,11
2019-10-21 19:30:44.368,11163,11164,11164,1
2019-10-21 19:30:47.692,11164,11165,11165,1
2019-10-21 19:30:56.609,11164,11165,11165,8
2019-10-21 19:31:03.606,11164,11165,11164,1
2019-10-21 19:31:13.865,11164,11165,11164,1
2019-10-21 19:31:22.034,11163,11164,11164,1
2019-10-21 19:31:49.587,11164,11165,11164,1
2019-10-21 19:32:40.113,11164,11165,11165,1
2019-10-21 19:32:45.781,11164,11165,11165,1
2019-10-21 19:33:14.436,11164,11165,11165,2
2019-10-21 19:33:40.660,11164,11165,11165,1
2019-10-21 19:33:41.613,11164,11165,11165,2
2019-10-21 19:33:42.186,11164,11165,11165,2
2019-10-21 19:34:02.972,11164,11165,11165,10
2019-10-21 19:34:03.178,11164,11165,11165,10
2019-10-21 19:34:05.829,11164,11165,11164,1
2019-10-21 19:34:18.839,11164,11165,11164,4
2019-10-21 19:34:19.983,11164,11165,11164,5
2019-10-21 19:34:54.631,11164,11165,11165,2
2019-10-21 19:35:10.587,11164,11165,11165,1
2019-10-21 19:35:17.409,11164,11165,11165,2
2019-10-21 19:35:18.614,11164,11165,11165,2
2019-10-21 19:35:19.642,11164,11165,11165,9
2019-10-21 19:35:19.919,11164,11165,11165,2
2019-10-21 19:35:24.783,11164,11165,11165,1
2019-10-21 19:35:26.419,11164,11165,11165,1
2019-10-21 19:35:26.506,11164,11165,11165,2
2019-10-21 19:35:32.337,11165,11166,11165,3
2019-10-21 19:35:35.006,11165,11166,11165,1
2019-10-21 19:35:35.019,11165,11166,11165,1
2019-10-21 19:35:37.357,11164,11165,11165,2
2019-10-21 19:35:41.577,11164,11165,11165,1
2019-10-21 19:36:10.897,11164,11165,11165,2
2019-10-21 19:36:21.877,11164,11165,11165,6
2019-10-21 19:37:05.203,11164,11165,11164,1
2019-10-21 19:37:27.883,11164,11165,11164,1
2019-10-21 19:38:36.620,11164,11165,11165,3
2019-10-21 19:38:36.648,11164,11165,11165,8
2019-10-21 19:38:36.773,11164,11165,11165,3
2019-10-21 19:38:36.774,11164,11165,11165,5
2019-10-21 19:38:36.774,11164,11165,11165,2
2019-10-21 19:38:36.899,11164,11165,11165,3
2019-10-21 19:38:38.426,11165,11166,11165,1
2019-10-21 19:38:54.974,11165,11166,11165,1
2019-10-21 19:39:19.594,11165,11166,11166,5
2019-10-21 19:39:36.911,11165,11166,11166,1
2019-10-21 19:39:37.884,11165,11166,11166,2
2019-10-21 19:39:38.071,11165,11166,11165,1
2019-10-21 19:39:48.851,11165,11166,11166,1
2019-10-21 19:40:09.667,11165,11166,11166,1
2019-10-21 19:40:26.473,11165,11166,11166,2
2019-10-21 19:40:29.149,11165,11166,11165,6
2019-10-21 19:40:39.789,11165,11166,11165,1
2019-10-21 19:40:50.326,11165,11166,11165,1
2019-10-21 19:41:18.289,11165,11166,11165,1
2019-10-21 19:41:25.325,11165,11166,11165,1
2019-10-21 19:41:25.325,11165,11166,11164,1
2019-10-21 19:42:43.326,11165,11166,11165,5
2019-10-21 19:43:34.351,11165,11166,11165,1
2019-10-21 19:43:43.736,11165,11166,11165,1
2019-10-21 19:44:02.214,11165,11166,11165,4
2019-10-21 19:44:05.631,11164,11165,11165,1
2019-10-21 19:44:08.603,11164,11165,11165,1
2019-10-21 19:44:09.002,11164,11165,11165,1
2019-10-21 19:44:10.186,11164,11165,11165,1
2019-10-21 19:45:03.262,11165,11166,11166,4
2019-10-21 19:45:07.473,11165,11166,11166,2
2019-10-21 19:45:13.311,11165,11166,11165,1
2019-10-21 19:46:00.710,11165,11166,11165,2
2019-10-21 19:48:03.781,11165,11166,11165,2
2019-10-21 19:48:30.099,11165,11166,11165,1
2019-10-21 19:48:40.191,11165,11166,11166,1
2019-10-21 19:49:34.489,11165,11166,11165,1
2019-10-21 19:49:54.505,11165,11166,11165,5
2019-10-21 19:49:54.985,11165,11166,11165,8
2019-10-21 19:50:37.472,11165,11166,11165,1
2019-10-21 19:51:01.029,11165,11166,11165,1
2019-10-21 19:51:05.227,11165,11166,11165,1
2019-10-21 19:51:36.802,11165,11166,11165,2
2019-10-21 19:52:06.533,11165,11166,11166,1
2019-10-21 19:52:19.117,11165,11166,11165,2
2019-10-21 19:52:26.128,11165,11166,11165,3
2019-10-21 19:52:49.088,11165,11166,11165,1
2019-10-21 19:53:45.174,11165,11166,11165,1
2019-10-21 19:53:48.245,11164,11166,11166,5
2019-10-21 19:54:41.919,11164,11166,11166,6
2019-10-21 19:54:53.933,11165,11166,11166,5
2019-10-21 19:55:21.904,11165,11166,11165,1
2019-10-21 19:55:42.039,11164,11166,11166,7
2019-10-21 19:55:43.775,11165,11166,11166,2
2019-10-21 19:55:43.776,11165,11166,11166,1
2019-10-21 19:55:45.092,11165,11166,11166,6
2019-10-21 19:55:50.595,11165,11166,11166,1
2019-10-21 19:56:09.228,11166,11167,11166,1
2019-10-21 19:56:11.417,11166,11167,11166,1
2019-10-21 19:56:12.914,11166,11167,11166,1
2019-10-21 19:57:22.283,11166,11167,11166,1
2019-10-21 19:57:26.036,11166,11167,11166,3
2019-10-21 19:57:35.374,11166,11167,11167,1
2019-10-21 19:57:35.492,11166,11167,11167,1
2019-10-21 19:57:35.702,11166,11167,11167,2
2019-10-21 19:58:25.969,11166,11167,11166,2
2019-10-21 19:58:30.875,11166,11167,11167,1
2019-10-21 19:59:02.072,11166,11167,11166,1
2019-10-21 19:59:10.235,11166,11167,11166,1
2019-10-21 19:59:10.605,11166,11167,11166,1
2019-10-21 19:59:58.077,11166,11167,11167,1
2019-10-21 20:00:00.081,11166,11167,11166,1
2019-10-21 20:00:00.092,11166,11167,11166,10
2019-10-21 20:00:00.092,11166,11167,11166,8
2019-10-21 20:02:19.086,11165,11166,11166,1
2019-10-21 20:02:20.662,11165,11166,11166,1
2019-10-21 20:02:22.073,11165,11166,11166,1
2019-10-21 20:02:22.731,11165,11166,11166,8
2019-10-21 20:02:22.732,11165,11166,11166,17
2019-10-21 20:02:22.732,11165,11166,11166,3
2019-10-21 20:02:23.048,11166,11167,11166,2
2019-10-21 20:02:23.055,11166,11167,11166,1
2019-10-21 20:02:23.362,11166,11167,11166,1
2019-10-21 20:02:34.843,11166,11167,11167,1
2019-10-21 20:02:36.690,11166,11167,11166,5
2019-10-21 20:02:38.940,11166,11167,11166,1
2019-10-21 20:02:48.217,11166,11167,11167,1
2019-10-21 20:02:49.949,11166,11167,11166,1
2019-10-21 20:02:54.550,11166,11167,11167,1
2019-10-21 20:03:06.384,11166,11167,11167,4
2019-10-21 20:03:07.734,11166,11167,11167,1
2019-10-21 20:03:15.847,11166,11167,11166,1
2019-10-21 20:03:25.206,11166,11167,11166,1
2019-10-21 20:03:31.820,11166,11167,11166,1
2019-10-21 20:03:58.347,11166,11167,11167,1
2019-10-21 20:04:04.553,11166,11167,11167,2
2019-10-21 20:04:19.182,11166,11167,11166,2
2019-10-21 20:04:28.723,11166,11167,11166,2
2019-10-21 20:04:29.037,11166,11167,11166,2
2019-10-21 20:04:29.351,11166,11167,11166,2
2019-10-21 20:04:29.664,11166,11167,11166,2
2019-10-21 20:04:29.979,11166,11167,11166,1
2019-10-21 20:04:37.320,11166,11167,11166,1
2019-10-21 20:05:04.896,11166,11167,11167,1
2019-10-21 20:05:04.911,11166,11167,11167,1
2019-10-21 20:05:04.918,11166,11167,11167,3
2019-10-21 20:05:10.291,11166,11167,11167,1
2019-10-21 20:05:14.651,11166,11167,11167,1
2019-10-21 20:05:16.352,11166,11167,11166,1
2019-10-21 20:05:26.769,11166,11167,11166,4
2019-10-21 20:05:30.164,11166,11167,11166,2
2019-10-21 20:05:30.164,11166,11167,11166,2
2019-10-21 20:05:30.164,11166,11167,11166,1
2019-10-21 20:05:30.164,11166,11167,11166,1
2019-10-21 20:05:30.164,11166,11167,11166,1
2019-10-21 20:05:30.164,11166,11167,11166,3
2019-10-21 20:05:30.164,11166,11167,11166,2
2019-10-21 20:05:41.023,11165,11166,11166,2
2019-10-21 20:05:41.216,11166,11167,11167,3
2019-10-21 20:05:41.284,11165,11167,11167,1
2019-10-21 20:05:41.295,11165,11167,11167,1
2019-10-21 20:05:41.303,11165,11167,11167,1
2019-10-21 20:05:45.773,11165,11166,11166,1
2019-10-21 20:06:11.301,11165,11166,11166,1
2019-10-21 20:06:18.405,11165,11166,11166,1
2019-10-21 20:06:34.515,11165,11166,11166,1
2019-10-21 20:06:49.401,11165,11166,11166,1
2019-10-21 20:07:02.170,11165,11166,11166,2
2019-10-21 20:07:29.947,11165,11166,11166,1
2019-10-21 20:08:26.877,11165,11166,11166,7
2019-10-21 20:09:47.879,11165,11166,11166,3
2019-10-21 20:09:55.200,11165,11166,11165,1
2019-10-21 20:10:06.991,11165,11166,11166,3
2019-10-21 20:10:40.348,11165,11166,11166,1
2019-10-21 20:10:43.294,11165,11166,11166,1
2019-10-21 20:12:45.663,11165,11166,11166,1
2019-10-21 20:12:46.071,11165,11166,11166,1
2019-10-21 20:12:46.110,11165,11166,11166,1
2019-10-21 20:12:46.219,11165,11166,11166,4
2019-10-21 20:12:46.286,11165,11166,11166,1
2019-10-21 20:12:46.964,11165,11166,11166,1
2019-10-21 20:13:25.107,11165,11166,11166,2
2019-10-21 20:13:28.287,11165,11166,11166,1
2019-10-21 20:13:29.514,11165,11166,11166,1
2019-10-21 20:13:30.791,11165,11166,11166,2
2019-10-21 20:13:30.960,11165,11166,11166,1
2019-10-21 20:13:32.540,11165,11166,11166,1
2019-10-21 20:13:34.106,11165,11166,11166,1
2019-10-21 20:14:47.074,11165,11166,11166,1
2019-10-21 20:15:04.209,11165,11166,11165,1
2019-10-21 20:16:11.715,11165,11166,11165,1
2019-10-21 20:16:23.112,11165,11166,11166,2
2019-10-21 20:16:45.048,11165,11166,11166,1
2019-10-21 20:17:26.483,11165,11166,11166,10
2019-10-21 20:18:02.034,11165,11166,11166,2
2019-10-21 20:18:11.250,11165,11166,11166,4
2019-10-21 20:18:38.797,11165,11166,11166,2
2019-10-21 20:18:38.989,11166,11167,11167,3
2019-10-21 20:18:47.582,11166,11167,11166,2
2019-10-21 20:18:51.833,11165,11166,11166,5
2019-10-21 20:18:54.917,11165,11166,11166,3
2019-10-21 20:19:34.612,11166,11167,11166,6
2019-10-21 20:19:53.529,11165,11166,11166,1
2019-10-21 20:20:02.307,11165,11166,11166,1
2019-10-21 20:20:05.025,11165,11166,11166,3
2019-10-21 20:20:08.335,11165,11166,11166,1
2019-10-21 20:20:28.512,11165,11167,11166,1
2019-10-21 20:20:59.845,11165,11166,11165,1
2019-10-21 20:21:16.430,11165,11166,11166,1
2019-10-21 20:21:24.420,11165,11166,11166,4
2019-10-21 20:21:37.881,11165,11166,11166,1
2019-10-21 20:21:39.482,11165,11166,11166,1
2019-10-21 20:22:07.280,11165,11166,11166,2
2019-10-21 20:22:37.731,11166,11167,11166,3
2019-10-21 20:22:48.041,11165,11166,11166,3
2019-10-21 20:22:59.847,11165,11166,11166,1
2019-10-21 20:23:26.864,11166,11167,11166,2
2019-10-21 20:23:53.103,11166,11167,11166,1
2019-10-21 20:24:21.400,11166,11167,11166,1
2019-10-21 20:24:24.757,11166,11167,11167,1
2019-10-21 20:24:24.826,11166,11167,11167,3
2019-10-21 20:24:24.962,11166,11167,11167,3
2019-10-21 20:24:31.815,11166,11167,11167,1
2019-10-21 20:24:31.842,11166,11167,11167,1
2019-10-21 20:25:05.049,11166,11167,11167,6
2019-10-21 20:25:55.692,11166,11167,11166,2
2019-10-21 20:26:02.261,11166,11167,11167,2
2019-10-21 20:28:43.438,11166,11167,11166,1
2019-10-21 20:29:12.511,11166,11167,11166,1
2019-10-21 20:29:28.032,11166,11167,11166,1
2019-10-21 20:29:47.051,11166,11167,11167,1
2019-10-21 20:29:47.072,11166,11167,11167,1
2019-10-21 20:30:33.299,11166,11167,11167,1
2019-10-21 20:30:34.605,11166,11167,11167,1
2019-10-21 20:30:34.905,11166,11167,11167,6
2019-10-21 20:31:17.835,11166,11167,11166,1
2019-10-21 20:31:30.530,11166,11167,11167,2
2019-10-21 20:31:32.224,11166,11167,11167,1
2019-10-21 20:31:32.274,11166,11167,11167,7
2019-10-21 20:31:32.884,11166,11167,11167,1
2019-10-21 20:31:32.962,11166,11167,11166,1
2019-10-21 20:31:40.390,11166,11167,11167,2
2019-10-21 20:31:40.840,11166,11167,11167,2
2019-10-21 20:31:41.741,11166,11167,11167,2
2019-10-21 20:31:42.832,11166,11167,11167,2
2019-10-21 20:31:48.598,11166,11167,11167,2
2019-10-21 20:31:52.554,11166,11167,11167,2
2019-10-21 20:31:58.483,11166,11167,11167,2
2019-10-21 20:32:01.977,11166,11167,11167,2
2019-10-21 20:32:21.557,11166,11167,11167,2
2019-10-21 20:32:23.201,11166,11167,11167,2
2019-10-21 20:32:27.506,11166,11167,11167,4
2019-10-21 20:32:28.262,11166,11167,11167,2
2019-10-21 20:32:56.063,11166,11167,11166,1
2019-10-21 20:33:37.245,11166,11167,11166,1
2019-10-21 20:35:23.502,11166,11167,11167,2
2019-10-21 20:35:26.021,11166,11167,11167,2
2019-10-21 20:35:34.084,11166,11167,11167,2
2019-10-21 20:35:37.991,11166,11167,11167,2
2019-10-21 20:35:38.023,11166,11167,11167,3
2019-10-21 20:35:38.536,11166,11167,11167,8
2019-10-21 20:35:40.028,11166,11167,11167,2
2019-10-21 20:35:42.176,11166,11167,11167,2
2019-10-21 20:35:47.371,11166,11167,11167,2
2019-10-21 20:35:48.774,11166,11167,11167,1
2019-10-21 20:36:07.007,11166,11167,11167,6
2019-10-21 20:36:07.007,11166,11167,11167,7
2019-10-21 20:36:07.086,11167,11168,11168,3
2019-10-21 20:36:07.211,11167,11168,11168,1
2019-10-21 20:36:07.234,11167,11168,11168,2
2019-10-21 20:36:07.280,11167,11168,11168,1
2019-10-21 20:36:07.386,11167,11168,11168,1
2019-10-21 20:36:07.415,11167,11168,11168,1
2019-10-21 20:36:07.450,11167,11168,11168,1
2019-10-21 20:36:07.473,11167,11168,11168,1
2019-10-21 20:36:07.517,11167,11168,11168,4
2019-10-21 20:36:07.535,11167,11168,11168,1
2019-10-21 20:36:07.547,11167,11168,11168,1
2019-10-21 20:36:07.547,11167,11168,11168,1
2019-10-21 20:36:07.547,11167,11168,11168,1
2019-10-21 20:36:07.547,11167,11168,11168,2
2019-10-21 20:36:07.547,11167,11168,11168,2
2019-10-21 20:36:07.547,11167,11168,11168,1
2019-10-21 20:36:07.547,11167,11168,11168,6
2019-10-21 20:36:07.547,11167,11168,11168,8
2019-10-21 20:36:07.548,11167,11168,11168,2
2019-10-21 20:36:07.548,11167,11168,11168,1
2019-10-21 20:36:07.549,11167,11168,11168,12
2019-10-21 20:36:07.549,11167,11168,11168,16
2019-10-21 20:36:07.549,11167,11168,11168,12
2019-10-21 20:36:07.550,11167,11168,11168,4
2019-10-21 20:36:07.550,11167,11168,11168,1
2019-10-21 20:36:07.550,11167,11168,11168,4
2019-10-21 20:36:07.550,11167,11168,11168,6
2019-10-21 20:36:07.551,11167,11168,11168,4
2019-10-21 20:36:07.551,11167,11168,11168,4
2019-10-21 20:36:07.551,11167,11168,11168,4
2019-10-21 20:36:07.552,11167,11168,11168,2
2019-10-21 20:36:07.607,11167,11168,11168,1
2019-10-21 20:36:07.607,11167,11168,11169,1
2019-10-21 20:36:07.625,11167,11168,11169,1
2019-10-21 20:36:07.643,11167,11168,11169,2
2019-10-21 20:36:07.644,11167,11168,11169,3
2019-10-21 20:36:07.648,11168,11169,11168,2
2019-10-21 20:36:07.649,11168,11169,11168,3
2019-10-21 20:36:07.649,11168,11169,11169,1
2019-10-21 20:36:07.649,11168,11169,11169,3
2019-10-21 20:36:07.651,11168,11169,11169,2
2019-10-21 20:36:07.655,11168,11169,11169,2
2019-10-21 20:36:07.663,11168,11169,11168,2
2019-10-21 20:36:07.668,11168,11169,11169,2
2019-10-21 20:36:07.670,11168,11169,11169,1
2019-10-21 20:36:07.686,11168,11169,11169,4
2019-10-21 20:36:07.687,11168,11169,11169,1
2019-10-21 20:36:07.695,11168,11169,11169,8
2019-10-21 20:36:07.695,11168,11169,11169,2
2019-10-21 20:36:07.704,11168,11169,11169,1
2019-10-21 20:36:07.718,11168,11169,11169,1
2019-10-21 20:36:07.723,11168,11169,11169,1
2019-10-21 20:36:07.732,11168,11169,11169,2
2019-10-21 20:36:07.736,11168,11169,11169,2
2019-10-21 20:36:07.736,11168,11169,11170,1
2019-10-21 20:36:07.737,11168,11169,11170,4
2019-10-21 20:36:07.738,11168,11169,11170,1
2019-10-21 20:36:07.740,11168,11169,11170,2
2019-10-21 20:36:07.751,11168,11169,11170,1
2019-10-21 20:36:07.773,11169,11170,11169,3
2019-10-21 20:36:07.774,11169,11170,11169,6
2019-10-21 20:36:07.775,11169,11170,11169,1
2019-10-21 20:36:07.780,11169,11170,11170,1
2019-10-21 20:36:07.783,11169,11170,11170,2
2019-10-21 20:36:07.785,11169,11170,11170,2
2019-10-21 20:36:07.790,11169,11170,11170,1
2019-10-21 20:36:07.817,11169,11170,11170,1
2019-10-21 20:36:07.842,11169,11170,11170,1
2019-10-21 20:36:07.843,11169,11170,11170,1
2019-10-21 20:36:07.883,11169,11170,11170,1
2019-10-21 20:36:07.898,11169,11170,11169,1
2019-10-21 20:36:07.927,11169,11170,11170,1
2019-10-21 20:36:07.946,11169,11170,11170,1
2019-10-21 20:36:07.946,11169,11170,11170,1
2019-10-21 20:36:07.947,11169,11170,11170,1
2019-10-21 20:36:07.954,11169,11170,11170,1
2019-10-21 20:36:07.975,11169,11170,11170,1
2019-10-21 20:36:07.980,11169,11170,11170,1
2019-10-21 20:36:07.981,11169,11170,11170,2
2019-10-21 20:36:07.984,11169,11170,11170,1
2019-10-21 20:36:07.985,11169,11170,11170,1
2019-10-21 20:36:07.985,11169,11170,11170,1
2019-10-21 20:36:07.987,11169,11170,11170,2
2019-10-21 20:36:07.991,11169,11170,11170,1
2019-10-21 20:36:07.995,11169,11170,11170,2
2019-10-21 20:36:08.002,11169,11170,11170,1
2019-10-21 20:36:08.009,11169,11170,11170,4
2019-10-21 20:36:08.017,11169,11170,11170,3
2019-10-21 20:36:08.017,11169,11170,11170,1
2019-10-21 20:36:08.019,11169,11170,11170,1
2019-10-21 20:36:08.019,11169,11170,11170,1
2019-10-21 20:36:08.024,11169,11170,11170,1
2019-10-21 20:36:08.025,11169,11170,11170,2
2019-10-21 20:36:08.077,11169,11170,11170,2
2019-10-21 20:36:08.104,11169,11170,11170,1
2019-10-21 20:36:08.137,11169,11170,11170,2
2019-10-21 20:36:08.180,11169,11170,11170,1
2019-10-21 20:36:08.206,11169,11170,11170,1
2019-10-21 20:36:08.227,11169,11170,11170,1
2019-10-21 20:36:08.232,11169,11170,11170,2
2019-10-21 20:36:08.238,11169,11170,11170,1
2019-10-21 20:36:08.241,11169,11170,11170,3
2019-10-21 20:36:08.267,11169,11170,11170,1
2019-10-21 20:36:08.273,11169,11170,11170,4
2019-10-21 20:36:08.278,11169,11170,11170,2
2019-10-21 20:36:08.285,11169,11170,11170,1
2019-10-21 20:36:08.289,11169,11170,11171,1
2019-10-21 20:36:08.323,11169,11170,11171,1
2019-10-21 20:36:08.324,11169,11170,11171,1
2019-10-21 20:36:08.328,11169,11170,11171,2
2019-10-21 20:36:08.349,11169,11170,11170,1
2019-10-21 20:36:08.356,11169,11170,11170,1
2019-10-21 20:36:08.398,11169,11170,11170,1
2019-10-21 20:36:08.434,11169,11170,11171,2
2019-10-21 20:36:08.446,11169,11170,11170,1
2019-10-21 20:36:08.446,11169,11170,11170,1
2019-10-21 20:36:08.470,11169,11170,11171,1
2019-10-21 20:36:08.473,11169,11170,11171,3
2019-10-21 20:36:08.475,11169,11170,11171,1
2019-10-21 20:36:08.476,11169,11170,11171,3
2019-10-21 20:36:08.490,11169,11170,11171,2
2019-10-21 20:36:08.523,11170,11171,11170,1
2019-10-21 20:36:08.526,11170,11171,11171,1
2019-10-21 20:36:08.529,11170,11171,11171,1
2019-10-21 20:36:08.541,11170,11171,11171,2
2019-10-21 20:36:08.544,11170,11171,11171,2
2019-10-21 20:36:08.544,11170,11171,11171,2
2019-10-21 20:36:08.550,11170,11171,11171,1
2019-10-21 20:36:08.555,11170,11171,11171,1
2019-10-21 20:36:08.573,11170,11171,11170,3
2019-10-21 20:36:08.575,11170,11171,11171,3
2019-10-21 20:36:08.579,11170,11171,11171,1
2019-10-21 20:36:08.584,11170,11171,11170,3
2019-10-21 20:36:08.585,11170,11171,11171,2
2019-10-21 20:36:08.591,11170,11171,11171,1
2019-10-21 20:36:08.634,11170,11171,11171,1
2019-10-21 20:36:08.651,11169,11171,11171,1
2019-10-21 20:36:08.652,11169,11171,11171,1
2019-10-21 20:36:08.656,11169,11171,11171,1
2019-10-21 20:36:08.664,11169,11171,11171,1
2019-10-21 20:36:08.665,11169,11171,11171,1
2019-10-21 20:36:08.666,11169,11171,11170,1
2019-10-21 20:36:08.682,11169,11171,11171,1
2019-10-21 20:36:08.690,11169,11171,11171,1
2019-10-21 20:36:08.692,11169,11171,11171,1
2019-10-21 20:36:08.707,11169,11171,11171,3
2019-10-21 20:36:08.720,11169,11171,11171,1
2019-10-21 20:36:08.733,11169,11171,11171,1
2019-10-21 20:36:08.787,11170,11171,11171,1
2019-10-21 20:36:08.796,11170,11171,11170,1
2019-10-21 20:36:08.818,11170,11171,11171,1
2019-10-21 20:36:08.855,11170,11171,11171,1
2019-10-21 20:36:08.870,11170,11171,11171,1
2019-10-21 20:36:08.920,11170,11171,11171,1
2019-10-21 20:36:08.946,11170,11171,11171,4
2019-10-21 20:36:09.123,11170,11171,11171,1
2019-10-21 20:36:09.140,11170,11171,11171,1
2019-10-21 20:36:09.141,11170,11171,11171,1
2019-10-21 20:36:09.253,11170,11171,11171,1
2019-10-21 20:36:09.260,11170,11171,11171,4
2019-10-21 20:36:09.273,11170,11171,11171,2
2019-10-21 20:36:09.301,11170,11171,11171,1
2019-10-21 20:36:09.306,11170,11171,11171,1
2019-10-21 20:36:09.318,11170,11171,11171,1
2019-10-21 20:36:09.400,11170,11171,11171,2
2019-10-21 20:36:09.401,11170,11171,11171,1
2019-10-21 20:36:09.653,11171,11172,11171,3
2019-10-21 20:36:09.761,11171,11172,11172,1
2019-10-21 20:36:09.762,11171,11172,11172,3
2019-10-21 20:36:09.764,11171,11172,11172,2
2019-10-21 20:36:09.807,11171,11172,11172,3
2019-10-21 20:36:09.815,11171,11172,11172,4
2019-10-21 20:36:09.816,11171,11172,11172,3
2019-10-21 20:36:09.892,11171,11172,11172,1
2019-10-21 20:36:09.901,11171,11172,11171,5
2019-10-21 20:36:09.915,11171,11172,11172,1
2019-10-21 20:36:09.918,11171,11172,11172,1
2019-10-21 20:36:09.924,11171,11172,11172,1
2019-10-21 20:36:09.984,11171,11172,11172,1
2019-10-21 20:36:09.993,11171,11172,11172,1
2019-10-21 20:36:09.994,11171,11172,11172,1
2019-10-21 20:36:10.008,11171,11172,11172,2
2019-10-21 20:36:10.040,11171,11172,11172,4
2019-10-21 20:36:10.077,11171,11172,11172,1
2019-10-21 20:36:10.094,11171,11172,11172,1
2019-10-21 20:36:10.094,11171,11172,11172,2
2019-10-21 20:36:10.104,11171,11172,11172,1
2019-10-21 20:36:10.133,11171,11172,11172,1
2019-10-21 20:36:10.149,11171,11172,11172,2
2019-10-21 20:36:10.910,11170,11171,11171,1
2019-10-21 20:36:11.756,11170,11171,11170,10
2019-10-21 20:36:11.904,11169,11170,11169,3
2019-10-21 20:36:12.467,11169,11170,11169,2
2019-10-21 20:36:13.418,11169,11170,11170,1
2019-10-21 20:36:13.481,11169,11170,11170,1
2019-10-21 20:36:23.217,11169,11170,11169,1
2019-10-21 20:36:25.457,11169,11170,11169,3
2019-10-21 20:36:27.139,11168,11169,11168,4
2019-10-21 20:36:27.591,11167,11168,11168,2
2019-10-21 20:36:28.055,11167,11168,11168,2
2019-10-21 20:36:28.423,11167,11168,11168,2
2019-10-21 20:36:28.669,11167,11168,11168,2
2019-10-21 20:36:28.741,11167,11168,11168,1
2019-10-21 20:36:28.902,11167,11168,11168,2
2019-10-21 20:36:29.102,11167,11168,11168,2
2019-10-21 20:36:29.475,11168,11169,11169,2
2019-10-21 20:36:29.920,11168,11169,11168,6
2019-10-21 20:36:37.966,11168,11169,11169,1
2019-10-21 20:36:40.588,11169,11170,11170,2
2019-10-21 20:36:43.693,11169,11170,11169,1
2019-10-21 20:36:47.521,11169,11170,11170,5
2019-10-21 20:36:48.096,11169,11170,11169,2
2019-10-21 20:36:57.050,11169,11170,11170,5
2019-10-21 20:36:58.768,11169,11170,11170,1
2019-10-21 20:37:02.309,11170,11171,11170,1
2019-10-21 20:37:03.138,11170,11171,11171,1
2019-10-21 20:37:08.072,11170,11171,11171,2
2019-10-21 20:37:08.480,11170,11171,11171,1
2019-10-21 20:37:10.716,11170,11171,11171,1
2019-10-21 20:37:12.410,11170,11171,11171,1
2019-10-21 20:37:13.006,11170,11171,11171,1
2019-10-21 20:37:13.156,11170,11171,11171,1
2019-10-21 20:37:14.348,11170,11171,11170,1
2019-10-21 20:37:18.154,11170,11171,11171,1
2019-10-21 20:37:23.380,11170,11171,11170,2
2019-10-21 20:37:41.226,11170,11171,11170,1
2019-10-21 20:37:45.967,11170,11171,11171,5
2019-10-21 20:37:49.631,11170,11171,11171,1
2019-10-21 20:37:51.119,11170,11171,11171,1
2019-10-21 20:37:51.143,11170,11171,11171,1
2019-10-21 20:37:57.988,11170,11171,11171,5
2019-10-21 20:37:59.407,11170,11171,11171,5
2019-10-21 20:38:02.266,11170,11171,11171,5
2019-10-21 20:38:04.985,11170,11171,11171,5
2019-10-21 20:38:06.090,11170,11171,11171,1
2019-10-21 20:38:10.505,11170,11171,11171,1
2019-10-21 20:38:18.559,11170,11171,11171,2
2019-10-21 20:38:22.920,11170,11171,11171,1
2019-10-21 20:38:26.541,11170,11171,11171,1
2019-10-21 20:38:26.703,11170,11171,11171,3
2019-10-21 20:38:30.153,11170,11171,11171,10
2019-10-21 20:38:33.399,11170,11171,11170,9
2019-10-21 20:38:44.279,11170,11171,11170,1
2019-10-21 20:38:47.813,11170,11171,11170,2
2019-10-21 20:38:49.451,11170,11171,11171,1
2019-10-21 20:38:55.015,11170,11171,11171,1
2019-10-21 20:38:56.489,11170,11171,11171,3
2019-10-21 20:38:56.614,11171,11172,11172,2
2019-10-21 20:38:56.630,11171,11172,11172,2
2019-10-21 20:38:56.678,11171,11172,11172,1
2019-10-21 20:38:56.697,11171,11172,11172,1
2019-10-21 20:38:56.720,11171,11172,11172,1
2019-10-21 20:38:56.809,11171,11172,11172,3
2019-10-21 20:38:56.838,11171,11172,11172,1
2019-10-21 20:38:56.885,11171,11172,11172,1
2019-10-21 20:38:57.082,11171,11172,11171,1
2019-10-21 20:38:57.125,11171,11172,11172,1
2019-10-21 20:38:57.145,11171,11172,11172,3
2019-10-21 20:38:57.159,11171,11173,11172,2
2019-10-21 20:38:57.530,11172,11173,11173,2
2019-10-21 20:38:57.648,11172,11173,11172,1
2019-10-21 20:38:57.681,11172,11173,11172,1
2019-10-21 20:38:57.681,11172,11173,11173,3
2019-10-21 20:38:57.686,11172,11173,11173,2
2019-10-21 20:38:57.692,11172,11173,11172,1
2019-10-21 20:38:57.716,11172,11173,11173,3
2019-10-21 20:38:57.856,11171,11173,11171,1
2019-10-21 20:38:57.928,11171,11173,11173,1
2019-10-21 20:38:57.946,11171,11173,11173,1
2019-10-21 20:38:58.058,11171,11173,11173,1
2019-10-21 20:38:58.117,11171,11173,11173,1
2019-10-21 20:38:58.145,11171,11173,11173,5
2019-10-21 20:38:58.361,11171,11173,11173,1
2019-10-21 20:38:58.547,11171,11173,11173,1
2019-10-21 20:38:58.552,11171,11173,11173,1
2019-10-21 20:38:58.578,11171,11173,11173,1
2019-10-21 20:38:59.540,11171,11173,11173,1
2019-10-21 20:38:59.542,11171,11173,11173,1
2019-10-21 20:39:00.012,11172,11173,11172,2
2019-10-21 20:39:00.307,11172,11173,11173,1
2019-10-21 20:39:01.179,11172,11173,11173,1
2019-10-21 20:39:02.027,11172,11173,11172,2
2019-10-21 20:39:02.161,11171,11173,11173,7
2019-10-21 20:39:06.586,11172,11173,11172,1
2019-10-21 20:39:07.029,11172,11173,11173,2
2019-10-21 20:39:09.787,11172,11173,11173,1
2019-10-21 20:39:11.232,11172,11173,11172,1
2019-10-21 20:39:11.707,11172,11173,11173,1
2019-10-21 20:39:11.723,11172,11173,11172,1
2019-10-21 20:39:12.453,11172,11173,11172,1
2019-10-21 20:39:14.200,11172,11173,11172,1
2019-10-21 20:39:14.638,11171,11173,11171,2
2019-10-21 20:39:16.666,11172,11173,11172,5
2019-10-21 20:39:16.713,11172,11173,11172,2
2019-10-21 20:39:19.720,11172,11173,11173,2
2019-10-21 20:39:22.487,11172,11173,11173,1
2019-10-21 20:39:23.882,11172,11173,11172,1
2019-10-21 20:39:29.856,11172,11173,11173,1
2019-10-21 20:39:31.743,11172,11173,11172,1
2019-10-21 20:39:35.075,11172,11173,11172,5
2019-10-21 20:39:41.012,11172,11173,11173,6
2019-10-21 20:39:48.006,11172,11173,11173,23
2019-10-21 20:39:48.025,11173,11174,11174,1
2019-10-21 20:39:48.191,11173,11174,11174,2
2019-10-21 20:39:48.196,11173,11174,11174,15
2019-10-21 20:39:48.315,11173,11174,11174,2
2019-10-21 20:39:48.411,11173,11174,11174,1
2019-10-21 20:39:48.442,11173,11174,11174,1
2019-10-21 20:39:48.461,11173,11174,11174,1
2019-10-21 20:39:48.551,11173,11174,11174,1
2019-10-21 20:39:48.718,11173,11174,11174,1
2019-10-21 20:39:48.728,11173,11174,11174,1
2019-10-21 20:39:49.901,11173,11174,11173,1
2019-10-21 20:39:50.850,11173,11174,11174,2
2019-10-21 20:39:52.876,11173,11174,11174,1
2019-10-21 20:39:53.321,11173,11174,11174,3
2019-10-21 20:39:57.083,11173,11174,11174,4
2019-10-21 20:39:57.989,11174,11175,11175,1
2019-10-21 20:39:58.056,11174,11175,11175,2
2019-10-21 20:39:58.066,11174,11175,11175,1
2019-10-21 20:39:58.077,11174,11175,11175,1
2019-10-21 20:39:58.196,11174,11175,11175,1
2019-10-21 20:39:58.233,11174,11175,11175,1
2019-10-21 20:39:58.265,11174,11175,11175,1
2019-10-21 20:39:58.268,11174,11175,11175,1
2019-10-21 20:39:58.279,11174,11175,11175,1
2019-10-21 20:39:59.917,11174,11175,11175,2
2019-10-21 20:40:00.251,11174,11175,11175,1
2019-10-21 20:40:00.262,11174,11175,11175,2
2019-10-21 20:40:00.471,11174,11175,11175,1
2019-10-21 20:40:00.487,11174,11175,11175,1
2019-10-21 20:40:00.505,11174,11175,11175,1
2019-10-21 20:40:00.522,11174,11175,11175,2
2019-10-21 20:40:00.546,11174,11175,11175,2
2019-10-21 20:40:01.055,11174,11175,11175,1
2019-10-21 20:40:01.342,11174,11175,11175,1
2019-10-21 20:40:01.410,11174,11175,11175,12
2019-10-21 20:40:01.524,11174,11175,11175,4
2019-10-21 20:40:01.524,11174,11175,11175,1
2019-10-21 20:40:01.525,11174,11175,11175,2
2019-10-21 20:40:01.537,11174,11175,11175,1
2019-10-21 20:40:01.537,11174,11175,11175,1
2019-10-21 20:40:01.537,11174,11175,11175,1
2019-10-21 20:40:01.538,11174,11175,11175,3
2019-10-21 20:40:01.540,11174,11175,11176,1
2019-10-21 20:40:01.546,11174,11175,11176,1
2019-10-21 20:40:01.685,11175,11176,11176,1
2019-10-21 20:40:01.700,11175,11176,11176,4
2019-10-21 20:40:01.712,11175,11176,11176,3
2019-10-21 20:40:01.724,11175,11176,11176,1
2019-10-21 20:40:01.750,11175,11176,11175,5
2019-10-21 20:40:01.844,11174,11176,11176,2
2019-10-21 20:40:01.889,11174,11176,11176,1
2019-10-21 20:40:01.905,11175,11176,11176,1
2019-10-21 20:40:02.024,11175,11176,11176,1
2019-10-21 20:40:02.102,11175,11176,11176,1
2019-10-21 20:40:02.168,11175,11176,11176,2
2019-10-21 20:40:02.233,11175,11176,11176,1
2019-10-21 20:40:02.251,11175,11176,11176,1
2019-10-21 20:40:02.311,11175,11176,11176,7
2019-10-21 20:40:02.368,11175,11176,11175,1
2019-10-21 20:40:02.473,11175,11176,11176,3
2019-10-21 20:40:02.534,11175,11176,11176,1
2019-10-21 20:40:02.760,11175,11176,11176,1
2019-10-21 20:40:03.011,11175,11176,11176,1
2019-10-21 20:40:03.425,11175,11176,11175,1
2019-10-21 20:40:04.158,11175,11176,11175,1
2019-10-21 20:40:06.003,11175,11176,11176,1
2019-10-21 20:40:08.325,11175,11176,11176,1
2019-10-21 20:40:11.133,11175,11176,11176,2
2019-10-21 20:40:11.148,11175,11176,11175,4
2019-10-21 20:40:11.780,11174,11175,11175,1
2019-10-21 20:40:14.190,11174,11175,11175,6
2019-10-21 20:40:16.316,11174,11175,11175,1
2019-10-21 20:40:17.409,11174,11175,11175,1
2019-10-21 20:40:19.232,11174,11175,11175,3
2019-10-21 20:40:19.832,11174,11175,11175,1
2019-10-21 20:40:22.583,11174,11175,11175,1
2019-10-21 20:40:23.286,11175,11176,11175,1
2019-10-21 20:40:25.075,11175,11176,11176,1
2019-10-21 20:40:26.555,11175,11176,11176,2
2019-10-21 20:40:28.209,11175,11176,11176,2
2019-10-21 20:40:29.973,11175,11176,11175,1
2019-10-21 20:40:31.133,11175,11176,11176,4
2019-10-21 20:40:31.133,11175,11176,11176,4
2019-10-21 20:40:31.135,11175,11176,11176,4
2019-10-21 20:40:31.135,11175,11176,11176,4
2019-10-21 20:40:31.136,11175,11176,11176,4
2019-10-21 20:40:31.149,11175,11176,11176,2
2019-10-21 20:40:31.149,11175,11176,11176,2
2019-10-21 20:40:31.149,11175,11176,11176,1
2019-10-21 20:40:31.149,11175,11176,11176,2
