2019-06-26 15:00:00.038,10505,10506,10506,84
2019-06-26 15:00:00.047,10506,10507,10507,3
2019-06-26 15:00:00.202,10506,10508,10508,1
2019-06-26 15:00:00.380,10506,10508,10508,2
2019-06-26 15:00:00.728,10507,10509,10507,2
2019-06-26 15:00:00.765,10507,10509,10507,1
2019-06-26 15:00:00.775,10507,10509,10507,1
2019-06-26 15:00:00.838,10507,10509,10507,1
2019-06-26 15:00:00.842,10507,10509,10507,1
2019-06-26 15:00:00.856,10507,10509,10507,1
2019-06-26 15:00:01.006,10507,10509,10507,1
2019-06-26 15:00:01.442,10507,10508,10507,1
2019-06-26 15:00:01.451,10507,10508,10507,1
2019-06-26 15:00:02.426,10506,10507,10506,1
2019-06-26 15:00:02.436,10506,10507,10506,1
2019-06-26 15:00:02.951,10506,10507,10506,3
2019-06-26 15:00:03.201,10506,10507,10506,1
2019-06-26 15:00:03.204,10506,10507,10506,1
2019-06-26 15:00:03.204,10506,10507,10506,1
2019-06-26 15:00:03.208,10506,10507,10506,1
2019-06-26 15:00:03.232,10506,10507,10506,1
2019-06-26 15:00:03.235,10506,10507,10506,1
2019-06-26 15:00:03.256,10506,10507,10507,2
2019-06-26 15:00:03.476,10506,10507,10506,1
2019-06-26 15:00:03.477,10506,10507,10506,1
2019-06-26 15:00:03.477,10506,10507,10506,1
2019-06-26 15:00:03.811,10505,10506,10506,2
2019-06-26 15:00:05.550,10505,10506,10506,1
2019-06-26 15:00:05.656,10505,10507,10507,1
2019-06-26 15:00:06.650,10506,10507,10507,1
2019-06-26 15:00:06.794,10506,10507,10507,4
2019-06-26 15:00:09.754,10507,10508,10507,1
2019-06-26 15:00:12.361,10507,10508,10507,5
2019-06-26 15:00:12.361,10507,10508,10506,4
2019-06-26 15:00:13.300,10506,10508,10508,2
2019-06-26 15:00:15.890,10507,10508,10508,2
2019-06-26 15:00:15.951,10507,10508,10508,6
2019-06-26 15:00:16.332,10507,10509,10507,5
2019-06-26 15:00:18.347,10507,10509,10507,4
2019-06-26 15:00:18.910,10508,10509,10509,1
2019-06-26 15:00:19.639,10508,10509,10508,1
2019-06-26 15:00:23.224,10507,10508,10508,1
2019-06-26 15:00:26.050,10507,10508,10508,2
2019-06-26 15:00:28.355,10507,10509,10508,1
2019-06-26 15:00:28.539,10508,10509,10508,1
2019-06-26 15:00:29.220,10507,10509,10508,2
2019-06-26 15:00:31.746,10508,10509,10509,2
2019-06-26 15:00:36.136,10508,10509,10509,1
2019-06-26 15:00:40.659,10508,10509,10509,3
2019-06-26 15:00:40.826,10508,10509,10509,2
2019-06-26 15:00:42.128,10508,10509,10509,1
2019-06-26 15:00:42.129,10508,10509,10509,1
2019-06-26 15:00:42.129,10508,10509,10509,1
2019-06-26 15:00:42.129,10508,10509,10509,1
2019-06-26 15:00:42.129,10508,10509,10509,1
2019-06-26 15:00:42.130,10508,10509,10509,1
2019-06-26 15:00:42.130,10508,10509,10509,1
2019-06-26 15:00:42.201,10508,10509,10509,2
2019-06-26 15:00:59.586,10509,10510,10509,1
2019-06-26 15:01:00.238,10509,10510,10510,1
2019-06-26 15:01:00.309,10509,10510,10510,2
2019-06-26 15:01:00.326,10509,10510,10510,5
2019-06-26 15:01:00.890,10509,10510,10509,1
2019-06-26 15:01:01.093,10509,10510,10510,3
2019-06-26 15:01:01.229,10509,10510,10510,2
2019-06-26 15:01:01.630,10510,10511,10510,1
2019-06-26 15:01:06.856,10510,10511,10510,1
2019-06-26 15:01:07.039,10510,10511,10510,2
2019-06-26 15:01:07.112,10510,10511,10510,1
2019-06-26 15:01:07.496,10510,10511,10510,1
2019-06-26 15:01:12.908,10509,10510,10509,1
2019-06-26 15:01:14.865,10509,10510,10510,1
2019-06-26 15:01:15.081,10509,10510,10510,2
2019-06-26 15:01:16.320,10509,10510,10510,4
2019-06-26 15:01:16.933,10509,10510,10510,1
2019-06-26 15:01:17.186,10509,10510,10509,12
2019-06-26 15:01:17.306,10508,10510,10509,1
2019-06-26 15:01:17.742,10508,10509,10509,1
2019-06-26 15:01:18.411,10508,10509,10508,1
2019-06-26 15:01:19.804,10508,10509,10509,1
2019-06-26 15:01:22.472,10508,10509,10509,1
2019-06-26 15:01:24.248,10508,10509,10509,3
2019-06-26 15:01:30.506,10508,10509,10509,1
2019-06-26 15:01:31.409,10508,10509,10509,1
2019-06-26 15:01:34.847,10508,10509,10509,1
2019-06-26 15:01:36.069,10508,10509,10508,1
2019-06-26 15:01:36.178,10508,10509,10509,1
2019-06-26 15:01:36.339,10508,10509,10509,1
2019-06-26 15:01:37.643,10508,10509,10509,1
2019-06-26 15:01:42.691,10508,10509,10509,1
2019-06-26 15:01:43.585,10508,10509,10509,1
2019-06-26 15:01:44.006,10509,10510,10509,1
2019-06-26 15:01:50.900,10509,10510,10509,1
2019-06-26 15:01:52.853,10509,10510,10509,1
2019-06-26 15:01:58.250,10509,10510,10509,1
2019-06-26 15:02:02.924,10509,10510,10509,1
2019-06-26 15:02:02.924,10509,10510,10509,1
2019-06-26 15:02:02.924,10509,10510,10509,1
2019-06-26 15:02:02.924,10509,10510,10509,1
2019-06-26 15:02:02.924,10509,10510,10509,1
2019-06-26 15:02:05.048,10508,10510,10508,1
2019-06-26 15:02:06.745,10509,10510,10509,1
2019-06-26 15:02:12.252,10509,10510,10509,1
2019-06-26 15:02:18.530,10508,10509,10508,1
2019-06-26 15:02:27.252,10508,10509,10509,1
2019-06-26 15:02:53.798,10508,10509,10509,1
2019-06-26 15:02:56.682,10508,10509,10508,2
2019-06-26 15:03:10.484,10508,10509,10509,1
2019-06-26 15:03:15.094,10508,10509,10509,5
2019-06-26 15:03:33.934,10508,10509,10509,1
2019-06-26 15:03:35.953,10508,10509,10509,1
2019-06-26 15:03:36.076,10508,10509,10509,5
2019-06-26 15:03:36.201,10508,10509,10509,6
2019-06-26 15:03:36.728,10509,10510,10510,5
2019-06-26 15:03:49.154,10509,10510,10510,1
2019-06-26 15:03:54.658,10509,10510,10510,1
2019-06-26 15:03:55.159,10509,10510,10510,1
2019-06-26 15:04:12.142,10509,10510,10510,1
2019-06-26 15:04:17.050,10509,10510,10510,3
2019-06-26 15:04:17.076,10509,10510,10510,3
2019-06-26 15:04:17.148,10509,10510,10510,1
2019-06-26 15:04:17.201,10509,10510,10510,1
2019-06-26 15:04:17.201,10509,10510,10510,1
2019-06-26 15:04:17.781,10509,10510,10510,1
2019-06-26 15:04:18.860,10509,10510,10510,2
2019-06-26 15:04:18.951,10509,10510,10510,2
2019-06-26 15:04:20.310,10509,10510,10510,1
2019-06-26 15:04:23.315,10510,10511,10510,1
2019-06-26 15:04:23.604,10510,10511,10510,1
2019-06-26 15:04:25.453,10510,10511,10510,1
2019-06-26 15:04:35.793,10510,10511,10511,1
2019-06-26 15:04:52.324,10510,10511,10510,1
2019-06-26 15:04:58.200,10510,10511,10510,1
2019-06-26 15:05:04.354,10510,10511,10510,1
2019-06-26 15:05:04.614,10510,10511,10510,25
2019-06-26 15:05:06.271,10509,10510,10510,1
2019-06-26 15:05:06.583,10509,10510,10510,1
2019-06-26 15:05:08.595,10509,10510,10510,2
2019-06-26 15:05:17.669,10509,10510,10509,2
2019-06-26 15:05:20.408,10509,10510,10509,6
2019-06-26 15:05:20.511,10508,10509,10509,1
2019-06-26 15:05:20.595,10508,10509,10508,1
2019-06-26 15:05:20.700,10508,10509,10508,1
2019-06-26 15:05:20.720,10508,10509,10508,1
2019-06-26 15:05:20.752,10508,10509,10508,1
2019-06-26 15:05:20.753,10508,10509,10508,1
2019-06-26 15:05:20.823,10508,10509,10509,1
2019-06-26 15:05:20.826,10508,10509,10508,15
2019-06-26 15:05:21.450,10507,10508,10508,2
2019-06-26 15:05:21.554,10507,10508,10508,1
2019-06-26 15:05:21.887,10507,10508,10508,1
2019-06-26 15:05:21.990,10507,10508,10508,1
2019-06-26 15:05:22.199,10507,10508,10508,1
2019-06-26 15:05:23.282,10507,10508,10507,1
2019-06-26 15:05:25.855,10507,10508,10508,1
2019-06-26 15:05:30.290,10507,10508,10507,1
2019-06-26 15:05:34.684,10507,10508,10508,2
2019-06-26 15:05:35.049,10507,10508,10508,1
2019-06-26 15:05:35.458,10507,10508,10508,1
2019-06-26 15:05:35.769,10507,10508,10508,1
2019-06-26 15:05:36.087,10507,10508,10508,1
2019-06-26 15:05:51.987,10507,10508,10507,5
2019-06-26 15:06:01.232,10507,10508,10507,1
2019-06-26 15:06:01.473,10507,10508,10507,3
2019-06-26 15:06:01.576,10507,10508,10507,11
2019-06-26 15:06:01.701,10507,10508,10507,8
2019-06-26 15:06:01.701,10507,10508,10507,1
2019-06-26 15:06:01.826,10507,10508,10507,2
2019-06-26 15:06:02.910,10506,10507,10507,1
2019-06-26 15:06:03.225,10506,10507,10507,1
2019-06-26 15:06:03.563,10506,10507,10507,1
2019-06-26 15:06:03.585,10506,10507,10506,1
2019-06-26 15:06:03.587,10506,10507,10506,1
2019-06-26 15:06:03.764,10506,10507,10506,1
2019-06-26 15:06:03.869,10506,10507,10507,1
2019-06-26 15:06:04.181,10506,10507,10507,1
2019-06-26 15:06:05.425,10506,10507,10506,1
2019-06-26 15:06:05.877,10506,10507,10507,1
2019-06-26 15:06:06.178,10506,10507,10507,1
2019-06-26 15:06:06.595,10506,10507,10507,1
2019-06-26 15:06:08.765,10506,10507,10506,5
2019-06-26 15:06:11.301,10506,10507,10506,3
2019-06-26 15:06:14.805,10506,10507,10507,10
2019-06-26 15:06:26.611,10507,10508,10507,1
2019-06-26 15:06:34.256,10507,10508,10507,1
2019-06-26 15:06:34.915,10507,10508,10507,1
2019-06-26 15:06:35.276,10507,10508,10508,1
2019-06-26 15:06:42.418,10507,10508,10507,1
2019-06-26 15:06:46.951,10507,10508,10508,13
2019-06-26 15:06:47.189,10507,10509,10508,1
2019-06-26 15:07:03.380,10507,10508,10508,1
2019-06-26 15:07:06.991,10507,10509,10507,1
2019-06-26 15:07:09.470,10507,10508,10508,1
2019-06-26 15:07:11.190,10507,10508,10508,1
2019-06-26 15:07:15.450,10507,10508,10508,2
2019-06-26 15:07:22.191,10507,10508,10508,1
2019-06-26 15:07:27.372,10507,10508,10507,1
2019-06-26 15:07:33.871,10507,10508,10507,1
2019-06-26 15:07:36.533,10507,10508,10508,1
2019-06-26 15:07:36.855,10507,10508,10508,3
2019-06-26 15:07:43.311,10507,10508,10507,1
2019-06-26 15:07:43.502,10507,10508,10507,1
2019-06-26 15:07:55.222,10507,10508,10508,1
2019-06-26 15:08:28.951,10507,10508,10507,6
2019-06-26 15:08:32.822,10506,10508,10508,1
2019-06-26 15:08:38.756,10507,10508,10507,2
2019-06-26 15:08:53.557,10506,10507,10507,1
2019-06-26 15:09:16.296,10507,10508,10507,1
2019-06-26 15:09:19.814,10507,10508,10507,1
2019-06-26 15:09:26.321,10507,10508,10507,1
2019-06-26 15:09:33.490,10507,10508,10508,4
2019-06-26 15:09:33.576,10507,10508,10508,11
2019-06-26 15:09:48.658,10507,10508,10508,1
2019-06-26 15:10:03.416,10508,10509,10508,1
2019-06-26 15:10:11.526,10508,10509,10508,1
2019-06-26 15:10:35.529,10508,10509,10508,1
2019-06-26 15:10:38.588,10508,10509,10508,1
2019-06-26 15:10:40.326,10508,10509,10508,1
2019-06-26 15:10:46.312,10508,10509,10508,1
2019-06-26 15:10:50.035,10508,10509,10509,1
2019-06-26 15:10:50.039,10508,10509,10509,1
2019-06-26 15:10:50.040,10508,10509,10509,1
2019-06-26 15:10:50.076,10508,10509,10509,1
2019-06-26 15:10:50.076,10508,10509,10509,10
2019-06-26 15:10:50.076,10508,10509,10509,1
2019-06-26 15:10:50.076,10508,10509,10509,2
2019-06-26 15:11:10.277,10508,10509,10509,1
2019-06-26 15:11:17.211,10509,10510,10509,1
2019-06-26 15:11:17.368,10509,10510,10509,2
2019-06-26 15:11:27.831,10509,10510,10509,7
2019-06-26 15:11:33.700,10509,10510,10510,1
2019-06-26 15:11:34.203,10509,10510,10510,1
2019-06-26 15:11:36.743,10509,10510,10509,1
2019-06-26 15:11:37.825,10509,10510,10510,2
2019-06-26 15:11:45.364,10509,10510,10510,1
2019-06-26 15:11:55.343,10509,10510,10509,1
2019-06-26 15:12:02.957,10509,10510,10510,1
2019-06-26 15:12:13.594,10509,10510,10510,2
2019-06-26 15:12:26.153,10509,10510,10509,1
2019-06-26 15:12:50.301,10509,10510,10510,1
2019-06-26 15:12:53.502,10509,10510,10510,2
2019-06-26 15:13:05.298,10509,10510,10509,1
2019-06-26 15:13:05.557,10509,10510,10509,1
2019-06-26 15:13:06.724,10509,10510,10509,1
2019-06-26 15:13:10.460,10509,10510,10509,1
2019-06-26 15:13:11.518,10509,10510,10510,1
2019-06-26 15:13:12.248,10509,10510,10509,2
2019-06-26 15:13:27.710,10509,10510,10509,10
2019-06-26 15:13:27.711,10509,10510,10509,2
2019-06-26 15:13:27.711,10509,10510,10509,1
2019-06-26 15:13:47.093,10508,10509,10509,1
2019-06-26 15:14:09.175,10508,10509,10509,1
2019-06-26 15:14:40.551,10508,10509,10508,2
2019-06-26 15:14:59.214,10508,10509,10508,3
2019-06-26 15:15:00.825,10508,10509,10508,21
2019-06-26 15:15:13.701,10507,10508,10507,9
2019-06-26 15:15:19.264,10506,10507,10506,1
2019-06-26 15:15:43.989,10506,10507,10506,1
2019-06-26 15:15:55.643,10506,10507,10507,10
2019-06-26 15:15:55.983,10507,10508,10507,1
2019-06-26 15:15:58.068,10507,10508,10507,1
2019-06-26 15:16:06.649,10507,10508,10507,2
2019-06-26 15:16:17.431,10507,10508,10507,4
2019-06-26 15:16:26.616,10507,10508,10507,1
2019-06-26 15:16:54.209,10507,10508,10507,4
2019-06-26 15:17:03.022,10507,10508,10507,1
2019-06-26 15:17:03.036,10507,10508,10507,1
2019-06-26 15:17:03.036,10507,10508,10507,2
2019-06-26 15:17:25.590,10506,10507,10507,1
2019-06-26 15:17:42.859,10506,10507,10507,1
2019-06-26 15:18:01.986,10506,10507,10507,1
2019-06-26 15:18:04.215,10506,10507,10506,4
2019-06-26 15:18:04.326,10506,10507,10506,8
2019-06-26 15:18:04.451,10506,10507,10506,7
2019-06-26 15:18:09.183,10505,10506,10506,1
2019-06-26 15:18:10.380,10505,10506,10506,1
2019-06-26 15:18:15.277,10506,10507,10506,1
2019-06-26 15:18:26.734,10506,10507,10506,1
2019-06-26 15:18:28.445,10505,10506,10506,1
2019-06-26 15:18:54.319,10505,10506,10506,1
2019-06-26 15:18:55.214,10505,10506,10505,1
2019-06-26 15:18:55.699,10505,10506,10505,2
2019-06-26 15:19:01.463,10505,10506,10505,1
2019-06-26 15:19:07.672,10505,10506,10505,5
2019-06-26 15:19:12.163,10505,10506,10505,10
2019-06-26 15:19:13.538,10505,10506,10505,4
2019-06-26 15:19:14.146,10505,10506,10505,2
2019-06-26 15:19:14.462,10505,10506,10505,3
2019-06-26 15:19:17.417,10505,10506,10505,1
2019-06-26 15:19:19.911,10505,10506,10505,2
2019-06-26 15:19:24.268,10505,10506,10505,2
2019-06-26 15:19:24.654,10504,10505,10504,1
2019-06-26 15:19:24.943,10504,10505,10505,1
2019-06-26 15:19:25.019,10504,10506,10504,2
2019-06-26 15:19:28.477,10504,10505,10505,1
2019-06-26 15:19:34.354,10505,10506,10505,2
2019-06-26 15:19:41.396,10505,10506,10506,1
2019-06-26 15:19:43.067,10505,10506,10505,1
2019-06-26 15:19:50.567,10505,10506,10505,3
2019-06-26 15:19:52.998,10505,10506,10505,1
2019-06-26 15:20:02.277,10505,10506,10505,1
2019-06-26 15:20:03.025,10505,10506,10505,3
2019-06-26 15:20:03.204,10505,10506,10505,1
2019-06-26 15:20:04.625,10505,10506,10505,1
2019-06-26 15:20:04.626,10505,10506,10505,1
2019-06-26 15:20:05.097,10505,10506,10505,1
2019-06-26 15:20:10.032,10504,10505,10505,1
2019-06-26 15:20:19.288,10504,10505,10505,2
2019-06-26 15:20:21.832,10504,10505,10505,1
2019-06-26 15:20:23.270,10504,10505,10505,1
2019-06-26 15:20:25.511,10504,10505,10505,1
2019-06-26 15:20:40.861,10504,10505,10505,1
2019-06-26 15:20:43.481,10504,10505,10505,1
2019-06-26 15:20:49.349,10504,10505,10504,1
2019-06-26 15:20:51.529,10504,10505,10504,3
2019-06-26 15:21:01.753,10504,10505,10504,1
2019-06-26 15:21:02.678,10504,10505,10504,1
2019-06-26 15:21:03.291,10504,10505,10505,10
2019-06-26 15:21:03.326,10504,10505,10505,2
2019-06-26 15:21:05.567,10505,10506,10505,1
2019-06-26 15:21:15.363,10505,10506,10505,1
2019-06-26 15:21:24.985,10505,10506,10505,1
2019-06-26 15:21:28.922,10505,10506,10506,4
2019-06-26 15:21:29.285,10506,10507,10506,1
2019-06-26 15:21:30.874,10506,10507,10506,1
2019-06-26 15:21:52.115,10506,10507,10506,1
2019-06-26 15:22:00.186,10505,10506,10506,1
2019-06-26 15:22:01.562,10506,10507,10506,1
2019-06-26 15:22:04.747,10505,10506,10506,1
2019-06-26 15:22:22.671,10505,10506,10506,1
2019-06-26 15:22:34.280,10505,10506,10506,1
2019-06-26 15:22:38.506,10505,10506,10506,1
2019-06-26 15:22:51.506,10505,10506,10505,1
2019-06-26 15:23:01.060,10505,10506,10506,1
2019-06-26 15:23:01.879,10505,10506,10506,1
2019-06-26 15:23:17.516,10505,10506,10505,1
2019-06-26 15:23:17.586,10505,10506,10506,1
2019-06-26 15:23:25.576,10505,10506,10506,2
2019-06-26 15:23:31.896,10505,10506,10505,1
2019-06-26 15:23:32.204,10505,10506,10506,2
2019-06-26 15:23:43.422,10505,10506,10505,1
2019-06-26 15:23:53.832,10505,10506,10505,2
2019-06-26 15:24:00.957,10505,10506,10505,1
2019-06-26 15:24:02.500,10505,10506,10505,6
2019-06-26 15:24:03.825,10505,10506,10506,1
2019-06-26 15:24:03.908,10505,10506,10505,4
2019-06-26 15:24:03.951,10504,10505,10505,1
2019-06-26 15:24:10.531,10505,10506,10505,2
2019-06-26 15:24:19.768,10505,10506,10505,1
2019-06-26 15:24:38.951,10505,10506,10506,1
2019-06-26 15:24:39.076,10505,10506,10506,1
2019-06-26 15:24:40.921,10505,10506,10506,1
2019-06-26 15:25:01.184,10505,10506,10505,5
2019-06-26 15:25:09.227,10505,10506,10505,1
2019-06-26 15:25:09.993,10505,10506,10505,1
2019-06-26 15:25:24.330,10505,10506,10505,1
2019-06-26 15:25:55.402,10505,10506,10506,11
2019-06-26 15:26:32.823,10506,10507,10507,2
2019-06-26 15:26:32.826,10506,10507,10507,4
2019-06-26 15:26:43.519,10507,10508,10508,1
2019-06-26 15:26:50.969,10507,10508,10508,1
2019-06-26 15:26:53.960,10507,10508,10508,1
2019-06-26 15:26:54.529,10507,10508,10508,1
2019-06-26 15:27:17.571,10507,10508,10508,1
2019-06-26 15:27:47.588,10507,10508,10507,1
2019-06-26 15:27:47.589,10507,10508,10507,3
2019-06-26 15:28:04.059,10506,10507,10507,1
2019-06-26 15:28:18.311,10506,10507,10507,1
2019-06-26 15:28:42.478,10506,10507,10507,1
2019-06-26 15:28:42.478,10506,10507,10507,1
2019-06-26 15:28:59.684,10506,10507,10507,1
2019-06-26 15:29:05.262,10506,10507,10507,1
2019-06-26 15:29:09.837,10506,10507,10507,1
2019-06-26 15:29:11.032,10506,10507,10507,1
2019-06-26 15:29:26.225,10506,10507,10507,1
2019-06-26 15:29:40.418,10506,10507,10507,1
2019-06-26 15:29:52.678,10506,10507,10507,1
2019-06-26 15:30:01.419,10506,10507,10507,1
2019-06-26 15:30:03.823,10506,10507,10507,1
2019-06-26 15:30:22.190,10506,10507,10506,1
2019-06-26 15:30:30.743,10506,10507,10507,1
2019-06-26 15:31:11.322,10506,10507,10507,10
2019-06-26 15:31:16.427,10507,10508,10507,1
2019-06-26 15:31:17.519,10507,10508,10507,1
2019-06-26 15:31:24.976,10507,10508,10507,1
2019-06-26 15:31:25.194,10507,10508,10507,1
2019-06-26 15:31:31.874,10507,10508,10507,2
2019-06-26 15:31:43.303,10507,10508,10508,2
2019-06-26 15:31:44.950,10507,10508,10507,1
2019-06-26 15:31:49.676,10507,10508,10508,5
2019-06-26 15:32:46.617,10507,10508,10507,1
2019-06-26 15:32:56.657,10507,10508,10507,1
2019-06-26 15:33:27.442,10507,10508,10507,1
2019-06-26 15:33:35.504,10507,10508,10507,1
2019-06-26 15:34:00.611,10507,10508,10507,1
2019-06-26 15:34:18.136,10507,10508,10507,1
2019-06-26 15:34:38.698,10507,10508,10507,1
2019-06-26 15:34:41.959,10507,10508,10507,1
2019-06-26 15:34:42.076,10507,10508,10507,1
2019-06-26 15:35:02.701,10506,10507,10506,3
2019-06-26 15:35:24.185,10506,10507,10506,1
2019-06-26 15:36:19.080,10506,10507,10507,6
2019-06-26 15:36:26.390,10507,10508,10507,1
2019-06-26 15:36:27.724,10507,10508,10507,1
2019-06-26 15:36:37.250,10507,10508,10507,1
2019-06-26 15:36:51.154,10507,10508,10507,1
2019-06-26 15:37:26.085,10507,10508,10508,1
2019-06-26 15:37:47.465,10507,10508,10508,2
2019-06-26 15:38:55.515,10507,10508,10508,1
2019-06-26 15:38:59.668,10507,10508,10508,1
2019-06-26 15:39:45.399,10507,10508,10507,1
2019-06-26 15:40:29.614,10507,10508,10507,1
2019-06-26 15:40:52.045,10507,10508,10507,2
2019-06-26 15:41:43.367,10507,10508,10507,1
2019-06-26 15:42:03.764,10507,10508,10507,1
2019-06-26 15:42:08.303,10507,10508,10507,1
2019-06-26 15:42:15.148,10507,10508,10507,1
2019-06-26 15:42:30.000,10507,10508,10507,1
2019-06-26 15:43:30.977,10507,10508,10507,1
2019-06-26 15:43:53.082,10507,10508,10507,1
2019-06-26 15:43:59.682,10507,10508,10507,1
2019-06-26 15:44:01.129,10507,10508,10507,1
2019-06-26 15:44:38.950,10507,10508,10507,3
2019-06-26 15:44:40.823,10507,10508,10507,1
2019-06-26 15:44:42.910,10507,10508,10507,1
2019-06-26 15:45:25.761,10507,10508,10507,1
2019-06-26 15:45:26.248,10507,10508,10507,1
2019-06-26 15:45:36.531,10507,10508,10507,1
2019-06-26 15:45:52.334,10507,10508,10507,1
2019-06-26 15:46:04.176,10507,10508,10507,1
2019-06-26 15:46:28.484,10507,10508,10507,1
2019-06-26 15:47:55.505,10507,10508,10508,1
2019-06-26 15:48:01.121,10507,10508,10508,2
2019-06-26 15:48:03.729,10507,10508,10508,2
2019-06-26 15:48:06.066,10507,10508,10508,1
2019-06-26 15:49:00.622,10507,10508,10508,1
2019-06-26 15:49:00.701,10507,10508,10508,1
2019-06-26 15:49:00.701,10507,10508,10508,2
2019-06-26 15:49:00.702,10507,10508,10508,4
2019-06-26 15:49:00.702,10507,10508,10508,6
2019-06-26 15:49:00.769,10507,10508,10509,1
2019-06-26 15:49:00.774,10507,10508,10509,1
2019-06-26 15:49:00.821,10507,10508,10509,1
2019-06-26 15:49:00.823,10507,10508,10509,2
2019-06-26 15:49:00.836,10508,10509,10509,3
2019-06-26 15:49:00.863,10508,10509,10509,1
2019-06-26 15:49:00.925,10508,10509,10509,1
2019-06-26 15:49:01.018,10508,10509,10509,1
2019-06-26 15:49:01.076,10508,10509,10509,5
2019-06-26 15:49:01.201,10508,10509,10509,13
2019-06-26 15:49:01.326,10508,10509,10509,2
2019-06-26 15:49:01.332,10508,10509,10510,1
2019-06-26 15:49:03.257,10509,10510,10510,2
2019-06-26 15:49:09.608,10509,10510,10510,1
2019-06-26 15:49:18.677,10509,10510,10509,1
2019-06-26 15:49:22.576,10509,10510,10509,1
2019-06-26 15:49:22.576,10509,10510,10509,5
2019-06-26 15:49:23.061,10508,10509,10509,7
2019-06-26 15:49:35.285,10508,10509,10509,1
2019-06-26 15:49:48.877,10508,10509,10509,3
2019-06-26 15:50:07.490,10509,10510,10510,1
2019-06-26 15:50:26.065,10509,10510,10510,2
2019-06-26 15:50:52.599,10509,10510,10510,1
2019-06-26 15:51:29.741,10509,10510,10510,1
2019-06-26 15:51:39.835,10509,10510,10509,23
2019-06-26 15:51:58.338,10508,10509,10508,1
2019-06-26 15:52:00.174,10508,10509,10508,1
2019-06-26 15:52:00.201,10508,10509,10508,6
2019-06-26 15:52:00.999,10507,10508,10508,1
2019-06-26 15:52:01.062,10507,10508,10509,1
2019-06-26 15:52:11.798,10508,10509,10509,3
2019-06-26 15:52:12.624,10508,10509,10509,1
2019-06-26 15:52:13.642,10509,10510,10509,1
2019-06-26 15:52:26.593,10508,10509,10508,1
2019-06-26 15:52:29.675,10508,10509,10508,1
2019-06-26 15:52:29.989,10508,10509,10508,1
2019-06-26 15:52:37.886,10507,10508,10508,1
2019-06-26 15:52:40.153,10508,10509,10508,1
2019-06-26 15:52:42.189,10507,10508,10508,1
2019-06-26 15:52:42.201,10507,10508,10508,1
2019-06-26 15:53:13.620,10508,10509,10509,4
2019-06-26 15:53:29.763,10509,10510,10509,1
2019-06-26 15:53:30.608,10509,10510,10509,1
2019-06-26 15:53:43.270,10509,10510,10509,1
2019-06-26 15:53:47.648,10509,10510,10509,1
2019-06-26 15:53:56.486,10509,10510,10509,1
2019-06-26 15:53:56.486,10509,10510,10508,4
2019-06-26 15:53:57.025,10508,10509,10509,1
2019-06-26 15:54:17.326,10508,10509,10509,1
2019-06-26 15:54:27.408,10508,10509,10509,1
2019-06-26 15:54:27.451,10508,10509,10509,1
2019-06-26 15:55:08.031,10509,10510,10510,1
2019-06-26 15:55:33.173,10509,10510,10510,1
2019-06-26 15:55:35.598,10509,10510,10510,1
2019-06-26 15:56:21.577,10509,10510,10510,4
2019-06-26 15:56:30.783,10509,10510,10510,3
2019-06-26 15:56:30.826,10509,10510,10510,20
2019-06-26 15:56:33.089,10510,10511,10510,1
2019-06-26 15:56:43.767,10510,10511,10510,2
2019-06-26 15:56:54.411,10510,10511,10510,25
2019-06-26 15:57:02.313,10509,10510,10510,1
2019-06-26 15:57:02.326,10509,10510,10510,1
2019-06-26 15:57:04.254,10509,10510,10510,1
2019-06-26 15:57:12.436,10510,10511,10510,3
2019-06-26 15:57:15.170,10509,10510,10510,2
2019-06-26 15:57:22.475,10509,10510,10510,1
2019-06-26 15:57:22.479,10509,10510,10510,2
2019-06-26 15:57:51.567,10509,10510,10510,1
2019-06-26 15:57:54.419,10509,10510,10509,3
2019-06-26 15:58:08.073,10509,10510,10510,2
2019-06-26 15:58:11.229,10509,10510,10510,1
2019-06-26 15:58:11.784,10509,10510,10510,1
2019-06-26 15:58:31.934,10509,10510,10510,1
2019-06-26 15:58:33.982,10509,10510,10510,1
2019-06-26 15:58:34.259,10509,10510,10510,1
2019-06-26 15:58:36.093,10509,10510,10510,1
2019-06-26 15:58:39.286,10509,10510,10510,1
2019-06-26 15:59:17.859,10509,10510,10509,8
2019-06-26 15:59:17.951,10509,10510,10509,1
2019-06-26 15:59:18.220,10508,10509,10509,1
2019-06-26 15:59:33.304,10508,10509,10509,2
2019-06-26 15:59:52.341,10509,10510,10509,1
2019-06-26 16:00:03.475,10509,10510,10509,1
2019-06-26 16:00:03.778,10508,10509,10509,2
2019-06-26 16:00:04.945,10508,10510,10510,1
2019-06-26 16:00:04.946,10508,10510,10510,1
2019-06-26 16:00:04.982,10508,10510,10510,1
2019-06-26 16:00:07.301,10508,10510,10510,1
2019-06-26 16:00:07.445,10508,10510,10510,1
2019-06-26 16:00:15.123,10509,10510,10510,1
2019-06-26 16:00:42.830,10509,10510,10510,1
2019-06-26 16:01:12.451,10509,10510,10510,4
2019-06-26 16:01:15.859,10509,10510,10510,2
2019-06-26 16:01:18.995,10509,10510,10510,2
2019-06-26 16:01:18.996,10509,10510,10510,3
2019-06-26 16:01:18.996,10509,10510,10510,8
2019-06-26 16:01:18.996,10509,10510,10510,1
2019-06-26 16:01:28.025,10510,10511,10510,1
2019-06-26 16:01:39.157,10509,10510,10510,1
2019-06-26 16:01:40.925,10510,10511,10510,1
2019-06-26 16:01:47.194,10509,10510,10510,1
2019-06-26 16:02:01.368,10510,10511,10510,1
2019-06-26 16:02:11.829,10510,10511,10510,1
2019-06-26 16:04:04.960,10509,10510,10510,1
2019-06-26 16:04:04.962,10509,10510,10510,1
2019-06-26 16:04:05.959,10509,10510,10510,1
2019-06-26 16:04:12.994,10510,10511,10510,1
2019-06-26 16:04:48.302,10510,10511,10510,1
2019-06-26 16:05:10.011,10510,10511,10510,1
2019-06-26 16:05:38.576,10510,10511,10510,1
2019-06-26 16:05:38.576,10510,10511,10510,3
2019-06-26 16:05:38.579,10510,10511,10510,1
2019-06-26 16:05:50.722,10509,10510,10510,1
2019-06-26 16:06:04.239,10509,10510,10510,1
2019-06-26 16:06:27.442,10509,10510,10509,1
2019-06-26 16:06:27.442,10509,10510,10509,1
2019-06-26 16:06:27.442,10509,10510,10509,1
2019-06-26 16:06:27.442,10509,10510,10509,1
2019-06-26 16:06:27.442,10509,10510,10509,1
2019-06-26 16:06:27.442,10509,10510,10509,2
2019-06-26 16:06:27.443,10509,10510,10509,10
2019-06-26 16:07:05.010,10508,10509,10509,2
2019-06-26 16:07:08.368,10508,10509,10509,8
2019-06-26 16:07:08.451,10508,10509,10509,2
2019-06-26 16:07:08.451,10508,10509,10509,2
2019-06-26 16:07:08.451,10508,10509,10509,1
2019-06-26 16:07:08.451,10508,10509,10509,3
2019-06-26 16:07:08.451,10508,10509,10509,1
2019-06-26 16:07:26.577,10509,10510,10509,13
2019-06-26 16:08:18.828,10509,10510,10510,1
2019-06-26 16:08:20.979,10509,10510,10510,1
2019-06-26 16:08:28.298,10509,10510,10509,1
2019-06-26 16:08:39.047,10509,10510,10509,1
2019-06-26 16:08:43.758,10509,10510,10509,2
2019-06-26 16:09:02.143,10508,10509,10509,2
2019-06-26 16:09:02.580,10509,10510,10509,1
2019-06-26 16:09:08.877,10508,10509,10509,2
2019-06-26 16:09:12.687,10508,10509,10508,6
2019-06-26 16:09:23.476,10508,10509,10509,1
2019-06-26 16:09:40.056,10508,10509,10509,2
2019-06-26 16:10:03.834,10508,10509,10509,2
2019-06-26 16:10:31.205,10508,10509,10509,1
2019-06-26 16:10:31.205,10508,10509,10509,1
2019-06-26 16:10:31.206,10508,10509,10509,1
2019-06-26 16:10:31.326,10508,10509,10509,1
2019-06-26 16:10:31.326,10508,10509,10509,1
2019-06-26 16:11:12.653,10509,10510,10509,2
2019-06-26 16:11:41.738,10509,10510,10510,5
2019-06-26 16:11:42.184,10509,10510,10510,1
2019-06-26 16:11:42.259,10509,10510,10510,1
2019-06-26 16:12:08.344,10509,10510,10509,5
2019-06-26 16:12:09.999,10508,10509,10509,1
2019-06-26 16:12:17.156,10509,10510,10509,1
2019-06-26 16:12:54.874,10508,10509,10509,1
2019-06-26 16:13:19.962,10509,10510,10509,1
2019-06-26 16:13:30.653,10509,10510,10509,1
2019-06-26 16:14:09.961,10508,10509,10508,1
2019-06-26 16:15:02.267,10508,10509,10508,23
2019-06-26 16:15:02.326,10508,10509,10508,22
2019-06-26 16:15:02.326,10508,10509,10508,4
2019-06-26 16:15:02.326,10508,10509,10508,1
2019-06-26 16:15:02.326,10508,10509,10508,2
2019-06-26 16:15:02.326,10508,10509,10508,4
2019-06-26 16:15:02.451,10508,10509,10508,3
2019-06-26 16:15:02.451,10508,10509,10508,1
2019-06-26 16:15:02.451,10508,10509,10508,2
2019-06-26 16:15:02.451,10508,10509,10508,2
2019-06-26 16:15:02.451,10508,10509,10508,1
2019-06-26 16:15:02.451,10508,10509,10508,8
2019-06-26 16:15:02.451,10508,10509,10508,2
2019-06-26 16:15:02.451,10508,10509,10508,1
2019-06-26 16:15:02.451,10508,10509,10508,1
2019-06-26 16:15:02.451,10508,10509,10508,2
2019-06-26 16:15:02.451,10508,10509,10508,1
2019-06-26 16:15:02.451,10508,10509,10508,20
2019-06-26 16:15:02.451,10508,10509,10508,1
2019-06-26 16:15:02.452,10508,10509,10508,2
2019-06-26 16:15:02.452,10508,10509,10508,1
2019-06-26 16:15:02.453,10508,10509,10508,2
2019-06-26 16:15:02.453,10508,10509,10508,2
2019-06-26 16:15:12.095,10507,10508,10508,6
2019-06-26 16:15:12.096,10507,10508,10508,1
2019-06-26 16:15:20.767,10507,10508,10508,1
2019-06-26 16:15:49.028,10508,10509,10508,1
2019-06-26 16:15:49.268,10508,10509,10508,5
2019-06-26 16:15:51.456,10508,10509,10508,1
2019-06-26 16:15:58.295,10508,10509,10508,2
2019-06-26 16:17:02.544,10508,10509,10508,1
2019-06-26 16:17:15.552,10508,10509,10508,1
2019-06-26 16:17:19.295,10508,10509,10509,5
2019-06-26 16:17:21.180,10508,10509,10508,1
2019-06-26 16:17:45.471,10508,10509,10508,1
2019-06-26 16:18:08.096,10508,10509,10509,1
2019-06-26 16:18:56.535,10508,10509,10509,1
2019-06-26 16:18:56.575,10508,10509,10509,1
2019-06-26 16:18:56.576,10508,10509,10509,1
2019-06-26 16:18:58.988,10508,10509,10508,4
2019-06-26 16:19:11.688,10508,10509,10508,1
2019-06-26 16:19:18.681,10508,10509,10508,2
2019-06-26 16:19:29.240,10508,10509,10509,14
2019-06-26 16:20:10.050,10509,10510,10510,1
2019-06-26 16:20:13.543,10509,10510,10509,1
2019-06-26 16:20:13.576,10509,10510,10509,1
2019-06-26 16:20:23.939,10509,10510,10509,3
2019-06-26 16:21:02.813,10508,10509,10508,7
2019-06-26 16:21:02.826,10508,10509,10508,7
2019-06-26 16:21:02.826,10508,10509,10508,5
2019-06-26 16:21:02.826,10508,10509,10508,1
2019-06-26 16:22:19.000,10507,10508,10508,4
2019-06-26 16:23:03.026,10507,10508,10507,4
2019-06-26 16:23:40.164,10507,10508,10508,1
2019-06-26 16:23:53.878,10507,10508,10508,1
2019-06-26 16:23:53.879,10507,10508,10508,1
2019-06-26 16:23:53.882,10507,10508,10508,1
2019-06-26 16:24:45.574,10507,10508,10507,3
2019-06-26 16:25:02.241,10507,10508,10507,3
2019-06-26 16:25:04.570,10507,10508,10507,1
2019-06-26 16:25:14.944,10507,10508,10507,1
2019-06-26 16:25:49.680,10507,10508,10507,1
2019-06-26 16:26:02.349,10507,10508,10507,2
2019-06-26 16:26:21.448,10507,10508,10507,1
2019-06-26 16:26:24.747,10507,10508,10507,1
2019-06-26 16:26:39.115,10506,10507,10507,1
2019-06-26 16:27:00.964,10506,10507,10507,1
2019-06-26 16:27:02.462,10506,10507,10506,3
2019-06-26 16:27:09.082,10506,10507,10507,2
2019-06-26 16:27:17.058,10506,10507,10507,1
2019-06-26 16:27:27.542,10506,10507,10506,2
2019-06-26 16:27:27.576,10506,10507,10506,1
2019-06-26 16:28:14.076,10506,10507,10506,1
2019-06-26 16:28:14.201,10506,10507,10506,1
2019-06-26 16:28:14.243,10506,10507,10506,1
2019-06-26 16:28:22.126,10506,10507,10506,7
2019-06-26 16:28:27.055,10506,10507,10506,1
2019-06-26 16:28:33.581,10506,10507,10507,1
2019-06-26 16:29:02.767,10506,10507,10506,1
2019-06-26 16:29:30.836,10506,10507,10507,2
2019-06-26 16:30:00.035,10506,10507,10507,5
2019-06-26 16:30:00.035,10506,10507,10508,5
2019-06-26 16:30:50.722,10507,10508,10508,2
2019-06-26 16:30:51.543,10507,10508,10508,1
2019-06-26 16:32:28.289,10507,10508,10508,11
2019-06-26 16:32:28.358,10508,10509,10509,1
2019-06-26 16:32:50.104,10508,10509,10509,1
2019-06-26 16:33:00.506,10508,10509,10509,2
2019-06-26 16:33:04.611,10508,10509,10509,2
2019-06-26 16:33:07.052,10508,10509,10509,1
2019-06-26 16:33:07.430,10508,10509,10509,1
2019-06-26 16:33:13.036,10509,10510,10509,1
2019-06-26 16:33:38.128,10509,10510,10509,1
2019-06-26 16:33:43.718,10509,10510,10510,1
2019-06-26 16:33:43.976,10509,10510,10510,1
2019-06-26 16:33:43.976,10509,10510,10510,1
2019-06-26 16:33:43.976,10509,10510,10510,12
2019-06-26 16:33:44.076,10509,10510,10510,1
2019-06-26 16:33:44.076,10509,10510,10510,1
2019-06-26 16:33:44.076,10509,10510,10510,18
2019-06-26 16:33:44.076,10509,10510,10510,1
2019-06-26 16:33:44.076,10509,10510,10510,2
2019-06-26 16:33:44.185,10509,10510,10510,2
2019-06-26 16:33:44.260,10510,10511,10510,1
2019-06-26 16:34:21.387,10510,10511,10510,1
2019-06-26 16:34:32.808,10510,10511,10511,1
2019-06-26 16:34:33.065,10510,10511,10511,2
2019-06-26 16:34:35.377,10510,10511,10511,1
2019-06-26 16:34:38.875,10510,10511,10510,1
2019-06-26 16:34:43.030,10510,10511,10510,1
2019-06-26 16:34:47.704,10510,10511,10510,1
2019-06-26 16:34:58.804,10510,10511,10510,1
2019-06-26 16:35:00.924,10509,10510,10510,1
2019-06-26 16:35:20.968,10509,10510,10510,1
2019-06-26 16:35:49.038,10509,10510,10510,1
2019-06-26 16:36:12.930,10509,10510,10510,1
2019-06-26 16:36:13.247,10509,10510,10510,1
2019-06-26 16:36:26.161,10509,10510,10510,3
2019-06-26 16:37:33.970,10509,10510,10510,3
2019-06-26 16:37:41.335,10509,10510,10510,1
2019-06-26 16:37:41.451,10509,10510,10510,1
2019-06-26 16:38:00.165,10510,10511,10510,1
2019-06-26 16:38:17.882,10510,10511,10510,2
2019-06-26 16:38:34.359,10510,10511,10510,1
2019-06-26 16:40:11.642,10510,10511,10511,1
2019-06-26 16:40:14.453,10510,10511,10511,39
2019-06-26 16:40:28.959,10511,10512,10512,1
2019-06-26 16:40:29.184,10511,10512,10512,1
2019-06-26 16:40:29.358,10511,10512,10512,2
2019-06-26 16:40:29.453,10511,10512,10512,42
2019-06-26 16:40:29.513,10511,10512,10513,1
2019-06-26 16:40:29.527,10511,10512,10513,1
2019-06-26 16:40:30.175,10512,10513,10513,1
2019-06-26 16:40:46.699,10512,10513,10513,1
2019-06-26 16:40:47.191,10512,10513,10512,1
2019-06-26 16:40:48.678,10512,10513,10513,1
2019-06-26 16:41:10.189,10512,10513,10513,2
2019-06-26 16:41:11.420,10512,10513,10513,4
2019-06-26 16:41:13.379,10512,10513,10513,5
2019-06-26 16:41:13.964,10512,10513,10513,1
2019-06-26 16:41:15.337,10512,10513,10513,2
2019-06-26 16:41:17.619,10512,10513,10513,8
2019-06-26 16:41:17.671,10512,10513,10513,2
2019-06-26 16:41:20.007,10513,10514,10513,1
2019-06-26 16:41:24.116,10513,10514,10513,3
2019-06-26 16:41:24.201,10513,10514,10513,3
2019-06-26 16:41:30.459,10512,10513,10512,1
2019-06-26 16:41:31.219,10512,10513,10513,1
2019-06-26 16:41:34.686,10512,10513,10513,1
2019-06-26 16:41:38.968,10512,10513,10513,5
2019-06-26 16:41:39.257,10513,10514,10514,10
2019-06-26 16:41:39.451,10513,10514,10514,1
2019-06-26 16:41:39.522,10513,10514,10513,1
2019-06-26 16:42:07.844,10513,10514,10513,1
2019-06-26 16:42:26.509,10513,10514,10513,1
2019-06-26 16:42:29.522,10513,10514,10514,5
2019-06-26 16:42:30.484,10513,10514,10514,4
2019-06-26 16:42:31.630,10513,10514,10514,1
2019-06-26 16:42:43.506,10513,10514,10514,1
2019-06-26 16:42:48.537,10513,10514,10513,1
2019-06-26 16:42:58.333,10513,10514,10514,5
2019-06-26 16:43:01.581,10513,10514,10514,1
2019-06-26 16:43:05.202,10513,10514,10514,1
2019-06-26 16:43:05.400,10513,10514,10514,1
2019-06-26 16:43:15.783,10513,10514,10514,1
2019-06-26 16:43:28.568,10513,10514,10514,2
2019-06-26 16:43:37.643,10513,10514,10514,21
2019-06-26 16:43:41.820,10514,10515,10514,1
2019-06-26 16:43:46.432,10514,10515,10514,1
2019-06-26 16:43:46.536,10514,10515,10514,1
2019-06-26 16:43:52.685,10514,10515,10514,1
2019-06-26 16:43:53.499,10514,10515,10515,1
2019-06-26 16:43:54.899,10514,10515,10515,1
2019-06-26 16:43:56.328,10514,10515,10515,1
2019-06-26 16:44:01.496,10514,10515,10515,1
2019-06-26 16:44:02.547,10514,10515,10514,1
2019-06-26 16:44:03.722,10514,10515,10515,1
2019-06-26 16:44:03.997,10514,10515,10514,1
2019-06-26 16:44:04.076,10514,10515,10514,10
2019-06-26 16:44:04.201,10514,10515,10514,1
2019-06-26 16:44:06.174,10513,10514,10514,1
2019-06-26 16:44:07.059,10513,10514,10514,1
2019-06-26 16:44:08.619,10513,10514,10514,1
2019-06-26 16:44:11.235,10513,10514,10514,1
2019-06-26 16:44:12.768,10513,10514,10514,1
2019-06-26 16:44:13.679,10513,10514,10513,1
2019-06-26 16:44:32.567,10513,10514,10513,3
2019-06-26 16:44:34.607,10513,10514,10514,2
2019-06-26 16:44:39.763,10513,10514,10514,5
2019-06-26 16:44:39.871,10513,10515,10514,1
2019-06-26 16:44:54.940,10514,10515,10515,1
2019-06-26 16:44:57.210,10514,10515,10515,1
2019-06-26 16:45:05.455,10514,10515,10515,2
2019-06-26 16:45:05.955,10514,10515,10515,2
2019-06-26 16:45:08.300,10514,10515,10515,1
2019-06-26 16:45:14.562,10514,10515,10515,3
2019-06-26 16:45:30.887,10514,10515,10515,1
2019-06-26 16:45:36.953,10514,10515,10514,1
2019-06-26 16:45:48.156,10514,10515,10515,5
2019-06-26 16:45:56.339,10514,10515,10515,10
2019-06-26 16:45:59.896,10514,10515,10515,1
2019-06-26 16:46:00.309,10514,10515,10515,4
2019-06-26 16:46:01.331,10514,10515,10514,1
2019-06-26 16:46:06.753,10514,10515,10515,1
2019-06-26 16:46:07.348,10514,10515,10514,2
2019-06-26 16:46:12.741,10514,10515,10515,1
2019-06-26 16:46:14.913,10514,10515,10515,1
2019-06-26 16:46:18.515,10514,10515,10514,1
2019-06-26 16:46:25.563,10514,10515,10514,1
2019-06-26 16:46:28.944,10514,10515,10514,2
2019-06-26 16:46:30.698,10514,10515,10514,2
2019-06-26 16:46:35.998,10513,10514,10514,1
2019-06-26 16:46:42.856,10513,10514,10514,1
2019-06-26 16:47:07.563,10514,10515,10514,1
2019-06-26 16:47:14.953,10514,10515,10515,4
2019-06-26 16:47:36.031,10514,10515,10514,1
2019-06-26 16:47:36.031,10514,10515,10514,1
2019-06-26 16:47:36.031,10514,10515,10514,1
2019-06-26 16:47:36.104,10514,10515,10514,6
2019-06-26 16:47:36.118,10514,10515,10514,2
2019-06-26 16:47:36.118,10514,10515,10514,3
2019-06-26 16:47:36.118,10514,10515,10514,2
2019-06-26 16:47:50.179,10514,10515,10514,1
2019-06-26 16:47:52.222,10514,10515,10514,1
2019-06-26 16:47:52.451,10513,10514,10514,1
2019-06-26 16:48:00.144,10513,10514,10513,1
2019-06-26 16:48:00.144,10513,10514,10513,1
2019-06-26 16:48:00.148,10513,10514,10514,1
2019-06-26 16:48:04.776,10513,10514,10514,1
2019-06-26 16:48:12.501,10513,10514,10514,1
2019-06-26 16:48:15.883,10513,10514,10514,1
2019-06-26 16:48:53.435,10514,10515,10514,1
2019-06-26 16:48:56.648,10514,10515,10514,1
2019-06-26 16:49:11.136,10514,10515,10514,2
2019-06-26 16:49:11.136,10514,10515,10514,2
2019-06-26 16:49:27.738,10513,10514,10513,1
2019-06-26 16:49:33.360,10513,10514,10513,1
2019-06-26 16:49:33.618,10513,10514,10513,1
2019-06-26 16:49:38.342,10513,10514,10513,1
2019-06-26 16:49:39.838,10513,10514,10513,1
2019-06-26 16:50:00.858,10513,10514,10513,1
2019-06-26 16:50:01.232,10513,10514,10513,1
2019-06-26 16:50:15.633,10513,10514,10514,5
2019-06-26 16:50:16.846,10513,10514,10513,2
2019-06-26 16:50:37.568,10513,10514,10513,3
2019-06-26 16:50:37.569,10513,10514,10513,1
2019-06-26 16:50:39.379,10513,10514,10513,3
2019-06-26 16:51:04.968,10513,10514,10514,1
2019-06-26 16:51:22.880,10513,10514,10514,1
2019-06-26 16:51:25.697,10513,10514,10514,2
2019-06-26 16:51:31.896,10513,10514,10514,3
2019-06-26 16:51:42.812,10513,10514,10514,2
2019-06-26 16:51:42.995,10513,10514,10514,2
2019-06-26 16:51:44.827,10513,10514,10514,3
2019-06-26 16:51:44.951,10513,10514,10514,8
2019-06-26 16:51:44.951,10513,10514,10514,2
2019-06-26 16:51:44.951,10513,10514,10514,1
2019-06-26 16:51:49.178,10514,10515,10514,1
2019-06-26 16:51:50.785,10514,10515,10514,1
2019-06-26 16:51:56.323,10514,10515,10514,1
2019-06-26 16:52:02.511,10514,10515,10514,1
2019-06-26 16:52:03.245,10514,10515,10514,1
2019-06-26 16:52:04.403,10514,10515,10515,1
2019-06-26 16:52:25.323,10514,10515,10514,1
2019-06-26 16:52:26.955,10514,10515,10514,1
2019-06-26 16:52:30.395,10514,10515,10514,1
2019-06-26 16:52:52.585,10514,10515,10514,1
2019-06-26 16:52:52.998,10513,10514,10514,1
2019-06-26 16:53:10.615,10513,10514,10514,1
2019-06-26 16:53:32.717,10514,10515,10514,2
2019-06-26 16:53:41.071,10514,10515,10514,1
2019-06-26 16:53:49.178,10514,10515,10514,1
2019-06-26 16:53:49.940,10514,10515,10514,5
2019-06-26 16:53:56.757,10514,10515,10514,1
2019-06-26 16:54:23.457,10513,10514,10514,1
2019-06-26 16:54:23.976,10513,10514,10514,1
2019-06-26 16:54:25.265,10513,10514,10514,1
2019-06-26 16:54:31.019,10513,10514,10514,1
2019-06-26 16:54:33.624,10513,10514,10514,1
2019-06-26 16:54:35.153,10513,10514,10514,1
2019-06-26 16:54:35.757,10513,10514,10514,1
2019-06-26 16:54:35.864,10513,10514,10514,1
2019-06-26 16:54:36.507,10514,10515,10515,6
2019-06-26 16:54:37.437,10514,10515,10514,1
2019-06-26 16:54:45.184,10514,10515,10514,1
2019-06-26 16:54:51.649,10514,10515,10514,1
2019-06-26 16:55:13.828,10514,10515,10514,1
2019-06-26 16:55:14.970,10514,10515,10515,1
2019-06-26 16:55:19.585,10514,10515,10515,1
2019-06-26 16:55:28.400,10514,10515,10514,5
2019-06-26 16:55:36.969,10514,10515,10514,1
2019-06-26 16:55:51.596,10514,10515,10514,1
2019-06-26 16:55:59.872,10513,10514,10514,1
2019-06-26 16:56:20.722,10514,10515,10514,2
2019-06-26 16:56:42.983,10514,10515,10514,1
2019-06-26 16:56:43.752,10514,10515,10514,1
2019-06-26 16:56:48.998,10513,10514,10514,1
2019-06-26 16:57:00.596,10513,10514,10514,1
2019-06-26 16:57:12.618,10513,10514,10514,1
2019-06-26 16:57:21.202,10513,10514,10514,1
2019-06-26 16:57:26.530,10513,10514,10514,1
2019-06-26 16:57:45.217,10514,10515,10515,1
2019-06-26 16:57:50.893,10514,10515,10515,2
2019-06-26 16:57:51.365,10514,10515,10514,1
2019-06-26 16:58:01.953,10514,10515,10515,1
2019-06-26 16:58:15.166,10514,10515,10515,1
2019-06-26 16:58:17.785,10514,10515,10514,1
2019-06-26 16:58:17.790,10514,10515,10515,1
2019-06-26 16:58:29.690,10514,10515,10514,1
2019-06-26 16:58:29.948,10514,10515,10515,1
2019-06-26 16:58:30.253,10514,10515,10515,1
2019-06-26 16:58:33.549,10514,10515,10515,40
2019-06-26 16:58:33.576,10514,10515,10515,3
2019-06-26 16:58:33.576,10514,10515,10515,3
2019-06-26 16:58:33.917,10515,10516,10516,1
2019-06-26 16:58:34.034,10515,10516,10516,5
2019-06-26 16:58:34.052,10515,10516,10516,1
2019-06-26 16:58:34.055,10515,10516,10516,1
2019-06-26 16:58:34.137,10515,10516,10516,4
2019-06-26 16:58:34.186,10515,10516,10516,4
2019-06-26 16:58:34.266,10515,10516,10516,4
2019-06-26 16:58:34.326,10515,10516,10516,2
2019-06-26 16:58:34.363,10515,10516,10516,4
2019-06-26 16:58:34.451,10515,10516,10516,2
2019-06-26 16:58:34.474,10515,10516,10516,1
2019-06-26 16:58:34.474,10515,10516,10517,3
2019-06-26 16:58:34.603,10515,10517,10517,4
2019-06-26 16:58:34.674,10515,10517,10517,4
2019-06-26 16:58:34.713,10516,10517,10517,4
2019-06-26 16:58:34.801,10516,10517,10517,2
2019-06-26 16:58:34.818,10516,10517,10517,5
2019-06-26 16:58:34.818,10516,10517,10517,1
2019-06-26 16:58:34.818,10516,10517,10517,1
2019-06-26 16:58:34.948,10516,10517,10517,1
2019-06-26 16:58:35.655,10516,10517,10517,1
2019-06-26 16:58:35.655,10516,10517,10517,1
2019-06-26 16:58:35.813,10516,10517,10517,1
2019-06-26 16:58:35.853,10516,10517,10517,1
2019-06-26 16:58:39.108,10516,10517,10517,8
2019-06-26 16:58:39.405,10517,10518,10518,10
2019-06-26 16:58:39.482,10517,10518,10518,4
2019-06-26 16:58:39.486,10517,10518,10518,1
2019-06-26 16:58:39.575,10517,10518,10518,2
2019-06-26 16:58:39.585,10517,10518,10518,2
2019-06-26 16:58:39.659,10517,10518,10518,1
2019-06-26 16:58:39.663,10517,10518,10518,1
2019-06-26 16:58:39.691,10517,10518,10518,8
2019-06-26 16:58:40.018,10517,10518,10518,2
2019-06-26 16:58:40.043,10517,10518,10518,2
2019-06-26 16:58:40.048,10517,10518,10518,4
2019-06-26 16:58:40.171,10517,10518,10518,1
2019-06-26 16:58:40.414,10517,10518,10518,2
2019-06-26 16:58:40.997,10517,10518,10518,1
2019-06-26 16:58:41.590,10517,10518,10518,3
2019-06-26 16:58:48.403,10518,10519,10518,1
2019-06-26 16:58:54.810,10518,10519,10518,1
2019-06-26 16:58:55.328,10518,10519,10518,6
2019-06-26 16:58:56.822,10517,10518,10517,5
2019-06-26 16:58:59.168,10517,10518,10518,1
2019-06-26 16:59:02.477,10517,10518,10518,1
2019-06-26 16:59:02.769,10517,10518,10518,1
2019-06-26 16:59:02.854,10517,10519,10519,1
2019-06-26 16:59:03.640,10517,10519,10519,1
2019-06-26 16:59:12.381,10517,10518,10518,1
2019-06-26 16:59:15.522,10517,10518,10518,2
2019-06-26 16:59:17.557,10517,10518,10518,1
2019-06-26 16:59:21.031,10518,10519,10518,2
2019-06-26 16:59:24.222,10518,10519,10518,1
2019-06-26 16:59:26.067,10518,10519,10518,1
2019-06-26 16:59:30.954,10517,10518,10518,1
2019-06-26 16:59:31.832,10517,10518,10518,1
2019-06-26 16:59:32.269,10517,10518,10518,1
2019-06-26 16:59:44.613,10517,10518,10518,1
2019-06-26 16:59:47.691,10517,10518,10517,1
2019-06-26 16:59:49.641,10517,10518,10517,1
2019-06-26 16:59:50.754,10517,10518,10517,1
2019-06-26 16:59:52.347,10517,10518,10517,1
2019-06-26 16:59:55.657,10517,10518,10517,3
2019-06-26 16:59:56.293,10516,10517,10517,2
2019-06-26 17:00:00.825,10516,10517,10517,1
2019-06-26 17:00:01.246,10516,10517,10517,1
2019-06-26 17:00:01.500,10516,10517,10517,2
2019-06-26 17:00:01.500,10516,10517,10518,2
2019-06-26 17:00:02.182,10517,10518,10518,3
2019-06-26 17:00:03.295,10517,10518,10518,1
2019-06-26 17:00:04.238,10517,10518,10518,1
2019-06-26 17:00:04.327,10517,10518,10518,2
2019-06-26 17:00:14.808,10517,10518,10517,1
2019-06-26 17:00:14.973,10517,10518,10518,4
2019-06-26 17:00:18.529,10517,10518,10518,1
2019-06-26 17:00:23.553,10517,10518,10518,1
2019-06-26 17:00:27.989,10517,10518,10518,1
2019-06-26 17:00:32.574,10517,10518,10517,1
2019-06-26 17:00:46.610,10517,10518,10517,4
2019-06-26 17:00:49.866,10516,10517,10517,1
2019-06-26 17:00:54.119,10516,10517,10517,2
2019-06-26 17:01:06.009,10516,10517,10517,5
2019-06-26 17:01:12.116,10516,10517,10517,4
2019-06-26 17:01:16.375,10517,10518,10518,5
2019-06-26 17:01:16.382,10517,10518,10518,1
2019-06-26 17:01:16.383,10517,10518,10518,1
2019-06-26 17:01:27.800,10517,10518,10518,1
2019-06-26 17:01:29.178,10517,10518,10518,1
2019-06-26 17:01:29.966,10517,10518,10518,1
2019-06-26 17:01:33.305,10517,10518,10518,1
2019-06-26 17:01:41.995,10517,10518,10518,3
2019-06-26 17:01:52.723,10517,10518,10518,3
2019-06-26 17:02:05.234,10517,10518,10518,1
2019-06-26 17:02:08.780,10517,10518,10518,1
2019-06-26 17:02:09.641,10517,10518,10518,1
2019-06-26 17:02:14.805,10517,10518,10517,2
2019-06-26 17:02:14.826,10517,10518,10517,9
2019-06-26 17:02:17.485,10516,10517,10517,1
2019-06-26 17:02:30.239,10516,10517,10516,5
2019-06-26 17:02:35.467,10516,10517,10516,1
2019-06-26 17:02:50.260,10516,10517,10517,1
2019-06-26 17:02:50.269,10516,10517,10517,4
2019-06-26 17:02:56.992,10517,10518,10517,6
2019-06-26 17:03:03.498,10516,10517,10517,1
2019-06-26 17:03:28.073,10516,10517,10517,1
2019-06-26 17:03:41.551,10516,10517,10517,1
2019-06-26 17:04:01.140,10516,10517,10516,1
2019-06-26 17:04:06.113,10516,10517,10516,2
2019-06-26 17:04:07.073,10516,10517,10517,1
2019-06-26 17:04:07.076,10516,10517,10517,1
2019-06-26 17:04:07.076,10516,10517,10517,2
2019-06-26 17:04:07.201,10516,10517,10517,7
2019-06-26 17:04:14.342,10517,10518,10518,1
2019-06-26 17:04:21.223,10517,10518,10517,1
2019-06-26 17:04:42.060,10517,10518,10517,1
2019-06-26 17:04:42.457,10516,10517,10517,1
2019-06-26 17:04:43.393,10516,10517,10517,1
2019-06-26 17:04:43.818,10516,10517,10517,1
2019-06-26 17:04:44.677,10516,10517,10517,1
2019-06-26 17:04:50.000,10517,10518,10517,2
2019-06-26 17:04:50.060,10517,10518,10517,2
2019-06-26 17:05:06.028,10517,10518,10517,1
2019-06-26 17:05:10.928,10516,10517,10517,2
2019-06-26 17:05:10.951,10516,10517,10517,2
2019-06-26 17:05:24.503,10517,10518,10517,2
2019-06-26 17:05:27.217,10517,10518,10517,1
2019-06-26 17:05:28.723,10517,10518,10517,1
2019-06-26 17:06:00.394,10517,10518,10517,2
2019-06-26 17:06:00.492,10517,10518,10517,1
2019-06-26 17:06:03.866,10517,10518,10517,1
2019-06-26 17:06:04.898,10517,10518,10518,1
2019-06-26 17:06:06.152,10517,10518,10518,1
2019-06-26 17:06:06.152,10517,10518,10518,1
2019-06-26 17:06:06.152,10517,10518,10518,1
2019-06-26 17:06:06.152,10517,10518,10518,1
2019-06-26 17:06:06.153,10517,10518,10518,10
2019-06-26 17:06:06.153,10517,10518,10518,2
2019-06-26 17:06:06.153,10517,10518,10518,1
2019-06-26 17:06:06.153,10517,10518,10518,1
2019-06-26 17:06:06.153,10517,10518,10518,5
2019-06-26 17:06:15.356,10518,10519,10518,1
2019-06-26 17:06:25.930,10518,10519,10518,1
2019-06-26 17:06:28.498,10518,10519,10519,3
2019-06-26 17:06:28.703,10518,10519,10519,31
2019-06-26 17:06:28.760,10518,10519,10519,1
2019-06-26 17:06:28.826,10518,10519,10519,3
2019-06-26 17:06:28.826,10518,10519,10519,6
2019-06-26 17:06:28.898,10518,10519,10520,1
2019-06-26 17:06:29.134,10519,10520,10520,2
2019-06-26 17:06:29.134,10519,10520,10520,2
2019-06-26 17:06:29.139,10519,10520,10520,1
2019-06-26 17:06:29.151,10519,10520,10520,1
2019-06-26 17:06:29.151,10519,10520,10520,2
2019-06-26 17:06:29.201,10519,10520,10520,2
2019-06-26 17:06:29.201,10519,10520,10520,5
2019-06-26 17:06:29.240,10519,10520,10520,2
2019-06-26 17:06:29.403,10519,10520,10520,1
2019-06-26 17:06:29.508,10519,10520,10520,3
2019-06-26 17:06:29.528,10519,10520,10520,3
2019-06-26 17:06:29.541,10519,10520,10520,1
2019-06-26 17:06:29.568,10519,10520,10520,1
2019-06-26 17:06:29.880,10519,10520,10520,1
2019-06-26 17:06:29.926,10519,10520,10520,1
2019-06-26 17:06:29.992,10519,10520,10520,1
2019-06-26 17:06:30.035,10519,10520,10520,1
2019-06-26 17:06:30.276,10519,10520,10520,1
2019-06-26 17:06:30.330,10519,10520,10520,1
2019-06-26 17:06:30.484,10519,10520,10520,2
2019-06-26 17:06:30.954,10519,10520,10520,4
2019-06-26 17:06:31.076,10519,10520,10520,4
2019-06-26 17:06:31.076,10519,10520,10520,1
2019-06-26 17:06:31.076,10519,10520,10520,2
2019-06-26 17:06:31.141,10519,10520,10520,3
2019-06-26 17:06:31.166,10519,10520,10520,1
2019-06-26 17:06:31.201,10519,10520,10520,2
2019-06-26 17:06:33.843,10519,10520,10520,1
2019-06-26 17:06:34.108,10519,10520,10519,1
2019-06-26 17:06:35.189,10519,10520,10519,1
2019-06-26 17:06:36.055,10519,10520,10520,1
2019-06-26 17:06:37.357,10519,10520,10520,5
2019-06-26 17:06:37.402,10519,10520,10520,2
2019-06-26 17:06:37.402,10519,10520,10520,2
2019-06-26 17:06:37.402,10519,10520,10520,4
2019-06-26 17:06:37.403,10519,10520,10520,3
2019-06-26 17:06:37.404,10519,10520,10520,1
2019-06-26 17:06:38.337,10520,10521,10521,1
2019-06-26 17:06:38.575,10520,10521,10521,2
2019-06-26 17:06:38.598,10520,10521,10521,1
2019-06-26 17:06:38.909,10520,10521,10521,1
2019-06-26 17:06:39.006,10520,10521,10521,1
2019-06-26 17:06:39.096,10520,10521,10521,1
2019-06-26 17:06:39.181,10520,10521,10521,1
2019-06-26 17:06:40.228,10520,10521,10521,1
2019-06-26 17:06:41.771,10520,10521,10521,1
2019-06-26 17:06:42.141,10520,10521,10521,1
2019-06-26 17:06:47.810,10520,10521,10521,1
2019-06-26 17:06:49.827,10520,10521,10520,1
2019-06-26 17:06:50.489,10519,10520,10520,2
2019-06-26 17:06:50.738,10519,10520,10520,1
2019-06-26 17:06:50.738,10519,10520,10520,2
2019-06-26 17:07:04.574,10520,10521,10520,6
2019-06-26 17:07:09.129,10520,10521,10520,1
2019-06-26 17:07:17.193,10520,10521,10521,6
2019-06-26 17:07:17.201,10520,10521,10521,2
2019-06-26 17:07:17.201,10520,10521,10521,1
2019-06-26 17:07:17.201,10520,10521,10521,1
2019-06-26 17:07:17.201,10520,10521,10521,2
2019-06-26 17:07:17.201,10520,10521,10521,1
2019-06-26 17:07:17.201,10520,10521,10521,1
2019-06-26 17:07:17.201,10520,10521,10521,2
2019-06-26 17:07:17.201,10520,10521,10521,1
2019-06-26 17:07:17.201,10520,10521,10521,1
2019-06-26 17:07:17.208,10520,10521,10521,1
2019-06-26 17:07:17.326,10520,10521,10521,4
2019-06-26 17:07:17.326,10520,10521,10521,8
2019-06-26 17:07:17.498,10520,10521,10521,1
2019-06-26 17:07:19.863,10520,10521,10521,2
2019-06-26 17:07:19.863,10520,10521,10521,1
2019-06-26 17:07:19.866,10520,10521,10521,4
2019-06-26 17:07:19.951,10520,10521,10521,1
2019-06-26 17:07:20.770,10521,10522,10522,2
2019-06-26 17:07:21.044,10521,10522,10522,1
2019-06-26 17:07:21.079,10521,10522,10522,20
2019-06-26 17:07:21.086,10521,10522,10522,4
2019-06-26 17:07:21.086,10521,10522,10523,16
2019-06-26 17:07:21.244,10522,10523,10523,4
2019-06-26 17:07:21.275,10522,10523,10523,1
2019-06-26 17:07:21.309,10522,10523,10523,4
2019-06-26 17:07:21.399,10522,10523,10523,2
2019-06-26 17:07:21.559,10522,10523,10523,8
2019-06-26 17:07:21.662,10522,10523,10523,2
2019-06-26 17:07:21.679,10522,10523,10523,7
2019-06-26 17:07:22.194,10522,10523,10523,2
2019-06-26 17:07:23.538,10522,10523,10523,1
2019-06-26 17:07:26.984,10522,10523,10523,1
2019-06-26 17:07:28.581,10522,10523,10523,1
2019-06-26 17:07:31.104,10522,10523,10523,1
2019-06-26 17:07:33.085,10522,10523,10523,1
2019-06-26 17:07:34.392,10522,10523,10523,4
2019-06-26 17:07:37.219,10522,10523,10523,1
2019-06-26 17:07:37.450,10522,10523,10523,1
2019-06-26 17:07:37.712,10522,10523,10523,1
2019-06-26 17:07:38.154,10522,10523,10523,4
2019-06-26 17:07:38.573,10522,10523,10523,2
2019-06-26 17:07:39.832,10522,10523,10523,1
2019-06-26 17:07:40.222,10522,10523,10522,1
2019-06-26 17:07:44.015,10522,10523,10523,2
2019-06-26 17:07:47.329,10522,10523,10523,1
2019-06-26 17:07:48.218,10522,10523,10523,1
2019-06-26 17:07:48.801,10522,10523,10523,1
2019-06-26 17:07:49.387,10522,10523,10523,1
2019-06-26 17:07:53.926,10522,10523,10522,6
2019-06-26 17:07:54.100,10522,10523,10523,1
2019-06-26 17:07:54.241,10522,10523,10522,1
2019-06-26 17:08:00.071,10522,10523,10523,1
2019-06-26 17:08:00.368,10522,10523,10522,1
2019-06-26 17:08:01.721,10522,10523,10522,2
2019-06-26 17:08:10.667,10522,10523,10523,6
2019-06-26 17:08:12.470,10522,10523,10523,1
2019-06-26 17:08:13.888,10522,10523,10523,3
2019-06-26 17:08:13.934,10522,10523,10522,2
2019-06-26 17:08:15.112,10522,10523,10523,1
2019-06-26 17:08:16.383,10522,10523,10523,1
2019-06-26 17:08:17.739,10522,10523,10523,5
2019-06-26 17:08:18.179,10522,10523,10523,7
2019-06-26 17:08:18.201,10522,10523,10523,1
2019-06-26 17:08:18.326,10522,10523,10523,1
2019-06-26 17:08:22.262,10523,10524,10523,2
2019-06-26 17:08:25.280,10523,10524,10523,1
2019-06-26 17:08:26.248,10523,10524,10523,1
2019-06-26 17:08:28.274,10523,10524,10523,1
2019-06-26 17:08:30.271,10523,10524,10523,8
2019-06-26 17:08:30.271,10523,10524,10523,1
2019-06-26 17:08:31.264,10522,10523,10523,1
2019-06-26 17:08:32.315,10522,10523,10523,1
2019-06-26 17:08:34.877,10523,10524,10523,1
2019-06-26 17:08:37.244,10522,10523,10523,2
2019-06-26 17:08:40.176,10522,10523,10523,1
2019-06-26 17:08:41.401,10522,10523,10523,1
2019-06-26 17:08:41.565,10522,10523,10523,2
2019-06-26 17:08:41.609,10522,10523,10523,1
2019-06-26 17:08:43.108,10522,10523,10523,1
2019-06-26 17:08:43.700,10522,10523,10522,2
2019-06-26 17:08:44.337,10522,10523,10523,2
2019-06-26 17:08:45.027,10522,10523,10522,2
2019-06-26 17:08:46.698,10522,10523,10523,1
2019-06-26 17:08:46.745,10522,10523,10523,1
2019-06-26 17:08:50.171,10522,10523,10523,3
2019-06-26 17:08:57.203,10522,10523,10523,1
2019-06-26 17:09:02.157,10522,10523,10523,6
2019-06-26 17:09:02.201,10522,10523,10523,2
2019-06-26 17:09:02.541,10522,10523,10523,1
2019-06-26 17:09:02.555,10522,10523,10523,3
2019-06-26 17:09:03.873,10522,10523,10523,1
2019-06-26 17:09:04.359,10522,10523,10523,1
2019-06-26 17:09:04.742,10522,10523,10523,1
2019-06-26 17:09:04.742,10522,10523,10523,1
2019-06-26 17:09:05.037,10522,10524,10522,1
2019-06-26 17:09:05.687,10522,10524,10522,1
2019-06-26 17:09:05.840,10522,10524,10524,3
2019-06-26 17:09:05.978,10523,10524,10524,1
2019-06-26 17:09:06.014,10523,10524,10524,1
2019-06-26 17:09:06.458,10523,10524,10524,1
2019-06-26 17:09:06.471,10523,10524,10524,1
2019-06-26 17:09:07.179,10523,10524,10523,1
2019-06-26 17:09:09.534,10523,10524,10524,3
2019-06-26 17:09:18.502,10523,10524,10524,5
2019-06-26 17:09:18.769,10523,10524,10524,1
2019-06-26 17:09:18.884,10523,10524,10524,1
2019-06-26 17:09:19.387,10523,10524,10524,1
2019-06-26 17:09:19.965,10523,10524,10523,1
2019-06-26 17:09:21.230,10523,10524,10524,1
2019-06-26 17:09:21.377,10523,10524,10524,1
2019-06-26 17:09:21.837,10523,10524,10523,1
2019-06-26 17:09:21.879,10523,10524,10524,1
2019-06-26 17:09:22.874,10523,10524,10523,1
2019-06-26 17:09:32.892,10523,10524,10523,1
2019-06-26 17:09:34.507,10523,10524,10524,1
2019-06-26 17:09:36.244,10523,10524,10523,1
2019-06-26 17:09:37.848,10523,10524,10523,1
2019-06-26 17:09:41.401,10523,10524,10523,1
2019-06-26 17:09:42.387,10523,10524,10523,14
2019-06-26 17:09:43.037,10522,10523,10523,1
2019-06-26 17:09:43.345,10522,10524,10522,1
2019-06-26 17:09:49.302,10523,10524,10523,1
2019-06-26 17:09:49.494,10523,10524,10523,1
2019-06-26 17:09:50.790,10523,10524,10523,1
2019-06-26 17:09:50.989,10523,10524,10524,1
2019-06-26 17:09:56.722,10523,10524,10523,1
2019-06-26 17:09:56.993,10523,10524,10524,1
2019-06-26 17:09:59.505,10523,10524,10524,1
2019-06-26 17:10:01.820,10523,10524,10523,1
2019-06-26 17:10:02.170,10523,10524,10523,1
2019-06-26 17:10:02.292,10523,10524,10524,6
2019-06-26 17:10:02.406,10523,10524,10524,10
2019-06-26 17:10:02.715,10523,10524,10524,2
2019-06-26 17:10:07.767,10523,10524,10523,3
2019-06-26 17:10:08.896,10523,10524,10523,1
2019-06-26 17:10:09.049,10523,10524,10523,1
2019-06-26 17:10:09.520,10523,10524,10524,1
2019-06-26 17:10:15.736,10523,10524,10524,1
2019-06-26 17:10:20.218,10523,10524,10523,1
2019-06-26 17:10:24.423,10523,10524,10523,2
2019-06-26 17:10:25.396,10523,10524,10524,1
2019-06-26 17:10:27.596,10523,10524,10523,1
2019-06-26 17:10:28.474,10523,10524,10523,1
2019-06-26 17:10:36.222,10523,10524,10524,1
2019-06-26 17:10:37.270,10523,10524,10524,1
2019-06-26 17:10:40.882,10523,10524,10524,2
2019-06-26 17:10:40.978,10523,10524,10524,2
2019-06-26 17:10:41.576,10523,10524,10524,2
2019-06-26 17:10:58.906,10523,10524,10524,4
2019-06-26 17:10:59.820,10523,10524,10524,1
2019-06-26 17:11:02.375,10523,10524,10524,10
2019-06-26 17:11:02.566,10523,10524,10524,1
2019-06-26 17:11:07.848,10523,10524,10524,1
2019-06-26 17:11:10.155,10523,10524,10524,2
2019-06-26 17:11:10.189,10523,10524,10524,5
2019-06-26 17:11:10.563,10523,10524,10524,5
2019-06-26 17:11:12.314,10523,10524,10524,5
2019-06-26 17:11:12.326,10523,10524,10524,1
2019-06-26 17:11:14.103,10523,10524,10524,5
2019-06-26 17:11:15.054,10523,10524,10524,1
2019-06-26 17:11:15.746,10523,10524,10524,1
2019-06-26 17:11:16.010,10523,10524,10524,2
2019-06-26 17:11:18.807,10524,10525,10524,1
2019-06-26 17:11:19.258,10524,10525,10524,2
2019-06-26 17:11:19.342,10524,10525,10525,1
2019-06-26 17:11:19.474,10524,10525,10525,1
2019-06-26 17:11:20.724,10524,10525,10525,1
2019-06-26 17:11:21.284,10524,10525,10524,1
2019-06-26 17:11:23.511,10524,10525,10524,1
2019-06-26 17:11:24.040,10524,10525,10524,2
2019-06-26 17:11:25.658,10524,10525,10524,1
2019-06-26 17:11:27.374,10524,10525,10525,1
2019-06-26 17:11:29.835,10524,10525,10525,2
2019-06-26 17:11:33.252,10524,10525,10525,3
2019-06-26 17:11:37.843,10524,10525,10525,2
2019-06-26 17:11:40.067,10524,10525,10525,2
2019-06-26 17:11:45.060,10524,10525,10525,1
2019-06-26 17:11:49.124,10524,10525,10524,2
2019-06-26 17:11:52.115,10524,10525,10524,10
2019-06-26 17:11:54.366,10524,10525,10524,1
2019-06-26 17:11:59.513,10524,10525,10524,1
2019-06-26 17:12:02.494,10524,10525,10525,10
2019-06-26 17:12:02.686,10524,10525,10525,7
2019-06-26 17:12:02.896,10524,10525,10525,1
2019-06-26 17:12:02.929,10524,10525,10525,1
2019-06-26 17:12:03.186,10524,10525,10525,1
2019-06-26 17:12:03.227,10524,10525,10525,1
2019-06-26 17:12:03.228,10524,10525,10525,1
2019-06-26 17:12:04.160,10524,10525,10525,2
2019-06-26 17:12:09.341,10524,10525,10525,1
2019-06-26 17:12:09.342,10524,10525,10525,1
2019-06-26 17:12:09.739,10524,10525,10525,10
2019-06-26 17:12:10.315,10524,10525,10525,5
2019-06-26 17:12:10.443,10524,10525,10525,2
2019-06-26 17:12:10.840,10524,10525,10525,1
2019-06-26 17:12:11.061,10524,10525,10525,1
2019-06-26 17:12:12.121,10524,10525,10525,5
2019-06-26 17:12:14.092,10524,10525,10525,1
2019-06-26 17:12:14.093,10524,10525,10525,1
2019-06-26 17:12:14.225,10524,10525,10525,10
2019-06-26 17:12:14.812,10524,10525,10525,5
2019-06-26 17:12:17.849,10524,10525,10525,2
2019-06-26 17:12:23.756,10524,10525,10525,1
2019-06-26 17:12:24.332,10524,10525,10525,10
2019-06-26 17:12:24.650,10524,10525,10525,1
2019-06-26 17:12:24.867,10524,10525,10525,2
2019-06-26 17:12:25.299,10524,10525,10525,1
2019-06-26 17:12:25.683,10524,10525,10525,10
2019-06-26 17:12:25.701,10524,10525,10525,2
2019-06-26 17:12:25.701,10524,10525,10525,2
2019-06-26 17:12:25.701,10524,10525,10525,1
2019-06-26 17:12:25.701,10524,10525,10525,2
2019-06-26 17:12:25.701,10524,10525,10525,2
2019-06-26 17:12:25.701,10524,10525,10525,1
2019-06-26 17:12:25.701,10524,10525,10525,3
2019-06-26 17:12:25.701,10524,10525,10525,1
2019-06-26 17:12:25.701,10524,10525,10525,1
2019-06-26 17:12:25.744,10524,10525,10525,2
2019-06-26 17:12:25.744,10524,10525,10525,1
2019-06-26 17:12:25.744,10524,10525,10525,1
2019-06-26 17:12:25.826,10524,10525,10525,2
2019-06-26 17:12:28.635,10525,10526,10525,3
2019-06-26 17:12:28.826,10525,10526,10525,1
2019-06-26 17:12:32.914,10524,10525,10525,1
2019-06-26 17:12:33.413,10524,10525,10525,5
2019-06-26 17:12:33.911,10524,10526,10525,1
2019-06-26 17:12:34.599,10524,10526,10526,1
2019-06-26 17:12:34.741,10524,10526,10526,2
2019-06-26 17:12:34.945,10524,10526,10526,1
2019-06-26 17:12:36.371,10525,10526,10526,10
2019-06-26 17:12:37.181,10525,10526,10526,10
2019-06-26 17:12:37.504,10525,10526,10526,2
2019-06-26 17:12:37.748,10525,10526,10525,3
2019-06-26 17:12:37.829,10525,10526,10526,3
2019-06-26 17:12:39.316,10525,10526,10526,1
2019-06-26 17:12:39.362,10525,10526,10526,5
2019-06-26 17:12:39.940,10525,10526,10526,1
2019-06-26 17:12:42.579,10525,10526,10526,2
2019-06-26 17:12:44.808,10525,10526,10525,2
2019-06-26 17:12:45.280,10525,10526,10525,2
2019-06-26 17:12:45.280,10525,10526,10525,5
2019-06-26 17:12:45.281,10525,10526,10525,5
2019-06-26 17:12:46.464,10524,10525,10525,5
2019-06-26 17:12:46.767,10524,10525,10525,3
2019-06-26 17:12:47.144,10525,10526,10526,10
2019-06-26 17:12:49.054,10525,10526,10525,2
2019-06-26 17:12:50.017,10525,10526,10525,2
2019-06-26 17:12:50.076,10525,10526,10525,3
2019-06-26 17:12:50.559,10524,10526,10526,2
2019-06-26 17:12:51.744,10525,10526,10525,1
2019-06-26 17:12:51.850,10525,10526,10526,2
2019-06-26 17:12:52.697,10525,10526,10525,1
2019-06-26 17:12:53.867,10525,10526,10526,2
2019-06-26 17:12:55.906,10525,10526,10526,2
2019-06-26 17:12:55.935,10525,10526,10526,1
2019-06-26 17:12:57.351,10525,10526,10526,1
2019-06-26 17:12:57.351,10525,10526,10526,1
2019-06-26 17:12:57.487,10525,10526,10526,1
2019-06-26 17:12:57.528,10525,10526,10527,4
2019-06-26 17:12:57.602,10525,10527,10527,3
2019-06-26 17:12:57.608,10525,10527,10527,2
2019-06-26 17:12:57.678,10525,10527,10526,1
2019-06-26 17:12:57.942,10526,10527,10526,1
2019-06-26 17:12:59.396,10526,10527,10527,1
2019-06-26 17:13:02.600,10526,10527,10527,10
2019-06-26 17:13:02.791,10526,10527,10527,10
2019-06-26 17:13:02.982,10526,10527,10527,2
2019-06-26 17:13:03.407,10527,10528,10528,1
2019-06-26 17:13:03.455,10527,10528,10528,5
2019-06-26 17:13:03.492,10527,10528,10528,4
2019-06-26 17:13:03.562,10527,10528,10528,3
2019-06-26 17:13:03.630,10527,10528,10528,1
2019-06-26 17:13:03.755,10527,10528,10527,1
2019-06-26 17:13:04.279,10527,10528,10527,1
2019-06-26 17:13:04.592,10527,10528,10527,5
2019-06-26 17:13:05.853,10526,10528,10526,1
2019-06-26 17:13:06.393,10526,10527,10527,3
2019-06-26 17:13:07.017,10526,10528,10528,10
2019-06-26 17:13:08.293,10526,10528,10528,1
2019-06-26 17:13:11.395,10527,10528,10528,2
2019-06-26 17:13:11.824,10527,10528,10528,1
2019-06-26 17:13:12.271,10527,10528,10528,10
2019-06-26 17:13:12.681,10527,10528,10528,4
2019-06-26 17:13:13.387,10527,10528,10528,2
2019-06-26 17:13:15.327,10527,10528,10527,1
2019-06-26 17:13:15.527,10527,10528,10528,3
2019-06-26 17:13:16.592,10527,10528,10528,1
2019-06-26 17:13:16.982,10527,10528,10528,2
2019-06-26 17:13:17.205,10527,10528,10528,5
2019-06-26 17:13:17.807,10527,10528,10528,3
2019-06-26 17:13:19.289,10527,10528,10528,1
2019-06-26 17:13:21.574,10528,10529,10528,7
2019-06-26 17:13:21.726,10527,10528,10528,2
2019-06-26 17:13:21.888,10527,10528,10528,2
2019-06-26 17:13:21.911,10527,10528,10528,2
2019-06-26 17:13:24.041,10527,10528,10528,4
2019-06-26 17:13:24.277,10527,10528,10528,1
2019-06-26 17:13:28.698,10527,10528,10528,2
2019-06-26 17:13:28.800,10527,10528,10527,4
2019-06-26 17:13:29.947,10527,10528,10528,1
2019-06-26 17:13:35.732,10527,10528,10528,1
2019-06-26 17:13:36.182,10527,10528,10528,1
2019-06-26 17:13:37.264,10527,10528,10527,1
2019-06-26 17:13:38.011,10527,10528,10528,1
2019-06-26 17:13:38.044,10527,10528,10527,1
2019-06-26 17:13:39.523,10527,10528,10527,1
2019-06-26 17:13:42.228,10527,10528,10528,2
2019-06-26 17:13:45.832,10527,10528,10527,1
2019-06-26 17:13:49.652,10527,10528,10528,1
2019-06-26 17:13:50.754,10527,10528,10528,2
2019-06-26 17:13:54.175,10527,10528,10528,10
2019-06-26 17:13:54.579,10527,10528,10528,10
2019-06-26 17:13:54.919,10527,10528,10528,9
2019-06-26 17:13:55.107,10528,10529,10528,1
2019-06-26 17:13:57.220,10527,10528,10528,2
2019-06-26 17:13:57.817,10527,10528,10528,1
2019-06-26 17:13:58.651,10527,10528,10528,4
2019-06-26 17:14:05.496,10527,10528,10528,1
2019-06-26 17:14:07.118,10527,10528,10527,1
2019-06-26 17:14:08.353,10527,10528,10528,3
2019-06-26 17:14:09.032,10527,10528,10528,8
2019-06-26 17:14:14.396,10528,10529,10528,5
2019-06-26 17:14:16.470,10528,10529,10528,2
2019-06-26 17:14:16.602,10527,10529,10528,2
2019-06-26 17:14:17.497,10527,10528,10528,1
2019-06-26 17:14:23.497,10527,10528,10528,1
2019-06-26 17:14:24.576,10527,10528,10527,16
2019-06-26 17:14:24.941,10526,10527,10527,1
2019-06-26 17:14:25.142,10526,10527,10527,5
2019-06-26 17:14:27.472,10526,10527,10527,1
2019-06-26 17:14:28.219,10526,10527,10527,1
2019-06-26 17:14:28.734,10527,10528,10528,10
2019-06-26 17:14:29.072,10527,10528,10528,10
2019-06-26 17:14:30.011,10527,10528,10527,2
2019-06-26 17:14:31.623,10527,10528,10527,5
2019-06-26 17:14:33.706,10527,10528,10527,1
2019-06-26 17:14:35.692,10527,10528,10527,1
2019-06-26 17:14:36.201,10527,10528,10527,1
2019-06-26 17:14:36.996,10526,10528,10526,1
2019-06-26 17:14:39.378,10526,10527,10527,1
2019-06-26 17:14:41.898,10526,10528,10527,1
2019-06-26 17:14:41.901,10526,10528,10527,1
2019-06-26 17:14:43.868,10526,10527,10527,1
2019-06-26 17:14:44.805,10527,10528,10528,2
2019-06-26 17:14:46.063,10527,10528,10527,2
2019-06-26 17:14:46.371,10527,10528,10527,1
2019-06-26 17:14:46.974,10527,10528,10528,1
2019-06-26 17:14:47.394,10527,10528,10528,1
2019-06-26 17:14:50.083,10527,10528,10528,2
2019-06-26 17:14:50.197,10527,10528,10528,1
2019-06-26 17:14:50.930,10527,10528,10528,1
2019-06-26 17:14:53.034,10527,10528,10528,1
2019-06-26 17:14:53.210,10527,10528,10528,1
2019-06-26 17:14:54.239,10527,10528,10528,1
2019-06-26 17:14:55.924,10528,10529,10529,1
2019-06-26 17:14:56.606,10528,10529,10529,2
2019-06-26 17:14:56.843,10528,10529,10529,1
2019-06-26 17:14:56.952,10528,10529,10529,2
2019-06-26 17:14:57.229,10528,10529,10529,1
2019-06-26 17:14:57.338,10528,10529,10529,1
2019-06-26 17:14:58.083,10528,10529,10529,1
2019-06-26 17:14:58.091,10528,10529,10529,1
2019-06-26 17:14:58.937,10528,10529,10528,1
2019-06-26 17:14:59.692,10528,10529,10528,1
2019-06-26 17:15:00.818,10528,10529,10529,10
2019-06-26 17:15:00.897,10528,10529,10528,1
2019-06-26 17:15:00.898,10528,10529,10529,1
2019-06-26 17:15:00.943,10528,10529,10529,4
2019-06-26 17:15:01.019,10528,10529,10529,4
2019-06-26 17:15:01.086,10528,10529,10529,1
2019-06-26 17:15:01.106,10528,10529,10529,1
2019-06-26 17:15:01.106,10528,10529,10529,1
2019-06-26 17:15:01.106,10528,10529,10529,1
2019-06-26 17:15:01.106,10528,10529,10529,1
2019-06-26 17:15:01.127,10528,10529,10529,1
2019-06-26 17:15:01.129,10528,10529,10529,1
2019-06-26 17:15:01.201,10528,10529,10529,12
2019-06-26 17:15:01.226,10528,10529,10530,1
2019-06-26 17:15:01.369,10528,10530,10530,1
2019-06-26 17:15:01.375,10528,10530,10530,1
2019-06-26 17:15:01.383,10528,10530,10529,1
2019-06-26 17:15:01.386,10528,10530,10530,1
2019-06-26 17:15:01.391,10528,10530,10530,4
2019-06-26 17:15:01.479,10529,10530,10529,1
2019-06-26 17:15:01.510,10529,10530,10530,4
2019-06-26 17:15:01.528,10529,10530,10530,2
2019-06-26 17:15:01.610,10529,10530,10530,4
2019-06-26 17:15:01.640,10529,10530,10530,15
2019-06-26 17:15:01.640,10529,10530,10530,2
2019-06-26 17:15:01.653,10529,10530,10530,4
2019-06-26 17:15:01.694,10529,10530,10530,15
2019-06-26 17:15:01.726,10529,10530,10530,2
2019-06-26 17:15:01.734,10529,10530,10530,4
2019-06-26 17:15:01.815,10529,10530,10530,1
2019-06-26 17:15:01.826,10529,10530,10530,7
2019-06-26 17:15:01.887,10529,10530,10530,1
2019-06-26 17:15:02.027,10529,10530,10530,8
2019-06-26 17:15:02.247,10529,10530,10530,2
2019-06-26 17:15:02.287,10529,10530,10530,1
2019-06-26 17:15:02.590,10529,10530,10530,1
2019-06-26 17:15:02.826,10529,10530,10530,1
2019-06-26 17:15:03.045,10529,10530,10529,1
2019-06-26 17:15:03.624,10529,10530,10530,10
2019-06-26 17:15:03.968,10529,10531,10531,1
2019-06-26 17:15:04.005,10529,10531,10531,1
2019-06-26 17:15:04.024,10529,10531,10531,1
2019-06-26 17:15:04.109,10529,10531,10531,1
2019-06-26 17:15:04.127,10529,10531,10531,1
2019-06-26 17:15:04.609,10529,10531,10531,1
2019-06-26 17:15:04.851,10530,10531,10530,2
2019-06-26 17:15:04.951,10530,10531,10530,2
2019-06-26 17:15:05.856,10530,10531,10530,1
2019-06-26 17:15:05.994,10530,10531,10531,1
2019-06-26 17:15:07.220,10530,10531,10530,2
2019-06-26 17:15:08.019,10530,10531,10530,1
2019-06-26 17:15:10.571,10530,10531,10530,4
2019-06-26 17:15:11.433,10530,10531,10530,1
2019-06-26 17:15:12.535,10530,10531,10530,1
2019-06-26 17:15:12.564,10530,10531,10530,2
2019-06-26 17:15:12.564,10530,10531,10530,2
2019-06-26 17:15:14.434,10529,10530,10530,1
2019-06-26 17:15:15.970,10529,10530,10530,1
2019-06-26 17:15:16.242,10529,10530,10530,5
2019-06-26 17:15:16.736,10529,10530,10530,6
2019-06-26 17:15:16.737,10529,10530,10530,1
2019-06-26 17:15:16.739,10529,10530,10530,3
2019-06-26 17:15:17.701,10529,10530,10529,2
2019-06-26 17:15:19.078,10528,10529,10528,1
2019-06-26 17:15:22.409,10528,10530,10530,1
2019-06-26 17:15:24.169,10529,10530,10529,1
2019-06-26 17:15:24.933,10529,10530,10530,1
2019-06-26 17:15:24.934,10529,10530,10530,2
2019-06-26 17:15:24.934,10529,10530,10531,1
2019-06-26 17:15:24.974,10529,10531,10531,2
2019-06-26 17:15:25.000,10529,10531,10531,3
2019-06-26 17:15:25.066,10529,10531,10530,1
2019-06-26 17:15:25.069,10529,10531,10530,1
2019-06-26 17:15:25.459,10530,10531,10530,1
2019-06-26 17:15:25.859,10530,10531,10530,3
2019-06-26 17:15:26.322,10529,10530,10530,2
2019-06-26 17:15:28.223,10529,10530,10530,8
2019-06-26 17:15:29.686,10529,10530,10530,1
2019-06-26 17:15:30.035,10530,10531,10530,1
2019-06-26 17:15:30.826,10530,10531,10530,1
2019-06-26 17:15:30.914,10530,10531,10531,31
2019-06-26 17:15:30.966,10531,10532,10531,1
2019-06-26 17:15:32.020,10530,10531,10530,1
2019-06-26 17:15:38.934,10530,10531,10531,4
2019-06-26 17:15:38.999,10530,10531,10531,1
2019-06-26 17:15:39.377,10530,10531,10531,1
2019-06-26 17:15:42.237,10530,10531,10531,1
2019-06-26 17:15:42.984,10530,10531,10531,1
2019-06-26 17:15:44.421,10530,10531,10531,4
2019-06-26 17:15:45.481,10530,10531,10531,1
2019-06-26 17:15:47.633,10530,10531,10531,1
2019-06-26 17:15:49.362,10530,10531,10530,10
2019-06-26 17:15:49.547,10530,10531,10531,5
2019-06-26 17:15:49.905,10530,10531,10531,1
2019-06-26 17:15:52.970,10530,10531,10530,1
2019-06-26 17:15:53.680,10530,10531,10531,2
2019-06-26 17:15:53.747,10530,10531,10531,5
2019-06-26 17:15:54.282,10530,10531,10531,2
2019-06-26 17:15:54.350,10530,10531,10531,2
2019-06-26 17:15:58.154,10530,10531,10531,2
2019-06-26 17:15:58.413,10530,10531,10531,1
2019-06-26 17:15:58.413,10530,10531,10532,1
2019-06-26 17:15:58.849,10530,10532,10532,1
2019-06-26 17:16:00.034,10530,10531,10531,1
2019-06-26 17:16:00.856,10530,10531,10531,1
2019-06-26 17:16:00.856,10530,10531,10532,2
2019-06-26 17:16:03.015,10530,10531,10531,1
2019-06-26 17:16:03.157,10530,10532,10531,1
2019-06-26 17:16:03.203,10531,10532,10531,9
2019-06-26 17:16:03.326,10531,10532,10531,1
2019-06-26 17:16:03.819,10530,10531,10531,1
2019-06-26 17:16:03.909,10530,10531,10532,1
2019-06-26 17:16:04.460,10530,10532,10532,1
2019-06-26 17:16:04.569,10530,10532,10532,1
2019-06-26 17:16:05.766,10530,10532,10530,3
2019-06-26 17:16:08.283,10531,10532,10531,1
2019-06-26 17:16:08.760,10531,10532,10531,1
2019-06-26 17:16:08.800,10531,10532,10531,6
2019-06-26 17:16:09.601,10530,10531,10531,1
2019-06-26 17:16:09.993,10530,10531,10531,2
2019-06-26 17:16:10.598,10530,10531,10531,2
2019-06-26 17:16:11.326,10530,10531,10530,27
2019-06-26 17:16:13.382,10529,10530,10530,2
2019-06-26 17:16:14.187,10529,10530,10530,1
2019-06-26 17:16:14.870,10529,10530,10530,1
2019-06-26 17:16:15.076,10530,10531,10530,1
2019-06-26 17:16:15.323,10529,10530,10530,2
2019-06-26 17:16:16.120,10529,10530,10530,2
2019-06-26 17:16:16.120,10529,10530,10531,3
2019-06-26 17:16:16.952,10530,10531,10530,1
2019-06-26 17:16:17.062,10530,10531,10530,3
2019-06-26 17:16:17.328,10530,10531,10530,2
2019-06-26 17:16:18.509,10529,10531,10530,1
2019-06-26 17:16:19.099,10529,10530,10530,2
2019-06-26 17:16:19.762,10529,10531,10531,1
2019-06-26 17:16:21.267,10529,10530,10530,4
2019-06-26 17:16:21.637,10530,10531,10530,1
2019-06-26 17:16:22.185,10530,10531,10530,1
2019-06-26 17:16:22.201,10530,10531,10530,3
2019-06-26 17:16:22.201,10530,10531,10530,1
2019-06-26 17:16:23.985,10530,10531,10530,1
2019-06-26 17:16:27.951,10529,10530,10529,6
2019-06-26 17:16:29.707,10529,10530,10529,5
2019-06-26 17:16:32.286,10528,10529,10528,6
2019-06-26 17:16:32.286,10528,10529,10528,3
2019-06-26 17:16:32.919,10528,10529,10529,1
2019-06-26 17:16:36.591,10529,10530,10529,1
2019-06-26 17:16:36.844,10529,10530,10530,1
2019-06-26 17:16:37.412,10529,10530,10529,2
2019-06-26 17:16:42.004,10529,10530,10529,1
2019-06-26 17:16:44.772,10529,10530,10529,1
2019-06-26 17:16:53.432,10529,10530,10530,1
2019-06-26 17:16:53.588,10529,10530,10529,1
2019-06-26 17:16:53.982,10529,10530,10529,1
2019-06-26 17:16:54.038,10529,10530,10530,1
2019-06-26 17:16:55.456,10529,10530,10530,1
2019-06-26 17:17:02.113,10529,10530,10530,10
2019-06-26 17:17:02.587,10529,10530,10530,8
2019-06-26 17:17:03.096,10529,10531,10531,10
2019-06-26 17:17:03.286,10529,10531,10531,10
2019-06-26 17:17:03.555,10530,10531,10531,2
2019-06-26 17:17:04.081,10530,10531,10530,1
2019-06-26 17:17:05.935,10530,10531,10530,5
2019-06-26 17:17:11.478,10530,10531,10530,1
2019-06-26 17:17:14.304,10530,10531,10530,1
2019-06-26 17:17:15.367,10530,10531,10530,1
2019-06-26 17:17:15.376,10530,10531,10530,1
2019-06-26 17:17:19.892,10530,10531,10531,10
2019-06-26 17:17:25.375,10530,10531,10530,1
2019-06-26 17:17:25.512,10530,10531,10530,1
2019-06-26 17:17:25.577,10530,10531,10531,5
2019-06-26 17:17:26.976,10530,10531,10531,1
2019-06-26 17:17:28.749,10530,10531,10530,8
2019-06-26 17:17:28.749,10530,10531,10530,8
2019-06-26 17:17:28.749,10530,10531,10530,2
2019-06-26 17:17:32.564,10529,10530,10530,5
2019-06-26 17:17:32.966,10529,10530,10529,1
2019-06-26 17:17:35.951,10529,10530,10529,1
2019-06-26 17:17:35.983,10529,10530,10529,1
2019-06-26 17:17:35.983,10529,10530,10529,2
2019-06-26 17:17:35.983,10529,10530,10529,1
2019-06-26 17:17:37.520,10528,10529,10529,1
2019-06-26 17:17:38.124,10528,10529,10528,1
2019-06-26 17:17:40.188,10528,10529,10529,1
2019-06-26 17:17:40.948,10528,10529,10529,1
2019-06-26 17:17:48.237,10528,10529,10529,1
2019-06-26 17:17:49.589,10528,10529,10529,1
2019-06-26 17:17:52.753,10528,10529,10529,1
2019-06-26 17:17:56.043,10528,10529,10529,1
2019-06-26 17:18:02.205,10528,10529,10529,3
2019-06-26 17:18:02.690,10528,10529,10529,1
2019-06-26 17:18:02.690,10528,10529,10530,4
2019-06-26 17:18:03.721,10528,10530,10530,3
2019-06-26 17:18:04.227,10528,10529,10529,1
2019-06-26 17:18:05.495,10528,10530,10530,1
2019-06-26 17:18:06.632,10529,10530,10530,1
2019-06-26 17:18:07.782,10529,10530,10530,1
2019-06-26 17:18:08.702,10529,10530,10529,1
2019-06-26 17:18:09.948,10528,10529,10528,1
2019-06-26 17:18:13.460,10528,10529,10529,1
2019-06-26 17:18:16.071,10529,10530,10530,1
2019-06-26 17:18:16.615,10529,10530,10529,1
2019-06-26 17:18:17.951,10529,10530,10530,1
2019-06-26 17:18:18.865,10529,10530,10529,1
2019-06-26 17:18:19.312,10528,10529,10529,1
2019-06-26 17:18:28.001,10528,10529,10529,9
2019-06-26 17:18:28.001,10528,10529,10529,8
2019-06-26 17:18:28.076,10528,10529,10529,2
2019-06-26 17:18:29.326,10529,10530,10529,2
2019-06-26 17:18:31.768,10529,10530,10529,1
2019-06-26 17:18:33.653,10529,10530,10529,5
2019-06-26 17:18:34.445,10529,10530,10529,1
2019-06-26 17:18:37.403,10529,10530,10530,1
2019-06-26 17:18:37.826,10529,10530,10530,1
2019-06-26 17:18:37.841,10529,10530,10530,10
2019-06-26 17:18:37.951,10529,10530,10530,29
2019-06-26 17:18:45.045,10530,10531,10530,1
2019-06-26 17:18:47.103,10530,10531,10530,2
2019-06-26 17:18:47.104,10530,10531,10530,11
2019-06-26 17:18:49.941,10529,10530,10530,1
2019-06-26 17:18:49.951,10529,10530,10530,1
2019-06-26 17:18:50.633,10529,10531,10531,2
2019-06-26 17:18:52.972,10529,10530,10530,1
2019-06-26 17:18:54.046,10529,10530,10529,1
2019-06-26 17:18:58.336,10529,10530,10530,4
2019-06-26 17:18:58.381,10529,10530,10530,2
2019-06-26 17:19:00.082,10530,10531,10530,2
2019-06-26 17:19:02.349,10529,10530,10530,10
2019-06-26 17:19:12.668,10529,10530,10530,5
2019-06-26 17:19:12.943,10529,10530,10530,5
2019-06-26 17:19:14.919,10529,10530,10530,1
2019-06-26 17:19:20.057,10529,10530,10530,10
2019-06-26 17:19:23.473,10529,10530,10530,4
2019-06-26 17:19:23.904,10529,10530,10530,4
2019-06-26 17:19:25.059,10529,10530,10530,5
2019-06-26 17:19:26.241,10529,10530,10530,1
2019-06-26 17:19:26.241,10529,10530,10531,1
2019-06-26 17:19:26.514,10530,10531,10530,1
2019-06-26 17:19:27.675,10530,10531,10530,1
2019-06-26 17:19:35.576,10529,10530,10530,2
2019-06-26 17:19:37.735,10529,10531,10530,1
2019-06-26 17:19:41.470,10529,10530,10530,1
2019-06-26 17:19:45.951,10529,10530,10529,19
2019-06-26 17:19:47.924,10528,10530,10530,10
2019-06-26 17:19:47.952,10528,10530,10530,3
2019-06-26 17:19:57.161,10528,10529,10529,1
2019-06-26 17:19:57.269,10528,10529,10529,1
2019-06-26 17:19:59.878,10528,10529,10529,2
2019-06-26 17:20:02.659,10528,10529,10529,1
2019-06-26 17:20:02.936,10528,10529,10529,7
2019-06-26 17:20:02.936,10528,10529,10530,1
2019-06-26 17:20:02.965,10529,10530,10530,24
2019-06-26 17:20:03.288,10529,10530,10530,2
2019-06-26 17:20:03.522,10529,10530,10529,1
2019-06-26 17:20:04.993,10529,10530,10530,1
2019-06-26 17:20:04.993,10529,10530,10531,1
2019-06-26 17:20:12.619,10529,10530,10530,2
2019-06-26 17:20:14.056,10530,10531,10530,1
2019-06-26 17:20:14.056,10530,10531,10529,4
2019-06-26 17:20:15.468,10529,10530,10530,1
2019-06-26 17:20:35.621,10529,10530,10529,1
2019-06-26 17:20:50.726,10529,10530,10529,1
2019-06-26 17:20:56.244,10529,10530,10530,1
2019-06-26 17:20:56.879,10529,10530,10529,1
2019-06-26 17:21:02.278,10529,10530,10529,1
2019-06-26 17:21:05.467,10529,10530,10529,3
2019-06-26 17:21:09.528,10529,10530,10529,1
2019-06-26 17:21:10.438,10529,10530,10529,1
2019-06-26 17:21:14.824,10529,10530,10529,3
2019-06-26 17:21:16.073,10529,10530,10529,1
2019-06-26 17:21:21.375,10529,10530,10529,1
2019-06-26 17:21:24.017,10529,10530,10529,2
2019-06-26 17:21:28.503,10529,10530,10529,1
2019-06-26 17:21:29.056,10529,10530,10529,1
2019-06-26 17:21:29.701,10529,10530,10530,1
2019-06-26 17:21:33.302,10529,10530,10530,1
2019-06-26 17:21:40.451,10529,10530,10530,12
2019-06-26 17:21:40.576,10529,10530,10530,13
2019-06-26 17:21:42.882,10530,10531,10530,2
2019-06-26 17:21:47.928,10530,10531,10530,1
2019-06-26 17:21:48.112,10530,10531,10530,2
2019-06-26 17:21:50.001,10530,10531,10530,4
2019-06-26 17:21:50.957,10529,10530,10530,1
2019-06-26 17:21:57.701,10529,10530,10530,1
2019-06-26 17:21:59.265,10529,10530,10530,1
2019-06-26 17:22:02.460,10529,10530,10530,1
2019-06-26 17:22:03.918,10529,10530,10529,12
2019-06-26 17:22:03.951,10529,10530,10529,16
2019-06-26 17:22:20.267,10528,10530,10528,4
2019-06-26 17:22:20.352,10528,10530,10530,5
2019-06-26 17:22:21.520,10528,10530,10530,2
2019-06-26 17:22:28.761,10529,10530,10529,1
2019-06-26 17:22:28.791,10529,10530,10528,1
2019-06-26 17:22:28.841,10528,10530,10528,1
2019-06-26 17:22:28.910,10528,10530,10528,1
2019-06-26 17:22:29.075,10528,10530,10529,1
2019-06-26 17:22:29.353,10528,10530,10528,1
2019-06-26 17:22:29.393,10528,10530,10528,1
2019-06-26 17:22:29.524,10528,10530,10528,1
2019-06-26 17:22:29.671,10528,10530,10528,1
2019-06-26 17:22:29.758,10528,10530,10528,1
2019-06-26 17:22:29.782,10528,10530,10528,1
2019-06-26 17:22:29.824,10528,10530,10528,1
2019-06-26 17:22:29.824,10528,10530,10528,1
2019-06-26 17:22:29.997,10528,10529,10528,1
2019-06-26 17:22:30.020,10528,10529,10528,1
2019-06-26 17:22:30.029,10528,10529,10528,1
2019-06-26 17:22:30.122,10528,10529,10528,1
2019-06-26 17:22:30.215,10528,10529,10528,1
2019-06-26 17:22:30.282,10528,10529,10528,1
2019-06-26 17:22:30.434,10528,10529,10528,1
2019-06-26 17:22:30.524,10528,10529,10529,1
2019-06-26 17:22:30.942,10528,10529,10528,1
2019-06-26 17:22:30.987,10528,10530,10528,1
2019-06-26 17:22:31.185,10528,10529,10530,1
2019-06-26 17:22:31.216,10528,10530,10530,1
2019-06-26 17:22:31.230,10528,10530,10530,1
2019-06-26 17:22:31.367,10528,10530,10530,1
2019-06-26 17:22:31.384,10528,10530,10528,1
2019-06-26 17:22:31.389,10528,10530,10530,1
2019-06-26 17:22:31.400,10528,10530,10530,1
2019-06-26 17:22:31.443,10528,10530,10530,1
2019-06-26 17:22:31.642,10528,10530,10530,1
2019-06-26 17:22:31.709,10528,10530,10528,1
2019-06-26 17:22:31.882,10528,10530,10530,1
2019-06-26 17:22:31.906,10528,10530,10530,1
2019-06-26 17:22:31.924,10528,10530,10530,1
2019-06-26 17:22:32.637,10528,10530,10530,1
2019-06-26 17:22:32.698,10528,10530,10530,1
2019-06-26 17:22:32.763,10528,10530,10528,1
2019-06-26 17:22:32.840,10528,10530,10528,1
2019-06-26 17:22:32.864,10528,10530,10528,1
2019-06-26 17:22:33.073,10528,10530,10528,1
2019-06-26 17:22:33.142,10528,10530,10528,1
2019-06-26 17:22:33.149,10528,10530,10528,1
2019-06-26 17:22:33.171,10528,10530,10528,1
2019-06-26 17:22:33.172,10528,10530,10528,1
2019-06-26 17:22:33.206,10528,10530,10530,1
2019-06-26 17:22:33.232,10528,10530,10528,1
2019-06-26 17:22:33.418,10528,10529,10528,1
2019-06-26 17:22:33.976,10528,10530,10529,1
2019-06-26 17:22:34.001,10528,10530,10530,1
2019-06-26 17:22:34.044,10528,10530,10528,1
2019-06-26 17:22:34.157,10528,10530,10530,1
2019-06-26 17:22:34.258,10528,10530,10530,1
2019-06-26 17:22:34.262,10528,10530,10528,1
2019-06-26 17:22:34.279,10528,10530,10530,1
2019-06-26 17:22:34.312,10528,10530,10530,1
2019-06-26 17:22:34.443,10528,10530,10530,1
2019-06-26 17:22:34.467,10528,10530,10530,1
2019-06-26 17:22:34.607,10528,10530,10530,1
2019-06-26 17:22:34.767,10528,10530,10530,1
2019-06-26 17:22:34.916,10528,10530,10530,1
2019-06-26 17:22:35.075,10528,10530,10530,1
2019-06-26 17:22:51.630,10528,10530,10528,1
2019-06-26 17:22:51.635,10528,10530,10528,1
2019-06-26 17:22:51.642,10528,10530,10528,1
2019-06-26 17:22:51.645,10528,10530,10528,1
2019-06-26 17:22:51.906,10528,10529,10528,1
2019-06-26 17:22:52.270,10528,10529,10528,1
2019-06-26 17:22:52.291,10528,10529,10528,1
2019-06-26 17:22:52.293,10528,10529,10528,1
2019-06-26 17:22:52.301,10528,10529,10528,1
2019-06-26 17:22:52.338,10528,10529,10528,1
2019-06-26 17:22:52.423,10528,10529,10528,1
2019-06-26 17:22:52.486,10528,10529,10527,1
2019-06-26 17:22:52.508,10528,10529,10527,1
2019-06-26 17:22:52.601,10527,10529,10527,1
2019-06-26 17:22:52.706,10527,10529,10527,1
2019-06-26 17:22:52.864,10527,10528,10527,1
2019-06-26 17:22:53.148,10527,10529,10527,1
2019-06-26 17:22:53.155,10527,10529,10527,1
2019-06-26 17:22:53.508,10527,10529,10527,1
2019-06-26 17:22:54.307,10527,10529,10529,1
2019-06-26 17:22:54.535,10527,10529,10529,1
2019-06-26 17:22:54.563,10527,10529,10529,1
2019-06-26 17:22:54.837,10528,10529,10529,1
2019-06-26 17:22:55.145,10528,10529,10528,1
2019-06-26 17:22:55.261,10528,10529,10529,1
2019-06-26 17:22:55.927,10528,10530,10528,1
2019-06-26 17:22:56.053,10528,10530,10528,1
2019-06-26 17:22:56.077,10528,10530,10530,1
2019-06-26 17:22:56.106,10528,10530,10528,1
2019-06-26 17:22:56.196,10528,10530,10528,1
2019-06-26 17:22:56.478,10528,10530,10528,1
2019-06-26 17:22:56.616,10528,10530,10528,1
2019-06-26 17:22:56.916,10528,10529,10528,1
2019-06-26 17:22:56.919,10528,10529,10528,1
2019-06-26 17:22:57.204,10528,10529,10529,1
2019-06-26 17:22:57.468,10528,10530,10530,1
2019-06-26 17:22:57.491,10528,10530,10530,1
2019-06-26 17:23:01.091,10529,10530,10530,1
2019-06-26 17:23:01.845,10529,10530,10530,3
2019-06-26 17:23:02.064,10529,10530,10530,1
2019-06-26 17:23:02.090,10529,10530,10530,1
2019-06-26 17:23:04.933,10529,10530,10529,1
2019-06-26 17:23:04.946,10529,10530,10529,1
2019-06-26 17:23:05.359,10529,10530,10529,1
2019-06-26 17:23:05.460,10529,10530,10529,1
2019-06-26 17:23:05.882,10529,10530,10529,1
2019-06-26 17:23:05.967,10528,10530,10528,1
2019-06-26 17:23:06.478,10528,10530,10528,1
2019-06-26 17:23:06.480,10528,10530,10528,1
2019-06-26 17:23:06.536,10528,10530,10528,1
2019-06-26 17:23:06.563,10528,10530,10528,1
2019-06-26 17:23:06.614,10528,10530,10528,1
2019-06-26 17:23:06.634,10528,10530,10528,1
2019-06-26 17:23:06.865,10528,10529,10529,3
2019-06-26 17:23:06.865,10528,10529,10530,2
2019-06-26 17:23:07.014,10528,10530,10528,1
2019-06-26 17:23:07.014,10528,10530,10528,1
2019-06-26 17:23:07.269,10528,10530,10528,1
2019-06-26 17:23:07.352,10528,10530,10528,1
2019-06-26 17:23:07.463,10528,10530,10530,1
2019-06-26 17:23:07.909,10528,10530,10528,1
2019-06-26 17:23:08.082,10529,10530,10530,1
2019-06-26 17:23:08.145,10529,10530,10530,1
2019-06-26 17:23:08.153,10529,10530,10530,1
2019-06-26 17:23:08.388,10529,10530,10530,1
2019-06-26 17:23:08.459,10529,10530,10530,1
2019-06-26 17:23:08.555,10529,10530,10529,1
2019-06-26 17:23:08.861,10529,10530,10530,1
2019-06-26 17:23:08.929,10529,10530,10530,1
2019-06-26 17:23:09.077,10529,10530,10529,1
2019-06-26 17:23:09.186,10529,10530,10529,1
2019-06-26 17:23:09.499,10529,10530,10530,1
2019-06-26 17:23:09.618,10529,10530,10529,1
2019-06-26 17:23:09.684,10529,10530,10530,1
2019-06-26 17:23:09.717,10529,10530,10529,1
2019-06-26 17:23:09.897,10529,10530,10529,1
2019-06-26 17:23:10.249,10529,10530,10529,1
2019-06-26 17:23:10.256,10529,10530,10528,1
2019-06-26 17:23:10.280,10529,10530,10528,1
2019-06-26 17:23:10.378,10528,10530,10528,1
2019-06-26 17:23:10.519,10528,10530,10530,1
2019-06-26 17:23:10.664,10529,10530,10530,1
2019-06-26 17:23:10.823,10529,10530,10528,1
2019-06-26 17:23:10.888,10528,10530,10530,1
2019-06-26 17:23:11.021,10529,10530,10530,1
2019-06-26 17:23:11.092,10529,10530,10530,1
2019-06-26 17:23:11.189,10529,10530,10530,3
2019-06-26 17:23:11.246,10529,10530,10530,1
2019-06-26 17:23:11.301,10529,10530,10530,1
2019-06-26 17:23:11.320,10529,10530,10530,1
2019-06-26 17:23:11.387,10529,10530,10529,1
2019-06-26 17:23:11.597,10529,10530,10530,1
2019-06-26 17:23:11.914,10529,10530,10530,1
2019-06-26 17:23:12.560,10529,10530,10530,1
2019-06-26 17:23:15.985,10529,10530,10530,3
2019-06-26 17:23:16.525,10529,10531,10529,2
2019-06-26 17:23:17.072,10530,10531,10530,1
2019-06-26 17:23:17.192,10530,10531,10530,1
2019-06-26 17:23:18.863,10529,10531,10529,5
2019-06-26 17:23:22.576,10529,10530,10530,1
2019-06-26 17:23:22.701,10529,10530,10530,1
2019-06-26 17:23:22.893,10529,10530,10529,1
2019-06-26 17:23:22.898,10529,10530,10529,2
2019-06-26 17:23:22.917,10529,10530,10529,2
2019-06-26 17:23:23.084,10529,10530,10529,2
2019-06-26 17:23:23.561,10529,10530,10529,1
2019-06-26 17:23:23.599,10529,10530,10529,1
2019-06-26 17:23:23.613,10529,10530,10529,1
2019-06-26 17:23:23.695,10529,10530,10529,2
2019-06-26 17:23:23.752,10529,10530,10529,1
2019-06-26 17:23:23.760,10529,10530,10529,1
2019-06-26 17:23:23.773,10529,10530,10529,1
2019-06-26 17:23:23.989,10529,10530,10529,1
2019-06-26 17:23:23.995,10529,10530,10529,1
2019-06-26 17:23:24.116,10529,10530,10529,1
2019-06-26 17:23:24.250,10529,10530,10529,1
2019-06-26 17:23:24.349,10529,10530,10529,1
2019-06-26 17:23:24.350,10529,10530,10529,1
2019-06-26 17:23:24.359,10529,10530,10529,1
2019-06-26 17:23:24.388,10529,10530,10529,1
2019-06-26 17:23:25.077,10529,10530,10529,1
2019-06-26 17:23:25.258,10528,10530,10528,1
2019-06-26 17:23:25.556,10529,10530,10529,1
2019-06-26 17:23:25.556,10529,10530,10528,1
2019-06-26 17:23:25.702,10528,10529,10528,1
2019-06-26 17:23:25.893,10528,10530,10529,2
2019-06-26 17:23:25.955,10529,10530,10530,1
2019-06-26 17:23:25.956,10529,10530,10530,1
2019-06-26 17:23:25.966,10529,10530,10530,1
2019-06-26 17:23:25.975,10529,10530,10530,1
2019-06-26 17:23:26.191,10529,10530,10530,1
2019-06-26 17:23:26.543,10529,10530,10530,1
2019-06-26 17:23:26.548,10529,10530,10530,1
2019-06-26 17:23:26.554,10529,10530,10530,1
2019-06-26 17:23:26.819,10529,10530,10530,1
2019-06-26 17:23:27.033,10529,10530,10529,1
2019-06-26 17:23:27.129,10529,10530,10530,1
2019-06-26 17:23:27.164,10529,10530,10529,1
2019-06-26 17:23:27.272,10529,10530,10529,1
2019-06-26 17:23:27.493,10529,10530,10530,1
2019-06-26 17:23:27.495,10529,10530,10529,1
2019-06-26 17:23:27.785,10529,10530,10529,1
2019-06-26 17:23:27.879,10529,10530,10529,1
2019-06-26 17:23:27.879,10529,10530,10529,1
2019-06-26 17:23:27.928,10529,10530,10529,1
2019-06-26 17:23:28.068,10528,10530,10528,1
2019-06-26 17:23:28.190,10528,10530,10530,2
2019-06-26 17:23:28.257,10528,10530,10528,1
2019-06-26 17:23:28.402,10528,10530,10528,1
2019-06-26 17:23:28.532,10528,10530,10528,1
2019-06-26 17:23:28.570,10528,10530,10528,1
2019-06-26 17:23:28.625,10528,10529,10528,1
2019-06-26 17:23:28.626,10528,10529,10528,1
2019-06-26 17:23:28.696,10528,10529,10528,1
2019-06-26 17:23:28.768,10528,10529,10529,10
2019-06-26 17:23:28.776,10528,10529,10529,1
2019-06-26 17:23:29.001,10528,10529,10528,1
2019-06-26 17:23:29.041,10528,10529,10528,1
2019-06-26 17:23:29.321,10528,10529,10529,1
2019-06-26 17:23:29.324,10528,10529,10529,1
2019-06-26 17:23:29.439,10528,10529,10530,1
2019-06-26 17:23:29.531,10528,10530,10530,1
2019-06-26 17:23:29.601,10528,10530,10528,1
2019-06-26 17:23:29.686,10528,10530,10530,1
2019-06-26 17:23:30.022,10528,10530,10530,1
2019-06-26 17:23:30.234,10528,10530,10530,1
2019-06-26 17:23:30.372,10528,10530,10528,1
2019-06-26 17:23:30.504,10528,10530,10528,2
2019-06-26 17:23:30.536,10528,10530,10529,1
2019-06-26 17:23:30.758,10528,10529,10528,1
2019-06-26 17:23:30.765,10528,10529,10528,1
2019-06-26 17:23:31.187,10528,10529,10528,1
2019-06-26 17:23:31.562,10528,10529,10528,1
2019-06-26 17:23:31.563,10528,10529,10528,1
2019-06-26 17:23:31.571,10528,10529,10529,1
2019-06-26 17:23:31.897,10528,10529,10529,1
2019-06-26 17:23:31.960,10528,10529,10529,1
2019-06-26 17:23:32.005,10528,10529,10530,1
2019-06-26 17:23:32.072,10528,10529,10530,1
2019-06-26 17:23:38.804,10529,10530,10530,2
2019-06-26 17:23:38.877,10529,10530,10530,1
2019-06-26 17:23:39.494,10529,10530,10530,2
2019-06-26 17:23:40.453,10530,10531,10531,1
2019-06-26 17:23:41.132,10530,10531,10531,1
2019-06-26 17:23:41.378,10530,10531,10530,1
2019-06-26 17:23:48.534,10530,10531,10531,8
2019-06-26 17:23:48.576,10530,10531,10531,12
2019-06-26 17:23:48.576,10530,10531,10531,18
2019-06-26 17:23:48.576,10530,10531,10531,1
2019-06-26 17:23:48.701,10530,10531,10531,4
2019-06-26 17:23:51.404,10531,10532,10531,1
2019-06-26 17:23:58.313,10531,10532,10531,1
2019-06-26 17:24:01.048,10531,10532,10531,3
2019-06-26 17:24:02.221,10531,10532,10532,2
2019-06-26 17:24:02.440,10531,10532,10532,1
2019-06-26 17:24:02.513,10531,10532,10532,2
2019-06-26 17:24:02.514,10531,10532,10532,12
2019-06-26 17:24:02.529,10531,10532,10532,2
2019-06-26 17:24:02.533,10531,10532,10532,4
2019-06-26 17:24:02.699,10531,10532,10532,1
2019-06-26 17:24:02.831,10531,10532,10532,6
2019-06-26 17:24:02.915,10531,10532,10532,2
2019-06-26 17:24:02.951,10531,10532,10532,5
2019-06-26 17:24:02.951,10531,10532,10532,4
2019-06-26 17:24:03.011,10531,10532,10532,1
2019-06-26 17:24:03.076,10531,10532,10532,1
2019-06-26 17:24:03.318,10531,10532,10532,2
2019-06-26 17:24:03.318,10531,10532,10532,3
2019-06-26 17:24:03.326,10531,10532,10532,1
2019-06-26 17:24:08.473,10532,10533,10533,3
2019-06-26 17:24:08.743,10532,10533,10533,1
2019-06-26 17:24:08.761,10532,10533,10533,4
2019-06-26 17:24:08.805,10532,10533,10533,8
2019-06-26 17:24:08.826,10532,10533,10533,2
2019-06-26 17:24:08.826,10532,10533,10533,2
2019-06-26 17:24:08.842,10532,10533,10533,22
2019-06-26 17:24:08.842,10532,10533,10534,2
2019-06-26 17:24:09.106,10533,10534,10534,4
2019-06-26 17:24:09.263,10533,10534,10534,1
2019-06-26 17:24:09.263,10533,10534,10534,2
2019-06-26 17:24:09.269,10533,10534,10534,1
2019-06-26 17:24:09.275,10533,10534,10534,1
2019-06-26 17:24:09.308,10533,10534,10534,1
2019-06-26 17:24:09.361,10533,10534,10534,4
2019-06-26 17:24:09.506,10533,10534,10534,1
2019-06-26 17:24:09.597,10533,10534,10534,1
2019-06-26 17:24:09.725,10533,10534,10534,2
2019-06-26 17:24:10.025,10533,10534,10534,1
2019-06-26 17:24:10.035,10533,10534,10534,1
2019-06-26 17:24:10.292,10533,10534,10534,2
2019-06-26 17:24:10.387,10533,10534,10534,1
2019-06-26 17:24:10.497,10533,10534,10534,2
2019-06-26 17:24:11.832,10533,10534,10534,1
2019-06-26 17:24:12.026,10533,10534,10534,1
2019-06-26 17:24:12.780,10534,10535,10535,1
2019-06-26 17:24:12.845,10534,10535,10535,1
2019-06-26 17:24:12.874,10534,10535,10535,1
2019-06-26 17:24:12.874,10534,10535,10535,1
2019-06-26 17:24:12.974,10534,10535,10535,20
2019-06-26 17:24:12.975,10534,10535,10535,20
2019-06-26 17:24:13.228,10534,10535,10535,2
2019-06-26 17:24:13.265,10534,10535,10535,1
2019-06-26 17:24:13.289,10534,10535,10535,2
2019-06-26 17:24:13.398,10534,10535,10535,4
2019-06-26 17:24:13.767,10534,10535,10535,1
2019-06-26 17:24:14.492,10534,10535,10535,22
2019-06-26 17:24:15.143,10535,10536,10536,1
2019-06-26 17:24:15.272,10535,10536,10536,1
2019-06-26 17:24:15.353,10535,10536,10536,1
2019-06-26 17:24:15.365,10535,10536,10536,1
2019-06-26 17:24:15.369,10535,10536,10536,1
2019-06-26 17:24:15.557,10535,10536,10536,2
2019-06-26 17:24:15.636,10535,10536,10536,1
2019-06-26 17:24:15.708,10535,10536,10536,5
2019-06-26 17:24:15.826,10535,10536,10536,1
2019-06-26 17:24:16.290,10535,10536,10536,1
2019-06-26 17:24:16.385,10535,10536,10536,1
2019-06-26 17:24:16.494,10535,10537,10536,1
2019-06-26 17:24:16.661,10535,10536,10536,1
2019-06-26 17:24:17.002,10535,10536,10536,5
2019-06-26 17:24:17.116,10535,10536,10536,1
2019-06-26 17:24:17.666,10535,10536,10536,1
2019-06-26 17:24:18.202,10535,10536,10536,1
2019-06-26 17:24:19.685,10535,10536,10535,2
2019-06-26 17:24:19.826,10535,10536,10536,1
2019-06-26 17:24:21.135,10535,10536,10536,2
2019-06-26 17:24:21.331,10535,10536,10535,1
2019-06-26 17:24:21.576,10535,10536,10535,20
2019-06-26 17:24:26.756,10534,10535,10534,1
2019-06-26 17:24:27.951,10534,10535,10534,2
2019-06-26 17:24:27.951,10534,10535,10534,2
2019-06-26 17:24:27.951,10534,10535,10534,1
2019-06-26 17:24:27.951,10534,10535,10534,4
2019-06-26 17:24:29.068,10533,10534,10534,2
2019-06-26 17:24:29.708,10533,10534,10534,1
2019-06-26 17:24:29.708,10533,10534,10535,1
2019-06-26 17:24:29.827,10533,10535,10534,1
2019-06-26 17:24:30.578,10534,10535,10534,4
2019-06-26 17:24:33.871,10533,10534,10534,1
2019-06-26 17:24:33.988,10533,10534,10533,1
2019-06-26 17:24:34.190,10533,10534,10534,2
2019-06-26 17:24:36.166,10533,10534,10534,1
2019-06-26 17:24:36.201,10533,10534,10534,1
2019-06-26 17:24:38.404,10533,10534,10534,1
2019-06-26 17:24:38.562,10534,10535,10534,1
2019-06-26 17:24:39.169,10533,10534,10533,1
2019-06-26 17:24:41.766,10533,10534,10534,1
2019-06-26 17:24:41.986,10533,10534,10534,1
2019-06-26 17:24:46.047,10534,10535,10535,1
2019-06-26 17:24:46.681,10534,10535,10535,2
2019-06-26 17:24:49.332,10534,10535,10535,1
2019-06-26 17:24:53.996,10534,10535,10535,2
2019-06-26 17:24:55.942,10534,10535,10535,2
2019-06-26 17:24:56.689,10534,10535,10535,2
2019-06-26 17:24:57.018,10534,10535,10535,1
2019-06-26 17:24:57.259,10534,10535,10535,1
2019-06-26 17:25:00.250,10534,10535,10535,1
2019-06-26 17:25:00.883,10534,10535,10535,2
2019-06-26 17:25:00.922,10534,10535,10535,2
2019-06-26 17:25:02.249,10534,10535,10535,1
2019-06-26 17:25:02.970,10534,10535,10534,1
2019-06-26 17:25:03.777,10534,10535,10534,2
2019-06-26 17:25:04.317,10534,10535,10535,2
2019-06-26 17:25:04.334,10534,10535,10535,1
2019-06-26 17:25:05.651,10534,10535,10534,7
2019-06-26 17:25:09.505,10533,10534,10534,1
2019-06-26 17:25:11.065,10533,10534,10534,1
2019-06-26 17:25:13.890,10533,10534,10534,1
2019-06-26 17:25:15.371,10534,10535,10534,1
2019-06-26 17:25:20.947,10533,10534,10534,1
2019-06-26 17:25:22.642,10533,10534,10534,1
2019-06-26 17:25:29.813,10533,10534,10534,1
2019-06-26 17:25:30.965,10533,10534,10534,1
2019-06-26 17:25:35.746,10533,10534,10534,1
2019-06-26 17:25:35.752,10533,10534,10534,2
2019-06-26 17:25:35.768,10533,10534,10534,1
2019-06-26 17:25:35.768,10533,10534,10534,2
2019-06-26 17:25:35.769,10533,10534,10534,1
2019-06-26 17:25:36.017,10533,10534,10534,1
2019-06-26 17:25:36.017,10533,10534,10535,2
2019-06-26 17:25:36.304,10533,10535,10535,1
2019-06-26 17:25:36.305,10533,10535,10535,1
2019-06-26 17:25:36.406,10533,10535,10535,1
2019-06-26 17:25:36.417,10533,10535,10535,2
2019-06-26 17:25:36.420,10533,10535,10535,1
2019-06-26 17:25:36.440,10533,10535,10535,1
2019-06-26 17:25:36.448,10533,10535,10535,1
2019-06-26 17:25:36.456,10534,10535,10535,1
2019-06-26 17:25:36.515,10534,10535,10535,1
2019-06-26 17:25:36.523,10534,10535,10535,1
2019-06-26 17:25:36.626,10534,10535,10535,1
2019-06-26 17:25:36.681,10534,10535,10535,1
2019-06-26 17:25:37.631,10534,10535,10535,2
2019-06-26 17:25:37.674,10534,10535,10535,1
2019-06-26 17:25:37.729,10534,10535,10535,1
2019-06-26 17:25:37.760,10534,10535,10535,2
2019-06-26 17:25:37.773,10534,10535,10535,1
2019-06-26 17:25:37.789,10534,10535,10535,1
2019-06-26 17:25:37.800,10534,10535,10535,2
2019-06-26 17:25:37.813,10534,10535,10536,1
2019-06-26 17:25:38.033,10535,10536,10536,1
2019-06-26 17:25:38.069,10535,10536,10536,1
2019-06-26 17:25:38.140,10535,10536,10536,1
2019-06-26 17:25:38.156,10535,10536,10536,1
2019-06-26 17:25:38.175,10535,10536,10535,1
2019-06-26 17:25:38.357,10535,10536,10536,3
2019-06-26 17:25:38.375,10535,10536,10536,1
2019-06-26 17:25:38.454,10535,10536,10536,1
2019-06-26 17:25:38.486,10535,10536,10536,1
2019-06-26 17:25:38.489,10535,10536,10536,1
2019-06-26 17:25:38.512,10535,10536,10536,1
2019-06-26 17:25:38.766,10535,10536,10536,1
2019-06-26 17:25:38.810,10535,10536,10536,1
2019-06-26 17:25:39.191,10535,10536,10536,2
2019-06-26 17:25:39.436,10535,10536,10536,1
2019-06-26 17:25:39.446,10535,10536,10536,1
2019-06-26 17:25:39.482,10535,10536,10535,1
2019-06-26 17:25:39.536,10535,10536,10536,1
2019-06-26 17:25:39.586,10535,10536,10535,1
2019-06-26 17:25:39.588,10535,10536,10535,1
2019-06-26 17:25:39.628,10535,10536,10535,1
2019-06-26 17:25:39.640,10535,10536,10536,1
2019-06-26 17:25:39.640,10535,10536,10535,1
2019-06-26 17:25:39.908,10535,10536,10535,1
2019-06-26 17:25:39.945,10535,10536,10535,1
2019-06-26 17:25:39.986,10535,10536,10536,2
2019-06-26 17:25:40.069,10535,10536,10535,1
2019-06-26 17:25:40.150,10535,10536,10536,2
2019-06-26 17:25:40.253,10535,10536,10535,1
2019-06-26 17:25:40.337,10535,10536,10535,1
2019-06-26 17:25:40.339,10535,10536,10534,1
2019-06-26 17:25:40.937,10534,10535,10534,1
2019-06-26 17:25:41.007,10534,10535,10534,2
2019-06-26 17:25:41.141,10534,10535,10535,1
2019-06-26 17:25:41.515,10534,10535,10536,1
2019-06-26 17:25:41.526,10534,10535,10534,1
2019-06-26 17:25:41.542,10534,10535,10535,1
2019-06-26 17:25:41.552,10534,10535,10536,1
2019-06-26 17:25:41.582,10534,10536,10534,1
2019-06-26 17:25:41.635,10534,10536,10536,1
2019-06-26 17:25:41.743,10534,10535,10534,1
2019-06-26 17:25:41.748,10534,10535,10535,1
2019-06-26 17:25:41.867,10534,10536,10534,1
2019-06-26 17:25:41.917,10534,10536,10534,2
2019-06-26 17:25:41.923,10534,10536,10535,1
2019-06-26 17:25:41.970,10534,10535,10535,1
2019-06-26 17:25:42.077,10534,10535,10535,1
2019-06-26 17:25:42.135,10534,10535,10535,1
2019-06-26 17:25:42.612,10534,10535,10535,1
2019-06-26 17:25:42.846,10534,10535,10534,2
2019-06-26 17:25:42.929,10534,10535,10534,1
2019-06-26 17:25:43.016,10534,10535,10534,1
2019-06-26 17:25:43.018,10534,10535,10535,1
2019-06-26 17:25:43.046,10534,10535,10535,2
2019-06-26 17:25:43.476,10534,10535,10534,1
2019-06-26 17:25:43.485,10534,10535,10535,1
2019-06-26 17:25:43.487,10534,10535,10535,1
2019-06-26 17:25:43.686,10534,10535,10534,1
2019-06-26 17:25:43.711,10534,10535,10535,1
2019-06-26 17:25:43.746,10534,10535,10535,2
2019-06-26 17:25:43.749,10534,10535,10534,1
2019-06-26 17:25:43.827,10534,10535,10534,1
2019-06-26 17:25:43.947,10534,10535,10534,1
2019-06-26 17:25:43.951,10534,10535,10534,1
2019-06-26 17:25:43.953,10534,10535,10533,1
2019-06-26 17:25:43.953,10534,10535,10535,1
2019-06-26 17:25:43.992,10534,10535,10533,1
2019-06-26 17:25:44.014,10534,10535,10533,1
2019-06-26 17:25:44.301,10533,10534,10534,1
2019-06-26 17:25:44.890,10533,10535,10533,1
2019-06-26 17:25:44.911,10533,10535,10535,2
2019-06-26 17:25:44.960,10533,10534,10534,1
2019-06-26 17:25:44.979,10533,10534,10533,2
2019-06-26 17:25:45.148,10533,10534,10533,1
2019-06-26 17:25:45.379,10534,10535,10534,1
2019-06-26 17:25:45.451,10534,10535,10534,1
2019-06-26 17:25:45.570,10534,10535,10533,1
2019-06-26 17:25:45.637,10533,10534,10533,2
2019-06-26 17:25:45.638,10533,10534,10533,1
2019-06-26 17:25:45.763,10533,10534,10533,1
2019-06-26 17:25:45.804,10533,10534,10533,1
2019-06-26 17:25:45.904,10533,10534,10533,1
2019-06-26 17:25:45.962,10533,10534,10533,1
2019-06-26 17:25:45.974,10533,10534,10533,1
2019-06-26 17:25:46.280,10533,10534,10533,1
2019-06-26 17:25:46.737,10533,10534,10533,1
2019-06-26 17:25:46.764,10533,10534,10533,1
2019-06-26 17:25:46.797,10533,10534,10533,2
2019-06-26 17:25:46.889,10533,10534,10533,2
2019-06-26 17:25:46.924,10533,10534,10533,1
2019-06-26 17:25:47.436,10533,10534,10533,1
2019-06-26 17:25:47.459,10533,10534,10533,1
2019-06-26 17:25:47.472,10533,10534,10533,2
2019-06-26 17:25:47.604,10533,10534,10533,2
2019-06-26 17:25:47.615,10533,10534,10533,1
2019-06-26 17:25:47.793,10533,10534,10533,3
2019-06-26 17:25:48.240,10533,10534,10534,20
