2019-12-17,15:00:00,12088,12088,12088,140
2019-12-17,15:00:00,12088,12088,12088,2
2019-12-17,15:00:00,12088,12088,12088,2
2019-12-17,15:00:00,12088,12088,12088,2
2019-12-17,15:00:00,12088,12088,12088,2
2019-12-17,15:00:00,12089,12089,12089,2
2019-12-17,15:00:00,12089,12089,12089,2
2019-12-17,15:00:00,12088,12088,12088,2
2019-12-17,15:00:00,12088,12088,12088,2
2019-12-17,15:00:00,12088,12088,12088,2
2019-12-17,15:00:00,12089,12089,12089,2
2019-12-17,15:00:00,12088,12088,12088,2
2019-12-17,15:00:00,12088,12088,12088,2
2019-12-17,15:00:00,12088,12088,12088,2
2019-12-17,15:00:00,12089,12089,12089,2
2019-12-17,15:00:00,12088,12088,12088,2
2019-12-17,15:00:00,12088,12088,12088,4
2019-12-17,15:00:00,12089,12089,12089,2
2019-12-17,15:00:00,12088,12088,12088,2
2019-12-17,15:00:00,12089,12089,12089,2
2019-12-17,15:00:00,12088,12088,12088,2
2019-12-17,15:00:01,12089,12089,12089,4
2019-12-17,15:00:01,12089,12089,12089,10
2019-12-17,15:00:01,12088,12088,12088,2
2019-12-17,15:00:01,12088,12088,12088,4
2019-12-17,15:00:01,12089,12089,12089,4
2019-12-17,15:00:01,12089,12089,12089,4
2019-12-17,15:00:02,12089,12089,12089,4
2019-12-17,15:00:02,12089,12089,12089,4
2019-12-17,15:00:02,12089,12089,12089,2
2019-12-17,15:00:02,12089,12089,12089,2
2019-12-17,15:00:02,12090,12090,12090,2
2019-12-17,15:00:02,12089,12089,12089,4
2019-12-17,15:00:02,12089,12089,12089,4
2019-12-17,15:00:03,12090,12090,12090,2
2019-12-17,15:00:03,12089,12089,12089,2
2019-12-17,15:00:04,12089,12089,12089,4
2019-12-17,15:00:05,12089,12089,12089,4
2019-12-17,15:00:06,12089,12089,12089,2
2019-12-17,15:00:06,12089,12089,12089,2
2019-12-17,15:00:06,12089,12089,12089,2
2019-12-17,15:00:06,12089,12089,12089,2
2019-12-17,15:00:06,12088,12088,12088,2
2019-12-17,15:00:07,12088,12088,12088,2
2019-12-17,15:00:07,12089,12089,12089,2
2019-12-17,15:00:07,12089,12089,12089,2
2019-12-17,15:00:11,12088,12088,12088,2
2019-12-17,15:00:11,12088,12088,12088,4
2019-12-17,15:00:12,12088,12088,12088,8
2019-12-17,15:00:12,12089,12089,12089,4
2019-12-17,15:00:12,12088,12088,12088,2
2019-12-17,15:00:13,12088,12088,12088,2
2019-12-17,15:00:13,12089,12089,12089,2
2019-12-17,15:00:13,12088,12088,12088,2
2019-12-17,15:00:13,12088,12088,12088,2
2019-12-17,15:00:13,12088,12088,12088,2
2019-12-17,15:00:14,12088,12088,12088,2
2019-12-17,15:00:14,12088,12088,12088,2
2019-12-17,15:00:14,12088,12088,12088,2
2019-12-17,15:00:15,12089,12089,12089,4
2019-12-17,15:00:15,12088,12088,12088,2
2019-12-17,15:00:15,12088,12088,12088,4
2019-12-17,15:00:15,12088,12088,12088,2
2019-12-17,15:00:15,12088,12088,12088,2
2019-12-17,15:00:15,12088,12088,12088,2
2019-12-17,15:00:17,12089,12089,12089,2
2019-12-17,15:00:17,12089,12089,12089,2
2019-12-17,15:00:19,12088,12088,12088,2
2019-12-17,15:00:19,12088,12088,12088,2
2019-12-17,15:00:19,12089,12089,12089,10
2019-12-17,15:00:19,12088,12088,12088,2
2019-12-17,15:00:19,12088,12088,12088,2
2019-12-17,15:00:22,12089,12089,12089,2
2019-12-17,15:00:22,12088,12088,12088,2
2019-12-17,15:00:22,12088,12088,12088,2
2019-12-17,15:00:22,12088,12088,12088,2
2019-12-17,15:00:23,12089,12089,12089,2
2019-12-17,15:00:24,12088,12088,12088,2
2019-12-17,15:00:24,12089,12089,12089,2
2019-12-17,15:00:24,12088,12088,12088,2
2019-12-17,15:00:24,12088,12088,12088,2
2019-12-17,15:00:25,12088,12088,12088,2
2019-12-17,15:00:25,12089,12089,12089,6
2019-12-17,15:00:25,12089,12089,12089,2
2019-12-17,15:00:25,12089,12089,12089,2
2019-12-17,15:00:25,12089,12089,12089,4
2019-12-17,15:00:25,12090,12090,12090,2
2019-12-17,15:00:25,12088,12088,12088,2
2019-12-17,15:00:27,12090,12090,12090,2
2019-12-17,15:00:27,12090,12090,12090,2
2019-12-17,15:00:27,12090,12090,12090,2
2019-12-17,15:00:27,12090,12090,12090,2
2019-12-17,15:00:28,12090,12090,12090,2
2019-12-17,15:00:29,12090,12090,12090,2
2019-12-17,15:00:29,12090,12090,12090,2
2019-12-17,15:00:30,12089,12089,12089,2
2019-12-17,15:00:30,12090,12090,12090,2
2019-12-17,15:00:31,12089,12089,12089,2
2019-12-17,15:00:33,12090,12090,12090,4
2019-12-17,15:00:36,12090,12090,12090,6
2019-12-17,15:00:37,12089,12089,12089,2
2019-12-17,15:00:42,12090,12090,12090,2
2019-12-17,15:00:43,12089,12089,12089,2
2019-12-17,15:00:44,12090,12090,12090,20
2019-12-17,15:00:44,12090,12090,12090,8
2019-12-17,15:00:44,12090,12090,12090,4
2019-12-17,15:00:46,12090,12090,12090,2
2019-12-17,15:00:47,12090,12090,12090,2
2019-12-17,15:00:48,12090,12090,12090,4
2019-12-17,15:00:48,12090,12090,12090,8
2019-12-17,15:00:48,12090,12090,12090,4
2019-12-17,15:00:48,12090,12090,12090,2
2019-12-17,15:00:48,12090,12090,12090,4
2019-12-17,15:00:48,12090,12090,12090,4
2019-12-17,15:00:48,12090,12090,12090,2
2019-12-17,15:00:48,12090,12090,12090,2
2019-12-17,15:00:48,12090,12090,12090,8
2019-12-17,15:00:50,12090,12090,12090,2
2019-12-17,15:00:52,12090,12090,12090,2
2019-12-17,15:00:53,12089,12089,12089,2
2019-12-17,15:00:54,12090,12090,12090,4
2019-12-17,15:00:56,12089,12089,12089,2
2019-12-17,15:00:56,12089,12089,12089,2
2019-12-17,15:00:58,12090,12090,12090,4
2019-12-17,15:01:00,12089,12089,12089,2
2019-12-17,15:01:00,12090,12090,12090,2
2019-12-17,15:01:00,12089,12089,12089,2
2019-12-17,15:01:00,12089,12089,12089,2
2019-12-17,15:01:00,12089,12089,12089,2
2019-12-17,15:01:00,12089,12089,12089,2
2019-12-17,15:01:01,12089,12089,12089,2
2019-12-17,15:01:02,12089,12089,12089,2
2019-12-17,15:01:02,12090,12090,12090,2
2019-12-17,15:01:03,12089,12089,12089,2
2019-12-17,15:01:03,12089,12089,12089,2
2019-12-17,15:01:04,12090,12090,12090,2
2019-12-17,15:01:05,12089,12089,12089,4
2019-12-17,15:01:06,12089,12089,12089,4
2019-12-17,15:01:06,12089,12089,12089,2
2019-12-17,15:01:06,12089,12089,12089,4
2019-12-17,15:01:06,12089,12089,12089,2
2019-12-17,15:01:06,12089,12089,12089,2
2019-12-17,15:01:06,12089,12089,12089,2
2019-12-17,15:01:06,12089,12089,12089,4
2019-12-17,15:01:07,12089,12089,12089,2
2019-12-17,15:01:07,12089,12089,12089,6
2019-12-17,15:01:08,12089,12089,12089,2
2019-12-17,15:01:08,12089,12089,12089,4
2019-12-17,15:01:08,12089,12089,12089,2
2019-12-17,15:01:09,12089,12089,12089,2
2019-12-17,15:01:09,12089,12089,12089,2
2019-12-17,15:01:10,12089,12089,12089,2
2019-12-17,15:01:11,12089,12089,12089,2
2019-12-17,15:01:11,12089,12089,12089,6
2019-12-17,15:01:12,12088,12088,12088,2
2019-12-17,15:01:12,12088,12088,12088,4
2019-12-17,15:01:12,12088,12088,12088,4
2019-12-17,15:01:12,12089,12089,12089,4
2019-12-17,15:01:13,12089,12089,12089,2
2019-12-17,15:01:14,12089,12089,12089,2
2019-12-17,15:01:14,12089,12089,12089,2
2019-12-17,15:01:25,12089,12089,12089,2
2019-12-17,15:01:27,12089,12089,12089,2
2019-12-17,15:01:27,12089,12089,12089,2
2019-12-17,15:01:27,12089,12089,12089,4
2019-12-17,15:01:27,12089,12089,12089,2
2019-12-17,15:01:34,12089,12089,12089,2
2019-12-17,15:01:34,12089,12089,12089,4
2019-12-17,15:01:34,12089,12089,12089,4
2019-12-17,15:01:34,12089,12089,12089,4
2019-12-17,15:01:34,12089,12089,12089,6
2019-12-17,15:01:34,12089,12089,12089,20
2019-12-17,15:01:34,12089,12089,12089,2
2019-12-17,15:01:34,12089,12089,12089,2
2019-12-17,15:01:34,12089,12089,12089,2
2019-12-17,15:01:34,12089,12089,12089,2
2019-12-17,15:01:35,12088,12088,12088,2
2019-12-17,15:01:35,12089,12089,12089,2
2019-12-17,15:01:35,12089,12089,12089,2
2019-12-17,15:01:38,12089,12089,12089,8
2019-12-17,15:01:41,12089,12089,12089,10
2019-12-17,15:01:41,12090,12090,12090,2
2019-12-17,15:01:41,12090,12090,12090,4
2019-12-17,15:01:42,12090,12090,12090,6
2019-12-17,15:01:42,12090,12090,12090,6
2019-12-17,15:01:42,12090,12090,12090,4
2019-12-17,15:01:42,12090,12090,12090,4
2019-12-17,15:01:43,12090,12090,12090,4
2019-12-17,15:01:44,12090,12090,12090,2
2019-12-17,15:01:45,12090,12090,12090,4
2019-12-17,15:01:46,12090,12090,12090,2
2019-12-17,15:01:47,12090,12090,12090,2
2019-12-17,15:01:49,12090,12090,12090,2
2019-12-17,15:01:52,12089,12089,12089,8
2019-12-17,15:01:52,12090,12090,12090,2
2019-12-17,15:01:53,12089,12089,12089,8
2019-12-17,15:01:53,12090,12090,12090,40
2019-12-17,15:01:53,12090,12090,12090,4
2019-12-17,15:01:53,12090,12090,12090,8
2019-12-17,15:01:54,12090,12090,12090,24
2019-12-17,15:01:54,12090,12090,12090,4
2019-12-17,15:01:55,12091,12091,12091,2
2019-12-17,15:01:55,12090,12090,12090,8
2019-12-17,15:01:58,12091,12091,12091,2
2019-12-17,15:02:00,12091,12091,12091,2
2019-12-17,15:02:02,12090,12090,12090,4
2019-12-17,15:02:03,12091,12091,12091,2
2019-12-17,15:02:03,12091,12091,12091,4
2019-12-17,15:02:03,12091,12091,12091,4
2019-12-17,15:02:03,12091,12091,12091,6
2019-12-17,15:02:04,12091,12091,12091,2
2019-12-17,15:02:04,12092,12092,12092,2
2019-12-17,15:02:05,12091,12091,12091,4
2019-12-17,15:02:06,12092,12092,12092,10
2019-12-17,15:02:06,12092,12092,12092,10
2019-12-17,15:02:06,12092,12092,12092,14
2019-12-17,15:02:07,12092,12092,12092,2
2019-12-17,15:02:07,12092,12092,12092,4
2019-12-17,15:02:10,12093,12093,12093,2
2019-12-17,15:02:11,12093,12093,12093,2
2019-12-17,15:02:11,12092,12092,12092,2
2019-12-17,15:02:11,12093,12093,12093,2
2019-12-17,15:02:16,12093,12093,12093,2
2019-12-17,15:02:17,12092,12092,12092,8
2019-12-17,15:02:17,12092,12092,12092,2
2019-12-17,15:02:17,12092,12092,12092,2
2019-12-17,15:02:18,12092,12092,12092,4
2019-12-17,15:02:19,12093,12093,12093,4
2019-12-17,15:02:19,12093,12093,12093,6
2019-12-17,15:02:20,12093,12093,12093,2
2019-12-17,15:02:23,12092,12092,12092,2
2019-12-17,15:02:24,12093,12093,12093,8
2019-12-17,15:02:34,12092,12092,12092,4
2019-12-17,15:02:34,12092,12092,12092,2
2019-12-17,15:02:34,12092,12092,12092,2
2019-12-17,15:02:34,12092,12092,12092,2
2019-12-17,15:02:34,12092,12092,12092,2
2019-12-17,15:02:34,12092,12092,12092,2
2019-12-17,15:02:34,12092,12092,12092,2
2019-12-17,15:02:34,12092,12092,12092,2
2019-12-17,15:02:35,12092,12092,12092,2
2019-12-17,15:02:35,12092,12092,12092,4
2019-12-17,15:02:37,12091,12091,12091,4
2019-12-17,15:02:37,12091,12091,12091,2
2019-12-17,15:02:37,12091,12091,12091,2
2019-12-17,15:02:37,12092,12092,12092,4
2019-12-17,15:02:38,12092,12092,12092,2
2019-12-17,15:02:43,12091,12091,12091,4
2019-12-17,15:02:44,12091,12091,12091,2
2019-12-17,15:02:44,12091,12091,12091,2
2019-12-17,15:02:47,12092,12092,12092,2
2019-12-17,15:02:48,12091,12091,12091,2
2019-12-17,15:02:51,12092,12092,12092,2
2019-12-17,15:02:53,12092,12092,12092,2
2019-12-17,15:02:55,12092,12092,12092,2
2019-12-17,15:03:00,12091,12091,12091,8
2019-12-17,15:03:00,12091,12091,12091,2
2019-12-17,15:03:00,12091,12091,12091,2
2019-12-17,15:03:00,12091,12091,12091,4
2019-12-17,15:03:00,12091,12091,12091,2
2019-12-17,15:03:00,12091,12091,12091,2
2019-12-17,15:03:01,12091,12091,12091,2
2019-12-17,15:03:02,12091,12091,12091,2
2019-12-17,15:03:02,12091,12091,12091,2
2019-12-17,15:03:03,12091,12091,12091,2
2019-12-17,15:03:03,12091,12091,12091,2
2019-12-17,15:03:03,12091,12091,12091,2
2019-12-17,15:03:09,12091,12091,12091,2
2019-12-17,15:03:12,12091,12091,12091,2
2019-12-17,15:03:14,12091,12091,12091,12
2019-12-17,15:03:14,12091,12091,12091,2
2019-12-17,15:03:17,12091,12091,12091,2
2019-12-17,15:03:18,12091,12091,12091,2
2019-12-17,15:03:19,12091,12091,12091,2
2019-12-17,15:03:22,12091,12091,12091,4
2019-12-17,15:03:22,12091,12091,12091,6
2019-12-17,15:03:30,12091,12091,12091,2
2019-12-17,15:03:32,12092,12092,12092,8
2019-12-17,15:03:32,12092,12092,12092,2
2019-12-17,15:03:32,12092,12092,12092,2
2019-12-17,15:03:35,12093,12093,12093,8
2019-12-17,15:03:37,12093,12093,12093,4
2019-12-17,15:03:38,12093,12093,12093,10
2019-12-17,15:03:38,12093,12093,12093,22
2019-12-17,15:03:38,12093,12093,12093,4
2019-12-17,15:03:40,12093,12093,12093,2
2019-12-17,15:03:41,12093,12093,12093,2
2019-12-17,15:03:41,12093,12093,12093,4
2019-12-17,15:03:41,12093,12093,12093,2
2019-12-17,15:03:41,12093,12093,12093,2
2019-12-17,15:03:41,12093,12093,12093,6
2019-12-17,15:03:44,12092,12092,12092,2
2019-12-17,15:03:59,12092,12092,12092,2
2019-12-17,15:03:59,12093,12093,12093,2
2019-12-17,15:04:05,12092,12092,12092,2
2019-12-17,15:04:05,12092,12092,12092,2
2019-12-17,15:04:12,12092,12092,12092,8
2019-12-17,15:04:12,12092,12092,12092,2
2019-12-17,15:04:12,12092,12092,12092,2
2019-12-17,15:04:12,12092,12092,12092,2
2019-12-17,15:04:12,12092,12092,12092,4
2019-12-17,15:04:12,12092,12092,12092,2
2019-12-17,15:04:13,12092,12092,12092,4
2019-12-17,15:04:13,12092,12092,12092,4
2019-12-17,15:04:13,12092,12092,12092,2
2019-12-17,15:04:14,12091,12091,12091,2
2019-12-17,15:04:14,12092,12092,12092,2
2019-12-17,15:04:16,12092,12092,12092,2
2019-12-17,15:04:19,12092,12092,12092,2
2019-12-17,15:04:20,12091,12091,12091,4
2019-12-17,15:04:22,12091,12091,12091,2
2019-12-17,15:04:23,12092,12092,12092,2
2019-12-17,15:04:28,12091,12091,12091,2
2019-12-17,15:04:30,12092,12092,12092,2
2019-12-17,15:04:43,12092,12092,12092,2
2019-12-17,15:04:44,12092,12092,12092,2
2019-12-17,15:04:51,12092,12092,12092,4
2019-12-17,15:05:11,12092,12092,12092,2
2019-12-17,15:05:12,12092,12092,12092,4
2019-12-17,15:05:12,12092,12092,12092,14
2019-12-17,15:05:12,12093,12093,12093,2
2019-12-17,15:05:12,12092,12092,12092,6
2019-12-17,15:05:12,12092,12092,12092,2
2019-12-17,15:05:12,12093,12093,12093,2
2019-12-17,15:05:12,12092,12092,12092,2
2019-12-17,15:05:12,12091,12091,12091,2
2019-12-17,15:05:15,12091,12091,12091,2
2019-12-17,15:05:19,12092,12092,12092,2
2019-12-17,15:05:23,12091,12091,12091,2
2019-12-17,15:05:24,12091,12091,12091,2
2019-12-17,15:05:24,12091,12091,12091,2
2019-12-17,15:05:24,12091,12091,12091,2
2019-12-17,15:05:24,12091,12091,12091,2
2019-12-17,15:05:24,12091,12091,12091,2
2019-12-17,15:05:24,12091,12091,12091,2
2019-12-17,15:05:24,12091,12091,12091,6
2019-12-17,15:05:24,12091,12091,12091,2
2019-12-17,15:05:24,12091,12091,12091,2
2019-12-17,15:05:24,12091,12091,12091,2
2019-12-17,15:05:24,12091,12091,12091,6
2019-12-17,15:05:25,12091,12091,12091,2
2019-12-17,15:05:26,12091,12091,12091,4
2019-12-17,15:05:29,12090,12090,12090,2
2019-12-17,15:05:29,12090,12090,12090,2
2019-12-17,15:05:29,12090,12090,12090,4
2019-12-17,15:05:29,12090,12090,12090,2
2019-12-17,15:05:29,12090,12090,12090,2
2019-12-17,15:05:29,12090,12090,12090,6
2019-12-17,15:05:29,12090,12090,12090,2
2019-12-17,15:05:29,12090,12090,12090,2
2019-12-17,15:05:29,12090,12090,12090,4
2019-12-17,15:05:30,12090,12090,12090,6
2019-12-17,15:05:30,12090,12090,12090,6
2019-12-17,15:05:30,12090,12090,12090,10
2019-12-17,15:05:30,12090,12090,12090,6
2019-12-17,15:05:30,12090,12090,12090,4
2019-12-17,15:05:30,12090,12090,12090,2
2019-12-17,15:05:30,12090,12090,12090,2
2019-12-17,15:05:30,12090,12090,12090,6
2019-12-17,15:05:30,12090,12090,12090,2
2019-12-17,15:05:30,12090,12090,12090,4
2019-12-17,15:05:30,12090,12090,12090,6
2019-12-17,15:05:30,12090,12090,12090,4
2019-12-17,15:05:30,12090,12090,12090,2
2019-12-17,15:05:30,12090,12090,12090,2
2019-12-17,15:05:30,12090,12090,12090,2
2019-12-17,15:05:30,12090,12090,12090,4
2019-12-17,15:05:30,12090,12090,12090,6
2019-12-17,15:05:30,12090,12090,12090,10
2019-12-17,15:05:30,12090,12090,12090,10
2019-12-17,15:05:30,12090,12090,12090,10
2019-12-17,15:05:32,12089,12089,12089,2
2019-12-17,15:05:32,12089,12089,12089,2
2019-12-17,15:05:33,12090,12090,12090,2
2019-12-17,15:05:37,12089,12089,12089,2
2019-12-17,15:05:37,12089,12089,12089,2
2019-12-17,15:05:37,12090,12090,12090,4
2019-12-17,15:05:37,12089,12089,12089,8
2019-12-17,15:05:37,12089,12089,12089,2
2019-12-17,15:05:37,12089,12089,12089,2
2019-12-17,15:05:37,12089,12089,12089,2
2019-12-17,15:05:37,12089,12089,12089,6
2019-12-17,15:05:37,12089,12089,12089,2
2019-12-17,15:05:37,12089,12089,12089,2
2019-12-17,15:05:37,12089,12089,12089,4
2019-12-17,15:05:37,12089,12089,12089,2
2019-12-17,15:05:37,12089,12089,12089,6
2019-12-17,15:05:37,12089,12089,12089,4
2019-12-17,15:05:37,12089,12089,12089,4
2019-12-17,15:05:38,12089,12089,12089,4
2019-12-17,15:05:38,12089,12089,12089,4
2019-12-17,15:05:38,12089,12089,12089,4
2019-12-17,15:05:38,12089,12089,12089,4
2019-12-17,15:05:39,12088,12088,12088,2
2019-12-17,15:05:39,12088,12088,12088,2
2019-12-17,15:05:39,12088,12088,12088,2
2019-12-17,15:05:40,12089,12089,12089,4
2019-12-17,15:05:41,12088,12088,12088,2
2019-12-17,15:05:42,12088,12088,12088,2
2019-12-17,15:05:42,12088,12088,12088,2
2019-12-17,15:05:42,12088,12088,12088,2
2019-12-17,15:05:42,12088,12088,12088,2
2019-12-17,15:05:42,12088,12088,12088,2
2019-12-17,15:05:42,12088,12088,12088,6
2019-12-17,15:05:42,12088,12088,12088,2
2019-12-17,15:05:42,12088,12088,12088,2
2019-12-17,15:05:42,12088,12088,12088,2
2019-12-17,15:05:42,12088,12088,12088,2
2019-12-17,15:05:42,12088,12088,12088,2
2019-12-17,15:05:42,12088,12088,12088,2
2019-12-17,15:05:43,12088,12088,12088,2
2019-12-17,15:05:45,12088,12088,12088,22
2019-12-17,15:05:45,12088,12088,12088,2
2019-12-17,15:05:45,12088,12088,12088,2
2019-12-17,15:05:48,12088,12088,12088,4
2019-12-17,15:05:50,12088,12088,12088,2
2019-12-17,15:05:54,12089,12089,12089,4
2019-12-17,15:05:57,12089,12089,12089,2
2019-12-17,15:05:59,12089,12089,12089,2
2019-12-17,15:06:00,12089,12089,12089,2
2019-12-17,15:06:00,12090,12090,12090,2
2019-12-17,15:06:16,12090,12090,12090,20
2019-12-17,15:06:17,12090,12090,12090,2
2019-12-17,15:06:25,12090,12090,12090,2
2019-12-17,15:06:34,12090,12090,12090,4
2019-12-17,15:06:37,12090,12090,12090,16
2019-12-17,15:06:37,12090,12090,12090,4
2019-12-17,15:06:41,12090,12090,12090,4
2019-12-17,15:06:44,12091,12091,12091,4
2019-12-17,15:06:49,12091,12091,12091,2
2019-12-17,15:06:49,12091,12091,12091,2
2019-12-17,15:06:52,12091,12091,12091,4
2019-12-17,15:06:58,12091,12091,12091,2
2019-12-17,15:06:59,12091,12091,12091,4
2019-12-17,15:06:59,12091,12091,12091,2
2019-12-17,15:07:00,12090,12090,12090,28
2019-12-17,15:07:00,12090,12090,12090,2
2019-12-17,15:07:00,12090,12090,12090,2
2019-12-17,15:07:00,12090,12090,12090,2
2019-12-17,15:07:02,12089,12089,12089,8
2019-12-17,15:07:02,12089,12089,12089,2
2019-12-17,15:07:02,12089,12089,12089,2
2019-12-17,15:07:02,12089,12089,12089,6
2019-12-17,15:07:02,12089,12089,12089,2
2019-12-17,15:07:03,12090,12090,12090,2
2019-12-17,15:07:04,12089,12089,12089,2
2019-12-17,15:07:04,12089,12089,12089,2
2019-12-17,15:07:05,12090,12090,12090,2
2019-12-17,15:07:07,12089,12089,12089,2
2019-12-17,15:07:07,12089,12089,12089,2
2019-12-17,15:07:09,12089,12089,12089,2
2019-12-17,15:07:09,12088,12088,12088,2
2019-12-17,15:07:16,12090,12090,12090,2
2019-12-17,15:07:20,12089,12089,12089,2
2019-12-17,15:07:23,12089,12089,12089,2
2019-12-17,15:07:23,12089,12089,12089,4
2019-12-17,15:07:23,12089,12089,12089,4
2019-12-17,15:07:25,12089,12089,12089,2
2019-12-17,15:07:25,12089,12089,12089,2
2019-12-17,15:07:25,12089,12089,12089,2
2019-12-17,15:07:25,12089,12089,12089,4
2019-12-17,15:07:27,12090,12090,12090,2
2019-12-17,15:07:28,12089,12089,12089,2
2019-12-17,15:07:29,12089,12089,12089,2
2019-12-17,15:07:29,12089,12089,12089,2
2019-12-17,15:07:29,12089,12089,12089,2
2019-12-17,15:07:38,12089,12089,12089,6
2019-12-17,15:07:42,12089,12089,12089,2
2019-12-17,15:07:47,12089,12089,12089,2
2019-12-17,15:07:50,12089,12089,12089,2
2019-12-17,15:07:51,12088,12088,12088,2
2019-12-17,15:07:58,12088,12088,12088,2
2019-12-17,15:08:04,12088,12088,12088,4
2019-12-17,15:08:05,12088,12088,12088,2
2019-12-17,15:08:08,12089,12089,12089,8
2019-12-17,15:08:15,12088,12088,12088,2
2019-12-17,15:08:31,12088,12088,12088,2
2019-12-17,15:08:31,12088,12088,12088,2
2019-12-17,15:08:31,12088,12088,12088,2
2019-12-17,15:08:31,12088,12088,12088,2
2019-12-17,15:08:31,12088,12088,12088,2
2019-12-17,15:08:32,12088,12088,12088,2
2019-12-17,15:08:32,12088,12088,12088,2
2019-12-17,15:08:32,12088,12088,12088,2
2019-12-17,15:08:32,12088,12088,12088,2
2019-12-17,15:08:32,12088,12088,12088,2
2019-12-17,15:08:35,12088,12088,12088,4
2019-12-17,15:08:35,12088,12088,12088,2
2019-12-17,15:08:39,12088,12088,12088,2
2019-12-17,15:08:39,12088,12088,12088,2
2019-12-17,15:08:44,12089,12089,12089,4
2019-12-17,15:08:45,12089,12089,12089,2
2019-12-17,15:08:49,12089,12089,12089,2
2019-12-17,15:08:50,12089,12089,12089,4
2019-12-17,15:08:53,12089,12089,12089,2
2019-12-17,15:08:54,12089,12089,12089,2
2019-12-17,15:08:54,12089,12089,12089,2
2019-12-17,15:09:02,12089,12089,12089,4
2019-12-17,15:09:02,12089,12089,12089,2
2019-12-17,15:09:02,12089,12089,12089,2
2019-12-17,15:09:02,12089,12089,12089,2
2019-12-17,15:09:02,12089,12089,12089,2
2019-12-17,15:09:08,12089,12089,12089,2
2019-12-17,15:09:11,12089,12089,12089,2
2019-12-17,15:09:17,12089,12089,12089,2
2019-12-17,15:09:25,12089,12089,12089,2
2019-12-17,15:09:25,12089,12089,12089,2
2019-12-17,15:09:32,12089,12089,12089,10
2019-12-17,15:09:37,12089,12089,12089,2
2019-12-17,15:09:38,12089,12089,12089,2
2019-12-17,15:09:48,12089,12089,12089,2
2019-12-17,15:09:48,12089,12089,12089,2
2019-12-17,15:09:50,12088,12088,12088,2
2019-12-17,15:09:50,12088,12088,12088,6
2019-12-17,15:09:50,12088,12088,12088,2
2019-12-17,15:09:50,12088,12088,12088,2
2019-12-17,15:09:50,12088,12088,12088,2
2019-12-17,15:09:52,12088,12088,12088,2
2019-12-17,15:09:52,12088,12088,12088,2
2019-12-17,15:09:56,12088,12088,12088,2
2019-12-17,15:09:58,12088,12088,12088,2
2019-12-17,15:09:59,12088,12088,12088,4
2019-12-17,15:10:01,12088,12088,12088,12
2019-12-17,15:10:01,12088,12088,12088,4
2019-12-17,15:10:01,12088,12088,12088,4
2019-12-17,15:10:01,12088,12088,12088,2
2019-12-17,15:10:01,12088,12088,12088,2
2019-12-17,15:10:01,12088,12088,12088,16
2019-12-17,15:10:01,12088,12088,12088,2
2019-12-17,15:10:01,12088,12088,12088,2
2019-12-17,15:10:01,12088,12088,12088,6
2019-12-17,15:10:01,12088,12088,12088,2
2019-12-17,15:10:01,12088,12088,12088,2
2019-12-17,15:10:01,12088,12088,12088,2
2019-12-17,15:10:01,12088,12088,12088,2
2019-12-17,15:10:01,12088,12088,12088,4
2019-12-17,15:10:02,12088,12088,12088,4
2019-12-17,15:10:02,12088,12088,12088,4
2019-12-17,15:10:03,12088,12088,12088,2
2019-12-17,15:10:03,12087,12087,12087,2
2019-12-17,15:10:04,12087,12087,12087,2
2019-12-17,15:10:04,12087,12087,12087,2
2019-12-17,15:10:04,12087,12087,12087,2
2019-12-17,15:10:04,12087,12087,12087,4
2019-12-17,15:10:04,12087,12087,12087,2
2019-12-17,15:10:04,12087,12087,12087,2
2019-12-17,15:10:04,12087,12087,12087,2
2019-12-17,15:10:04,12087,12087,12087,2
2019-12-17,15:10:04,12087,12087,12087,2
2019-12-17,15:10:04,12087,12087,12087,2
2019-12-17,15:10:04,12087,12087,12087,2
2019-12-17,15:10:04,12087,12087,12087,14
2019-12-17,15:10:04,12087,12087,12087,2
2019-12-17,15:10:04,12087,12087,12087,2
2019-12-17,15:10:04,12087,12087,12087,2
2019-12-17,15:10:05,12086,12086,12086,2
2019-12-17,15:10:05,12086,12086,12086,2
2019-12-17,15:10:05,12086,12086,12086,2
2019-12-17,15:10:06,12086,12086,12086,2
2019-12-17,15:10:06,12086,12086,12086,2
2019-12-17,15:10:06,12086,12086,12086,2
2019-12-17,15:10:06,12086,12086,12086,2
2019-12-17,15:10:06,12086,12086,12086,2
2019-12-17,15:10:06,12086,12086,12086,2
2019-12-17,15:10:06,12086,12086,12086,2
2019-12-17,15:10:06,12086,12086,12086,2
2019-12-17,15:10:07,12085,12085,12085,4
2019-12-17,15:10:07,12085,12085,12085,2
2019-12-17,15:10:07,12085,12085,12085,2
2019-12-17,15:10:07,12085,12085,12085,2
2019-12-17,15:10:07,12085,12085,12085,4
2019-12-17,15:10:07,12085,12085,12085,2
2019-12-17,15:10:07,12085,12085,12085,2
2019-12-17,15:10:07,12085,12085,12085,2
2019-12-17,15:10:07,12085,12085,12085,2
2019-12-17,15:10:07,12085,12085,12085,2
2019-12-17,15:10:07,12085,12085,12085,2
2019-12-17,15:10:07,12085,12085,12085,2
2019-12-17,15:10:07,12085,12085,12085,2
2019-12-17,15:10:07,12085,12085,12085,2
2019-12-17,15:10:07,12085,12085,12085,4
2019-12-17,15:10:07,12086,12086,12086,6
2019-12-17,15:10:08,12086,12086,12086,2
2019-12-17,15:10:10,12086,12086,12086,2
2019-12-17,15:10:17,12086,12086,12086,2
2019-12-17,15:10:18,12086,12086,12086,2
2019-12-17,15:10:19,12085,12085,12085,2
2019-12-17,15:10:19,12085,12085,12085,8
2019-12-17,15:10:20,12085,12085,12085,2
2019-12-17,15:10:20,12085,12085,12085,2
2019-12-17,15:10:20,12085,12085,12085,2
2019-12-17,15:10:20,12085,12085,12085,2
2019-12-17,15:10:20,12085,12085,12085,2
2019-12-17,15:10:20,12085,12085,12085,2
2019-12-17,15:10:22,12085,12085,12085,2
2019-12-17,15:10:22,12085,12085,12085,2
2019-12-17,15:10:22,12085,12085,12085,2
2019-12-17,15:10:22,12085,12085,12085,4
2019-12-17,15:10:23,12085,12085,12085,2
2019-12-17,15:10:23,12085,12085,12085,2
2019-12-17,15:10:24,12086,12086,12086,4
2019-12-17,15:10:25,12086,12086,12086,2
2019-12-17,15:10:25,12086,12086,12086,2
2019-12-17,15:10:25,12085,12085,12085,2
2019-12-17,15:10:25,12085,12085,12085,2
2019-12-17,15:10:27,12085,12085,12085,2
2019-12-17,15:10:27,12085,12085,12085,2
2019-12-17,15:10:27,12085,12085,12085,2
2019-12-17,15:10:27,12085,12085,12085,2
2019-12-17,15:10:28,12085,12085,12085,2
2019-12-17,15:10:28,12085,12085,12085,2
2019-12-17,15:10:29,12084,12084,12084,2
2019-12-17,15:10:29,12084,12084,12084,2
2019-12-17,15:10:29,12084,12084,12084,2
2019-12-17,15:10:29,12084,12084,12084,2
2019-12-17,15:10:29,12084,12084,12084,10
2019-12-17,15:10:29,12084,12084,12084,2
2019-12-17,15:10:30,12083,12083,12083,2
2019-12-17,15:10:30,12083,12083,12083,2
2019-12-17,15:10:30,12083,12083,12083,2
2019-12-17,15:10:30,12083,12083,12083,2
2019-12-17,15:10:30,12083,12083,12083,2
2019-12-17,15:10:30,12084,12084,12084,4
2019-12-17,15:10:31,12083,12083,12083,2
2019-12-17,15:10:31,12083,12083,12083,2
2019-12-17,15:10:31,12083,12083,12083,2
2019-12-17,15:10:32,12083,12083,12083,2
2019-12-17,15:10:32,12083,12083,12083,2
2019-12-17,15:10:33,12083,12083,12083,2
2019-12-17,15:10:33,12083,12083,12083,2
2019-12-17,15:10:34,12084,12084,12084,2
2019-12-17,15:10:35,12083,12083,12083,2
2019-12-17,15:10:35,12083,12083,12083,8
2019-12-17,15:10:36,12083,12083,12083,2
2019-12-17,15:10:36,12083,12083,12083,2
2019-12-17,15:10:36,12083,12083,12083,12
2019-12-17,15:10:36,12083,12083,12083,2
2019-12-17,15:10:36,12083,12083,12083,4
2019-12-17,15:10:36,12083,12083,12083,2
2019-12-17,15:10:36,12083,12083,12083,2
2019-12-17,15:10:36,12083,12083,12083,4
2019-12-17,15:10:36,12083,12083,12083,2
2019-12-17,15:10:36,12083,12083,12083,2
2019-12-17,15:10:36,12083,12083,12083,2
2019-12-17,15:10:36,12083,12083,12083,4
2019-12-17,15:10:36,12083,12083,12083,4
2019-12-17,15:10:36,12083,12083,12083,2
2019-12-17,15:10:38,12083,12083,12083,4
2019-12-17,15:10:39,12083,12083,12083,2
2019-12-17,15:10:43,12082,12082,12082,2
2019-12-17,15:10:43,12082,12082,12082,2
2019-12-17,15:10:43,12082,12082,12082,2
2019-12-17,15:10:44,12082,12082,12082,8
2019-12-17,15:10:45,12082,12082,12082,2
2019-12-17,15:10:46,12082,12082,12082,2
2019-12-17,15:10:46,12082,12082,12082,4
2019-12-17,15:10:46,12082,12082,12082,4
2019-12-17,15:10:46,12082,12082,12082,2
2019-12-17,15:10:46,12082,12082,12082,2
2019-12-17,15:10:46,12082,12082,12082,4
2019-12-17,15:10:46,12082,12082,12082,6
2019-12-17,15:10:46,12082,12082,12082,2
2019-12-17,15:10:46,12082,12082,12082,2
2019-12-17,15:10:46,12082,12082,12082,2
2019-12-17,15:10:46,12082,12082,12082,4
2019-12-17,15:10:47,12082,12082,12082,2
2019-12-17,15:10:47,12081,12081,12081,6
2019-12-17,15:10:47,12081,12081,12081,4
2019-12-17,15:10:47,12082,12082,12082,2
2019-12-17,15:10:47,12081,12081,12081,2
2019-12-17,15:10:48,12081,12081,12081,2
2019-12-17,15:10:49,12081,12081,12081,4
2019-12-17,15:10:50,12081,12081,12081,2
2019-12-17,15:10:51,12082,12082,12082,2
2019-12-17,15:10:52,12082,12082,12082,2
2019-12-17,15:10:53,12081,12081,12081,2
2019-12-17,15:10:54,12082,12082,12082,4
2019-12-17,15:10:54,12082,12082,12082,2
2019-12-17,15:10:54,12081,12081,12081,2
2019-12-17,15:10:57,12082,12082,12082,10
2019-12-17,15:11:01,12081,12081,12081,2
2019-12-17,15:11:01,12082,12082,12082,18
2019-12-17,15:11:01,12082,12082,12082,2
2019-12-17,15:11:01,12082,12082,12082,2
2019-12-17,15:11:01,12082,12082,12082,2
2019-12-17,15:11:01,12082,12082,12082,4
2019-12-17,15:11:01,12082,12082,12082,4
2019-12-17,15:11:01,12082,12082,12082,4
2019-12-17,15:11:01,12082,12082,12082,4
2019-12-17,15:11:01,12082,12082,12082,2
2019-12-17,15:11:02,12081,12081,12081,4
2019-12-17,15:11:02,12082,12082,12082,2
2019-12-17,15:11:04,12082,12082,12082,2
2019-12-17,15:11:04,12082,12082,12082,6
2019-12-17,15:11:05,12082,12082,12082,2
2019-12-17,15:11:06,12082,12082,12082,2
2019-12-17,15:11:06,12082,12082,12082,8
2019-12-17,15:11:07,12082,12082,12082,2
2019-12-17,15:11:08,12082,12082,12082,2
2019-12-17,15:11:10,12082,12082,12082,2
2019-12-17,15:11:12,12082,12082,12082,2
2019-12-17,15:11:13,12082,12082,12082,2
2019-12-17,15:11:14,12082,12082,12082,4
2019-12-17,15:11:14,12082,12082,12082,2
2019-12-17,15:11:14,12081,12081,12081,2
2019-12-17,15:11:14,12081,12081,12081,2
2019-12-17,15:11:14,12081,12081,12081,2
2019-12-17,15:11:14,12081,12081,12081,2
2019-12-17,15:11:14,12081,12081,12081,2
2019-12-17,15:11:17,12082,12082,12082,4
2019-12-17,15:11:21,12082,12082,12082,6
2019-12-17,15:11:21,12083,12083,12083,4
2019-12-17,15:11:22,12082,12082,12082,2
2019-12-17,15:11:24,12082,12082,12082,2
2019-12-17,15:11:25,12082,12082,12082,2
2019-12-17,15:11:27,12082,12082,12082,2
2019-12-17,15:11:27,12082,12082,12082,2
2019-12-17,15:11:27,12082,12082,12082,2
2019-12-17,15:11:31,12082,12082,12082,2
2019-12-17,15:11:33,12082,12082,12082,2
2019-12-17,15:11:33,12082,12082,12082,2
2019-12-17,15:11:34,12082,12082,12082,2
2019-12-17,15:11:34,12082,12082,12082,2
2019-12-17,15:11:34,12082,12082,12082,2
2019-12-17,15:11:34,12081,12081,12081,2
2019-12-17,15:11:34,12081,12081,12081,2
2019-12-17,15:11:44,12082,12082,12082,2
2019-12-17,15:11:52,12083,12083,12083,2
2019-12-17,15:11:53,12083,12083,12083,2
2019-12-17,15:11:56,12083,12083,12083,2
2019-12-17,15:11:57,12083,12083,12083,10
2019-12-17,15:12:04,12083,12083,12083,4
2019-12-17,15:12:04,12083,12083,12083,2
2019-12-17,15:12:04,12083,12083,12083,20
2019-12-17,15:12:04,12083,12083,12083,8
2019-12-17,15:12:04,12083,12083,12083,2
2019-12-17,15:12:05,12082,12082,12082,2
2019-12-17,15:12:05,12082,12082,12082,2
2019-12-17,15:12:05,12082,12082,12082,2
2019-12-17,15:12:05,12082,12082,12082,4
2019-12-17,15:12:05,12082,12082,12082,2
2019-12-17,15:12:05,12082,12082,12082,2
2019-12-17,15:12:05,12082,12082,12082,2
2019-12-17,15:12:05,12082,12082,12082,2
2019-12-17,15:12:05,12082,12082,12082,4
2019-12-17,15:12:05,12082,12082,12082,2
2019-12-17,15:12:05,12082,12082,12082,4
2019-12-17,15:12:05,12082,12082,12082,2
2019-12-17,15:12:05,12082,12082,12082,2
2019-12-17,15:12:05,12082,12082,12082,2
2019-12-17,15:12:05,12082,12082,12082,2
2019-12-17,15:12:05,12082,12082,12082,2
2019-12-17,15:12:05,12082,12082,12082,2
2019-12-17,15:12:05,12082,12082,12082,8
2019-12-17,15:12:05,12082,12082,12082,2
2019-12-17,15:12:05,12082,12082,12082,4
2019-12-17,15:12:05,12081,12081,12081,2
2019-12-17,15:12:05,12082,12082,12082,2
2019-12-17,15:12:05,12082,12082,12082,2
2019-12-17,15:12:05,12082,12082,12082,2
2019-12-17,15:12:07,12082,12082,12082,2
2019-12-17,15:12:09,12082,12082,12082,4
2019-12-17,15:12:10,12083,12083,12083,12
2019-12-17,15:12:10,12082,12082,12082,4
2019-12-17,15:12:10,12082,12082,12082,6
2019-12-17,15:12:10,12081,12081,12081,2
2019-12-17,15:12:10,12081,12081,12081,4
2019-12-17,15:12:10,12081,12081,12081,2
2019-12-17,15:12:10,12081,12081,12081,2
2019-12-17,15:12:20,12082,12082,12082,2
2019-12-17,15:12:25,12082,12082,12082,2
2019-12-17,15:12:26,12081,12081,12081,2
2019-12-17,15:12:28,12082,12082,12082,4
2019-12-17,15:12:34,12081,12081,12081,2
2019-12-17,15:12:35,12082,12082,12082,6
2019-12-17,15:12:35,12082,12082,12082,34
2019-12-17,15:12:37,12082,12082,12082,2
2019-12-17,15:12:41,12082,12082,12082,2
2019-12-17,15:12:43,12082,12082,12082,12
2019-12-17,15:12:43,12082,12082,12082,8
2019-12-17,15:12:43,12082,12082,12082,18
2019-12-17,15:12:44,12083,12083,12083,2
2019-12-17,15:12:47,12082,12082,12082,4
2019-12-17,15:12:51,12082,12082,12082,2
2019-12-17,15:12:51,12082,12082,12082,18
2019-12-17,15:12:51,12082,12082,12082,2
2019-12-17,15:12:51,12082,12082,12082,4
2019-12-17,15:12:52,12082,12082,12082,2
2019-12-17,15:12:55,12082,12082,12082,2
2019-12-17,15:13:01,12082,12082,12082,2
2019-12-17,15:13:01,12082,12082,12082,2
2019-12-17,15:13:01,12081,12081,12081,2
2019-12-17,15:13:03,12083,12083,12083,2
2019-12-17,15:13:04,12082,12082,12082,2
2019-12-17,15:13:04,12082,12082,12082,2
2019-12-17,15:13:11,12082,12082,12082,2
2019-12-17,15:13:11,12083,12083,12083,2
2019-12-17,15:13:12,12081,12081,12081,2
2019-12-17,15:13:19,12082,12082,12082,2
2019-12-17,15:13:19,12082,12082,12082,2
2019-12-17,15:13:19,12082,12082,12082,20
2019-12-17,15:13:24,12081,12081,12081,2
2019-12-17,15:13:25,12081,12081,12081,2
2019-12-17,15:13:32,12081,12081,12081,2
2019-12-17,15:13:37,12082,12082,12082,14
2019-12-17,15:13:37,12082,12082,12082,2
2019-12-17,15:13:39,12082,12082,12082,4
2019-12-17,15:13:39,12082,12082,12082,4
2019-12-17,15:13:39,12082,12082,12082,2
2019-12-17,15:13:45,12082,12082,12082,2
2019-12-17,15:13:53,12082,12082,12082,6
2019-12-17,15:13:59,12082,12082,12082,2
2019-12-17,15:14:02,12083,12083,12083,18
2019-12-17,15:14:02,12083,12083,12083,8
2019-12-17,15:14:02,12083,12083,12083,4
2019-12-17,15:14:02,12083,12083,12083,14
2019-12-17,15:14:02,12083,12083,12083,4
2019-12-17,15:14:02,12083,12083,12083,2
2019-12-17,15:14:10,12083,12083,12083,10
2019-12-17,15:14:10,12083,12083,12083,6
2019-12-17,15:14:10,12083,12083,12083,4
2019-12-17,15:14:16,12083,12083,12083,2
2019-12-17,15:14:16,12083,12083,12083,2
2019-12-17,15:14:17,12083,12083,12083,2
2019-12-17,15:14:18,12083,12083,12083,4
2019-12-17,15:14:18,12083,12083,12083,4
2019-12-17,15:14:23,12083,12083,12083,2
2019-12-17,15:14:25,12083,12083,12083,6
2019-12-17,15:14:26,12084,12084,12084,2
2019-12-17,15:14:42,12083,12083,12083,2
2019-12-17,15:14:42,12083,12083,12083,2
2019-12-17,15:14:42,12083,12083,12083,2
2019-12-17,15:14:53,12083,12083,12083,2
2019-12-17,15:14:57,12083,12083,12083,2
2019-12-17,15:14:57,12083,12083,12083,2
2019-12-17,15:14:58,12083,12083,12083,2
2019-12-17,15:14:58,12083,12083,12083,2
2019-12-17,15:14:59,12084,12084,12084,8
2019-12-17,15:15:01,12083,12083,12083,2
2019-12-17,15:15:01,12083,12083,12083,2
2019-12-17,15:15:01,12083,12083,12083,2
2019-12-17,15:15:01,12083,12083,12083,2
2019-12-17,15:15:01,12083,12083,12083,2
2019-12-17,15:15:01,12083,12083,12083,2
2019-12-17,15:15:01,12082,12082,12082,2
2019-12-17,15:15:03,12083,12083,12083,2
2019-12-17,15:15:06,12082,12082,12082,2
2019-12-17,15:15:10,12083,12083,12083,4
2019-12-17,15:15:11,12083,12083,12083,2
2019-12-17,15:15:11,12083,12083,12083,4
2019-12-17,15:15:14,12084,12084,12084,10
2019-12-17,15:15:16,12083,12083,12083,2
2019-12-17,15:15:18,12084,12084,12084,2
2019-12-17,15:15:19,12084,12084,12084,52
2019-12-17,15:15:19,12085,12085,12085,2
2019-12-17,15:15:20,12084,12084,12084,2
2019-12-17,15:15:21,12085,12085,12085,2
2019-12-17,15:15:24,12085,12085,12085,2
2019-12-17,15:15:24,12085,12085,12085,8
2019-12-17,15:15:25,12085,12085,12085,2
2019-12-17,15:15:25,12085,12085,12085,2
2019-12-17,15:15:31,12085,12085,12085,2
2019-12-17,15:15:33,12084,12084,12084,2
2019-12-17,15:15:34,12084,12084,12084,2
2019-12-17,15:15:34,12084,12084,12084,2
2019-12-17,15:15:34,12084,12084,12084,4
2019-12-17,15:15:37,12085,12085,12085,4
2019-12-17,15:15:49,12085,12085,12085,2
2019-12-17,15:15:58,12084,12084,12084,2
2019-12-17,15:16:01,12085,12085,12085,10
2019-12-17,15:16:03,12085,12085,12085,2
2019-12-17,15:16:06,12084,12084,12084,2
2019-12-17,15:16:06,12084,12084,12084,2
2019-12-17,15:16:15,12084,12084,12084,2
2019-12-17,15:16:27,12084,12084,12084,2
2019-12-17,15:16:29,12085,12085,12085,2
2019-12-17,15:16:29,12085,12085,12085,40
2019-12-17,15:16:30,12085,12085,12085,2
2019-12-17,15:16:41,12085,12085,12085,40
2019-12-17,15:16:41,12085,12085,12085,10
2019-12-17,15:16:42,12084,12084,12084,2
2019-12-17,15:16:43,12084,12084,12084,2
2019-12-17,15:16:43,12084,12084,12084,2
2019-12-17,15:16:43,12084,12084,12084,2
2019-12-17,15:16:43,12084,12084,12084,2
2019-12-17,15:16:43,12084,12084,12084,2
2019-12-17,15:16:43,12084,12084,12084,2
2019-12-17,15:16:43,12084,12084,12084,2
2019-12-17,15:16:56,12083,12083,12083,2
2019-12-17,15:16:57,12083,12083,12083,2
2019-12-17,15:16:59,12083,12083,12083,2
2019-12-17,15:16:59,12084,12084,12084,14
2019-12-17,15:16:59,12084,12084,12084,2
2019-12-17,15:17:04,12084,12084,12084,2
2019-12-17,15:17:05,12084,12084,12084,2
2019-12-17,15:17:06,12083,12083,12083,2
2019-12-17,15:17:31,12083,12083,12083,2
2019-12-17,15:17:37,12084,12084,12084,2
2019-12-17,15:17:53,12084,12084,12084,2
2019-12-17,15:17:55,12084,12084,12084,20
2019-12-17,15:18:00,12084,12084,12084,12
2019-12-17,15:18:00,12084,12084,12084,2
2019-12-17,15:18:01,12084,12084,12084,2
2019-12-17,15:18:02,12084,12084,12084,10
2019-12-17,15:18:07,12084,12084,12084,2
2019-12-17,15:18:11,12085,12085,12085,2
2019-12-17,15:18:22,12085,12085,12085,2
2019-12-17,15:18:25,12084,12084,12084,2
2019-12-17,15:18:39,12084,12084,12084,2
2019-12-17,15:18:47,12084,12084,12084,2
2019-12-17,15:18:53,12084,12084,12084,2
2019-12-17,15:18:53,12084,12084,12084,2
2019-12-17,15:18:57,12084,12084,12084,2
2019-12-17,15:19:03,12084,12084,12084,2
2019-12-17,15:19:05,12084,12084,12084,2
2019-12-17,15:19:19,12083,12083,12083,2
2019-12-17,15:19:23,12084,12084,12084,2
2019-12-17,15:19:29,12084,12084,12084,2
2019-12-17,15:19:46,12085,12085,12085,8
2019-12-17,15:19:46,12085,12085,12085,30
2019-12-17,15:19:46,12085,12085,12085,2
2019-12-17,15:19:46,12085,12085,12085,4
2019-12-17,15:19:46,12085,12085,12085,6
2019-12-17,15:19:46,12085,12085,12085,8
2019-12-17,15:19:46,12085,12085,12085,2
2019-12-17,15:19:52,12086,12086,12086,2
2019-12-17,15:19:57,12086,12086,12086,6
2019-12-17,15:19:59,12085,12085,12085,6
2019-12-17,15:19:59,12085,12085,12085,4
2019-12-17,15:20:00,12085,12085,12085,4
2019-12-17,15:20:03,12085,12085,12085,4
2019-12-17,15:20:15,12086,12086,12086,2
2019-12-17,15:20:16,12086,12086,12086,4
2019-12-17,15:20:24,12086,12086,12086,4
2019-12-17,15:20:34,12086,12086,12086,2
2019-12-17,15:20:39,12085,12085,12085,2
2019-12-17,15:20:40,12085,12085,12085,2
2019-12-17,15:20:40,12085,12085,12085,2
2019-12-17,15:20:40,12086,12086,12086,4
2019-12-17,15:20:40,12086,12086,12086,4
2019-12-17,15:20:46,12085,12085,12085,10
2019-12-17,15:20:46,12085,12085,12085,6
2019-12-17,15:20:46,12085,12085,12085,6
2019-12-17,15:20:46,12085,12085,12085,2
2019-12-17,15:20:46,12083,12083,12083,2
2019-12-17,15:20:46,12083,12083,12083,2
2019-12-17,15:20:47,12085,12085,12085,4
2019-12-17,15:20:57,12083,12083,12083,2
2019-12-17,15:20:57,12083,12083,12083,4
2019-12-17,15:20:57,12083,12083,12083,2
2019-12-17,15:21:15,12084,12084,12084,6
2019-12-17,15:21:15,12084,12084,12084,14
2019-12-17,15:21:15,12084,12084,12084,2
2019-12-17,15:21:40,12083,12083,12083,2
2019-12-17,15:22:49,12084,12084,12084,2
2019-12-17,15:22:50,12083,12083,12083,2
2019-12-17,15:22:50,12083,12083,12083,2
2019-12-17,15:22:50,12083,12083,12083,2
2019-12-17,15:22:50,12083,12083,12083,2
2019-12-17,15:22:50,12083,12083,12083,2
2019-12-17,15:22:50,12083,12083,12083,18
2019-12-17,15:22:50,12083,12083,12083,2
2019-12-17,15:22:50,12083,12083,12083,4
2019-12-17,15:22:50,12083,12083,12083,2
2019-12-17,15:22:50,12083,12083,12083,2
2019-12-17,15:22:50,12083,12083,12083,6
2019-12-17,15:22:50,12083,12083,12083,2
2019-12-17,15:22:50,12083,12083,12083,2
2019-12-17,15:22:50,12083,12083,12083,2
2019-12-17,15:22:50,12083,12083,12083,6
2019-12-17,15:22:50,12083,12083,12083,4
2019-12-17,15:22:50,12083,12083,12083,6
2019-12-17,15:22:50,12083,12083,12083,6
2019-12-17,15:22:50,12083,12083,12083,2
2019-12-17,15:22:50,12083,12083,12083,2
2019-12-17,15:22:50,12083,12083,12083,2
2019-12-17,15:22:50,12083,12083,12083,2
2019-12-17,15:22:51,12082,12082,12082,6
2019-12-17,15:22:51,12082,12082,12082,4
2019-12-17,15:22:51,12082,12082,12082,2
2019-12-17,15:22:51,12082,12082,12082,2
2019-12-17,15:22:51,12082,12082,12082,8
2019-12-17,15:22:51,12082,12082,12082,2
2019-12-17,15:22:51,12082,12082,12082,2
2019-12-17,15:22:51,12082,12082,12082,2
2019-12-17,15:22:51,12082,12082,12082,2
2019-12-17,15:22:51,12082,12082,12082,2
2019-12-17,15:22:51,12082,12082,12082,2
2019-12-17,15:22:51,12082,12082,12082,2
2019-12-17,15:22:51,12082,12082,12082,2
2019-12-17,15:22:51,12082,12082,12082,2
2019-12-17,15:22:51,12082,12082,12082,6
2019-12-17,15:22:51,12082,12082,12082,4
2019-12-17,15:22:51,12082,12082,12082,2
2019-12-17,15:22:51,12082,12082,12082,2
2019-12-17,15:22:51,12082,12082,12082,2
2019-12-17,15:22:51,12082,12082,12082,2
2019-12-17,15:23:00,12081,12081,12081,4
2019-12-17,15:23:00,12081,12081,12081,4
2019-12-17,15:23:00,12081,12081,12081,2
2019-12-17,15:23:00,12081,12081,12081,2
2019-12-17,15:23:00,12081,12081,12081,2
2019-12-17,15:23:00,12081,12081,12081,2
2019-12-17,15:23:00,12081,12081,12081,2
2019-12-17,15:23:00,12081,12081,12081,2
2019-12-17,15:23:00,12081,12081,12081,2
2019-12-17,15:23:00,12081,12081,12081,2
2019-12-17,15:23:00,12081,12081,12081,8
2019-12-17,15:23:00,12081,12081,12081,2
2019-12-17,15:23:00,12081,12081,12081,2
2019-12-17,15:23:00,12081,12081,12081,10
2019-12-17,15:23:00,12081,12081,12081,2
2019-12-17,15:23:00,12081,12081,12081,2
2019-12-17,15:23:00,12081,12081,12081,2
2019-12-17,15:23:00,12080,12080,12080,2
2019-12-17,15:23:00,12080,12080,12080,2
2019-12-17,15:23:00,12080,12080,12080,2
2019-12-17,15:23:01,12080,12080,12080,2
2019-12-17,15:23:05,12080,12080,12080,2
2019-12-17,15:23:05,12080,12080,12080,4
2019-12-17,15:23:05,12080,12080,12080,4
2019-12-17,15:23:05,12080,12080,12080,2
2019-12-17,15:23:05,12080,12080,12080,2
2019-12-17,15:23:05,12080,12080,12080,10
2019-12-17,15:23:05,12080,12080,12080,2
2019-12-17,15:23:05,12080,12080,12080,2
2019-12-17,15:23:05,12080,12080,12080,10
2019-12-17,15:23:05,12080,12080,12080,2
2019-12-17,15:23:05,12080,12080,12080,2
2019-12-17,15:23:05,12080,12080,12080,2
2019-12-17,15:23:05,12080,12080,12080,4
2019-12-17,15:23:05,12080,12080,12080,2
2019-12-17,15:23:05,12080,12080,12080,2
2019-12-17,15:23:05,12080,12080,12080,10
2019-12-17,15:23:05,12080,12080,12080,2
2019-12-17,15:23:05,12080,12080,12080,2
2019-12-17,15:23:05,12080,12080,12080,2
2019-12-17,15:23:05,12080,12080,12080,2
2019-12-17,15:23:05,12080,12080,12080,2
2019-12-17,15:23:05,12080,12080,12080,2
2019-12-17,15:23:05,12080,12080,12080,2
2019-12-17,15:23:05,12080,12080,12080,2
2019-12-17,15:23:05,12080,12080,12080,2
2019-12-17,15:23:05,12080,12080,12080,2
2019-12-17,15:23:05,12080,12080,12080,2
2019-12-17,15:23:07,12079,12079,12079,4
2019-12-17,15:23:07,12079,12079,12079,4
2019-12-17,15:23:07,12079,12079,12079,2
2019-12-17,15:23:08,12079,12079,12079,2
2019-12-17,15:23:08,12079,12079,12079,2
2019-12-17,15:23:08,12079,12079,12079,2
2019-12-17,15:23:08,12079,12079,12079,2
2019-12-17,15:23:08,12079,12079,12079,2
2019-12-17,15:23:08,12079,12079,12079,2
2019-12-17,15:23:08,12079,12079,12079,2
2019-12-17,15:23:08,12079,12079,12079,2
2019-12-17,15:23:09,12079,12079,12079,2
2019-12-17,15:23:09,12079,12079,12079,2
2019-12-17,15:23:09,12079,12079,12079,2
2019-12-17,15:23:09,12079,12079,12079,2
2019-12-17,15:23:09,12079,12079,12079,2
2019-12-17,15:23:09,12079,12079,12079,4
2019-12-17,15:23:09,12079,12079,12079,2
2019-12-17,15:23:09,12079,12079,12079,2
2019-12-17,15:23:09,12079,12079,12079,2
2019-12-17,15:23:10,12079,12079,12079,4
2019-12-17,15:23:10,12079,12079,12079,4
2019-12-17,15:23:11,12079,12079,12079,4
2019-12-17,15:23:11,12080,12080,12080,6
2019-12-17,15:23:11,12079,12079,12079,4
2019-12-17,15:23:12,12079,12079,12079,2
2019-12-17,15:23:12,12079,12079,12079,2
2019-12-17,15:23:12,12079,12079,12079,2
2019-12-17,15:23:16,12079,12079,12079,2
2019-12-17,15:23:17,12079,12079,12079,4
2019-12-17,15:23:18,12079,12079,12079,2
2019-12-17,15:23:18,12079,12079,12079,2
2019-12-17,15:23:19,12078,12078,12078,2
2019-12-17,15:23:19,12078,12078,12078,2
2019-12-17,15:23:19,12078,12078,12078,2
2019-12-17,15:23:19,12078,12078,12078,2
2019-12-17,15:23:19,12078,12078,12078,2
2019-12-17,15:23:20,12078,12078,12078,2
2019-12-17,15:23:20,12078,12078,12078,2
2019-12-17,15:23:20,12078,12078,12078,2
2019-12-17,15:23:20,12078,12078,12078,2
2019-12-17,15:23:20,12078,12078,12078,2
2019-12-17,15:23:20,12078,12078,12078,2
2019-12-17,15:23:20,12078,12078,12078,2
2019-12-17,15:23:20,12078,12078,12078,2
2019-12-17,15:23:20,12078,12078,12078,2
2019-12-17,15:23:20,12078,12078,12078,2
2019-12-17,15:23:20,12078,12078,12078,2
2019-12-17,15:23:20,12078,12078,12078,2
2019-12-17,15:23:24,12078,12078,12078,2
2019-12-17,15:23:24,12078,12078,12078,4
2019-12-17,15:23:24,12078,12078,12078,2
2019-12-17,15:23:25,12078,12078,12078,4
2019-12-17,15:23:25,12078,12078,12078,2
2019-12-17,15:23:25,12078,12078,12078,2
2019-12-17,15:23:25,12078,12078,12078,2
2019-12-17,15:23:25,12078,12078,12078,6
2019-12-17,15:23:25,12078,12078,12078,2
2019-12-17,15:23:25,12078,12078,12078,2
2019-12-17,15:23:25,12078,12078,12078,4
2019-12-17,15:23:25,12078,12078,12078,2
2019-12-17,15:23:25,12078,12078,12078,4
2019-12-17,15:23:26,12078,12078,12078,4
2019-12-17,15:23:26,12078,12078,12078,2
2019-12-17,15:23:26,12079,12079,12079,6
2019-12-17,15:23:26,12078,12078,12078,2
2019-12-17,15:23:26,12078,12078,12078,2
2019-12-17,15:23:28,12078,12078,12078,6
2019-12-17,15:23:33,12079,12079,12079,2
2019-12-17,15:23:33,12079,12079,12079,4
2019-12-17,15:23:35,12078,12078,12078,2
2019-12-17,15:23:37,12078,12078,12078,2
2019-12-17,15:23:39,12079,12079,12079,2
2019-12-17,15:23:39,12079,12079,12079,4
2019-12-17,15:23:39,12079,12079,12079,4
2019-12-17,15:23:39,12079,12079,12079,8
2019-12-17,15:23:39,12079,12079,12079,4
2019-12-17,15:23:39,12079,12079,12079,2
2019-12-17,15:23:39,12079,12079,12079,4
2019-12-17,15:23:39,12079,12079,12079,2
2019-12-17,15:23:39,12079,12079,12079,2
2019-12-17,15:23:39,12080,12080,12080,6
2019-12-17,15:23:39,12080,12080,12080,6
2019-12-17,15:23:39,12080,12080,12080,6
2019-12-17,15:23:39,12080,12080,12080,4
2019-12-17,15:23:43,12080,12080,12080,2
2019-12-17,15:23:43,12080,12080,12080,2
2019-12-17,15:23:46,12080,12080,12080,6
2019-12-17,15:23:50,12080,12080,12080,2
2019-12-17,15:23:50,12080,12080,12080,2
2019-12-17,15:23:52,12080,12080,12080,2
2019-12-17,15:23:52,12080,12080,12080,4
2019-12-17,15:23:52,12080,12080,12080,2
2019-12-17,15:23:52,12080,12080,12080,2
2019-12-17,15:23:52,12080,12080,12080,6
2019-12-17,15:23:55,12080,12080,12080,2
2019-12-17,15:23:57,12080,12080,12080,14
2019-12-17,15:24:01,12080,12080,12080,2
2019-12-17,15:24:07,12081,12081,12081,2
2019-12-17,15:24:23,12081,12081,12081,10
2019-12-17,15:24:30,12080,12080,12080,2
2019-12-17,15:24:32,12081,12081,12081,2
2019-12-17,15:24:33,12081,12081,12081,8
2019-12-17,15:24:34,12081,12081,12081,2
2019-12-17,15:24:38,12082,12082,12082,2
2019-12-17,15:24:39,12082,12082,12082,2
2019-12-17,15:24:40,12081,12081,12081,2
2019-12-17,15:24:40,12081,12081,12081,2
2019-12-17,15:24:40,12081,12081,12081,2
2019-12-17,15:24:40,12081,12081,12081,2
2019-12-17,15:24:40,12081,12081,12081,2
2019-12-17,15:24:41,12082,12082,12082,8
2019-12-17,15:24:43,12082,12082,12082,2
2019-12-17,15:24:43,12082,12082,12082,2
2019-12-17,15:24:43,12082,12082,12082,2
2019-12-17,15:24:43,12082,12082,12082,2
2019-12-17,15:24:43,12081,12081,12081,2
2019-12-17,15:24:43,12082,12082,12082,2
2019-12-17,15:24:46,12082,12082,12082,2
2019-12-17,15:24:46,12082,12082,12082,2
2019-12-17,15:24:48,12082,12082,12082,2
2019-12-17,15:24:58,12082,12082,12082,2
2019-12-17,15:24:58,12082,12082,12082,4
2019-12-17,15:25:20,12081,12081,12081,2
2019-12-17,15:25:22,12081,12081,12081,2
2019-12-17,15:25:25,12081,12081,12081,2
2019-12-17,15:25:59,12081,12081,12081,8
2019-12-17,15:25:59,12081,12081,12081,2
2019-12-17,15:25:59,12081,12081,12081,2
2019-12-17,15:26:04,12081,12081,12081,2
2019-12-17,15:26:04,12081,12081,12081,2
2019-12-17,15:26:04,12081,12081,12081,2
2019-12-17,15:26:04,12081,12081,12081,2
2019-12-17,15:26:04,12081,12081,12081,2
2019-12-17,15:26:05,12081,12081,12081,2
2019-12-17,15:26:05,12081,12081,12081,2
2019-12-17,15:26:05,12081,12081,12081,2
2019-12-17,15:26:05,12081,12081,12081,2
2019-12-17,15:26:05,12081,12081,12081,2
2019-12-17,15:26:05,12081,12081,12081,2
2019-12-17,15:26:05,12081,12081,12081,2
2019-12-17,15:26:12,12081,12081,12081,40
2019-12-17,15:26:22,12081,12081,12081,4
2019-12-17,15:26:25,12081,12081,12081,2
2019-12-17,15:26:35,12080,12080,12080,2
2019-12-17,15:26:41,12081,12081,12081,2
2019-12-17,15:26:51,12081,12081,12081,2
2019-12-17,15:26:51,12081,12081,12081,8
2019-12-17,15:26:52,12081,12081,12081,2
2019-12-17,15:26:58,12081,12081,12081,2
2019-12-17,15:26:58,12081,12081,12081,6
2019-12-17,15:27:00,12081,12081,12081,2
2019-12-17,15:27:04,12081,12081,12081,2
2019-12-17,15:27:06,12081,12081,12081,2
2019-12-17,15:27:07,12081,12081,12081,2
2019-12-17,15:27:07,12080,12080,12080,2
2019-12-17,15:27:09,12080,12080,12080,2
2019-12-17,15:27:09,12080,12080,12080,2
2019-12-17,15:27:17,12081,12081,12081,2
2019-12-17,15:27:54,12081,12081,12081,10
2019-12-17,15:27:54,12081,12081,12081,2
2019-12-17,15:28:09,12081,12081,12081,4
2019-12-17,15:28:09,12081,12081,12081,4
2019-12-17,15:28:09,12081,12081,12081,2
2019-12-17,15:28:11,12081,12081,12081,2
2019-12-17,15:28:11,12081,12081,12081,4
2019-12-17,15:28:11,12081,12081,12081,2
2019-12-17,15:28:11,12081,12081,12081,2
2019-12-17,15:28:11,12081,12081,12081,2
2019-12-17,15:28:18,12081,12081,12081,2
2019-12-17,15:28:18,12081,12081,12081,4
2019-12-17,15:28:18,12081,12081,12081,4
2019-12-17,15:28:18,12081,12081,12081,2
2019-12-17,15:28:19,12081,12081,12081,2
2019-12-17,15:28:19,12081,12081,12081,4
2019-12-17,15:28:19,12081,12081,12081,6
2019-12-17,15:28:21,12081,12081,12081,2
2019-12-17,15:28:27,12081,12081,12081,4
2019-12-17,15:28:32,12081,12081,12081,2
2019-12-17,15:28:35,12081,12081,12081,2
2019-12-17,15:28:55,12081,12081,12081,4
2019-12-17,15:28:56,12081,12081,12081,2
2019-12-17,15:28:56,12081,12081,12081,2
2019-12-17,15:28:58,12081,12081,12081,4
2019-12-17,15:28:58,12081,12081,12081,2
2019-12-17,15:28:59,12081,12081,12081,4
2019-12-17,15:29:00,12081,12081,12081,6
2019-12-17,15:29:05,12081,12081,12081,2
2019-12-17,15:29:28,12081,12081,12081,4
2019-12-17,15:29:28,12080,12080,12080,2
2019-12-17,15:29:28,12080,12080,12080,2
2019-12-17,15:29:28,12080,12080,12080,2
2019-12-17,15:29:28,12080,12080,12080,2
2019-12-17,15:29:29,12081,12081,12081,10
2019-12-17,15:29:34,12080,12080,12080,2
2019-12-17,15:29:44,12080,12080,12080,2
2019-12-17,15:29:56,12080,12080,12080,2
2019-12-17,15:29:56,12080,12080,12080,2
2019-12-17,15:29:56,12080,12080,12080,2
2019-12-17,15:29:58,12080,12080,12080,2
2019-12-17,15:29:58,12080,12080,12080,2
2019-12-17,15:29:58,12080,12080,12080,2
2019-12-17,15:29:58,12080,12080,12080,2
2019-12-17,15:29:58,12080,12080,12080,2
2019-12-17,15:29:58,12080,12080,12080,2
2019-12-17,15:29:58,12080,12080,12080,2
2019-12-17,15:29:58,12080,12080,12080,2
2019-12-17,15:29:58,12080,12080,12080,10
2019-12-17,15:29:58,12080,12080,12080,2
2019-12-17,15:29:58,12080,12080,12080,2
2019-12-17,15:30:00,12080,12080,12080,2
2019-12-17,15:30:03,12080,12080,12080,2
2019-12-17,15:30:03,12080,12080,12080,2
2019-12-17,15:30:03,12080,12080,12080,2
2019-12-17,15:30:04,12081,12081,12081,2
2019-12-17,15:30:04,12080,12080,12080,2
2019-12-17,15:30:04,12080,12080,12080,2
2019-12-17,15:30:10,12081,12081,12081,4
2019-12-17,15:30:10,12081,12081,12081,4
2019-12-17,15:30:10,12080,12080,12080,4
2019-12-17,15:30:10,12080,12080,12080,2
2019-12-17,15:30:10,12079,12079,12079,2
2019-12-17,15:30:11,12079,12079,12079,4
2019-12-17,15:30:17,12079,12079,12079,2
2019-12-17,15:30:17,12079,12079,12079,6
2019-12-17,15:30:31,12080,12080,12080,4
2019-12-17,15:30:39,12080,12080,12080,2
2019-12-17,15:30:42,12080,12080,12080,8
2019-12-17,15:30:49,12079,12079,12079,2
2019-12-17,15:30:49,12079,12079,12079,2
2019-12-17,15:30:49,12079,12079,12079,2
2019-12-17,15:30:55,12079,12079,12079,2
2019-12-17,15:30:59,12079,12079,12079,2
2019-12-17,15:30:59,12079,12079,12079,2
2019-12-17,15:31:13,12080,12080,12080,2
2019-12-17,15:31:13,12079,12079,12079,2
2019-12-17,15:31:13,12079,12079,12079,2
2019-12-17,15:31:13,12079,12079,12079,2
2019-12-17,15:31:13,12079,12079,12079,2
2019-12-17,15:31:13,12079,12079,12079,2
2019-12-17,15:31:13,12079,12079,12079,2
2019-12-17,15:31:13,12079,12079,12079,2
2019-12-17,15:31:13,12079,12079,12079,2
2019-12-17,15:31:13,12079,12079,12079,2
2019-12-17,15:31:13,12079,12079,12079,2
2019-12-17,15:31:13,12079,12079,12079,2
2019-12-17,15:31:13,12079,12079,12079,2
2019-12-17,15:31:13,12079,12079,12079,2
2019-12-17,15:31:13,12079,12079,12079,2
2019-12-17,15:31:13,12079,12079,12079,2
2019-12-17,15:31:13,12079,12079,12079,2
2019-12-17,15:31:13,12079,12079,12079,2
2019-12-17,15:31:14,12079,12079,12079,2
2019-12-17,15:31:19,12079,12079,12079,2
2019-12-17,15:31:23,12078,12078,12078,2
2019-12-17,15:31:29,12078,12078,12078,2
2019-12-17,15:31:29,12078,12078,12078,2
2019-12-17,15:31:29,12078,12078,12078,4
2019-12-17,15:31:29,12078,12078,12078,8
2019-12-17,15:31:29,12078,12078,12078,4
2019-12-17,15:31:29,12078,12078,12078,8
2019-12-17,15:31:29,12078,12078,12078,2
2019-12-17,15:31:29,12078,12078,12078,2
2019-12-17,15:31:29,12078,12078,12078,2
2019-12-17,15:31:29,12078,12078,12078,2
2019-12-17,15:31:29,12078,12078,12078,2
2019-12-17,15:31:29,12078,12078,12078,2
2019-12-17,15:31:29,12078,12078,12078,2
2019-12-17,15:31:29,12078,12078,12078,2
2019-12-17,15:31:30,12077,12077,12077,2
2019-12-17,15:31:30,12077,12077,12077,2
2019-12-17,15:31:30,12077,12077,12077,2
2019-12-17,15:31:30,12077,12077,12077,4
2019-12-17,15:31:30,12077,12077,12077,2
2019-12-17,15:31:30,12077,12077,12077,6
2019-12-17,15:31:30,12077,12077,12077,2
2019-12-17,15:31:30,12077,12077,12077,2
2019-12-17,15:31:30,12077,12077,12077,2
2019-12-17,15:31:30,12077,12077,12077,2
2019-12-17,15:31:30,12077,12077,12077,2
2019-12-17,15:31:30,12077,12077,12077,2
2019-12-17,15:31:30,12077,12077,12077,2
2019-12-17,15:31:30,12077,12077,12077,2
2019-12-17,15:31:30,12077,12077,12077,4
2019-12-17,15:31:30,12077,12077,12077,2
2019-12-17,15:31:30,12077,12077,12077,6
2019-12-17,15:31:31,12076,12076,12076,2
2019-12-17,15:31:31,12076,12076,12076,2
2019-12-17,15:31:31,12076,12076,12076,2
2019-12-17,15:31:37,12076,12076,12076,4
2019-12-17,15:31:37,12076,12076,12076,4
2019-12-17,15:31:38,12076,12076,12076,2
2019-12-17,15:31:39,12076,12076,12076,2
2019-12-17,15:31:39,12076,12076,12076,2
2019-12-17,15:31:39,12076,12076,12076,2
2019-12-17,15:31:39,12076,12076,12076,6
2019-12-17,15:31:43,12076,12076,12076,2
2019-12-17,15:31:43,12076,12076,12076,2
2019-12-17,15:31:43,12076,12076,12076,2
2019-12-17,15:31:43,12076,12076,12076,4
2019-12-17,15:31:43,12076,12076,12076,2
2019-12-17,15:31:43,12076,12076,12076,2
2019-12-17,15:31:43,12076,12076,12076,4
2019-12-17,15:31:44,12076,12076,12076,2
2019-12-17,15:31:46,12076,12076,12076,2
2019-12-17,15:31:50,12075,12075,12075,2
2019-12-17,15:31:50,12075,12075,12075,2
2019-12-17,15:31:50,12075,12075,12075,4
2019-12-17,15:31:50,12075,12075,12075,2
2019-12-17,15:31:50,12075,12075,12075,2
2019-12-17,15:31:51,12075,12075,12075,2
2019-12-17,15:31:51,12075,12075,12075,2
2019-12-17,15:31:51,12075,12075,12075,2
2019-12-17,15:31:51,12075,12075,12075,2
2019-12-17,15:31:51,12075,12075,12075,2
2019-12-17,15:31:53,12076,12076,12076,2
2019-12-17,15:31:58,12075,12075,12075,2
2019-12-17,15:32:00,12075,12075,12075,2
2019-12-17,15:32:03,12076,12076,12076,2
2019-12-17,15:32:05,12075,12075,12075,2
2019-12-17,15:32:06,12076,12076,12076,2
2019-12-17,15:32:07,12075,12075,12075,2
2019-12-17,15:32:09,12076,12076,12076,2
2019-12-17,15:32:13,12076,12076,12076,2
2019-12-17,15:32:14,12075,12075,12075,2
2019-12-17,15:32:14,12076,12076,12076,2
2019-12-17,15:32:15,12075,12075,12075,2
2019-12-17,15:32:24,12076,12076,12076,2
2019-12-17,15:32:25,12076,12076,12076,2
2019-12-17,15:32:27,12075,12075,12075,2
2019-12-17,15:32:27,12076,12076,12076,2
2019-12-17,15:32:27,12075,12075,12075,2
2019-12-17,15:32:27,12075,12075,12075,2
2019-12-17,15:32:27,12075,12075,12075,2
2019-12-17,15:32:27,12075,12075,12075,4
2019-12-17,15:32:27,12075,12075,12075,2
2019-12-17,15:32:27,12075,12075,12075,4
2019-12-17,15:32:27,12075,12075,12075,2
2019-12-17,15:32:27,12075,12075,12075,2
2019-12-17,15:32:27,12075,12075,12075,2
2019-12-17,15:32:27,12075,12075,12075,2
2019-12-17,15:32:27,12075,12075,12075,2
2019-12-17,15:32:27,12075,12075,12075,2
2019-12-17,15:32:27,12075,12075,12075,2
2019-12-17,15:32:29,12075,12075,12075,2
2019-12-17,15:32:29,12075,12075,12075,2
2019-12-17,15:32:29,12075,12075,12075,2
2019-12-17,15:32:29,12075,12075,12075,2
2019-12-17,15:32:29,12075,12075,12075,2
2019-12-17,15:32:29,12075,12075,12075,2
2019-12-17,15:32:29,12075,12075,12075,2
2019-12-17,15:32:29,12075,12075,12075,2
2019-12-17,15:32:29,12075,12075,12075,2
2019-12-17,15:32:29,12075,12075,12075,2
2019-12-17,15:32:29,12075,12075,12075,2
2019-12-17,15:32:29,12075,12075,12075,2
2019-12-17,15:32:30,12076,12076,12076,2
2019-12-17,15:32:30,12076,12076,12076,2
2019-12-17,15:32:31,12076,12076,12076,2
2019-12-17,15:32:32,12075,12075,12075,2
2019-12-17,15:32:32,12076,12076,12076,2
2019-12-17,15:32:35,12075,12075,12075,2
2019-12-17,15:32:38,12075,12075,12075,2
2019-12-17,15:32:40,12074,12074,12074,2
2019-12-17,15:32:40,12074,12074,12074,2
2019-12-17,15:32:40,12074,12074,12074,2
2019-12-17,15:32:40,12074,12074,12074,2
2019-12-17,15:32:40,12074,12074,12074,4
2019-12-17,15:32:40,12074,12074,12074,4
2019-12-17,15:32:40,12074,12074,12074,4
2019-12-17,15:32:40,12074,12074,12074,2
2019-12-17,15:32:40,12074,12074,12074,2
2019-12-17,15:32:41,12074,12074,12074,2
2019-12-17,15:32:41,12073,12073,12073,2
2019-12-17,15:32:41,12073,12073,12073,2
2019-12-17,15:32:41,12073,12073,12073,2
2019-12-17,15:32:41,12073,12073,12073,2
2019-12-17,15:32:41,12073,12073,12073,2
2019-12-17,15:32:41,12073,12073,12073,2
2019-12-17,15:32:41,12073,12073,12073,2
2019-12-17,15:32:41,12073,12073,12073,2
2019-12-17,15:32:41,12073,12073,12073,2
2019-12-17,15:32:41,12073,12073,12073,2
2019-12-17,15:32:41,12073,12073,12073,2
2019-12-17,15:32:42,12073,12073,12073,4
2019-12-17,15:32:43,12074,12074,12074,2
2019-12-17,15:32:43,12073,12073,12073,2
2019-12-17,15:32:44,12074,12074,12074,4
2019-12-17,15:32:46,12074,12074,12074,2
2019-12-17,15:32:47,12074,12074,12074,20
2019-12-17,15:32:47,12074,12074,12074,2
2019-12-17,15:32:48,12074,12074,12074,2
2019-12-17,15:32:48,12074,12074,12074,2
2019-12-17,15:32:48,12074,12074,12074,4
2019-12-17,15:32:48,12074,12074,12074,4
2019-12-17,15:32:52,12074,12074,12074,2
2019-12-17,15:32:55,12074,12074,12074,2
2019-12-17,15:32:55,12073,12073,12073,2
2019-12-17,15:32:56,12073,12073,12073,2
2019-12-17,15:32:56,12073,12073,12073,2
2019-12-17,15:32:56,12073,12073,12073,2
2019-12-17,15:32:58,12074,12074,12074,2
2019-12-17,15:32:59,12074,12074,12074,2
2019-12-17,15:33:00,12074,12074,12074,2
2019-12-17,15:33:00,12074,12074,12074,2
2019-12-17,15:33:00,12074,12074,12074,2
2019-12-17,15:33:00,12074,12074,12074,2
2019-12-17,15:33:00,12073,12073,12073,2
2019-12-17,15:33:00,12073,12073,12073,2
2019-12-17,15:33:00,12073,12073,12073,2
2019-12-17,15:33:00,12073,12073,12073,2
2019-12-17,15:33:00,12073,12073,12073,4
2019-12-17,15:33:00,12073,12073,12073,2
2019-12-17,15:33:01,12074,12074,12074,2
2019-12-17,15:33:01,12075,12075,12075,4
2019-12-17,15:33:02,12074,12074,12074,2
2019-12-17,15:33:02,12074,12074,12074,2
2019-12-17,15:33:04,12073,12073,12073,2
2019-12-17,15:33:04,12073,12073,12073,4
2019-12-17,15:33:04,12073,12073,12073,2
2019-12-17,15:33:04,12074,12074,12074,2
2019-12-17,15:33:08,12073,12073,12073,2
2019-12-17,15:33:11,12073,12073,12073,2
2019-12-17,15:33:11,12073,12073,12073,2
2019-12-17,15:33:11,12073,12073,12073,2
2019-12-17,15:33:11,12073,12073,12073,2
2019-12-17,15:33:11,12073,12073,12073,2
2019-12-17,15:33:11,12073,12073,12073,2
2019-12-17,15:33:11,12073,12073,12073,2
2019-12-17,15:33:16,12073,12073,12073,2
2019-12-17,15:33:17,12073,12073,12073,2
2019-12-17,15:33:18,12073,12073,12073,2
2019-12-17,15:33:18,12073,12073,12073,4
2019-12-17,15:33:19,12073,12073,12073,2
2019-12-17,15:33:20,12073,12073,12073,2
2019-12-17,15:33:21,12072,12072,12072,2
2019-12-17,15:33:21,12072,12072,12072,2
2019-12-17,15:33:21,12072,12072,12072,2
2019-12-17,15:33:21,12072,12072,12072,2
2019-12-17,15:33:22,12072,12072,12072,2
2019-12-17,15:33:22,12072,12072,12072,2
2019-12-17,15:33:23,12072,12072,12072,2
2019-12-17,15:33:25,12073,12073,12073,2
2019-12-17,15:33:25,12073,12073,12073,2
2019-12-17,15:33:25,12073,12073,12073,2
2019-12-17,15:33:25,12073,12073,12073,2
2019-12-17,15:33:33,12073,12073,12073,2
2019-12-17,15:33:34,12072,12072,12072,6
2019-12-17,15:33:36,12073,12073,12073,2
2019-12-17,15:33:37,12073,12073,12073,10
2019-12-17,15:33:39,12072,12072,12072,4
2019-12-17,15:33:45,12073,12073,12073,16
2019-12-17,15:33:46,12073,12073,12073,8
2019-12-17,15:33:47,12074,12074,12074,2
2019-12-17,15:33:47,12074,12074,12074,2
2019-12-17,15:33:48,12073,12073,12073,2
2019-12-17,15:33:50,12073,12073,12073,2
2019-12-17,15:33:50,12073,12073,12073,2
2019-12-17,15:33:53,12073,12073,12073,4
2019-12-17,15:33:53,12073,12073,12073,4
2019-12-17,15:33:53,12073,12073,12073,2
2019-12-17,15:33:56,12074,12074,12074,48
2019-12-17,15:33:56,12074,12074,12074,4
2019-12-17,15:33:56,12074,12074,12074,8
2019-12-17,15:33:56,12074,12074,12074,4
2019-12-17,15:33:57,12075,12075,12075,2
2019-12-17,15:33:57,12075,12075,12075,2
2019-12-17,15:33:57,12075,12075,12075,68
2019-12-17,15:33:57,12075,12075,12075,4
2019-12-17,15:33:57,12075,12075,12075,4
2019-12-17,15:33:57,12075,12075,12075,2
2019-12-17,15:33:57,12075,12075,12075,8
2019-12-17,15:33:57,12075,12075,12075,2
2019-12-17,15:33:57,12075,12075,12075,2
2019-12-17,15:33:57,12075,12075,12075,2
2019-12-17,15:33:58,12075,12075,12075,4
2019-12-17,15:33:58,12075,12075,12075,4
2019-12-17,15:33:58,12074,12074,12074,2
2019-12-17,15:34:05,12075,12075,12075,2
2019-12-17,15:34:06,12075,12075,12075,2
2019-12-17,15:34:07,12075,12075,12075,2
2019-12-17,15:34:08,12075,12075,12075,2
2019-12-17,15:34:08,12074,12074,12074,2
2019-12-17,15:34:10,12075,12075,12075,2
2019-12-17,15:34:14,12074,12074,12074,2
2019-12-17,15:34:14,12074,12074,12074,4
2019-12-17,15:34:16,12075,12075,12075,4
2019-12-17,15:34:17,12075,12075,12075,2
2019-12-17,15:34:17,12075,12075,12075,4
2019-12-17,15:34:19,12075,12075,12075,2
2019-12-17,15:34:20,12075,12075,12075,4
2019-12-17,15:34:21,12075,12075,12075,4
2019-12-17,15:34:21,12075,12075,12075,10
2019-12-17,15:34:30,12075,12075,12075,2
2019-12-17,15:34:30,12075,12075,12075,2
2019-12-17,15:34:30,12075,12075,12075,2
2019-12-17,15:34:31,12075,12075,12075,2
2019-12-17,15:34:31,12075,12075,12075,2
2019-12-17,15:34:49,12076,12076,12076,28
2019-12-17,15:34:56,12076,12076,12076,4
2019-12-17,15:34:56,12077,12077,12077,2
2019-12-17,15:34:57,12077,12077,12077,4
2019-12-17,15:34:58,12076,12076,12076,2
2019-12-17,15:35:01,12076,12076,12076,2
2019-12-17,15:35:01,12076,12076,12076,4
2019-12-17,15:35:01,12077,12077,12077,2
2019-12-17,15:35:01,12076,12076,12076,2
2019-12-17,15:35:01,12076,12076,12076,2
2019-12-17,15:35:06,12076,12076,12076,2
2019-12-17,15:35:09,12076,12076,12076,2
2019-12-17,15:35:10,12076,12076,12076,2
2019-12-17,15:35:13,12076,12076,12076,2
2019-12-17,15:35:13,12076,12076,12076,2
2019-12-17,15:35:13,12076,12076,12076,2
2019-12-17,15:35:13,12076,12076,12076,2
2019-12-17,15:35:13,12075,12075,12075,2
2019-12-17,15:35:15,12076,12076,12076,2
2019-12-17,15:35:16,12076,12076,12076,2
2019-12-17,15:35:21,12076,12076,12076,2
2019-12-17,15:35:24,12075,12075,12075,4
2019-12-17,15:35:24,12075,12075,12075,2
2019-12-17,15:35:28,12076,12076,12076,2
2019-12-17,15:35:30,12076,12076,12076,4
2019-12-17,15:35:30,12076,12076,12076,4
2019-12-17,15:35:30,12076,12076,12076,2
2019-12-17,15:35:35,12076,12076,12076,2
2019-12-17,15:35:36,12076,12076,12076,2
2019-12-17,15:35:37,12075,12075,12075,2
2019-12-17,15:35:37,12075,12075,12075,2
2019-12-17,15:35:39,12076,12076,12076,2
2019-12-17,15:35:41,12076,12076,12076,4
2019-12-17,15:35:41,12076,12076,12076,4
2019-12-17,15:35:48,12076,12076,12076,2
2019-12-17,15:35:58,12076,12076,12076,2
2019-12-17,15:35:58,12076,12076,12076,2
2019-12-17,15:36:12,12076,12076,12076,2
2019-12-17,15:36:23,12077,12077,12077,2
2019-12-17,15:36:23,12076,12076,12076,2
2019-12-17,15:36:33,12076,12076,12076,2
2019-12-17,15:36:43,12076,12076,12076,2
2019-12-17,15:36:52,12077,12077,12077,8
2019-12-17,15:36:52,12077,12077,12077,10
2019-12-17,15:36:52,12077,12077,12077,2
2019-12-17,15:36:52,12077,12077,12077,80
2019-12-17,15:36:53,12078,12078,12078,2
2019-12-17,15:37:00,12078,12078,12078,8
2019-12-17,15:37:00,12078,12078,12078,4
2019-12-17,15:37:00,12078,12078,12078,4
2019-12-17,15:37:04,12079,12079,12079,2
2019-12-17,15:37:04,12079,12079,12079,2
2019-12-17,15:37:05,12079,12079,12079,2
2019-12-17,15:37:06,12079,12079,12079,2
2019-12-17,15:37:07,12079,12079,12079,2
2019-12-17,15:37:08,12079,12079,12079,20
2019-12-17,15:37:11,12079,12079,12079,2
2019-12-17,15:37:13,12079,12079,12079,2
2019-12-17,15:37:16,12079,12079,12079,2
2019-12-17,15:37:22,12079,12079,12079,2
2019-12-17,15:37:28,12080,12080,12080,2
2019-12-17,15:37:28,12080,12080,12080,20
2019-12-17,15:37:29,12080,12080,12080,2
2019-12-17,15:37:30,12080,12080,12080,2
2019-12-17,15:37:31,12081,12081,12081,2
2019-12-17,15:37:32,12081,12081,12081,2
2019-12-17,15:37:32,12081,12081,12081,2
2019-12-17,15:37:33,12081,12081,12081,2
2019-12-17,15:37:33,12081,12081,12081,2
2019-12-17,15:37:36,12080,12080,12080,10
2019-12-17,15:37:36,12080,12080,12080,2
2019-12-17,15:37:36,12080,12080,12080,2
2019-12-17,15:37:38,12080,12080,12080,2
2019-12-17,15:37:39,12080,12080,12080,2
2019-12-17,15:37:40,12080,12080,12080,2
2019-12-17,15:37:43,12080,12080,12080,8
2019-12-17,15:37:44,12080,12080,12080,2
2019-12-17,15:37:50,12080,12080,12080,6
2019-12-17,15:37:54,12080,12080,12080,24
2019-12-17,15:37:54,12080,12080,12080,12
2019-12-17,15:38:00,12081,12081,12081,2
2019-12-17,15:38:06,12081,12081,12081,2
2019-12-17,15:38:07,12081,12081,12081,2
2019-12-17,15:38:09,12081,12081,12081,2
2019-12-17,15:38:10,12081,12081,12081,4
2019-12-17,15:38:11,12081,12081,12081,2
2019-12-17,15:38:12,12081,12081,12081,12
2019-12-17,15:38:12,12082,12082,12082,14
2019-12-17,15:38:12,12082,12082,12082,4
2019-12-17,15:38:14,12082,12082,12082,2
2019-12-17,15:38:15,12082,12082,12082,2
2019-12-17,15:38:16,12082,12082,12082,4
2019-12-17,15:38:16,12082,12082,12082,2
2019-12-17,15:38:18,12082,12082,12082,2
2019-12-17,15:38:21,12082,12082,12082,2
2019-12-17,15:38:22,12082,12082,12082,4
2019-12-17,15:38:22,12082,12082,12082,4
2019-12-17,15:38:24,12081,12081,12081,4
2019-12-17,15:38:25,12082,12082,12082,2
2019-12-17,15:38:28,12082,12082,12082,6
2019-12-17,15:38:28,12082,12082,12082,4
2019-12-17,15:38:29,12082,12082,12082,4
2019-12-17,15:38:33,12082,12082,12082,2
2019-12-17,15:38:34,12082,12082,12082,2
2019-12-17,15:38:35,12081,12081,12081,2
2019-12-17,15:38:41,12081,12081,12081,2
2019-12-17,15:38:43,12082,12082,12082,2
2019-12-17,15:38:43,12082,12082,12082,2
2019-12-17,15:38:43,12082,12082,12082,2
2019-12-17,15:38:44,12082,12082,12082,6
2019-12-17,15:38:46,12082,12082,12082,2
2019-12-17,15:38:49,12082,12082,12082,2
2019-12-17,15:38:53,12082,12082,12082,2
2019-12-17,15:38:55,12082,12082,12082,10
2019-12-17,15:39:00,12082,12082,12082,2
2019-12-17,15:39:01,12082,12082,12082,8
2019-12-17,15:39:06,12082,12082,12082,2
2019-12-17,15:39:18,12082,12082,12082,2
2019-12-17,15:39:20,12082,12082,12082,2
2019-12-17,15:39:20,12082,12082,12082,2
2019-12-17,15:39:24,12082,12082,12082,2
2019-12-17,15:39:26,12082,12082,12082,2
2019-12-17,15:39:27,12082,12082,12082,2
2019-12-17,15:39:28,12082,12082,12082,2
2019-12-17,15:39:29,12082,12082,12082,2
2019-12-17,15:39:30,12082,12082,12082,2
2019-12-17,15:39:30,12082,12082,12082,2
2019-12-17,15:39:33,12083,12083,12083,6
2019-12-17,15:39:33,12083,12083,12083,4
2019-12-17,15:39:33,12083,12083,12083,6
2019-12-17,15:39:33,12082,12082,12082,2
2019-12-17,15:39:37,12083,12083,12083,2
2019-12-17,15:39:43,12082,12082,12082,2
2019-12-17,15:39:49,12083,12083,12083,2
2019-12-17,15:39:51,12082,12082,12082,2
2019-12-17,15:39:54,12083,12083,12083,2
2019-12-17,15:39:54,12083,12083,12083,4
2019-12-17,15:39:54,12083,12083,12083,2
2019-12-17,15:39:54,12083,12083,12083,4
2019-12-17,15:39:54,12083,12083,12083,8
2019-12-17,15:39:54,12083,12083,12083,2
2019-12-17,15:39:54,12083,12083,12083,8
2019-12-17,15:39:54,12083,12083,12083,4
2019-12-17,15:39:54,12083,12083,12083,4
2019-12-17,15:39:54,12083,12083,12083,10
2019-12-17,15:39:56,12083,12083,12083,4
2019-12-17,15:40:01,12083,12083,12083,4
2019-12-17,15:40:01,12084,12084,12084,2
2019-12-17,15:40:01,12083,12083,12083,4
2019-12-17,15:40:01,12083,12083,12083,2
2019-12-17,15:40:01,12082,12082,12082,4
2019-12-17,15:40:02,12083,12083,12083,4
2019-12-17,15:40:03,12083,12083,12083,2
2019-12-17,15:40:07,12083,12083,12083,2
2019-12-17,15:40:14,12083,12083,12083,4
2019-12-17,15:40:15,12083,12083,12083,4
2019-12-17,15:40:24,12083,12083,12083,2
2019-12-17,15:40:25,12083,12083,12083,2
2019-12-17,15:40:25,12083,12083,12083,2
2019-12-17,15:40:34,12083,12083,12083,2
2019-12-17,15:40:41,12083,12083,12083,2
2019-12-17,15:40:42,12083,12083,12083,6
2019-12-17,15:40:48,12083,12083,12083,2
2019-12-17,15:40:58,12082,12082,12082,2
2019-12-17,15:40:58,12082,12082,12082,2
2019-12-17,15:40:58,12082,12082,12082,6
2019-12-17,15:40:58,12082,12082,12082,4
2019-12-17,15:40:58,12082,12082,12082,2
2019-12-17,15:40:58,12082,12082,12082,2
2019-12-17,15:40:58,12082,12082,12082,10
2019-12-17,15:40:58,12082,12082,12082,2
2019-12-17,15:40:58,12082,12082,12082,4
2019-12-17,15:40:58,12082,12082,12082,2
2019-12-17,15:40:58,12082,12082,12082,6
2019-12-17,15:40:58,12082,12082,12082,2
2019-12-17,15:40:58,12082,12082,12082,2
2019-12-17,15:40:58,12082,12082,12082,2
2019-12-17,15:40:59,12082,12082,12082,20
2019-12-17,15:41:33,12081,12081,12081,2
2019-12-17,15:41:38,12081,12081,12081,2
2019-12-17,15:41:47,12082,12082,12082,4
2019-12-17,15:41:56,12082,12082,12082,2
2019-12-17,15:42:07,12081,12081,12081,2
2019-12-17,15:42:10,12081,12081,12081,2
2019-12-17,15:42:13,12082,12082,12082,2
2019-12-17,15:43:14,12081,12081,12081,2
2019-12-17,15:43:23,12081,12081,12081,2
2019-12-17,15:43:23,12081,12081,12081,2
2019-12-17,15:43:26,12081,12081,12081,2
2019-12-17,15:43:26,12081,12081,12081,2
2019-12-17,15:43:27,12081,12081,12081,2
2019-12-17,15:43:27,12081,12081,12081,2
2019-12-17,15:43:31,12081,12081,12081,2
2019-12-17,15:43:37,12081,12081,12081,2
2019-12-17,15:44:16,12081,12081,12081,2
2019-12-17,15:44:16,12081,12081,12081,2
2019-12-17,15:44:16,12081,12081,12081,2
2019-12-17,15:44:16,12081,12081,12081,4
2019-12-17,15:44:16,12081,12081,12081,2
2019-12-17,15:44:32,12080,12080,12080,2
2019-12-17,15:44:39,12080,12080,12080,2
2019-12-17,15:44:43,12080,12080,12080,2
2019-12-17,15:44:50,12080,12080,12080,2
2019-12-17,15:44:57,12080,12080,12080,2
2019-12-17,15:45:01,12080,12080,12080,2
2019-12-17,15:45:01,12080,12080,12080,2
2019-12-17,15:45:01,12080,12080,12080,2
2019-12-17,15:45:03,12080,12080,12080,2
2019-12-17,15:45:03,12079,12079,12079,2
2019-12-17,15:45:03,12079,12079,12079,2
2019-12-17,15:45:03,12079,12079,12079,2
2019-12-17,15:45:03,12079,12079,12079,4
2019-12-17,15:45:03,12079,12079,12079,2
2019-12-17,15:45:03,12079,12079,12079,2
2019-12-17,15:45:03,12079,12079,12079,2
2019-12-17,15:45:03,12079,12079,12079,2
2019-12-17,15:45:03,12079,12079,12079,2
2019-12-17,15:45:03,12079,12079,12079,2
2019-12-17,15:45:03,12079,12079,12079,2
2019-12-17,15:45:03,12079,12079,12079,6
2019-12-17,15:45:03,12078,12078,12078,4
2019-12-17,15:45:03,12078,12078,12078,2
2019-12-17,15:45:03,12078,12078,12078,2
2019-12-17,15:45:03,12078,12078,12078,2
2019-12-17,15:45:03,12078,12078,12078,2
2019-12-17,15:45:03,12078,12078,12078,4
2019-12-17,15:45:03,12078,12078,12078,2
2019-12-17,15:45:03,12078,12078,12078,2
2019-12-17,15:45:03,12078,12078,12078,2
2019-12-17,15:45:03,12078,12078,12078,2
2019-12-17,15:45:03,12078,12078,12078,2
2019-12-17,15:45:03,12078,12078,12078,2
2019-12-17,15:45:03,12078,12078,12078,2
2019-12-17,15:45:03,12078,12078,12078,4
2019-12-17,15:45:03,12078,12078,12078,2
2019-12-17,15:45:03,12078,12078,12078,2
2019-12-17,15:45:03,12078,12078,12078,2
2019-12-17,15:45:03,12079,12079,12079,4
2019-12-17,15:45:03,12078,12078,12078,2
2019-12-17,15:45:03,12078,12078,12078,2
2019-12-17,15:45:03,12078,12078,12078,2
2019-12-17,15:45:03,12078,12078,12078,2
2019-12-17,15:45:03,12078,12078,12078,2
2019-12-17,15:45:03,12078,12078,12078,2
2019-12-17,15:45:04,12078,12078,12078,4
2019-12-17,15:45:04,12078,12078,12078,2
2019-12-17,15:45:04,12077,12077,12077,2
2019-12-17,15:45:04,12077,12077,12077,2
2019-12-17,15:45:04,12077,12077,12077,2
2019-12-17,15:45:06,12077,12077,12077,4
2019-12-17,15:45:09,12078,12078,12078,4
2019-12-17,15:45:09,12079,12079,12079,2
2019-12-17,15:45:09,12080,12080,12080,4
2019-12-17,15:45:14,12079,12079,12079,2
2019-12-17,15:45:25,12080,12080,12080,2
2019-12-17,15:45:35,12080,12080,12080,2
2019-12-17,15:46:02,12079,12079,12079,2
2019-12-17,15:46:02,12079,12079,12079,2
2019-12-17,15:46:17,12079,12079,12079,2
2019-12-17,15:46:39,12079,12079,12079,2
2019-12-17,15:46:42,12079,12079,12079,6
2019-12-17,15:46:53,12079,12079,12079,2
2019-12-17,15:46:57,12080,12080,12080,24
2019-12-17,15:46:57,12080,12080,12080,6
2019-12-17,15:46:57,12081,12081,12081,10
2019-12-17,15:47:14,12081,12081,12081,2
2019-12-17,15:47:27,12082,12082,12082,2
2019-12-17,15:47:27,12082,12082,12082,2
2019-12-17,15:48:13,12082,12082,12082,2
2019-12-17,15:48:13,12082,12082,12082,2
2019-12-17,15:48:15,12081,12081,12081,2
2019-12-17,15:48:17,12081,12081,12081,2
2019-12-17,15:48:20,12081,12081,12081,2
2019-12-17,15:48:23,12082,12082,12082,2
2019-12-17,15:48:26,12081,12081,12081,2
2019-12-17,15:48:33,12082,12082,12082,4
2019-12-17,15:48:33,12082,12082,12082,12
2019-12-17,15:48:33,12082,12082,12082,6
2019-12-17,15:48:35,12082,12082,12082,16
2019-12-17,15:48:35,12081,12081,12081,2
2019-12-17,15:48:38,12082,12082,12082,2
2019-12-17,15:48:49,12082,12082,12082,2
2019-12-17,15:49:10,12083,12083,12083,2
2019-12-17,15:49:12,12083,12083,12083,36
2019-12-17,15:49:16,12083,12083,12083,2
2019-12-17,15:49:22,12083,12083,12083,2
2019-12-17,15:49:24,12083,12083,12083,8
2019-12-17,15:49:24,12083,12083,12083,2
2019-12-17,15:49:32,12084,12084,12084,2
2019-12-17,15:49:33,12083,12083,12083,4
2019-12-17,15:49:34,12083,12083,12083,2
2019-12-17,15:49:34,12083,12083,12083,2
2019-12-17,15:49:40,12083,12083,12083,2
2019-12-17,15:49:40,12083,12083,12083,4
2019-12-17,15:49:40,12083,12083,12083,4
2019-12-17,15:49:40,12083,12083,12083,2
2019-12-17,15:49:40,12083,12083,12083,2
2019-12-17,15:49:40,12083,12083,12083,2
2019-12-17,15:49:40,12083,12083,12083,2
2019-12-17,15:49:40,12083,12083,12083,2
2019-12-17,15:49:42,12083,12083,12083,2
2019-12-17,15:49:42,12083,12083,12083,2
2019-12-17,15:49:42,12083,12083,12083,8
2019-12-17,15:49:42,12083,12083,12083,4
2019-12-17,15:49:42,12083,12083,12083,2
2019-12-17,15:49:42,12083,12083,12083,2
2019-12-17,15:49:45,12083,12083,12083,2
2019-12-17,15:49:45,12083,12083,12083,2
2019-12-17,15:49:45,12083,12083,12083,2
2019-12-17,15:49:48,12083,12083,12083,2
2019-12-17,15:49:52,12083,12083,12083,2
2019-12-17,15:49:54,12083,12083,12083,2
2019-12-17,15:50:00,12083,12083,12083,2
2019-12-17,15:50:00,12083,12083,12083,2
2019-12-17,15:50:00,12083,12083,12083,2
2019-12-17,15:50:00,12083,12083,12083,2
2019-12-17,15:50:00,12083,12083,12083,2
2019-12-17,15:50:02,12083,12083,12083,2
2019-12-17,15:50:02,12083,12083,12083,2
2019-12-17,15:50:07,12083,12083,12083,2
2019-12-17,15:50:21,12083,12083,12083,2
2019-12-17,15:50:21,12083,12083,12083,2
2019-12-17,15:50:21,12083,12083,12083,2
2019-12-17,15:50:21,12083,12083,12083,24
2019-12-17,15:50:30,12084,12084,12084,6
2019-12-17,15:50:30,12084,12084,12084,16
2019-12-17,15:50:30,12084,12084,12084,8
2019-12-17,15:50:30,12084,12084,12084,28
2019-12-17,15:50:31,12085,12085,12085,2
2019-12-17,15:50:42,12084,12084,12084,2
2019-12-17,15:50:49,12085,12085,12085,24
2019-12-17,15:50:51,12085,12085,12085,2
2019-12-17,15:50:51,12085,12085,12085,2
2019-12-17,15:50:52,12085,12085,12085,4
2019-12-17,15:51:00,12085,12085,12085,24
2019-12-17,15:51:05,12085,12085,12085,2
2019-12-17,15:51:06,12085,12085,12085,2
2019-12-17,15:51:09,12085,12085,12085,2
2019-12-17,15:51:10,12085,12085,12085,2
2019-12-17,15:51:11,12085,12085,12085,2
2019-12-17,15:51:14,12085,12085,12085,2
2019-12-17,15:51:14,12085,12085,12085,4
2019-12-17,15:51:14,12085,12085,12085,2
2019-12-17,15:51:15,12085,12085,12085,2
2019-12-17,15:51:15,12085,12085,12085,2
2019-12-17,15:51:16,12085,12085,12085,4
2019-12-17,15:51:16,12085,12085,12085,2
2019-12-17,15:51:16,12085,12085,12085,2
2019-12-17,15:51:17,12085,12085,12085,2
2019-12-17,15:51:19,12085,12085,12085,2
2019-12-17,15:51:23,12085,12085,12085,4
2019-12-17,15:51:25,12086,12086,12086,2
2019-12-17,15:51:25,12086,12086,12086,2
2019-12-17,15:51:25,12086,12086,12086,2
2019-12-17,15:51:29,12085,12085,12085,2
2019-12-17,15:51:29,12085,12085,12085,2
2019-12-17,15:51:29,12085,12085,12085,2
2019-12-17,15:51:29,12085,12085,12085,2
2019-12-17,15:51:29,12084,12084,12084,2
2019-12-17,15:51:30,12084,12084,12084,2
2019-12-17,15:51:31,12085,12085,12085,2
2019-12-17,15:51:32,12086,12086,12086,2
2019-12-17,15:51:38,12086,12086,12086,2
2019-12-17,15:51:39,12086,12086,12086,2
2019-12-17,15:51:50,12085,12085,12085,4
2019-12-17,15:51:50,12085,12085,12085,2
2019-12-17,15:51:50,12085,12085,12085,2
2019-12-17,15:51:50,12084,12084,12084,2
2019-12-17,15:51:50,12084,12084,12084,2
2019-12-17,15:51:50,12085,12085,12085,2
2019-12-17,15:51:51,12086,12086,12086,4
2019-12-17,15:52:01,12085,12085,12085,2
2019-12-17,15:52:02,12085,12085,12085,2
2019-12-17,15:52:05,12086,12086,12086,6
2019-12-17,15:52:05,12086,12086,12086,2
2019-12-17,15:52:11,12086,12086,12086,2
2019-12-17,15:52:14,12086,12086,12086,6
2019-12-17,15:52:15,12086,12086,12086,10
2019-12-17,15:52:18,12086,12086,12086,4
2019-12-17,15:52:18,12087,12087,12087,2
2019-12-17,15:52:19,12087,12087,12087,22
2019-12-17,15:52:19,12086,12086,12086,4
2019-12-17,15:52:22,12086,12086,12086,2
2019-12-17,15:52:22,12086,12086,12086,10
2019-12-17,15:52:27,12086,12086,12086,2
2019-12-17,15:52:31,12086,12086,12086,2
2019-12-17,15:52:38,12085,12085,12085,2
2019-12-17,15:52:38,12085,12085,12085,2
2019-12-17,15:52:38,12085,12085,12085,4
2019-12-17,15:52:38,12085,12085,12085,2
2019-12-17,15:52:38,12085,12085,12085,2
2019-12-17,15:52:38,12085,12085,12085,2
2019-12-17,15:52:38,12085,12085,12085,6
2019-12-17,15:52:38,12085,12085,12085,2
2019-12-17,15:52:38,12085,12085,12085,4
2019-12-17,15:52:38,12085,12085,12085,2
2019-12-17,15:52:38,12085,12085,12085,2
2019-12-17,15:52:38,12085,12085,12085,2
2019-12-17,15:52:38,12085,12085,12085,6
2019-12-17,15:52:38,12085,12085,12085,2
2019-12-17,15:52:38,12085,12085,12085,6
2019-12-17,15:52:38,12085,12085,12085,10
2019-12-17,15:52:38,12085,12085,12085,2
2019-12-17,15:52:38,12085,12085,12085,2
2019-12-17,15:52:38,12085,12085,12085,8
2019-12-17,15:52:38,12085,12085,12085,2
2019-12-17,15:52:38,12085,12085,12085,4
2019-12-17,15:52:40,12085,12085,12085,2
2019-12-17,15:52:53,12085,12085,12085,2
2019-12-17,15:53:02,12085,12085,12085,2
2019-12-17,15:53:05,12085,12085,12085,2
2019-12-17,15:53:11,12085,12085,12085,6
2019-12-17,15:53:11,12085,12085,12085,32
2019-12-17,15:53:16,12085,12085,12085,2
2019-12-17,15:53:17,12085,12085,12085,2
2019-12-17,15:53:17,12085,12085,12085,2
2019-12-17,15:53:19,12085,12085,12085,2
2019-12-17,15:53:22,12085,12085,12085,2
2019-12-17,15:53:57,12085,12085,12085,10
2019-12-17,15:53:57,12085,12085,12085,2
2019-12-17,15:53:58,12084,12084,12084,2
2019-12-17,15:53:58,12085,12085,12085,4
2019-12-17,15:53:59,12085,12085,12085,2
2019-12-17,15:54:04,12085,12085,12085,2
2019-12-17,15:54:32,12085,12085,12085,2
2019-12-17,15:54:42,12085,12085,12085,2
2019-12-17,15:55:03,12085,12085,12085,2
2019-12-17,15:55:03,12085,12085,12085,2
2019-12-17,15:55:03,12085,12085,12085,2
2019-12-17,15:55:10,12084,12084,12084,2
2019-12-17,15:55:13,12085,12085,12085,4
2019-12-17,15:55:35,12085,12085,12085,2
2019-12-17,15:55:38,12085,12085,12085,2
2019-12-17,15:55:38,12085,12085,12085,2
2019-12-17,15:55:47,12085,12085,12085,2
2019-12-17,15:56:14,12084,12084,12084,2
2019-12-17,15:56:14,12084,12084,12084,2
2019-12-17,15:56:14,12084,12084,12084,2
2019-12-17,15:56:15,12084,12084,12084,6
2019-12-17,15:56:15,12084,12084,12084,2
2019-12-17,15:56:15,12084,12084,12084,2
2019-12-17,15:56:15,12084,12084,12084,2
2019-12-17,15:56:15,12084,12084,12084,4
2019-12-17,15:56:15,12084,12084,12084,2
2019-12-17,15:56:21,12084,12084,12084,2
2019-12-17,15:56:28,12084,12084,12084,2
2019-12-17,15:56:39,12084,12084,12084,2
2019-12-17,15:56:43,12084,12084,12084,4
2019-12-17,15:56:48,12084,12084,12084,2
2019-12-17,15:56:51,12084,12084,12084,2
2019-12-17,15:57:35,12084,12084,12084,2
2019-12-17,15:57:37,12084,12084,12084,2
2019-12-17,15:57:44,12084,12084,12084,2
2019-12-17,15:58:20,12084,12084,12084,2
2019-12-17,15:58:27,12083,12083,12083,4
2019-12-17,15:58:27,12083,12083,12083,2
2019-12-17,15:58:28,12083,12083,12083,2
2019-12-17,15:58:29,12083,12083,12083,2
2019-12-17,15:58:29,12083,12083,12083,2
2019-12-17,15:58:36,12083,12083,12083,8
2019-12-17,15:58:41,12084,12084,12084,4
2019-12-17,15:58:41,12083,12083,12083,2
2019-12-17,15:58:43,12083,12083,12083,4
2019-12-17,15:58:47,12083,12083,12083,4
2019-12-17,15:58:47,12083,12083,12083,2
2019-12-17,15:58:53,12083,12083,12083,2
2019-12-17,15:58:58,12083,12083,12083,2
2019-12-17,15:59:28,12084,12084,12084,2
2019-12-17,15:59:43,12083,12083,12083,2
2019-12-17,15:59:43,12083,12083,12083,2
2019-12-17,15:59:43,12083,12083,12083,4
2019-12-17,15:59:43,12083,12083,12083,8
2019-12-17,15:59:43,12083,12083,12083,8
2019-12-17,15:59:43,12083,12083,12083,2
2019-12-17,15:59:43,12083,12083,12083,6
2019-12-17,15:59:53,12083,12083,12083,4
2019-12-17,15:59:59,12082,12082,12082,2
2019-12-17,15:59:59,12082,12082,12082,2
2019-12-17,15:59:59,12082,12082,12082,2
2019-12-17,15:59:59,12082,12082,12082,6
2019-12-17,16:00:00,12082,12082,12082,2
2019-12-17,16:00:00,12082,12082,12082,2
2019-12-17,16:00:00,12082,12082,12082,2
2019-12-17,16:00:00,12082,12082,12082,2
2019-12-17,16:00:00,12082,12082,12082,2
2019-12-17,16:00:00,12082,12082,12082,2
2019-12-17,16:00:00,12082,12082,12082,2
2019-12-17,16:00:00,12082,12082,12082,2
2019-12-17,16:00:01,12082,12082,12082,4
2019-12-17,16:00:01,12082,12082,12082,4
2019-12-17,16:00:02,12083,12083,12083,2
2019-12-17,16:00:03,12081,12081,12081,2
2019-12-17,16:00:03,12081,12081,12081,2
2019-12-17,16:00:04,12081,12081,12081,2
2019-12-17,16:00:10,12081,12081,12081,2
2019-12-17,16:00:13,12081,12081,12081,2
2019-12-17,16:00:18,12081,12081,12081,2
2019-12-17,16:00:23,12081,12081,12081,2
2019-12-17,16:00:23,12081,12081,12081,4
2019-12-17,16:00:23,12081,12081,12081,2
2019-12-17,16:00:23,12081,12081,12081,2
2019-12-17,16:00:23,12081,12081,12081,2
2019-12-17,16:00:28,12081,12081,12081,2
2019-12-17,16:00:28,12081,12081,12081,2
2019-12-17,16:00:28,12081,12081,12081,2
2019-12-17,16:00:43,12081,12081,12081,2
2019-12-17,16:00:52,12082,12082,12082,2
2019-12-17,16:00:57,12081,12081,12081,6
2019-12-17,16:01:03,12081,12081,12081,4
2019-12-17,16:01:03,12081,12081,12081,2
2019-12-17,16:01:03,12081,12081,12081,4
2019-12-17,16:01:03,12081,12081,12081,2
2019-12-17,16:01:03,12081,12081,12081,2
2019-12-17,16:01:03,12081,12081,12081,10
2019-12-17,16:01:03,12081,12081,12081,6
2019-12-17,16:01:03,12081,12081,12081,6
2019-12-17,16:01:03,12081,12081,12081,4
2019-12-17,16:01:03,12081,12081,12081,2
2019-12-17,16:01:03,12081,12081,12081,6
2019-12-17,16:01:03,12081,12081,12081,2
2019-12-17,16:01:03,12081,12081,12081,4
2019-12-17,16:01:03,12081,12081,12081,4
2019-12-17,16:01:03,12081,12081,12081,4
2019-12-17,16:01:03,12081,12081,12081,2
2019-12-17,16:01:03,12081,12081,12081,2
2019-12-17,16:01:04,12081,12081,12081,4
2019-12-17,16:01:11,12080,12080,12080,4
2019-12-17,16:01:11,12080,12080,12080,2
2019-12-17,16:01:11,12080,12080,12080,10
2019-12-17,16:01:11,12080,12080,12080,2
2019-12-17,16:01:11,12080,12080,12080,6
2019-12-17,16:01:14,12081,12081,12081,2
2019-12-17,16:01:21,12080,12080,12080,2
2019-12-17,16:01:21,12080,12080,12080,4
2019-12-17,16:01:21,12080,12080,12080,10
2019-12-17,16:01:21,12080,12080,12080,2
2019-12-17,16:01:21,12080,12080,12080,6
2019-12-17,16:01:24,12079,12079,12079,2
2019-12-17,16:01:24,12079,12079,12079,2
2019-12-17,16:01:24,12079,12079,12079,2
2019-12-17,16:01:24,12079,12079,12079,2
2019-12-17,16:01:32,12079,12079,12079,2
2019-12-17,16:01:32,12080,12080,12080,2
2019-12-17,16:01:50,12080,12080,12080,10
2019-12-17,16:01:51,12080,12080,12080,2
2019-12-17,16:01:53,12080,12080,12080,2
2019-12-17,16:01:54,12081,12081,12081,18
2019-12-17,16:01:57,12080,12080,12080,2
2019-12-17,16:02:01,12080,12080,12080,2
2019-12-17,16:02:02,12079,12079,12079,2
2019-12-17,16:02:04,12080,12080,12080,2
2019-12-17,16:02:20,12080,12080,12080,2
2019-12-17,16:02:25,12080,12080,12080,2
2019-12-17,16:02:26,12080,12080,12080,2
2019-12-17,16:02:26,12080,12080,12080,2
2019-12-17,16:02:28,12080,12080,12080,2
2019-12-17,16:02:32,12080,12080,12080,2
2019-12-17,16:02:32,12080,12080,12080,2
2019-12-17,16:02:32,12080,12080,12080,2
2019-12-17,16:02:43,12079,12079,12079,2
2019-12-17,16:02:47,12079,12079,12079,2
2019-12-17,16:02:48,12079,12079,12079,6
2019-12-17,16:02:49,12079,12079,12079,4
2019-12-17,16:02:49,12079,12079,12079,10
2019-12-17,16:02:49,12079,12079,12079,2
2019-12-17,16:02:49,12079,12079,12079,2
2019-12-17,16:02:49,12079,12079,12079,2
2019-12-17,16:02:49,12079,12079,12079,2
2019-12-17,16:02:50,12079,12079,12079,2
2019-12-17,16:02:55,12079,12079,12079,2
2019-12-17,16:02:58,12078,12078,12078,2
2019-12-17,16:02:58,12078,12078,12078,2
2019-12-17,16:02:58,12078,12078,12078,2
2019-12-17,16:02:59,12078,12078,12078,4
2019-12-17,16:02:59,12078,12078,12078,4
2019-12-17,16:02:59,12078,12078,12078,2
2019-12-17,16:02:59,12078,12078,12078,4
2019-12-17,16:02:59,12078,12078,12078,2
2019-12-17,16:02:59,12078,12078,12078,2
2019-12-17,16:02:59,12078,12078,12078,2
2019-12-17,16:02:59,12078,12078,12078,2
2019-12-17,16:02:59,12078,12078,12078,2
2019-12-17,16:02:59,12078,12078,12078,2
2019-12-17,16:03:00,12078,12078,12078,2
2019-12-17,16:03:01,12077,12077,12077,2
2019-12-17,16:03:01,12077,12077,12077,2
2019-12-17,16:03:01,12077,12077,12077,2
2019-12-17,16:03:01,12077,12077,12077,4
2019-12-17,16:03:01,12077,12077,12077,2
2019-12-17,16:03:02,12077,12077,12077,2
2019-12-17,16:03:02,12077,12077,12077,2
2019-12-17,16:03:06,12077,12077,12077,2
2019-12-17,16:03:07,12077,12077,12077,10
2019-12-17,16:03:09,12077,12077,12077,2
2019-12-17,16:03:10,12077,12077,12077,2
2019-12-17,16:03:14,12077,12077,12077,4
2019-12-17,16:03:14,12077,12077,12077,4
2019-12-17,16:03:14,12077,12077,12077,2
2019-12-17,16:03:15,12077,12077,12077,2
2019-12-17,16:03:15,12077,12077,12077,2
2019-12-17,16:03:18,12077,12077,12077,2
2019-12-17,16:03:19,12077,12077,12077,2
2019-12-17,16:03:25,12077,12077,12077,2
2019-12-17,16:03:27,12078,12078,12078,2
2019-12-17,16:03:27,12078,12078,12078,32
2019-12-17,16:03:27,12078,12078,12078,28
2019-12-17,16:03:27,12078,12078,12078,2
2019-12-17,16:03:27,12078,12078,12078,14
2019-12-17,16:03:28,12079,12079,12079,8
2019-12-17,16:03:28,12079,12079,12079,4
2019-12-17,16:03:28,12079,12079,12079,8
2019-12-17,16:03:39,12079,12079,12079,2
2019-12-17,16:03:39,12079,12079,12079,10
2019-12-17,16:03:39,12079,12079,12079,2
2019-12-17,16:03:39,12078,12078,12078,2
2019-12-17,16:03:39,12078,12078,12078,4
2019-12-17,16:03:39,12078,12078,12078,26
2019-12-17,16:03:39,12078,12078,12078,8
2019-12-17,16:03:39,12078,12078,12078,2
2019-12-17,16:03:39,12078,12078,12078,2
2019-12-17,16:03:39,12078,12078,12078,6
2019-12-17,16:03:39,12078,12078,12078,2
2019-12-17,16:03:39,12078,12078,12078,4
2019-12-17,16:03:39,12078,12078,12078,2
2019-12-17,16:03:39,12078,12078,12078,2
2019-12-17,16:03:39,12078,12078,12078,2
2019-12-17,16:03:39,12078,12078,12078,2
2019-12-17,16:03:39,12078,12078,12078,2
2019-12-17,16:03:39,12078,12078,12078,2
2019-12-17,16:03:39,12078,12078,12078,2
2019-12-17,16:03:39,12078,12078,12078,6
2019-12-17,16:03:39,12078,12078,12078,2
2019-12-17,16:03:39,12078,12078,12078,10
2019-12-17,16:03:39,12078,12078,12078,2
2019-12-17,16:03:39,12078,12078,12078,10
2019-12-17,16:03:39,12078,12078,12078,4
2019-12-17,16:03:39,12078,12078,12078,2
2019-12-17,16:03:39,12078,12078,12078,2
2019-12-17,16:03:39,12078,12078,12078,2
2019-12-17,16:03:40,12078,12078,12078,8
2019-12-17,16:03:43,12079,12079,12079,2
2019-12-17,16:03:48,12078,12078,12078,2
2019-12-17,16:03:53,12078,12078,12078,8
2019-12-17,16:03:55,12078,12078,12078,2
2019-12-17,16:04:03,12077,12077,12077,2
2019-12-17,16:04:03,12077,12077,12077,2
2019-12-17,16:04:03,12077,12077,12077,2
2019-12-17,16:04:03,12077,12077,12077,4
2019-12-17,16:04:03,12077,12077,12077,2
2019-12-17,16:04:03,12077,12077,12077,2
2019-12-17,16:04:03,12077,12077,12077,4
2019-12-17,16:04:03,12077,12077,12077,4
2019-12-17,16:04:03,12077,12077,12077,2
2019-12-17,16:04:03,12077,12077,12077,2
2019-12-17,16:04:07,12077,12077,12077,2
2019-12-17,16:04:11,12077,12077,12077,2
2019-12-17,16:04:26,12076,12076,12076,8
2019-12-17,16:04:26,12076,12076,12076,8
2019-12-17,16:04:26,12076,12076,12076,2
2019-12-17,16:04:26,12076,12076,12076,2
2019-12-17,16:04:26,12076,12076,12076,8
2019-12-17,16:04:26,12076,12076,12076,2
2019-12-17,16:04:26,12076,12076,12076,2
2019-12-17,16:04:26,12076,12076,12076,4
2019-12-17,16:04:26,12076,12076,12076,2
2019-12-17,16:04:26,12076,12076,12076,2
2019-12-17,16:04:26,12076,12076,12076,2
2019-12-17,16:04:26,12076,12076,12076,4
2019-12-17,16:04:26,12076,12076,12076,4
2019-12-17,16:04:26,12076,12076,12076,2
2019-12-17,16:04:27,12076,12076,12076,2
2019-12-17,16:04:28,12076,12076,12076,10
2019-12-17,16:04:30,12075,12075,12075,2
2019-12-17,16:04:31,12076,12076,12076,2
2019-12-17,16:04:32,12075,12075,12075,2
2019-12-17,16:04:34,12075,12075,12075,2
2019-12-17,16:04:35,12075,12075,12075,4
2019-12-17,16:04:35,12075,12075,12075,2
2019-12-17,16:04:36,12076,12076,12076,2
2019-12-17,16:04:37,12076,12076,12076,2
2019-12-17,16:04:41,12075,12075,12075,2
2019-12-17,16:04:44,12075,12075,12075,2
2019-12-17,16:04:44,12075,12075,12075,2
2019-12-17,16:04:44,12075,12075,12075,2
2019-12-17,16:04:44,12075,12075,12075,2
2019-12-17,16:04:44,12075,12075,12075,2
2019-12-17,16:04:44,12075,12075,12075,4
2019-12-17,16:04:44,12075,12075,12075,4
2019-12-17,16:04:44,12075,12075,12075,2
2019-12-17,16:04:50,12075,12075,12075,4
2019-12-17,16:04:50,12075,12075,12075,2
2019-12-17,16:04:50,12075,12075,12075,2
2019-12-17,16:04:50,12075,12075,12075,2
2019-12-17,16:04:50,12075,12075,12075,2
2019-12-17,16:04:50,12075,12075,12075,6
2019-12-17,16:04:50,12075,12075,12075,10
2019-12-17,16:04:50,12075,12075,12075,2
2019-12-17,16:04:50,12075,12075,12075,10
2019-12-17,16:04:50,12075,12075,12075,2
2019-12-17,16:04:50,12074,12074,12074,2
2019-12-17,16:04:51,12075,12075,12075,2
2019-12-17,16:05:01,12075,12075,12075,2
2019-12-17,16:05:02,12074,12074,12074,2
2019-12-17,16:05:02,12074,12074,12074,6
2019-12-17,16:05:03,12075,12075,12075,2
2019-12-17,16:05:04,12075,12075,12075,2
2019-12-17,16:05:04,12075,12075,12075,36
2019-12-17,16:05:06,12076,12076,12076,4
2019-12-17,16:05:07,12076,12076,12076,2
2019-12-17,16:05:07,12076,12076,12076,4
2019-12-17,16:05:07,12076,12076,12076,2
2019-12-17,16:05:09,12076,12076,12076,4
2019-12-17,16:05:20,12076,12076,12076,4
2019-12-17,16:05:20,12077,12077,12077,14
2019-12-17,16:05:20,12076,12076,12076,2
2019-12-17,16:05:20,12076,12076,12076,2
2019-12-17,16:05:22,12076,12076,12076,2
2019-12-17,16:05:31,12076,12076,12076,2
2019-12-17,16:05:34,12075,12075,12075,2
2019-12-17,16:05:40,12077,12077,12077,2
2019-12-17,16:05:46,12076,12076,12076,2
2019-12-17,16:05:50,12076,12076,12076,4
2019-12-17,16:05:50,12076,12076,12076,4
2019-12-17,16:05:50,12076,12076,12076,2
2019-12-17,16:05:50,12076,12076,12076,4
2019-12-17,16:05:57,12077,12077,12077,2
2019-12-17,16:05:59,12076,12076,12076,2
2019-12-17,16:06:05,12077,12077,12077,10
2019-12-17,16:06:09,12077,12077,12077,2
2019-12-17,16:06:11,12077,12077,12077,2
2019-12-17,16:06:19,12077,12077,12077,2
2019-12-17,16:06:37,12077,12077,12077,2
2019-12-17,16:06:37,12077,12077,12077,2
2019-12-17,16:06:40,12076,12076,12076,2
2019-12-17,16:06:47,12077,12077,12077,2
2019-12-17,16:06:48,12076,12076,12076,2
2019-12-17,16:06:53,12077,12077,12077,2
2019-12-17,16:06:55,12076,12076,12076,8
2019-12-17,16:06:58,12076,12076,12076,2
2019-12-17,16:07:01,12077,12077,12077,4
2019-12-17,16:07:02,12076,12076,12076,2
2019-12-17,16:07:17,12077,12077,12077,2
2019-12-17,16:07:27,12077,12077,12077,2
2019-12-17,16:07:36,12076,12076,12076,2
2019-12-17,16:07:36,12077,12077,12077,4
2019-12-17,16:07:48,12076,12076,12076,2
2019-12-17,16:07:55,12077,12077,12077,2
2019-12-17,16:07:56,12077,12077,12077,2
2019-12-17,16:07:56,12077,12077,12077,6
2019-12-17,16:07:56,12077,12077,12077,4
2019-12-17,16:07:56,12077,12077,12077,2
2019-12-17,16:07:56,12077,12077,12077,2
2019-12-17,16:07:56,12077,12077,12077,4
2019-12-17,16:07:56,12077,12077,12077,2
2019-12-17,16:07:57,12077,12077,12077,2
2019-12-17,16:07:59,12077,12077,12077,2
2019-12-17,16:08:09,12078,12078,12078,20
2019-12-17,16:08:10,12077,12077,12077,2
2019-12-17,16:08:10,12077,12077,12077,2
2019-12-17,16:08:10,12077,12077,12077,2
2019-12-17,16:08:19,12077,12077,12077,8
2019-12-17,16:08:20,12077,12077,12077,4
2019-12-17,16:08:20,12077,12077,12077,4
2019-12-17,16:08:20,12077,12077,12077,2
2019-12-17,16:08:20,12077,12077,12077,2
2019-12-17,16:08:20,12077,12077,12077,2
2019-12-17,16:08:20,12077,12077,12077,2
2019-12-17,16:08:20,12077,12077,12077,2
2019-12-17,16:08:20,12077,12077,12077,4
2019-12-17,16:08:20,12077,12077,12077,2
2019-12-17,16:08:30,12077,12077,12077,2
2019-12-17,16:08:35,12077,12077,12077,2
2019-12-17,16:08:47,12077,12077,12077,2
2019-12-17,16:08:50,12077,12077,12077,2
2019-12-17,16:08:50,12077,12077,12077,2
2019-12-17,16:08:50,12077,12077,12077,2
2019-12-17,16:09:01,12076,12076,12076,2
2019-12-17,16:09:05,12076,12076,12076,2
2019-12-17,16:09:07,12077,12077,12077,4
2019-12-17,16:09:08,12077,12077,12077,2
2019-12-17,16:09:17,12077,12077,12077,2
2019-12-17,16:09:27,12077,12077,12077,2
2019-12-17,16:09:38,12076,12076,12076,2
2019-12-17,16:09:38,12076,12076,12076,2
2019-12-17,16:09:38,12076,12076,12076,4
2019-12-17,16:09:38,12076,12076,12076,4
2019-12-17,16:09:38,12076,12076,12076,8
2019-12-17,16:09:38,12076,12076,12076,8
2019-12-17,16:09:38,12076,12076,12076,6
2019-12-17,16:09:38,12076,12076,12076,2
2019-12-17,16:09:38,12076,12076,12076,4
2019-12-17,16:09:38,12076,12076,12076,14
2019-12-17,16:09:38,12076,12076,12076,8
2019-12-17,16:09:38,12076,12076,12076,6
2019-12-17,16:09:38,12076,12076,12076,4
2019-12-17,16:09:38,12076,12076,12076,2
2019-12-17,16:09:38,12076,12076,12076,4
2019-12-17,16:09:38,12076,12076,12076,2
2019-12-17,16:09:38,12076,12076,12076,6
2019-12-17,16:09:38,12076,12076,12076,4
2019-12-17,16:09:38,12076,12076,12076,2
2019-12-17,16:09:38,12076,12076,12076,2
2019-12-17,16:09:38,12076,12076,12076,4
2019-12-17,16:09:38,12076,12076,12076,4
2019-12-17,16:09:38,12076,12076,12076,4
2019-12-17,16:09:38,12076,12076,12076,4
2019-12-17,16:09:38,12076,12076,12076,2
2019-12-17,16:09:38,12076,12076,12076,8
2019-12-17,16:09:38,12076,12076,12076,4
2019-12-17,16:09:38,12076,12076,12076,8
2019-12-17,16:09:38,12076,12076,12076,4
2019-12-17,16:09:38,12076,12076,12076,4
2019-12-17,16:09:38,12076,12076,12076,2
2019-12-17,16:09:38,12076,12076,12076,2
2019-12-17,16:09:38,12076,12076,12076,4
2019-12-17,16:09:38,12076,12076,12076,2
2019-12-17,16:09:38,12076,12076,12076,4
2019-12-17,16:09:38,12076,12076,12076,6
2019-12-17,16:09:38,12076,12076,12076,2
2019-12-17,16:09:40,12075,12075,12075,2
2019-12-17,16:09:40,12075,12075,12075,2
2019-12-17,16:09:40,12075,12075,12075,2
2019-12-17,16:09:40,12075,12075,12075,2
2019-12-17,16:09:40,12075,12075,12075,2
2019-12-17,16:09:40,12075,12075,12075,6
2019-12-17,16:09:40,12075,12075,12075,8
2019-12-17,16:09:40,12075,12075,12075,4
2019-12-17,16:09:40,12075,12075,12075,2
2019-12-17,16:09:40,12075,12075,12075,4
2019-12-17,16:09:40,12075,12075,12075,4
2019-12-17,16:09:40,12075,12075,12075,2
2019-12-17,16:09:40,12075,12075,12075,2
2019-12-17,16:09:40,12075,12075,12075,2
2019-12-17,16:09:40,12075,12075,12075,2
2019-12-17,16:09:40,12075,12075,12075,2
2019-12-17,16:09:40,12075,12075,12075,2
2019-12-17,16:09:40,12074,12074,12074,4
2019-12-17,16:09:40,12074,12074,12074,2
2019-12-17,16:09:41,12075,12075,12075,2
2019-12-17,16:09:48,12075,12075,12075,2
2019-12-17,16:09:49,12075,12075,12075,2
2019-12-17,16:09:50,12075,12075,12075,4
2019-12-17,16:09:52,12075,12075,12075,2
2019-12-17,16:09:59,12075,12075,12075,2
2019-12-17,16:10:00,12075,12075,12075,2
2019-12-17,16:10:01,12074,12074,12074,2
2019-12-17,16:10:01,12074,12074,12074,2
2019-12-17,16:10:01,12074,12074,12074,2
2019-12-17,16:10:05,12074,12074,12074,4
2019-12-17,16:10:06,12074,12074,12074,2
2019-12-17,16:10:11,12074,12074,12074,2
2019-12-17,16:10:12,12074,12074,12074,2
2019-12-17,16:10:20,12074,12074,12074,2
2019-12-17,16:10:20,12075,12075,12075,2
2019-12-17,16:10:22,12074,12074,12074,2
2019-12-17,16:10:28,12074,12074,12074,2
2019-12-17,16:10:31,12074,12074,12074,4
2019-12-17,16:10:31,12074,12074,12074,2
2019-12-17,16:10:31,12074,12074,12074,2
2019-12-17,16:10:34,12074,12074,12074,2
2019-12-17,16:10:37,12075,12075,12075,44
2019-12-17,16:10:37,12076,12076,12076,2
2019-12-17,16:10:37,12075,12075,12075,2
2019-12-17,16:10:38,12075,12075,12075,2
2019-12-17,16:10:41,12075,12075,12075,2
2019-12-17,16:10:41,12075,12075,12075,2
2019-12-17,16:10:41,12075,12075,12075,4
2019-12-17,16:10:41,12075,12075,12075,2
2019-12-17,16:10:41,12075,12075,12075,8
2019-12-17,16:10:41,12075,12075,12075,2
2019-12-17,16:10:50,12076,12076,12076,2
2019-12-17,16:10:50,12076,12076,12076,4
2019-12-17,16:10:50,12076,12076,12076,6
2019-12-17,16:10:50,12076,12076,12076,2
2019-12-17,16:10:50,12076,12076,12076,2
2019-12-17,16:10:53,12076,12076,12076,4
2019-12-17,16:10:56,12077,12077,12077,18
2019-12-17,16:10:56,12077,12077,12077,10
2019-12-17,16:11:07,12077,12077,12077,2
2019-12-17,16:11:08,12077,12077,12077,2
2019-12-17,16:11:09,12077,12077,12077,2
2019-12-17,16:11:21,12077,12077,12077,2
2019-12-17,16:11:30,12077,12077,12077,2
2019-12-17,16:11:31,12077,12077,12077,2
2019-12-17,16:11:38,12077,12077,12077,2
2019-12-17,16:11:39,12077,12077,12077,2
2019-12-17,16:11:45,12077,12077,12077,2
2019-12-17,16:11:53,12077,12077,12077,2
2019-12-17,16:11:53,12077,12077,12077,8
2019-12-17,16:11:54,12077,12077,12077,2
2019-12-17,16:12:40,12077,12077,12077,4
2019-12-17,16:12:41,12077,12077,12077,2
2019-12-17,16:12:51,12076,12076,12076,2
2019-12-17,16:12:58,12076,12076,12076,2
2019-12-17,16:13:05,12077,12077,12077,6
2019-12-17,16:13:06,12076,12076,12076,2
2019-12-17,16:13:13,12076,12076,12076,2
2019-12-17,16:13:13,12076,12076,12076,2
2019-12-17,16:13:13,12076,12076,12076,2
2019-12-17,16:13:13,12076,12076,12076,2
2019-12-17,16:13:13,12076,12076,12076,2
2019-12-17,16:13:13,12076,12076,12076,6
2019-12-17,16:13:15,12076,12076,12076,6
2019-12-17,16:13:31,12075,12075,12075,2
2019-12-17,16:13:31,12075,12075,12075,4
2019-12-17,16:13:31,12075,12075,12075,2
2019-12-17,16:13:31,12074,12074,12074,2
2019-12-17,16:13:32,12075,12075,12075,2
2019-12-17,16:13:33,12074,12074,12074,4
2019-12-17,16:13:40,12074,12074,12074,2
2019-12-17,16:13:41,12074,12074,12074,2
2019-12-17,16:13:41,12074,12074,12074,2
2019-12-17,16:13:43,12074,12074,12074,2
2019-12-17,16:13:49,12074,12074,12074,2
2019-12-17,16:13:49,12074,12074,12074,2
2019-12-17,16:13:49,12074,12074,12074,2
2019-12-17,16:13:49,12074,12074,12074,2
2019-12-17,16:13:49,12074,12074,12074,2
2019-12-17,16:13:51,12074,12074,12074,2
2019-12-17,16:13:51,12074,12074,12074,2
2019-12-17,16:13:54,12074,12074,12074,2
2019-12-17,16:13:54,12074,12074,12074,4
2019-12-17,16:13:54,12074,12074,12074,2
2019-12-17,16:13:54,12074,12074,12074,2
2019-12-17,16:14:00,12075,12075,12075,2
2019-12-17,16:14:04,12074,12074,12074,4
2019-12-17,16:14:04,12074,12074,12074,2
2019-12-17,16:14:21,12075,12075,12075,2
2019-12-17,16:14:24,12075,12075,12075,10
2019-12-17,16:14:27,12074,12074,12074,2
2019-12-17,16:14:43,12074,12074,12074,2
2019-12-17,16:14:43,12074,12074,12074,2
2019-12-17,16:14:44,12075,12075,12075,4
2019-12-17,16:14:56,12074,12074,12074,2
2019-12-17,16:14:57,12074,12074,12074,2
2019-12-17,16:14:57,12074,12074,12074,2
2019-12-17,16:15:17,12075,12075,12075,2
2019-12-17,16:15:18,12074,12074,12074,2
2019-12-17,16:15:18,12074,12074,12074,4
2019-12-17,16:15:22,12075,12075,12075,16
2019-12-17,16:15:28,12076,12076,12076,2
2019-12-17,16:15:37,12077,12077,12077,20
2019-12-17,16:15:37,12077,12077,12077,2
2019-12-17,16:15:37,12078,12078,12078,2
2019-12-17,16:15:37,12077,12077,12077,2
2019-12-17,16:15:56,12077,12077,12077,2
2019-12-17,16:15:56,12077,12077,12077,4
2019-12-17,16:15:56,12077,12077,12077,2
2019-12-17,16:15:56,12077,12077,12077,2
2019-12-17,16:15:56,12077,12077,12077,2
2019-12-17,16:16:00,12077,12077,12077,4
2019-12-17,16:16:06,12077,12077,12077,2
2019-12-17,16:16:31,12077,12077,12077,2
