2019-12-10,15:00:00.028000,11617,11618,11616,125
2019-12-10,15:00:00.224000,11616,11617,11616,1
2019-12-10,15:00:00.232000,11616,11617,11616,1
2019-12-10,15:00:00.254000,11616,11617,11616,1
2019-12-10,15:00:00.310000,11616,11617,11616,1
2019-12-10,15:00:00.322000,11616,11617,11616,1
2019-12-10,15:00:00.324000,11616,11617,11616,1
2019-12-10,15:00:00.394000,11616,11617,11616,1
2019-12-10,15:00:00.556000,11616,11617,11616,5
2019-12-10,15:00:00.610000,11616,11617,11616,3
2019-12-10,15:00:00.712000,11615,11616,11616,1
2019-12-10,15:00:00.762000,11615,11616,11615,10
2019-12-10,15:00:00.768000,11615,11616,11615,4
2019-12-10,15:00:00.909000,11615,11616,11615,1
2019-12-10,15:00:00.927000,11615,11616,11615,1
2019-12-10,15:00:01.036000,11614,11616,11614,2
2019-12-10,15:00:01.212000,11614,11616,11614,3
2019-12-10,15:00:01.572000,11614,11615,11615,1
2019-12-10,15:00:01.986000,11614,11615,11615,1
2019-12-10,15:00:02.066000,11614,11615,11614,2
2019-12-10,15:00:02.539000,11614,11615,11614,1
2019-12-10,15:00:02.697000,11614,11615,11614,2
2019-12-10,15:00:03.343000,11614,11615,11615,4
2019-12-10,15:00:04.056000,11614,11615,11614,2
2019-12-10,15:00:04.065000,11614,11615,11615,1
2019-12-10,15:00:05.208000,11614,11615,11615,3
2019-12-10,15:00:05.363000,11614,11615,11614,1
2019-12-10,15:00:07.552000,11614,11615,11615,3
2019-12-10,15:00:07.623000,11614,11615,11615,3
2019-12-10,15:00:07.661000,11614,11615,11615,1
2019-12-10,15:00:07.677000,11614,11615,11615,1
2019-12-10,15:00:07.944000,11614,11615,11614,3
2019-12-10,15:00:07.995000,11614,11615,11615,3
2019-12-10,15:00:08.990000,11615,11616,11615,3
2019-12-10,15:00:09.686000,11615,11616,11615,1
2019-12-10,15:00:12.086000,11615,11616,11615,2
2019-12-10,15:00:12.751000,11615,11616,11615,3
2019-12-10,15:00:13.640000,11615,11616,11615,1
2019-12-10,15:00:14.305000,11615,11616,11616,1
2019-12-10,15:00:14.968000,11615,11616,11615,11
2019-12-10,15:00:15.051000,11615,11616,11615,10
2019-12-10,15:00:15.813000,11614,11616,11616,1
2019-12-10,15:00:16.134000,11614,11616,11614,1
2019-12-10,15:00:16.158000,11614,11616,11616,3
2019-12-10,15:00:16.628000,11615,11616,11615,1
2019-12-10,15:00:16.658000,11615,11616,11615,1
2019-12-10,15:00:16.875000,11614,11615,11615,1
2019-12-10,15:00:17.135000,11614,11615,11615,1
2019-12-10,15:00:17.743000,11614,11615,11615,1
2019-12-10,15:00:20.368000,11614,11615,11615,6
2019-12-10,15:00:20.405000,11614,11615,11615,1
2019-12-10,15:00:20.778000,11615,11616,11615,3
2019-12-10,15:00:21.036000,11615,11616,11615,1
2019-12-10,15:00:21.816000,11615,11616,11615,1
2019-12-10,15:00:24.229000,11615,11616,11615,5
2019-12-10,15:00:25.078000,11615,11616,11615,5
2019-12-10,15:00:25.119000,11615,11616,11615,3
2019-12-10,15:00:25.161000,11614,11615,11615,2
2019-12-10,15:00:25.552000,11615,11616,11615,1
2019-12-10,15:00:25.989000,11615,11616,11615,5
2019-12-10,15:00:27.845000,11614,11615,11615,1
2019-12-10,15:00:28.071000,11614,11615,11615,2
2019-12-10,15:00:28.123000,11614,11615,11615,1
2019-12-10,15:00:28.161000,11614,11615,11615,4
2019-12-10,15:00:28.807000,11615,11616,11616,1
2019-12-10,15:00:33.033000,11615,11616,11615,5
2019-12-10,15:00:33.084000,11615,11616,11615,1
2019-12-10,15:00:34.127000,11615,11616,11615,1
2019-12-10,15:00:34.885000,11615,11616,11616,1
2019-12-10,15:00:35.129000,11615,11616,11615,1
2019-12-10,15:00:36.604000,11615,11616,11616,1
2019-12-10,15:00:37.137000,11615,11616,11616,1
2019-12-10,15:00:37.382000,11615,11616,11615,1
2019-12-10,15:00:37.610000,11615,11616,11616,1
2019-12-10,15:00:37.664000,11615,11616,11616,1
2019-12-10,15:00:37.708000,11615,11616,11616,1
2019-12-10,15:00:38.248000,11615,11616,11615,3
2019-12-10,15:00:38.313000,11615,11616,11616,1
2019-12-10,15:00:41.092000,11615,11616,11616,1
2019-12-10,15:00:42.786000,11615,11616,11616,6
2019-12-10,15:00:42.786000,11615,11616,11616,2
2019-12-10,15:00:42.911000,11615,11616,11616,1
2019-12-10,15:00:42.911000,11615,11616,11616,6
2019-12-10,15:00:44.957000,11616,11617,11616,2
2019-12-10,15:00:46.043000,11616,11617,11616,1
2019-12-10,15:00:46.450000,11616,11617,11617,1
2019-12-10,15:00:47.421000,11616,11617,11617,10
2019-12-10,15:00:47.832000,11616,11617,11617,2
2019-12-10,15:00:49.525000,11616,11617,11617,2
2019-12-10,15:00:50.804000,11616,11617,11616,2
2019-12-10,15:00:51.200000,11616,11617,11616,1
2019-12-10,15:00:52.338000,11616,11617,11616,2
2019-12-10,15:00:53.167000,11616,11617,11617,1
2019-12-10,15:00:53.575000,11616,11617,11616,1
2019-12-10,15:00:57.176000,11616,11617,11616,5
2019-12-10,15:00:59.848000,11616,11617,11616,5
2019-12-10,15:01:00.024000,11616,11617,11617,1
2019-12-10,15:01:00.088000,11616,11617,11617,1
2019-12-10,15:01:00.141000,11616,11617,11617,1
2019-12-10,15:01:00.323000,11616,11617,11616,5
2019-12-10,15:01:00.524000,11616,11617,11617,1
2019-12-10,15:01:00.555000,11616,11617,11617,2
2019-12-10,15:01:00.757000,11616,11617,11616,4
2019-12-10,15:01:00.880000,11616,11617,11616,1
2019-12-10,15:01:01.276000,11616,11617,11616,2
2019-12-10,15:01:06.996000,11616,11617,11617,1
2019-12-10,15:01:08.480000,11616,11617,11617,1
2019-12-10,15:01:08.815000,11616,11617,11616,8
2019-12-10,15:01:10.069000,11616,11617,11616,1
2019-12-10,15:01:10.961000,11616,11617,11617,1
2019-12-10,15:01:15.679000,11616,11617,11616,18
2019-12-10,15:01:17.273000,11615,11616,11616,1
2019-12-10,15:01:17.548000,11615,11616,11616,1
2019-12-10,15:01:17.791000,11615,11616,11615,5
2019-12-10,15:01:17.911000,11615,11616,11615,2
2019-12-10,15:01:17.911000,11615,11616,11615,2
2019-12-10,15:01:17.912000,11615,11616,11615,1
2019-12-10,15:01:19.959000,11615,11616,11615,5
2019-12-10,15:01:20.036000,11614,11615,11615,4
2019-12-10,15:01:20.911000,11614,11615,11615,1
2019-12-10,15:01:21.036000,11614,11615,11615,1
2019-12-10,15:01:21.661000,11614,11615,11615,1
2019-12-10,15:01:22.661000,11614,11615,11615,1
2019-12-10,15:01:25.176000,11614,11615,11615,2
2019-12-10,15:01:25.957000,11614,11615,11615,1
2019-12-10,15:01:26.641000,11614,11615,11615,1
2019-12-10,15:01:26.716000,11614,11615,11614,1
2019-12-10,15:01:27.005000,11614,11615,11614,1
2019-12-10,15:01:27.181000,11614,11615,11614,1
2019-12-10,15:01:27.201000,11614,11615,11614,1
2019-12-10,15:01:27.318000,11614,11615,11614,1
2019-12-10,15:01:28.831000,11614,11615,11615,3
2019-12-10,15:01:29.439000,11614,11615,11615,1
2019-12-10,15:01:29.884000,11614,11615,11615,1
2019-12-10,15:01:30.155000,11614,11615,11614,10
2019-12-10,15:01:31.400000,11614,11615,11614,1
2019-12-10,15:01:32.399000,11614,11615,11614,1
2019-12-10,15:01:32.424000,11614,11615,11614,12
2019-12-10,15:01:32.864000,11613,11614,11614,4
2019-12-10,15:01:33.358000,11614,11615,11614,1
2019-12-10,15:01:33.578000,11614,11615,11615,1
2019-12-10,15:01:35.386000,11614,11615,11614,4
2019-12-10,15:01:38.719000,11614,11615,11614,5
2019-12-10,15:01:41.056000,11614,11615,11615,1
2019-12-10,15:01:41.457000,11614,11615,11614,1
2019-12-10,15:01:42.136000,11614,11615,11614,1
2019-12-10,15:01:44.022000,11614,11615,11614,1
2019-12-10,15:01:44.066000,11614,11615,11614,4
2019-12-10,15:01:44.158000,11614,11615,11614,3
2019-12-10,15:01:45.415000,11614,11615,11614,1
2019-12-10,15:01:45.635000,11614,11615,11614,2
2019-12-10,15:01:47.431000,11614,11615,11615,1
2019-12-10,15:01:47.649000,11614,11615,11614,1
2019-12-10,15:01:47.784000,11614,11615,11615,3
2019-12-10,15:01:52.225000,11614,11615,11615,4
2019-12-10,15:01:55.396000,11614,11615,11615,1
2019-12-10,15:01:59.137000,11614,11615,11615,1
2019-12-10,15:01:59.294000,11614,11615,11615,6
2019-12-10,15:01:59.294000,11614,11615,11616,2
2019-12-10,15:01:59.428000,11615,11616,11615,2
2019-12-10,15:02:00.615000,11615,11616,11615,1
2019-12-10,15:02:12.544000,11615,11616,11615,1
2019-12-10,15:02:25.541000,11615,11616,11615,1
2019-12-10,15:02:54.878000,11615,11616,11616,1
2019-12-10,15:02:55.328000,11615,11616,11616,1
2019-12-10,15:02:55.555000,11615,11616,11615,1
2019-12-10,15:03:00.143000,11615,11616,11616,2
2019-12-10,15:03:19.725000,11615,11616,11616,1
2019-12-10,15:03:21.646000,11615,11616,11615,2
2019-12-10,15:03:21.886000,11615,11616,11616,1
2019-12-10,15:03:24.859000,11615,11616,11616,1
2019-12-10,15:03:25.901000,11615,11616,11615,1
2019-12-10,15:03:31.344000,11615,11616,11615,1
2019-12-10,15:03:39.225000,11615,11616,11615,2
2019-12-10,15:03:39.892000,11615,11616,11615,4
2019-12-10,15:03:39.927000,11615,11616,11615,18
2019-12-10,15:03:40.126000,11614,11616,11615,2
2019-12-10,15:03:45.894000,11614,11615,11614,10
2019-12-10,15:03:49.435000,11614,11615,11614,8
2019-12-10,15:03:49.954000,11614,11615,11614,5
2019-12-10,15:03:53.535000,11614,11615,11614,1
2019-12-10,15:03:53.552000,11614,11615,11614,1
2019-12-10,15:03:54.405000,11614,11615,11614,1
2019-12-10,15:03:54.646000,11614,11615,11614,1
2019-12-10,15:03:55.997000,11614,11615,11614,1
2019-12-10,15:03:58.172000,11614,11615,11615,1
2019-12-10,15:03:59.159000,11614,11615,11614,1
2019-12-10,15:03:59.337000,11614,11615,11614,1
2019-12-10,15:03:59.452000,11614,11615,11614,1
2019-12-10,15:04:00.203000,11614,11615,11614,1
2019-12-10,15:04:00.969000,11614,11615,11614,1
2019-12-10,15:04:03.085000,11614,11615,11614,7
2019-12-10,15:04:03.110000,11614,11615,11615,4
2019-12-10,15:04:03.141000,11614,11615,11614,1
2019-12-10,15:04:03.177000,11614,11615,11614,3
2019-12-10,15:04:04.214000,11613,11614,11613,1
2019-12-10,15:04:04.315000,11613,11614,11613,1
2019-12-10,15:04:05.658000,11613,11614,11613,10
2019-12-10,15:04:06.927000,11613,11614,11613,3
2019-12-10,15:04:07.655000,11613,11614,11613,1
2019-12-10,15:04:09.553000,11613,11614,11613,1
2019-12-10,15:04:15.045000,11613,11614,11613,12
2019-12-10,15:04:15.045000,11613,11614,11612,38
2019-12-10,15:04:15.086000,11613,11614,11612,1
2019-12-10,15:04:15.161000,11612,11613,11612,5
2019-12-10,15:04:15.282000,11612,11613,11612,1
2019-12-10,15:04:15.617000,11611,11612,11611,1
2019-12-10,15:04:16.751000,11611,11612,11612,1
2019-12-10,15:04:17.414000,11611,11612,11612,2
2019-12-10,15:04:17.542000,11611,11612,11611,1
2019-12-10,15:04:19.048000,11611,11612,11611,1
2019-12-10,15:04:19.418000,11611,11612,11611,2
2019-12-10,15:04:20.098000,11611,11612,11612,1
2019-12-10,15:04:23.343000,11611,11612,11612,2
2019-12-10,15:04:25.970000,11611,11612,11612,1
2019-12-10,15:04:27.747000,11611,11612,11612,1
2019-12-10,15:04:28.524000,11611,11612,11612,1
2019-12-10,15:04:30.060000,11611,11612,11612,2
2019-12-10,15:04:31.320000,11611,11612,11611,1
2019-12-10,15:04:31.372000,11611,11612,11612,1
2019-12-10,15:04:33.522000,11611,11612,11612,1
2019-12-10,15:04:39.590000,11611,11612,11612,1
2019-12-10,15:04:40.420000,11611,11612,11611,1
2019-12-10,15:04:40.552000,11611,11612,11612,2
2019-12-10,15:04:41.142000,11611,11612,11612,2
2019-12-10,15:04:41.853000,11611,11612,11612,1
2019-12-10,15:04:45.261000,11611,11612,11612,1
2019-12-10,15:04:48.989000,11611,11612,11612,5
2019-12-10,15:04:49.497000,11611,11612,11611,1
2019-12-10,15:04:49.574000,11611,11612,11611,1
2019-12-10,15:04:50.256000,11611,11612,11612,1
2019-12-10,15:04:53.248000,11611,11612,11612,1
2019-12-10,15:04:53.462000,11611,11612,11612,5
2019-12-10,15:04:54.426000,11611,11612,11611,1
2019-12-10,15:04:54.688000,11611,11612,11612,1
2019-12-10,15:04:55.213000,11611,11612,11612,1
2019-12-10,15:04:55.779000,11611,11613,11611,1
2019-12-10,15:04:55.975000,11612,11613,11612,2
2019-12-10,15:04:57.956000,11611,11613,11611,2
2019-12-10,15:05:00.911000,11612,11613,11612,1
2019-12-10,15:05:03.283000,11612,11613,11612,1
2019-12-10,15:05:04.133000,11612,11613,11612,1
2019-12-10,15:05:07.888000,11612,11613,11612,1
2019-12-10,15:05:10.536000,11612,11613,11612,1
2019-12-10,15:05:11.377000,11612,11613,11612,3
2019-12-10,15:05:17.128000,11612,11613,11612,2
2019-12-10,15:05:17.535000,11612,11613,11613,5
2019-12-10,15:05:21.494000,11612,11613,11612,2
2019-12-10,15:05:27.495000,11612,11613,11612,3
2019-12-10,15:05:33.343000,11612,11613,11612,2
2019-12-10,15:05:35.187000,11612,11613,11613,4
2019-12-10,15:05:39.483000,11612,11613,11613,1
2019-12-10,15:05:40.384000,11612,11613,11613,1
2019-12-10,15:05:40.617000,11612,11613,11612,1
2019-12-10,15:05:48.994000,11612,11613,11613,2
2019-12-10,15:06:00.335000,11612,11613,11613,4
2019-12-10,15:06:00.679000,11612,11613,11613,4
2019-12-10,15:06:00.798000,11612,11613,11613,1
2019-12-10,15:06:04.057000,11612,11613,11612,10
2019-12-10,15:06:09.793000,11612,11613,11612,1
2019-12-10,15:06:17.535000,11612,11613,11613,1
2019-12-10,15:06:18.067000,11612,11613,11613,1
2019-12-10,15:06:46.163000,11612,11613,11613,1
2019-12-10,15:06:50.922000,11612,11613,11613,1
2019-12-10,15:06:51.103000,11612,11613,11613,2
2019-12-10,15:06:51.103000,11612,11613,11613,1
2019-12-10,15:06:51.161000,11612,11613,11613,1
2019-12-10,15:06:51.161000,11612,11613,11613,1
2019-12-10,15:06:51.161000,11612,11613,11613,1
2019-12-10,15:06:51.162000,11612,11613,11613,1
2019-12-10,15:06:51.307000,11612,11613,11613,15
2019-12-10,15:06:51.307000,11612,11613,11613,9
2019-12-10,15:06:51.308000,11612,11613,11613,1
2019-12-10,15:06:51.789000,11613,11614,11614,3
2019-12-10,15:06:57.199000,11613,11614,11614,1
2019-12-10,15:07:00.564000,11613,11614,11614,5
2019-12-10,15:07:02.242000,11613,11614,11614,1
2019-12-10,15:07:05.745000,11613,11614,11614,2
2019-12-10,15:07:10.084000,11613,11614,11613,15
2019-12-10,15:07:10.418000,11613,11614,11614,5
2019-12-10,15:07:10.464000,11613,11614,11614,1
2019-12-10,15:07:11.600000,11613,11614,11614,1
2019-12-10,15:07:12.412000,11613,11614,11614,1
2019-12-10,15:07:14.078000,11613,11614,11614,1
2019-12-10,15:07:18.754000,11613,11614,11614,1
2019-12-10,15:07:20.456000,11613,11614,11614,3
2019-12-10,15:07:21.122000,11613,11614,11614,1
2019-12-10,15:07:32.097000,11613,11614,11614,1
2019-12-10,15:07:40.018000,11613,11614,11613,2
2019-12-10,15:08:01.355000,11613,11614,11613,3
2019-12-10,15:08:09.022000,11613,11614,11613,1
2019-12-10,15:08:10.191000,11613,11614,11613,1
2019-12-10,15:08:18.253000,11613,11614,11614,1
2019-12-10,15:08:23.965000,11613,11614,11614,2
2019-12-10,15:08:24.422000,11613,11614,11614,1
2019-12-10,15:08:28.085000,11613,11614,11614,3
2019-12-10,15:08:32.742000,11613,11614,11614,3
2019-12-10,15:08:32.997000,11613,11614,11614,1
2019-12-10,15:08:36.964000,11613,11614,11614,1
2019-12-10,15:08:37.605000,11613,11614,11614,2
2019-12-10,15:08:38.091000,11613,11614,11614,1
2019-12-10,15:08:46.361000,11613,11614,11614,1
2019-12-10,15:08:47.625000,11613,11614,11614,3
2019-12-10,15:08:49.413000,11613,11614,11614,1
2019-12-10,15:08:51.081000,11613,11614,11614,1
2019-12-10,15:08:53.573000,11613,11614,11614,3
2019-12-10,15:09:01.133000,11613,11614,11614,1
2019-12-10,15:09:08.942000,11613,11614,11614,1
2019-12-10,15:09:09.987000,11613,11614,11614,1
2019-12-10,15:09:11.568000,11613,11614,11613,2
2019-12-10,15:09:12.086000,11613,11614,11614,1
2019-12-10,15:09:12.622000,11613,11614,11613,2
2019-12-10,15:09:13.084000,11613,11614,11614,1
2019-12-10,15:09:13.341000,11613,11614,11613,2
2019-12-10,15:09:15.700000,11613,11614,11614,1
2019-12-10,15:09:16.911000,11613,11614,11613,1
2019-12-10,15:09:16.911000,11613,11614,11613,2
2019-12-10,15:09:16.911000,11613,11614,11613,3
2019-12-10,15:09:16.912000,11613,11614,11613,2
2019-12-10,15:09:16.912000,11613,11614,11613,3
2019-12-10,15:09:16.912000,11613,11614,11613,3
2019-12-10,15:09:16.912000,11613,11614,11613,3
2019-12-10,15:09:17.036000,11613,11614,11613,9
2019-12-10,15:09:20.935000,11612,11613,11612,3
2019-12-10,15:09:30.179000,11612,11613,11612,5
2019-12-10,15:09:36.645000,11612,11613,11612,1
2019-12-10,15:09:42.110000,11612,11613,11613,1
2019-12-10,15:09:42.135000,11612,11613,11612,1
2019-12-10,15:09:46.068000,11612,11613,11612,1
2019-12-10,15:09:48.125000,11612,11613,11612,1
2019-12-10,15:09:48.503000,11612,11613,11612,5
2019-12-10,15:09:53.026000,11612,11613,11612,5
2019-12-10,15:09:53.037000,11612,11613,11612,16
2019-12-10,15:09:53.161000,11612,11613,11612,2
2019-12-10,15:09:53.186000,11612,11613,11612,2
2019-12-10,15:09:53.212000,11612,11613,11612,2
2019-12-10,15:09:53.237000,11612,11613,11612,2
2019-12-10,15:09:53.262000,11612,11613,11612,2
2019-12-10,15:09:54.379000,11611,11612,11612,1
2019-12-10,15:09:55.988000,11611,11612,11611,16
2019-12-10,15:09:56.127000,11611,11612,11611,13
2019-12-10,15:09:56.152000,11611,11612,11611,2
2019-12-10,15:09:59.480000,11610,11611,11610,25
2019-12-10,15:09:59.785000,11610,11611,11610,3
2019-12-10,15:10:00.144000,11610,11611,11610,1
2019-12-10,15:10:00.685000,11610,11611,11610,2
2019-12-10,15:10:00.789000,11610,11611,11610,5
2019-12-10,15:10:00.790000,11610,11611,11610,3
2019-12-10,15:10:01.918000,11610,11611,11610,1
2019-12-10,15:10:02.931000,11610,11611,11610,2
2019-12-10,15:10:03.553000,11610,11611,11610,1
2019-12-10,15:10:05.734000,11610,11611,11611,1
2019-12-10,15:10:05.897000,11610,11611,11610,2
2019-12-10,15:10:06.268000,11610,11611,11610,1
2019-12-10,15:10:06.897000,11610,11611,11610,1
2019-12-10,15:10:07.015000,11610,11611,11610,2
2019-12-10,15:10:07.632000,11610,11611,11610,5
2019-12-10,15:10:07.791000,11610,11611,11610,6
2019-12-10,15:10:07.911000,11610,11611,11610,3
2019-12-10,15:10:07.936000,11610,11611,11610,3
2019-12-10,15:10:08.036000,11610,11611,11610,1
2019-12-10,15:10:08.037000,11610,11611,11610,2
2019-12-10,15:10:08.574000,11610,11611,11610,1
2019-12-10,15:10:08.662000,11610,11611,11610,2
2019-12-10,15:10:08.786000,11610,11611,11610,1
2019-12-10,15:10:08.786000,11610,11611,11610,1
2019-12-10,15:10:09.064000,11610,11611,11610,2
2019-12-10,15:10:09.287000,11610,11611,11610,2
2019-12-10,15:10:09.411000,11610,11611,11610,1
2019-12-10,15:10:09.411000,11610,11611,11610,1
2019-12-10,15:10:09.423000,11610,11611,11609,25
2019-12-10,15:10:09.449000,11610,11611,11610,2
2019-12-10,15:10:09.475000,11610,11611,11610,2
2019-12-10,15:10:11.289000,11609,11610,11609,2
2019-12-10,15:10:11.305000,11609,11610,11610,1
2019-12-10,15:10:15.161000,11608,11609,11609,1
2019-12-10,15:10:20.893000,11609,11610,11609,1
2019-12-10,15:10:21.293000,11609,11610,11609,1
2019-12-10,15:10:23.097000,11609,11610,11610,1
2019-12-10,15:10:26.394000,11609,11610,11610,5
2019-12-10,15:10:27.513000,11609,11610,11610,1
2019-12-10,15:10:30.522000,11610,11611,11610,1
2019-12-10,15:10:37.693000,11610,11611,11610,2
2019-12-10,15:10:38.537000,11610,11611,11611,5
2019-12-10,15:10:39.256000,11611,11612,11611,1
2019-12-10,15:10:40.222000,11611,11612,11612,1
2019-12-10,15:10:40.901000,11611,11612,11611,12
2019-12-10,15:10:45.129000,11611,11612,11611,1
2019-12-10,15:10:56.888000,11611,11612,11611,1
2019-12-10,15:11:08.281000,11611,11612,11611,1
2019-12-10,15:11:10.619000,11611,11612,11611,1
2019-12-10,15:11:13.804000,11611,11612,11612,1
2019-12-10,15:11:16.251000,11611,11612,11611,2
2019-12-10,15:11:19.028000,11611,11612,11611,2
2019-12-10,15:11:19.786000,11611,11612,11611,1
2019-12-10,15:11:30.216000,11610,11611,11611,1
2019-12-10,15:11:41.461000,11611,11612,11611,1
2019-12-10,15:11:45.078000,11611,11612,11611,2
2019-12-10,15:11:47.802000,11611,11612,11611,1
2019-12-10,15:11:52.457000,11611,11612,11611,1
2019-12-10,15:11:53.620000,11611,11612,11611,1
2019-12-10,15:12:00.464000,11611,11612,11611,1
2019-12-10,15:12:00.973000,11611,11612,11611,13
2019-12-10,15:12:00.973000,11611,11612,11610,8
2019-12-10,15:12:02.681000,11610,11611,11611,1
2019-12-10,15:12:13.289000,11610,11611,11611,1
2019-12-10,15:12:17.473000,11610,11611,11611,1
2019-12-10,15:12:20.432000,11610,11611,11611,1
2019-12-10,15:12:28.808000,11611,11612,11611,6
2019-12-10,15:12:28.808000,11611,11612,11610,14
2019-12-10,15:12:33.354000,11611,11612,11611,3
2019-12-10,15:12:55.141000,11610,11611,11611,5
2019-12-10,15:12:58.426000,11610,11611,11610,1
2019-12-10,15:13:03.785000,11610,11611,11611,1
2019-12-10,15:13:04.770000,11610,11611,11610,1
2019-12-10,15:13:09.962000,11610,11611,11611,10
2019-12-10,15:13:12.750000,11610,11611,11611,5
2019-12-10,15:13:17.350000,11610,11611,11611,1
2019-12-10,15:13:20.019000,11610,11611,11611,1
2019-12-10,15:13:23.847000,11610,11611,11611,1
2019-12-10,15:13:25.477000,11610,11611,11611,1
2019-12-10,15:13:26.494000,11610,11611,11610,4
2019-12-10,15:13:38.679000,11610,11611,11611,1
2019-12-10,15:13:38.725000,11610,11611,11610,2
2019-12-10,15:13:42.734000,11610,11611,11611,5
2019-12-10,15:13:44.630000,11610,11611,11610,1
2019-12-10,15:13:46.264000,11610,11611,11610,1
2019-12-10,15:13:51.031000,11610,11611,11611,1
2019-12-10,15:14:02.350000,11610,11611,11610,1
2019-12-10,15:14:05.212000,11610,11611,11611,1
2019-12-10,15:14:13.774000,11610,11611,11610,1
2019-12-10,15:14:13.891000,11610,11611,11610,1
2019-12-10,15:14:13.896000,11610,11611,11610,1
2019-12-10,15:14:16.761000,11610,11611,11611,1
2019-12-10,15:14:29.595000,11610,11611,11611,2
2019-12-10,15:14:37.204000,11610,11611,11610,1
2019-12-10,15:14:43.594000,11610,11611,11611,1
2019-12-10,15:14:44.455000,11610,11611,11610,1
2019-12-10,15:14:45.343000,11610,11611,11610,1
2019-12-10,15:14:47.851000,11610,11611,11611,1
2019-12-10,15:14:49.352000,11610,11611,11610,4
2019-12-10,15:14:50.154000,11610,11611,11611,4
2019-12-10,15:14:54.929000,11610,11611,11610,4
2019-12-10,15:14:56.128000,11610,11611,11610,1
2019-12-10,15:14:56.732000,11610,11611,11610,1
2019-12-10,15:14:56.739000,11610,11611,11610,10
2019-12-10,15:14:57.205000,11610,11611,11611,1
2019-12-10,15:14:59.065000,11610,11611,11610,1
2019-12-10,15:15:02.389000,11610,11611,11610,5
2019-12-10,15:15:03.822000,11610,11611,11610,2
2019-12-10,15:15:05.026000,11610,11611,11610,6
2019-12-10,15:15:06.370000,11610,11611,11610,1
2019-12-10,15:15:07.145000,11610,11611,11610,1
2019-12-10,15:15:07.461000,11610,11611,11610,1
2019-12-10,15:15:07.707000,11610,11611,11610,1
2019-12-10,15:15:08.325000,11610,11611,11610,1
2019-12-10,15:15:08.719000,11610,11611,11610,1
2019-12-10,15:15:09.375000,11610,11611,11610,1
2019-12-10,15:15:14.182000,11610,11611,11610,6
2019-12-10,15:15:17.388000,11610,11611,11610,1
2019-12-10,15:15:17.447000,11610,11611,11610,4
2019-12-10,15:15:17.871000,11610,11611,11610,1
2019-12-10,15:15:18.077000,11609,11610,11610,1
2019-12-10,15:15:27.555000,11609,11610,11610,1
2019-12-10,15:15:35.422000,11610,11611,11610,1
2019-12-10,15:15:39.130000,11610,11611,11611,3
2019-12-10,15:16:03.993000,11610,11611,11610,2
2019-12-10,15:16:04.065000,11610,11611,11611,1
2019-12-10,15:16:04.475000,11610,11611,11611,1
2019-12-10,15:16:04.543000,11610,11611,11611,1
2019-12-10,15:16:04.544000,11610,11611,11611,1
2019-12-10,15:16:04.545000,11610,11611,11611,1
2019-12-10,15:16:04.545000,11610,11611,11611,1
2019-12-10,15:16:04.550000,11610,11611,11611,3
2019-12-10,15:16:04.550000,11610,11611,11611,1
2019-12-10,15:16:04.551000,11610,11611,11611,1
2019-12-10,15:16:04.551000,11610,11611,11611,1
2019-12-10,15:16:04.556000,11610,11611,11611,2
2019-12-10,15:16:04.556000,11610,11611,11611,1
2019-12-10,15:16:04.556000,11610,11611,11611,1
2019-12-10,15:16:04.562000,11610,11611,11611,2
2019-12-10,15:16:04.662000,11610,11611,11611,2
2019-12-10,15:16:08.055000,11610,11612,11610,4
2019-12-10,15:16:25.463000,11611,11612,11611,1
2019-12-10,15:16:26.014000,11611,11612,11611,1
2019-12-10,15:16:27.119000,11611,11612,11612,1
2019-12-10,15:16:37.381000,11611,11612,11612,1
2019-12-10,15:16:38.807000,11611,11612,11612,1
2019-12-10,15:16:41.196000,11611,11612,11612,1
2019-12-10,15:16:44.920000,11611,11612,11612,1
2019-12-10,15:16:45.162000,11611,11612,11612,9
2019-12-10,15:16:45.286000,11611,11612,11612,1
2019-12-10,15:16:45.286000,11611,11612,11612,4
2019-12-10,15:16:45.559000,11612,11613,11613,1
2019-12-10,15:16:45.559000,11612,11613,11613,2
2019-12-10,15:16:45.564000,11612,11613,11613,1
2019-12-10,15:16:45.571000,11612,11613,11613,1
2019-12-10,15:16:45.613000,11612,11613,11613,2
2019-12-10,15:16:45.660000,11612,11613,11613,2
2019-12-10,15:16:46.361000,11612,11613,11613,1
2019-12-10,15:16:48.761000,11612,11613,11613,1
2019-12-10,15:16:55.386000,11612,11613,11612,1
2019-12-10,15:17:02.280000,11612,11613,11613,2
2019-12-10,15:17:13.847000,11612,11613,11613,1
2019-12-10,15:17:19.246000,11612,11613,11613,1
2019-12-10,15:17:19.712000,11612,11613,11613,1
2019-12-10,15:17:23.054000,11612,11613,11613,1
2019-12-10,15:18:24.032000,11612,11613,11613,1
2019-12-10,15:18:26.971000,11612,11613,11613,3
2019-12-10,15:18:39.996000,11612,11613,11613,2
2019-12-10,15:18:50.526000,11612,11613,11612,1
2019-12-10,15:18:51.029000,11612,11613,11613,1
2019-12-10,15:19:02.025000,11612,11613,11612,1
2019-12-10,15:19:02.832000,11612,11613,11612,1
2019-12-10,15:19:16.415000,11612,11613,11612,1
2019-12-10,15:19:20.673000,11612,11613,11612,1
2019-12-10,15:19:24.391000,11612,11613,11612,1
2019-12-10,15:19:36.201000,11612,11613,11612,2
2019-12-10,15:19:42.735000,11612,11613,11612,1
2019-12-10,15:19:43.722000,11612,11613,11612,1
2019-12-10,15:19:52.688000,11612,11613,11612,10
2019-12-10,15:19:53.177000,11611,11613,11613,8
2019-12-10,15:19:53.661000,11612,11613,11612,1
2019-12-10,15:19:53.911000,11612,11613,11612,1
2019-12-10,15:20:02.231000,11611,11612,11612,1
2019-12-10,15:20:05.384000,11612,11613,11612,1
2019-12-10,15:20:15.701000,11611,11612,11612,1
2019-12-10,15:20:15.798000,11611,11612,11612,1
2019-12-10,15:20:16.483000,11611,11612,11612,1
2019-12-10,15:20:22.642000,11611,11612,11612,1
2019-12-10,15:21:11.542000,11611,11612,11612,4
2019-12-10,15:21:20.042000,11611,11612,11612,1
2019-12-10,15:21:20.262000,11611,11612,11612,1
2019-12-10,15:21:24.909000,11611,11612,11612,2
2019-12-10,15:21:29.965000,11611,11612,11612,1
2019-12-10,15:21:33.456000,11611,11612,11612,1
2019-12-10,15:21:37.769000,11611,11612,11612,2
2019-12-10,15:21:40.117000,11611,11612,11612,1
2019-12-10,15:21:52.039000,11612,11613,11612,2
2019-12-10,15:21:52.039000,11612,11613,11611,23
2019-12-10,15:22:16.714000,11611,11612,11611,3
2019-12-10,15:22:17.841000,11611,11612,11611,1
2019-12-10,15:22:18.327000,11611,11612,11611,21
2019-12-10,15:22:19.106000,11611,11612,11611,1
2019-12-10,15:22:28.458000,11611,11612,11611,3
2019-12-10,15:22:28.483000,11611,11612,11611,1
2019-12-10,15:22:31.911000,11611,11612,11611,1
2019-12-10,15:22:36.350000,11611,11612,11611,1
2019-12-10,15:22:36.661000,11611,11612,11611,1
2019-12-10,15:22:36.911000,11611,11612,11611,1
2019-12-10,15:22:42.675000,11611,11612,11611,1
2019-12-10,15:23:05.051000,11611,11612,11611,1
2019-12-10,15:23:05.982000,11611,11612,11611,1
2019-12-10,15:23:06.247000,11611,11612,11611,3
2019-12-10,15:23:06.286000,11611,11612,11611,2
2019-12-10,15:23:22.157000,11610,11611,11610,1
2019-12-10,15:23:37.661000,11610,11611,11611,1
2019-12-10,15:23:38.821000,11610,11611,11610,1
2019-12-10,15:23:41.250000,11610,11611,11611,1
2019-12-10,15:23:41.293000,11610,11611,11610,1
2019-12-10,15:23:42.061000,11610,11611,11611,1
2019-12-10,15:24:10.567000,11610,11611,11611,1
2019-12-10,15:24:18.039000,11610,11611,11611,1
2019-12-10,15:24:57.425000,11610,11611,11610,3
2019-12-10,15:24:57.587000,11610,11611,11611,1
2019-12-10,15:24:59.894000,11610,11611,11611,2
2019-12-10,15:25:05.648000,11610,11611,11611,2
2019-12-10,15:25:05.892000,11610,11611,11611,1
2019-12-10,15:25:14.602000,11610,11611,11610,1
2019-12-10,15:25:14.890000,11610,11611,11611,1
2019-12-10,15:25:24.675000,11610,11611,11611,1
2019-12-10,15:25:25.472000,11610,11611,11611,1
2019-12-10,15:25:51.100000,11610,11611,11610,3
2019-12-10,15:25:58.336000,11610,11611,11611,1
2019-12-10,15:26:08.330000,11610,11611,11611,1
2019-12-10,15:26:28.238000,11610,11611,11611,10
2019-12-10,15:26:49.377000,11610,11611,11611,1
2019-12-10,15:26:50.758000,11610,11611,11611,1
2019-12-10,15:26:53.174000,11610,11611,11611,1
2019-12-10,15:26:54.041000,11610,11611,11611,3
2019-12-10,15:26:55.504000,11610,11611,11611,1
2019-12-10,15:27:02.458000,11611,11612,11611,1
2019-12-10,15:27:05.887000,11611,11612,11611,1
2019-12-10,15:27:07.432000,11610,11611,11611,1
2019-12-10,15:27:07.591000,11611,11612,11611,1
2019-12-10,15:27:27.847000,11611,11612,11611,2
2019-12-10,15:27:55.479000,11611,11612,11611,2
2019-12-10,15:28:00.923000,11611,11612,11612,1
2019-12-10,15:28:23.823000,11611,11612,11612,1
2019-12-10,15:28:30.612000,11611,11612,11612,2
2019-12-10,15:28:34.002000,11611,11612,11612,6
2019-12-10,15:28:34.036000,11611,11612,11612,1
2019-12-10,15:28:34.161000,11611,11612,11612,3
2019-12-10,15:28:39.168000,11612,11613,11613,1
2019-12-10,15:29:12.296000,11612,11613,11613,1
2019-12-10,15:29:14.104000,11612,11613,11613,1
2019-12-10,15:29:52.434000,11612,11613,11613,2
2019-12-10,15:30:01.449000,11612,11613,11613,1
2019-12-10,15:30:02.283000,11612,11613,11613,1
2019-12-10,15:30:04.926000,11612,11613,11613,2
2019-12-10,15:30:15.125000,11612,11613,11613,3
2019-12-10,15:30:16.420000,11612,11613,11613,1
2019-12-10,15:30:16.421000,11612,11613,11613,1
2019-12-10,15:30:16.421000,11612,11613,11613,3
2019-12-10,15:30:16.421000,11612,11613,11613,3
2019-12-10,15:30:16.421000,11612,11613,11613,9
2019-12-10,15:30:17.829000,11613,11614,11614,1
2019-12-10,15:30:21.773000,11613,11614,11614,2
2019-12-10,15:30:26.524000,11613,11614,11614,3
2019-12-10,15:30:28.746000,11613,11614,11614,5
2019-12-10,15:30:29.687000,11613,11614,11614,1
2019-12-10,15:30:32.186000,11613,11614,11614,1
2019-12-10,15:30:32.300000,11613,11614,11614,1
2019-12-10,15:30:32.324000,11613,11614,11614,1
2019-12-10,15:30:34.464000,11614,11615,11614,1
2019-12-10,15:30:38.265000,11613,11615,11613,1
2019-12-10,15:30:41.831000,11613,11614,11614,2
2019-12-10,15:30:54.898000,11613,11614,11614,1
2019-12-10,15:31:01.764000,11613,11614,11614,3
2019-12-10,15:31:11.486000,11613,11614,11614,1
2019-12-10,15:31:11.502000,11613,11614,11614,1
2019-12-10,15:31:12.945000,11613,11615,11615,1
2019-12-10,15:31:13.058000,11613,11615,11615,4
2019-12-10,15:31:14.803000,11614,11615,11614,1
2019-12-10,15:31:44.610000,11613,11614,11614,1
2019-12-10,15:31:45.186000,11613,11614,11613,2
2019-12-10,15:31:59.530000,11613,11614,11614,1
2019-12-10,15:32:13.282000,11613,11614,11613,1
2019-12-10,15:32:14.351000,11613,11614,11614,1
2019-12-10,15:32:22.009000,11613,11614,11614,2
2019-12-10,15:32:34.713000,11613,11614,11613,1
2019-12-10,15:32:38.648000,11613,11614,11614,1
2019-12-10,15:32:58.356000,11613,11614,11613,5
2019-12-10,15:33:00.545000,11613,11614,11613,1
2019-12-10,15:33:00.546000,11613,11614,11613,3
2019-12-10,15:33:00.546000,11613,11614,11613,3
2019-12-10,15:33:00.546000,11613,11614,11613,3
2019-12-10,15:33:15.946000,11612,11613,11612,5
2019-12-10,15:33:16.657000,11612,11613,11613,1
2019-12-10,15:33:16.983000,11612,11613,11612,1
2019-12-10,15:33:22.765000,11612,11613,11612,4
2019-12-10,15:33:27.585000,11612,11613,11612,1
2019-12-10,15:33:27.585000,11612,11613,11611,1
2019-12-10,15:33:27.694000,11611,11613,11611,1
2019-12-10,15:33:34.097000,11611,11612,11611,2
2019-12-10,15:33:46.023000,11611,11612,11611,1
2019-12-10,15:33:53.982000,11611,11612,11612,4
2019-12-10,15:34:06.296000,11612,11613,11613,1
2019-12-10,15:34:06.616000,11612,11613,11612,1
2019-12-10,15:34:07.346000,11612,11613,11612,1
2019-12-10,15:34:23.074000,11612,11613,11613,1
2019-12-10,15:34:35.230000,11612,11613,11613,2
2019-12-10,15:34:51.327000,11612,11613,11613,3
2019-12-10,15:34:55.290000,11613,11614,11613,1
2019-12-10,15:34:59.395000,11613,11614,11614,1
2019-12-10,15:35:00.957000,11613,11614,11613,1
2019-12-10,15:35:06.267000,11612,11613,11612,1
2019-12-10,15:35:20.973000,11612,11613,11613,2
2019-12-10,15:35:21.036000,11612,11613,11613,2
2019-12-10,15:35:21.161000,11612,11613,11613,1
2019-12-10,15:35:43.409000,11613,11614,11613,2
2019-12-10,15:35:47.767000,11613,11614,11613,1
2019-12-10,15:35:54.835000,11612,11613,11613,1
2019-12-10,15:35:58.526000,11612,11614,11612,2
2019-12-10,15:36:11.525000,11613,11614,11614,1
2019-12-10,15:36:46.479000,11613,11614,11614,1
2019-12-10,15:37:02.180000,11613,11614,11614,5
2019-12-10,15:37:05.121000,11613,11614,11614,2
2019-12-10,15:37:09.750000,11613,11614,11614,1
2019-12-10,15:37:22.384000,11613,11614,11614,1
2019-12-10,15:37:32.436000,11613,11614,11614,1
2019-12-10,15:37:34.020000,11613,11614,11614,1
2019-12-10,15:37:44.108000,11613,11614,11614,1
2019-12-10,15:37:47.324000,11613,11614,11614,3
2019-12-10,15:38:11.651000,11613,11614,11614,2
2019-12-10,15:38:14.160000,11613,11614,11614,1
2019-12-10,15:38:24.274000,11613,11614,11614,2
2019-12-10,15:38:24.316000,11613,11614,11613,1
2019-12-10,15:38:24.434000,11613,11614,11614,1
2019-12-10,15:38:28.466000,11613,11614,11613,2
2019-12-10,15:38:28.981000,11613,11614,11613,5
2019-12-10,15:38:34.147000,11613,11614,11613,1
2019-12-10,15:38:34.436000,11613,11614,11613,2
2019-12-10,15:38:36.546000,11613,11614,11613,2
2019-12-10,15:38:43.365000,11613,11614,11613,1
2019-12-10,15:38:50.370000,11613,11614,11614,1
2019-12-10,15:39:16.817000,11613,11614,11614,1
2019-12-10,15:39:20.657000,11613,11614,11614,1
2019-12-10,15:39:26.081000,11613,11614,11614,1
2019-12-10,15:39:28.817000,11613,11614,11614,1
2019-12-10,15:40:32.359000,11613,11614,11614,14
2019-12-10,15:40:32.359000,11613,11614,11615,11
2019-12-10,15:40:34.752000,11614,11615,11614,1
2019-12-10,15:41:00.290000,11614,11615,11614,1
2019-12-10,15:41:02.203000,11613,11614,11614,1
2019-12-10,15:41:06.791000,11614,11615,11614,1
2019-12-10,15:41:19.509000,11614,11615,11614,2
2019-12-10,15:41:24.364000,11614,11615,11615,25
2019-12-10,15:41:27.328000,11614,11615,11615,1
2019-12-10,15:41:32.059000,11614,11615,11615,5
2019-12-10,15:41:33.077000,11614,11615,11615,2
2019-12-10,15:41:40.859000,11614,11615,11615,3
2019-12-10,15:41:40.984000,11615,11616,11616,25
2019-12-10,15:41:41.037000,11615,11616,11616,1
2019-12-10,15:41:41.522000,11615,11616,11616,5
2019-12-10,15:41:45.782000,11615,11616,11615,1
2019-12-10,15:41:50.818000,11615,11616,11616,3
2019-12-10,15:41:52.100000,11615,11616,11616,1
2019-12-10,15:41:53.974000,11615,11616,11615,10
2019-12-10,15:42:01.619000,11615,11616,11615,1
2019-12-10,15:42:09.169000,11615,11616,11615,2
2019-12-10,15:42:59.236000,11615,11616,11616,1
2019-12-10,15:42:59.568000,11615,11616,11616,1
2019-12-10,15:43:02.030000,11615,11616,11615,3
2019-12-10,15:43:02.536000,11615,11616,11615,3
2019-12-10,15:43:02.878000,11615,11616,11616,1
2019-12-10,15:43:08.135000,11615,11616,11616,3
2019-12-10,15:43:12.440000,11615,11616,11615,3
2019-12-10,15:43:12.546000,11615,11616,11616,1
2019-12-10,15:43:17.977000,11615,11616,11616,2
2019-12-10,15:43:19.342000,11615,11616,11616,1
2019-12-10,15:43:28.004000,11615,11616,11616,3
2019-12-10,15:43:30.397000,11615,11616,11616,1
2019-12-10,15:43:44.340000,11615,11616,11616,2
2019-12-10,15:43:44.518000,11615,11616,11616,1
2019-12-10,15:43:49.813000,11615,11616,11616,1
2019-12-10,15:44:04.919000,11615,11616,11616,1
2019-12-10,15:44:21.577000,11615,11616,11616,1
2019-12-10,15:44:34.249000,11615,11616,11616,1
2019-12-10,15:44:39.026000,11615,11616,11616,2
2019-12-10,15:44:42.405000,11615,11616,11616,20
2019-12-10,15:44:42.411000,11615,11616,11616,1
2019-12-10,15:44:43.129000,11615,11616,11616,3
2019-12-10,15:44:43.286000,11616,11617,11616,1
2019-12-10,15:44:49.889000,11616,11617,11617,2
2019-12-10,15:44:59.321000,11616,11617,11617,1
2019-12-10,15:45:08.454000,11616,11617,11617,1
2019-12-10,15:45:08.859000,11616,11617,11617,5
2019-12-10,15:45:08.859000,11616,11617,11617,5
2019-12-10,15:45:29.176000,11616,11617,11617,5
2019-12-10,15:45:36.754000,11616,11617,11617,4
2019-12-10,15:45:38.565000,11616,11617,11616,5
2019-12-10,15:45:38.826000,11616,11617,11617,1
2019-12-10,15:45:43.112000,11616,11617,11616,1
2019-12-10,15:45:43.186000,11616,11617,11616,1
2019-12-10,15:45:46.355000,11616,11617,11616,1
2019-12-10,15:45:46.454000,11616,11617,11616,1
2019-12-10,15:46:18.865000,11615,11616,11616,1
2019-12-10,15:46:21.469000,11615,11616,11616,11
2019-12-10,15:46:34.215000,11616,11617,11616,1
2019-12-10,15:46:34.298000,11616,11617,11617,1
2019-12-10,15:46:35.947000,11616,11617,11617,1
2019-12-10,15:46:43.263000,11616,11617,11616,1
2019-12-10,15:47:08.508000,11616,11617,11617,2
2019-12-10,15:47:29.010000,11616,11617,11617,1
2019-12-10,15:47:52.564000,11616,11617,11616,1
2019-12-10,15:48:11.163000,11616,11617,11616,1
2019-12-10,15:48:15.168000,11616,11617,11616,1
2019-12-10,15:48:29.150000,11616,11617,11616,2
2019-12-10,15:48:47.233000,11616,11617,11616,10
2019-12-10,15:48:48.148000,11616,11617,11616,2
2019-12-10,15:48:54.311000,11615,11616,11616,2
2019-12-10,15:50:16.042000,11615,11616,11616,2
2019-12-10,15:50:30.657000,11615,11616,11615,1
2019-12-10,15:50:33.175000,11615,11616,11615,1
2019-12-10,15:50:39.536000,11615,11616,11616,15
2019-12-10,15:50:49.287000,11615,11616,11615,1
2019-12-10,15:50:49.411000,11615,11616,11615,1
2019-12-10,15:50:49.411000,11615,11616,11615,1
2019-12-10,15:50:49.486000,11615,11616,11615,1
2019-12-10,15:50:49.536000,11615,11616,11615,1
2019-12-10,15:50:49.536000,11615,11616,11615,1
2019-12-10,15:50:58.492000,11615,11616,11615,1
2019-12-10,15:50:58.536000,11615,11616,11615,1
2019-12-10,15:51:01.371000,11615,11616,11615,2
2019-12-10,15:51:19.110000,11615,11616,11615,1
2019-12-10,15:51:23.310000,11615,11616,11615,8
2019-12-10,15:51:26.902000,11615,11616,11615,1
2019-12-10,15:51:35.702000,11615,11616,11615,3
2019-12-10,15:51:35.702000,11615,11616,11615,9
2019-12-10,15:51:35.702000,11615,11616,11615,2
2019-12-10,15:51:35.702000,11615,11616,11615,4
2019-12-10,15:51:35.703000,11615,11616,11615,2
2019-12-10,15:51:39.499000,11614,11615,11615,1
2019-12-10,15:51:41.330000,11614,11615,11615,1
2019-12-10,15:51:52.237000,11614,11615,11614,1
2019-12-10,15:52:14.004000,11614,11615,11614,1
2019-12-10,15:52:14.481000,11614,11615,11614,1
2019-12-10,15:52:15.557000,11614,11615,11614,1
2019-12-10,15:52:16.534000,11614,11615,11614,2
2019-12-10,15:52:19.784000,11614,11615,11614,1
2019-12-10,15:52:31.866000,11614,11615,11614,1
2019-12-10,15:52:35.156000,11614,11615,11614,1
2019-12-10,15:52:38.400000,11614,11615,11614,1
2019-12-10,15:52:40.730000,11613,11614,11614,1
2019-12-10,15:53:18.855000,11614,11615,11614,1
2019-12-10,15:53:23.792000,11614,11615,11614,1
2019-12-10,15:54:02.276000,11614,11615,11615,9
2019-12-10,15:54:06.354000,11614,11615,11614,1
2019-12-10,15:54:07.872000,11614,11615,11614,1
2019-12-10,15:54:16.040000,11614,11615,11614,2
2019-12-10,15:54:32.016000,11614,11615,11615,1
2019-12-10,15:54:44.486000,11614,11615,11615,2
2019-12-10,15:54:47.473000,11614,11615,11615,1
2019-12-10,15:54:56.869000,11615,11616,11615,1
2019-12-10,15:55:34.605000,11614,11615,11615,1
2019-12-10,15:56:12.473000,11615,11616,11615,1
2019-12-10,15:56:37.802000,11615,11616,11616,2
2019-12-10,15:56:37.956000,11615,11616,11615,1
2019-12-10,15:56:38.044000,11615,11616,11616,2
2019-12-10,15:56:38.045000,11615,11616,11616,2
2019-12-10,15:56:38.049000,11615,11616,11616,1
2019-12-10,15:56:38.049000,11615,11616,11616,2
2019-12-10,15:56:38.049000,11615,11616,11616,1
2019-12-10,15:56:38.051000,11615,11616,11616,2
2019-12-10,15:56:38.051000,11615,11616,11616,1
2019-12-10,15:56:38.059000,11615,11616,11616,1
2019-12-10,15:56:38.059000,11615,11616,11616,2
2019-12-10,15:56:38.064000,11615,11616,11616,1
2019-12-10,15:56:42.021000,11615,11616,11615,3
2019-12-10,15:56:53.776000,11615,11616,11615,2
2019-12-10,15:57:19.065000,11615,11616,11615,6
2019-12-10,15:57:31.636000,11615,11616,11615,1
2019-12-10,15:57:34.759000,11615,11616,11615,1
2019-12-10,15:57:44.647000,11615,11616,11615,1
2019-12-10,15:58:12.572000,11615,11616,11615,1
2019-12-10,15:58:12.606000,11615,11616,11615,2
2019-12-10,15:58:12.606000,11615,11616,11614,4
2019-12-10,15:58:19.516000,11614,11615,11615,1
2019-12-10,15:58:24.482000,11615,11616,11615,1
2019-12-10,15:58:27.676000,11614,11615,11615,1
2019-12-10,15:59:06.543000,11614,11615,11615,1
2019-12-10,15:59:07.431000,11614,11615,11615,1
2019-12-10,15:59:55.383000,11614,11615,11614,1
2019-12-10,16:00:01.735000,11614,11615,11614,5
2019-12-10,16:00:01.735000,11614,11615,11614,6
2019-12-10,16:00:01.735000,11614,11615,11614,2
2019-12-10,16:00:01.735000,11614,11615,11614,2
2019-12-10,16:00:09.917000,11613,11614,11614,2
2019-12-10,16:00:10.324000,11613,11614,11614,1
2019-12-10,16:00:10.572000,11613,11614,11614,2
2019-12-10,16:00:11.030000,11613,11614,11614,2
2019-12-10,16:00:11.031000,11613,11614,11614,3
2019-12-10,16:00:11.309000,11614,11615,11615,2
2019-12-10,16:00:11.337000,11614,11615,11615,1
2019-12-10,16:00:14.330000,11614,11615,11614,1
2019-12-10,16:00:25.913000,11614,11615,11615,2
2019-12-10,16:00:47.838000,11614,11615,11614,3
2019-12-10,16:00:57.037000,11614,11615,11614,3
2019-12-10,16:01:00.896000,11614,11615,11614,5
2019-12-10,16:01:11.710000,11613,11614,11613,14
2019-12-10,16:01:11.786000,11613,11614,11613,2
2019-12-10,16:01:11.938000,11613,11614,11613,2
2019-12-10,16:01:12.661000,11612,11613,11613,1
2019-12-10,16:01:20.291000,11612,11613,11612,5
2019-12-10,16:01:21.179000,11612,11613,11612,1
2019-12-10,16:01:29.262000,11612,11613,11612,1
2019-12-10,16:01:29.682000,11612,11613,11612,1
2019-12-10,16:01:30.469000,11611,11612,11612,1
2019-12-10,16:01:33.353000,11611,11612,11612,1
2019-12-10,16:01:33.353000,11611,11612,11612,1
2019-12-10,16:01:33.598000,11612,11613,11612,1
2019-12-10,16:01:38.100000,11612,11613,11612,1
2019-12-10,16:01:39.009000,11612,11613,11612,1
2019-12-10,16:01:48.293000,11612,11613,11612,2
2019-12-10,16:01:55.531000,11611,11612,11611,1
2019-12-10,16:01:55.787000,11611,11612,11611,17
2019-12-10,16:01:55.798000,11611,11612,11611,17
2019-12-10,16:01:56.464000,11610,11611,11610,1
2019-12-10,16:01:58.851000,11610,11611,11610,5
2019-12-10,16:01:59.537000,11610,11611,11610,25
2019-12-10,16:01:59.661000,11610,11611,11610,2
2019-12-10,16:01:59.661000,11610,11611,11610,2
2019-12-10,16:01:59.673000,11610,11611,11610,2
2019-12-10,16:01:59.786000,11610,11611,11610,7
2019-12-10,16:01:59.786000,11610,11611,11610,6
2019-12-10,16:01:59.786000,11610,11611,11610,4
2019-12-10,16:01:59.911000,11610,11611,11610,2
2019-12-10,16:02:00.036000,11610,11611,11610,1
2019-12-10,16:02:00.087000,11610,11611,11609,1
2019-12-10,16:02:00.219000,11609,11610,11609,2
2019-12-10,16:02:00.255000,11609,11610,11609,5
2019-12-10,16:02:00.318000,11609,11610,11609,1
2019-12-10,16:02:00.483000,11609,11610,11609,1
2019-12-10,16:02:00.535000,11609,11610,11609,1
2019-12-10,16:02:01.298000,11609,11610,11609,1
2019-12-10,16:02:02.355000,11609,11610,11609,1
2019-12-10,16:02:03.743000,11609,11610,11609,2
2019-12-10,16:02:04.097000,11609,11610,11609,3
2019-12-10,16:02:04.537000,11609,11610,11609,16
2019-12-10,16:02:07.563000,11608,11609,11608,1
2019-12-10,16:02:07.690000,11608,11609,11608,1
2019-12-10,16:02:07.698000,11608,11609,11608,4
2019-12-10,16:02:07.707000,11608,11609,11608,1
2019-12-10,16:02:07.711000,11608,11609,11608,5
2019-12-10,16:02:07.731000,11608,11609,11608,1
2019-12-10,16:02:07.963000,11608,11609,11608,1
2019-12-10,16:02:08.123000,11608,11609,11608,2
2019-12-10,16:02:08.307000,11608,11609,11608,8
2019-12-10,16:02:09.200000,11607,11608,11608,20
2019-12-10,16:02:12.969000,11608,11609,11608,1
2019-12-10,16:02:13.550000,11608,11609,11608,1
2019-12-10,16:02:13.643000,11608,11609,11608,1
2019-12-10,16:02:14.025000,11608,11609,11608,1
2019-12-10,16:02:14.476000,11608,11609,11608,1
2019-12-10,16:02:14.880000,11608,11609,11608,1
2019-12-10,16:02:14.886000,11608,11609,11608,2
2019-12-10,16:02:16.361000,11607,11608,11608,3
2019-12-10,16:02:16.361000,11607,11608,11609,41
2019-12-10,16:02:16.412000,11609,11610,11610,5
2019-12-10,16:02:16.629000,11609,11610,11609,2
2019-12-10,16:02:17.415000,11609,11610,11610,4
2019-12-10,16:02:24.800000,11609,11610,11609,5
2019-12-10,16:02:25.037000,11609,11610,11609,2
2019-12-10,16:02:32.405000,11608,11609,11609,1
2019-12-10,16:02:32.570000,11608,11609,11609,18
2019-12-10,16:02:32.570000,11608,11609,11610,17
2019-12-10,16:02:32.571000,11608,11609,11609,1
2019-12-10,16:02:32.629000,11608,11609,11609,2
2019-12-10,16:02:32.662000,11608,11610,11609,4
2019-12-10,16:02:32.786000,11608,11609,11609,2
2019-12-10,16:02:33.161000,11608,11609,11609,2
2019-12-10,16:02:35.579000,11608,11609,11608,12
2019-12-10,16:02:35.597000,11608,11609,11608,2
2019-12-10,16:02:35.597000,11608,11609,11608,1
2019-12-10,16:02:35.813000,11607,11608,11607,1
2019-12-10,16:02:35.986000,11607,11608,11607,1
2019-12-10,16:02:36.086000,11607,11608,11607,1
2019-12-10,16:02:36.256000,11607,11608,11607,5
2019-12-10,16:02:36.677000,11607,11608,11608,1
2019-12-10,16:02:37.215000,11607,11608,11607,1
2019-12-10,16:02:37.244000,11607,11608,11608,1
2019-12-10,16:02:39.643000,11607,11608,11607,2
2019-12-10,16:02:40.987000,11607,11608,11607,1
2019-12-10,16:02:41.085000,11607,11608,11607,6
2019-12-10,16:02:41.287000,11607,11608,11607,11
2019-12-10,16:02:41.676000,11607,11608,11607,1
2019-12-10,16:02:42.753000,11607,11608,11607,2
2019-12-10,16:02:42.889000,11607,11608,11608,1
2019-12-10,16:02:43.097000,11607,11608,11607,6
2019-12-10,16:02:43.097000,11607,11608,11606,19
2019-12-10,16:02:43.188000,11606,11607,11606,1
2019-12-10,16:02:44.045000,11606,11607,11606,1
2019-12-10,16:02:45.103000,11606,11607,11607,1
2019-12-10,16:02:45.229000,11606,11607,11606,1
2019-12-10,16:02:45.356000,11606,11607,11606,1
2019-12-10,16:02:47.471000,11606,11607,11606,1
2019-12-10,16:02:47.749000,11606,11607,11606,1
2019-12-10,16:02:49.059000,11606,11607,11606,1
2019-12-10,16:02:49.684000,11606,11607,11606,1
2019-12-10,16:02:49.962000,11606,11607,11606,25
2019-12-10,16:02:50.123000,11606,11607,11606,25
2019-12-10,16:02:51.291000,11606,11607,11607,1
2019-12-10,16:02:51.363000,11606,11607,11606,6
2019-12-10,16:02:54.846000,11605,11606,11605,20
2019-12-10,16:02:54.860000,11605,11606,11606,2
2019-12-10,16:02:54.968000,11605,11606,11605,2
2019-12-10,16:02:55.022000,11605,11606,11605,1
2019-12-10,16:02:55.027000,11605,11606,11605,1
2019-12-10,16:02:55.084000,11605,11606,11606,1
2019-12-10,16:02:55.187000,11605,11606,11605,1
2019-12-10,16:02:55.197000,11605,11606,11605,1
2019-12-10,16:02:55.200000,11605,11606,11605,1
2019-12-10,16:02:55.259000,11605,11606,11605,1
2019-12-10,16:02:55.428000,11605,11606,11605,3
2019-12-10,16:02:55.537000,11605,11606,11605,1
2019-12-10,16:02:55.537000,11605,11606,11605,1
2019-12-10,16:02:55.537000,11605,11606,11605,2
2019-12-10,16:02:55.581000,11605,11606,11605,3
2019-12-10,16:02:55.661000,11605,11606,11605,1
2019-12-10,16:02:55.661000,11605,11606,11605,1
2019-12-10,16:02:55.661000,11605,11606,11605,4
2019-12-10,16:02:55.661000,11605,11606,11605,4
2019-12-10,16:02:55.661000,11605,11606,11605,2
2019-12-10,16:02:58.208000,11604,11605,11605,1
2019-12-10,16:02:59.161000,11604,11605,11605,1
2019-12-10,16:03:00.353000,11605,11606,11605,1
2019-12-10,16:03:00.678000,11605,11606,11605,2
2019-12-10,16:03:00.845000,11605,11606,11605,1
2019-12-10,16:03:06.185000,11605,11606,11606,2
2019-12-10,16:03:07.152000,11605,11606,11605,1
2019-12-10,16:03:07.167000,11605,11606,11605,1
2019-12-10,16:03:07.168000,11605,11606,11605,1
2019-12-10,16:03:07.170000,11605,11606,11605,1
2019-12-10,16:03:07.173000,11605,11606,11605,1
2019-12-10,16:03:07.173000,11605,11606,11605,1
2019-12-10,16:03:07.173000,11605,11606,11605,1
2019-12-10,16:03:07.175000,11605,11606,11605,1
2019-12-10,16:03:07.180000,11605,11606,11605,1
2019-12-10,16:03:08.419000,11605,11606,11606,2
2019-12-10,16:03:09.093000,11605,11606,11606,1
2019-12-10,16:03:09.411000,11605,11606,11606,2
2019-12-10,16:03:09.411000,11605,11606,11606,6
2019-12-10,16:03:12.138000,11606,11607,11606,3
2019-12-10,16:03:15.375000,11606,11607,11606,1
2019-12-10,16:03:15.938000,11606,11607,11606,4
2019-12-10,16:03:18.914000,11605,11606,11606,1
2019-12-10,16:03:20.043000,11605,11606,11605,1
2019-12-10,16:03:21.106000,11605,11606,11605,2
2019-12-10,16:03:21.643000,11605,11606,11605,17
2019-12-10,16:03:21.661000,11605,11606,11605,1
2019-12-10,16:03:21.662000,11605,11606,11605,1
2019-12-10,16:03:21.681000,11605,11606,11605,1
2019-12-10,16:03:21.786000,11605,11606,11605,8
2019-12-10,16:03:21.786000,11605,11606,11605,1
2019-12-10,16:03:21.786000,11605,11606,11605,2
2019-12-10,16:03:21.980000,11604,11605,11605,1
2019-12-10,16:03:22.416000,11604,11605,11605,1
2019-12-10,16:03:22.746000,11604,11605,11604,5
2019-12-10,16:03:22.770000,11604,11605,11605,1
2019-12-10,16:03:22.815000,11604,11605,11604,5
2019-12-10,16:03:22.828000,11604,11605,11604,2
2019-12-10,16:03:22.840000,11604,11605,11604,1
2019-12-10,16:03:22.843000,11604,11605,11604,15
2019-12-10,16:03:22.937000,11604,11605,11604,4
2019-12-10,16:03:22.953000,11604,11605,11604,2
2019-12-10,16:03:22.961000,11604,11605,11604,4
2019-12-10,16:03:22.969000,11604,11605,11604,10
2019-12-10,16:03:22.981000,11604,11605,11604,1
2019-12-10,16:03:23.004000,11604,11605,11604,1
2019-12-10,16:03:23.004000,11604,11605,11604,1
2019-12-10,16:03:23.012000,11604,11605,11604,2
2019-12-10,16:03:23.553000,11604,11605,11604,13
2019-12-10,16:03:23.553000,11604,11605,11603,7
2019-12-10,16:03:23.670000,11603,11605,11603,10
2019-12-10,16:03:23.700000,11603,11605,11603,1
2019-12-10,16:03:23.712000,11603,11605,11603,1
2019-12-10,16:03:23.815000,11603,11605,11603,2
2019-12-10,16:03:23.954000,11603,11604,11603,1
2019-12-10,16:03:24.113000,11603,11604,11603,2
2019-12-10,16:03:24.222000,11603,11604,11603,1
2019-12-10,16:03:24.238000,11603,11604,11603,1
2019-12-10,16:03:25.001000,11603,11604,11603,2
2019-12-10,16:03:25.936000,11603,11604,11603,1
2019-12-10,16:03:26.079000,11603,11604,11603,1
2019-12-10,16:03:26.295000,11603,11604,11603,1
2019-12-10,16:03:26.538000,11603,11604,11603,1
2019-12-10,16:03:26.786000,11603,11604,11603,1
2019-12-10,16:03:28.978000,11603,11604,11604,2
2019-12-10,16:03:29.243000,11603,11605,11603,1
2019-12-10,16:03:29.252000,11603,11605,11603,1
2019-12-10,16:03:30.299000,11604,11605,11604,1
2019-12-10,16:03:30.818000,11604,11605,11604,1
2019-12-10,16:03:30.873000,11604,11605,11604,2
2019-12-10,16:03:31.004000,11604,11605,11604,1
2019-12-10,16:03:31.230000,11604,11605,11604,2
2019-12-10,16:03:32.153000,11603,11605,11603,2
2019-12-10,16:03:33.588000,11603,11604,11604,1
2019-12-10,16:03:39.256000,11603,11604,11604,1
2019-12-10,16:03:41.030000,11604,11605,11604,1
2019-12-10,16:03:42.727000,11604,11605,11605,1
2019-12-10,16:03:44.208000,11604,11605,11605,1
2019-12-10,16:03:44.639000,11604,11605,11604,4
2019-12-10,16:03:44.764000,11604,11605,11604,1
2019-12-10,16:03:45.900000,11604,11605,11604,2
2019-12-10,16:03:47.789000,11604,11605,11604,2
2019-12-10,16:03:55.062000,11604,11605,11604,1
2019-12-10,16:03:55.602000,11604,11605,11605,1
2019-12-10,16:03:58.697000,11604,11605,11605,1
2019-12-10,16:04:00.253000,11605,11606,11605,1
2019-12-10,16:04:06.119000,11605,11606,11605,2
2019-12-10,16:04:07.045000,11605,11606,11606,3
2019-12-10,16:04:08.198000,11605,11606,11606,1
2019-12-10,16:04:11.205000,11605,11606,11606,1
2019-12-10,16:04:11.633000,11605,11606,11606,1
2019-12-10,16:04:13.656000,11605,11606,11606,1
2019-12-10,16:04:15.566000,11605,11606,11606,12
2019-12-10,16:04:15.566000,11605,11606,11607,38
2019-12-10,16:04:15.567000,11605,11606,11607,6
2019-12-10,16:04:15.567000,11605,11606,11607,2
2019-12-10,16:04:15.662000,11607,11608,11607,2
2019-12-10,16:04:15.786000,11607,11608,11607,2
2019-12-10,16:04:15.786000,11607,11608,11607,1
2019-12-10,16:04:15.786000,11607,11608,11607,2
2019-12-10,16:04:15.843000,11607,11608,11607,1
2019-12-10,16:04:15.843000,11607,11608,11606,3
2019-12-10,16:04:16.611000,11606,11607,11607,1
2019-12-10,16:04:17.823000,11606,11607,11606,1
2019-12-10,16:04:17.914000,11606,11607,11606,2
2019-12-10,16:04:19.401000,11606,11607,11607,5
2019-12-10,16:04:19.535000,11606,11607,11606,1
2019-12-10,16:04:22.782000,11606,11607,11607,3
2019-12-10,16:04:28.131000,11606,11607,11607,1
2019-12-10,16:04:29.550000,11606,11607,11607,1
2019-12-10,16:04:33.159000,11607,11608,11607,1
2019-12-10,16:04:35.549000,11607,11608,11607,2
2019-12-10,16:04:37.677000,11606,11608,11606,1
2019-12-10,16:04:38.454000,11606,11607,11606,18
2019-12-10,16:04:38.528000,11606,11607,11606,2
2019-12-10,16:04:38.528000,11606,11607,11606,2
2019-12-10,16:04:38.528000,11606,11607,11606,3
2019-12-10,16:04:38.528000,11606,11607,11606,3
2019-12-10,16:04:38.536000,11605,11606,11606,1
2019-12-10,16:04:38.536000,11605,11606,11606,1
2019-12-10,16:04:42.089000,11606,11607,11607,2
2019-12-10,16:04:44.422000,11606,11607,11606,1
2019-12-10,16:04:44.812000,11606,11607,11606,1
2019-12-10,16:04:44.959000,11606,11607,11606,1
2019-12-10,16:04:48.945000,11605,11606,11606,1
2019-12-10,16:04:48.945000,11605,11606,11607,1
2019-12-10,16:04:58.866000,11605,11606,11605,5
2019-12-10,16:04:59.121000,11605,11606,11606,1
2019-12-10,16:05:01.911000,11605,11606,11605,7
2019-12-10,16:05:01.911000,11605,11606,11605,3
2019-12-10,16:05:01.911000,11605,11606,11605,3
2019-12-10,16:05:01.911000,11605,11606,11605,3
2019-12-10,16:05:01.911000,11605,11606,11605,2
2019-12-10,16:05:01.937000,11605,11606,11605,2
2019-12-10,16:05:01.962000,11605,11606,11605,1
2019-12-10,16:05:01.962000,11605,11606,11605,1
2019-12-10,16:05:01.988000,11605,11606,11605,2
2019-12-10,16:05:02.013000,11605,11606,11605,2
2019-12-10,16:05:03.070000,11604,11605,11605,1
2019-12-10,16:05:03.564000,11604,11605,11604,2
2019-12-10,16:05:05.459000,11604,11605,11604,2
2019-12-10,16:05:05.547000,11604,11605,11604,2
2019-12-10,16:05:07.484000,11604,11605,11605,2
2019-12-10,16:05:07.509000,11604,11605,11605,2
2019-12-10,16:05:07.534000,11604,11605,11605,1
2019-12-10,16:05:07.536000,11604,11605,11605,1
2019-12-10,16:05:07.561000,11604,11605,11605,2
2019-12-10,16:05:07.587000,11604,11605,11605,2
2019-12-10,16:05:08.202000,11604,11606,11604,1
2019-12-10,16:05:10.699000,11605,11606,11605,1
2019-12-10,16:05:12.240000,11605,11606,11606,1
2019-12-10,16:05:12.954000,11605,11606,11605,1
2019-12-10,16:05:15.621000,11605,11606,11605,1
2019-12-10,16:05:16.161000,11605,11606,11605,1
2019-12-10,16:05:16.161000,11605,11606,11604,1
2019-12-10,16:05:20.444000,11605,11606,11605,2
2019-12-10,16:05:20.594000,11605,11606,11605,2
2019-12-10,16:05:21.550000,11604,11605,11605,1
2019-12-10,16:05:23.516000,11604,11605,11605,1
2019-12-10,16:05:25.213000,11604,11606,11604,1
2019-12-10,16:05:28.262000,11604,11605,11605,1
2019-12-10,16:05:29.080000,11604,11605,11605,3
2019-12-10,16:05:31.470000,11605,11606,11605,1
2019-12-10,16:05:38.645000,11605,11606,11605,1
2019-12-10,16:05:46.894000,11605,11606,11605,4
2019-12-10,16:05:49.017000,11605,11606,11605,1
2019-12-10,16:05:51.135000,11605,11606,11605,3
2019-12-10,16:05:53.054000,11604,11605,11605,3
2019-12-10,16:05:56.991000,11604,11605,11605,1
2019-12-10,16:06:01.160000,11605,11606,11605,6
2019-12-10,16:06:02.013000,11604,11606,11605,1
2019-12-10,16:06:05.066000,11605,11606,11605,2
2019-12-10,16:06:05.602000,11604,11606,11604,1
2019-12-10,16:06:08.123000,11604,11605,11604,2
2019-12-10,16:06:09.476000,11604,11605,11605,1
2019-12-10,16:06:10.556000,11604,11605,11604,1
2019-12-10,16:06:11.625000,11604,11605,11604,5
2019-12-10,16:06:12.849000,11604,11605,11604,4
2019-12-10,16:06:12.936000,11604,11605,11604,4
2019-12-10,16:06:16.566000,11604,11605,11604,4
2019-12-10,16:06:16.652000,11604,11605,11604,2
2019-12-10,16:06:16.653000,11604,11605,11604,2
2019-12-10,16:06:16.653000,11604,11605,11604,2
2019-12-10,16:06:17.549000,11603,11604,11604,1
2019-12-10,16:06:17.837000,11603,11604,11603,4
2019-12-10,16:06:17.934000,11603,11604,11603,5
2019-12-10,16:06:19.199000,11603,11604,11603,2
2019-12-10,16:06:24.417000,11603,11604,11604,1
2019-12-10,16:06:24.581000,11603,11604,11603,1
2019-12-10,16:06:25.008000,11603,11604,11603,1
2019-12-10,16:06:25.900000,11603,11604,11603,1
2019-12-10,16:06:26.933000,11603,11604,11603,1
2019-12-10,16:06:27.087000,11603,11604,11604,2
2019-12-10,16:06:27.395000,11603,11605,11603,1
2019-12-10,16:06:28.112000,11603,11604,11603,1
2019-12-10,16:06:28.172000,11603,11604,11603,1
2019-12-10,16:06:28.727000,11603,11604,11604,2
2019-12-10,16:06:29.418000,11603,11604,11603,1
2019-12-10,16:06:30.866000,11603,11604,11604,2
2019-12-10,16:06:31.302000,11603,11604,11604,1
2019-12-10,16:06:32.252000,11603,11604,11603,4
2019-12-10,16:06:32.591000,11603,11604,11603,1
2019-12-10,16:06:34.549000,11603,11604,11604,1
2019-12-10,16:06:36.090000,11603,11604,11604,2
2019-12-10,16:06:36.285000,11603,11604,11603,7
2019-12-10,16:06:36.885000,11603,11604,11604,1
2019-12-10,16:06:38.543000,11603,11604,11603,1
2019-12-10,16:06:40.200000,11603,11604,11604,7
2019-12-10,16:06:40.893000,11604,11605,11604,1
2019-12-10,16:06:40.893000,11604,11605,11603,9
2019-12-10,16:06:41.311000,11603,11605,11603,2
2019-12-10,16:06:41.648000,11603,11605,11603,1
2019-12-10,16:06:47.108000,11603,11604,11604,1
2019-12-10,16:06:50.390000,11603,11604,11603,2
2019-12-10,16:06:52.476000,11603,11604,11604,3
2019-12-10,16:06:53.849000,11603,11604,11603,3
2019-12-10,16:06:55.459000,11603,11604,11603,1
2019-12-10,16:06:57.413000,11603,11604,11604,1
2019-12-10,16:06:59.551000,11603,11604,11603,1
2019-12-10,16:07:02.869000,11603,11604,11603,1
2019-12-10,16:07:06.168000,11603,11604,11604,1
2019-12-10,16:07:16.963000,11603,11604,11603,3
2019-12-10,16:07:18.440000,11603,11604,11603,3
2019-12-10,16:07:18.903000,11603,11604,11603,1
2019-12-10,16:07:23.336000,11603,11604,11603,2
2019-12-10,16:07:23.661000,11603,11604,11603,1
2019-12-10,16:07:24.935000,11603,11604,11603,1
2019-12-10,16:07:25.869000,11603,11604,11603,1
2019-12-10,16:07:25.945000,11603,11604,11604,34
2019-12-10,16:07:25.945000,11603,11604,11605,57
2019-12-10,16:07:25.972000,11603,11604,11605,2
2019-12-10,16:07:25.997000,11603,11604,11605,2
2019-12-10,16:07:26.022000,11603,11604,11605,2
2019-12-10,16:07:26.037000,11605,11606,11606,5
2019-12-10,16:07:26.037000,11605,11606,11606,1
2019-12-10,16:07:26.038000,11605,11606,11606,1
2019-12-10,16:07:26.667000,11605,11606,11605,2
2019-12-10,16:07:31.818000,11605,11606,11605,1
2019-12-10,16:07:33.522000,11605,11606,11605,1
2019-12-10,16:07:33.800000,11605,11606,11605,1
2019-12-10,16:07:35.169000,11605,11606,11606,2
2019-12-10,16:07:40.295000,11605,11606,11605,8
2019-12-10,16:07:46.138000,11605,11606,11606,1
2019-12-10,16:07:52.235000,11605,11606,11605,1
2019-12-10,16:07:55.914000,11605,11606,11605,1
2019-12-10,16:07:56.451000,11605,11606,11605,3
2019-12-10,16:07:56.536000,11605,11606,11605,3
2019-12-10,16:07:59.411000,11604,11605,11605,2
2019-12-10,16:08:01.550000,11604,11605,11605,1
2019-12-10,16:08:04.519000,11604,11605,11605,11
2019-12-10,16:08:06.701000,11605,11606,11605,1
2019-12-10,16:08:12.983000,11605,11606,11605,15
2019-12-10,16:08:13.036000,11605,11606,11605,1
2019-12-10,16:08:22.289000,11604,11605,11604,13
2019-12-10,16:08:23.102000,11603,11604,11604,1
2019-12-10,16:08:31.508000,11603,11604,11603,8
2019-12-10,16:08:31.536000,11602,11604,11603,1
2019-12-10,16:08:34.044000,11603,11604,11603,1
2019-12-10,16:08:34.058000,11603,11604,11603,1
2019-12-10,16:08:34.335000,11603,11604,11603,1
2019-12-10,16:08:38.436000,11602,11603,11603,1
2019-12-10,16:08:39.050000,11602,11603,11602,1
2019-12-10,16:08:39.189000,11602,11603,11602,1
2019-12-10,16:08:39.492000,11602,11603,11603,1
2019-12-10,16:08:40.083000,11602,11603,11602,1
2019-12-10,16:08:42.466000,11602,11603,11602,3
2019-12-10,16:08:46.173000,11602,11603,11602,12
2019-12-10,16:08:47.696000,11602,11603,11602,1
2019-12-10,16:08:50.052000,11602,11603,11602,1
2019-12-10,16:08:54,11602,11603,11602,1
2019-12-10,16:08:54.235000,11602,11603,11602,2
2019-12-10,16:08:55.012000,11602,11603,11603,24
2019-12-10,16:08:55.012000,11602,11603,11604,59
2019-12-10,16:08:55.037000,11604,11605,11605,5
2019-12-10,16:08:56.141000,11604,11605,11604,3
2019-12-10,16:08:56.953000,11604,11605,11604,6
2019-12-10,16:09:02.554000,11604,11605,11604,2
2019-12-10,16:09:02.901000,11604,11605,11604,1
2019-12-10,16:09:04.128000,11604,11605,11604,1
2019-12-10,16:09:06.051000,11604,11605,11604,1
2019-12-10,16:09:06.173000,11604,11605,11605,1
2019-12-10,16:09:07.113000,11604,11605,11604,4
2019-12-10,16:09:09.920000,11603,11604,11604,2
2019-12-10,16:09:10.212000,11603,11604,11604,2
2019-12-10,16:09:11.280000,11604,11605,11604,1
2019-12-10,16:09:17.239000,11603,11604,11604,1
2019-12-10,16:09:20.630000,11603,11604,11604,1
2019-12-10,16:09:23.669000,11603,11604,11604,2
2019-12-10,16:09:24.286000,11604,11605,11604,2
2019-12-10,16:09:25.411000,11604,11605,11604,4
2019-12-10,16:09:25.651000,11604,11605,11604,1
2019-12-10,16:09:30.246000,11603,11604,11604,1
2019-12-10,16:09:39.759000,11603,11604,11603,1
2019-12-10,16:09:43.207000,11603,11604,11603,1
2019-12-10,16:09:50.089000,11603,11604,11603,2
2019-12-10,16:09:51.161000,11603,11604,11603,10
2019-12-10,16:09:53.036000,11603,11604,11604,1
2019-12-10,16:09:56.035000,11603,11604,11603,1
2019-12-10,16:09:56.158000,11603,11604,11603,1
2019-12-10,16:09:57.281000,11603,11604,11603,1
2019-12-10,16:09:58.336000,11603,11604,11603,1
2019-12-10,16:10:00.365000,11603,11604,11603,1
2019-12-10,16:10:00.417000,11603,11604,11603,1
2019-12-10,16:10:00.913000,11602,11603,11602,1
2019-12-10,16:10:01.138000,11602,11603,11603,10
2019-12-10,16:10:01.138000,11602,11603,11604,46
2019-12-10,16:10:01.138000,11602,11603,11605,10
2019-12-10,16:10:01.226000,11603,11605,11603,1
2019-12-10,16:10:01.286000,11603,11604,11604,5
2019-12-10,16:10:01.288000,11603,11604,11604,3
2019-12-10,16:10:01.538000,11604,11605,11604,1
2019-12-10,16:10:01.666000,11604,11605,11604,1
2019-12-10,16:10:03.273000,11604,11605,11604,1
2019-12-10,16:10:04.175000,11603,11605,11603,1
2019-12-10,16:10:08.557000,11603,11604,11604,1
2019-12-10,16:10:08.557000,11603,11604,11604,1
2019-12-10,16:10:08.557000,11603,11604,11604,7
2019-12-10,16:10:10.729000,11604,11605,11604,1
2019-12-10,16:10:19.795000,11604,11605,11605,55
2019-12-10,16:10:19.807000,11604,11605,11604,1
2019-12-10,16:10:19.911000,11604,11605,11605,2
2019-12-10,16:10:19.911000,11604,11605,11605,2
2019-12-10,16:10:19.912000,11604,11605,11605,2
2019-12-10,16:10:19.912000,11604,11605,11605,1
2019-12-10,16:10:19.953000,11604,11605,11605,2
2019-12-10,16:10:19.953000,11604,11605,11605,1
2019-12-10,16:10:19.978000,11604,11605,11605,2
2019-12-10,16:10:19.979000,11604,11605,11605,1
2019-12-10,16:10:20.004000,11604,11605,11605,3
2019-12-10,16:10:20.030000,11604,11605,11605,2
2019-12-10,16:10:20.105000,11604,11606,11605,1
2019-12-10,16:10:21.477000,11605,11606,11605,1
2019-12-10,16:10:23.509000,11604,11605,11605,1
2019-12-10,16:10:23.865000,11605,11606,11605,3
2019-12-10,16:10:24.063000,11604,11605,11605,1
2019-12-10,16:10:24.809000,11605,11606,11606,1
2019-12-10,16:10:25.882000,11605,11606,11605,2
2019-12-10,16:10:31.154000,11605,11606,11605,3
2019-12-10,16:10:37.667000,11604,11605,11605,1
2019-12-10,16:10:38.939000,11604,11605,11604,1
2019-12-10,16:10:39.221000,11604,11605,11605,1
2019-12-10,16:10:42.930000,11604,11605,11605,3
2019-12-10,16:10:44.278000,11604,11605,11605,13
2019-12-10,16:10:46.689000,11605,11606,11605,1
2019-12-10,16:10:53.209000,11605,11606,11605,1
2019-12-10,16:10:54.094000,11605,11606,11605,1
2019-12-10,16:11:02.571000,11604,11605,11605,3
2019-12-10,16:11:08.933000,11605,11606,11605,1
2019-12-10,16:11:19.100000,11605,11606,11605,5
2019-12-10,16:11:24.040000,11605,11606,11605,1
2019-12-10,16:11:28.322000,11605,11606,11606,7
2019-12-10,16:11:30.769000,11605,11606,11606,5
2019-12-10,16:11:32.568000,11605,11606,11606,1
2019-12-10,16:11:38.174000,11605,11606,11606,1
2019-12-10,16:11:49.022000,11605,11606,11606,7
2019-12-10,16:12:07.664000,11605,11606,11606,3
2019-12-10,16:12:11.152000,11605,11606,11606,7
2019-12-10,16:12:11.161000,11605,11606,11606,2
2019-12-10,16:12:11.296000,11605,11606,11606,1
2019-12-10,16:12:11.300000,11605,11606,11606,1
2019-12-10,16:12:11.300000,11605,11606,11607,1
2019-12-10,16:12:11.305000,11605,11606,11607,1
2019-12-10,16:12:11.308000,11605,11606,11607,1
2019-12-10,16:12:11.325000,11605,11606,11606,2
2019-12-10,16:12:15.558000,11606,11607,11606,1
2019-12-10,16:12:16.864000,11606,11607,11607,1
2019-12-10,16:12:19.441000,11606,11607,11607,1
2019-12-10,16:12:24.459000,11606,11607,11607,1
2019-12-10,16:12:24.464000,11606,11607,11607,16
2019-12-10,16:12:24.536000,11606,11607,11607,2
2019-12-10,16:12:24.536000,11606,11607,11607,3
2019-12-10,16:12:24.536000,11606,11607,11607,38
2019-12-10,16:12:27.371000,11607,11608,11608,1
2019-12-10,16:12:28.779000,11607,11608,11608,1
2019-12-10,16:12:28.971000,11607,11608,11608,1
2019-12-10,16:12:31.338000,11607,11608,11608,1
2019-12-10,16:12:31.811000,11607,11608,11608,1
2019-12-10,16:12:33.256000,11607,11608,11608,1
2019-12-10,16:12:34.976000,11607,11608,11608,1
2019-12-10,16:12:35.748000,11607,11608,11608,1
2019-12-10,16:12:36.368000,11607,11608,11608,1
2019-12-10,16:12:37.040000,11607,11608,11608,1
2019-12-10,16:12:38.482000,11607,11608,11607,5
2019-12-10,16:12:45.355000,11606,11607,11607,2
2019-12-10,16:12:47.614000,11606,11607,11607,1
2019-12-10,16:12:48.695000,11606,11607,11606,1
2019-12-10,16:12:59.429000,11606,11607,11607,1
2019-12-10,16:13:06.629000,11606,11607,11607,2
2019-12-10,16:13:15.585000,11606,11607,11607,1
2019-12-10,16:13:20.347000,11606,11607,11606,16
2019-12-10,16:13:27.006000,11605,11606,11606,1
2019-12-10,16:13:27.231000,11605,11606,11605,1
2019-12-10,16:13:31.146000,11605,11606,11605,6
2019-12-10,16:13:34.035000,11604,11605,11605,1
2019-12-10,16:13:40.570000,11604,11605,11605,1
2019-12-10,16:13:42.338000,11604,11605,11605,1
2019-12-10,16:13:43.276000,11604,11605,11604,1
2019-12-10,16:13:54.739000,11604,11605,11605,7
2019-12-10,16:13:56.574000,11605,11606,11605,1
2019-12-10,16:14:00.254000,11604,11605,11605,1
2019-12-10,16:14:07.024000,11604,11606,11604,1
2019-12-10,16:14:09.177000,11604,11605,11605,2
2019-12-10,16:14:20.403000,11604,11605,11605,1
2019-12-10,16:14:25.557000,11604,11605,11605,1
2019-12-10,16:14:45.593000,11604,11605,11605,1
2019-12-10,16:14:59.268000,11604,11605,11605,1
2019-12-10,16:15:00.340000,11604,11605,11605,1
2019-12-10,16:15:00.718000,11604,11605,11604,2
2019-12-10,16:15:15.542000,11604,11605,11604,5
2019-12-10,16:15:17.824000,11604,11605,11604,1
2019-12-10,16:15:22.212000,11604,11605,11604,1
2019-12-10,16:15:37.255000,11604,11605,11605,11
2019-12-10,16:15:43.464000,11604,11605,11604,2
2019-12-10,16:15:44.347000,11604,11605,11605,1
2019-12-10,16:15:47.829000,11604,11605,11605,8
2019-12-10,16:15:55.276000,11605,11606,11606,1
2019-12-10,16:16:01.182000,11605,11606,11606,10
2019-12-10,16:16:13,11606,11607,11606,2
2019-12-10,16:16:13,11606,11607,11606,1
2019-12-10,16:16:13.838000,11605,11606,11606,1
2019-12-10,16:16:13.925000,11605,11606,11606,1
2019-12-10,16:16:19.159000,11605,11606,11606,1
2019-12-10,16:16:22.533000,11605,11606,11606,1
2019-12-10,16:16:26.564000,11605,11606,11606,2
2019-12-10,16:16:38.247000,11605,11606,11606,1
2019-12-10,16:16:46.136000,11606,11607,11607,2
2019-12-10,16:17:05.644000,11606,11607,11606,1
2019-12-10,16:17:11.851000,11606,11607,11606,1
2019-12-10,16:17:32.692000,11606,11607,11606,1
2019-12-10,16:18:00.855000,11606,11607,11606,1
2019-12-10,16:18:03.470000,11606,11607,11606,1
2019-12-10,16:18:21.950000,11606,11607,11606,1
2019-12-10,16:18:22.549000,11606,11607,11606,7
2019-12-10,16:18:22.661000,11606,11607,11606,1
2019-12-10,16:18:22.786000,11606,11607,11606,1
2019-12-10,16:18:25.936000,11605,11606,11606,1
2019-12-10,16:18:31.734000,11605,11606,11606,1
2019-12-10,16:18:33.313000,11605,11607,11607,1
2019-12-10,16:18:46.051000,11606,11607,11606,8
2019-12-10,16:18:50.433000,11606,11607,11606,13
2019-12-10,16:19:18.139000,11605,11606,11606,1
2019-12-10,16:19:19.619000,11605,11606,11606,4
2019-12-10,16:19:24.884000,11606,11607,11606,1
2019-12-10,16:19:37.708000,11606,11607,11606,1
2019-12-10,16:19:43.599000,11605,11606,11605,1
2019-12-10,16:19:48.195000,11605,11606,11606,1
2019-12-10,16:19:50.060000,11605,11606,11606,1
2019-12-10,16:19:50.408000,11605,11606,11605,2
2019-12-10,16:19:56.775000,11605,11606,11606,1
2019-12-10,16:20:10.192000,11605,11606,11605,3
2019-12-10,16:20:11.337000,11605,11606,11605,1
2019-12-10,16:20:14.510000,11605,11606,11605,3
2019-12-10,16:20:17.856000,11605,11606,11606,2
2019-12-10,16:20:20.045000,11605,11606,11605,3
2019-12-10,16:20:56.209000,11605,11606,11606,11
2019-12-10,16:21:16.155000,11605,11607,11605,1
2019-12-10,16:21:48.750000,11605,11606,11606,1
2019-12-10,16:21:59.976000,11605,11606,11606,7
2019-12-10,16:22:02.750000,11605,11606,11606,1
2019-12-10,16:22:03.289000,11605,11606,11605,1
2019-12-10,16:22:13.844000,11605,11606,11605,2
2019-12-10,16:22:39.688000,11605,11606,11605,1
2019-12-10,16:22:45.797000,11605,11606,11605,3
2019-12-10,16:22:51.443000,11605,11606,11605,5
2019-12-10,16:22:59.358000,11605,11606,11605,1
2019-12-10,16:23:03.187000,11605,11606,11605,1
2019-12-10,16:23:28.158000,11605,11606,11606,5
2019-12-10,16:23:28.158000,11605,11606,11606,2
2019-12-10,16:23:28.161000,11605,11606,11606,3
2019-12-10,16:23:28.161000,11605,11606,11606,1
2019-12-10,16:23:28.161000,11605,11606,11606,1
2019-12-10,16:23:28.161000,11605,11606,11606,1
2019-12-10,16:23:28.187000,11605,11606,11606,2
2019-12-10,16:23:28.212000,11605,11606,11606,1
2019-12-10,16:23:28.286000,11605,11606,11606,1
2019-12-10,16:23:28.412000,11605,11606,11606,2
2019-12-10,16:23:43.350000,11606,11607,11606,1
2019-12-10,16:23:46.958000,11606,11607,11607,1
2019-12-10,16:23:46.998000,11606,11607,11607,1
2019-12-10,16:23:48.704000,11606,11607,11607,1
2019-12-10,16:23:56.644000,11606,11607,11607,2
2019-12-10,16:23:59.745000,11606,11607,11607,2
2019-12-10,16:24:04.374000,11606,11607,11606,3
2019-12-10,16:24:20.928000,11605,11607,11607,10
2019-12-10,16:24:31.990000,11605,11607,11607,1
2019-12-10,16:24:41.526000,11606,11607,11606,10
2019-12-10,16:24:41.561000,11606,11607,11607,1
2019-12-10,16:24:41.613000,11606,11607,11607,1
2019-12-10,16:24:47.639000,11606,11607,11607,3
2019-12-10,16:24:53.214000,11606,11607,11606,1
2019-12-10,16:24:54.349000,11606,11607,11606,1
2019-12-10,16:24:55.525000,11606,11607,11606,1
2019-12-10,16:24:55.998000,11606,11607,11606,1
2019-12-10,16:24:56.944000,11606,11607,11606,1
2019-12-10,16:25:01.138000,11606,11607,11606,1
2019-12-10,16:25:02.086000,11606,11607,11606,1
2019-12-10,16:25:05.411000,11605,11606,11606,1
2019-12-10,16:25:32.077000,11605,11606,11605,1
2019-12-10,16:25:41.528000,11605,11606,11605,5
2019-12-10,16:25:45.324000,11605,11606,11605,1
2019-12-10,16:25:53.033000,11605,11606,11605,1
2019-12-10,16:25:54.972000,11605,11606,11605,1
2019-12-10,16:25:57.114000,11605,11606,11606,1
2019-12-10,16:25:58.909000,11605,11606,11605,1
2019-12-10,16:26:00.544000,11605,11606,11605,5
2019-12-10,16:26:00.661000,11605,11606,11605,3
2019-12-10,16:26:00.661000,11605,11606,11605,1
2019-12-10,16:26:00.786000,11605,11606,11605,4
2019-12-10,16:26:00.786000,11605,11606,11605,4
2019-12-10,16:26:00.911000,11605,11606,11605,13
2019-12-10,16:26:00.911000,11605,11606,11605,4
2019-12-10,16:26:00.955000,11605,11606,11605,3
2019-12-10,16:26:01.036000,11605,11606,11605,2
2019-12-10,16:26:01.036000,11605,11606,11605,1
2019-12-10,16:26:01.036000,11605,11606,11605,2
2019-12-10,16:26:01.036000,11605,11606,11605,9
2019-12-10,16:26:01.036000,11605,11606,11605,2
2019-12-10,16:26:01.036000,11605,11606,11605,2
2019-12-10,16:26:01.037000,11605,11606,11605,1
2019-12-10,16:26:01.037000,11605,11606,11605,2
2019-12-10,16:26:01.037000,11605,11606,11605,1
2019-12-10,16:26:01.037000,11605,11606,11605,2
2019-12-10,16:26:01.037000,11605,11606,11605,1
2019-12-10,16:26:01.147000,11605,11606,11605,1
2019-12-10,16:26:01.148000,11605,11606,11605,3
2019-12-10,16:26:01.161000,11605,11606,11605,2
2019-12-10,16:26:01.161000,11605,11606,11605,3
2019-12-10,16:26:01.161000,11605,11606,11605,2
2019-12-10,16:26:03.799000,11604,11605,11605,1
2019-12-10,16:26:20.613000,11604,11605,11604,5
2019-12-10,16:26:20.892000,11604,11605,11604,1
2019-12-10,16:26:36.787000,11604,11605,11604,2
2019-12-10,16:26:38.467000,11604,11605,11604,2
2019-12-10,16:26:41.441000,11604,11605,11604,6
2019-12-10,16:26:42.853000,11604,11605,11604,2
2019-12-10,16:26:43.442000,11604,11605,11604,2
2019-12-10,16:26:44.355000,11604,11605,11604,2
2019-12-10,16:26:45.681000,11604,11605,11604,6
2019-12-10,16:26:45.887000,11604,11605,11604,3
2019-12-10,16:26:47.457000,11603,11604,11604,1
2019-12-10,16:26:48.836000,11604,11605,11604,1
2019-12-10,16:26:49.549000,11604,11605,11604,2
2019-12-10,16:26:54.487000,11604,11605,11604,1
2019-12-10,16:26:59.924000,11604,11605,11604,1
2019-12-10,16:27:06.306000,11604,11605,11604,11
2019-12-10,16:27:06.319000,11604,11605,11604,2
2019-12-10,16:27:13.728000,11603,11604,11604,1
2019-12-10,16:27:19.430000,11603,11604,11604,1
2019-12-10,16:27:24.408000,11603,11604,11604,4
2019-12-10,16:27:28.315000,11603,11604,11604,1
2019-12-10,16:27:29.872000,11603,11604,11603,2
2019-12-10,16:27:35.537000,11603,11604,11603,1
2019-12-10,16:27:38.229000,11603,11604,11603,5
2019-12-10,16:27:39.031000,11603,11604,11603,1
2019-12-10,16:27:39.598000,11603,11604,11604,5
2019-12-10,16:27:40.442000,11603,11604,11603,1
2019-12-10,16:27:43.740000,11603,11604,11603,2
2019-12-10,16:27:45.999000,11603,11604,11603,1
2019-12-10,16:27:46.002000,11603,11604,11603,2
2019-12-10,16:27:46.304000,11603,11604,11603,5
2019-12-10,16:27:48.826000,11603,11604,11603,2
2019-12-10,16:27:53.217000,11603,11604,11603,1
2019-12-10,16:27:56.976000,11603,11604,11603,1
2019-12-10,16:27:57.458000,11603,11604,11603,1
2019-12-10,16:27:58.243000,11603,11604,11603,1
2019-12-10,16:27:58.435000,11603,11604,11603,1
2019-12-10,16:27:58.438000,11603,11604,11603,1
2019-12-10,16:28:00.336000,11603,11604,11603,15
2019-12-10,16:28:00.778000,11602,11603,11602,24
2019-12-10,16:28:00.786000,11602,11603,11602,1
2019-12-10,16:28:00.794000,11602,11603,11603,1
2019-12-10,16:28:02.250000,11602,11603,11602,33
2019-12-10,16:28:02.286000,11602,11603,11602,3
2019-12-10,16:28:02.286000,11602,11603,11602,2
2019-12-10,16:28:02.286000,11602,11603,11602,1
2019-12-10,16:28:04.584000,11601,11602,11601,2
2019-12-10,16:28:04.740000,11601,11602,11601,1
2019-12-10,16:28:04.741000,11601,11602,11601,89
2019-12-10,16:28:04.741000,11601,11602,11601,1
2019-12-10,16:28:04.741000,11601,11602,11601,2
2019-12-10,16:28:04.742000,11601,11602,11600,2
2019-12-10,16:28:04.742000,11601,11602,11600,9
2019-12-10,16:28:04.743000,11601,11602,11600,11
2019-12-10,16:28:04.743000,11601,11602,11600,3
2019-12-10,16:28:04.743000,11601,11602,11600,3
2019-12-10,16:28:04.786000,11600,11601,11601,5
2019-12-10,16:28:04.787000,11600,11601,11600,3
2019-12-10,16:28:04.787000,11600,11601,11600,1
2019-12-10,16:28:04.787000,11600,11601,11600,3
2019-12-10,16:28:04.861000,11600,11601,11601,1
2019-12-10,16:28:04.887000,11600,11601,11600,4
2019-12-10,16:28:04.912000,11600,11601,11600,1
2019-12-10,16:28:04.930000,11600,11601,11600,1
2019-12-10,16:28:04.967000,11600,11601,11600,1
2019-12-10,16:28:04.971000,11600,11601,11600,1
2019-12-10,16:28:05.131000,11600,11601,11600,1
2019-12-10,16:28:05.140000,11600,11601,11600,1
2019-12-10,16:28:05.203000,11600,11601,11600,2
2019-12-10,16:28:05.279000,11600,11601,11600,1
2019-12-10,16:28:05.321000,11600,11601,11600,1
2019-12-10,16:28:05.429000,11600,11601,11600,1
2019-12-10,16:28:05.595000,11600,11601,11600,3
2019-12-10,16:28:05.923000,11600,11601,11600,1
2019-12-10,16:28:07.955000,11600,11601,11601,1
2019-12-10,16:28:07.982000,11600,11601,11600,3
2019-12-10,16:28:08.328000,11600,11601,11600,1
2019-12-10,16:28:09.651000,11600,11601,11600,1
2019-12-10,16:28:11.129000,11600,11601,11600,1
2019-12-10,16:28:11.336000,11600,11601,11600,1
2019-12-10,16:28:11.636000,11600,11601,11600,5
2019-12-10,16:28:11.831000,11600,11601,11600,3
2019-12-10,16:28:12.269000,11600,11601,11600,5
2019-12-10,16:28:13.790000,11600,11601,11600,2
2019-12-10,16:28:13.813000,11600,11601,11600,1
2019-12-10,16:28:14.962000,11600,11601,11601,1
2019-12-10,16:28:15.318000,11600,11601,11600,2
2019-12-10,16:28:15.558000,11600,11601,11600,1
2019-12-10,16:28:15.740000,11600,11601,11600,2
2019-12-10,16:28:15.903000,11600,11601,11600,5
2019-12-10,16:28:16.264000,11600,11601,11600,5
2019-12-10,16:28:16.286000,11600,11601,11600,2
2019-12-10,16:28:18.527000,11599,11600,11599,1
2019-12-10,16:28:18.551000,11599,11600,11599,5
2019-12-10,16:28:18.566000,11599,11600,11599,1
2019-12-10,16:28:18.567000,11599,11600,11599,8
2019-12-10,16:28:18.580000,11599,11600,11599,1
2019-12-10,16:28:18.637000,11599,11600,11599,1
2019-12-10,16:28:18.647000,11599,11600,11599,1
2019-12-10,16:28:18.647000,11599,11600,11599,1
2019-12-10,16:28:18.714000,11598,11600,11599,5
2019-12-10,16:28:18.762000,11598,11600,11598,1
2019-12-10,16:28:18.806000,11598,11599,11598,1
2019-12-10,16:28:18.834000,11598,11599,11598,1
2019-12-10,16:28:18.842000,11598,11599,11598,1
2019-12-10,16:28:18.857000,11598,11599,11598,1
2019-12-10,16:28:18.882000,11598,11599,11598,1
2019-12-10,16:28:18.892000,11598,11599,11598,1
2019-12-10,16:28:18.969000,11598,11599,11598,1
2019-12-10,16:28:18.991000,11598,11599,11598,1
2019-12-10,16:28:19.015000,11598,11599,11598,1
2019-12-10,16:28:19.049000,11598,11599,11598,1
2019-12-10,16:28:19.054000,11598,11599,11598,1
2019-12-10,16:28:19.097000,11598,11599,11599,5
2019-12-10,16:28:19.130000,11598,11599,11598,1
2019-12-10,16:28:19.148000,11598,11599,11598,1
2019-12-10,16:28:19.269000,11598,11599,11598,1
2019-12-10,16:28:19.278000,11598,11599,11598,1
2019-12-10,16:28:19.293000,11598,11599,11598,1
2019-12-10,16:28:19.622000,11598,11599,11598,1
2019-12-10,16:28:19.835000,11598,11599,11598,1
2019-12-10,16:28:20.560000,11598,11599,11598,1
2019-12-10,16:28:20.846000,11598,11599,11598,1
2019-12-10,16:28:21.608000,11598,11599,11598,1
2019-12-10,16:28:21.888000,11598,11599,11598,1
2019-12-10,16:28:21.922000,11598,11599,11599,1
2019-12-10,16:28:22.856000,11598,11599,11598,2
2019-12-10,16:28:23.760000,11598,11599,11598,2
2019-12-10,16:28:24.569000,11598,11599,11598,1
2019-12-10,16:28:24.917000,11598,11599,11598,2
2019-12-10,16:28:25.903000,11598,11599,11598,1
2019-12-10,16:28:26.651000,11598,11599,11599,1
2019-12-10,16:28:27.627000,11598,11599,11598,1
2019-12-10,16:28:27.833000,11598,11599,11598,27
2019-12-10,16:28:31.217000,11597,11598,11598,1
2019-12-10,16:28:31.907000,11597,11598,11597,5
2019-12-10,16:28:31.946000,11597,11598,11597,1
2019-12-10,16:28:32.004000,11597,11598,11597,1
2019-12-10,16:28:32.229000,11597,11598,11597,10
2019-12-10,16:28:32.237000,11597,11598,11597,1
2019-12-10,16:28:32.256000,11597,11598,11597,4
2019-12-10,16:28:32.276000,11597,11598,11597,1
2019-12-10,16:28:32.441000,11597,11598,11598,1
2019-12-10,16:28:32.500000,11597,11598,11597,5
2019-12-10,16:28:33.347000,11597,11598,11598,1
2019-12-10,16:28:33.416000,11597,11598,11597,1
2019-12-10,16:28:34.576000,11597,11598,11597,1
2019-12-10,16:28:35.022000,11596,11597,11597,1
2019-12-10,16:28:35.210000,11596,11597,11596,6
2019-12-10,16:28:35.292000,11596,11597,11596,5
2019-12-10,16:28:35.298000,11596,11597,11596,1
2019-12-10,16:28:35.324000,11596,11597,11596,10
2019-12-10,16:28:35.414000,11596,11597,11596,4
2019-12-10,16:28:35.966000,11596,11597,11596,1
2019-12-10,16:28:36.541000,11596,11597,11596,2
2019-12-10,16:28:36.811000,11596,11597,11596,1
2019-12-10,16:28:38.886000,11596,11597,11597,1
2019-12-10,16:28:40.463000,11596,11597,11596,1
2019-12-10,16:28:40.683000,11596,11597,11596,3
2019-12-10,16:28:40.683000,11596,11597,11595,23
2019-12-10,16:28:40.855000,11595,11596,11595,1
2019-12-10,16:28:40.855000,11595,11596,11596,1
2019-12-10,16:28:40.917000,11595,11596,11595,1
2019-12-10,16:28:40.979000,11595,11596,11595,1
2019-12-10,16:28:41.038000,11595,11596,11596,10
2019-12-10,16:28:41.161000,11595,11596,11596,15
2019-12-10,16:28:41.167000,11595,11596,11596,1
2019-12-10,16:28:41.173000,11595,11596,11597,1
2019-12-10,16:28:42.411000,11596,11597,11597,1
2019-12-10,16:28:42.679000,11596,11597,11596,1
2019-12-10,16:28:42.680000,11596,11597,11596,1
2019-12-10,16:28:42.685000,11596,11597,11596,1
2019-12-10,16:28:42.691000,11596,11597,11596,3
2019-12-10,16:28:42.692000,11596,11597,11596,2
2019-12-10,16:28:42.694000,11596,11597,11596,2
2019-12-10,16:28:42.703000,11596,11597,11596,1
2019-12-10,16:28:42.910000,11596,11597,11596,2
2019-12-10,16:28:43.207000,11596,11597,11596,5
2019-12-10,16:28:43.598000,11596,11597,11596,5
2019-12-10,16:28:43.888000,11596,11597,11596,1
2019-12-10,16:28:44.501000,11596,11597,11596,2
2019-12-10,16:28:44.702000,11596,11597,11596,5
2019-12-10,16:28:45.113000,11596,11597,11596,5
2019-12-10,16:28:46.558000,11596,11597,11596,5
2019-12-10,16:28:48.371000,11596,11597,11596,5
2019-12-10,16:28:49.234000,11596,11597,11596,1
2019-12-10,16:28:49.903000,11596,11597,11596,10
2019-12-10,16:28:51.661000,11596,11597,11596,4
2019-12-10,16:28:51.968000,11596,11597,11596,1
2019-12-10,16:28:53.947000,11596,11597,11596,1
2019-12-10,16:28:58.164000,11596,11597,11596,1
2019-12-10,16:28:58.726000,11596,11597,11597,23
2019-12-10,16:28:58.786000,11596,11597,11597,1
2019-12-10,16:28:58.786000,11596,11597,11597,7
2019-12-10,16:29:03.048000,11597,11598,11598,1
2019-12-10,16:29:05.540000,11597,11598,11597,5
2019-12-10,16:29:08.683000,11597,11598,11598,1
2019-12-10,16:29:08.792000,11597,11598,11597,2
2019-12-10,16:29:08.793000,11597,11598,11597,1
2019-12-10,16:29:08.794000,11597,11598,11597,1
2019-12-10,16:29:08.794000,11597,11598,11597,1
2019-12-10,16:29:08.794000,11597,11598,11597,1
2019-12-10,16:29:08.798000,11597,11598,11597,1
2019-12-10,16:29:08.799000,11597,11598,11597,1
2019-12-10,16:29:08.799000,11597,11598,11597,1
2019-12-10,16:29:08.803000,11597,11598,11597,1
2019-12-10,16:29:08.803000,11597,11598,11597,1
2019-12-10,16:29:08.803000,11597,11598,11597,1
2019-12-10,16:29:08.808000,11597,11598,11597,1
2019-12-10,16:29:10.707000,11597,11598,11598,2
2019-12-10,16:29:12.167000,11597,11598,11597,1
2019-12-10,16:29:12.466000,11597,11598,11598,1
2019-12-10,16:29:13.996000,11597,11598,11597,12
2019-12-10,16:29:18.440000,11596,11597,11597,3
2019-12-10,16:29:18.843000,11596,11597,11597,1
2019-12-10,16:29:19.451000,11596,11597,11597,3
2019-12-10,16:29:20.425000,11596,11597,11596,1
2019-12-10,16:29:20.484000,11596,11597,11597,1
2019-12-10,16:29:22.369000,11596,11597,11596,1
2019-12-10,16:29:23.294000,11596,11597,11597,2
2019-12-10,16:29:23.507000,11596,11597,11597,2
2019-12-10,16:29:24.524000,11596,11597,11596,1
2019-12-10,16:29:25.415000,11596,11597,11596,1
2019-12-10,16:29:25.536000,11596,11597,11596,1
2019-12-10,16:29:25.620000,11596,11597,11596,1
2019-12-10,16:29:25.649000,11596,11597,11596,1
2019-12-10,16:29:25.656000,11596,11597,11596,1
2019-12-10,16:29:25.656000,11596,11597,11596,1
2019-12-10,16:29:25.661000,11596,11597,11596,4
2019-12-10,16:29:25.661000,11596,11597,11596,7
2019-12-10,16:29:25.661000,11596,11597,11596,4
2019-12-10,16:29:25.661000,11596,11597,11596,5
2019-12-10,16:29:25.661000,11596,11597,11596,1
2019-12-10,16:29:25.786000,11596,11597,11596,3
2019-12-10,16:29:25.786000,11596,11597,11596,1
2019-12-10,16:29:25.805000,11596,11597,11596,2
2019-12-10,16:29:25.805000,11596,11597,11597,1
2019-12-10,16:29:25.928000,11595,11596,11596,1
2019-12-10,16:29:26.640000,11595,11596,11596,2
2019-12-10,16:29:27.059000,11595,11596,11596,6
2019-12-10,16:29:28.564000,11596,11597,11596,1
2019-12-10,16:29:30.332000,11596,11597,11596,1
2019-12-10,16:29:30.332000,11596,11597,11595,2
2019-12-10,16:29:30.842000,11595,11597,11597,4
2019-12-10,16:29:33.847000,11595,11596,11596,1
2019-12-10,16:29:33.917000,11595,11596,11596,1
2019-12-10,16:29:33.918000,11595,11596,11596,2
2019-12-10,16:29:34.349000,11596,11597,11597,2
2019-12-10,16:29:34.767000,11596,11597,11596,4
2019-12-10,16:29:35.335000,11596,11597,11596,1
2019-12-10,16:29:37.719000,11596,11597,11596,1
2019-12-10,16:29:37.746000,11596,11597,11597,3
2019-12-10,16:29:39.605000,11596,11597,11596,2
2019-12-10,16:29:42.979000,11596,11597,11597,1
2019-12-10,16:29:43.911000,11596,11597,11597,1
2019-12-10,16:29:44.415000,11596,11597,11596,2
2019-12-10,16:29:44.834000,11596,11597,11597,1
2019-12-10,16:29:46.343000,11596,11597,11597,1
2019-12-10,16:29:47.153000,11596,11597,11597,1
2019-12-10,16:29:47.994000,11596,11597,11596,1
2019-12-10,16:29:48.647000,11596,11597,11596,4
2019-12-10,16:29:51.088000,11596,11597,11596,1
2019-12-10,16:29:53.990000,11596,11597,11596,1
2019-12-10,16:29:55.049000,11596,11597,11596,2
2019-12-10,16:29:58.647000,11596,11597,11596,2
2019-12-10,16:29:58.986000,11596,11597,11597,7
2019-12-10,16:29:59.030000,11596,11597,11596,1
2019-12-10,16:30:00.555000,11596,11597,11596,1
2019-12-10,16:30:00.805000,11596,11597,11596,1
2019-12-10,16:30:01.033000,11596,11597,11596,1
2019-12-10,16:30:01.236000,11596,11597,11596,2
2019-12-10,16:30:01.236000,11596,11597,11595,3
2019-12-10,16:30:01.236000,11596,11597,11595,5
2019-12-10,16:30:01.556000,11595,11596,11595,2
2019-12-10,16:30:01.813000,11595,11596,11595,1
2019-12-10,16:30:02.052000,11595,11596,11595,1
2019-12-10,16:30:02.115000,11595,11596,11596,2
2019-12-10,16:30:02.690000,11595,11596,11596,2
2019-12-10,16:30:03.535000,11595,11596,11596,5
2019-12-10,16:30:06.042000,11595,11596,11595,1
2019-12-10,16:30:06.591000,11595,11596,11595,1
2019-12-10,16:30:06.623000,11595,11596,11595,1
2019-12-10,16:30:07.668000,11595,11596,11595,1
2019-12-10,16:30:08.039000,11594,11595,11594,6
2019-12-10,16:30:08.209000,11594,11595,11594,2
2019-12-10,16:30:08.335000,11594,11595,11595,1
2019-12-10,16:30:08.492000,11594,11595,11594,7
2019-12-10,16:30:09.507000,11594,11595,11595,1
2019-12-10,16:30:09.517000,11594,11595,11595,1
2019-12-10,16:30:17.160000,11594,11595,11594,1
2019-12-10,16:30:18.507000,11594,11595,11594,1
2019-12-10,16:30:18.620000,11594,11595,11595,1
2019-12-10,16:30:19.552000,11594,11595,11594,1
2019-12-10,16:30:19.884000,11594,11595,11594,10
2019-12-10,16:30:19.884000,11594,11595,11593,25
2019-12-10,16:30:19.911000,11594,11595,11594,2
2019-12-10,16:30:19.913000,11594,11595,11593,1
2019-12-10,16:30:19.913000,11594,11595,11592,9
2019-12-10,16:30:19.951000,11594,11595,11593,1
2019-12-10,16:30:19.951000,11594,11595,11592,4
2019-12-10,16:30:19.971000,11594,11595,11593,1
2019-12-10,16:30:19.987000,11594,11595,11592,2
2019-12-10,16:30:20.037000,11592,11593,11593,3
2019-12-10,16:30:20.052000,11592,11593,11592,6
2019-12-10,16:30:20.057000,11592,11593,11592,7
2019-12-10,16:30:20.076000,11592,11593,11593,1
2019-12-10,16:30:20.151000,11592,11593,11592,1
2019-12-10,16:30:20.161000,11592,11593,11593,1
2019-12-10,16:30:20.183000,11592,11593,11592,2
2019-12-10,16:30:20.249000,11592,11593,11592,5
2019-12-10,16:30:20.291000,11592,11593,11592,2
2019-12-10,16:30:20.303000,11592,11593,11593,10
2019-12-10,16:30:20.457000,11592,11593,11592,2
2019-12-10,16:30:20.473000,11592,11593,11592,6
2019-12-10,16:30:20.703000,11592,11593,11592,1
2019-12-10,16:30:21.320000,11592,11593,11592,1
2019-12-10,16:30:22.057000,11592,11593,11593,1
2019-12-10,16:30:22.531000,11592,11593,11592,1
2019-12-10,16:30:22.932000,11592,11593,11592,2
2019-12-10,16:30:23.060000,11592,11593,11592,1
2019-12-10,16:30:23.575000,11592,11593,11592,1
2019-12-10,16:30:23.979000,11592,11593,11592,1
2019-12-10,16:30:25.031000,11592,11593,11592,1
2019-12-10,16:30:25.066000,11592,11593,11593,2
2019-12-10,16:30:25.163000,11592,11593,11593,6
2019-12-10,16:30:25.236000,11592,11593,11592,2
2019-12-10,16:30:25.286000,11592,11593,11593,2
2019-12-10,16:30:25.491000,11592,11594,11593,1
2019-12-10,16:30:25.497000,11592,11594,11593,5
2019-12-10,16:30:27.440000,11593,11594,11594,1
2019-12-10,16:30:28.517000,11593,11594,11593,1
2019-12-10,16:30:28.821000,11593,11594,11594,1
2019-12-10,16:30:30.031000,11593,11594,11594,2
2019-12-10,16:30:30.031000,11593,11594,11594,1
2019-12-10,16:30:30.947000,11594,11595,11594,2
2019-12-10,16:30:31.288000,11594,11595,11594,1
2019-12-10,16:30:31.964000,11594,11595,11594,4
2019-12-10,16:30:39.611000,11593,11594,11594,1
2019-12-10,16:30:40.793000,11593,11594,11594,1
2019-12-10,16:30:41.790000,11593,11594,11593,1
2019-12-10,16:30:42.226000,11593,11594,11594,2
2019-12-10,16:30:42.308000,11593,11594,11593,1
2019-12-10,16:30:42.319000,11593,11594,11593,1
2019-12-10,16:30:43.303000,11593,11594,11593,1
2019-12-10,16:30:47.499000,11593,11594,11593,1
2019-12-10,16:30:47.747000,11593,11594,11593,1
2019-12-10,16:30:47.791000,11593,11594,11593,1
2019-12-10,16:30:47.967000,11593,11594,11593,1
2019-12-10,16:30:48.020000,11593,11594,11593,1
2019-12-10,16:30:48.191000,11593,11594,11593,1
2019-12-10,16:30:48.424000,11593,11594,11593,1
2019-12-10,16:30:48.981000,11593,11594,11593,1
2019-12-10,16:30:49.195000,11593,11594,11593,1
2019-12-10,16:30:49.969000,11593,11594,11593,1
2019-12-10,16:30:50.288000,11592,11593,11593,1
2019-12-10,16:30:53.702000,11592,11594,11592,1
2019-12-10,16:30:55.774000,11592,11594,11593,1
2019-12-10,16:30:55.774000,11592,11594,11592,4
2019-12-10,16:30:56.052000,11592,11593,11593,6
2019-12-10,16:30:57.399000,11592,11594,11592,1
2019-12-10,16:30:58.829000,11593,11594,11594,1
2019-12-10,16:31:03.130000,11593,11594,11594,3
2019-12-10,16:31:03.595000,11593,11594,11593,2
2019-12-10,16:31:03.726000,11593,11594,11593,1
2019-12-10,16:31:04.380000,11593,11594,11593,7
2019-12-10,16:31:06.204000,11593,11594,11594,2
2019-12-10,16:31:06.394000,11593,11594,11593,3
2019-12-10,16:31:06.780000,11592,11593,11593,1
2019-12-10,16:31:08.565000,11592,11593,11593,1
2019-12-10,16:31:10.526000,11593,11594,11594,1
2019-12-10,16:31:10.559000,11593,11594,11593,1
2019-12-10,16:31:12.382000,11593,11594,11594,1
2019-12-10,16:31:16.379000,11593,11594,11593,2
2019-12-10,16:31:16.443000,11593,11594,11593,1
2019-12-10,16:31:16.848000,11592,11594,11593,1
2019-12-10,16:31:24.549000,11593,11594,11594,1
2019-12-10,16:31:26.794000,11593,11594,11593,5
2019-12-10,16:31:27.225000,11593,11594,11594,1
2019-12-10,16:31:31.212000,11593,11594,11593,2
2019-12-10,16:31:31.311000,11593,11594,11594,1
2019-12-10,16:31:32.390000,11593,11594,11594,25
2019-12-10,16:31:32.412000,11593,11594,11594,8
2019-12-10,16:31:33.704000,11594,11595,11594,2
2019-12-10,16:31:36.067000,11594,11595,11594,5
2019-12-10,16:31:36.082000,11594,11595,11594,1
2019-12-10,16:31:36.161000,11594,11595,11594,2
2019-12-10,16:31:37.677000,11594,11595,11594,2
2019-12-10,16:31:37.677000,11594,11595,11593,2
2019-12-10,16:31:39.122000,11593,11594,11593,1
2019-12-10,16:31:41.225000,11593,11594,11594,1
2019-12-10,16:31:41.922000,11593,11594,11593,2
2019-12-10,16:31:44.297000,11593,11594,11594,1
2019-12-10,16:31:45.679000,11593,11594,11593,2
2019-12-10,16:31:46.379000,11593,11594,11594,1
2019-12-10,16:31:47.341000,11593,11594,11594,2
2019-12-10,16:31:48.631000,11593,11594,11594,1
2019-12-10,16:31:50.159000,11593,11594,11594,1
2019-12-10,16:31:50.234000,11593,11594,11594,2
2019-12-10,16:31:51.557000,11593,11594,11593,1
2019-12-10,16:31:52.137000,11593,11594,11594,2
2019-12-10,16:31:52.705000,11593,11594,11594,2
2019-12-10,16:31:56.058000,11593,11594,11594,1
2019-12-10,16:31:58.148000,11593,11594,11593,5
2019-12-10,16:32:03.248000,11593,11594,11593,5
2019-12-10,16:32:03.286000,11593,11594,11593,2
2019-12-10,16:32:03.447000,11592,11594,11593,1
2019-12-10,16:32:03.455000,11592,11594,11592,1
2019-12-10,16:32:03.495000,11592,11594,11592,2
2019-12-10,16:32:03.687000,11592,11593,11592,4
2019-12-10,16:32:04.111000,11592,11593,11592,1
2019-12-10,16:32:06.017000,11592,11593,11593,1
2019-12-10,16:32:11.160000,11592,11593,11592,5
2019-12-10,16:32:12.673000,11592,11593,11593,1
2019-12-10,16:32:13.200000,11592,11593,11592,15
2019-12-10,16:32:13.309000,11591,11592,11591,1
2019-12-10,16:32:13.524000,11591,11592,11591,5
2019-12-10,16:32:14.798000,11591,11592,11591,4
2019-12-10,16:32:16.210000,11591,11592,11592,1
2019-12-10,16:32:16.400000,11591,11592,11591,1
2019-12-10,16:32:18.823000,11591,11592,11591,1
2019-12-10,16:32:20.076000,11591,11592,11591,1
2019-12-10,16:32:20.224000,11591,11592,11591,1
2019-12-10,16:32:20.585000,11591,11592,11591,3
2019-12-10,16:32:20.621000,11591,11592,11590,1
2019-12-10,16:32:20.692000,11590,11592,11590,1
2019-12-10,16:32:20.729000,11590,11592,11590,5
2019-12-10,16:32:20.739000,11590,11592,11592,1
2019-12-10,16:32:20.913000,11590,11591,11590,1
2019-12-10,16:32:20.997000,11590,11591,11590,5
2019-12-10,16:32:21.255000,11590,11591,11590,4
2019-12-10,16:32:21.485000,11590,11591,11591,10
2019-12-10,16:32:21.566000,11590,11591,11590,1
2019-12-10,16:32:21.674000,11590,11591,11590,3
2019-12-10,16:32:21.717000,11590,11591,11590,2
2019-12-10,16:32:21.804000,11590,11591,11590,1
2019-12-10,16:32:23.629000,11590,11591,11590,1
2019-12-10,16:32:26.037000,11590,11591,11590,1
2019-12-10,16:32:26.519000,11590,11591,11590,1
2019-12-10,16:32:26.857000,11590,11591,11590,5
2019-12-10,16:32:27.107000,11590,11591,11590,2
2019-12-10,16:32:27.758000,11590,11591,11590,6
2019-12-10,16:32:27.786000,11590,11591,11590,3
2019-12-10,16:32:27.786000,11590,11591,11590,4
2019-12-10,16:32:27.786000,11590,11591,11590,2
2019-12-10,16:32:27.786000,11590,11591,11590,2
2019-12-10,16:32:28.120000,11589,11590,11589,5
2019-12-10,16:32:28.483000,11589,11590,11589,1
2019-12-10,16:32:28.556000,11589,11590,11589,1
2019-12-10,16:32:28.908000,11589,11590,11589,5
2019-12-10,16:32:29.374000,11589,11590,11589,9
2019-12-10,16:32:32.947000,11589,11590,11589,1
2019-12-10,16:32:33.312000,11589,11590,11590,1
2019-12-10,16:32:33.911000,11589,11590,11590,1
2019-12-10,16:32:33.922000,11589,11590,11589,3
2019-12-10,16:32:34.035000,11589,11590,11590,3
2019-12-10,16:32:34.629000,11588,11589,11588,5
2019-12-10,16:32:35.465000,11588,11589,11588,1
2019-12-10,16:32:35.604000,11588,11589,11588,2
2019-12-10,16:32:35.735000,11588,11589,11589,1
2019-12-10,16:32:35.970000,11588,11589,11588,1
2019-12-10,16:32:37.499000,11588,11589,11589,5
2019-12-10,16:32:38.380000,11588,11589,11588,6
2019-12-10,16:32:38.708000,11588,11589,11588,1
2019-12-10,16:32:38.877000,11588,11589,11589,1
2019-12-10,16:32:39.386000,11588,11589,11588,6
2019-12-10,16:32:39.406000,11588,11589,11588,1
2019-12-10,16:32:41.411000,11588,11589,11589,1
2019-12-10,16:32:41.945000,11588,11589,11588,2
2019-12-10,16:32:41.952000,11588,11589,11588,5
2019-12-10,16:32:42.049000,11587,11588,11587,2
2019-12-10,16:32:42.194000,11587,11588,11587,5
2019-12-10,16:32:42.254000,11587,11588,11587,5
2019-12-10,16:32:42.347000,11587,11588,11587,1
2019-12-10,16:32:42.630000,11586,11588,11586,1
2019-12-10,16:32:42.682000,11586,11588,11588,1
2019-12-10,16:32:43.232000,11586,11588,11586,7
2019-12-10,16:32:43.263000,11586,11588,11586,1
2019-12-10,16:32:43.671000,11586,11588,11588,1
2019-12-10,16:32:43.695000,11586,11588,11586,7
2019-12-10,16:32:43.927000,11586,11588,11586,7
2019-12-10,16:32:44.215000,11586,11587,11586,6
2019-12-10,16:32:44.639000,11586,11587,11586,1
2019-12-10,16:32:44.733000,11586,11587,11587,1
2019-12-10,16:32:45.047000,11586,11587,11587,1
2019-12-10,16:32:46.375000,11586,11587,11587,1
2019-12-10,16:32:46.824000,11586,11587,11587,2
2019-12-10,16:32:47.083000,11586,11587,11586,5
2019-12-10,16:32:47.171000,11586,11587,11586,1
2019-12-10,16:32:47.268000,11586,11587,11586,1
2019-12-10,16:32:47.410000,11586,11587,11586,2
2019-12-10,16:32:47.873000,11586,11587,11586,2
2019-12-10,16:32:48.504000,11586,11587,11586,20
2019-12-10,16:32:49.703000,11586,11587,11587,1
2019-12-10,16:32:49.947000,11586,11587,11586,2
2019-12-10,16:32:50.222000,11586,11587,11587,1
2019-12-10,16:32:50.807000,11586,11587,11586,2
2019-12-10,16:32:51.546000,11586,11587,11587,1
2019-12-10,16:32:53.090000,11586,11587,11586,1
2019-12-10,16:32:53.417000,11586,11587,11587,5
2019-12-10,16:32:54.571000,11586,11587,11587,2
2019-12-10,16:32:54.711000,11586,11587,11586,2
2019-12-10,16:32:54.968000,11586,11587,11587,1
2019-12-10,16:32:55.088000,11586,11587,11586,1
2019-12-10,16:32:56.065000,11586,11587,11587,1
2019-12-10,16:32:57.368000,11586,11587,11587,10
2019-12-10,16:32:58.088000,11586,11587,11587,2
2019-12-10,16:32:58.332000,11586,11587,11587,1
2019-12-10,16:32:58.638000,11586,11587,11587,2
2019-12-10,16:32:59.640000,11586,11587,11587,11
2019-12-10,16:33:00.036000,11587,11588,11588,12
2019-12-10,16:33:00.215000,11587,11589,11589,23
2019-12-10,16:33:00.215000,11587,11589,11590,2
2019-12-10,16:33:00.216000,11587,11589,11589,1
2019-12-10,16:33:00.413000,11589,11590,11589,1
2019-12-10,16:33:00.557000,11589,11590,11589,1
2019-12-10,16:33:01.042000,11589,11590,11590,1
2019-12-10,16:33:01.505000,11589,11590,11589,1
2019-12-10,16:33:01.731000,11589,11590,11589,2
2019-12-10,16:33:02.153000,11589,11590,11590,1
2019-12-10,16:33:02.519000,11589,11590,11590,2
2019-12-10,16:33:04.593000,11589,11590,11590,2
2019-12-10,16:33:04.752000,11589,11590,11590,3
2019-12-10,16:33:05.093000,11589,11591,11591,1
2019-12-10,16:33:05.311000,11590,11591,11590,1
2019-12-10,16:33:05.891000,11590,11591,11590,1
2019-12-10,16:33:06.526000,11590,11591,11591,1
2019-12-10,16:33:07.734000,11590,11591,11590,1
2019-12-10,16:33:08.578000,11589,11590,11590,2
2019-12-10,16:33:09.114000,11589,11590,11590,1
2019-12-10,16:33:09.181000,11589,11590,11590,1
2019-12-10,16:33:09.529000,11589,11590,11590,1
2019-12-10,16:33:10.227000,11589,11590,11590,1
2019-12-10,16:33:11.532000,11589,11590,11589,7
2019-12-10,16:33:11.532000,11589,11590,11588,3
2019-12-10,16:33:11.536000,11588,11589,11589,2
2019-12-10,16:33:11.536000,11588,11589,11589,1
2019-12-10,16:33:12.616000,11588,11589,11589,1
2019-12-10,16:33:13.983000,11588,11589,11589,1
2019-12-10,16:33:14.907000,11588,11590,11588,1
2019-12-10,16:33:16.880000,11588,11590,11588,1
2019-12-10,16:33:17.011000,11588,11590,11588,1
2019-12-10,16:33:22.832000,11588,11589,11588,3
2019-12-10,16:33:23.456000,11587,11588,11587,1
2019-12-10,16:33:23.986000,11587,11588,11588,1
2019-12-10,16:33:24.189000,11587,11588,11588,1
2019-12-10,16:33:26.075000,11587,11588,11587,7
2019-12-10,16:33:26.319000,11587,11588,11588,1
2019-12-10,16:33:27.485000,11587,11588,11588,1
2019-12-10,16:33:28.374000,11587,11588,11587,3
2019-12-10,16:33:29.544000,11587,11588,11588,1
2019-12-10,16:33:30.906000,11587,11588,11588,2
2019-12-10,16:33:31.459000,11587,11588,11587,1
2019-12-10,16:33:34.722000,11587,11588,11587,9
2019-12-10,16:33:35.424000,11586,11587,11586,3
2019-12-10,16:33:36.202000,11586,11587,11586,2
2019-12-10,16:33:37.836000,11586,11587,11586,1
2019-12-10,16:33:38.142000,11586,11587,11587,5
2019-12-10,16:33:38.345000,11586,11587,11587,1
2019-12-10,16:33:39.171000,11586,11587,11586,1
2019-12-10,16:33:39.440000,11586,11587,11587,1
2019-12-10,16:33:40.954000,11586,11587,11587,6
2019-12-10,16:33:41.418000,11587,11588,11587,2
2019-12-10,16:33:42.138000,11587,11588,11588,2
2019-12-10,16:33:43.619000,11587,11588,11587,1
2019-12-10,16:33:44.379000,11587,11588,11588,24
2019-12-10,16:33:44.412000,11588,11589,11589,3
2019-12-10,16:33:44.680000,11588,11589,11588,2
2019-12-10,16:33:45.309000,11588,11589,11588,2
2019-12-10,16:33:47.619000,11587,11589,11587,20
2019-12-10,16:33:47.940000,11587,11588,11587,1
2019-12-10,16:33:50.424000,11587,11588,11587,1
2019-12-10,16:33:50.478000,11587,11588,11587,1
2019-12-10,16:33:51.868000,11587,11588,11588,2
2019-12-10,16:33:51.900000,11587,11588,11587,1
2019-12-10,16:33:51.977000,11587,11588,11587,1
2019-12-10,16:33:54.655000,11587,11588,11588,1
2019-12-10,16:33:55.131000,11587,11588,11588,1
2019-12-10,16:33:55.903000,11587,11588,11588,2
2019-12-10,16:33:56.065000,11587,11588,11588,1
2019-12-10,16:33:56.295000,11587,11588,11588,8
2019-12-10,16:33:56.404000,11587,11588,11587,3
2019-12-10,16:33:56.858000,11588,11589,11588,2
2019-12-10,16:34:00.764000,11588,11589,11588,12
2019-12-10,16:34:00.764000,11588,11589,11588,1
2019-12-10,16:34:00.787000,11587,11588,11588,2
2019-12-10,16:34:00.788000,11587,11588,11588,1
2019-12-10,16:34:00.852000,11587,11588,11588,3
2019-12-10,16:34:01.926000,11588,11589,11588,1
2019-12-10,16:34:02.456000,11588,11589,11588,5
2019-12-10,16:34:02.471000,11588,11589,11588,1
2019-12-10,16:34:02.471000,11588,11589,11587,1
2019-12-10,16:34:05.076000,11587,11588,11588,1
2019-12-10,16:34:05.905000,11588,11589,11588,1
2019-12-10,16:34:08.530000,11588,11589,11589,1
2019-12-10,16:34:08.687000,11588,11589,11588,1
2019-12-10,16:34:08.753000,11588,11589,11589,15
2019-12-10,16:34:08.865000,11588,11590,11590,2
2019-12-10,16:34:08.913000,11589,11590,11590,1
2019-12-10,16:34:09.005000,11589,11590,11589,1
2019-12-10,16:34:09.012000,11589,11590,11589,1
2019-12-10,16:34:09.324000,11589,11590,11589,1
2019-12-10,16:34:09.717000,11589,11590,11589,1
2019-12-10,16:34:15.199000,11588,11589,11589,1
2019-12-10,16:34:16.286000,11588,11589,11589,1
2019-12-10,16:34:16.388000,11588,11589,11589,1
2019-12-10,16:34:16.411000,11588,11589,11589,1
2019-12-10,16:34:16.536000,11588,11589,11589,3
2019-12-10,16:34:16.661000,11588,11589,11589,3
2019-12-10,16:34:18.207000,11588,11589,11589,1
2019-12-10,16:34:20.270000,11588,11589,11589,1
2019-12-10,16:34:31.955000,11588,11589,11588,2
2019-12-10,16:34:32.217000,11588,11589,11589,2
2019-12-10,16:34:32.898000,11588,11589,11589,1
2019-12-10,16:34:33.646000,11588,11589,11589,1
2019-12-10,16:34:36.572000,11588,11589,11589,1
2019-12-10,16:34:38.123000,11588,11589,11589,2
2019-12-10,16:34:38.172000,11588,11589,11589,1
2019-12-10,16:34:39.338000,11588,11589,11589,1
2019-12-10,16:34:39.532000,11588,11589,11589,5
2019-12-10,16:34:39.532000,11588,11589,11589,1
2019-12-10,16:34:41.342000,11589,11590,11589,1
2019-12-10,16:34:45.549000,11589,11590,11589,1
