2019-08-27 15:00:00.014,10365,10366,10365,43
2019-08-27 15:00:00.607,10364,10365,10364,9
2019-08-27 15:00:01.073,10364,10365,10364,2
2019-08-27 15:00:01.083,10364,10365,10364,1
2019-08-27 15:00:01.104,10364,10365,10364,1
2019-08-27 15:00:01.737,10363,10364,10364,3
2019-08-27 15:00:02.114,10363,10364,10364,1
2019-08-27 15:00:02.625,10363,10364,10364,1
2019-08-27 15:00:02.773,10363,10364,10364,4
2019-08-27 15:00:02.773,10363,10364,10365,10
2019-08-27 15:00:03.109,10363,10365,10365,3
2019-08-27 15:00:03.253,10363,10365,10365,3
2019-08-27 15:00:03.420,10364,10365,10364,2
2019-08-27 15:00:03.731,10364,10365,10364,1
2019-08-27 15:00:04.124,10364,10365,10364,2
2019-08-27 15:00:04.298,10364,10365,10364,2
2019-08-27 15:00:04.812,10364,10365,10365,2
2019-08-27 15:00:04.938,10364,10365,10365,1
2019-08-27 15:00:04.995,10364,10365,10364,1
2019-08-27 15:00:05.936,10363,10364,10364,1
2019-08-27 15:00:06.109,10363,10364,10364,1
2019-08-27 15:00:06.700,10363,10364,10364,1
2019-08-27 15:00:07.038,10363,10364,10363,1
2019-08-27 15:00:08.623,10363,10364,10363,1
2019-08-27 15:00:10.264,10363,10364,10363,1
2019-08-27 15:00:10.707,10363,10364,10363,4
2019-08-27 15:00:11.016,10363,10364,10363,1
2019-08-27 15:00:11.038,10363,10364,10363,1
2019-08-27 15:00:11.279,10362,10363,10363,1
2019-08-27 15:00:11.345,10362,10363,10362,1
2019-08-27 15:00:12.381,10362,10363,10362,1
2019-08-27 15:00:12.984,10362,10363,10362,1
2019-08-27 15:00:13.615,10362,10363,10363,1
2019-08-27 15:00:14.107,10362,10363,10362,1
2019-08-27 15:00:18.427,10362,10363,10362,1
2019-08-27 15:00:19.989,10362,10363,10363,5
2019-08-27 15:00:20.288,10362,10363,10362,1
2019-08-27 15:00:22.591,10362,10363,10362,1
2019-08-27 15:00:23.777,10362,10363,10362,1
2019-08-27 15:00:24.993,10362,10363,10362,1
2019-08-27 15:00:25.574,10362,10363,10362,1
2019-08-27 15:00:25.623,10362,10363,10363,3
2019-08-27 15:00:27.003,10362,10363,10362,1
2019-08-27 15:00:27.122,10362,10363,10362,5
2019-08-27 15:00:27.700,10362,10363,10362,8
2019-08-27 15:00:27.842,10361,10363,10361,1
2019-08-27 15:00:29.684,10361,10362,10361,1
2019-08-27 15:00:30.453,10361,10362,10361,1
2019-08-27 15:00:32.431,10361,10362,10361,1
2019-08-27 15:00:34.190,10361,10362,10361,1
2019-08-27 15:00:34.297,10361,10362,10361,10
2019-08-27 15:00:34.392,10360,10362,10360,1
2019-08-27 15:00:34.392,10360,10362,10360,2
2019-08-27 15:00:35.802,10360,10361,10360,5
2019-08-27 15:00:36.046,10360,10361,10360,1
2019-08-27 15:00:37.390,10360,10361,10361,1
2019-08-27 15:00:38.597,10360,10361,10360,1
2019-08-27 15:00:39.106,10360,10361,10361,3
2019-08-27 15:00:39.586,10360,10361,10360,1
2019-08-27 15:00:42.619,10360,10361,10360,2
2019-08-27 15:00:42.840,10360,10361,10360,1
2019-08-27 15:00:44.186,10360,10361,10360,1
2019-08-27 15:00:44.792,10360,10361,10361,5
2019-08-27 15:00:45.138,10360,10361,10361,2
2019-08-27 15:00:45.140,10360,10361,10361,1
2019-08-27 15:00:45.163,10360,10361,10361,2
2019-08-27 15:00:46.977,10361,10362,10362,1
2019-08-27 15:00:47.381,10361,10362,10362,4
2019-08-27 15:00:48.614,10362,10363,10362,1
2019-08-27 15:00:49.603,10362,10363,10362,1
2019-08-27 15:00:49.727,10362,10363,10363,1
2019-08-27 15:00:50.334,10362,10363,10363,5
2019-08-27 15:00:51.439,10362,10363,10363,1
2019-08-27 15:00:52.689,10362,10363,10362,5
2019-08-27 15:00:56.732,10362,10363,10362,1
2019-08-27 15:00:57.762,10362,10363,10362,5
2019-08-27 15:00:58.034,10362,10363,10362,1
2019-08-27 15:00:59.212,10362,10363,10362,5
2019-08-27 15:01:04.821,10361,10362,10362,8
2019-08-27 15:01:04.821,10361,10362,10363,1
2019-08-27 15:01:07.413,10361,10362,10361,3
2019-08-27 15:01:11.867,10360,10361,10360,1
2019-08-27 15:01:13.240,10360,10361,10361,2
2019-08-27 15:01:13.516,10361,10362,10362,6
2019-08-27 15:01:13.529,10361,10362,10362,2
2019-08-27 15:01:13.642,10361,10362,10362,3
2019-08-27 15:01:14.134,10362,10363,10362,1
2019-08-27 15:01:14.576,10362,10363,10362,8
2019-08-27 15:01:16.717,10361,10362,10361,1
2019-08-27 15:01:16.890,10361,10362,10361,1
2019-08-27 15:01:21.696,10361,10362,10361,2
2019-08-27 15:01:24.569,10361,10362,10361,3
2019-08-27 15:01:26.569,10361,10362,10361,1
2019-08-27 15:01:27.424,10361,10362,10361,2
2019-08-27 15:01:29.027,10361,10362,10361,1
2019-08-27 15:01:33.474,10361,10362,10362,1
2019-08-27 15:01:34.187,10361,10362,10362,5
2019-08-27 15:01:35.650,10361,10362,10362,1
2019-08-27 15:01:40.942,10361,10362,10362,1
2019-08-27 15:01:41.166,10361,10362,10362,1
2019-08-27 15:01:43.896,10361,10362,10362,1
2019-08-27 15:01:45.766,10361,10362,10362,1
2019-08-27 15:01:47.572,10361,10362,10362,2
2019-08-27 15:01:51.491,10361,10362,10362,1
2019-08-27 15:01:53.457,10361,10362,10361,1
2019-08-27 15:01:54.266,10361,10362,10362,1
2019-08-27 15:01:56.509,10361,10362,10362,2
2019-08-27 15:02:00.024,10361,10362,10362,1
2019-08-27 15:02:01.710,10361,10362,10361,2
2019-08-27 15:02:01.720,10361,10362,10361,1
2019-08-27 15:02:01.751,10361,10362,10361,1
2019-08-27 15:02:01.766,10361,10362,10361,21
2019-08-27 15:02:01.766,10361,10362,10361,3
2019-08-27 15:02:02.016,10360,10361,10360,2
2019-08-27 15:02:02.018,10360,10361,10361,2
2019-08-27 15:02:03.238,10360,10361,10360,5
2019-08-27 15:02:03.863,10360,10361,10360,1
2019-08-27 15:02:04.304,10360,10361,10361,1
2019-08-27 15:02:04.474,10360,10361,10360,1
2019-08-27 15:02:12.720,10360,10361,10360,27
2019-08-27 15:02:13.034,10359,10360,10359,2
2019-08-27 15:02:13.142,10359,10360,10359,2
2019-08-27 15:02:13.327,10359,10360,10360,1
2019-08-27 15:02:14.879,10359,10360,10359,1
2019-08-27 15:02:16.038,10359,10360,10360,9
2019-08-27 15:02:16.767,10359,10360,10359,1
2019-08-27 15:02:17.407,10359,10360,10359,1
2019-08-27 15:02:19.655,10358,10359,10359,2
2019-08-27 15:02:21.401,10358,10359,10358,2
2019-08-27 15:02:21.401,10358,10359,10358,7
2019-08-27 15:02:21.517,10358,10359,10358,6
2019-08-27 15:02:22.153,10358,10359,10359,2
2019-08-27 15:02:22.256,10358,10359,10359,1
2019-08-27 15:02:23.166,10358,10359,10358,1
2019-08-27 15:02:23.568,10358,10359,10358,2
2019-08-27 15:02:25.432,10358,10359,10358,2
2019-08-27 15:02:26.226,10358,10359,10358,1
2019-08-27 15:02:27.684,10358,10359,10358,1
2019-08-27 15:02:27.898,10357,10359,10357,3
2019-08-27 15:02:27.914,10357,10359,10357,2
2019-08-27 15:02:28.420,10358,10359,10358,1
2019-08-27 15:02:29.137,10358,10359,10358,1
2019-08-27 15:02:29.446,10358,10359,10358,1
2019-08-27 15:02:30.535,10357,10358,10358,2
2019-08-27 15:02:31.813,10358,10359,10358,2
2019-08-27 15:02:32.521,10358,10359,10358,1
2019-08-27 15:02:33.196,10358,10359,10358,1
2019-08-27 15:02:34.436,10358,10359,10358,3
2019-08-27 15:02:34.808,10357,10358,10358,1
2019-08-27 15:02:35.507,10357,10358,10357,1
2019-08-27 15:02:35.877,10357,10358,10357,1
2019-08-27 15:02:39.390,10357,10358,10358,2
2019-08-27 15:02:42.723,10357,10358,10358,2
2019-08-27 15:02:42.786,10357,10358,10358,2
2019-08-27 15:02:42.916,10357,10358,10358,8
2019-08-27 15:02:44.416,10358,10359,10358,2
2019-08-27 15:02:45.296,10358,10359,10358,1
2019-08-27 15:02:46.241,10358,10359,10358,5
2019-08-27 15:02:47.356,10358,10359,10358,1
2019-08-27 15:02:47.367,10358,10359,10358,1
2019-08-27 15:02:49.284,10358,10359,10359,13
2019-08-27 15:02:51.564,10359,10360,10360,1
2019-08-27 15:02:57.971,10359,10360,10359,1
2019-08-27 15:03:01.336,10358,10359,10358,1
2019-08-27 15:03:05.522,10358,10360,10358,8
2019-08-27 15:03:06.455,10358,10359,10359,1
2019-08-27 15:03:08.397,10358,10359,10359,1
2019-08-27 15:03:11.409,10359,10360,10359,1
2019-08-27 15:03:11.812,10359,10360,10359,2
2019-08-27 15:03:18.591,10359,10360,10359,6
2019-08-27 15:03:18.597,10359,10360,10359,4
2019-08-27 15:03:18.633,10359,10360,10359,3
2019-08-27 15:03:18.981,10358,10359,10359,1
2019-08-27 15:03:19.632,10358,10359,10359,1
2019-08-27 15:03:22.370,10359,10360,10359,1
2019-08-27 15:03:23.698,10359,10360,10359,1
2019-08-27 15:03:23.766,10359,10360,10359,1
2019-08-27 15:03:26.298,10358,10359,10359,1
2019-08-27 15:03:26.764,10358,10359,10358,2
2019-08-27 15:03:26.766,10358,10359,10358,2
2019-08-27 15:03:26.766,10358,10359,10358,1
2019-08-27 15:03:26.766,10358,10359,10358,1
2019-08-27 15:03:26.767,10358,10359,10358,2
2019-08-27 15:03:26.806,10358,10359,10358,1
2019-08-27 15:03:27.021,10358,10359,10358,9
2019-08-27 15:03:32.053,10358,10359,10358,2
2019-08-27 15:03:32.710,10358,10359,10358,1
2019-08-27 15:03:33.141,10358,10359,10358,1
2019-08-27 15:03:36.021,10358,10359,10358,5
2019-08-27 15:03:37.222,10358,10359,10358,1
2019-08-27 15:03:37.750,10357,10358,10358,1
2019-08-27 15:03:37.897,10358,10359,10358,1
2019-08-27 15:03:41.690,10358,10359,10359,1
2019-08-27 15:03:42.742,10358,10359,10358,1
2019-08-27 15:03:43.274,10358,10359,10359,8
2019-08-27 15:03:43.307,10358,10359,10359,5
2019-08-27 15:03:43.558,10359,10360,10359,1
2019-08-27 15:03:46.655,10359,10360,10359,2
2019-08-27 15:03:47.282,10359,10360,10359,1
2019-08-27 15:03:50.076,10359,10360,10359,2
2019-08-27 15:03:50.793,10358,10359,10359,1
2019-08-27 15:03:50.793,10358,10359,10359,2
2019-08-27 15:03:52.724,10359,10360,10359,2
2019-08-27 15:03:58.374,10358,10359,10359,3
2019-08-27 15:03:58.617,10359,10360,10359,2
2019-08-27 15:04:01.207,10358,10359,10358,1
2019-08-27 15:04:01.208,10358,10359,10358,3
2019-08-27 15:04:01.208,10358,10359,10358,2
2019-08-27 15:04:03.907,10358,10359,10359,3
2019-08-27 15:04:05.813,10358,10359,10359,1
2019-08-27 15:04:06.782,10358,10359,10358,1
2019-08-27 15:04:16.329,10358,10359,10358,2
2019-08-27 15:04:20.672,10358,10359,10358,5
2019-08-27 15:04:22.113,10358,10359,10358,1
2019-08-27 15:04:24.772,10358,10359,10358,1
2019-08-27 15:04:25.937,10358,10359,10358,2
2019-08-27 15:04:30.075,10358,10359,10359,5
2019-08-27 15:04:32.159,10358,10359,10359,15
2019-08-27 15:04:34.171,10358,10359,10359,10
2019-08-27 15:04:34.479,10359,10360,10359,3
2019-08-27 15:04:34.522,10359,10360,10360,1
2019-08-27 15:04:37.033,10359,10360,10359,2
2019-08-27 15:04:39.138,10359,10360,10360,3
2019-08-27 15:04:41.257,10359,10360,10359,1
2019-08-27 15:04:42.381,10359,10360,10360,1
2019-08-27 15:04:43.160,10359,10360,10360,4
2019-08-27 15:04:46.139,10359,10360,10360,8
2019-08-27 15:04:48.682,10359,10360,10360,1
2019-08-27 15:04:49.601,10359,10360,10360,1
2019-08-27 15:04:51.245,10359,10360,10359,1
2019-08-27 15:04:51.287,10359,10360,10360,2
2019-08-27 15:04:51.392,10359,10360,10360,1
2019-08-27 15:04:51.922,10359,10360,10360,2
2019-08-27 15:04:55.448,10359,10360,10360,1
2019-08-27 15:04:59.997,10359,10360,10360,3
2019-08-27 15:05:00.694,10359,10360,10359,4
2019-08-27 15:05:04.646,10359,10360,10359,1
2019-08-27 15:05:06.426,10359,10360,10359,1
2019-08-27 15:05:10.575,10358,10360,10359,1
2019-08-27 15:05:12.440,10359,10360,10359,1
2019-08-27 15:05:19.098,10358,10360,10358,1
2019-08-27 15:05:19.786,10358,10359,10359,1
2019-08-27 15:05:25.025,10359,10360,10359,1
2019-08-27 15:05:25.583,10359,10360,10359,1
2019-08-27 15:05:26.701,10358,10360,10358,1
2019-08-27 15:05:35.028,10359,10360,10359,1
2019-08-27 15:05:36.330,10359,10360,10359,1
2019-08-27 15:05:39.704,10359,10360,10359,5
2019-08-27 15:05:42.548,10359,10360,10359,1
2019-08-27 15:05:44.593,10359,10360,10359,1
2019-08-27 15:05:54.312,10359,10360,10359,1
2019-08-27 15:06:09.851,10359,10360,10360,1
2019-08-27 15:06:14.002,10359,10360,10359,5
2019-08-27 15:06:16.248,10359,10360,10359,1
2019-08-27 15:06:18.741,10359,10360,10359,2
2019-08-27 15:06:24.478,10359,10360,10359,1
2019-08-27 15:06:30.892,10359,10360,10359,14
2019-08-27 15:06:37.355,10358,10359,10358,2
2019-08-27 15:06:37.391,10358,10359,10358,8
2019-08-27 15:06:37.517,10358,10359,10358,17
2019-08-27 15:06:42.382,10357,10358,10358,1
2019-08-27 15:06:43.302,10357,10358,10357,1
2019-08-27 15:06:43.320,10357,10358,10358,5
2019-08-27 15:06:47.408,10358,10359,10358,1
2019-08-27 15:06:53.214,10358,10359,10358,10
2019-08-27 15:07:03.390,10357,10358,10358,8
2019-08-27 15:07:03.746,10358,10359,10358,1
2019-08-27 15:07:04.197,10358,10359,10358,1
2019-08-27 15:07:05.661,10358,10359,10358,3
2019-08-27 15:07:09.614,10358,10359,10359,5
2019-08-27 15:07:09.619,10358,10359,10359,1
2019-08-27 15:07:09.620,10358,10359,10359,1
2019-08-27 15:07:09.620,10358,10359,10359,3
2019-08-27 15:07:09.750,10359,10360,10359,5
2019-08-27 15:07:11.699,10359,10360,10359,1
2019-08-27 15:07:11.731,10359,10360,10359,1
2019-08-27 15:07:20.299,10359,10360,10359,1
2019-08-27 15:07:25.088,10359,10360,10359,1
2019-08-27 15:07:35.328,10359,10360,10359,4
2019-08-27 15:07:42.337,10359,10360,10359,2
2019-08-27 15:07:44.676,10359,10360,10359,1
2019-08-27 15:07:44.895,10358,10359,10359,1
2019-08-27 15:07:50.338,10358,10359,10359,2
2019-08-27 15:07:52.530,10358,10359,10359,5
2019-08-27 15:07:57.475,10358,10359,10359,5
2019-08-27 15:07:57.507,10358,10359,10358,2
2019-08-27 15:07:57.516,10358,10359,10359,1
2019-08-27 15:07:58.938,10358,10359,10358,1
2019-08-27 15:08:00.534,10358,10359,10359,2
2019-08-27 15:08:03.322,10358,10359,10358,1
2019-08-27 15:08:12.280,10358,10360,10360,2
2019-08-27 15:08:26.024,10358,10359,10359,3
2019-08-27 15:08:27.447,10358,10359,10359,7
2019-08-27 15:08:35.395,10359,10360,10359,1
2019-08-27 15:08:48.876,10359,10360,10360,1
2019-08-27 15:08:57.640,10359,10360,10360,1
2019-08-27 15:09:06.549,10359,10360,10360,3
2019-08-27 15:09:32.526,10359,10360,10360,4
2019-08-27 15:09:35.683,10359,10360,10359,1
2019-08-27 15:09:41.246,10359,10360,10359,1
2019-08-27 15:09:43.284,10359,10360,10359,1
2019-08-27 15:09:45.418,10359,10360,10359,1
2019-08-27 15:09:46.181,10359,10360,10359,11
2019-08-27 15:09:46.181,10359,10360,10359,4
2019-08-27 15:09:48.074,10359,10360,10359,1
2019-08-27 15:09:48.164,10359,10360,10359,2
2019-08-27 15:09:50.807,10358,10360,10359,1
2019-08-27 15:09:56.259,10359,10360,10359,1
2019-08-27 15:09:57.818,10359,10360,10360,1
2019-08-27 15:09:57.903,10359,10360,10359,1
2019-08-27 15:09:58.268,10359,10360,10359,2
2019-08-27 15:10:03.206,10359,10360,10359,1
2019-08-27 15:10:08.711,10359,10360,10359,1
2019-08-27 15:10:08.712,10359,10360,10359,1
2019-08-27 15:10:08.712,10359,10360,10359,1
2019-08-27 15:10:13.870,10358,10359,10359,1
2019-08-27 15:10:16.072,10358,10359,10359,1
2019-08-27 15:10:19.007,10358,10359,10359,16
2019-08-27 15:10:19.007,10358,10359,10359,1
2019-08-27 15:10:19.007,10358,10359,10359,1
2019-08-27 15:10:19.008,10358,10359,10359,2
2019-08-27 15:10:32.896,10358,10359,10359,1
2019-08-27 15:10:37.387,10358,10359,10359,1
2019-08-27 15:10:42.094,10358,10359,10358,2
2019-08-27 15:10:52.002,10358,10359,10358,4
2019-08-27 15:10:54.214,10358,10359,10358,1
2019-08-27 15:11:00.600,10358,10359,10358,1
2019-08-27 15:11:06.118,10358,10359,10358,10
2019-08-27 15:11:06.143,10358,10359,10358,15
2019-08-27 15:11:09.053,10357,10358,10358,5
2019-08-27 15:11:14.814,10357,10358,10358,1
2019-08-27 15:11:16.519,10358,10359,10358,1
2019-08-27 15:11:18.685,10357,10358,10357,5
2019-08-27 15:11:18.685,10357,10358,10357,4
2019-08-27 15:11:18.685,10357,10358,10357,1
2019-08-27 15:11:18.685,10357,10358,10357,3
2019-08-27 15:11:18.685,10357,10358,10357,12
2019-08-27 15:11:18.767,10357,10358,10357,1
2019-08-27 15:11:18.767,10357,10358,10357,2
2019-08-27 15:11:18.767,10357,10358,10357,2
2019-08-27 15:11:18.768,10357,10358,10357,9
2019-08-27 15:11:21.528,10356,10357,10356,7
2019-08-27 15:11:21.528,10356,10357,10356,8
2019-08-27 15:11:21.528,10356,10357,10356,8
2019-08-27 15:11:21.528,10356,10357,10356,7
2019-08-27 15:11:21.528,10356,10357,10356,3
2019-08-27 15:11:21.642,10355,10356,10355,2
2019-08-27 15:11:21.681,10355,10356,10355,1
2019-08-27 15:11:21.766,10355,10356,10355,8
2019-08-27 15:11:21.772,10355,10356,10355,8
2019-08-27 15:11:21.880,10355,10356,10354,1
2019-08-27 15:11:21.982,10354,10356,10354,1
2019-08-27 15:11:24.243,10354,10356,10356,2
2019-08-27 15:11:24.766,10354,10355,10355,1
2019-08-27 15:11:26.898,10355,10356,10355,2
2019-08-27 15:11:29.052,10355,10356,10355,1
2019-08-27 15:11:29.079,10355,10356,10355,1
2019-08-27 15:11:30.148,10355,10356,10356,2
2019-08-27 15:11:30.148,10355,10356,10356,1
2019-08-27 15:11:30.150,10355,10356,10356,1
2019-08-27 15:11:30.168,10355,10356,10357,1
2019-08-27 15:11:30.522,10356,10357,10356,2
2019-08-27 15:11:33.772,10355,10356,10356,1
2019-08-27 15:11:34.880,10356,10357,10356,1
2019-08-27 15:11:34.880,10356,10357,10355,2
2019-08-27 15:11:37.243,10355,10356,10355,2
2019-08-27 15:11:44.185,10355,10356,10355,1
2019-08-27 15:11:45.335,10355,10356,10356,1
2019-08-27 15:11:46.771,10355,10356,10355,1
2019-08-27 15:11:59.819,10355,10356,10355,30
2019-08-27 15:12:02.613,10354,10355,10355,4
2019-08-27 15:12:03.125,10355,10356,10355,2
2019-08-27 15:12:03.131,10355,10356,10354,5
2019-08-27 15:12:03.134,10355,10356,10354,5
2019-08-27 15:12:03.136,10355,10356,10354,5
2019-08-27 15:12:03.160,10354,10356,10354,5
2019-08-27 15:12:03.248,10354,10356,10354,13
2019-08-27 15:12:03.248,10354,10356,10353,5
2019-08-27 15:12:03.373,10354,10355,10354,1
2019-08-27 15:12:03.630,10354,10355,10354,2
2019-08-27 15:12:04.676,10354,10355,10355,1
2019-08-27 15:12:04.917,10355,10356,10355,2
2019-08-27 15:12:05.328,10354,10355,10355,2
2019-08-27 15:12:07.810,10355,10356,10356,14
2019-08-27 15:12:07.891,10355,10356,10356,3
2019-08-27 15:12:11.314,10355,10356,10355,27
2019-08-27 15:12:11.314,10355,10356,10355,2
2019-08-27 15:12:11.315,10355,10356,10355,1
2019-08-27 15:12:13.539,10355,10356,10356,1
2019-08-27 15:12:17.990,10355,10357,10355,2
2019-08-27 15:12:18.229,10355,10357,10355,1
2019-08-27 15:12:21.362,10355,10356,10355,1
2019-08-27 15:12:34.094,10355,10356,10355,2
2019-08-27 15:12:34.095,10355,10356,10355,3
2019-08-27 15:12:42.303,10355,10356,10355,1
2019-08-27 15:12:47.091,10355,10356,10355,1
2019-08-27 15:12:50.711,10355,10356,10355,1
2019-08-27 15:12:50.711,10355,10356,10354,2
2019-08-27 15:12:51.884,10354,10355,10355,1
2019-08-27 15:13:07.452,10354,10355,10354,4
2019-08-27 15:13:07.452,10354,10355,10354,2
2019-08-27 15:13:07.452,10354,10355,10354,2
2019-08-27 15:13:07.469,10354,10355,10355,1
2019-08-27 15:13:10.352,10354,10355,10354,1
2019-08-27 15:13:10.608,10354,10355,10354,1
2019-08-27 15:13:10.608,10354,10355,10354,2
2019-08-27 15:13:10.608,10354,10355,10354,1
2019-08-27 15:13:10.609,10354,10355,10354,1
2019-08-27 15:13:10.869,10353,10355,10354,1
2019-08-27 15:13:11.797,10354,10355,10355,1
2019-08-27 15:13:12.018,10354,10355,10354,1
2019-08-27 15:13:21.216,10354,10355,10355,1
2019-08-27 15:13:31.225,10354,10355,10355,1
2019-08-27 15:13:33.740,10354,10355,10355,4
2019-08-27 15:13:36.840,10354,10355,10354,20
2019-08-27 15:13:43.584,10354,10355,10354,1
2019-08-27 15:13:44.804,10354,10355,10354,1
2019-08-27 15:13:44.923,10354,10355,10355,2
2019-08-27 15:13:45.114,10354,10355,10354,1
2019-08-27 15:13:45.347,10354,10355,10354,1
2019-08-27 15:13:46.026,10354,10355,10354,1
2019-08-27 15:13:47.394,10354,10355,10354,1
2019-08-27 15:13:47.992,10354,10355,10354,1
2019-08-27 15:13:52.779,10354,10355,10354,1
2019-08-27 15:13:52.779,10354,10355,10354,1
2019-08-27 15:13:52.779,10354,10355,10354,1
2019-08-27 15:13:53.041,10353,10354,10354,2
2019-08-27 15:13:53.099,10353,10354,10353,2
2019-08-27 15:13:53.099,10353,10354,10353,3
2019-08-27 15:13:53.099,10353,10354,10353,3
2019-08-27 15:13:53.099,10353,10354,10353,1
2019-08-27 15:13:53.100,10353,10354,10353,1
2019-08-27 15:13:53.100,10353,10354,10353,1
2019-08-27 15:13:53.100,10353,10354,10353,3
2019-08-27 15:13:53.100,10353,10354,10353,2
2019-08-27 15:13:53.100,10353,10354,10353,6
2019-08-27 15:13:53.101,10353,10354,10353,13
2019-08-27 15:13:53.115,10353,10354,10353,7
2019-08-27 15:13:53.301,10352,10353,10353,2
2019-08-27 15:13:53.374,10352,10353,10352,2
2019-08-27 15:13:53.807,10352,10353,10352,1
2019-08-27 15:13:54.117,10352,10353,10353,2
2019-08-27 15:13:54.117,10352,10353,10353,3
2019-08-27 15:13:54.510,10353,10354,10354,3
2019-08-27 15:13:54.511,10353,10354,10354,3
2019-08-27 15:13:54.516,10353,10354,10354,1
2019-08-27 15:13:54.516,10353,10354,10354,3
2019-08-27 15:13:55.253,10354,10355,10355,4
2019-08-27 15:13:55.253,10354,10355,10355,2
2019-08-27 15:13:56.204,10354,10355,10354,1
2019-08-27 15:13:56.204,10354,10355,10353,2
2019-08-27 15:13:57.036,10354,10355,10354,1
2019-08-27 15:13:57.476,10354,10355,10354,1
2019-08-27 15:13:57.792,10354,10355,10354,2
2019-08-27 15:13:58.195,10354,10355,10354,2
2019-08-27 15:13:58.452,10353,10354,10354,1
2019-08-27 15:13:59.374,10354,10355,10354,1
2019-08-27 15:13:59.632,10353,10354,10354,2
2019-08-27 15:14:00.493,10353,10354,10353,2
2019-08-27 15:14:02.192,10353,10354,10353,1
2019-08-27 15:14:02.201,10353,10354,10353,1
2019-08-27 15:14:02.202,10353,10354,10353,1
2019-08-27 15:14:02.202,10353,10354,10353,1
2019-08-27 15:14:02.977,10352,10353,10353,2
2019-08-27 15:14:02.991,10352,10353,10353,2
2019-08-27 15:14:02.993,10352,10353,10353,1
2019-08-27 15:14:02.993,10352,10353,10353,1
2019-08-27 15:14:05.709,10353,10354,10353,1
2019-08-27 15:14:07.475,10353,10354,10353,1
2019-08-27 15:14:11.429,10353,10354,10353,2
2019-08-27 15:14:12.828,10353,10354,10353,5
2019-08-27 15:14:13.285,10353,10354,10353,3
2019-08-27 15:14:14.892,10353,10354,10354,21
2019-08-27 15:14:16.783,10354,10355,10354,1
2019-08-27 15:14:17.078,10354,10355,10354,1
2019-08-27 15:14:18.158,10354,10355,10355,24
2019-08-27 15:14:24.284,10354,10355,10354,2
2019-08-27 15:14:26.216,10354,10355,10355,1
2019-08-27 15:14:29.505,10354,10355,10355,1
2019-08-27 15:14:31.666,10354,10355,10355,1
2019-08-27 15:14:40.865,10354,10355,10354,3
2019-08-27 15:14:43.508,10353,10354,10354,2
2019-08-27 15:14:48.595,10354,10355,10354,1
2019-08-27 15:14:49.480,10354,10355,10355,1
2019-08-27 15:14:51.764,10354,10355,10354,2
2019-08-27 15:14:54.732,10354,10355,10355,1
2019-08-27 15:14:55.003,10354,10355,10354,1
2019-08-27 15:14:57.576,10354,10355,10354,1
2019-08-27 15:15:02.344,10354,10355,10354,1
2019-08-27 15:15:02.856,10354,10355,10354,1
2019-08-27 15:15:03.095,10354,10355,10354,18
2019-08-27 15:15:03.406,10354,10355,10354,4
2019-08-27 15:15:03.482,10354,10355,10354,1
2019-08-27 15:15:03.687,10354,10355,10354,3
2019-08-27 15:15:03.700,10354,10355,10354,1
2019-08-27 15:15:08.066,10353,10354,10354,1
2019-08-27 15:15:09.428,10353,10354,10354,2
2019-08-27 15:15:16.310,10353,10354,10354,1
2019-08-27 15:15:17.681,10353,10354,10354,2
2019-08-27 15:15:17.682,10353,10354,10354,1
2019-08-27 15:15:17.707,10353,10354,10353,1
2019-08-27 15:15:17.720,10353,10354,10353,1
2019-08-27 15:15:17.750,10353,10354,10353,1
2019-08-27 15:15:17.764,10353,10354,10353,1
2019-08-27 15:15:24.482,10353,10354,10353,1
2019-08-27 15:15:27.280,10353,10354,10354,1
2019-08-27 15:15:28.716,10353,10354,10354,4
2019-08-27 15:15:30.002,10353,10354,10353,3
2019-08-27 15:15:30.658,10353,10354,10354,1
2019-08-27 15:15:33.328,10353,10354,10353,1
2019-08-27 15:15:33.419,10353,10354,10354,3
2019-08-27 15:15:34.406,10354,10355,10354,7
2019-08-27 15:15:34.406,10354,10355,10353,3
2019-08-27 15:15:38.141,10354,10355,10354,3
2019-08-27 15:15:38.577,10354,10355,10354,1
2019-08-27 15:15:39.789,10354,10355,10354,1
2019-08-27 15:15:42.470,10354,10355,10355,3
2019-08-27 15:15:42.470,10354,10355,10355,3
2019-08-27 15:15:42.516,10354,10355,10355,14
2019-08-27 15:15:42.517,10354,10355,10355,11
2019-08-27 15:15:45.273,10355,10356,10355,1
2019-08-27 15:15:48.412,10355,10356,10355,1
2019-08-27 15:15:49.999,10355,10356,10356,1
2019-08-27 15:15:52.466,10355,10356,10355,5
2019-08-27 15:15:54.974,10355,10356,10355,1
2019-08-27 15:15:58.201,10355,10356,10355,1
2019-08-27 15:15:58.896,10355,10356,10356,5
2019-08-27 15:15:59.076,10355,10356,10356,1
2019-08-27 15:16:00.869,10356,10357,10356,1
2019-08-27 15:16:03.333,10355,10356,10355,5
2019-08-27 15:16:04.600,10355,10356,10356,1
2019-08-27 15:16:07.703,10355,10356,10355,10
2019-08-27 15:16:08.300,10355,10356,10356,1
2019-08-27 15:16:12.087,10355,10356,10355,2
2019-08-27 15:16:16.415,10355,10356,10355,1
2019-08-27 15:16:17.295,10355,10356,10355,1
2019-08-27 15:16:17.889,10355,10356,10355,2
2019-08-27 15:16:23.086,10354,10355,10354,7
2019-08-27 15:16:23.879,10353,10354,10354,1
2019-08-27 15:16:24.052,10353,10354,10354,1
2019-08-27 15:16:25.811,10353,10354,10353,11
2019-08-27 15:16:31.260,10353,10354,10353,1
2019-08-27 15:16:37.156,10353,10354,10353,1
2019-08-27 15:16:42.894,10353,10354,10354,1
2019-08-27 15:16:50.712,10353,10354,10353,1
2019-08-27 15:16:51.006,10353,10354,10353,2
2019-08-27 15:16:52.806,10353,10354,10354,1
2019-08-27 15:16:57.878,10354,10355,10354,1
2019-08-27 15:17:01.213,10353,10355,10353,2
2019-08-27 15:17:01.572,10353,10354,10354,1
2019-08-27 15:17:11.780,10353,10354,10353,1
2019-08-27 15:17:22.149,10353,10354,10354,1
2019-08-27 15:17:22.150,10353,10354,10354,2
2019-08-27 15:17:22.159,10353,10354,10353,1
2019-08-27 15:17:28.599,10353,10354,10353,4
2019-08-27 15:17:28.599,10353,10354,10353,2
2019-08-27 15:17:29.418,10353,10354,10353,1
2019-08-27 15:17:29.869,10352,10353,10353,1
2019-08-27 15:17:39.751,10352,10353,10353,1
2019-08-27 15:17:41.765,10352,10353,10353,2
2019-08-27 15:17:41.879,10352,10353,10353,1
2019-08-27 15:17:43.365,10352,10353,10353,2
2019-08-27 15:17:58.346,10352,10353,10352,18
2019-08-27 15:18:01.286,10352,10353,10353,1
2019-08-27 15:18:01.517,10352,10353,10352,1
2019-08-27 15:18:02.040,10352,10353,10352,11
2019-08-27 15:18:02.040,10352,10353,10351,7
2019-08-27 15:18:02.248,10351,10353,10351,1
2019-08-27 15:18:02.872,10351,10352,10352,1
2019-08-27 15:18:03.597,10351,10353,10351,1
2019-08-27 15:18:04.261,10351,10353,10351,1
2019-08-27 15:18:04.270,10351,10353,10351,1
2019-08-27 15:18:04.277,10351,10353,10351,1
2019-08-27 15:18:04.292,10351,10353,10351,1
2019-08-27 15:18:04.323,10351,10353,10351,1
2019-08-27 15:18:06.747,10352,10353,10353,1
2019-08-27 15:18:08.796,10352,10353,10352,2
2019-08-27 15:18:09.094,10352,10353,10352,10
2019-08-27 15:18:15.854,10352,10353,10352,2
2019-08-27 15:18:18.209,10352,10353,10352,3
2019-08-27 15:18:19.986,10351,10352,10352,3
2019-08-27 15:18:21.313,10351,10352,10351,2
2019-08-27 15:18:22.042,10351,10352,10352,2
2019-08-27 15:18:22.575,10351,10352,10352,1
2019-08-27 15:18:24.881,10351,10352,10352,1
2019-08-27 15:18:25.021,10351,10352,10352,1
2019-08-27 15:18:30.406,10351,10352,10352,14
2019-08-27 15:18:33.039,10352,10353,10352,1
2019-08-27 15:18:33.460,10352,10353,10352,2
2019-08-27 15:18:33.598,10352,10353,10352,1
2019-08-27 15:18:36.837,10352,10353,10352,5
2019-08-27 15:18:39.640,10352,10353,10352,2
2019-08-27 15:18:39.837,10352,10353,10353,1
2019-08-27 15:18:42.221,10352,10353,10353,16
2019-08-27 15:18:42.316,10352,10354,10352,5
2019-08-27 15:18:54.898,10352,10353,10353,5
2019-08-27 15:19:03.597,10352,10353,10353,1
2019-08-27 15:19:10.190,10352,10353,10352,3
2019-08-27 15:19:11.400,10352,10353,10352,2
2019-08-27 15:19:11.400,10352,10353,10352,4
2019-08-27 15:19:11.400,10352,10353,10352,3
2019-08-27 15:19:11.401,10352,10353,10352,7
2019-08-27 15:19:13.854,10352,10353,10352,1
2019-08-27 15:19:17.070,10351,10352,10352,1
2019-08-27 15:19:17.889,10351,10352,10351,2
2019-08-27 15:19:19.025,10351,10352,10352,1
2019-08-27 15:19:24.402,10351,10352,10352,4
2019-08-27 15:19:28.494,10351,10352,10352,1
2019-08-27 15:19:37.408,10351,10352,10352,1
2019-08-27 15:19:41.804,10351,10352,10352,2
2019-08-27 15:19:43.624,10351,10353,10351,1
2019-08-27 15:19:51.713,10351,10352,10352,5
2019-08-27 15:19:53.786,10351,10352,10352,2
2019-08-27 15:19:55.340,10351,10352,10351,1
2019-08-27 15:19:55.341,10351,10352,10351,1
2019-08-27 15:19:55.391,10351,10352,10351,13
2019-08-27 15:19:55.416,10351,10352,10351,28
2019-08-27 15:19:56.338,10350,10351,10350,2
2019-08-27 15:19:56.347,10350,10351,10350,2
2019-08-27 15:19:56.391,10350,10351,10350,1
2019-08-27 15:19:56.391,10350,10351,10350,13
2019-08-27 15:19:56.391,10350,10351,10350,5
2019-08-27 15:19:56.392,10350,10351,10350,1
2019-08-27 15:19:56.392,10350,10351,10350,1
2019-08-27 15:19:56.396,10350,10351,10350,1
2019-08-27 15:19:56.470,10350,10351,10351,1
2019-08-27 15:20:00.517,10350,10351,10350,17
2019-08-27 15:20:01.130,10349,10350,10349,1
2019-08-27 15:20:01.284,10349,10350,10349,1
2019-08-27 15:20:02.920,10349,10350,10350,1
2019-08-27 15:20:10.247,10349,10350,10350,1
2019-08-27 15:20:13.176,10349,10350,10349,5
2019-08-27 15:20:13.403,10349,10350,10350,1
2019-08-27 15:20:14.843,10349,10350,10350,1
2019-08-27 15:20:14.850,10349,10350,10350,1
2019-08-27 15:20:14.850,10349,10350,10350,2
2019-08-27 15:20:14.850,10349,10350,10350,7
2019-08-27 15:20:18.787,10350,10351,10350,2
2019-08-27 15:20:22.636,10350,10351,10351,3
2019-08-27 15:20:23.889,10351,10352,10351,2
2019-08-27 15:20:25.342,10351,10352,10351,1
2019-08-27 15:20:29.789,10351,10352,10351,1
2019-08-27 15:20:30.825,10351,10352,10351,1
2019-08-27 15:20:31.979,10350,10352,10350,1
2019-08-27 15:20:39.231,10350,10351,10351,2
2019-08-27 15:20:39.235,10350,10351,10351,1
2019-08-27 15:20:45.247,10350,10351,10351,1
2019-08-27 15:20:45.317,10350,10351,10351,1
2019-08-27 15:20:47.172,10350,10351,10351,1
2019-08-27 15:20:49.336,10351,10352,10351,1
2019-08-27 15:20:50.844,10351,10352,10351,2
2019-08-27 15:21:06.645,10351,10352,10351,3
2019-08-27 15:21:06.851,10351,10352,10351,1
2019-08-27 15:21:07.245,10351,10352,10351,1
2019-08-27 15:21:09.448,10351,10352,10352,1
2019-08-27 15:21:18.959,10351,10352,10352,2
2019-08-27 15:21:20.926,10351,10352,10351,1
2019-08-27 15:21:22.232,10351,10352,10352,5
2019-08-27 15:21:22.735,10351,10352,10351,1
2019-08-27 15:21:23.474,10351,10352,10351,7
2019-08-27 15:21:28.717,10350,10351,10350,5
2019-08-27 15:21:28.766,10350,10351,10350,3
2019-08-27 15:21:29.379,10350,10351,10351,1
2019-08-27 15:21:32.910,10350,10351,10350,2
2019-08-27 15:21:34.210,10350,10351,10350,1
2019-08-27 15:21:42.093,10350,10351,10350,1
2019-08-27 15:21:47.596,10350,10351,10350,1
2019-08-27 15:21:48.156,10350,10351,10350,1
2019-08-27 15:21:50.679,10350,10351,10351,8
2019-08-27 15:21:51.994,10350,10351,10351,4
2019-08-27 15:21:56.573,10350,10352,10350,1
2019-08-27 15:22:02.984,10350,10352,10350,1
2019-08-27 15:22:07.369,10351,10352,10351,1
2019-08-27 15:22:11.965,10350,10351,10350,1
2019-08-27 15:22:14.754,10350,10351,10351,1
2019-08-27 15:22:19.356,10350,10351,10351,1
2019-08-27 15:22:19.729,10350,10352,10351,1
2019-08-27 15:22:19.766,10350,10351,10351,1
2019-08-27 15:22:31.359,10350,10351,10351,3
2019-08-27 15:22:32.295,10350,10351,10351,4
2019-08-27 15:22:32.295,10350,10351,10351,1
2019-08-27 15:22:32.296,10350,10351,10351,2
2019-08-27 15:22:32.296,10350,10351,10351,1
2019-08-27 15:22:32.614,10351,10352,10351,2
2019-08-27 15:22:32.615,10351,10352,10351,1
2019-08-27 15:22:32.615,10351,10352,10351,1
2019-08-27 15:22:34.972,10350,10351,10351,1
2019-08-27 15:22:42.553,10350,10351,10351,1
2019-08-27 15:22:46.477,10350,10351,10351,1
2019-08-27 15:23:04.658,10351,10352,10351,3
2019-08-27 15:23:05.363,10351,10352,10352,1
2019-08-27 15:23:10.577,10351,10352,10352,19
2019-08-27 15:23:10.641,10351,10352,10352,1
2019-08-27 15:23:11.386,10352,10353,10352,1
2019-08-27 15:23:14.282,10352,10353,10352,2
2019-08-27 15:23:21.730,10352,10353,10353,2
2019-08-27 15:23:22.426,10352,10353,10352,1
2019-08-27 15:23:22.497,10352,10353,10353,2
2019-08-27 15:23:23.263,10352,10353,10353,2
2019-08-27 15:23:23.805,10352,10353,10353,1
2019-08-27 15:23:25.356,10352,10353,10353,2
2019-08-27 15:23:25.394,10352,10353,10353,1
2019-08-27 15:23:26.188,10352,10353,10353,2
2019-08-27 15:23:27.810,10352,10353,10353,2
2019-08-27 15:23:28.139,10352,10353,10353,1
2019-08-27 15:23:28.490,10352,10353,10353,1
2019-08-27 15:23:30.124,10352,10353,10353,1
2019-08-27 15:23:30.999,10352,10353,10353,1
2019-08-27 15:23:31.104,10352,10353,10353,4
2019-08-27 15:23:31.141,10352,10353,10353,1
2019-08-27 15:23:32.756,10352,10353,10353,1
2019-08-27 15:23:33.364,10352,10353,10353,2
2019-08-27 15:23:33.391,10352,10353,10353,2
2019-08-27 15:23:33.598,10352,10353,10353,1
2019-08-27 15:23:34.907,10353,10354,10353,2
2019-08-27 15:23:35.556,10353,10354,10353,2
2019-08-27 15:23:36.257,10352,10353,10353,1
2019-08-27 15:23:40.989,10352,10353,10353,2
2019-08-27 15:23:41.920,10352,10353,10353,1
2019-08-27 15:23:54.168,10352,10353,10352,1
2019-08-27 15:23:55.060,10352,10353,10353,5
2019-08-27 15:23:55.096,10352,10353,10353,4
2019-08-27 15:24:02.641,10352,10353,10353,2
2019-08-27 15:24:05.773,10352,10353,10353,1
2019-08-27 15:24:14.170,10352,10353,10353,2
2019-08-27 15:24:21.940,10352,10353,10353,1
2019-08-27 15:24:22.029,10352,10353,10352,1
2019-08-27 15:24:22.141,10352,10353,10352,11
2019-08-27 15:24:22.266,10352,10353,10352,14
2019-08-27 15:24:26.893,10351,10352,10351,3
2019-08-27 15:24:29.468,10351,10352,10351,2
2019-08-27 15:24:31.667,10351,10352,10351,1
2019-08-27 15:24:34.701,10351,10352,10351,1
2019-08-27 15:24:41.860,10351,10353,10351,1
2019-08-27 15:24:49.143,10351,10352,10352,2
2019-08-27 15:24:49.143,10351,10352,10352,1
2019-08-27 15:24:49.144,10351,10352,10352,2
2019-08-27 15:24:49.146,10351,10352,10352,2
2019-08-27 15:24:49.148,10351,10352,10352,1
2019-08-27 15:24:49.266,10351,10352,10352,1
2019-08-27 15:24:49.266,10351,10352,10352,2
2019-08-27 15:25:11.530,10352,10353,10352,1
2019-08-27 15:25:16.331,10352,10353,10352,2
2019-08-27 15:25:16.331,10352,10353,10352,2
2019-08-27 15:25:16.332,10352,10353,10352,1
2019-08-27 15:25:24.441,10351,10352,10351,1
2019-08-27 15:25:25.164,10351,10352,10351,1
2019-08-27 15:25:30.286,10351,10352,10351,1
2019-08-27 15:25:45.713,10351,10352,10352,1
2019-08-27 15:25:55.362,10351,10352,10352,11
2019-08-27 15:25:57.948,10352,10353,10352,1
2019-08-27 15:25:58.203,10352,10353,10353,7
2019-08-27 15:25:58.266,10352,10353,10353,5
2019-08-27 15:25:59.958,10353,10354,10353,1
2019-08-27 15:26:16.039,10353,10354,10354,1
2019-08-27 15:26:16.168,10353,10354,10354,1
2019-08-27 15:26:16.982,10353,10354,10354,1
2019-08-27 15:26:20.224,10353,10354,10354,2
2019-08-27 15:26:21.582,10353,10354,10354,5
2019-08-27 15:26:21.641,10353,10354,10354,8
2019-08-27 15:26:23.487,10354,10355,10355,20
2019-08-27 15:26:23.509,10354,10355,10355,2
2019-08-27 15:26:23.509,10354,10355,10355,5
2019-08-27 15:26:23.509,10354,10355,10355,6
2019-08-27 15:26:27.270,10355,10356,10355,1
2019-08-27 15:26:27.510,10355,10356,10356,1
2019-08-27 15:26:28.356,10355,10356,10355,1
2019-08-27 15:26:29.347,10355,10356,10355,1
2019-08-27 15:26:30.312,10355,10356,10355,2
2019-08-27 15:26:35.210,10354,10355,10355,1
2019-08-27 15:26:38.904,10354,10355,10355,2
2019-08-27 15:26:40.249,10355,10356,10355,1
2019-08-27 15:26:42.190,10355,10356,10355,2
2019-08-27 15:26:44.637,10354,10355,10355,1
2019-08-27 15:26:47.671,10355,10356,10355,2
2019-08-27 15:26:49.300,10355,10356,10355,1
2019-08-27 15:26:52.231,10354,10355,10355,1
2019-08-27 15:26:59.139,10354,10355,10355,1
2019-08-27 15:27:04.523,10354,10355,10355,9
2019-08-27 15:27:07.428,10354,10355,10355,1
2019-08-27 15:27:11.378,10354,10355,10354,8
2019-08-27 15:27:13.189,10353,10354,10354,1
2019-08-27 15:27:17.067,10353,10355,10353,1
2019-08-27 15:27:29.662,10353,10354,10353,6
2019-08-27 15:27:33.284,10353,10354,10353,1
2019-08-27 15:27:35.696,10353,10354,10353,5
2019-08-27 15:27:36.465,10353,10354,10354,1
2019-08-27 15:27:40.122,10353,10354,10354,1
2019-08-27 15:27:41.274,10353,10354,10354,2
2019-08-27 15:27:43.116,10353,10354,10354,1
2019-08-27 15:27:46.186,10353,10354,10354,1
2019-08-27 15:27:46.842,10353,10354,10353,7
2019-08-27 15:27:46.842,10353,10354,10353,6
2019-08-27 15:27:46.959,10352,10353,10352,1
2019-08-27 15:27:46.960,10352,10353,10352,1
2019-08-27 15:27:46.960,10352,10353,10352,1
2019-08-27 15:27:46.961,10352,10353,10352,1
2019-08-27 15:27:46.961,10352,10353,10352,1
2019-08-27 15:27:46.961,10352,10353,10352,4
2019-08-27 15:27:46.962,10352,10353,10352,7
2019-08-27 15:27:47.031,10351,10352,10351,7
2019-08-27 15:27:47.031,10351,10352,10351,2
2019-08-27 15:27:47.031,10351,10352,10351,2
2019-08-27 15:27:47.032,10351,10352,10351,2
2019-08-27 15:27:47.032,10351,10352,10351,6
2019-08-27 15:27:47.033,10351,10352,10351,2
2019-08-27 15:27:47.061,10351,10352,10351,1
2019-08-27 15:27:47.466,10350,10351,10351,1
2019-08-27 15:27:47.467,10350,10351,10351,3
2019-08-27 15:27:47.467,10350,10351,10351,3
2019-08-27 15:27:47.487,10350,10351,10352,1
2019-08-27 15:27:47.867,10351,10352,10351,3
2019-08-27 15:27:48.762,10351,10352,10352,2
2019-08-27 15:27:48.762,10351,10352,10353,16
2019-08-27 15:27:48.937,10352,10353,10353,1
2019-08-27 15:27:49.141,10352,10353,10353,1
2019-08-27 15:27:49.159,10352,10353,10353,1
2019-08-27 15:27:49.187,10352,10353,10353,1
2019-08-27 15:27:49.188,10352,10353,10353,1
2019-08-27 15:27:49.241,10352,10353,10353,1
2019-08-27 15:27:50.775,10352,10353,10353,1
2019-08-27 15:27:50.776,10352,10353,10353,1
2019-08-27 15:27:50.776,10352,10353,10353,1
2019-08-27 15:27:51.951,10352,10353,10353,1
2019-08-27 15:27:51.952,10352,10353,10353,1
2019-08-27 15:27:54.921,10352,10353,10353,1
2019-08-27 15:27:55.516,10352,10353,10353,3
2019-08-27 15:28:04.599,10352,10353,10353,1
2019-08-27 15:28:09.007,10353,10354,10353,1
2019-08-27 15:28:14.578,10353,10354,10353,1
2019-08-27 15:28:21.697,10353,10354,10353,1
2019-08-27 15:28:29.329,10353,10354,10353,1
2019-08-27 15:28:32.125,10353,10354,10354,2
2019-08-27 15:28:32.128,10353,10354,10354,1
2019-08-27 15:28:32.141,10353,10354,10354,15
2019-08-27 15:28:32.141,10353,10354,10354,1
2019-08-27 15:28:38.972,10354,10355,10354,1
2019-08-27 15:28:52.344,10354,10355,10354,1
2019-08-27 15:29:00.855,10354,10355,10355,1
2019-08-27 15:29:01.651,10354,10355,10354,1
2019-08-27 15:29:06.336,10354,10355,10355,1
2019-08-27 15:29:08.107,10354,10355,10355,1
2019-08-27 15:29:13.024,10354,10355,10354,2
2019-08-27 15:29:13.664,10354,10355,10354,1
2019-08-27 15:29:16.669,10354,10355,10355,1
2019-08-27 15:29:19.749,10354,10355,10355,1
2019-08-27 15:29:22.904,10354,10355,10354,1
2019-08-27 15:29:27.897,10354,10355,10354,1
2019-08-27 15:29:32.571,10354,10355,10354,2
2019-08-27 15:29:34.785,10354,10355,10354,1
2019-08-27 15:29:41.532,10354,10355,10354,1
2019-08-27 15:29:47.292,10354,10355,10354,1
2019-08-27 15:29:53.127,10354,10355,10355,1
2019-08-27 15:29:55.913,10354,10355,10354,1
2019-08-27 15:29:56.627,10354,10355,10355,1
2019-08-27 15:30:01.073,10354,10355,10354,1
2019-08-27 15:30:01.330,10353,10355,10353,1
2019-08-27 15:30:01.337,10353,10355,10353,1
2019-08-27 15:30:02.402,10353,10354,10354,3
2019-08-27 15:30:03.977,10354,10355,10354,1
2019-08-27 15:30:08.516,10353,10354,10354,1
2019-08-27 15:30:14.620,10353,10354,10353,2
2019-08-27 15:30:34.133,10353,10354,10354,2
2019-08-27 15:30:34.133,10353,10354,10354,1
2019-08-27 15:30:34.134,10353,10354,10354,3
2019-08-27 15:30:37.052,10354,10355,10354,2
2019-08-27 15:30:47.362,10354,10355,10354,3
2019-08-27 15:31:00.102,10354,10355,10354,2
2019-08-27 15:31:15.745,10353,10354,10354,10
2019-08-27 15:31:15.745,10353,10354,10355,44
2019-08-27 15:31:23.431,10354,10355,10355,4
2019-08-27 15:31:23.431,10354,10355,10356,1
2019-08-27 15:31:23.663,10354,10356,10356,1
2019-08-27 15:31:30.617,10355,10356,10356,1
2019-08-27 15:31:32.722,10355,10356,10355,1
2019-08-27 15:31:33.994,10355,10356,10356,1
2019-08-27 15:31:42.981,10354,10356,10356,2
2019-08-27 15:31:49.869,10354,10355,10355,1
2019-08-27 15:32:10.197,10354,10355,10355,1
2019-08-27 15:32:10.197,10354,10355,10356,1
2019-08-27 15:32:11.567,10354,10356,10354,1
2019-08-27 15:32:16.717,10354,10356,10356,2
2019-08-27 15:32:21.613,10354,10356,10356,2
2019-08-27 15:32:25.404,10355,10356,10355,1
2019-08-27 15:32:28.360,10354,10355,10354,2
2019-08-27 15:32:28.361,10354,10355,10354,9
2019-08-27 15:32:28.391,10354,10355,10354,1
2019-08-27 15:32:30.142,10353,10355,10355,1
2019-08-27 15:32:33.836,10353,10354,10354,1
2019-08-27 15:32:43.976,10353,10354,10353,1
2019-08-27 15:32:48.296,10353,10354,10354,2
2019-08-27 15:33:00.045,10353,10354,10354,1
2019-08-27 15:33:14.839,10353,10354,10354,1
2019-08-27 15:33:15.367,10353,10354,10354,2
2019-08-27 15:33:15.367,10353,10354,10354,2
2019-08-27 15:33:53.735,10354,10355,10354,4
2019-08-27 15:34:09.777,10353,10355,10355,1
2019-08-27 15:34:09.967,10353,10355,10354,1
2019-08-27 15:34:23.278,10354,10355,10355,1
2019-08-27 15:34:23.279,10354,10355,10355,2
2019-08-27 15:34:23.280,10354,10355,10355,4
2019-08-27 15:34:23.280,10354,10355,10355,2
2019-08-27 15:34:33.142,10355,10356,10355,2
2019-08-27 15:34:40.730,10354,10355,10355,1
2019-08-27 15:34:48.725,10354,10355,10355,1
2019-08-27 15:34:57.700,10354,10355,10354,3
2019-08-27 15:35:02.626,10353,10354,10354,1
2019-08-27 15:35:05.986,10354,10355,10354,1
2019-08-27 15:35:13.589,10353,10354,10354,1
2019-08-27 15:35:15.016,10353,10354,10354,1
2019-08-27 15:35:31.462,10354,10355,10354,1
2019-08-27 15:35:37.018,10353,10354,10354,1
2019-08-27 15:35:38.269,10354,10355,10354,2
2019-08-27 15:35:44.228,10353,10354,10354,2
2019-08-27 15:36:08.488,10353,10354,10354,1
2019-08-27 15:36:18.194,10353,10354,10354,1
2019-08-27 15:36:18.195,10353,10354,10354,4
2019-08-27 15:36:18.195,10353,10354,10354,2
2019-08-27 15:36:18.195,10353,10354,10354,1
2019-08-27 15:36:27.810,10354,10355,10354,1
2019-08-27 15:36:34.385,10354,10355,10354,1
2019-08-27 15:36:52.257,10354,10355,10354,2
2019-08-27 15:37:01.972,10354,10355,10354,2
2019-08-27 15:37:25.882,10354,10355,10355,8
2019-08-27 15:37:25.925,10355,10356,10355,1
2019-08-27 15:37:38.050,10355,10356,10355,1
2019-08-27 15:37:39.185,10355,10356,10355,1
2019-08-27 15:37:55.090,10355,10356,10356,1
2019-08-27 15:37:56.078,10355,10356,10356,1
2019-08-27 15:37:57.676,10355,10356,10356,1
2019-08-27 15:37:59.105,10355,10356,10356,1
2019-08-27 15:38:06.015,10355,10356,10356,1
2019-08-27 15:38:12.184,10355,10356,10356,1
2019-08-27 15:38:13.344,10355,10356,10356,16
2019-08-27 15:38:17.855,10356,10357,10357,1
2019-08-27 15:38:17.856,10356,10357,10357,8
2019-08-27 15:38:17.856,10356,10357,10357,6
2019-08-27 15:38:17.896,10356,10357,10357,4
2019-08-27 15:38:17.897,10356,10357,10357,2
2019-08-27 15:38:18.021,10356,10357,10357,2
2019-08-27 15:38:18.038,10356,10357,10357,1
2019-08-27 15:38:21.261,10356,10357,10357,2
2019-08-27 15:38:21.266,10356,10357,10357,2
2019-08-27 15:38:21.414,10356,10357,10357,1
2019-08-27 15:38:21.704,10356,10357,10357,1
2019-08-27 15:38:21.724,10356,10357,10357,1
2019-08-27 15:38:21.725,10356,10357,10357,1
2019-08-27 15:38:21.768,10356,10357,10357,1
2019-08-27 15:38:21.769,10356,10357,10357,1
2019-08-27 15:38:22.012,10356,10358,10358,1
2019-08-27 15:38:23.104,10357,10358,10357,1
2019-08-27 15:38:25.948,10357,10358,10357,1
2019-08-27 15:38:26.778,10357,10358,10357,1
2019-08-27 15:38:26.778,10357,10358,10357,1
2019-08-27 15:38:28.116,10356,10357,10357,1
2019-08-27 15:38:30.628,10356,10357,10357,2
2019-08-27 15:38:31.367,10356,10357,10357,1
2019-08-27 15:38:41.266,10356,10357,10357,1
2019-08-27 15:38:43.812,10356,10357,10357,1
2019-08-27 15:38:55.788,10356,10357,10357,5
2019-08-27 15:39:00.531,10356,10357,10357,9
2019-08-27 15:39:00.917,10356,10357,10357,1
2019-08-27 15:39:01.115,10356,10357,10357,1
2019-08-27 15:39:04.081,10356,10357,10356,2
2019-08-27 15:39:04.081,10356,10357,10356,7
2019-08-27 15:39:04.153,10355,10356,10355,1
2019-08-27 15:39:04.620,10355,10356,10356,1
2019-08-27 15:39:37.400,10355,10356,10356,1
2019-08-27 15:39:37.508,10355,10356,10356,1
2019-08-27 15:39:38.830,10356,10357,10356,1
2019-08-27 15:39:47.252,10355,10356,10356,1
2019-08-27 15:39:49.441,10355,10356,10356,1
2019-08-27 15:39:53.370,10356,10357,10356,2
2019-08-27 15:40:07.007,10355,10356,10356,1
2019-08-27 15:40:19.808,10355,10356,10355,1
2019-08-27 15:40:19.809,10355,10356,10355,3
2019-08-27 15:40:19.809,10355,10356,10355,7
2019-08-27 15:40:20.015,10354,10355,10355,1
2019-08-27 15:40:21.304,10354,10355,10354,1
2019-08-27 15:40:22.124,10354,10356,10354,6
2019-08-27 15:40:23.511,10354,10355,10355,2
2019-08-27 15:40:23.771,10354,10355,10355,1
2019-08-27 15:40:27.300,10355,10356,10355,1
2019-08-27 15:40:27.560,10354,10355,10355,1
2019-08-27 15:40:34.848,10355,10356,10355,1
2019-08-27 15:40:51.601,10354,10355,10355,5
2019-08-27 15:40:53.459,10354,10355,10354,1
2019-08-27 15:41:17.024,10354,10355,10354,2
2019-08-27 15:41:17.623,10354,10355,10355,1
2019-08-27 15:41:24.550,10354,10355,10355,2
2019-08-27 15:41:30.692,10354,10355,10355,3
2019-08-27 15:41:30.980,10354,10355,10355,2
2019-08-27 15:41:36.727,10354,10355,10355,1
2019-08-27 15:41:36.728,10354,10355,10355,1
2019-08-27 15:41:36.728,10354,10355,10355,1
2019-08-27 15:41:36.728,10354,10355,10355,2
2019-08-27 15:42:04.427,10355,10356,10355,1
2019-08-27 15:42:05.235,10355,10356,10355,2
2019-08-27 15:42:18.675,10354,10355,10355,1
2019-08-27 15:42:18.675,10354,10355,10355,1
2019-08-27 15:42:18.675,10354,10355,10355,1
2019-08-27 15:42:18.675,10354,10355,10355,1
2019-08-27 15:42:32.968,10355,10356,10355,1
2019-08-27 15:42:50.624,10355,10356,10355,10
2019-08-27 15:42:50.776,10354,10355,10355,1
2019-08-27 15:42:51.992,10354,10356,10354,2
2019-08-27 15:42:53.086,10355,10356,10355,1
2019-08-27 15:42:55.122,10354,10355,10355,1
2019-08-27 15:42:56.210,10354,10355,10355,1
2019-08-27 15:43:34.098,10354,10355,10355,2
2019-08-27 15:43:47.039,10354,10355,10355,1
2019-08-27 15:43:49.478,10354,10355,10355,1
2019-08-27 15:44:04.409,10354,10355,10355,1
2019-08-27 15:44:07.759,10354,10355,10355,1
2019-08-27 15:44:26.237,10355,10356,10355,3
2019-08-27 15:44:34.368,10354,10355,10355,3
2019-08-27 15:44:48.758,10354,10355,10355,1
2019-08-27 15:44:50.449,10354,10355,10354,2
2019-08-27 15:45:19.802,10354,10355,10355,3
2019-08-27 15:45:20.430,10354,10356,10354,2
2019-08-27 15:45:25.438,10354,10355,10354,1
2019-08-27 15:45:34.990,10354,10355,10354,1
2019-08-27 15:45:50.385,10354,10355,10355,1
2019-08-27 15:46:03.028,10354,10355,10355,1
2019-08-27 15:46:10.841,10354,10355,10355,2
2019-08-27 15:46:23.471,10355,10356,10355,1
2019-08-27 15:46:28.308,10354,10356,10356,1
2019-08-27 15:46:41.035,10355,10356,10356,1
2019-08-27 15:47:17.329,10355,10356,10356,1
2019-08-27 15:47:17.329,10355,10356,10356,4
2019-08-27 15:47:17.329,10355,10356,10356,5
2019-08-27 15:47:19.363,10356,10357,10357,1
2019-08-27 15:47:19.609,10356,10357,10357,1
2019-08-27 15:47:24.126,10356,10357,10357,1
2019-08-27 15:47:32.096,10356,10357,10357,1
2019-08-27 15:47:49.094,10356,10357,10356,2
2019-08-27 15:47:54.606,10356,10357,10357,1
2019-08-27 15:47:57.904,10356,10357,10357,1
2019-08-27 15:47:59.765,10356,10357,10356,4
2019-08-27 15:48:07.804,10355,10356,10356,2
2019-08-27 15:48:07.804,10355,10356,10356,1
2019-08-27 15:48:07.804,10355,10356,10356,4
2019-08-27 15:48:07.804,10355,10356,10356,1
2019-08-27 15:48:08.615,10356,10357,10356,1
2019-08-27 15:48:14.215,10356,10357,10357,5
2019-08-27 15:48:14.638,10356,10357,10357,1
2019-08-27 15:48:21.417,10356,10357,10357,5
2019-08-27 15:48:21.614,10356,10357,10357,1
2019-08-27 15:48:27.230,10357,10358,10357,1
2019-08-27 15:48:28.870,10357,10358,10357,1
2019-08-27 15:48:28.871,10357,10358,10357,1
2019-08-27 15:48:29.344,10356,10357,10357,1
2019-08-27 15:48:30.450,10356,10357,10357,1
2019-08-27 15:48:30.873,10356,10357,10357,1
2019-08-27 15:48:38.958,10357,10358,10357,1
2019-08-27 15:48:40.265,10356,10357,10357,1
2019-08-27 15:49:04.948,10356,10357,10356,5
2019-08-27 15:49:04.948,10356,10357,10356,3
2019-08-27 15:49:13.418,10356,10357,10356,1
2019-08-27 15:49:13.614,10355,10356,10355,1
2019-08-27 15:49:15.008,10355,10356,10356,2
2019-08-27 15:49:16.278,10355,10356,10356,1
2019-08-27 15:49:25.416,10355,10356,10355,4
2019-08-27 15:49:25.516,10355,10356,10355,2
2019-08-27 15:49:25.753,10354,10356,10354,1
2019-08-27 15:49:44.898,10354,10355,10354,1
2019-08-27 15:49:44.899,10354,10355,10354,12
2019-08-27 15:49:44.899,10354,10355,10354,3
2019-08-27 15:49:44.901,10354,10355,10354,4
2019-08-27 15:49:44.910,10354,10355,10354,2
2019-08-27 15:49:45.006,10354,10355,10354,1
2019-08-27 15:49:45.017,10354,10355,10354,1
2019-08-27 15:49:45.141,10354,10355,10354,1
2019-08-27 15:49:45.243,10354,10355,10354,1
2019-08-27 15:49:45.298,10354,10355,10354,1
2019-08-27 15:49:45.991,10353,10355,10354,3
2019-08-27 15:49:59.362,10354,10355,10354,1
2019-08-27 15:50:22.759,10354,10355,10355,1
2019-08-27 15:50:24.418,10354,10355,10355,2
2019-08-27 15:50:24.418,10354,10355,10355,11
2019-08-27 15:50:24.418,10354,10355,10355,1
2019-08-27 15:50:24.418,10354,10355,10355,1
2019-08-27 15:50:34.314,10355,10356,10355,3
2019-08-27 15:50:43.432,10355,10356,10355,3
2019-08-27 15:50:56.068,10354,10355,10354,3
2019-08-27 15:50:56.068,10354,10355,10354,1
2019-08-27 15:50:56.068,10354,10355,10354,10
2019-08-27 15:51:25.387,10354,10355,10354,2
2019-08-27 15:51:25.389,10354,10355,10354,2
2019-08-27 15:51:25.390,10354,10355,10354,1
2019-08-27 15:51:26.617,10353,10355,10353,2
2019-08-27 15:51:45.783,10353,10354,10354,1
2019-08-27 15:51:46.232,10353,10354,10354,1
2019-08-27 15:53:00.274,10353,10354,10354,6
2019-08-27 15:53:00.391,10353,10354,10354,5
2019-08-27 15:53:17.919,10354,10355,10354,2
2019-08-27 15:53:19.543,10354,10355,10354,2
2019-08-27 15:53:19.703,10354,10355,10354,2
2019-08-27 15:53:21.119,10354,10355,10354,2
2019-08-27 15:53:30.612,10354,10355,10355,1
2019-08-27 15:53:30.617,10354,10355,10355,3
2019-08-27 15:53:30.641,10354,10355,10355,5
2019-08-27 15:53:30.778,10354,10356,10355,1
2019-08-27 15:54:00.852,10355,10356,10355,2
2019-08-27 15:54:19.413,10355,10356,10356,1
2019-08-27 15:54:20.329,10355,10356,10355,3
2019-08-27 15:55:20.635,10355,10356,10355,2
2019-08-27 15:55:21.142,10355,10356,10356,11
2019-08-27 15:55:21.266,10355,10356,10356,5
2019-08-27 15:55:21.267,10355,10356,10356,1
2019-08-27 15:55:57.787,10356,10357,10356,1
2019-08-27 15:56:08.680,10356,10357,10357,1
2019-08-27 15:56:10.927,10356,10357,10357,1
2019-08-27 15:56:15.270,10356,10357,10357,2
2019-08-27 15:56:22.456,10356,10357,10357,1
2019-08-27 15:56:30.773,10356,10357,10356,1
2019-08-27 15:56:36.845,10356,10357,10356,2
2019-08-27 15:56:36.847,10356,10357,10356,1
2019-08-27 15:56:39.774,10356,10357,10356,1
2019-08-27 15:56:59.342,10356,10357,10356,1
2019-08-27 15:57:00.487,10356,10357,10357,4
2019-08-27 15:57:00.516,10356,10357,10357,4
2019-08-27 15:57:00.516,10356,10357,10357,2
2019-08-27 15:57:00.516,10356,10357,10357,4
2019-08-27 15:57:02.492,10357,10358,10357,1
2019-08-27 15:57:43.050,10356,10357,10356,1
2019-08-27 15:57:52.153,10356,10357,10356,1
2019-08-27 15:57:57.809,10356,10357,10356,1
2019-08-27 15:58:02.628,10356,10357,10357,2
2019-08-27 15:58:02.629,10356,10357,10357,4
2019-08-27 15:58:26.301,10356,10357,10357,2
2019-08-27 15:58:32.641,10356,10357,10357,1
2019-08-27 15:58:39.558,10356,10357,10356,1
2019-08-27 15:59:07.053,10356,10357,10357,1
2019-08-27 15:59:14.390,10357,10358,10357,1
2019-08-27 15:59:15.789,10356,10357,10357,1
2019-08-27 15:59:19.981,10356,10357,10357,1
2019-08-27 15:59:31.355,10357,10358,10357,1
2019-08-27 15:59:40.199,10357,10358,10358,1
2019-08-27 15:59:40.212,10357,10358,10358,3
2019-08-27 15:59:47.284,10357,10358,10358,1
2019-08-27 15:59:56.131,10357,10358,10357,1
2019-08-27 15:59:57.370,10357,10358,10357,1
2019-08-27 16:00:01.561,10357,10358,10357,20
2019-08-27 16:00:02.145,10357,10358,10357,1
2019-08-27 16:00:02.218,10357,10358,10357,1
2019-08-27 16:00:02.421,10357,10358,10357,1
2019-08-27 16:00:02.436,10357,10358,10358,1
2019-08-27 16:00:02.621,10357,10358,10357,1
2019-08-27 16:00:02.824,10357,10358,10357,10
2019-08-27 16:00:03.025,10357,10358,10357,1
2019-08-27 16:00:03.226,10357,10358,10357,1
2019-08-27 16:00:03.428,10357,10358,10357,1
2019-08-27 16:00:03.805,10357,10358,10357,2
2019-08-27 16:00:03.815,10357,10358,10357,1
2019-08-27 16:00:03.824,10357,10358,10357,1
2019-08-27 16:00:03.839,10357,10358,10357,1
2019-08-27 16:00:03.862,10357,10358,10357,1
2019-08-27 16:00:03.873,10357,10358,10357,2
2019-08-27 16:00:09.647,10357,10358,10358,1
2019-08-27 16:00:09.648,10357,10358,10358,5
2019-08-27 16:00:09.649,10357,10358,10358,2
2019-08-27 16:00:09.650,10357,10358,10358,2
2019-08-27 16:00:09.767,10357,10358,10358,25
2019-08-27 16:00:27.971,10358,10359,10359,1
2019-08-27 16:00:35.127,10358,10359,10358,1
2019-08-27 16:00:35.127,10358,10359,10358,1
2019-08-27 16:00:35.127,10358,10359,10358,4
2019-08-27 16:00:35.128,10358,10359,10358,2
2019-08-27 16:00:35.128,10358,10359,10358,2
2019-08-27 16:00:35.129,10358,10359,10358,3
2019-08-27 16:00:36.213,10357,10358,10358,1
2019-08-27 16:00:37.280,10357,10358,10358,1
2019-08-27 16:00:38.030,10357,10358,10358,1
2019-08-27 16:00:44.969,10357,10358,10358,1
2019-08-27 16:00:53.540,10357,10358,10357,1
2019-08-27 16:00:57.557,10357,10358,10357,1
2019-08-27 16:00:57.634,10357,10358,10358,1
2019-08-27 16:01:02.575,10357,10358,10358,7
2019-08-27 16:01:02.624,10357,10358,10357,1
2019-08-27 16:01:05.815,10357,10358,10357,1
2019-08-27 16:01:09.146,10357,10358,10357,6
2019-08-27 16:01:13.201,10356,10357,10357,1
2019-08-27 16:01:19.439,10356,10357,10357,1
2019-08-27 16:01:22.638,10356,10357,10357,1
2019-08-27 16:01:28.699,10356,10357,10356,2
2019-08-27 16:01:28.699,10356,10357,10356,9
2019-08-27 16:01:39.779,10355,10356,10355,17
2019-08-27 16:01:40.792,10354,10355,10354,2
2019-08-27 16:01:43.337,10354,10355,10354,8
2019-08-27 16:01:43.347,10354,10355,10354,12
2019-08-27 16:01:47.038,10354,10355,10354,1
2019-08-27 16:01:47.734,10354,10355,10354,2
2019-08-27 16:01:47.734,10354,10355,10354,1
2019-08-27 16:02:00.514,10353,10354,10353,3
2019-08-27 16:02:00.516,10353,10354,10353,10
2019-08-27 16:02:00.516,10353,10354,10353,11
2019-08-27 16:02:00.517,10353,10354,10353,2
2019-08-27 16:02:00.517,10353,10354,10353,4
2019-08-27 16:02:00.517,10353,10354,10353,5
2019-08-27 16:02:00.517,10353,10354,10353,2
2019-08-27 16:02:00.660,10352,10353,10352,2
2019-08-27 16:02:00.671,10352,10353,10352,4
2019-08-27 16:02:01.091,10352,10353,10352,1
2019-08-27 16:02:01.201,10352,10353,10352,1
2019-08-27 16:02:02.203,10352,10353,10352,2
2019-08-27 16:02:02.801,10352,10353,10352,2
2019-08-27 16:02:03.428,10352,10353,10352,2
2019-08-27 16:02:06.493,10352,10353,10353,2
2019-08-27 16:02:13.904,10353,10354,10353,1
2019-08-27 16:02:16.808,10352,10353,10353,1
2019-08-27 16:02:37.310,10353,10354,10354,2
2019-08-27 16:02:47.494,10353,10354,10353,1
2019-08-27 16:02:48.767,10353,10354,10354,1
2019-08-27 16:02:51.871,10354,10355,10354,2
2019-08-27 16:02:55.403,10354,10355,10354,1
2019-08-27 16:03:08.714,10354,10355,10354,2
2019-08-27 16:03:16.591,10354,10355,10355,4
2019-08-27 16:03:32.964,10355,10356,10356,1
2019-08-27 16:03:43.217,10355,10356,10355,1
2019-08-27 16:03:56.244,10355,10356,10355,2
2019-08-27 16:04:04.521,10355,10356,10355,1
2019-08-27 16:04:12.035,10355,10356,10356,1
2019-08-27 16:04:15.403,10355,10356,10356,1
2019-08-27 16:04:28.971,10355,10356,10355,1
2019-08-27 16:04:32.653,10355,10356,10355,1
2019-08-27 16:04:46.243,10355,10356,10355,1
2019-08-27 16:04:53.144,10354,10355,10355,1
2019-08-27 16:04:58.414,10355,10356,10356,2
2019-08-27 16:05:04.539,10355,10356,10356,12
2019-08-27 16:05:06.204,10356,10357,10357,2
2019-08-27 16:05:06.209,10356,10357,10357,1
2019-08-27 16:05:06.641,10356,10358,10357,2
2019-08-27 16:05:06.823,10356,10358,10356,1
2019-08-27 16:05:09.545,10357,10358,10358,1
2019-08-27 16:05:09.545,10357,10358,10358,11
2019-08-27 16:05:09.545,10357,10358,10358,1
2019-08-27 16:05:09.864,10358,10359,10359,1
2019-08-27 16:05:12.063,10358,10359,10358,2
2019-08-27 16:05:22.383,10358,10359,10358,1
2019-08-27 16:05:34.579,10358,10359,10358,1
2019-08-27 16:05:35.491,10358,10359,10358,1
2019-08-27 16:05:35.492,10358,10359,10358,3
2019-08-27 16:06:03.899,10357,10358,10358,1
2019-08-27 16:06:08.450,10357,10358,10358,1
2019-08-27 16:06:09.347,10358,10359,10358,1
2019-08-27 16:06:09.525,10357,10358,10358,1
2019-08-27 16:06:13.096,10358,10359,10358,1
2019-08-27 16:06:25.280,10358,10359,10358,1
2019-08-27 16:06:25.280,10358,10359,10358,2
2019-08-27 16:06:40.413,10357,10358,10357,1
2019-08-27 16:06:53.589,10357,10358,10357,2
2019-08-27 16:06:56.371,10357,10358,10357,1
2019-08-27 16:07:02.873,10357,10358,10357,2
2019-08-27 16:07:06.593,10357,10358,10358,3
2019-08-27 16:07:06.641,10357,10358,10358,2
2019-08-27 16:07:08.096,10357,10358,10357,1
2019-08-27 16:07:08.946,10357,10358,10358,2
2019-08-27 16:07:15.563,10358,10359,10358,1
2019-08-27 16:07:16.347,10358,10359,10358,1
2019-08-27 16:07:19.336,10358,10359,10359,1
2019-08-27 16:07:22.158,10358,10359,10358,7
2019-08-27 16:07:22.158,10358,10359,10358,6
2019-08-27 16:07:26.213,10357,10358,10358,4
2019-08-27 16:07:41.234,10358,10359,10359,9
2019-08-27 16:07:42.178,10358,10359,10359,8
2019-08-27 16:07:42.178,10358,10359,10359,7
2019-08-27 16:07:42.178,10358,10359,10359,7
2019-08-27 16:07:42.178,10358,10359,10359,8
2019-08-27 16:07:42.179,10358,10359,10359,2
2019-08-27 16:07:42.180,10358,10359,10359,3
2019-08-27 16:07:42.180,10358,10359,10359,1
2019-08-27 16:07:42.181,10358,10359,10359,4
2019-08-27 16:07:42.181,10358,10359,10359,3
2019-08-27 16:07:44.247,10358,10359,10358,1
2019-08-27 16:07:44.475,10358,10359,10359,2
2019-08-27 16:07:47.640,10358,10360,10358,1
2019-08-27 16:07:54.766,10358,10359,10359,1
2019-08-27 16:07:59.482,10358,10359,10359,2
2019-08-27 16:08:21.042,10359,10360,10359,1
2019-08-27 16:08:22.598,10359,10360,10360,1
2019-08-27 16:08:22.671,10359,10360,10360,2
2019-08-27 16:08:22.884,10359,10360,10360,1
2019-08-27 16:08:26.637,10359,10360,10360,1
2019-08-27 16:08:28.075,10359,10360,10360,1
2019-08-27 16:08:38.532,10359,10360,10360,1
2019-08-27 16:08:38.535,10359,10360,10359,2
2019-08-27 16:08:41.540,10359,10360,10360,22
2019-08-27 16:08:41.641,10359,10360,10360,17
2019-08-27 16:08:41.642,10359,10360,10360,5
2019-08-27 16:08:41.642,10359,10360,10360,1
2019-08-27 16:08:50.270,10360,10361,10360,2
2019-08-27 16:08:54.308,10360,10361,10360,1
2019-08-27 16:08:56.912,10360,10361,10360,1
2019-08-27 16:09:02.125,10360,10361,10361,3
2019-08-27 16:09:02.395,10360,10361,10361,2
2019-08-27 16:09:02.399,10360,10361,10361,1
2019-08-27 16:09:03.494,10360,10361,10360,2
2019-08-27 16:09:03.498,10360,10361,10360,3
2019-08-27 16:09:03.501,10360,10361,10360,1
2019-08-27 16:09:03.501,10360,10361,10360,2
2019-08-27 16:09:03.501,10360,10361,10360,1
2019-08-27 16:09:03.502,10360,10361,10360,2
2019-08-27 16:09:03.547,10360,10361,10360,1
2019-08-27 16:09:03.691,10360,10361,10361,1
2019-08-27 16:09:05.607,10360,10361,10360,1
2019-08-27 16:09:12.732,10360,10361,10361,2
2019-08-27 16:09:14.081,10360,10361,10361,1
2019-08-27 16:09:15.664,10360,10361,10360,1
2019-08-27 16:09:15.666,10360,10361,10360,1
2019-08-27 16:09:18.087,10360,10361,10361,7
2019-08-27 16:09:18.087,10360,10361,10361,8
2019-08-27 16:09:18.087,10360,10361,10361,3
2019-08-27 16:09:18.087,10360,10361,10362,5
2019-08-27 16:09:18.087,10360,10361,10362,5
2019-08-27 16:09:18.087,10360,10361,10362,4
2019-08-27 16:09:18.087,10360,10361,10362,4
2019-08-27 16:09:18.112,10360,10361,10362,2
2019-08-27 16:09:18.142,10361,10362,10362,3
2019-08-27 16:09:18.142,10361,10362,10362,2
2019-08-27 16:09:18.143,10361,10362,10362,1
2019-08-27 16:09:18.144,10361,10362,10362,2
2019-08-27 16:09:18.146,10361,10362,10362,2
2019-08-27 16:09:18.162,10361,10362,10362,7
2019-08-27 16:09:18.163,10361,10362,10362,1
2019-08-27 16:09:18.164,10361,10362,10362,3
2019-08-27 16:09:18.164,10361,10362,10362,1
2019-08-27 16:09:18.164,10361,10362,10362,1
2019-08-27 16:09:18.171,10361,10362,10362,1
2019-08-27 16:09:18.184,10361,10362,10362,1
2019-08-27 16:09:18.200,10361,10362,10362,1
2019-08-27 16:09:18.243,10361,10362,10362,1
2019-08-27 16:09:18.243,10361,10362,10362,1
2019-08-27 16:09:18.245,10361,10362,10362,1
2019-08-27 16:09:18.249,10361,10362,10362,1
2019-08-27 16:09:18.250,10361,10362,10362,1
2019-08-27 16:09:18.266,10361,10362,10362,2
2019-08-27 16:09:18.392,10362,10363,10363,3
2019-08-27 16:09:18.761,10362,10363,10363,1
2019-08-27 16:09:18.920,10362,10363,10363,1
2019-08-27 16:09:19.686,10362,10363,10363,1
2019-08-27 16:09:19.814,10362,10363,10362,1
2019-08-27 16:09:20.050,10362,10363,10362,2
2019-08-27 16:09:20.050,10362,10363,10362,1
2019-08-27 16:09:20.052,10362,10363,10362,2
2019-08-27 16:09:20.052,10362,10363,10362,5
2019-08-27 16:09:20.495,10361,10362,10362,1
2019-08-27 16:09:23.521,10361,10362,10362,1
2019-08-27 16:09:26.829,10361,10363,10363,5
2019-08-27 16:09:30.287,10361,10362,10362,1
2019-08-27 16:09:30.330,10361,10362,10362,1
2019-08-27 16:09:30.398,10361,10363,10363,3
2019-08-27 16:09:32.094,10361,10362,10362,1
2019-08-27 16:09:32.643,10361,10362,10361,2
2019-08-27 16:09:32.644,10361,10362,10361,2
2019-08-27 16:09:34.436,10361,10362,10362,13
2019-08-27 16:09:35.396,10361,10362,10362,5
2019-08-27 16:09:36.341,10361,10362,10361,7
2019-08-27 16:09:37.091,10360,10361,10361,1
2019-08-27 16:09:38.109,10360,10362,10362,1
2019-08-27 16:09:44.005,10361,10362,10361,1
2019-08-27 16:09:49.092,10361,10362,10362,1
2019-08-27 16:09:50.139,10361,10362,10362,4
2019-08-27 16:09:50.926,10361,10362,10362,1
2019-08-27 16:09:52.278,10361,10362,10362,2
2019-08-27 16:09:58.948,10362,10363,10362,4
2019-08-27 16:09:59.801,10361,10362,10362,1
2019-08-27 16:10:05.798,10361,10362,10362,1
2019-08-27 16:10:16.546,10362,10363,10362,1
2019-08-27 16:10:16.987,10362,10363,10362,3
2019-08-27 16:10:16.987,10362,10363,10361,1
2019-08-27 16:10:17.221,10361,10363,10361,5
2019-08-27 16:10:17.389,10361,10363,10362,1
2019-08-27 16:10:20.137,10361,10362,10362,1
2019-08-27 16:10:20.393,10362,10363,10363,1
2019-08-27 16:10:21.519,10361,10362,10362,1
2019-08-27 16:10:23.112,10361,10362,10362,1
2019-08-27 16:10:28.758,10362,10363,10362,2
2019-08-27 16:10:30.223,10361,10362,10362,1
2019-08-27 16:10:31.398,10361,10362,10361,1
2019-08-27 16:10:32.088,10361,10362,10361,1
2019-08-27 16:10:35.232,10361,10362,10361,1
2019-08-27 16:10:35.232,10361,10362,10361,7
2019-08-27 16:10:41.194,10360,10361,10361,1
2019-08-27 16:10:41.403,10360,10361,10361,3
2019-08-27 16:10:41.558,10361,10362,10361,1
2019-08-27 16:10:50.357,10360,10361,10361,1
2019-08-27 16:10:50.657,10360,10361,10361,1
2019-08-27 16:11:00.674,10360,10361,10360,1
2019-08-27 16:11:08.950,10360,10361,10361,1
2019-08-27 16:11:25.371,10360,10361,10360,1
2019-08-27 16:11:27.542,10360,10361,10360,1
2019-08-27 16:11:27.908,10360,10361,10360,1
2019-08-27 16:11:30.331,10360,10361,10361,1
2019-08-27 16:11:31.640,10360,10361,10360,1
2019-08-27 16:11:38.954,10360,10361,10360,1
2019-08-27 16:11:39.116,10360,10361,10361,4
2019-08-27 16:11:41.277,10360,10361,10361,1
2019-08-27 16:11:41.277,10360,10361,10361,1
2019-08-27 16:11:43.298,10360,10361,10361,2
2019-08-27 16:11:46.189,10360,10361,10361,1
2019-08-27 16:11:47.771,10360,10361,10361,1
2019-08-27 16:11:50.136,10360,10361,10361,1
2019-08-27 16:11:50.178,10360,10361,10361,1
2019-08-27 16:11:51.139,10360,10361,10361,1
2019-08-27 16:12:02.718,10361,10362,10362,3
2019-08-27 16:12:04.246,10361,10362,10362,1
2019-08-27 16:12:18.755,10361,10362,10362,5
2019-08-27 16:12:24.392,10362,10363,10363,5
2019-08-27 16:12:35.290,10362,10363,10363,5
2019-08-27 16:12:40.634,10362,10363,10362,1
2019-08-27 16:12:43.237,10362,10363,10362,1
2019-08-27 16:12:46.545,10362,10363,10362,1
2019-08-27 16:13:02.817,10362,10363,10363,2
2019-08-27 16:13:03.173,10362,10363,10362,2
2019-08-27 16:13:07.831,10362,10363,10363,5
2019-08-27 16:13:09.571,10362,10363,10363,1
2019-08-27 16:13:09.966,10362,10363,10363,1
2019-08-27 16:13:17.860,10362,10363,10363,20
2019-08-27 16:13:17.860,10362,10363,10363,2
2019-08-27 16:13:17.860,10362,10363,10363,1
2019-08-27 16:13:17.861,10362,10363,10363,1
2019-08-27 16:13:17.862,10362,10363,10363,2
2019-08-27 16:13:17.864,10362,10363,10363,1
2019-08-27 16:13:17.865,10362,10363,10363,5
2019-08-27 16:13:18.282,10363,10364,10363,1
2019-08-27 16:13:18.745,10362,10364,10364,3
2019-08-27 16:13:18.853,10362,10364,10364,1
2019-08-27 16:13:18.900,10362,10364,10364,1
2019-08-27 16:13:18.900,10362,10364,10364,1
2019-08-27 16:13:18.915,10362,10364,10364,1
2019-08-27 16:13:18.916,10362,10364,10364,4
2019-08-27 16:13:18.917,10362,10364,10364,1
2019-08-27 16:13:18.924,10362,10364,10364,1
2019-08-27 16:13:19.040,10362,10364,10364,4
2019-08-27 16:13:19.046,10362,10364,10364,3
2019-08-27 16:13:19.255,10362,10364,10364,1
2019-08-27 16:13:21.804,10363,10364,10364,1
2019-08-27 16:13:21.819,10363,10364,10364,1
2019-08-27 16:13:21.833,10363,10364,10364,2
2019-08-27 16:13:24.282,10363,10364,10363,1
2019-08-27 16:13:24.398,10363,10364,10364,1
2019-08-27 16:13:30.801,10363,10364,10364,1
2019-08-27 16:13:37.721,10363,10364,10364,4
2019-08-27 16:13:39.986,10363,10364,10364,4
2019-08-27 16:13:43.436,10363,10364,10364,1
2019-08-27 16:13:43.758,10363,10364,10364,7
2019-08-27 16:13:43.758,10363,10364,10365,3
2019-08-27 16:13:43.806,10363,10365,10365,2
2019-08-27 16:13:43.806,10363,10365,10365,6
2019-08-27 16:13:43.823,10363,10365,10365,1
2019-08-27 16:13:43.896,10363,10365,10365,1
2019-08-27 16:13:43.915,10363,10365,10365,2
2019-08-27 16:13:44.103,10364,10365,10365,1
2019-08-27 16:13:44.128,10364,10365,10365,1
2019-08-27 16:13:44.167,10364,10365,10365,1
2019-08-27 16:13:44.189,10364,10365,10365,1
2019-08-27 16:13:44.293,10364,10365,10365,18
2019-08-27 16:13:45.374,10363,10365,10364,2
2019-08-27 16:13:48.737,10363,10364,10364,1
2019-08-27 16:13:49.869,10363,10364,10364,1
2019-08-27 16:13:49.908,10363,10364,10364,1
2019-08-27 16:13:51.675,10363,10364,10364,1
2019-08-27 16:13:52.195,10363,10364,10364,1
2019-08-27 16:13:53.086,10363,10364,10364,1
2019-08-27 16:13:54.429,10363,10364,10364,3
2019-08-27 16:13:54.675,10363,10364,10364,1
2019-08-27 16:13:55.563,10363,10364,10364,1
2019-08-27 16:13:56.784,10363,10364,10364,1
2019-08-27 16:13:57.575,10363,10364,10364,1
2019-08-27 16:13:57.575,10363,10364,10365,1
2019-08-27 16:13:59.789,10363,10365,10363,1
2019-08-27 16:14:01.804,10364,10365,10364,1
2019-08-27 16:14:07.737,10364,10365,10365,1
2019-08-27 16:14:18.175,10364,10365,10364,6
2019-08-27 16:14:18.620,10363,10364,10364,3
2019-08-27 16:14:21.907,10363,10364,10364,1
2019-08-27 16:14:23.069,10363,10364,10363,13
2019-08-27 16:14:23.141,10363,10364,10363,2
2019-08-27 16:14:25.313,10362,10363,10363,1
2019-08-27 16:14:29.076,10362,10363,10362,1
2019-08-27 16:14:29.141,10362,10363,10363,10
2019-08-27 16:14:32.043,10362,10363,10362,1
2019-08-27 16:14:33.449,10362,10363,10363,2
2019-08-27 16:14:39.259,10362,10363,10363,1
2019-08-27 16:14:40.344,10362,10363,10363,1
2019-08-27 16:14:43.129,10362,10363,10363,1
2019-08-27 16:14:45.125,10362,10363,10362,1
2019-08-27 16:14:52.805,10362,10363,10363,1
2019-08-27 16:15:03.472,10362,10363,10363,4
2019-08-27 16:15:09.361,10362,10363,10362,1
2019-08-27 16:15:11.996,10362,10363,10362,2
2019-08-27 16:15:19.740,10362,10363,10363,1
2019-08-27 16:15:43.391,10362,10363,10362,2
2019-08-27 16:15:43.391,10362,10363,10362,7
2019-08-27 16:15:43.516,10362,10363,10362,2
2019-08-27 16:15:46.085,10362,10363,10363,1
2019-08-27 16:15:46.633,10362,10363,10362,1
2019-08-27 16:15:53.561,10362,10363,10362,1
2019-08-27 16:15:55.638,10361,10362,10361,2
2019-08-27 16:16:00.013,10361,10362,10361,1
2019-08-27 16:16:02.795,10361,10362,10362,4
2019-08-27 16:16:02.848,10361,10362,10362,1
2019-08-27 16:16:07.588,10362,10363,10362,1
2019-08-27 16:16:09.827,10362,10363,10362,1
2019-08-27 16:16:12.649,10362,10363,10362,3
2019-08-27 16:16:15.185,10362,10363,10362,1
2019-08-27 16:16:18.279,10361,10362,10362,1
2019-08-27 16:16:24.889,10361,10362,10362,2
2019-08-27 16:16:25.654,10361,10362,10362,2
2019-08-27 16:16:25.886,10362,10363,10362,1
2019-08-27 16:16:30.949,10362,10363,10363,1
2019-08-27 16:16:30.950,10362,10363,10363,2
2019-08-27 16:16:35.384,10362,10363,10363,1
2019-08-27 16:16:41.491,10362,10363,10363,3
2019-08-27 16:16:43.976,10363,10364,10363,1
2019-08-27 16:16:44.084,10363,10364,10363,1
2019-08-27 16:16:46.479,10363,10364,10363,1
2019-08-27 16:16:51.108,10363,10364,10364,1
2019-08-27 16:16:51.268,10363,10364,10363,1
2019-08-27 16:16:52.766,10363,10364,10364,13
2019-08-27 16:16:52.891,10363,10364,10364,3
2019-08-27 16:17:07.154,10363,10364,10364,1
2019-08-27 16:17:07.469,10363,10364,10363,5
2019-08-27 16:17:29.355,10362,10363,10362,3
2019-08-27 16:17:32.491,10362,10363,10362,1
2019-08-27 16:17:32.495,10362,10363,10362,3
2019-08-27 16:17:32.516,10362,10363,10362,6
2019-08-27 16:17:32.516,10362,10363,10362,11
2019-08-27 16:17:32.516,10362,10363,10362,1
2019-08-27 16:17:32.517,10362,10363,10362,2
2019-08-27 16:17:32.517,10362,10363,10362,3
2019-08-27 16:17:32.641,10362,10363,10362,5
2019-08-27 16:17:43.930,10361,10362,10361,1
2019-08-27 16:17:45.957,10361,10362,10361,1
2019-08-27 16:17:47.064,10361,10362,10361,1
2019-08-27 16:17:48.441,10361,10362,10361,1
2019-08-27 16:17:53.164,10361,10362,10361,1
2019-08-27 16:17:53.165,10361,10362,10361,1
2019-08-27 16:17:53.266,10361,10362,10361,1
2019-08-27 16:17:53.266,10361,10362,10361,1
2019-08-27 16:17:59.935,10361,10362,10362,1
2019-08-27 16:18:27.437,10361,10362,10362,4
2019-08-27 16:18:30.516,10361,10362,10362,3
2019-08-27 16:18:32.894,10361,10362,10362,1
2019-08-27 16:18:32.894,10361,10362,10362,1
2019-08-27 16:19:01.994,10362,10363,10362,4
2019-08-27 16:19:20.523,10361,10362,10362,1
2019-08-27 16:20:34.775,10362,10363,10362,3
2019-08-27 16:20:34.775,10362,10363,10362,3
2019-08-27 16:21:02.011,10361,10362,10362,1
2019-08-27 16:21:36.291,10362,10363,10362,5
2019-08-27 16:21:37.041,10362,10363,10362,1
2019-08-27 16:21:49.485,10362,10363,10363,15
2019-08-27 16:21:51.803,10363,10364,10363,3
2019-08-27 16:21:51.803,10363,10364,10362,3
2019-08-27 16:21:53.494,10362,10364,10362,1
2019-08-27 16:22:29.456,10362,10363,10362,1
2019-08-27 16:22:35.863,10362,10363,10362,1
2019-08-27 16:22:42.139,10362,10363,10362,1
2019-08-27 16:22:49.374,10362,10363,10362,1
2019-08-27 16:22:55.252,10362,10363,10362,2
2019-08-27 16:23:01.862,10362,10363,10362,1
2019-08-27 16:23:02.815,10362,10363,10363,20
2019-08-27 16:23:02.815,10362,10363,10363,5
2019-08-27 16:23:09.549,10362,10363,10362,7
2019-08-27 16:23:09.641,10362,10363,10362,4
2019-08-27 16:23:09.641,10362,10363,10362,1
2019-08-27 16:23:09.659,10362,10363,10362,1
2019-08-27 16:23:12.276,10361,10362,10362,1
2019-08-27 16:23:12.276,10361,10362,10362,2
2019-08-27 16:23:12.276,10361,10362,10362,2
2019-08-27 16:23:19.292,10362,10363,10362,2
2019-08-27 16:23:22.952,10361,10362,10362,2
2019-08-27 16:23:29.555,10362,10363,10362,1
2019-08-27 16:23:31.770,10362,10363,10363,1
2019-08-27 16:23:36.966,10362,10363,10362,1
2019-08-27 16:23:58.937,10362,10363,10362,1
2019-08-27 16:24:03.615,10362,10363,10362,1
2019-08-27 16:24:09.682,10362,10363,10362,1
2019-08-27 16:24:16.668,10362,10363,10362,1
2019-08-27 16:24:30.641,10362,10363,10362,6
2019-08-27 16:24:44.907,10361,10362,10362,1
2019-08-27 16:24:47.194,10361,10362,10362,1
2019-08-27 16:24:47.541,10361,10363,10363,1
2019-08-27 16:24:49.501,10361,10363,10363,1
2019-08-27 16:25:01.493,10361,10362,10362,2
2019-08-27 16:25:05.683,10362,10363,10362,3
2019-08-27 16:25:10.564,10361,10362,10362,5
2019-08-27 16:25:25.865,10361,10362,10362,1
2019-08-27 16:25:26.327,10361,10362,10362,1
2019-08-27 16:25:35.447,10362,10363,10362,1
2019-08-27 16:26:11.823,10362,10363,10362,1
2019-08-27 16:26:12.463,10362,10363,10363,1
2019-08-27 16:26:12.503,10362,10363,10363,1
2019-08-27 16:26:12.508,10362,10363,10363,1
2019-08-27 16:26:29.828,10362,10363,10362,1
2019-08-27 16:26:29.829,10362,10363,10362,2
2019-08-27 16:26:29.829,10362,10363,10362,4
2019-08-27 16:26:29.829,10362,10363,10362,1
2019-08-27 16:27:03.524,10361,10362,10362,1
2019-08-27 16:27:04.433,10362,10363,10363,1
2019-08-27 16:27:40.868,10362,10363,10362,1
2019-08-27 16:27:44.172,10362,10363,10362,2
2019-08-27 16:27:57.561,10361,10362,10362,2
2019-08-27 16:28:12.119,10361,10362,10362,1
2019-08-27 16:28:38.522,10361,10362,10362,1
2019-08-27 16:28:48.484,10361,10363,10363,4
2019-08-27 16:28:48.610,10361,10363,10362,1
2019-08-27 16:28:53.744,10362,10363,10362,1
2019-08-27 16:29:04.490,10361,10362,10362,5
2019-08-27 16:29:14.111,10362,10363,10362,1
2019-08-27 16:29:24.741,10362,10363,10362,1
2019-08-27 16:29:25.756,10362,10363,10362,1
2019-08-27 16:29:44.384,10361,10362,10362,1
2019-08-27 16:30:08.544,10361,10362,10361,1
2019-08-27 16:30:08.915,10361,10362,10361,1
2019-08-27 16:30:08.920,10361,10362,10361,1
2019-08-27 16:30:09.160,10361,10362,10361,25
2019-08-27 16:30:11.392,10360,10361,10360,2
2019-08-27 16:30:11.392,10360,10361,10360,6
2019-08-27 16:30:14.010,10359,10360,10359,1
2019-08-27 16:30:14.647,10359,10360,10359,1
2019-08-27 16:30:18.134,10359,10360,10359,1
2019-08-27 16:30:22.442,10359,10360,10359,1
2019-08-27 16:30:24.486,10359,10360,10359,2
2019-08-27 16:30:24.486,10359,10360,10359,1
2019-08-27 16:30:25.432,10358,10359,10358,15
2019-08-27 16:30:25.585,10358,10359,10358,10
2019-08-27 16:30:25.745,10357,10358,10358,4
2019-08-27 16:30:25.766,10357,10358,10358,1
2019-08-27 16:30:27.844,10358,10359,10357,1
2019-08-27 16:30:28.016,10357,10358,10357,3
2019-08-27 16:30:28.024,10357,10358,10357,1
2019-08-27 16:30:28.067,10357,10358,10357,3
2019-08-27 16:30:28.090,10357,10358,10357,1
2019-08-27 16:30:28.117,10357,10358,10357,3
2019-08-27 16:30:28.141,10357,10358,10357,3
2019-08-27 16:30:31.141,10357,10358,10358,1
2019-08-27 16:30:31.267,10357,10358,10358,1
2019-08-27 16:30:31.419,10357,10359,10357,1
2019-08-27 16:30:33.170,10358,10359,10358,2
2019-08-27 16:31:02.461,10358,10359,10358,3
2019-08-27 16:31:06.283,10358,10359,10358,4
2019-08-27 16:31:08.824,10358,10359,10358,1
2019-08-27 16:31:11.739,10358,10359,10358,1
2019-08-27 16:31:15.621,10358,10359,10358,1
2019-08-27 16:31:16.714,10358,10359,10358,4
2019-08-27 16:31:19.833,10358,10359,10358,2
2019-08-27 16:31:20.093,10358,10359,10358,1
2019-08-27 16:31:21.206,10358,10359,10358,1
2019-08-27 16:31:23.862,10358,10359,10358,2
2019-08-27 16:31:30.721,10358,10359,10358,1
2019-08-27 16:31:34.831,10358,10359,10358,1
2019-08-27 16:31:50.737,10358,10359,10358,5
2019-08-27 16:31:55.954,10358,10359,10358,1
2019-08-27 16:31:58.281,10358,10359,10358,1
2019-08-27 16:32:02.610,10358,10359,10358,2
2019-08-27 16:32:02.767,10358,10359,10358,1
2019-08-27 16:32:19.071,10358,10359,10358,1
2019-08-27 16:32:19.219,10358,10359,10358,1
2019-08-27 16:32:27.831,10358,10359,10358,3
2019-08-27 16:32:28.846,10358,10359,10358,3
2019-08-27 16:32:44.407,10357,10358,10357,1
2019-08-27 16:33:00.772,10357,10358,10357,1
2019-08-27 16:33:25.540,10357,10358,10357,3
2019-08-27 16:33:26.208,10357,10358,10358,8
2019-08-27 16:33:42.982,10358,10359,10358,1
2019-08-27 16:34:01.143,10358,10359,10358,1
2019-08-27 16:34:04.292,10358,10359,10358,1
2019-08-27 16:34:05.492,10358,10359,10358,1
2019-08-27 16:34:09.567,10358,10359,10359,1
2019-08-27 16:34:57.461,10358,10359,10358,1
2019-08-27 16:35:08.697,10358,10359,10358,2
2019-08-27 16:35:25.140,10358,10359,10358,2
2019-08-27 16:35:35.877,10358,10359,10358,1
2019-08-27 16:35:35.877,10358,10359,10358,1
2019-08-27 16:35:39.743,10357,10358,10358,1
2019-08-27 16:35:54.422,10357,10358,10357,1
2019-08-27 16:35:56.762,10357,10358,10358,1
2019-08-27 16:36:49.981,10357,10358,10358,5
2019-08-27 16:37:09.631,10357,10358,10358,1
2019-08-27 16:37:22.947,10357,10358,10358,13
2019-08-27 16:37:37.614,10358,10359,10359,17
2019-08-27 16:37:37.641,10358,10359,10359,4
2019-08-27 16:37:46.010,10358,10359,10359,3
2019-08-27 16:37:46.018,10359,10360,10359,2
2019-08-27 16:37:46.471,10358,10359,10359,1
2019-08-27 16:37:47.885,10358,10359,10359,1
2019-08-27 16:37:59.570,10359,10360,10360,1
2019-08-27 16:38:02.133,10359,10360,10359,2
2019-08-27 16:38:02.224,10358,10359,10359,1
2019-08-27 16:38:18.497,10358,10359,10358,1
2019-08-27 16:38:18.497,10358,10359,10358,4
2019-08-27 16:38:18.517,10358,10359,10358,1
2019-08-27 16:38:47.012,10358,10359,10358,2
2019-08-27 16:38:49.911,10358,10359,10358,2
2019-08-27 16:38:49.911,10358,10359,10358,3
2019-08-27 16:39:09.549,10357,10358,10357,2
2019-08-27 16:39:09.549,10357,10358,10357,4
2019-08-27 16:39:09.549,10357,10358,10357,2
2019-08-27 16:39:09.552,10357,10358,10357,1
2019-08-27 16:39:09.552,10357,10358,10357,4
2019-08-27 16:39:09.553,10357,10358,10357,2
2019-08-27 16:39:09.557,10357,10358,10357,2
2019-08-27 16:39:20.047,10356,10357,10356,14
2019-08-27 16:39:20.255,10356,10357,10356,2
2019-08-27 16:39:20.467,10356,10357,10356,1
2019-08-27 16:39:24.579,10356,10357,10357,1
2019-08-27 16:39:26.296,10356,10357,10356,1
2019-08-27 16:39:31.762,10356,10357,10357,1
2019-08-27 16:39:39.045,10356,10357,10357,1
2019-08-27 16:40:07.078,10356,10357,10356,1
2019-08-27 16:40:23.133,10356,10357,10357,1
2019-08-27 16:40:27.082,10356,10357,10356,1
2019-08-27 16:40:31.345,10356,10357,10357,3
2019-08-27 16:40:31.345,10356,10357,10357,2
2019-08-27 16:40:31.345,10356,10357,10357,2
2019-08-27 16:40:31.345,10356,10357,10357,3
2019-08-27 16:40:35.174,10357,10358,10357,1
2019-08-27 16:40:38.161,10357,10358,10358,1
2019-08-27 16:40:45.987,10357,10358,10357,1
2019-08-27 16:40:53.645,10357,10358,10358,1
2019-08-27 16:40:53.852,10357,10358,10358,1
2019-08-27 16:40:54.175,10357,10358,10358,1
2019-08-27 16:40:57.803,10357,10358,10358,1
2019-08-27 16:41:00.972,10357,10358,10358,3
2019-08-27 16:41:07.614,10358,10359,10358,1
2019-08-27 16:41:09.389,10357,10358,10358,1
2019-08-27 16:41:17.493,10357,10358,10358,1
2019-08-27 16:41:41.887,10357,10358,10358,1
2019-08-27 16:41:54.032,10358,10359,10358,1
2019-08-27 16:42:18.320,10357,10358,10357,7
2019-08-27 16:42:18.632,10356,10357,10357,2
2019-08-27 16:42:20.354,10356,10357,10357,1
2019-08-27 16:43:00.480,10357,10358,10357,2
2019-08-27 16:43:06.541,10357,10358,10357,2
2019-08-27 16:44:04.806,10357,10358,10357,4
2019-08-27 16:44:05.608,10357,10358,10357,1
2019-08-27 16:44:29.630,10357,10358,10358,2
2019-08-27 16:44:29.631,10357,10358,10358,1
2019-08-27 16:44:29.631,10357,10358,10358,1
2019-08-27 16:45:02.783,10358,10359,10358,2
2019-08-27 16:45:02.783,10358,10359,10358,2
2019-08-27 16:45:57.829,10357,10358,10358,1
2019-08-27 16:46:02.894,10357,10358,10357,1
2019-08-27 16:46:18.629,10357,10358,10358,2
2019-08-27 16:46:54.243,10357,10358,10358,1
2019-08-27 16:48:05.401,10357,10358,10357,1
2019-08-27 16:48:15.043,10357,10358,10358,13
2019-08-27 16:48:20.191,10357,10358,10358,1
2019-08-27 16:48:45.826,10357,10358,10358,2
2019-08-27 16:48:54.730,10358,10359,10358,5
2019-08-27 16:49:14.543,10358,10359,10358,1
2019-08-27 16:49:39.339,10358,10359,10359,5
2019-08-27 16:49:48.712,10358,10359,10359,2
2019-08-27 16:50:52.736,10358,10359,10359,1
2019-08-27 16:51:04.052,10358,10359,10359,1
2019-08-27 16:52:04.144,10358,10359,10359,3
2019-08-27 16:52:04.266,10358,10359,10359,4
2019-08-27 16:52:25.826,10359,10360,10360,5
2019-08-27 16:52:25.826,10359,10360,10360,14
2019-08-27 16:52:34.507,10360,10361,10360,5
2019-08-27 16:52:45.540,10360,10361,10360,1
2019-08-27 16:52:45.718,10360,10361,10360,1
2019-08-27 16:52:45.767,10359,10360,10360,5
2019-08-27 16:52:47.460,10359,10361,10360,1
2019-08-27 16:53:00.147,10359,10360,10360,2
2019-08-27 16:53:27.610,10360,10361,10360,1
2019-08-27 16:53:44.826,10360,10361,10360,2
2019-08-27 16:53:44.827,10360,10361,10360,4
2019-08-27 16:53:44.892,10359,10360,10360,2
2019-08-27 16:53:45.165,10359,10361,10359,1
2019-08-27 16:54:10.270,10359,10360,10360,2
2019-08-27 16:54:11.770,10359,10360,10360,5
2019-08-27 16:54:44.697,10359,10360,10360,1
2019-08-27 16:55:00.143,10360,10361,10361,1
2019-08-27 16:55:00.553,10360,10361,10361,1
2019-08-27 16:55:00.781,10360,10361,10361,1
2019-08-27 16:55:33.376,10360,10361,10361,2
2019-08-27 16:55:34.818,10360,10361,10361,1
2019-08-27 16:55:36.718,10360,10361,10361,3
2019-08-27 16:55:36.720,10360,10361,10361,1
2019-08-27 16:55:39.212,10360,10361,10361,1
2019-08-27 16:55:59.025,10361,10362,10362,1
2019-08-27 16:56:02.528,10361,10362,10362,1
2019-08-27 16:56:03.992,10361,10362,10362,1
2019-08-27 16:56:05.838,10361,10362,10362,1
2019-08-27 16:56:16.947,10361,10362,10362,2
2019-08-27 16:56:24.172,10361,10362,10362,1
2019-08-27 16:56:34.522,10361,10362,10362,1
2019-08-27 16:56:37.943,10361,10362,10362,1
2019-08-27 16:56:38.148,10361,10362,10362,1
2019-08-27 16:56:39.579,10361,10362,10362,5
2019-08-27 16:56:39.580,10361,10362,10362,4
2019-08-27 16:56:39.580,10361,10362,10362,2
2019-08-27 16:56:39.580,10361,10362,10362,6
2019-08-27 16:56:55.874,10362,10363,10363,1
2019-08-27 16:56:55.920,10362,10363,10363,1
2019-08-27 16:57:00.821,10362,10363,10363,2
2019-08-27 16:57:03.522,10362,10363,10363,1
2019-08-27 16:57:21.142,10362,10363,10362,17
2019-08-27 16:57:24.407,10361,10362,10362,1
2019-08-27 16:57:25.865,10361,10362,10361,1
2019-08-27 16:57:25.865,10361,10362,10361,1
2019-08-27 16:57:25.866,10361,10362,10361,1
2019-08-27 16:57:25.866,10361,10362,10361,1
2019-08-27 16:57:25.866,10361,10362,10361,1
2019-08-27 16:57:25.866,10361,10362,10361,5
2019-08-27 16:57:25.866,10361,10362,10361,3
2019-08-27 16:57:32.837,10360,10361,10361,2
2019-08-27 16:57:32.837,10360,10361,10361,4
2019-08-27 16:57:32.906,10361,10362,10361,1
2019-08-27 16:57:36.179,10361,10362,10361,1
2019-08-27 16:57:40.891,10361,10362,10361,1
2019-08-27 16:58:32.454,10360,10361,10360,1
2019-08-27 16:59:22.257,10360,10361,10361,5
2019-08-27 16:59:22.439,10360,10361,10361,3
2019-08-27 16:59:22.439,10360,10361,10362,2
2019-08-27 16:59:22.523,10360,10362,10362,1
2019-08-27 16:59:36.089,10361,10362,10362,2
2019-08-27 16:59:42.323,10361,10362,10361,2
2019-08-27 16:59:42.324,10361,10362,10361,1
2019-08-27 16:59:42.351,10361,10362,10361,1
2019-08-27 16:59:59.042,10361,10362,10361,1
2019-08-27 17:00:24.851,10361,10362,10362,1
2019-08-27 17:00:25.246,10361,10362,10361,2
2019-08-27 17:00:25.744,10361,10362,10361,4
2019-08-27 17:00:27.752,10361,10362,10362,1
2019-08-27 17:00:32.654,10361,10362,10362,1
2019-08-27 17:00:34.791,10361,10362,10362,1
2019-08-27 17:00:38.542,10361,10362,10362,1
2019-08-27 17:00:42.856,10361,10362,10362,2
2019-08-27 17:00:51.866,10362,10363,10363,26
2019-08-27 17:00:51.891,10362,10363,10363,1
2019-08-27 17:00:51.967,10362,10363,10363,1
2019-08-27 17:00:51.967,10362,10363,10363,3
2019-08-27 17:00:51.967,10362,10363,10363,1
2019-08-27 17:00:51.967,10362,10363,10363,1
2019-08-27 17:00:51.967,10362,10363,10363,5
2019-08-27 17:00:51.967,10362,10363,10363,2
2019-08-27 17:00:51.967,10362,10363,10363,1
2019-08-27 17:00:51.967,10362,10363,10363,5
2019-08-27 17:00:51.968,10362,10363,10363,3
2019-08-27 17:00:56.781,10363,10364,10363,1
2019-08-27 17:01:02.513,10362,10363,10363,2
2019-08-27 17:01:09.875,10362,10363,10362,5
2019-08-27 17:01:10.670,10361,10362,10362,1
2019-08-27 17:01:12.278,10361,10362,10362,1
2019-08-27 17:01:12.498,10361,10362,10362,1
2019-08-27 17:01:12.517,10361,10362,10362,3
2019-08-27 17:01:20.293,10362,10363,10363,1
2019-08-27 17:01:34.474,10362,10363,10363,2
2019-08-27 17:01:35.480,10363,10364,10363,1
2019-08-27 17:01:43.033,10362,10363,10363,1
2019-08-27 17:01:46.119,10362,10363,10363,3
2019-08-27 17:01:46.800,10362,10363,10362,1
2019-08-27 17:02:08.214,10362,10363,10362,1
2019-08-27 17:02:09.291,10362,10363,10363,5
2019-08-27 17:02:10.291,10363,10364,10364,7
2019-08-27 17:02:10.291,10363,10364,10364,7
2019-08-27 17:02:10.291,10363,10364,10364,8
2019-08-27 17:02:10.291,10363,10364,10364,8
2019-08-27 17:02:10.292,10363,10364,10364,2
2019-08-27 17:02:10.292,10363,10364,10364,1
2019-08-27 17:02:10.292,10363,10364,10364,5
2019-08-27 17:02:10.292,10363,10364,10364,2
2019-08-27 17:02:10.293,10363,10364,10364,2
2019-08-27 17:02:10.293,10363,10364,10364,2
2019-08-27 17:02:10.293,10363,10364,10364,3
2019-08-27 17:02:10.293,10363,10364,10364,1
2019-08-27 17:02:10.293,10363,10364,10364,3
2019-08-27 17:02:10.491,10364,10365,10364,3
2019-08-27 17:02:10.597,10364,10365,10364,1
2019-08-27 17:02:11.296,10364,10365,10365,90
2019-08-27 17:02:11.496,10365,10366,10366,2
2019-08-27 17:02:11.517,10365,10366,10366,5
2019-08-27 17:02:11.532,10365,10366,10366,1
2019-08-27 17:02:11.539,10365,10366,10366,1
2019-08-27 17:02:11.540,10365,10366,10366,2
2019-08-27 17:02:11.545,10365,10366,10366,1
2019-08-27 17:02:11.545,10365,10366,10366,3
2019-08-27 17:02:11.549,10365,10366,10366,2
2019-08-27 17:02:11.553,10365,10366,10366,1
2019-08-27 17:02:11.554,10365,10366,10366,3
2019-08-27 17:02:11.563,10365,10366,10366,2
2019-08-27 17:02:11.570,10365,10366,10366,1
2019-08-27 17:02:11.572,10365,10366,10366,1
2019-08-27 17:02:11.603,10365,10366,10366,3
2019-08-27 17:02:11.641,10365,10366,10366,1
2019-08-27 17:02:11.738,10365,10366,10366,1
2019-08-27 17:02:11.970,10365,10366,10366,1
2019-08-27 17:02:12.298,10365,10366,10366,1
2019-08-27 17:02:12.307,10365,10366,10366,1
2019-08-27 17:02:12.311,10365,10366,10365,1
2019-08-27 17:02:12.629,10365,10366,10366,1
2019-08-27 17:02:12.846,10365,10366,10366,1
2019-08-27 17:02:12.993,10365,10366,10366,1
2019-08-27 17:02:16.297,10365,10366,10366,27
2019-08-27 17:02:16.297,10365,10366,10366,2
2019-08-27 17:02:17.398,10366,10367,10366,4
2019-08-27 17:02:17.400,10366,10367,10366,1
2019-08-27 17:02:17.872,10365,10367,10366,1
2019-08-27 17:02:17.876,10365,10367,10366,1
2019-08-27 17:02:19.937,10366,10367,10367,10
2019-08-27 17:02:19.976,10366,10367,10367,26
2019-08-27 17:02:20.093,10366,10367,10367,1
2019-08-27 17:02:20.125,10366,10367,10367,10
2019-08-27 17:02:20.314,10366,10367,10367,4
2019-08-27 17:02:23.298,10367,10368,10368,1
2019-08-27 17:02:23.494,10367,10368,10368,29
2019-08-27 17:02:23.557,10367,10369,10369,4
2019-08-27 17:02:23.581,10367,10369,10369,1
2019-08-27 17:02:23.633,10367,10369,10369,4
2019-08-27 17:02:23.680,10368,10369,10369,1
2019-08-27 17:02:23.688,10368,10369,10369,1
2019-08-27 17:02:23.747,10368,10369,10369,1
2019-08-27 17:02:23.757,10368,10369,10369,1
2019-08-27 17:02:23.781,10368,10369,10369,2
2019-08-27 17:02:23.865,10368,10369,10369,2
2019-08-27 17:02:23.900,10368,10369,10369,4
2019-08-27 17:02:23.948,10368,10369,10369,2
2019-08-27 17:02:24.115,10368,10369,10369,2
2019-08-27 17:02:24.173,10368,10369,10369,1
2019-08-27 17:02:24.179,10368,10369,10369,1
2019-08-27 17:02:24.195,10368,10369,10369,2
2019-08-27 17:02:24.246,10368,10369,10369,2
2019-08-27 17:02:24.331,10368,10369,10368,1
2019-08-27 17:02:24.351,10368,10369,10369,2
2019-08-27 17:02:24.378,10368,10369,10369,4
2019-08-27 17:02:24.428,10368,10369,10369,1
2019-08-27 17:02:24.428,10368,10369,10370,1
2019-08-27 17:02:24.483,10368,10369,10370,1
2019-08-27 17:02:24.499,10368,10369,10370,2
2019-08-27 17:02:24.574,10368,10370,10369,2
2019-08-27 17:02:24.574,10368,10370,10368,3
2019-08-27 17:02:24.576,10368,10370,10370,2
2019-08-27 17:02:24.674,10368,10370,10370,1
2019-08-27 17:02:24.723,10368,10370,10370,2
2019-08-27 17:02:24.792,10368,10370,10370,5
2019-08-27 17:02:24.816,10368,10370,10370,2
2019-08-27 17:02:24.937,10368,10370,10368,1
2019-08-27 17:02:24.942,10368,10370,10370,2
2019-08-27 17:02:24.957,10368,10370,10370,2
2019-08-27 17:02:25.013,10368,10370,10370,1
2019-08-27 17:02:25.058,10368,10370,10370,2
2019-08-27 17:02:25.069,10368,10370,10370,1
2019-08-27 17:02:25.086,10368,10370,10370,1
2019-08-27 17:02:25.116,10368,10370,10370,2
2019-08-27 17:02:25.181,10368,10370,10370,4
2019-08-27 17:02:25.273,10369,10370,10369,2
2019-08-27 17:02:25.434,10369,10370,10370,1
2019-08-27 17:02:25.465,10369,10370,10370,1
2019-08-27 17:02:25.885,10369,10370,10369,1
2019-08-27 17:02:26.898,10369,10370,10370,3
2019-08-27 17:02:26.898,10369,10370,10371,1
2019-08-27 17:02:27.066,10369,10371,10370,2
2019-08-27 17:02:27.066,10369,10371,10371,2
2019-08-27 17:02:27.068,10369,10371,10371,1
2019-08-27 17:02:27.121,10369,10371,10371,1
2019-08-27 17:02:27.284,10369,10371,10371,1
2019-08-27 17:02:28.535,10369,10371,10371,21
2019-08-27 17:02:28.786,10371,10372,10371,1
2019-08-27 17:02:29.142,10371,10372,10372,5
2019-08-27 17:02:29.245,10371,10372,10372,1
2019-08-27 17:02:29.315,10371,10372,10372,4
2019-08-27 17:02:29.354,10371,10372,10372,1
2019-08-27 17:02:29.715,10371,10372,10371,1
2019-08-27 17:02:29.767,10371,10372,10371,1
2019-08-27 17:02:30.318,10371,10372,10372,1
2019-08-27 17:02:30.399,10371,10372,10372,10
2019-08-27 17:02:30.649,10371,10372,10372,10
2019-08-27 17:02:30.766,10371,10372,10372,2
2019-08-27 17:02:30.767,10371,10372,10372,3
2019-08-27 17:02:31.016,10372,10373,10372,3
2019-08-27 17:02:31.067,10372,10373,10372,3
2019-08-27 17:02:31.117,10372,10373,10372,2
2019-08-27 17:02:31.117,10372,10373,10372,1
2019-08-27 17:02:31.209,10371,10373,10372,2
2019-08-27 17:02:31.211,10371,10373,10372,4
2019-08-27 17:02:31.251,10371,10373,10372,1
2019-08-27 17:02:31.321,10371,10372,10372,6
2019-08-27 17:02:31.321,10371,10372,10372,3
2019-08-27 17:02:31.372,10371,10372,10372,3
2019-08-27 17:02:31.392,10372,10373,10372,3
2019-08-27 17:02:31.430,10372,10373,10372,2
2019-08-27 17:02:31.985,10372,10373,10372,1
2019-08-27 17:02:32.493,10372,10373,10373,3
2019-08-27 17:02:32.493,10372,10373,10373,4
2019-08-27 17:02:32.493,10372,10373,10373,3
2019-08-27 17:02:32.493,10372,10373,10373,3
2019-08-27 17:02:32.494,10372,10373,10373,1
2019-08-27 17:02:32.502,10372,10373,10373,3
2019-08-27 17:02:32.531,10372,10373,10373,4
2019-08-27 17:02:32.533,10372,10373,10373,4
2019-08-27 17:02:32.589,10372,10373,10373,1
2019-08-27 17:02:32.595,10372,10373,10373,1
2019-08-27 17:02:32.626,10372,10373,10373,1
2019-08-27 17:02:32.654,10372,10373,10373,3
2019-08-27 17:02:33.180,10372,10373,10373,1
2019-08-27 17:02:33.180,10372,10373,10374,1
2019-08-27 17:02:33.537,10372,10374,10374,49
2019-08-27 17:02:33.711,10372,10374,10373,1
2019-08-27 17:02:33.746,10372,10374,10373,1
2019-08-27 17:02:33.767,10373,10374,10374,3
2019-08-27 17:02:33.846,10373,10374,10374,4
2019-08-27 17:02:33.927,10373,10375,10375,1
2019-08-27 17:02:34.036,10373,10374,10374,1
2019-08-27 17:02:34.052,10373,10374,10375,1
2019-08-27 17:02:34.081,10373,10374,10375,1
2019-08-27 17:02:34.099,10373,10374,10375,2
2019-08-27 17:02:34.115,10373,10374,10375,9
2019-08-27 17:02:34.128,10373,10374,10375,1
2019-08-27 17:02:34.144,10373,10375,10373,1
2019-08-27 17:02:34.145,10373,10375,10375,1
2019-08-27 17:02:34.393,10373,10374,10373,1
2019-08-27 17:02:34.494,10373,10374,10374,11
2019-08-27 17:02:34.641,10373,10374,10373,3
2019-08-27 17:02:34.692,10373,10374,10373,3
2019-08-27 17:02:34.742,10373,10374,10373,3
2019-08-27 17:02:35.181,10372,10374,10374,1
2019-08-27 17:02:35.268,10372,10373,10372,2
2019-08-27 17:02:35.283,10372,10373,10373,2
2019-08-27 17:02:35.617,10372,10373,10373,2
2019-08-27 17:02:35.809,10372,10373,10373,1
2019-08-27 17:02:35.967,10373,10374,10374,1
2019-08-27 17:02:36.221,10374,10375,10374,2
2019-08-27 17:02:36.222,10374,10375,10374,1
2019-08-27 17:02:36.409,10374,10375,10375,1
2019-08-27 17:02:36.423,10374,10375,10375,1
2019-08-27 17:02:36.466,10374,10375,10375,3
2019-08-27 17:02:36.804,10374,10375,10375,3
2019-08-27 17:02:37.022,10374,10375,10374,5
2019-08-27 17:02:37.024,10374,10375,10374,1
2019-08-27 17:02:37.795,10373,10374,10374,1
2019-08-27 17:02:38.284,10373,10374,10374,1
2019-08-27 17:02:38.297,10373,10374,10373,3
2019-08-27 17:02:38.391,10372,10373,10373,1
2019-08-27 17:02:38.519,10372,10373,10372,2
2019-08-27 17:02:38.520,10372,10373,10372,3
2019-08-27 17:02:38.539,10372,10373,10373,3
2019-08-27 17:02:38.642,10372,10373,10372,1
2019-08-27 17:02:39.022,10371,10372,10372,5
2019-08-27 17:02:39.428,10371,10372,10372,1
2019-08-27 17:02:39.654,10371,10372,10372,1
2019-08-27 17:02:39.804,10371,10372,10372,1
2019-08-27 17:02:39.916,10371,10372,10372,1
2019-08-27 17:02:40.016,10371,10372,10372,1
2019-08-27 17:02:40.022,10371,10372,10372,5
2019-08-27 17:02:40.090,10371,10372,10372,1
2019-08-27 17:02:40.203,10370,10372,10372,1
2019-08-27 17:02:40.517,10371,10372,10372,1
2019-08-27 17:02:41.169,10372,10373,10372,1
2019-08-27 17:02:41.375,10372,10373,10373,1
2019-08-27 17:02:41.493,10372,10373,10373,4
2019-08-27 17:02:42.523,10372,10374,10374,1
2019-08-27 17:02:42.645,10373,10374,10374,1
2019-08-27 17:02:42.669,10373,10374,10373,1
2019-08-27 17:02:43.132,10373,10374,10374,1
2019-08-27 17:02:43.218,10373,10374,10374,1
2019-08-27 17:02:43.312,10373,10374,10374,1
2019-08-27 17:02:43.414,10373,10374,10374,1
2019-08-27 17:02:43.463,10373,10374,10374,1
2019-08-27 17:02:43.540,10373,10374,10374,31
2019-08-27 17:02:44.266,10373,10374,10373,2
2019-08-27 17:02:44.267,10373,10374,10373,2
2019-08-27 17:02:44.726,10372,10373,10372,8
2019-08-27 17:02:44.728,10372,10373,10373,1
2019-08-27 17:02:44.876,10371,10373,10372,1
2019-08-27 17:02:45.690,10372,10373,10373,1
2019-08-27 17:02:45.824,10372,10373,10373,1
2019-08-27 17:02:45.963,10372,10373,10372,1
2019-08-27 17:02:47.011,10372,10373,10373,1
2019-08-27 17:02:47.160,10372,10373,10373,2
2019-08-27 17:02:47.161,10372,10373,10373,2
2019-08-27 17:02:47.161,10372,10373,10373,1
2019-08-27 17:02:47.189,10372,10373,10374,2
2019-08-27 17:02:47.196,10372,10373,10374,2
2019-08-27 17:02:47.647,10373,10374,10373,1
2019-08-27 17:02:48.134,10373,10374,10374,1
2019-08-27 17:02:48.260,10373,10374,10374,1
2019-08-27 17:02:48.282,10373,10374,10375,1
2019-08-27 17:02:48.498,10374,10375,10375,1
2019-08-27 17:02:48.541,10374,10375,10375,19
2019-08-27 17:02:48.600,10374,10375,10374,1
2019-08-27 17:02:48.624,10374,10375,10375,1
2019-08-27 17:02:48.731,10373,10375,10375,1
2019-08-27 17:02:48.832,10374,10375,10375,1
2019-08-27 17:02:48.886,10374,10375,10374,1
2019-08-27 17:02:48.949,10374,10375,10374,2
2019-08-27 17:02:48.950,10374,10375,10374,2
2019-08-27 17:02:49.023,10373,10375,10373,1
2019-08-27 17:02:49.802,10373,10374,10373,2
2019-08-27 17:02:50.321,10373,10374,10373,1
2019-08-27 17:02:51.585,10373,10374,10374,1
2019-08-27 17:02:51.666,10373,10374,10373,1
2019-08-27 17:02:51.722,10373,10374,10374,1
2019-08-27 17:02:51.827,10373,10374,10374,1
2019-08-27 17:02:51.855,10373,10374,10374,1
2019-08-27 17:02:51.945,10373,10374,10374,1
2019-08-27 17:02:52.738,10373,10374,10374,5
2019-08-27 17:02:52.999,10373,10374,10374,1
2019-08-27 17:02:53.076,10373,10374,10374,1
2019-08-27 17:02:53.076,10373,10374,10374,1
2019-08-27 17:02:54.081,10373,10374,10374,1
2019-08-27 17:02:54.305,10373,10375,10375,1
2019-08-27 17:02:54.409,10373,10374,10374,1
2019-08-27 17:02:55.243,10373,10374,10373,1
2019-08-27 17:02:55.519,10373,10374,10374,2
2019-08-27 17:02:55.690,10374,10375,10374,1
2019-08-27 17:02:55.832,10374,10375,10375,1
2019-08-27 17:02:57.109,10374,10375,10374,1
2019-08-27 17:02:57.862,10374,10375,10374,2
2019-08-27 17:02:58.233,10374,10375,10374,1
2019-08-27 17:02:58.257,10374,10375,10375,1
2019-08-27 17:02:58.269,10374,10375,10375,4
2019-08-27 17:02:58.518,10375,10376,10375,1
2019-08-27 17:02:59.763,10375,10376,10375,2
2019-08-27 17:03:00.448,10375,10376,10375,1
2019-08-27 17:03:01.343,10375,10376,10375,2
2019-08-27 17:03:01.379,10375,10376,10375,2
2019-08-27 17:03:01.379,10375,10376,10376,2
2019-08-27 17:03:01.442,10374,10375,10376,1
2019-08-27 17:03:01.452,10374,10375,10376,1
2019-08-27 17:03:01.457,10374,10375,10376,44
2019-08-27 17:03:01.457,10374,10375,10377,10
2019-08-27 17:03:01.651,10375,10377,10375,1
2019-08-27 17:03:01.655,10375,10377,10377,4
2019-08-27 17:03:01.746,10375,10377,10377,1
2019-08-27 17:03:01.751,10375,10377,10377,1
2019-08-27 17:03:01.784,10375,10377,10377,3
2019-08-27 17:03:01.784,10375,10377,10377,5
2019-08-27 17:03:01.821,10375,10377,10377,4
2019-08-27 17:03:01.827,10375,10377,10377,3
2019-08-27 17:03:01.831,10375,10377,10378,3
2019-08-27 17:03:01.892,10376,10377,10377,4
2019-08-27 17:03:01.892,10376,10377,10378,1
2019-08-27 17:03:01.955,10376,10377,10378,4
2019-08-27 17:03:01.955,10376,10377,10378,2
2019-08-27 17:03:02.022,10376,10378,10378,3
2019-08-27 17:03:02.022,10376,10378,10377,3
2019-08-27 17:03:02.039,10376,10378,10377,1
2019-08-27 17:03:02.055,10376,10378,10377,1
2019-08-27 17:03:02.065,10376,10378,10378,1
2019-08-27 17:03:02.080,10376,10378,10378,5
2019-08-27 17:03:02.140,10376,10378,10378,2
2019-08-27 17:03:02.141,10376,10378,10378,1
2019-08-27 17:03:02.144,10376,10378,10378,4
2019-08-27 17:03:02.147,10376,10378,10378,1
2019-08-27 17:03:02.156,10376,10378,10378,1
2019-08-27 17:03:02.157,10376,10378,10378,1
2019-08-27 17:03:02.157,10376,10378,10378,2
2019-08-27 17:03:02.158,10376,10378,10378,1
2019-08-27 17:03:02.194,10376,10378,10378,1
2019-08-27 17:03:02.197,10376,10378,10378,1
2019-08-27 17:03:02.203,10376,10378,10378,2
2019-08-27 17:03:02.225,10376,10378,10378,1
2019-08-27 17:03:02.240,10376,10378,10378,1
2019-08-27 17:03:02.315,10376,10378,10378,1
2019-08-27 17:03:02.391,10377,10378,10378,5
2019-08-27 17:03:02.399,10377,10378,10377,1
2019-08-27 17:03:02.452,10377,10378,10378,1
2019-08-27 17:03:02.510,10377,10378,10378,1
2019-08-27 17:03:02.511,10377,10378,10378,1
2019-08-27 17:03:02.608,10377,10378,10378,1
2019-08-27 17:03:02.641,10377,10378,10378,2
2019-08-27 17:03:02.861,10377,10378,10378,1
2019-08-27 17:03:02.921,10377,10378,10378,1
2019-08-27 17:03:02.930,10377,10378,10378,1
2019-08-27 17:03:02.956,10377,10378,10378,1
2019-08-27 17:03:02.956,10377,10378,10378,1
2019-08-27 17:03:02.959,10377,10378,10378,1
2019-08-27 17:03:02.974,10377,10378,10378,1
2019-08-27 17:03:03.056,10377,10378,10378,1
2019-08-27 17:03:03.166,10377,10378,10378,1
2019-08-27 17:03:03.199,10377,10378,10378,2
2019-08-27 17:03:03.272,10377,10378,10378,1
2019-08-27 17:03:03.393,10377,10378,10378,1
2019-08-27 17:03:03.506,10377,10378,10378,1
2019-08-27 17:03:03.525,10377,10378,10378,1
2019-08-27 17:03:03.563,10377,10378,10379,2
2019-08-27 17:03:03.695,10377,10379,10379,1
2019-08-27 17:03:03.757,10377,10379,10379,20
2019-08-27 17:03:03.941,10377,10379,10379,2
2019-08-27 17:03:04.019,10377,10378,10378,1
2019-08-27 17:03:04.037,10377,10378,10379,2
2019-08-27 17:03:04.155,10377,10378,10378,1
2019-08-27 17:03:04.159,10377,10378,10378,2
2019-08-27 17:03:04.240,10377,10378,10378,2
2019-08-27 17:03:04.779,10377,10379,10379,1
2019-08-27 17:03:05.012,10377,10379,10377,2
2019-08-27 17:03:05.228,10377,10378,10378,1
2019-08-27 17:03:05.680,10377,10378,10378,1
2019-08-27 17:03:05.862,10377,10378,10377,2
2019-08-27 17:03:05.916,10377,10378,10378,1
2019-08-27 17:03:05.982,10377,10378,10378,4
2019-08-27 17:03:07.514,10377,10378,10378,2
2019-08-27 17:03:07.909,10377,10378,10378,1
2019-08-27 17:03:09.278,10377,10378,10378,1
2019-08-27 17:03:09.568,10377,10378,10378,1
2019-08-27 17:03:09.939,10377,10378,10377,1
2019-08-27 17:03:10.516,10377,10378,10377,5
2019-08-27 17:03:10.641,10377,10378,10377,9
2019-08-27 17:03:10.760,10377,10378,10376,1
2019-08-27 17:03:11.735,10376,10377,10376,2
2019-08-27 17:03:12.030,10375,10376,10376,1
2019-08-27 17:03:12.037,10375,10376,10376,1
2019-08-27 17:03:12.403,10375,10376,10376,2
2019-08-27 17:03:12.538,10375,10376,10375,2
2019-08-27 17:03:13.655,10375,10376,10375,1
2019-08-27 17:03:13.799,10375,10376,10376,3
2019-08-27 17:03:14.146,10375,10376,10375,1
2019-08-27 17:03:16.351,10375,10376,10376,4
2019-08-27 17:03:16.461,10375,10376,10376,2
2019-08-27 17:03:16.949,10375,10377,10375,2
2019-08-27 17:03:17.160,10376,10377,10376,3
2019-08-27 17:03:18.462,10376,10377,10376,1
2019-08-27 17:03:19.554,10376,10377,10377,1
2019-08-27 17:03:24.690,10376,10377,10376,7
2019-08-27 17:03:25.244,10375,10376,10375,2
2019-08-27 17:03:25.847,10375,10376,10375,1
2019-08-27 17:03:27.828,10375,10376,10376,3
2019-08-27 17:03:27.828,10375,10376,10377,5
2019-08-27 17:03:31.141,10375,10376,10375,1
2019-08-27 17:03:33.802,10375,10376,10375,1
2019-08-27 17:03:35.325,10375,10376,10375,1
2019-08-27 17:03:37.627,10375,10376,10375,1
2019-08-27 17:03:38.023,10375,10376,10375,1
2019-08-27 17:03:40.479,10375,10376,10375,1
2019-08-27 17:03:42.320,10375,10376,10375,1
2019-08-27 17:03:42.378,10375,10376,10375,2
2019-08-27 17:03:42.520,10375,10376,10375,5
2019-08-27 17:03:44.333,10374,10375,10374,3
2019-08-27 17:03:44.347,10374,10375,10374,2
2019-08-27 17:03:44.351,10374,10375,10374,1
2019-08-27 17:03:45.174,10373,10374,10374,1
2019-08-27 17:03:48.051,10373,10374,10374,5
2019-08-27 17:03:48.971,10374,10375,10374,1
2019-08-27 17:03:49.275,10374,10375,10374,1
2019-08-27 17:03:49.723,10374,10375,10374,1
2019-08-27 17:03:50.221,10374,10375,10374,1
2019-08-27 17:03:50.381,10374,10375,10374,2
2019-08-27 17:03:50.494,10374,10375,10374,1
2019-08-27 17:03:50.608,10374,10375,10374,1
2019-08-27 17:03:50.718,10374,10375,10374,1
2019-08-27 17:03:51.644,10374,10375,10375,2
2019-08-27 17:03:51.768,10374,10375,10375,1
2019-08-27 17:03:52.175,10374,10375,10374,2
2019-08-27 17:03:52.176,10374,10375,10374,2
2019-08-27 17:03:52.176,10374,10375,10374,1
2019-08-27 17:03:53.251,10373,10374,10373,1
2019-08-27 17:03:54.838,10373,10374,10374,2
2019-08-27 17:03:55.007,10373,10375,10374,1
2019-08-27 17:03:55.362,10373,10375,10375,2
2019-08-27 17:03:56.142,10373,10374,10374,2
2019-08-27 17:03:57.093,10374,10375,10374,2
2019-08-27 17:03:57.093,10374,10375,10374,2
2019-08-27 17:03:58.142,10373,10374,10374,1
2019-08-27 17:03:58.641,10373,10374,10374,1
2019-08-27 17:03:59.095,10373,10374,10374,1
2019-08-27 17:03:59.581,10373,10374,10373,4
2019-08-27 17:03:59.603,10373,10374,10373,4
2019-08-27 17:03:59.616,10373,10374,10374,1
2019-08-27 17:03:59.627,10373,10374,10374,1
2019-08-27 17:03:59.638,10373,10374,10374,1
2019-08-27 17:04:00.214,10374,10375,10374,1
2019-08-27 17:04:00.818,10374,10375,10374,1
2019-08-27 17:04:00.943,10374,10375,10374,2
2019-08-27 17:04:02.223,10374,10375,10375,12
2019-08-27 17:04:02.266,10374,10375,10375,1
