2025-02-03 15:00:00.080,22603,22610,22612,59,59
2025-02-03 15:00:00.082,22612,22613,22612,1,-1
2025-02-03 15:00:00.082,22612,22613,22611,1,-1
2025-02-03 15:00:00.257,22611,22613,22611,1,-1
2025-02-03 15:00:00.271,22611,22613,22608,1,-1
2025-02-03 15:00:00.271,22611,22613,22606,3,-3
2025-02-03 15:00:00.319,22611,22613,22606,1,-1
2025-02-03 15:00:00.353,22606,22613,22606,1,-1
2025-02-03 15:00:00.353,22606,22613,22606,1,-1
2025-02-03 15:00:00.355,22606,22613,22606,1,-1
2025-02-03 15:00:00.358,22606,22613,22606,1,-1
2025-02-03 15:00:00.435,22606,22613,22605,1,-1
2025-02-03 15:00:00.435,22606,22613,22603,1,-1
2025-02-03 15:00:00.456,22606,22613,22612,2,2
2025-02-03 15:00:00.485,22604,22613,22603,5,-5
2025-02-03 15:00:00.565,22604,22613,22608,1,-1
2025-02-03 15:00:00.572,22604,22613,22606,1,-1
2025-02-03 15:00:00.572,22604,22613,22605,1,-1
2025-02-03 15:00:00.679,22604,22610,22604,1,-1
2025-02-03 15:00:00.924,22603,22610,22605,1,-1
2025-02-03 15:00:01.194,22601,22609,22607,1,1
2025-02-03 15:00:01.198,22601,22609,22608,1,1
2025-02-03 15:00:01.257,22605,22609,22605,1,-1
2025-02-03 15:00:01.257,22605,22609,22602,1,-1
2025-02-03 15:00:02.065,22602,22607,22605,1,1
2025-02-03 15:00:02.262,22601,22605,22605,1,1
2025-02-03 15:00:02.390,22602,22606,22605,1,1
2025-02-03 15:00:02.436,22602,22606,22606,1,1
2025-02-03 15:00:02.605,22603,22607,22606,2,2
2025-02-03 15:00:03.076,22604,22607,22604,1,-1
2025-02-03 15:00:04.097,22603,22607,22606,2,2
2025-02-03 15:00:05.216,22603,22606,22605,2,2
2025-02-03 15:00:05.234,22603,22606,22606,3,3
2025-02-03 15:00:05.236,22603,22606,22607,5,5
2025-02-03 15:00:05.253,22603,22606,22605,1,1
2025-02-03 15:00:05.253,22603,22606,22604,1,-1
2025-02-03 15:00:05.267,22603,22606,22604,1,-1
2025-02-03 15:00:05.270,22603,22606,22606,1,1
2025-02-03 15:00:05.274,22603,22606,22607,1,1
2025-02-03 15:00:05.276,22603,22606,22606,1,1
2025-02-03 15:00:05.279,22603,22606,22606,1,1
2025-02-03 15:00:05.282,22603,22606,22606,1,1
2025-02-03 15:00:05.409,22605,22607,22607,3,3
2025-02-03 15:00:05.978,22605,22608,22608,1,1
2025-02-03 15:00:06.005,22605,22608,22608,5,5
2025-02-03 15:00:06.006,22605,22608,22609,7,7
2025-02-03 15:00:06.007,22605,22608,22610,3,3
2025-02-03 15:00:06.064,22605,22608,22609,1,1
2025-02-03 15:00:06.065,22605,22608,22611,2,2
2025-02-03 15:00:06.066,22605,22608,22609,1,1
2025-02-03 15:00:06.068,22605,22608,22608,1,1
2025-02-03 15:00:06.069,22605,22608,22609,1,1
2025-02-03 15:00:06.073,22605,22608,22608,1,1
2025-02-03 15:00:06.264,22607,22609,22607,1,-1
2025-02-03 15:00:06.373,22606,22609,22609,1,1
2025-02-03 15:00:06.977,22608,22610,22610,1,1
2025-02-03 15:00:06.977,22608,22610,22610,3,3
2025-02-03 15:00:07.064,22608,22610,22610,1,1
2025-02-03 15:00:07.066,22608,22610,22611,1,1
2025-02-03 15:00:07.068,22608,22610,22610,1,1
2025-02-03 15:00:07.130,22609,22611,22609,1,-1
2025-02-03 15:00:07.264,22609,22611,22608,1,-1
2025-02-03 15:00:07.264,22609,22611,22609,1,-1
2025-02-03 15:00:09.264,22606,22609,22606,4,-4
2025-02-03 15:00:11.265,22607,22609,22607,1,-1
2025-02-03 15:00:11.292,22607,22609,22607,1,-1
2025-02-03 15:00:11.346,22606,22609,22606,1,-1
2025-02-03 15:00:12.852,22607,22609,22607,2,-2
2025-02-03 15:00:13.058,22607,22609,22609,5,5
2025-02-03 15:00:13.059,22607,22609,22610,1,1
2025-02-03 15:00:13.091,22607,22609,22609,1,1
2025-02-03 15:00:14.080,22608,22610,22609,1,1
2025-02-03 15:00:14.996,22609,22610,22610,2,2
2025-02-03 15:00:15.834,22609,22611,22609,1,-1
2025-02-03 15:00:15.863,22609,22611,22609,1,-1
2025-02-03 15:00:18.212,22609,22611,22611,1,1
2025-02-03 15:00:20.001,22609,22611,22611,2,2
2025-02-03 15:00:20.707,22610,22612,22612,1,1
2025-02-03 15:00:21.088,22611,22613,22611,4,-4
2025-02-03 15:00:21.088,22611,22613,22610,1,-1
2025-02-03 15:00:21.136,22610,22613,22613,1,1
2025-02-03 15:00:22.497,22611,22613,22611,1,-1
2025-02-03 15:00:22.747,22610,22613,22610,2,-2
2025-02-03 15:00:22.899,22610,22613,22613,1,1
2025-02-03 15:00:23.032,22610,22613,22613,1,1
2025-02-03 15:00:23.282,22611,22615,22615,1,1
2025-02-03 15:00:23.607,22612,22615,22615,1,1
2025-02-03 15:00:23.912,22612,22615,22615,1,1
2025-02-03 15:00:24.407,22613,22615,22615,1,1
2025-02-03 15:00:25.093,22613,22616,22613,1,-1
2025-02-03 15:00:25.995,22612,22614,22612,1,-1
2025-02-03 15:00:26.103,22610,22613,22613,1,1
2025-02-03 15:00:26.548,22611,22615,22615,1,1
2025-02-03 15:00:27.962,22611,22614,22614,2,2
2025-02-03 15:00:27.962,22611,22614,22615,2,2
2025-02-03 15:00:27.962,22611,22614,22616,5,5
2025-02-03 15:00:27.964,22611,22614,22617,1,1
2025-02-03 15:00:28.313,22615,22617,22615,1,-1
2025-02-03 15:00:29.706,22615,22617,22617,1,1
2025-02-03 15:00:31.371,22615,22617,22616,1,1
2025-02-03 15:00:31.428,22615,22617,22615,2,-2
2025-02-03 15:00:32.156,22617,22618,22617,2,-2
2025-02-03 15:00:32.531,22615,22618,22618,1,1
2025-02-03 15:00:32.591,22615,22618,22618,1,1
2025-02-03 15:00:32.644,22615,22618,22618,1,1
2025-02-03 15:00:32.747,22616,22618,22618,1,1
2025-02-03 15:00:32.759,22616,22618,22619,1,1
2025-02-03 15:00:32.765,22616,22618,22619,1,1
2025-02-03 15:00:32.790,22616,22618,22620,1,1
2025-02-03 15:00:32.792,22616,22618,22620,1,1
2025-02-03 15:00:32.792,22616,22618,22620,1,1
2025-02-03 15:00:32.793,22616,22618,22620,1,1
2025-02-03 15:00:32.976,22618,22621,22621,1,1
2025-02-03 15:00:33.255,22618,22621,22618,1,-1
2025-02-03 15:00:33.727,22617,22619,22617,1,-1
2025-02-03 15:00:36.898,22619,22620,22619,1,-1
2025-02-03 15:00:37.290,22619,22620,22620,1,1
2025-02-03 15:00:38.612,22619,22621,22619,2,-2
2025-02-03 15:00:39.086,22620,22621,22621,1,1
2025-02-03 15:00:39.715,22620,22621,22620,1,-1
2025-02-03 15:00:40.055,22619,22621,22620,1,-1
2025-02-03 15:00:41.013,22619,22620,22620,1,1
2025-02-03 15:00:41.492,22620,22621,22621,1,1
2025-02-03 15:00:41.663,22620,22621,22621,4,4
2025-02-03 15:00:42.056,22620,22622,22620,1,-1
2025-02-03 15:00:42.129,22620,22622,22622,2,2
2025-02-03 15:00:43.452,22620,22622,22622,2,2
2025-02-03 15:00:43.452,22620,22622,22622,1,1
2025-02-03 15:00:43.929,22621,22623,22623,1,1
2025-02-03 15:00:44.782,22620,22623,22623,1,1
2025-02-03 15:00:44.816,22620,22623,22623,1,1
2025-02-03 15:00:44.959,22621,22624,22621,1,-1
2025-02-03 15:00:45.744,22622,22623,22623,1,1
2025-02-03 15:00:46.165,22622,22624,22624,1,1
2025-02-03 15:00:46.914,22622,22624,22624,1,1
2025-02-03 15:00:47.300,22622,22624,22622,1,-1
2025-02-03 15:00:47.683,22622,22623,22623,1,1
2025-02-03 15:00:47.690,22622,22623,22623,2,2
2025-02-03 15:00:49.088,22622,22624,22622,1,-1
2025-02-03 15:00:50.803,22620,22623,22623,1,1
2025-02-03 15:00:50.804,22620,22623,22623,1,1
2025-02-03 15:00:50.809,22620,22623,22623,1,1
2025-02-03 15:00:51.122,22620,22622,22622,2,2
2025-02-03 15:00:53.286,22620,22622,22622,2,2
2025-02-03 15:00:53.286,22620,22622,22623,3,3
2025-02-03 15:00:53.286,22620,22622,22624,8,8
2025-02-03 15:00:53.378,22621,22622,22622,1,1
2025-02-03 15:00:55.371,22621,22623,22623,1,1
2025-02-03 15:00:55.500,22622,22624,22624,2,2
2025-02-03 15:00:55.502,22622,22624,22625,3,3
2025-02-03 15:00:55.502,22622,22624,22625,1,1
2025-02-03 15:00:56.427,22625,22627,22627,2,2
2025-02-03 15:00:57.248,22625,22627,22627,1,1
2025-02-03 15:00:57.658,22626,22627,22627,1,1
2025-02-03 15:00:58.892,22627,22628,22628,1,1
2025-02-03 15:00:59.010,22627,22628,22628,10,10
2025-02-03 15:00:59.021,22627,22628,22629,1,1
2025-02-03 15:00:59.022,22627,22628,22630,1,1
2025-02-03 15:00:59.022,22627,22628,22630,1,1
2025-02-03 15:00:59.022,22627,22628,22630,1,1
2025-02-03 15:00:59.120,22630,22632,22630,1,-1
2025-02-03 15:00:59.151,22630,22632,22632,1,1
2025-02-03 15:00:59.240,22629,22632,22629,1,-1
2025-02-03 15:01:00.141,22628,22630,22628,1,-1
2025-02-03 15:01:00.191,22628,22630,22630,2,2
2025-02-03 15:01:00.236,22629,22631,22632,1,1
2025-02-03 15:01:00.244,22629,22631,22632,2,2
2025-02-03 15:01:00.244,22629,22631,22632,1,1
2025-02-03 15:01:00.245,22629,22631,22633,1,1
2025-02-03 15:01:00.246,22629,22631,22633,1,1
2025-02-03 15:01:00.295,22629,22631,22632,1,1
2025-02-03 15:01:00.306,22629,22631,22632,1,1
2025-02-03 15:01:00.307,22629,22631,22631,1,1
2025-02-03 15:01:00.309,22629,22631,22631,1,1
2025-02-03 15:01:00.435,22629,22631,22631,1,1
2025-02-03 15:01:00.624,22629,22632,22632,1,1
2025-02-03 15:01:00.961,22631,22633,22633,1,1
2025-02-03 15:01:01.280,22631,22633,22633,1,1
2025-02-03 15:01:01.280,22631,22633,22633,1,1
2025-02-03 15:01:01.348,22633,22634,22634,1,1
2025-02-03 15:01:01.348,22633,22634,22634,1,1
2025-02-03 15:01:01.349,22633,22634,22635,1,1
2025-02-03 15:01:01.709,22634,22636,22634,2,-2
2025-02-03 15:01:01.709,22634,22636,22633,2,-2
2025-02-03 15:01:02.498,22633,22635,22633,1,-1
2025-02-03 15:01:03.250,22630,22633,22633,3,3
2025-02-03 15:01:03.321,22630,22633,22633,1,1
2025-02-03 15:01:03.329,22630,22633,22630,4,-4
2025-02-03 15:01:03.380,22629,22632,22632,1,1
2025-02-03 15:01:03.505,22630,22633,22632,1,1
2025-02-03 15:01:03.505,22630,22633,22633,2,2
2025-02-03 15:01:03.627,22631,22634,22633,1,1
2025-02-03 15:01:04.018,22633,22635,22634,1,1
2025-02-03 15:01:04.828,22633,22635,22633,1,-1
2025-02-03 15:01:05.285,22633,22635,22635,4,4
2025-02-03 15:01:05.513,22633,22636,22633,1,-1
2025-02-03 15:01:06.282,22633,22635,22633,5,-5
2025-02-03 15:01:06.327,22633,22635,22629,2,-2
2025-02-03 15:01:06.335,22633,22635,22630,2,-2
2025-02-03 15:01:06.335,22633,22635,22631,1,-1
2025-02-03 15:01:06.361,22628,22631,22628,1,-1
2025-02-03 15:01:06.418,22628,22631,22631,1,1
2025-02-03 15:01:06.614,22629,22632,22632,1,1
2025-02-03 15:01:07.398,22630,22633,22633,1,1
2025-02-03 15:01:07.429,22630,22633,22631,1,-1
2025-02-03 15:01:07.473,22630,22633,22633,1,1
2025-02-03 15:01:08.359,22631,22634,22634,1,1
2025-02-03 15:01:10.282,22633,22635,22635,1,1
2025-02-03 15:01:11.612,22633,22635,22633,2,-2
2025-02-03 15:01:11.612,22633,22635,22633,2,-2
2025-02-03 15:01:11.614,22633,22635,22632,1,-1
2025-02-03 15:01:11.630,22633,22635,22633,4,-4
2025-02-03 15:01:11.821,22631,22634,22631,2,-2
2025-02-03 15:01:11.877,22630,22631,22631,2,2
2025-02-03 15:01:14.141,22631,22633,22631,1,-1
2025-02-03 15:01:14.141,22631,22633,22630,3,-3
2025-02-03 15:01:14.234,22629,22632,22632,1,1
2025-02-03 15:01:16.132,22629,22632,22629,2,-2
2025-02-03 15:01:16.190,22629,22632,22629,1,-1
2025-02-03 15:01:17.065,22630,22632,22630,3,-3
2025-02-03 15:01:17.065,22630,22632,22629,1,-1
2025-02-03 15:01:17.900,22629,22632,22632,1,1
2025-02-03 15:01:20.352,22629,22632,22632,1,1
2025-02-03 15:01:20.473,22629,22632,22632,1,1
2025-02-03 15:01:20.473,22629,22632,22632,1,1
2025-02-03 15:01:20.474,22629,22632,22633,1,1
2025-02-03 15:01:20.474,22629,22632,22633,1,1
2025-02-03 15:01:20.480,22629,22632,22633,1,1
2025-02-03 15:01:22.408,22632,22634,22632,1,-1
2025-02-03 15:01:23.241,22630,22633,22635,11,11
2025-02-03 15:01:23.241,22630,22633,22635,1,1
2025-02-03 15:01:23.241,22630,22633,22633,2,2
2025-02-03 15:01:23.241,22630,22633,22634,8,8
2025-02-03 15:01:23.242,22630,22633,22635,1,1
2025-02-03 15:01:23.299,22630,22633,22636,1,1
2025-02-03 15:01:23.301,22630,22633,22636,8,8
2025-02-03 15:01:23.301,22630,22633,22637,1,1
2025-02-03 15:01:23.378,22636,22638,22636,2,-2
2025-02-03 15:01:23.428,22636,22638,22638,1,1
2025-02-03 15:01:24.229,22636,22638,22638,2,2
2025-02-03 15:01:24.231,22636,22638,22639,4,4
2025-02-03 15:01:24.378,22639,22640,22640,14,14
2025-02-03 15:01:24.380,22639,22640,22642,2,2
2025-02-03 15:01:24.421,22639,22640,22644,1,1
2025-02-03 15:01:25.875,22642,22644,22642,1,-1
2025-02-03 15:01:29.272,22641,22643,22643,4,4
2025-02-03 15:01:29.624,22641,22643,22641,1,-1
2025-02-03 15:01:30.208,22638,22640,22640,1,1
2025-02-03 15:01:30.224,22638,22640,22640,1,1
2025-02-03 15:01:30.225,22638,22640,22641,1,1
2025-02-03 15:01:30.639,22642,22643,22643,1,1
2025-02-03 15:01:31.639,22642,22644,22642,1,-1
2025-02-03 15:01:32.541,22641,22643,22641,1,-1
2025-02-03 15:01:34.075,22638,22640,22638,1,-1
2025-02-03 15:01:34.315,22637,22640,22640,1,1
2025-02-03 15:01:36.617,22635,22637,22637,2,2
2025-02-03 15:01:36.617,22635,22637,22638,1,1
2025-02-03 15:01:36.617,22635,22637,22639,4,4
2025-02-03 15:01:36.617,22635,22637,22640,8,8
2025-02-03 15:01:39.012,22638,22640,22638,1,-1
2025-02-03 15:01:39.098,22638,22640,22640,1,1
2025-02-03 15:01:39.099,22638,22640,22641,1,1
2025-02-03 15:01:39.099,22638,22640,22641,1,1
2025-02-03 15:01:39.138,22638,22640,22640,1,1
2025-02-03 15:01:39.635,22639,22641,22639,1,-1
2025-02-03 15:01:40.253,22636,22640,22639,1,1
2025-02-03 15:01:42.237,22636,22639,22637,1,-1
2025-02-03 15:01:42.889,22636,22639,22636,1,-1
2025-02-03 15:01:42.889,22636,22639,22635,1,-1
2025-02-03 15:01:42.890,22636,22639,22635,6,-6
2025-02-03 15:01:43.892,22632,22633,22633,1,1
2025-02-03 15:01:45.374,22632,22634,22632,3,-3
2025-02-03 15:01:45.530,22631,22633,22634,1,1
2025-02-03 15:01:47.098,22633,22636,22636,1,1
2025-02-03 15:01:47.128,22633,22636,22635,1,1
2025-02-03 15:01:47.441,22635,22638,22635,1,-1
2025-02-03 15:01:49.272,22634,22637,22637,3,3
2025-02-03 15:01:49.272,22634,22637,22638,4,4
2025-02-03 15:01:52.193,22638,22639,22639,3,3
2025-02-03 15:01:52.194,22638,22639,22640,1,1
2025-02-03 15:01:52.195,22638,22639,22640,1,1
2025-02-03 15:01:52.195,22638,22639,22640,1,1
2025-02-03 15:01:52.334,22639,22640,22639,2,-2
2025-02-03 15:01:54.126,22638,22639,22638,1,-1
2025-02-03 15:01:54.162,22638,22639,22639,3,3
2025-02-03 15:01:57.457,22637,22639,22639,2,2
2025-02-03 15:01:57.497,22639,22640,22640,2,2
2025-02-03 15:01:57.584,22639,22640,22639,4,-4
2025-02-03 15:02:00.204,22632,22634,22633,1,-1
2025-02-03 15:02:00.256,22631,22633,22633,1,1
2025-02-03 15:02:00.313,22631,22633,22634,1,1
2025-02-03 15:02:00.439,22633,22634,22633,1,-1
2025-02-03 15:02:00.686,22631,22634,22634,1,1
2025-02-03 15:02:00.987,22634,22637,22634,1,-1
2025-02-03 15:02:01.258,22633,22636,22636,1,1
2025-02-03 15:02:03.567,22631,22634,22632,1,-1
2025-02-03 15:02:04.965,22631,22633,22631,1,-1
2025-02-03 15:02:05.373,22630,22633,22633,1,1
2025-02-03 15:02:05.843,22630,22631,22631,2,2
2025-02-03 15:02:05.843,22630,22631,22632,3,3
2025-02-03 15:02:07.721,22631,22634,22631,1,-1
2025-02-03 15:02:08.141,22632,22634,22634,2,2
2025-02-03 15:02:08.644,22635,22636,22636,2,2
2025-02-03 15:02:11.569,22634,22637,22637,4,4
2025-02-03 15:02:11.569,22634,22637,22638,1,1
2025-02-03 15:02:15.320,22635,22637,22634,1,-1
2025-02-03 15:02:17.156,22633,22635,22635,1,1
2025-02-03 15:02:17.156,22633,22635,22636,4,4
2025-02-03 15:02:20.304,22634,22636,22636,1,1
2025-02-03 15:02:20.327,22634,22636,22637,5,5
2025-02-03 15:02:20.402,22637,22638,22637,1,-1
2025-02-03 15:02:20.647,22636,22638,22638,3,3
2025-02-03 15:02:20.787,22638,22639,22639,2,2
2025-02-03 15:02:20.787,22638,22639,22640,1,1
2025-02-03 15:02:20.788,22638,22639,22640,1,1
2025-02-03 15:02:22.716,22636,22639,22639,4,4
2025-02-03 15:02:22.716,22636,22639,22640,1,1
2025-02-03 15:02:22.771,22637,22640,22638,2,-2
2025-02-03 15:02:23.669,22640,22642,22639,3,-3
2025-02-03 15:02:25.546,22636,22639,22639,4,4
2025-02-03 15:02:25.546,22636,22639,22640,1,1
2025-02-03 15:02:27.108,22636,22639,22639,2,2
2025-02-03 15:02:28.225,22636,22639,22639,4,4
2025-02-03 15:02:28.225,22636,22639,22640,1,1
2025-02-03 15:02:30.234,22638,22639,22638,1,-1
2025-02-03 15:02:30.274,22638,22639,22639,1,1
2025-02-03 15:02:30.471,22637,22639,22639,2,2
2025-02-03 15:02:32.371,22636,22639,22636,2,-2
2025-02-03 15:02:32.373,22636,22639,22635,1,-1
2025-02-03 15:02:32.665,22634,22636,22636,1,1
2025-02-03 15:02:33.612,22636,22638,22636,1,-1
2025-02-03 15:02:33.752,22635,22637,22638,2,2
2025-02-03 15:02:33.752,22635,22637,22639,3,3
2025-02-03 15:02:34.369,22637,22640,22637,1,-1
2025-02-03 15:02:34.780,22639,22640,22639,2,-2
2025-02-03 15:02:35.431,22638,22640,22640,1,1
2025-02-03 15:02:35.584,22640,22641,22640,1,-1
2025-02-03 15:02:35.584,22640,22641,22639,4,-4
2025-02-03 15:02:36.825,22636,22639,22636,4,-4
2025-02-03 15:02:36.830,22636,22639,22635,1,-1
2025-02-03 15:02:37.325,22634,22636,22634,1,-1
2025-02-03 15:02:37.326,22634,22636,22636,2,2
2025-02-03 15:02:37.452,22633,22635,22635,1,1
2025-02-03 15:02:37.639,22635,22638,22635,2,-2
2025-02-03 15:02:39.260,22634,22637,22637,4,4
2025-02-03 15:02:39.260,22634,22637,22638,1,1
2025-02-03 15:02:40.892,22635,22638,22638,3,3
2025-02-03 15:02:40.892,22635,22638,22639,2,2
2025-02-03 15:02:41.842,22637,22639,22637,1,-1
2025-02-03 15:02:43.264,22637,22639,22639,2,2
2025-02-03 15:02:43.535,22637,22639,22639,2,2
2025-02-03 15:02:43.535,22637,22639,22640,3,3
2025-02-03 15:02:43.537,22637,22639,22638,1,1
2025-02-03 15:02:44.795,22636,22639,22637,4,-4
2025-02-03 15:02:44.795,22636,22639,22638,1,1
2025-02-03 15:02:46.346,22635,22638,22639,2,2
2025-02-03 15:02:46.346,22635,22638,22638,3,3
2025-02-03 15:02:48.548,22636,22639,22639,5,5
2025-02-03 15:02:50.401,22637,22639,22639,1,1
2025-02-03 15:02:50.401,22637,22639,22640,4,4
2025-02-03 15:02:51.520,22638,22640,22640,1,1
2025-02-03 15:02:52.343,22640,22641,22641,1,1
2025-02-03 15:02:53.431,22640,22642,22642,2,2
2025-02-03 15:02:53.431,22640,22642,22642,2,2
2025-02-03 15:02:53.922,22641,22643,22641,1,-1
2025-02-03 15:02:53.957,22641,22643,22643,2,2
2025-02-03 15:02:53.957,22641,22643,22644,8,8
2025-02-03 15:02:53.957,22641,22643,22645,16,16
2025-02-03 15:02:53.958,22641,22643,22645,1,1
2025-02-03 15:02:53.959,22641,22643,22646,1,1
2025-02-03 15:02:53.960,22641,22643,22646,1,1
2025-02-03 15:02:53.960,22641,22643,22646,1,1
2025-02-03 15:02:54.002,22646,22647,22647,1,1
2025-02-03 15:02:54.037,22646,22647,22646,1,-1
2025-02-03 15:02:54.096,22646,22647,22647,2,2
2025-02-03 15:02:54.384,22646,22648,22648,1,1
2025-02-03 15:02:54.522,22646,22648,22646,1,-1
2025-02-03 15:02:55.122,22645,22646,22645,1,-1
2025-02-03 15:02:55.212,22645,22646,22645,1,-1
2025-02-03 15:02:55.212,22645,22646,22645,1,-1
2025-02-03 15:02:55.212,22645,22646,22645,2,-2
2025-02-03 15:02:55.212,22645,22646,22645,8,-8
2025-02-03 15:02:55.248,22643,22646,22643,1,-1
2025-02-03 15:02:55.292,22643,22646,22646,1,1
2025-02-03 15:02:55.359,22644,22646,22646,1,1
2025-02-03 15:02:55.552,22645,22648,22648,1,1
2025-02-03 15:02:55.875,22645,22646,22645,1,-1
2025-02-03 15:02:55.921,22645,22646,22648,3,3
2025-02-03 15:02:55.921,22645,22646,22646,1,1
2025-02-03 15:02:55.921,22645,22646,22647,1,1
2025-02-03 15:02:56.229,22645,22646,22645,1,-1
2025-02-03 15:02:56.777,22644,22647,22644,1,-1
2025-02-03 15:02:57.379,22643,22646,22643,1,-1
2025-02-03 15:02:58.023,22643,22646,22643,1,-1
2025-02-03 15:02:58.624,22643,22645,22643,1,-1
2025-02-03 15:02:59.224,22643,22645,22643,1,-1
2025-02-03 15:02:59.730,22642,22645,22642,1,-1
2025-02-03 15:03:00.734,22640,22643,22642,1,1
2025-02-03 15:03:01.470,22640,22643,22643,4,4
2025-02-03 15:03:01.470,22640,22643,22644,1,1
2025-02-03 15:03:04.256,22642,22643,22643,2,2
2025-02-03 15:03:04.257,22642,22643,22644,1,1
2025-02-03 15:03:04.759,22643,22645,22645,1,1
2025-02-03 15:03:04.759,22643,22645,22645,2,2
2025-02-03 15:03:05.749,22642,22645,22645,2,2
2025-02-03 15:03:07.136,22643,22646,22646,2,2
2025-02-03 15:03:08.900,22643,22645,22645,1,1
2025-02-03 15:03:10.350,22643,22645,22645,1,1
2025-02-03 15:03:11.532,22642,22644,22642,4,-4
2025-02-03 15:03:13.291,22640,22643,22641,1,-1
2025-02-03 15:03:14.181,22638,22640,22638,1,-1
2025-02-03 15:03:14.181,22638,22640,22638,1,-1
2025-02-03 15:03:15.395,22636,22638,22636,1,-1
2025-02-03 15:03:15.826,22636,22638,22638,2,2
2025-02-03 15:03:17.411,22637,22640,22640,1,1
2025-02-03 15:03:17.639,22637,22640,22637,1,-1
2025-02-03 15:03:17.644,22637,22640,22637,1,-1
2025-02-03 15:03:17.648,22637,22640,22636,1,-1
2025-02-03 15:03:17.670,22637,22640,22636,1,-1
2025-02-03 15:03:18.097,22638,22640,22638,1,-1
2025-02-03 15:03:23.588,22638,22640,22639,1,-1
2025-02-03 15:03:24.035,22638,22640,22638,1,-1
2025-02-03 15:03:27.518,22637,22640,22637,1,-1
2025-02-03 15:03:27.744,22636,22639,22636,1,-1
2025-02-03 15:03:27.748,22636,22639,22636,1,-1
2025-02-03 15:03:27.995,22636,22639,22636,1,-1
2025-02-03 15:03:28.000,22636,22639,22636,1,-1
2025-02-03 15:03:28.102,22636,22639,22639,1,1
2025-02-03 15:03:28.355,22637,22639,22637,2,-2
2025-02-03 15:03:28.356,22637,22639,22637,1,-1
2025-02-03 15:03:30.174,22636,22637,22637,1,1
2025-02-03 15:03:30.256,22637,22639,22637,1,-1
2025-02-03 15:03:32.133,22636,22639,22639,1,1
2025-02-03 15:03:32.134,22636,22639,22639,2,2
2025-02-03 15:03:32.135,22636,22639,22639,1,1
2025-02-03 15:03:32.737,22638,22640,22638,1,-1
2025-02-03 15:03:33.280,22638,22639,22639,1,1
2025-02-03 15:03:33.313,22638,22639,22638,1,-1
2025-02-03 15:03:33.313,22638,22639,22637,3,-3
2025-02-03 15:03:33.729,22636,22639,22636,6,-6
2025-02-03 15:03:33.729,22636,22639,22636,4,-4
2025-02-03 15:03:33.730,22636,22639,22635,1,-1
2025-02-03 15:03:33.882,22634,22635,22636,1,1
2025-02-03 15:03:35.999,22634,22635,22635,1,1
2025-02-03 15:03:36.010,22634,22635,22635,1,1
2025-02-03 15:03:36.657,22634,22635,22635,1,1
2025-02-03 15:03:37.238,22634,22637,22634,4,-4
2025-02-03 15:03:37.238,22634,22637,22633,1,-1
2025-02-03 15:03:37.837,22633,22635,22633,1,-1
2025-02-03 15:03:37.843,22633,22635,22633,1,-1
2025-02-03 15:03:37.844,22632,22634,22633,6,-6
2025-02-03 15:03:38.183,22632,22634,22632,1,-1
2025-02-03 15:03:38.185,22632,22634,22633,1,-1
2025-02-03 15:03:38.186,22632,22634,22633,1,-1
2025-02-03 15:03:38.188,22632,22634,22631,1,-1
2025-02-03 15:03:38.241,22631,22634,22631,1,-1
2025-02-03 15:03:39.050,22631,22634,22634,1,1
2025-02-03 15:03:39.051,22631,22634,22634,1,1
2025-02-03 15:03:39.071,22631,22634,22634,1,1
2025-02-03 15:03:39.106,22632,22635,22634,1,1
2025-02-03 15:03:39.124,22632,22635,22635,1,1
2025-02-03 15:03:39.266,22631,22634,22633,1,1
2025-02-03 15:03:40.234,22631,22632,22632,1,1
2025-02-03 15:03:40.294,22631,22632,22632,1,1
2025-02-03 15:03:41.134,22631,22633,22633,1,1
2025-02-03 15:03:41.654,22631,22633,22631,1,-1
2025-02-03 15:03:41.654,22631,22633,22631,1,-1
2025-02-03 15:03:41.862,22630,22632,22630,2,-2
2025-02-03 15:03:41.862,22630,22632,22630,4,-4
2025-02-03 15:03:41.983,22629,22630,22629,1,-1
2025-02-03 15:03:41.983,22629,22630,22628,1,-1
2025-02-03 15:03:42.104,22629,22630,22630,1,1
2025-02-03 15:03:43.221,22630,22633,22630,2,-2
2025-02-03 15:03:43.731,22629,22632,22629,1,-1
2025-02-03 15:03:45.194,22631,22632,22631,1,-1
2025-02-03 15:03:46.483,22629,22630,22629,2,-2
2025-02-03 15:03:46.495,22629,22630,22630,1,1
2025-02-03 15:03:49.254,22629,22630,22629,2,-2
2025-02-03 15:03:50.611,22629,22630,22629,1,-1
2025-02-03 15:03:51.041,22628,22630,22628,1,-1
2025-02-03 15:03:52.872,22629,22630,22630,1,1
2025-02-03 15:03:52.872,22629,22630,22630,1,1
2025-02-03 15:03:52.878,22629,22630,22631,1,1
2025-02-03 15:03:53.044,22630,22633,22630,1,-1
2025-02-03 15:03:58.751,22630,22631,22630,1,-1
2025-02-03 15:03:59.901,22629,22630,22629,1,-1
2025-02-03 15:04:00.212,22629,22630,22629,1,-1
2025-02-03 15:04:00.242,22627,22629,22629,1,1
2025-02-03 15:04:02.001,22627,22629,22627,1,-1
2025-02-03 15:04:02.001,22627,22629,22627,3,-3
2025-02-03 15:04:02.001,22627,22629,22627,1,-1
2025-02-03 15:04:02.232,22626,22628,22626,1,-1
2025-02-03 15:04:05.892,22626,22628,22626,1,-1
2025-02-03 15:04:10.326,22625,22627,22627,1,1
2025-02-03 15:04:15.438,22625,22628,22626,1,-1
2025-02-03 15:04:15.462,22625,22628,22625,3,-3
2025-02-03 15:04:17.946,22624,22625,22624,1,-1
2025-02-03 15:04:18.073,22623,22625,22623,1,-1
2025-02-03 15:04:21.930,22623,22624,22624,1,1
2025-02-03 15:04:26.255,22624,22625,22624,1,-1
2025-02-03 15:04:27.057,22622,22625,22625,1,1
2025-02-03 15:04:27.548,22622,22625,22625,1,1
2025-02-03 15:04:27.548,22622,22625,22625,1,1
2025-02-03 15:04:30.208,22624,22626,22626,2,2
2025-02-03 15:04:30.208,22624,22626,22627,3,3
2025-02-03 15:04:30.208,22624,22626,22628,2,2
2025-02-03 15:04:30.208,22624,22626,22628,2,2
2025-02-03 15:04:30.208,22624,22626,22628,2,2
2025-02-03 15:04:30.209,22624,22626,22629,1,1
2025-02-03 15:04:30.210,22624,22626,22629,1,1
2025-02-03 15:04:30.500,22628,22630,22630,1,1
2025-02-03 15:04:37.535,22626,22628,22628,1,1
2025-02-03 15:04:37.536,22626,22628,22629,1,1
2025-02-03 15:04:37.694,22628,22630,22630,1,1
2025-02-03 15:04:37.694,22628,22630,22630,1,1
2025-02-03 15:04:37.694,22628,22630,22630,1,1
2025-02-03 15:04:37.853,22629,22631,22631,1,1
2025-02-03 15:04:40.181,22628,22631,22628,2,-2
2025-02-03 15:04:40.239,22627,22630,22630,2,2
2025-02-03 15:04:40.363,22627,22628,22628,1,1
2025-02-03 15:04:41.430,22627,22630,22630,1,1
2025-02-03 15:04:44.090,22628,22630,22630,3,3
2025-02-03 15:04:44.090,22628,22630,22631,2,2
2025-02-03 15:04:45.982,22628,22631,22628,4,-4
2025-02-03 15:04:45.982,22628,22631,22628,2,-2
2025-02-03 15:04:45.982,22628,22631,22627,2,-2
2025-02-03 15:04:45.982,22628,22631,22627,4,-4
2025-02-03 15:04:45.983,22628,22631,22627,2,-2
2025-02-03 15:04:45.984,22628,22631,22626,2,-2
2025-02-03 15:04:45.984,22628,22631,22626,2,-2
2025-02-03 15:04:46.007,22628,22631,22625,1,-1
2025-02-03 15:04:51.694,22625,22627,22627,1,1
2025-02-03 15:04:51.694,22625,22627,22628,5,5
2025-02-03 15:04:51.694,22625,22627,22629,4,4
2025-02-03 15:04:51.695,22625,22627,22629,1,1
2025-02-03 15:04:51.722,22629,22630,22629,1,-1
2025-02-03 15:05:00.229,22628,22630,22630,2,2
2025-02-03 15:05:00.433,22630,22631,22631,2,2
2025-02-03 15:05:00.433,22630,22631,22632,1,1
2025-02-03 15:05:00.622,22631,22633,22633,1,1
2025-02-03 15:05:00.690,22631,22633,22633,2,2
2025-02-03 15:05:00.690,22631,22633,22634,3,3
2025-02-03 15:05:00.690,22631,22633,22635,1,1
2025-02-03 15:05:00.761,22632,22635,22635,4,4
2025-02-03 15:05:01.624,22635,22637,22635,6,-6
2025-02-03 15:05:01.626,22635,22637,22635,4,-4
2025-02-03 15:05:02.251,22633,22636,22636,2,2
2025-02-03 15:05:06.364,22633,22636,22636,3,3
2025-02-03 15:05:06.367,22633,22636,22636,1,1
2025-02-03 15:05:06.753,22635,22638,22638,1,1
2025-02-03 15:05:11.316,22637,22639,22639,1,1
2025-02-03 15:05:11.506,22639,22640,22640,10,10
2025-02-03 15:05:11.692,22639,22641,22641,1,1
2025-02-03 15:05:12.613,22639,22641,22639,1,-1
2025-02-03 15:05:13.417,22637,22640,22637,1,-1
2025-02-03 15:05:15.271,22636,22639,22639,2,2
2025-02-03 15:05:16.315,22639,22640,22640,1,1
2025-02-03 15:05:16.315,22639,22640,22640,1,1
2025-02-03 15:05:19.507,22638,22641,22640,1,1
2025-02-03 15:05:20.249,22638,22639,22639,1,1
2025-02-03 15:05:22.665,22636,22638,22636,1,-1
2025-02-03 15:05:22.874,22635,22637,22635,1,-1
2025-02-03 15:05:22.907,22635,22637,22636,1,-1
2025-02-03 15:05:24.727,22632,22633,22632,1,-1
2025-02-03 15:05:27.496,22631,22633,22633,1,1
2025-02-03 15:05:33.871,22636,22638,22636,1,-1
2025-02-03 15:05:33.871,22636,22638,22635,2,-2
2025-02-03 15:05:36.421,22635,22638,22637,1,1
2025-02-03 15:05:36.524,22636,22639,22636,1,-1
2025-02-03 15:05:40.160,22636,22638,22636,1,-1
2025-02-03 15:05:40.295,22636,22638,22638,1,1
2025-02-03 15:05:41.472,22637,22638,22637,1,-1
2025-02-03 15:05:44.797,22635,22637,22635,1,-1
2025-02-03 15:05:50.728,22634,22636,22637,4,4
2025-02-03 15:05:50.728,22634,22636,22637,1,1
2025-02-03 15:05:50.728,22634,22636,22636,4,4
2025-02-03 15:05:50.756,22634,22636,22636,1,1
2025-02-03 15:05:51.360,22636,22638,22636,1,-1
2025-02-03 15:05:56.073,22634,22637,22634,1,-1
2025-02-03 15:06:03.206,22634,22637,22637,2,2
2025-02-03 15:06:03.873,22636,22638,22638,1,1
2025-02-03 15:06:04.254,22637,22639,22637,1,-1
2025-02-03 15:06:07.275,22638,22639,22639,1,1
2025-02-03 15:06:07.278,22638,22639,22640,3,3
2025-02-03 15:06:13.047,22639,22641,22641,2,2
2025-02-03 15:06:13.047,22639,22641,22641,1,1
2025-02-03 15:06:13.047,22639,22641,22641,1,1
2025-02-03 15:06:16.660,22640,22642,22640,7,-7
2025-02-03 15:06:16.718,22640,22642,22639,1,-1
2025-02-03 15:06:27.682,22637,22639,22637,1,-1
2025-02-03 15:06:28.001,22634,22637,22634,1,-1
2025-02-03 15:06:28.538,22634,22636,22636,1,1
2025-02-03 15:06:31.078,22634,22637,22637,1,1
2025-02-03 15:06:35.838,22634,22636,22634,1,-1
2025-02-03 15:06:35.979,22634,22636,22634,1,-1
2025-02-03 15:06:36.331,22634,22636,22635,1,-1
2025-02-03 15:06:36.455,22634,22636,22634,1,-1
2025-02-03 15:06:38.264,22633,22635,22633,1,-1
2025-02-03 15:06:38.452,22633,22635,22633,1,-1
2025-02-03 15:06:38.634,22633,22635,22633,1,-1
2025-02-03 15:06:38.778,22632,22634,22632,1,-1
2025-02-03 15:06:39.770,22631,22634,22631,1,-1
2025-02-03 15:06:39.906,22631,22634,22631,1,-1
2025-02-03 15:06:40.183,22631,22634,22634,1,1
2025-02-03 15:06:41.427,22632,22635,22632,1,-1
2025-02-03 15:06:41.612,22632,22635,22632,1,-1
2025-02-03 15:06:43.081,22632,22635,22632,1,-1
2025-02-03 15:06:43.242,22631,22634,22631,1,-1
2025-02-03 15:06:45.106,22630,22631,22630,1,-1
2025-02-03 15:06:45.179,22630,22631,22629,1,-1
2025-02-03 15:06:45.346,22629,22630,22629,1,-1
2025-02-03 15:06:45.498,22629,22630,22629,1,-1
2025-02-03 15:06:45.993,22629,22630,22629,1,-1
2025-02-03 15:06:47.258,22629,22630,22630,2,2
2025-02-03 15:06:47.723,22631,22632,22631,1,-1
2025-02-03 15:06:47.987,22629,22631,22629,1,-1
2025-02-03 15:06:48.150,22629,22631,22629,1,-1
2025-02-03 15:06:49.988,22628,22631,22628,1,-1
2025-02-03 15:06:50.183,22627,22630,22627,1,-1
2025-02-03 15:06:50.330,22627,22630,22627,1,-1
2025-02-03 15:06:51.780,22627,22629,22627,1,-1
2025-02-03 15:06:53.019,22626,22629,22626,1,-1
2025-02-03 15:06:53.906,22625,22628,22625,1,-1
2025-02-03 15:06:54.171,22625,22627,22625,1,-1
2025-02-03 15:06:54.313,22624,22626,22624,1,-1
2025-02-03 15:06:56.051,22624,22626,22624,1,-1
2025-02-03 15:06:56.218,22624,22626,22623,1,-1
2025-02-03 15:06:56.741,22623,22625,22625,1,1
2025-02-03 15:06:57.318,22623,22626,22623,5,-5
2025-02-03 15:06:58.463,22623,22625,22624,1,-1
2025-02-03 15:06:59.029,22623,22626,22623,1,-1
2025-02-03 15:07:01.038,22623,22624,22624,1,1
2025-02-03 15:07:01.039,22623,22624,22625,1,1
2025-02-03 15:07:01.067,22623,22624,22624,1,1
2025-02-03 15:07:01.690,22624,22625,22625,1,1
2025-02-03 15:07:01.833,22624,22626,22626,1,1
2025-02-03 15:07:02.200,22625,22626,22626,1,1
2025-02-03 15:07:03.500,22628,22630,22628,1,-1
2025-02-03 15:07:09.864,22626,22628,22628,1,1
2025-02-03 15:07:09.866,22626,22628,22628,1,1
2025-02-03 15:07:14.397,22628,22630,22628,1,-1
2025-02-03 15:07:15.274,22628,22630,22630,3,3
2025-02-03 15:07:15.793,22629,22631,22629,1,-1
2025-02-03 15:07:15.793,22629,22631,22628,6,-6
2025-02-03 15:07:15.793,22629,22631,22627,5,-5
2025-02-03 15:07:15.793,22629,22631,22627,2,-2
2025-02-03 15:07:15.794,22629,22631,22628,1,-1
2025-02-03 15:07:15.794,22629,22631,22626,2,-2
2025-02-03 15:07:16.131,22624,22626,22624,3,-3
2025-02-03 15:07:22.094,22623,22626,22623,3,-3
2025-02-03 15:07:24.197,22622,22625,22625,2,2
2025-02-03 15:07:26.803,22624,22626,22624,2,-2
2025-02-03 15:07:28.839,22624,22626,22626,1,1
2025-02-03 15:07:35.784,22626,22629,22626,1,-1
2025-02-03 15:07:42.419,22626,22628,22626,1,-1
2025-02-03 15:07:44.456,22624,22626,22626,1,1
2025-02-03 15:07:44.456,22624,22626,22627,1,1
2025-02-03 15:07:44.457,22624,22626,22628,4,4
2025-02-03 15:07:48.377,22628,22630,22630,2,2
2025-02-03 15:08:00.097,22630,22631,22631,1,1
2025-02-03 15:08:00.316,22630,22631,22630,2,-2
2025-02-03 15:08:08.347,22628,22630,22628,1,-1
2025-02-03 15:08:11.598,22627,22629,22627,1,-1
2025-02-03 15:08:12.807,22626,22628,22628,2,2
2025-02-03 15:08:12.807,22626,22628,22629,4,4
2025-02-03 15:08:12.807,22626,22628,22630,2,2
2025-02-03 15:08:12.807,22626,22628,22630,2,2
2025-02-03 15:08:17.285,22629,22632,22629,1,-1
2025-02-03 15:08:17.458,22629,22632,22632,1,1
2025-02-03 15:08:17.462,22629,22632,22632,1,1
2025-02-03 15:08:17.468,22629,22632,22633,1,1
2025-02-03 15:08:17.482,22630,22633,22633,1,1
2025-02-03 15:08:20.240,22631,22633,22633,1,1
2025-02-03 15:08:20.263,22631,22633,22632,1,1
2025-02-03 15:08:20.348,22632,22635,22635,1,1
2025-02-03 15:08:22.273,22632,22634,22634,2,2
2025-02-03 15:08:22.645,22632,22633,22633,1,1
2025-02-03 15:08:23.064,22632,22634,22632,1,-1
2025-02-03 15:08:23.064,22632,22634,22631,2,-2
2025-02-03 15:08:23.064,22632,22634,22631,3,-3
2025-02-03 15:08:23.065,22632,22634,22631,1,-1
2025-02-03 15:08:30.475,22627,22628,22628,1,1
2025-02-03 15:08:35.594,22627,22628,22627,1,-1
2025-02-03 15:08:38.956,22626,22627,22626,2,-2
2025-02-03 15:08:42.079,22625,22626,22626,2,2
2025-02-03 15:08:42.822,22626,22627,22627,1,1
2025-02-03 15:08:47.653,22625,22627,22627,1,1
2025-02-03 15:08:51.615,22625,22627,22625,1,-1
2025-02-03 15:08:51.909,22624,22626,22624,2,-2
2025-02-03 15:08:59.297,22623,22624,22623,1,-1
2025-02-03 15:09:00.236,22623,22624,22624,1,1
2025-02-03 15:09:00.540,22623,22625,22625,1,1
2025-02-03 15:09:12.238,22624,22625,22625,2,2
2025-02-03 15:09:12.240,22624,22625,22626,1,1
2025-02-03 15:09:13.828,22625,22628,22625,1,-1
2025-02-03 15:09:15.151,22624,22627,22624,1,-1
2025-02-03 15:09:17.827,22623,22625,22623,1,-1
2025-02-03 15:09:17.829,22623,22625,22622,1,-1
2025-02-03 15:09:17.829,22623,22625,22622,2,-2
2025-02-03 15:09:17.830,22623,22625,22622,1,-1
2025-02-03 15:09:17.830,22623,22625,22622,2,-2
2025-02-03 15:09:17.830,22623,22625,22622,1,-1
2025-02-03 15:09:20.248,22622,22623,22623,1,1
2025-02-03 15:09:23.307,22623,22625,22625,2,2
2025-02-03 15:09:30.149,22624,22626,22626,1,1
2025-02-03 15:09:30.149,22624,22626,22626,1,1
2025-02-03 15:09:30.208,22624,22626,22626,1,1
2025-02-03 15:09:30.436,22625,22628,22628,1,1
2025-02-03 15:09:43.028,22626,22629,22626,4,-4
2025-02-03 15:09:43.074,22626,22629,22626,1,-1
2025-02-03 15:09:47.400,22625,22626,22626,1,1
2025-02-03 15:09:47.400,22625,22626,22627,2,2
2025-02-03 15:09:54.945,22625,22627,22625,1,-1
2025-02-03 15:09:55.164,22624,22625,22625,6,6
2025-02-03 15:09:56.934,22625,22627,22627,1,1
2025-02-03 15:09:56.934,22625,22627,22627,1,1
2025-02-03 15:09:59.261,22626,22628,22627,2,2
2025-02-03 15:09:59.261,22626,22628,22628,3,3
2025-02-03 15:10:08.379,22626,22628,22628,1,1
2025-02-03 15:10:08.571,22626,22628,22628,1,1
2025-02-03 15:10:08.810,22626,22629,22629,1,1
2025-02-03 15:10:09.786,22626,22628,22627,1,1
2025-02-03 15:10:11.717,22626,22628,22626,2,-2
2025-02-03 15:10:11.752,22626,22628,22625,1,-1
2025-02-03 15:10:12.231,22624,22626,22626,1,1
2025-02-03 15:10:12.332,22624,22626,22624,4,-4
2025-02-03 15:10:15.181,22622,22625,22622,1,-1
2025-02-03 15:10:17.640,22622,22624,22624,1,1
2025-02-03 15:10:17.642,22622,22624,22625,3,3
2025-02-03 15:10:20.375,22625,22628,22625,1,-1
2025-02-03 15:10:20.390,22625,22628,22625,4,-4
2025-02-03 15:10:20.392,22625,22628,22625,1,-1
2025-02-03 15:10:32.461,22622,22625,22625,1,1
2025-02-03 15:10:36.305,22622,22623,22622,1,-1
2025-02-03 15:10:38.754,22621,22622,22621,5,-5
2025-02-03 15:10:38.755,22621,22622,22621,1,-1
2025-02-03 15:10:38.898,22620,22622,22621,1,-1
2025-02-03 15:10:39.917,22621,22622,22622,1,1
2025-02-03 15:10:40.831,22623,22624,22623,1,-1
2025-02-03 15:10:45.405,22622,22623,22622,1,-1
2025-02-03 15:10:45.752,22621,22622,22622,1,1
2025-02-03 15:10:45.753,22621,22622,22623,3,3
2025-02-03 15:10:45.760,22621,22622,22624,1,1
2025-02-03 15:10:48.549,22623,22626,22623,6,-6
2025-02-03 15:10:58.402,22622,22625,22622,1,-1
2025-02-03 15:11:05.239,22623,22625,22625,1,1
2025-02-03 15:11:09.989,22627,22629,22627,1,-1
2025-02-03 15:11:13.402,22628,22630,22630,2,2
2025-02-03 15:11:13.402,22628,22630,22630,2,2
2025-02-03 15:11:14.024,22630,22632,22630,1,-1
2025-02-03 15:11:15.775,22629,22632,22629,5,-5
2025-02-03 15:11:15.803,22629,22632,22630,1,-1
2025-02-03 15:11:20.174,22627,22630,22630,1,1
2025-02-03 15:11:24.780,22629,22631,22631,1,1
2025-02-03 15:11:24.782,22629,22631,22631,1,1
2025-02-03 15:11:24.782,22629,22631,22632,2,2
2025-02-03 15:11:24.995,22631,22633,22633,1,1
2025-02-03 15:11:24.995,22631,22633,22634,3,3
2025-02-03 15:11:26.816,22630,22633,22630,1,-1
2025-02-03 15:11:36.966,22630,22631,22630,1,-1
2025-02-03 15:11:39.584,22627,22628,22627,2,-2
2025-02-03 15:11:39.784,22624,22628,22628,1,1
2025-02-03 15:11:48.185,22625,22626,22626,1,1
2025-02-03 15:11:48.975,22625,22626,22625,1,-1
2025-02-03 15:11:50.889,22624,22626,22625,1,-1
2025-02-03 15:11:53.216,22624,22625,22624,1,-1
2025-02-03 15:11:53.639,22622,22624,22624,3,3
2025-02-03 15:12:02.476,22624,22625,22625,2,2
2025-02-03 15:12:03.567,22625,22628,22625,2,-2
2025-02-03 15:12:03.568,22625,22628,22624,3,-3
2025-02-03 15:12:03.569,22625,22628,22624,2,-2
2025-02-03 15:12:03.581,22625,22628,22623,1,-1
2025-02-03 15:12:03.618,22622,22625,22622,2,-2
2025-02-03 15:12:03.624,22622,22625,22621,1,-1
2025-02-03 15:12:03.663,22622,22625,22620,1,-1
2025-02-03 15:12:03.667,22622,22625,22620,1,-1
2025-02-03 15:12:03.710,22622,22625,22620,1,-1
2025-02-03 15:12:03.770,22620,22622,22620,1,-1
2025-02-03 15:12:04.616,22621,22624,22624,1,1
2025-02-03 15:12:17.433,22621,22623,22622,1,1
2025-02-03 15:12:17.433,22621,22623,22623,5,5
2025-02-03 15:12:17.568,22624,22627,22626,1,1
2025-02-03 15:12:17.576,22624,22627,22625,1,-1
2025-02-03 15:12:17.581,22624,22627,22625,1,-1
2025-02-03 15:12:18.205,22623,22626,22625,1,1
2025-02-03 15:12:28.280,22622,22624,22622,1,-1
2025-02-03 15:12:31.642,22622,22624,22624,1,1
2025-02-03 15:12:31.642,22622,22624,22624,1,1
2025-02-03 15:12:31.642,22622,22624,22625,1,1
2025-02-03 15:12:31.642,22622,22624,22625,4,4
2025-02-03 15:12:31.642,22622,22624,22626,4,4
2025-02-03 15:12:31.643,22622,22624,22625,1,1
2025-02-03 15:12:31.644,22622,22624,22626,1,1
2025-02-03 15:12:31.644,22622,22624,22627,2,2
2025-02-03 15:12:31.653,22622,22624,22628,1,1
2025-02-03 15:12:31.781,22627,22629,22628,1,1
2025-02-03 15:12:31.785,22627,22629,22628,1,1
2025-02-03 15:12:31.789,22627,22629,22628,1,1
2025-02-03 15:12:31.793,22627,22629,22628,1,1
2025-02-03 15:12:32.269,22629,22630,22629,1,-1
2025-02-03 15:12:32.326,22629,22630,22630,1,1
2025-02-03 15:12:54.577,22627,22629,22628,1,1
2025-02-03 15:12:55.193,22627,22629,22628,1,1
2025-02-03 15:12:55.194,22627,22629,22629,1,1
2025-02-03 15:12:55.194,22627,22629,22629,1,1
2025-02-03 15:13:00.223,22626,22628,22627,1,1
2025-02-03 15:13:00.223,22626,22628,22627,2,2
2025-02-03 15:13:00.546,22626,22628,22629,3,3
2025-02-03 15:13:00.546,22626,22628,22628,1,1
2025-02-03 15:13:00.550,22626,22628,22630,1,1
2025-02-03 15:13:00.554,22626,22628,22632,4,4
2025-02-03 15:13:00.568,22626,22628,22632,2,2
2025-02-03 15:13:00.568,22626,22628,22633,2,2
2025-02-03 15:13:01.913,22629,22632,22629,1,-1
2025-02-03 15:13:06.329,22629,22632,22631,1,1
2025-02-03 15:13:17.776,22629,22632,22629,2,-2
2025-02-03 15:13:19.445,22630,22632,22632,1,1
2025-02-03 15:13:19.445,22630,22632,22632,2,2
2025-02-03 15:13:19.446,22630,22632,22631,2,2
2025-02-03 15:13:20.171,22632,22634,22632,1,-1
2025-02-03 15:13:20.226,22630,22633,22633,5,5
2025-02-03 15:13:21.944,22633,22634,22633,1,-1
2025-02-03 15:13:24.960,22632,22633,22633,1,1
2025-02-03 15:13:29.453,22632,22635,22635,2,2
2025-02-03 15:13:30.445,22633,22635,22634,1,1
2025-02-03 15:13:33.197,22633,22635,22635,5,5
2025-02-03 15:13:40.085,22635,22637,22636,1,1
2025-02-03 15:13:40.230,22635,22637,22637,10,10
2025-02-03 15:13:40.230,22635,22637,22638,1,1
2025-02-03 15:13:40.231,22635,22637,22638,1,1
2025-02-03 15:13:40.231,22635,22637,22638,1,1
2025-02-03 15:13:40.232,22635,22637,22638,4,4
2025-02-03 15:13:40.232,22635,22637,22638,2,2
2025-02-03 15:13:40.232,22635,22637,22638,1,1
2025-02-03 15:13:40.375,22638,22639,22639,1,1
2025-02-03 15:13:40.376,22638,22639,22639,2,2
2025-02-03 15:13:41.038,22639,22640,22639,1,-1
2025-02-03 15:13:45.042,22636,22639,22637,1,-1
2025-02-03 15:13:45.512,22637,22639,22639,1,1
2025-02-03 15:13:46.512,22638,22639,22638,2,-2
2025-02-03 15:13:48.795,22637,22638,22638,1,1
2025-02-03 15:13:50.097,22637,22639,22637,2,-2
2025-02-03 15:13:50.098,22637,22639,22636,8,-8
2025-02-03 15:13:50.137,22637,22639,22634,1,-1
2025-02-03 15:13:50.501,22633,22634,22633,1,-1
2025-02-03 15:13:57.046,22630,22633,22630,1,-1
2025-02-03 15:14:00.236,22627,22630,22629,2,2
2025-02-03 15:14:00.336,22627,22630,22630,1,1
2025-02-03 15:14:02.579,22627,22629,22627,1,-1
2025-02-03 15:14:12.884,22626,22628,22628,2,2
2025-02-03 15:14:24.381,22628,22629,22629,3,3
2025-02-03 15:14:25.483,22630,22632,22632,1,1
2025-02-03 15:14:29.427,22628,22630,22630,1,1
2025-02-03 15:14:35.271,22629,22632,22632,3,3
2025-02-03 15:14:40.291,22630,22632,22632,1,1
2025-02-03 15:14:40.460,22631,22634,22631,2,-2
2025-02-03 15:14:40.460,22631,22634,22631,2,-2
2025-02-03 15:14:40.461,22631,22634,22630,1,-1
2025-02-03 15:14:41.779,22627,22630,22628,4,-4
2025-02-03 15:14:48.812,22627,22630,22630,3,3
2025-02-03 15:15:00.236,22629,22630,22630,1,1
2025-02-03 15:15:04.593,22627,22630,22629,1,1
2025-02-03 15:15:04.593,22627,22630,22628,1,-1
2025-02-03 15:15:12.467,22627,22629,22629,1,1
2025-02-03 15:15:12.937,22627,22629,22629,2,2
2025-02-03 15:15:12.938,22627,22629,22630,1,1
2025-02-03 15:15:12.939,22627,22629,22630,1,1
2025-02-03 15:15:13.379,22629,22632,22629,1,-1
2025-02-03 15:15:13.473,22629,22632,22629,1,-1
2025-02-03 15:15:16.557,22629,22632,22629,1,-1
2025-02-03 15:15:34.006,22628,22630,22630,2,2
2025-02-03 15:15:34.480,22630,22633,22630,2,-2
2025-02-03 15:15:40.750,22628,22630,22629,2,-2
2025-02-03 15:15:40.809,22628,22630,22630,1,1
2025-02-03 15:15:41.617,22627,22629,22629,2,2
2025-02-03 15:15:41.617,22627,22629,22630,2,2
2025-02-03 15:15:41.724,22627,22630,22627,1,-1
2025-02-03 15:15:45.478,22627,22628,22627,1,-1
2025-02-03 15:15:54.708,22625,22626,22626,1,1
2025-02-03 15:15:54.708,22625,22626,22626,1,1
2025-02-03 15:15:54.708,22625,22626,22626,1,1
2025-02-03 15:15:59.492,22626,22628,22628,1,1
2025-02-03 15:16:08.076,22626,22628,22628,1,1
2025-02-03 15:16:08.265,22626,22628,22626,1,-1
2025-02-03 15:16:08.912,22626,22628,22626,2,-2
2025-02-03 15:16:10.894,22625,22627,22625,2,-2
2025-02-03 15:16:10.894,22625,22627,22625,2,-2
2025-02-03 15:16:10.929,22625,22627,22624,5,-5
2025-02-03 15:16:17.657,22623,22625,22625,1,1
2025-02-03 15:16:22.812,22623,22624,22623,2,-2
2025-02-03 15:16:22.812,22623,22624,22623,4,-4
2025-02-03 15:16:23.342,22621,22622,22622,1,1
2025-02-03 15:16:26.238,22623,22625,22625,1,1
2025-02-03 15:16:26.238,22623,22625,22626,4,4
2025-02-03 15:16:26.238,22623,22625,22627,5,5
2025-02-03 15:16:26.238,22623,22625,22627,2,2
2025-02-03 15:16:26.238,22623,22625,22627,2,2
2025-02-03 15:16:26.239,22623,22625,22627,2,2
2025-02-03 15:16:26.240,22623,22625,22628,2,2
2025-02-03 15:16:26.240,22623,22625,22627,2,2
2025-02-03 15:16:26.241,22623,22625,22629,1,1
2025-02-03 15:16:27.009,22627,22630,22627,1,-1
2025-02-03 15:16:49.190,22627,22628,22627,2,-2
2025-02-03 15:16:54.259,22624,22627,22624,1,-1
2025-02-03 15:17:00.059,22622,22624,22622,1,-1
2025-02-03 15:17:01.061,22621,22623,22621,1,-1
2025-02-03 15:17:01.061,22621,22623,22621,5,-5
2025-02-03 15:17:01.062,22621,22623,22620,1,-1
2025-02-03 15:17:01.913,22620,22621,22620,1,-1
2025-02-03 15:17:01.913,22620,22621,22620,3,-3
2025-02-03 15:17:04.856,22619,22620,22619,1,-1
2025-02-03 15:17:06.462,22619,22620,22620,1,1
2025-02-03 15:17:06.462,22619,22620,22620,1,1
2025-02-03 15:17:09.635,22619,22621,22619,1,-1
2025-02-03 15:17:09.636,22619,22621,22619,4,-4
2025-02-03 15:17:09.637,22619,22621,22618,1,-1
2025-02-03 15:17:09.638,22619,22621,22618,1,-1
2025-02-03 15:17:09.638,22619,22621,22618,1,-1
2025-02-03 15:17:09.724,22617,22618,22618,1,1
2025-02-03 15:17:09.787,22617,22618,22618,1,1
2025-02-03 15:17:11.734,22618,22619,22619,1,1
2025-02-03 15:17:13.849,22619,22620,22620,1,1
2025-02-03 15:17:15.737,22620,22622,22620,1,-1
2025-02-03 15:17:15.737,22620,22622,22619,1,-1
2025-02-03 15:17:20.181,22620,22622,22622,2,2
2025-02-03 15:17:23.489,22621,22624,22624,1,1
2025-02-03 15:17:25.708,22620,22622,22622,1,1
2025-02-03 15:17:26.430,22620,22622,22620,1,-1
2025-02-03 15:17:26.431,22620,22622,22619,1,-1
2025-02-03 15:17:26.861,22619,22621,22621,1,1
2025-02-03 15:17:33.125,22619,22622,22619,1,-1
2025-02-03 15:17:46.879,22618,22620,22620,2,2
2025-02-03 15:17:49.560,22619,22622,22622,1,1
2025-02-03 15:17:49.598,22619,22622,22622,1,1
2025-02-03 15:17:55.358,22621,22623,22621,1,-1
2025-02-03 15:17:55.629,22621,22623,22624,1,1
2025-02-03 15:17:55.699,22621,22623,22625,2,2
2025-02-03 15:18:01.159,22624,22626,22626,1,1
2025-02-03 15:18:06.291,22624,22626,22623,1,-1
2025-02-03 15:18:06.291,22624,22626,22623,3,-3
2025-02-03 15:18:06.294,22624,22626,22622,1,-1
2025-02-03 15:18:07.399,22621,22623,22623,5,5
2025-02-03 15:18:07.399,22621,22623,22624,5,5
2025-02-03 15:18:09.650,22623,22626,22623,2,-2
2025-02-03 15:18:16.792,22624,22625,22625,2,2
2025-02-03 15:18:16.819,22624,22625,22626,1,1
2025-02-03 15:18:18.637,22626,22627,22627,1,1
2025-02-03 15:18:20.299,22626,22628,22628,1,1
2025-02-03 15:18:20.490,22627,22628,22628,1,1
2025-02-03 15:18:21.497,22627,22629,22627,1,-1
2025-02-03 15:18:21.497,22627,22629,22626,1,-1
2025-02-03 15:18:34.344,22626,22628,22628,1,1
2025-02-03 15:18:40.921,22627,22629,22629,3,3
2025-02-03 15:18:40.922,22627,22629,22630,2,2
2025-02-03 15:18:40.923,22627,22629,22630,1,1
2025-02-03 15:18:40.923,22627,22629,22630,3,3
2025-02-03 15:18:40.923,22627,22629,22630,2,2
2025-02-03 15:18:41.586,22630,22631,22631,1,1
2025-02-03 15:18:47.015,22628,22630,22630,1,1
2025-02-03 15:19:05.896,22625,22627,22625,1,-1
2025-02-03 15:19:06.964,22624,22627,22624,2,-2
2025-02-03 15:19:06.964,22624,22627,22624,1,-1
2025-02-03 15:19:20.615,22623,22625,22626,1,1
2025-02-03 15:19:20.615,22623,22625,22626,2,2
2025-02-03 15:19:20.615,22623,22625,22626,1,1
2025-02-03 15:19:20.615,22623,22625,22625,1,1
2025-02-03 15:19:20.618,22623,22625,22627,2,2
2025-02-03 15:19:30.339,22627,22629,22629,1,1
2025-02-03 15:19:41.088,22627,22630,22630,6,6
2025-02-03 15:19:41.621,22630,22631,22631,1,1
2025-02-03 15:20:08.827,22628,22630,22630,1,1
2025-02-03 15:20:08.906,22629,22631,22631,3,3
2025-02-03 15:20:09.952,22631,22633,22633,1,1
2025-02-03 15:20:09.952,22631,22633,22633,2,2
2025-02-03 15:20:10.115,22632,22634,22634,1,1
2025-02-03 15:20:15.448,22633,22635,22633,1,-1
2025-02-03 15:20:27.348,22632,22633,22633,2,2
2025-02-03 15:20:37.057,22633,22635,22635,5,5
2025-02-03 15:20:37.059,22633,22635,22636,2,2
2025-02-03 15:20:37.496,22637,22638,22638,1,1
2025-02-03 15:20:37.618,22637,22638,22638,1,1
2025-02-03 15:20:38.612,22638,22639,22638,2,-2
2025-02-03 15:20:39.279,22638,22639,22638,1,-1
2025-02-03 15:20:46.160,22633,22636,22635,1,1
2025-02-03 15:20:47.698,22633,22636,22633,1,-1
2025-02-03 15:20:53.113,22633,22634,22634,1,1
2025-02-03 15:21:00.225,22633,22634,22634,2,2
2025-02-03 15:21:14.054,22636,22639,22637,1,-1
2025-02-03 15:21:17.862,22636,22639,22636,1,-1
2025-02-03 15:21:19.260,22637,22638,22638,1,1
2025-02-03 15:21:20.233,22638,22639,22639,1,1
2025-02-03 15:21:20.234,22638,22639,22639,6,6
2025-02-03 15:21:20.487,22639,22640,22639,1,-1
2025-02-03 15:21:21.870,22639,22640,22640,2,2
2025-02-03 15:21:21.870,22639,22640,22640,1,1
2025-02-03 15:21:21.870,22639,22640,22640,1,1
2025-02-03 15:21:21.870,22639,22640,22640,1,1
2025-02-03 15:21:22.047,22640,22641,22641,3,3
2025-02-03 15:21:22.055,22640,22641,22642,1,1
2025-02-03 15:21:22.056,22640,22641,22642,2,2
2025-02-03 15:21:22.112,22641,22644,22644,2,2
2025-02-03 15:21:22.266,22641,22644,22644,2,2
2025-02-03 15:21:23.077,22640,22643,22640,1,-1
2025-02-03 15:21:24.568,22641,22643,22641,1,-1
2025-02-03 15:21:24.569,22641,22643,22640,3,-3
2025-02-03 15:21:24.569,22641,22643,22639,1,-1
2025-02-03 15:21:30.209,22639,22642,22639,4,-4
2025-02-03 15:21:30.646,22639,22641,22639,4,-4
2025-02-03 15:21:43.099,22639,22641,22639,2,-2
2025-02-03 15:21:44.260,22638,22639,22639,1,1
2025-02-03 15:21:48.632,22638,22641,22641,1,1
2025-02-03 15:21:49.150,22638,22639,22638,1,-1
2025-02-03 15:21:49.150,22638,22639,22638,2,-2
2025-02-03 15:21:58.565,22635,22638,22638,3,3
2025-02-03 15:21:58.565,22635,22638,22639,3,3
2025-02-03 15:21:58.565,22635,22638,22639,4,4
2025-02-03 15:21:58.566,22635,22638,22639,2,2
2025-02-03 15:22:02.348,22639,22642,22639,2,-2
2025-02-03 15:22:02.582,22639,22642,22641,1,1
2025-02-03 15:22:03.652,22640,22642,22640,1,-1
2025-02-03 15:22:05.825,22638,22641,22638,2,-2
2025-02-03 15:22:07.950,22635,22638,22638,1,1
2025-02-03 15:22:07.950,22635,22638,22638,1,1
2025-02-03 15:22:09.713,22638,22640,22638,4,-4
2025-02-03 15:22:11.232,22636,22638,22636,1,-1
2025-02-03 15:22:12.644,22635,22638,22635,1,-1
2025-02-03 15:22:12.646,22635,22638,22635,2,-2
2025-02-03 15:22:14.983,22632,22635,22632,1,-1
2025-02-03 15:22:19.270,22632,22634,22634,1,1
2025-02-03 15:22:20.851,22632,22634,22632,1,-1
2025-02-03 15:22:21.044,22631,22633,22631,1,-1
2025-02-03 15:22:23.108,22630,22632,22630,1,-1
2025-02-03 15:22:23.814,22628,22630,22628,1,-1
2025-02-03 15:22:23.814,22628,22630,22628,1,-1
2025-02-03 15:22:23.868,22627,22630,22627,1,-1
2025-02-03 15:22:24.226,22627,22629,22627,1,-1
2025-02-03 15:22:24.274,22627,22629,22629,1,1
2025-02-03 15:22:28.417,22627,22629,22629,1,1
2025-02-03 15:22:30.480,22628,22629,22629,1,1
2025-02-03 15:22:33.913,22628,22629,22629,1,1
2025-02-03 15:22:33.914,22628,22629,22629,1,1
2025-02-03 15:22:36.333,22628,22630,22628,5,-5
2025-02-03 15:22:36.796,22626,22628,22627,1,-1
2025-02-03 15:22:40.526,22626,22628,22628,2,2
2025-02-03 15:22:41.827,22625,22627,22627,1,1
2025-02-03 15:22:41.828,22625,22627,22629,1,1
2025-02-03 15:22:41.828,22625,22627,22629,2,2
2025-02-03 15:22:41.858,22628,22630,22630,1,1
2025-02-03 15:22:41.858,22628,22630,22630,1,1
2025-02-03 15:22:41.858,22628,22630,22630,1,1
2025-02-03 15:23:01.278,22631,22632,22631,2,-2
2025-02-03 15:23:05.061,22630,22632,22630,2,-2
2025-02-03 15:23:13.859,22628,22630,22628,2,-2
2025-02-03 15:23:13.859,22628,22630,22627,3,-3
2025-02-03 15:23:13.859,22628,22630,22627,6,-6
2025-02-03 15:23:13.860,22628,22630,22626,2,-2
2025-02-03 15:23:13.860,22628,22630,22626,1,-1
2025-02-03 15:23:13.860,22628,22630,22626,1,-1
2025-02-03 15:23:13.860,22628,22630,22626,4,-4
2025-02-03 15:23:13.862,22628,22630,22625,1,-1
2025-02-03 15:23:13.862,22628,22630,22625,1,-1
2025-02-03 15:23:13.922,22628,22630,22625,1,-1
2025-02-03 15:23:15.084,22624,22627,22627,1,1
2025-02-03 15:23:29.355,22625,22626,22626,1,1
2025-02-03 15:23:30.740,22626,22627,22627,1,1
2025-02-03 15:23:30.740,22626,22627,22628,1,1
2025-02-03 15:23:31.072,22630,22632,22630,1,-1
2025-02-03 15:23:31.072,22630,22632,22629,4,-4
2025-02-03 15:23:31.072,22630,22632,22628,1,-1
2025-02-03 15:23:44.062,22629,22631,22629,1,-1
2025-02-03 15:23:49.896,22629,22632,22629,2,-2
2025-02-03 15:24:01.638,22628,22629,22628,1,-1
2025-02-03 15:24:01.841,22627,22629,22627,1,-1
2025-02-03 15:24:04.564,22626,22627,22627,1,1
2025-02-03 15:24:04.564,22626,22627,22627,2,2
2025-02-03 15:24:06.688,22627,22629,22629,2,2
2025-02-03 15:24:06.690,22627,22629,22630,2,2
2025-02-03 15:24:12.179,22628,22630,22630,3,3
2025-02-03 15:24:12.179,22628,22630,22630,1,1
2025-02-03 15:24:12.179,22628,22630,22631,1,1
2025-02-03 15:24:12.179,22628,22630,22631,2,2
2025-02-03 15:24:12.305,22629,22632,22632,1,1
2025-02-03 15:24:12.365,22631,22633,22633,1,1
2025-02-03 15:24:13.270,22632,22634,22632,1,-1
2025-02-03 15:24:16.730,22633,22634,22634,1,1
2025-02-03 15:24:20.231,22632,22633,22633,1,1
2025-02-03 15:24:23.813,22632,22634,22632,1,-1
2025-02-03 15:24:27.537,22632,22634,22632,1,-1
2025-02-03 15:24:27.537,22632,22634,22632,1,-1
2025-02-03 15:24:28.794,22630,22631,22631,1,1
2025-02-03 15:24:30.251,22630,22633,22633,1,1
2025-02-03 15:24:33.750,22631,22634,22631,1,-1
2025-02-03 15:24:36.190,22632,22634,22634,2,2
2025-02-03 15:24:39.835,22632,22635,22633,1,-1
2025-02-03 15:24:59.381,22631,22633,22631,1,-1
2025-02-03 15:24:59.381,22631,22633,22630,5,-5
2025-02-03 15:24:59.381,22631,22633,22629,4,-4
2025-02-03 15:24:59.381,22631,22633,22629,2,-2
2025-02-03 15:25:01.816,22627,22630,22630,2,2
2025-02-03 15:25:01.816,22627,22630,22631,2,2
2025-02-03 15:25:01.817,22627,22630,22631,2,2
2025-02-03 15:25:09.981,22631,22633,22629,2,-2
2025-02-03 15:25:09.981,22631,22633,22630,6,-6
2025-02-03 15:25:09.981,22631,22633,22631,2,-2
2025-02-03 15:25:10.495,22629,22631,22629,1,-1
2025-02-03 15:25:10.495,22629,22631,22628,5,-5
2025-02-03 15:25:10.495,22629,22631,22628,1,-1
2025-02-03 15:25:10.496,22629,22631,22627,2,-2
2025-02-03 15:25:10.522,22629,22631,22628,2,-2
2025-02-03 15:25:10.996,22626,22628,22628,1,1
2025-02-03 15:25:17.407,22626,22628,22626,1,-1
2025-02-03 15:25:17.407,22626,22628,22626,1,-1
2025-02-03 15:25:18.503,22627,22628,22627,1,-1
2025-02-03 15:25:18.618,22625,22626,22625,2,-2
2025-02-03 15:25:21.100,22622,22624,22624,1,1
2025-02-03 15:25:23.502,22622,22623,22623,1,1
2025-02-03 15:25:25.952,22622,22623,22622,2,-2
2025-02-03 15:25:25.952,22622,22623,22622,1,-1
2025-02-03 15:25:25.993,22621,22622,22621,1,-1
2025-02-03 15:25:27.110,22621,22624,22624,1,1
2025-02-03 15:25:27.449,22623,22624,22623,1,-1
2025-02-03 15:25:27.754,22622,22624,22622,1,-1
2025-02-03 15:25:32.366,22623,22624,22624,1,1
2025-02-03 15:25:32.991,22623,22624,22623,1,-1
2025-02-03 15:25:32.991,22623,22624,22623,1,-1
2025-02-03 15:25:34.257,22622,22624,22624,1,1
2025-02-03 15:25:34.257,22622,22624,22624,1,1
2025-02-03 15:25:34.257,22622,22624,22625,3,3
2025-02-03 15:25:34.257,22622,22624,22626,2,2
2025-02-03 15:25:34.257,22622,22624,22626,6,6
2025-02-03 15:25:34.257,22622,22624,22626,1,1
2025-02-03 15:25:34.258,22622,22624,22627,1,1
2025-02-03 15:25:34.259,22622,22624,22626,1,1
2025-02-03 15:25:42.923,22626,22629,22629,1,1
2025-02-03 15:25:51.316,22626,22627,22626,1,-1
2025-02-03 15:25:55.475,22626,22627,22627,2,2
2025-02-03 15:26:03.269,22628,22629,22629,1,1
2025-02-03 15:26:03.841,22629,22630,22630,1,1
2025-02-03 15:26:03.841,22629,22630,22630,2,2
2025-02-03 15:26:08.198,22630,22632,22630,1,-1
2025-02-03 15:26:21.790,22627,22629,22628,1,-1
2025-02-03 15:26:30.207,22626,22627,22627,1,1
2025-02-03 15:26:33.843,22626,22628,22626,1,-1
2025-02-03 15:26:37.538,22623,22626,22623,1,-1
2025-02-03 15:26:45.652,22623,22625,22625,1,1
2025-02-03 15:26:46.148,22624,22626,22626,2,2
2025-02-03 15:26:46.176,22624,22626,22626,1,1
2025-02-03 15:26:48.735,22626,22627,22627,1,1
2025-02-03 15:26:48.744,22626,22627,22628,3,3
2025-02-03 15:26:49.231,22628,22629,22628,1,-1
2025-02-03 15:27:10.841,22626,22628,22626,1,-1
2025-02-03 15:27:13.344,22625,22628,22625,1,-1
2025-02-03 15:27:19.567,22623,22626,22626,1,1
2025-02-03 15:27:20.130,22625,22626,22625,1,-1
2025-02-03 15:27:20.227,22623,22626,22626,2,2
2025-02-03 15:27:20.639,22623,22626,22623,1,-1
2025-02-03 15:27:28.190,22622,22625,22623,1,-1
2025-02-03 15:27:28.215,22622,22625,22623,1,-1
2025-02-03 15:27:28.225,22622,22623,22622,5,-5
2025-02-03 15:27:28.228,22622,22623,22621,2,-2
2025-02-03 15:27:28.228,22622,22623,22620,1,-1
2025-02-03 15:27:28.234,22622,22623,22620,1,-1
2025-02-03 15:27:28.444,22620,22621,22620,4,-4
2025-02-03 15:27:28.444,22620,22621,22620,1,-1
2025-02-03 15:27:30.625,22619,22621,22619,1,-1
2025-02-03 15:27:31.983,22620,22621,22621,1,1
2025-02-03 15:27:34.376,22620,22623,22620,1,-1
2025-02-03 15:27:37.905,22621,22623,22621,1,-1
2025-02-03 15:27:39.312,22621,22623,22623,1,1
2025-02-03 15:28:00.656,22621,22624,22621,1,-1
2025-02-03 15:28:03.086,22619,22621,22620,2,-2
2025-02-03 15:28:10.194,22620,22621,22621,1,1
2025-02-03 15:28:10.373,22620,22621,22620,1,-1
2025-02-03 15:28:11.045,22619,22621,22619,1,-1
2025-02-03 15:28:11.364,22619,22621,22619,1,-1
2025-02-03 15:28:11.916,22619,22621,22619,3,-3
2025-02-03 15:28:11.918,22619,22621,22618,1,-1
2025-02-03 15:28:11.919,22619,22621,22618,1,-1
2025-02-03 15:28:12.080,22617,22619,22618,1,-1
2025-02-03 15:28:12.260,22618,22619,22619,1,1
2025-02-03 15:28:12.260,22618,22619,22619,1,1
2025-02-03 15:28:12.260,22618,22619,22619,1,1
2025-02-03 15:28:12.273,22618,22619,22620,1,1
2025-02-03 15:28:12.439,22619,22621,22619,1,-1
2025-02-03 15:28:14.309,22619,22621,22619,1,-1
2025-02-03 15:28:15.961,22619,22621,22619,1,-1
2025-02-03 15:28:20.228,22618,22619,22619,3,3
2025-02-03 15:28:22.998,22618,22620,22618,1,-1
2025-02-03 15:28:24.100,22618,22620,22620,2,2
2025-02-03 15:28:24.810,22620,22622,22620,1,-1
2025-02-03 15:28:25.439,22619,22622,22619,1,-1
2025-02-03 15:28:25.825,22620,22622,22620,1,-1
2025-02-03 15:28:30.583,22621,22622,22622,1,1
2025-02-03 15:28:31.267,22621,22623,22621,1,-1
2025-02-03 15:28:34.429,22619,22622,22621,1,1
2025-02-03 15:28:34.978,22619,22622,22622,1,1
2025-02-03 15:28:47.168,22619,22621,22619,1,-1
2025-02-03 15:28:47.176,22619,22621,22618,4,-4
2025-02-03 15:28:47.177,22619,22621,22617,1,-1
2025-02-03 15:28:47.178,22619,22621,22617,2,-2
2025-02-03 15:28:49.063,22617,22618,22617,1,-1
2025-02-03 15:28:49.063,22617,22618,22617,1,-1
2025-02-03 15:28:50.172,22616,22617,22616,1,-1
2025-02-03 15:28:50.174,22616,22617,22615,1,-1
2025-02-03 15:28:50.174,22616,22617,22615,1,-1
2025-02-03 15:28:50.174,22616,22617,22615,1,-1
2025-02-03 15:28:50.175,22616,22617,22615,1,-1
2025-02-03 15:28:50.263,22615,22616,22615,1,-1
2025-02-03 15:28:50.273,22615,22616,22615,1,-1
2025-02-03 15:28:50.282,22615,22616,22615,1,-1
2025-02-03 15:28:50.285,22615,22616,22616,3,3
2025-02-03 15:28:50.614,22616,22617,22617,1,1
2025-02-03 15:28:50.615,22616,22617,22617,1,1
2025-02-03 15:28:54.440,22617,22619,22619,1,1
2025-02-03 15:28:58.876,22620,22621,22620,1,-1
2025-02-03 15:29:04.511,22617,22620,22620,1,1
2025-02-03 15:29:04.511,22617,22620,22621,4,4
2025-02-03 15:29:04.535,22617,22620,22622,1,1
2025-02-03 15:29:09.301,22620,22622,22620,1,-1
2025-02-03 15:29:09.527,22620,22621,22620,1,-1
2025-02-03 15:29:09.778,22619,22621,22620,1,-1
2025-02-03 15:29:15.709,22620,22622,22622,1,1
2025-02-03 15:29:18.271,22619,22622,22620,1,-1
2025-02-03 15:29:40.930,22620,22622,22620,1,-1
2025-02-03 15:29:51.106,22620,22621,22621,1,1
2025-02-03 15:29:53.352,22620,22622,22620,1,-1
2025-02-03 15:30:00.243,22620,22622,22622,1,1
2025-02-03 15:30:00.365,22622,22624,22622,1,-1
2025-02-03 15:30:01.961,22622,22625,22625,1,1
2025-02-03 15:30:01.973,22622,22625,22622,1,-1
2025-02-03 15:30:03.732,22621,22622,22622,1,1
2025-02-03 15:30:05.618,22622,22625,22623,1,-1
2025-02-03 15:30:05.817,22623,22625,22625,1,1
2025-02-03 15:30:05.955,22625,22626,22625,1,-1
2025-02-03 15:30:06.612,22624,22626,22624,1,-1
2025-02-03 15:30:14.604,22624,22626,22626,1,1
2025-02-03 15:30:14.604,22624,22626,22627,4,4
2025-02-03 15:30:14.787,22625,22627,22625,1,-1
2025-02-03 15:30:15.603,22626,22627,22626,1,-1
2025-02-03 15:30:23.631,22626,22627,22627,1,1
2025-02-03 15:30:23.634,22626,22627,22627,1,1
2025-02-03 15:30:23.636,22626,22627,22628,8,8
2025-02-03 15:30:23.638,22626,22627,22629,1,1
2025-02-03 15:30:24.172,22628,22630,22630,1,1
2025-02-03 15:30:24.225,22629,22630,22629,1,-1
2025-02-03 15:30:24.907,22627,22629,22627,1,-1
2025-02-03 15:30:27.025,22627,22629,22629,1,1
2025-02-03 15:30:28.730,22628,22630,22630,2,2
2025-02-03 15:30:40.789,22622,22624,22624,1,1
2025-02-03 15:30:43.667,22623,22625,22623,1,-1
2025-02-03 15:30:47.961,22622,22625,22625,1,1
2025-02-03 15:30:55.411,22621,22624,22624,1,1
2025-02-03 15:30:56.063,22621,22624,22621,1,-1
2025-02-03 15:30:56.463,22621,22624,22622,1,-1
2025-02-03 15:30:57.626,22621,22623,22621,1,-1
2025-02-03 15:30:57.627,22621,22623,22620,2,-2
2025-02-03 15:30:57.769,22618,22620,22618,3,-3
2025-02-03 15:31:00.636,22617,22619,22617,1,-1
2025-02-03 15:31:00.636,22617,22619,22617,2,-2
2025-02-03 15:31:00.637,22617,22619,22617,2,-2
2025-02-03 15:31:00.692,22617,22619,22615,1,-1
2025-02-03 15:31:04.103,22615,22616,22615,1,-1
2025-02-03 15:31:04.103,22615,22616,22614,1,-1
2025-02-03 15:31:04.292,22614,22616,22614,1,-1
2025-02-03 15:31:05.167,22614,22616,22614,1,-1
2025-02-03 15:31:06.626,22613,22615,22615,1,1
2025-02-03 15:31:07.466,22614,22616,22616,1,1
2025-02-03 15:31:12.471,22614,22615,22614,3,-3
2025-02-03 15:31:12.473,22614,22615,22613,1,-1
2025-02-03 15:31:12.473,22614,22615,22613,3,-3
2025-02-03 15:31:13.150,22612,22613,22613,1,1
2025-02-03 15:31:15.977,22612,22613,22612,1,-1
2025-02-03 15:31:16.106,22612,22613,22611,1,-1
2025-02-03 15:31:16.106,22612,22613,22612,3,-3
2025-02-03 15:31:16.118,22612,22613,22611,1,-1
2025-02-03 15:31:17.908,22611,22612,22611,1,-1
2025-02-03 15:31:17.908,22611,22612,22611,1,-1
2025-02-03 15:31:19.818,22610,22611,22610,1,-1
2025-02-03 15:31:19.819,22610,22611,22610,2,-2
2025-02-03 15:31:19.885,22609,22611,22609,1,-1
2025-02-03 15:31:20.055,22609,22611,22611,1,1
2025-02-03 15:31:20.327,22610,22612,22612,1,1
2025-02-03 15:31:20.888,22611,22613,22613,2,2
2025-02-03 15:31:20.888,22611,22613,22613,3,3
2025-02-03 15:31:21.385,22613,22614,22614,1,1
2025-02-03 15:31:22.827,22613,22615,22613,1,-1
2025-02-03 15:31:25.559,22612,22615,22612,3,-3
2025-02-03 15:31:27.722,22612,22613,22613,1,1
2025-02-03 15:31:29.530,22614,22615,22614,1,-1
2025-02-03 15:31:31.845,22613,22615,22613,1,-1
2025-02-03 15:31:35.506,22612,22614,22612,1,-1
2025-02-03 15:31:38.201,22612,22614,22614,1,1
2025-02-03 15:31:38.201,22612,22614,22614,2,2
2025-02-03 15:31:38.218,22612,22614,22615,1,1
2025-02-03 15:31:38.733,22615,22617,22615,1,-1
2025-02-03 15:31:39.526,22613,22616,22616,2,2
2025-02-03 15:31:45.666,22613,22615,22613,1,-1
2025-02-03 15:31:47.978,22612,22613,22612,1,-1
2025-02-03 15:31:49.647,22612,22613,22613,1,1
2025-02-03 15:31:51.214,22612,22613,22611,2,-2
2025-02-03 15:31:51.214,22612,22613,22610,2,-2
2025-02-03 15:31:51.214,22612,22613,22612,2,-2
2025-02-03 15:31:51.214,22612,22613,22611,4,-4
2025-02-03 15:31:51.215,22612,22613,22610,1,-1
2025-02-03 15:31:51.215,22612,22613,22610,3,-3
2025-02-03 15:31:51.215,22612,22613,22610,1,-1
2025-02-03 15:31:51.381,22608,22610,22609,1,-1
2025-02-03 15:31:55.267,22610,22612,22612,1,1
2025-02-03 15:32:08.027,22611,22612,22611,1,-1
2025-02-03 15:32:08.038,22611,22612,22612,4,4
2025-02-03 15:32:10.428,22611,22613,22611,1,-1
2025-02-03 15:32:10.428,22611,22613,22610,3,-3
2025-02-03 15:32:10.849,22610,22612,22612,1,1
2025-02-03 15:32:10.910,22610,22612,22613,1,1
2025-02-03 15:32:11.645,22613,22615,22613,1,-1
2025-02-03 15:32:18.183,22613,22615,22615,2,2
2025-02-03 15:32:18.183,22613,22615,22615,2,2
2025-02-03 15:32:18.214,22613,22615,22616,1,1
2025-02-03 15:32:18.235,22615,22617,22617,1,1
2025-02-03 15:32:18.847,22616,22619,22616,1,-1
2025-02-03 15:32:26.138,22616,22617,22616,1,-1
2025-02-03 15:32:28.852,22613,22616,22616,1,1
2025-02-03 15:32:29.228,22615,22616,22616,1,1
2025-02-03 15:32:34.156,22615,22618,22616,4,-4
2025-02-03 15:32:34.696,22616,22618,22616,1,-1
2025-02-03 15:32:36.377,22616,22617,22616,1,-1
2025-02-03 15:32:36.377,22616,22617,22615,3,-3
2025-02-03 15:32:37.721,22614,22615,22615,1,1
2025-02-03 15:32:38.405,22614,22615,22614,1,-1
2025-02-03 15:32:40.647,22613,22615,22613,1,-1
2025-02-03 15:32:40.647,22613,22615,22613,1,-1
2025-02-03 15:32:40.647,22613,22615,22613,1,-1
2025-02-03 15:32:42.586,22613,22615,22613,2,-2
2025-02-03 15:32:42.586,22613,22615,22612,2,-2
2025-02-03 15:32:42.648,22610,22611,22611,1,1
2025-02-03 15:32:43.307,22610,22613,22610,1,-1
2025-02-03 15:32:45.483,22610,22611,22611,1,1
2025-02-03 15:32:52.670,22610,22612,22612,1,1
2025-02-03 15:32:58.529,22610,22612,22612,5,5
2025-02-03 15:32:59.062,22612,22614,22612,1,-1
2025-02-03 15:33:11.367,22613,22614,22614,1,1
2025-02-03 15:33:12.837,22616,22618,22616,1,-1
2025-02-03 15:33:16.739,22616,22618,22617,1,-1
2025-02-03 15:33:16.739,22616,22618,22618,1,1
2025-02-03 15:33:16.739,22616,22618,22618,2,2
2025-02-03 15:33:16.739,22616,22618,22618,1,1
2025-02-03 15:33:17.268,22617,22619,22617,1,-1
2025-02-03 15:33:17.455,22616,22619,22616,1,-1
2025-02-03 15:33:19.842,22617,22619,22619,1,1
2025-02-03 15:33:20.227,22618,22620,22620,4,4
2025-02-03 15:33:22.478,22620,22622,22622,2,2
2025-02-03 15:33:22.579,22620,22622,22622,1,1
2025-02-03 15:33:23.170,22620,22623,22620,1,-1
2025-02-03 15:33:25.722,22619,22622,22622,1,1
2025-02-03 15:33:29.603,22619,22622,22622,1,1
2025-02-03 15:33:33.884,22620,22622,22622,2,2
2025-02-03 15:33:34.466,22621,22624,22621,1,-1
2025-02-03 15:33:34.890,22621,22623,22621,1,-1
2025-02-03 15:33:35.274,22621,22623,22623,3,3
2025-02-03 15:33:37.169,22621,22623,22623,1,1
2025-02-03 15:33:37.550,22621,22623,22622,1,1
2025-02-03 15:34:00.494,22623,22625,22625,3,3
2025-02-03 15:34:00.495,22623,22625,22625,1,1
2025-02-03 15:34:00.635,22625,22627,22625,1,-1
2025-02-03 15:34:01.252,22625,22626,22626,1,1
2025-02-03 15:34:01.383,22625,22627,22625,1,-1
2025-02-03 15:34:03.777,22625,22627,22625,3,-3
2025-02-03 15:34:03.779,22625,22627,22625,1,-1
2025-02-03 15:34:07.745,22625,22627,22627,2,2
2025-02-03 15:34:10.246,22625,22627,22625,1,-1
2025-02-03 15:34:22.194,22622,22624,22622,1,-1
2025-02-03 15:34:22.895,22621,22624,22621,1,-1
2025-02-03 15:34:27.592,22620,22623,22623,1,1
2025-02-03 15:34:27.592,22620,22623,22624,1,1
2025-02-03 15:34:28.297,22621,22624,22622,1,-1
2025-02-03 15:34:55.271,22625,22627,22627,3,3
2025-02-03 15:34:55.275,22625,22627,22628,1,1
2025-02-03 15:34:55.275,22625,22627,22628,1,1
2025-02-03 15:34:55.275,22625,22627,22628,2,2
2025-02-03 15:34:55.275,22625,22627,22628,6,6
2025-02-03 15:34:55.275,22625,22627,22628,1,1
2025-02-03 15:34:55.433,22628,22629,22628,1,-1
2025-02-03 15:34:55.491,22628,22629,22629,1,1
2025-02-03 15:34:55.513,22628,22629,22629,1,1
2025-02-03 15:34:55.837,22628,22630,22628,1,-1
2025-02-03 15:35:00.888,22628,22629,22628,1,-1
2025-02-03 15:35:00.888,22628,22629,22628,2,-2
2025-02-03 15:35:01.312,22627,22629,22627,1,-1
2025-02-03 15:35:03.267,22621,22623,22620,1,-1
2025-02-03 15:35:03.393,22620,22622,22620,1,-1
2025-02-03 15:35:04.193,22619,22620,22619,1,-1
2025-02-03 15:35:04.193,22619,22620,22619,1,-1
2025-02-03 15:35:05.205,22617,22619,22617,1,-1
2025-02-03 15:35:05.411,22617,22619,22619,1,1
2025-02-03 15:35:05.412,22617,22619,22619,2,2
2025-02-03 15:35:12.110,22617,22618,22617,2,-2
2025-02-03 15:35:12.889,22615,22618,22618,2,2
2025-02-03 15:35:13.555,22617,22618,22618,2,2
2025-02-03 15:35:14.508,22617,22620,22617,1,-1
2025-02-03 15:35:24.337,22618,22619,22619,1,1
2025-02-03 15:35:32.142,22618,22621,22621,4,4
2025-02-03 15:35:32.761,22620,22623,22620,1,-1
2025-02-03 15:35:32.761,22620,22623,22620,1,-1
2025-02-03 15:35:32.762,22620,22623,22619,1,-1
2025-02-03 15:35:32.762,22620,22623,22618,5,-5
2025-02-03 15:35:32.763,22620,22623,22617,6,-6
2025-02-03 15:35:34.811,22616,22617,22617,1,1
2025-02-03 15:35:40.231,22616,22617,22617,2,2
2025-02-03 15:35:40.699,22617,22619,22617,1,-1
2025-02-03 15:35:45.848,22617,22619,22619,2,2
2025-02-03 15:35:45.848,22617,22619,22619,1,1
2025-02-03 15:35:45.848,22617,22619,22620,1,1
2025-02-03 15:35:45.848,22617,22619,22620,4,4
2025-02-03 15:35:45.849,22617,22619,22620,1,1
2025-02-03 15:35:46.420,22620,22623,22620,1,-1
2025-02-03 15:35:54.363,22620,22622,22620,1,-1
2025-02-03 15:35:55.242,22616,22619,22616,1,-1
2025-02-03 15:35:57.812,22617,22620,22620,1,1
2025-02-03 15:35:58.091,22618,22621,22618,1,-1
2025-02-03 15:35:58.499,22618,22620,22618,1,-1
2025-02-03 15:35:59.024,22617,22620,22617,1,-1
2025-02-03 15:36:01.796,22616,22619,22616,2,-2
2025-02-03 15:36:01.796,22616,22619,22615,4,-4
2025-02-03 15:36:01.977,22613,22615,22615,1,1
2025-02-03 15:36:02.870,22614,22617,22616,1,1
2025-02-03 15:36:03.238,22615,22618,22614,1,-1
2025-02-03 15:36:06.578,22615,22618,22616,5,-5
2025-02-03 15:36:10.156,22614,22616,22615,1,-1
2025-02-03 15:36:10.872,22614,22616,22616,1,1
2025-02-03 15:36:13.956,22616,22618,22614,1,-1
2025-02-03 15:36:13.956,22616,22618,22615,2,-2
2025-02-03 15:36:13.956,22616,22618,22616,1,-1
2025-02-03 15:36:13.956,22616,22618,22615,3,-3
2025-02-03 15:36:14.017,22613,22615,22614,1,-1
2025-02-03 15:36:23.612,22613,22615,22613,3,-3
2025-02-03 15:36:23.612,22613,22615,22612,2,-2
2025-02-03 15:36:24.680,22611,22613,22613,1,1
2025-02-03 15:36:38.560,22611,22614,22612,5,-5
2025-02-03 15:36:40.233,22612,22613,22613,5,5
2025-02-03 15:36:40.234,22612,22613,22614,1,1
2025-02-03 15:36:41.316,22614,22615,22615,1,1
2025-02-03 15:36:41.316,22614,22615,22615,1,1
2025-02-03 15:36:54.400,22618,22620,22620,2,2
2025-02-03 15:37:20.714,22616,22618,22616,1,-1
2025-02-03 15:37:20.714,22616,22618,22616,1,-1
2025-02-03 15:37:20.773,22614,22616,22616,1,1
2025-02-03 15:37:35.742,22615,22618,22618,2,2
2025-02-03 15:37:35.742,22615,22618,22618,1,1
2025-02-03 15:37:35.742,22615,22618,22618,2,2
2025-02-03 15:37:40.130,22618,22620,22620,2,2
2025-02-03 15:37:40.132,22618,22620,22621,3,3
2025-02-03 15:37:40.298,22621,22622,22622,1,1
2025-02-03 15:37:48.827,22619,22621,22621,1,1
2025-02-03 15:37:49.016,22621,22623,22621,1,-1
2025-02-03 15:37:54.250,22621,22623,22623,3,3
2025-02-03 15:37:54.253,22621,22623,22624,1,1
2025-02-03 15:38:02.658,22621,22623,22623,1,1
2025-02-03 15:38:08.656,22622,22624,22624,1,1
2025-02-03 15:38:08.656,22622,22624,22624,1,1
2025-02-03 15:38:08.657,22622,22624,22625,2,2
2025-02-03 15:38:08.657,22622,22624,22625,1,1
2025-02-03 15:38:08.659,22622,22624,22626,1,1
2025-02-03 15:38:16.845,22625,22627,22627,1,1
2025-02-03 15:38:17.134,22626,22628,22628,2,2
2025-02-03 15:38:20.471,22627,22629,22627,1,-1
2025-02-03 15:38:30.614,22627,22629,22629,5,5
2025-02-03 15:38:30.615,22627,22629,22630,1,1
2025-02-03 15:38:30.615,22627,22629,22630,1,1
2025-02-03 15:38:30.615,22627,22629,22630,1,1
2025-02-03 15:38:43.919,22629,22631,22630,1,1
2025-02-03 15:38:43.919,22629,22631,22631,10,10
2025-02-03 15:38:43.919,22629,22631,22632,3,3
2025-02-03 15:38:43.972,22632,22633,22633,2,2
2025-02-03 15:38:44.060,22632,22633,22634,1,1
2025-02-03 15:38:47.429,22632,22634,22634,3,3
2025-02-03 15:38:49.068,22633,22635,22635,1,1
2025-02-03 15:38:49.221,22633,22635,22635,1,1
2025-02-03 15:38:49.425,22633,22635,22633,1,-1
2025-02-03 15:38:53.619,22632,22634,22634,2,2
2025-02-03 15:38:53.619,22632,22634,22635,2,2
2025-02-03 15:39:00.287,22632,22635,22634,1,1
2025-02-03 15:39:00.292,22632,22635,22635,1,1
2025-02-03 15:39:00.301,22632,22635,22634,1,1
2025-02-03 15:39:00.302,22632,22635,22634,2,2
2025-02-03 15:39:00.419,22632,22635,22635,1,1
2025-02-03 15:39:00.923,22632,22635,22635,1,1
2025-02-03 15:39:00.925,22632,22635,22635,2,2
2025-02-03 15:39:01.059,22635,22636,22636,1,1
2025-02-03 15:39:01.059,22635,22636,22636,1,1
2025-02-03 15:39:01.060,22635,22636,22636,2,2
2025-02-03 15:39:01.060,22635,22636,22636,2,2
2025-02-03 15:39:01.116,22635,22637,22636,1,1
2025-02-03 15:39:01.168,22635,22637,22635,1,-1
2025-02-03 15:39:01.235,22635,22637,22637,1,1
2025-02-03 15:39:01.371,22635,22637,22637,1,1
2025-02-03 15:39:01.409,22635,22637,22637,1,1
2025-02-03 15:39:01.583,22635,22638,22638,1,1
2025-02-03 15:39:01.615,22635,22638,22638,1,1
2025-02-03 15:39:01.728,22636,22638,22638,1,1
2025-02-03 15:39:01.882,22636,22638,22638,1,1
2025-02-03 15:39:02.058,22636,22639,22639,1,1
2025-02-03 15:39:02.213,22636,22639,22639,1,1
2025-02-03 15:39:02.240,22637,22640,22640,7,7
2025-02-03 15:39:02.241,22637,22640,22641,1,1
2025-02-03 15:39:02.242,22637,22640,22641,5,5
2025-02-03 15:39:02.243,22637,22640,22642,2,2
2025-02-03 15:39:02.285,22637,22640,22643,2,2
2025-02-03 15:39:02.286,22637,22640,22644,2,2
2025-02-03 15:39:02.288,22637,22640,22645,5,5
2025-02-03 15:39:02.288,22637,22640,22645,2,2
2025-02-03 15:39:02.288,22637,22640,22645,1,1
2025-02-03 15:39:02.289,22637,22640,22646,2,2
2025-02-03 15:39:02.289,22637,22640,22644,4,4
2025-02-03 15:39:02.290,22637,22640,22643,5,5
2025-02-03 15:39:02.290,22637,22640,22646,1,1
2025-02-03 15:39:02.379,22642,22645,22645,1,1
2025-02-03 15:39:02.406,22642,22645,22645,1,1
2025-02-03 15:39:02.518,22642,22645,22645,1,1
2025-02-03 15:39:02.687,22642,22645,22644,1,1
2025-02-03 15:39:02.849,22642,22644,22644,1,1
2025-02-03 15:39:02.994,22642,22644,22644,1,1
2025-02-03 15:39:03.119,22642,22644,22644,1,1
2025-02-03 15:39:03.163,22642,22644,22644,1,1
2025-02-03 15:39:03.317,22642,22644,22644,1,1
2025-02-03 15:39:03.483,22642,22644,22644,1,1
2025-02-03 15:39:03.681,22642,22644,22644,1,1
2025-02-03 15:39:03.853,22642,22644,22644,1,1
2025-02-03 15:39:04.006,22642,22645,22645,1,1
2025-02-03 15:39:05.289,22642,22645,22642,1,-1
2025-02-03 15:39:05.774,22642,22644,22644,1,1
2025-02-03 15:39:07.620,22642,22644,22644,1,1
2025-02-03 15:39:08.290,22644,22647,22644,1,-1
2025-02-03 15:39:09.280,22643,22645,22645,1,1
2025-02-03 15:39:10.711,22643,22645,22645,1,1
2025-02-03 15:39:11.667,22643,22646,22643,1,-1
2025-02-03 15:39:12.151,22644,22645,22644,1,-1
2025-02-03 15:39:12.151,22644,22645,22644,1,-1
2025-02-03 15:39:13.978,22643,22644,22643,1,-1
2025-02-03 15:39:13.979,22643,22644,22643,1,-1
2025-02-03 15:39:14.692,22641,22644,22641,1,-1
2025-02-03 15:39:14.710,22641,22644,22644,1,1
2025-02-03 15:39:15.022,22641,22643,22642,1,1
2025-02-03 15:39:16.314,22639,22642,22642,2,2
2025-02-03 15:39:18.194,22640,22643,22640,1,-1
2025-02-03 15:39:22.397,22640,22642,22640,1,-1
2025-02-03 15:39:22.624,22640,22642,22640,1,-1
2025-02-03 15:39:23.314,22640,22642,22642,1,1
2025-02-03 15:39:25.196,22640,22642,22640,1,-1
2025-02-03 15:39:25.308,22640,22642,22642,5,5
2025-02-03 15:39:25.368,22642,22643,22643,1,1
2025-02-03 15:39:25.396,22642,22643,22642,1,-1
2025-02-03 15:39:25.404,22642,22643,22642,1,-1
2025-02-03 15:39:26.357,22642,22644,22644,1,1
2025-02-03 15:39:26.359,22642,22644,22645,2,2
2025-02-03 15:39:26.359,22642,22644,22645,1,1
2025-02-03 15:39:26.359,22642,22644,22645,2,2
2025-02-03 15:39:27.461,22643,22646,22645,3,3
2025-02-03 15:39:29.149,22644,22647,22644,1,-1
2025-02-03 15:39:29.797,22644,22646,22644,1,-1
2025-02-03 15:39:30.222,22642,22645,22645,2,2
2025-02-03 15:39:33.223,22642,22644,22642,1,-1
2025-02-03 15:39:33.224,22642,22644,22642,2,-2
2025-02-03 15:39:35.800,22641,22642,22641,1,-1
2025-02-03 15:39:36.703,22640,22642,22640,1,-1
2025-02-03 15:39:36.703,22640,22642,22640,2,-2
2025-02-03 15:39:36.704,22640,22642,22640,2,-2
2025-02-03 15:39:37.363,22639,22641,22641,2,2
2025-02-03 15:39:42.521,22640,22642,22642,4,4
2025-02-03 15:39:42.807,22642,22644,22644,1,1
2025-02-03 15:39:47.794,22641,22642,22642,1,1
2025-02-03 15:39:49.940,22642,22645,22642,1,-1
2025-02-03 15:39:50.286,22642,22645,22642,1,-1
2025-02-03 15:39:55.276,22641,22643,22643,1,1
2025-02-03 15:40:01.085,22642,22643,22643,2,2
2025-02-03 15:40:01.085,22642,22643,22644,3,3
2025-02-03 15:40:01.333,22642,22645,22642,1,-1
2025-02-03 15:40:01.493,22642,22644,22644,2,2
2025-02-03 15:40:04.888,22643,22645,22645,1,1
2025-02-03 15:40:04.888,22643,22645,22645,1,1
2025-02-03 15:40:06.055,22644,22645,22645,1,1
2025-02-03 15:40:06.219,22645,22646,22645,1,-1
2025-02-03 15:40:06.739,22643,22645,22643,1,-1
2025-02-03 15:40:08.757,22643,22645,22643,1,-1
2025-02-03 15:40:09.844,22642,22644,22642,1,-1
2025-02-03 15:40:09.844,22642,22644,22642,2,-2
2025-02-03 15:40:20.218,22641,22643,22642,2,-2
2025-02-03 15:40:30.692,22641,22643,22641,1,-1
2025-02-03 15:40:35.707,22641,22643,22641,1,-1
2025-02-03 15:40:35.780,22641,22643,22643,6,6
2025-02-03 15:40:37.433,22643,22645,22645,3,3
2025-02-03 15:40:37.936,22645,22646,22646,1,1
2025-02-03 15:40:37.936,22645,22646,22646,1,1
2025-02-03 15:40:38.620,22645,22647,22647,3,3
2025-02-03 15:40:38.746,22646,22648,22648,1,1
2025-02-03 15:40:38.922,22646,22648,22646,4,-4
2025-02-03 15:40:39.735,22645,22648,22645,4,-4
2025-02-03 15:40:41.807,22643,22646,22645,1,1
2025-02-03 15:40:51.424,22641,22643,22643,1,1
2025-02-03 15:40:58.152,22642,22643,22642,1,-1
2025-02-03 15:41:05.545,22641,22642,22641,1,-1
2025-02-03 15:41:10.311,22640,22642,22640,1,-1
2025-02-03 15:41:14.646,22640,22642,22640,3,-3
2025-02-03 15:41:14.646,22640,22642,22640,2,-2
2025-02-03 15:41:14.647,22640,22642,22639,1,-1
2025-02-03 15:41:14.705,22640,22642,22639,1,-1
2025-02-03 15:41:15.786,22636,22638,22636,1,-1
2025-02-03 15:41:17.971,22635,22636,22636,1,1
2025-02-03 15:41:17.971,22635,22636,22637,5,5
2025-02-03 15:41:19.022,22637,22639,22639,1,1
2025-02-03 15:41:19.845,22637,22640,22640,6,6
2025-02-03 15:41:23.896,22638,22639,22639,1,1
2025-02-03 15:41:29.499,22638,22640,22640,2,2
2025-02-03 15:41:29.499,22638,22640,22641,1,1
2025-02-03 15:41:31.076,22638,22641,22638,1,-1
2025-02-03 15:41:37.796,22639,22641,22641,1,1
2025-02-03 15:41:39.561,22640,22643,22640,2,-2
2025-02-03 15:41:40.622,22638,22640,22640,3,3
2025-02-03 15:41:50.168,22640,22642,22642,1,1
2025-02-03 15:41:50.205,22640,22642,22642,1,1
2025-02-03 15:41:53.630,22641,22643,22641,2,-2
2025-02-03 15:41:55.770,22640,22643,22640,1,-1
2025-02-03 15:41:56.489,22641,22643,22643,2,2
2025-02-03 15:42:01.490,22640,22642,22640,2,-2
2025-02-03 15:42:01.490,22640,22642,22639,2,-2
2025-02-03 15:42:01.490,22640,22642,22639,2,-2
2025-02-03 15:42:03.918,22638,22639,22638,1,-1
2025-02-03 15:42:03.918,22638,22639,22638,1,-1
2025-02-03 15:42:06.913,22637,22639,22639,1,1
2025-02-03 15:42:26.922,22640,22642,22642,1,1
2025-02-03 15:42:31.289,22639,22641,22639,1,-1
2025-02-03 15:42:31.349,22639,22640,22640,1,1
2025-02-03 15:42:32.656,22639,22640,22640,1,1
2025-02-03 15:42:42.293,22639,22641,22641,1,1
2025-02-03 15:42:42.295,22639,22641,22642,2,2
2025-02-03 15:42:42.296,22639,22641,22643,2,2
2025-02-03 15:42:50.967,22643,22644,22643,1,-1
2025-02-03 15:42:55.320,22641,22643,22643,1,1
2025-02-03 15:42:55.333,22641,22643,22644,1,1
2025-02-03 15:43:00.316,22643,22645,22643,1,-1
2025-02-03 15:43:06.798,22640,22642,22642,1,1
2025-02-03 15:43:14.109,22639,22641,22639,1,-1
2025-02-03 15:43:14.109,22639,22641,22638,1,-1
2025-02-03 15:43:14.109,22639,22641,22638,2,-2
2025-02-03 15:43:14.109,22639,22641,22638,1,-1
2025-02-03 15:43:14.121,22639,22641,22637,1,-1
2025-02-03 15:43:14.224,22636,22638,22638,1,1
2025-02-03 15:43:14.361,22636,22639,22636,1,-1
2025-02-03 15:43:14.411,22636,22639,22636,1,-1
2025-02-03 15:43:14.468,22636,22639,22636,1,-1
2025-02-03 15:43:14.517,22635,22638,22635,1,-1
2025-02-03 15:43:14.588,22635,22638,22635,1,-1
2025-02-03 15:43:14.634,22635,22638,22635,1,-1
2025-02-03 15:43:20.318,22636,22639,22639,1,1
2025-02-03 15:43:24.464,22637,22639,22638,1,1
2025-02-03 15:43:24.475,22637,22639,22639,1,1
2025-02-03 15:43:24.475,22637,22639,22639,1,1
2025-02-03 15:43:26.866,22639,22640,22639,1,-1
2025-02-03 15:43:31.481,22635,22638,22638,1,1
2025-02-03 15:43:31.481,22635,22638,22638,4,4
2025-02-03 15:43:31.600,22638,22640,22640,1,1
2025-02-03 15:43:32.873,22638,22641,22641,1,1
2025-02-03 15:43:49.546,22636,22637,22636,1,-1
2025-02-03 15:43:50.563,22635,22637,22637,4,4
2025-02-03 15:43:50.599,22636,22639,22639,1,1
2025-02-03 15:43:54.322,22638,22640,22640,3,3
2025-02-03 15:43:54.325,22638,22640,22641,2,2
2025-02-03 15:43:54.325,22638,22640,22642,1,1
2025-02-03 15:43:54.646,22640,22643,22640,2,-2
2025-02-03 15:43:58.348,22639,22641,22641,2,2
2025-02-03 15:44:06.102,22641,22643,22643,2,2
2025-02-03 15:44:06.562,22643,22645,22645,4,4
2025-02-03 15:44:06.562,22643,22645,22645,8,8
2025-02-03 15:44:06.563,22643,22645,22646,1,1
2025-02-03 15:44:06.563,22643,22645,22646,3,3
2025-02-03 15:44:11.043,22643,22645,22645,1,1
2025-02-03 15:44:11.712,22643,22646,22645,1,1
2025-02-03 15:44:14.801,22645,22646,22646,1,1
2025-02-03 15:44:16.879,22645,22647,22647,2,2
2025-02-03 15:44:18.905,22646,22648,22646,1,-1
2025-02-03 15:44:20.724,22645,22646,22645,1,-1
2025-02-03 15:44:20.782,22645,22646,22646,1,1
2025-02-03 15:44:21.695,22643,22646,22646,1,1
2025-02-03 15:44:37.735,22642,22644,22644,2,2
2025-02-03 15:44:47.171,22642,22644,22644,2,2
2025-02-03 15:44:52.646,22643,22645,22645,1,1
2025-02-03 15:44:55.225,22642,22645,22642,1,-1
2025-02-03 15:45:07.252,22641,22642,22642,1,1
2025-02-03 15:45:07.845,22641,22644,22641,1,-1
2025-02-03 15:45:07.878,22641,22644,22641,3,-3
2025-02-03 15:45:08.645,22643,22644,22644,1,1
2025-02-03 15:45:08.723,22643,22646,22643,1,-1
2025-02-03 15:45:09.746,22643,22646,22646,2,2
2025-02-03 15:45:10.473,22646,22648,22646,1,-1
2025-02-03 15:45:10.983,22646,22648,22648,1,1
2025-02-03 15:45:13.557,22645,22647,22647,1,1
2025-02-03 15:45:14.163,22646,22648,22648,7,7
2025-02-03 15:45:14.165,22646,22648,22649,1,1
2025-02-03 15:45:14.165,22646,22648,22649,1,1
2025-02-03 15:45:14.165,22646,22648,22649,3,3
2025-02-03 15:45:14.166,22646,22648,22650,1,1
2025-02-03 15:45:14.279,22649,22650,22650,1,1
2025-02-03 15:45:14.286,22649,22650,22650,1,1
2025-02-03 15:45:18.509,22646,22647,22646,1,-1
2025-02-03 15:45:22.391,22640,22641,22641,1,1
2025-02-03 15:45:22.473,22640,22641,22640,1,-1
2025-02-03 15:45:22.902,22639,22641,22639,1,-1
2025-02-03 15:45:23.508,22638,22639,22638,1,-1
2025-02-03 15:45:23.771,22635,22637,22635,3,-3
2025-02-03 15:45:26.167,22633,22635,22635,1,1
2025-02-03 15:45:26.167,22633,22635,22635,1,1
2025-02-03 15:45:26.671,22634,22636,22636,1,1
2025-02-03 15:45:27.040,22635,22638,22635,1,-1
2025-02-03 15:45:27.099,22635,22638,22635,1,-1
2025-02-03 15:45:27.100,22635,22638,22634,1,-1
2025-02-03 15:45:29.502,22633,22635,22635,1,1
2025-02-03 15:45:30.192,22633,22635,22635,1,1
2025-02-03 15:45:30.528,22633,22636,22636,1,1
2025-02-03 15:45:35.394,22634,22635,22635,1,1
2025-02-03 15:45:37.233,22633,22635,22635,1,1
2025-02-03 15:45:37.832,22634,22635,22635,1,1
2025-02-03 15:45:37.833,22634,22635,22635,2,2
2025-02-03 15:45:38.216,22633,22636,22634,5,-5
2025-02-03 15:45:40.104,22633,22635,22633,1,-1
2025-02-03 15:45:40.146,22633,22635,22632,3,-3
2025-02-03 15:45:40.146,22633,22635,22632,1,-1
2025-02-03 15:45:42.891,22631,22632,22631,2,-2
2025-02-03 15:45:44.380,22630,22632,22630,2,-2
2025-02-03 15:45:44.840,22630,22631,22630,1,-1
2025-02-03 15:45:46.907,22630,22632,22632,1,1
2025-02-03 15:45:46.908,22630,22632,22632,1,1
2025-02-03 15:46:07.839,22632,22634,22634,1,1
2025-02-03 15:46:07.839,22632,22634,22634,5,5
2025-02-03 15:46:07.840,22632,22634,22635,1,1
2025-02-03 15:46:11.162,22633,22635,22635,1,1
2025-02-03 15:46:15.569,22636,22637,22636,1,-1
2025-02-03 15:46:16.954,22634,22636,22636,1,1
2025-02-03 15:46:18.980,22636,22637,22636,1,-1
2025-02-03 15:46:27.868,22634,22635,22635,1,1
2025-02-03 15:46:29.541,22635,22636,22636,1,1
2025-02-03 15:46:31.712,22636,22637,22637,1,1
2025-02-03 15:46:31.827,22637,22640,22637,1,-1
2025-02-03 15:46:36.107,22637,22639,22637,1,-1
2025-02-03 15:46:45.811,22638,22639,22638,1,-1
2025-02-03 15:46:45.835,22638,22639,22639,1,1
2025-02-03 15:46:45.835,22638,22639,22639,1,1
2025-02-03 15:46:51.391,22638,22640,22640,1,1
2025-02-03 15:46:52.043,22639,22640,22640,1,1
2025-02-03 15:46:52.043,22639,22640,22640,3,3
2025-02-03 15:46:52.044,22639,22640,22640,1,1
2025-02-03 15:46:52.061,22639,22640,22642,2,2
2025-02-03 15:46:52.614,22641,22643,22641,1,-1
2025-02-03 15:46:53.022,22641,22643,22643,1,1
2025-02-03 15:46:55.341,22643,22644,22644,1,1
2025-02-03 15:46:55.341,22643,22644,22644,1,1
2025-02-03 15:46:55.369,22643,22646,22643,1,-1
2025-02-03 15:47:01.358,22643,22644,22643,1,-1
2025-02-03 15:47:01.358,22643,22644,22642,2,-2
2025-02-03 15:47:01.359,22643,22644,22642,2,-2
2025-02-03 15:47:03.442,22640,22641,22640,1,-1
2025-02-03 15:47:05.137,22641,22642,22642,1,1
2025-02-03 15:47:05.138,22641,22642,22642,14,14
2025-02-03 15:47:05.138,22641,22642,22643,1,1
2025-02-03 15:47:06.124,22643,22645,22645,1,1
2025-02-03 15:47:14.440,22641,22644,22644,1,1
2025-02-03 15:47:18.825,22641,22644,22641,1,-1
2025-02-03 15:47:20.189,22639,22641,22641,1,1
2025-02-03 15:47:27.961,22640,22643,22641,1,-1
2025-02-03 15:47:28.765,22640,22641,22641,4,4
2025-02-03 15:47:29.638,22641,22643,22641,1,-1
2025-02-03 15:47:50.374,22640,22641,22640,1,-1
2025-02-03 15:47:58.054,22640,22641,22641,1,1
2025-02-03 15:47:58.636,22640,22642,22642,2,2
2025-02-03 15:47:58.652,22640,22642,22645,1,1
2025-02-03 15:47:58.654,22640,22642,22645,1,1
2025-02-03 15:47:58.654,22640,22642,22645,1,1
2025-02-03 15:47:58.770,22643,22645,22645,1,1
2025-02-03 15:47:58.869,22644,22645,22645,1,1
2025-02-03 15:47:58.869,22644,22645,22645,7,7
2025-02-03 15:47:59.136,22645,22646,22646,1,1
2025-02-03 15:48:00.079,22645,22646,22645,2,-2
2025-02-03 15:48:02.880,22644,22646,22644,1,-1
2025-02-03 15:48:02.880,22644,22646,22644,1,-1
2025-02-03 15:48:05.298,22643,22646,22643,1,-1
2025-02-03 15:48:06.694,22645,22646,22645,1,-1
2025-02-03 15:48:07.164,22643,22645,22645,1,1
2025-02-03 15:48:09.545,22644,22646,22646,4,4
2025-02-03 15:48:09.570,22644,22646,22647,1,1
2025-02-03 15:48:11.761,22647,22648,22647,1,-1
2025-02-03 15:48:13.330,22646,22648,22648,1,1
2025-02-03 15:48:15.238,22644,22647,22647,1,1
2025-02-03 15:48:16.241,22644,22647,22644,1,-1
2025-02-03 15:48:21.372,22644,22647,22647,5,5
2025-02-03 15:48:21.372,22644,22647,22648,10,10
2025-02-03 15:48:21.558,22646,22649,22646,1,-1
2025-02-03 15:48:48.126,22646,22647,22646,3,-3
2025-02-03 15:48:48.126,22646,22647,22645,4,-4
2025-02-03 15:48:48.127,22646,22647,22644,4,-4
2025-02-03 15:48:48.127,22646,22647,22644,2,-2
2025-02-03 15:48:48.127,22646,22647,22644,1,-1
2025-02-03 15:49:02.742,22643,22645,22645,2,2
2025-02-03 15:49:02.742,22643,22645,22645,1,1
2025-02-03 15:49:03.075,22645,22646,22646,1,1
2025-02-03 15:49:12.316,22644,22646,22645,1,1
2025-02-03 15:49:17.569,22646,22648,22648,1,1
2025-02-03 15:49:17.628,22647,22648,22648,1,1
2025-02-03 15:49:19.472,22647,22649,22649,1,1
2025-02-03 15:49:22.080,22647,22649,22649,5,5
2025-02-03 15:49:22.082,22647,22649,22650,12,12
2025-02-03 15:49:22.082,22647,22649,22650,7,7
2025-02-03 15:49:22.083,22647,22649,22651,1,1
2025-02-03 15:49:22.185,22651,22652,22652,1,1
2025-02-03 15:49:22.244,22651,22652,22652,1,1
2025-02-03 15:49:22.667,22651,22652,22652,6,6
2025-02-03 15:49:22.796,22652,22653,22652,1,-1
2025-02-03 15:49:25.539,22650,22653,22653,1,1
2025-02-03 15:49:26.049,22650,22653,22650,1,-1
2025-02-03 15:49:28.859,22649,22652,22652,1,1
2025-02-03 15:49:31.985,22651,22652,22652,1,1
2025-02-03 15:49:35.999,22649,22652,22650,1,-1
2025-02-03 15:49:45.283,22650,22651,22650,3,-3
2025-02-03 15:49:56.135,22649,22650,22649,2,-2
2025-02-03 15:49:58.685,22647,22649,22649,1,1
2025-02-03 15:50:03.859,22648,22649,22649,1,1
2025-02-03 15:50:03.859,22648,22649,22650,5,5
2025-02-03 15:50:03.977,22648,22650,22650,1,1
2025-02-03 15:50:03.977,22648,22650,22651,1,1
2025-02-03 15:50:03.977,22648,22650,22651,1,1
2025-02-03 15:50:03.978,22648,22650,22651,1,1
2025-02-03 15:50:04.895,22650,22651,22650,1,-1
2025-02-03 15:50:04.973,22649,22651,22652,1,1
2025-02-03 15:50:04.973,22649,22651,22652,1,1
2025-02-03 15:50:04.973,22649,22651,22651,1,1
2025-02-03 15:50:04.973,22649,22651,22652,1,1
2025-02-03 15:50:04.975,22649,22651,22651,1,1
2025-02-03 15:50:07.188,22649,22650,22650,2,2
2025-02-03 15:50:07.189,22649,22650,22650,2,2
2025-02-03 15:50:13.894,22647,22650,22647,5,-5
2025-02-03 15:50:13.974,22646,22649,22649,1,1
2025-02-03 15:50:13.974,22646,22649,22649,1,1
2025-02-03 15:50:13.975,22646,22649,22650,1,1
2025-02-03 15:50:13.976,22646,22649,22650,1,1
2025-02-03 15:50:18.299,22648,22650,22650,2,2
2025-02-03 15:50:26.527,22649,22650,22650,2,2
2025-02-03 15:50:26.527,22649,22650,22650,3,3
2025-02-03 15:50:26.600,22649,22651,22651,1,1
2025-02-03 15:50:26.602,22649,22651,22651,1,1
2025-02-03 15:50:26.678,22649,22651,22650,1,1
2025-02-03 15:50:30.456,22648,22650,22648,1,-1
2025-02-03 15:50:36.884,22646,22648,22648,2,2
2025-02-03 15:50:43.731,22648,22649,22649,1,1
2025-02-03 15:50:43.848,22648,22650,22650,1,1
2025-02-03 15:50:47.583,22645,22648,22645,5,-5
2025-02-03 15:50:47.821,22645,22647,22647,1,1
2025-02-03 15:50:49.209,22645,22648,22645,5,-5
2025-02-03 15:50:49.224,22645,22647,22647,1,1
2025-02-03 15:50:52.217,22645,22647,22645,1,-1
2025-02-03 15:50:53.730,22645,22647,22647,1,1
2025-02-03 15:50:54.505,22647,22648,22648,1,1
2025-02-03 15:50:55.631,22648,22650,22648,1,-1
2025-02-03 15:50:57.811,22648,22650,22650,1,1
2025-02-03 15:51:29.688,22645,22648,22645,1,-1
2025-02-03 15:51:30.166,22645,22648,22648,1,1
2025-02-03 15:51:30.570,22646,22648,22647,3,3
2025-02-03 15:51:31.234,22646,22648,22648,1,1
2025-02-03 15:51:34.489,22648,22650,22650,1,1
2025-02-03 15:51:34.888,22648,22651,22651,1,1
2025-02-03 15:51:34.888,22648,22651,22651,2,2
2025-02-03 15:51:34.893,22648,22651,22652,1,1
2025-02-03 15:51:34.893,22648,22651,22652,1,1
2025-02-03 15:51:34.896,22648,22651,22652,1,1
2025-02-03 15:51:43.167,22649,22651,22651,1,1
2025-02-03 15:51:43.167,22649,22651,22652,7,7
2025-02-03 15:51:43.167,22649,22651,22653,7,7
2025-02-03 15:51:53.613,22648,22651,22650,2,2
2025-02-03 15:51:56.120,22647,22648,22647,1,-1
2025-02-03 15:52:01.370,22645,22647,22647,1,1
2025-02-03 15:52:02.937,22645,22647,22645,2,-2
2025-02-03 15:52:02.937,22645,22647,22645,4,-4
2025-02-03 15:52:06.854,22643,22645,22645,1,1
2025-02-03 15:52:06.856,22643,22645,22646,1,1
2025-02-03 15:52:12.967,22643,22646,22646,1,1
2025-02-03 15:52:12.967,22643,22646,22646,1,1
2025-02-03 15:52:15.696,22645,22648,22648,1,1
2025-02-03 15:52:15.833,22646,22648,22646,2,-2
2025-02-03 15:52:15.834,22646,22648,22646,1,-1
2025-02-03 15:52:19.106,22645,22647,22645,1,-1
2025-02-03 15:52:19.107,22645,22647,22645,1,-1
2025-02-03 15:52:19.107,22645,22647,22645,1,-1
2025-02-03 15:52:19.107,22645,22647,22645,2,-2
2025-02-03 15:52:19.107,22645,22647,22645,1,-1
2025-02-03 15:52:19.107,22645,22647,22645,1,-1
2025-02-03 15:52:19.107,22645,22647,22645,1,-1
2025-02-03 15:52:19.107,22645,22647,22645,2,-2
2025-02-03 15:52:19.107,22645,22647,22645,2,-2
2025-02-03 15:52:19.107,22645,22647,22645,5,-5
2025-02-03 15:52:27.657,22647,22648,22648,1,1
2025-02-03 15:52:50.973,22646,22647,22646,3,-3
2025-02-03 15:52:52.426,22645,22647,22645,1,-1
2025-02-03 15:53:09.175,22643,22645,22645,2,2
2025-02-03 15:53:16.678,22645,22646,22646,1,1
2025-02-03 15:53:17.685,22645,22647,22645,1,-1
2025-02-03 15:53:27.458,22644,22646,22644,1,-1
2025-02-03 15:53:28.988,22644,22645,22645,1,1
2025-02-03 15:53:28.989,22644,22645,22646,3,3
2025-02-03 15:53:32.010,22643,22644,22643,1,-1
2025-02-03 15:53:32.012,22643,22644,22643,5,-5
2025-02-03 15:53:33.662,22643,22644,22642,1,-1
2025-02-03 15:53:33.662,22643,22644,22643,1,-1
2025-02-03 15:53:33.825,22641,22642,22642,1,1
2025-02-03 15:53:38.564,22642,22644,22644,1,1
2025-02-03 15:53:44.171,22643,22644,22644,1,1
2025-02-03 15:53:44.172,22643,22644,22645,2,2
2025-02-03 15:53:58.070,22645,22646,22645,1,-1
2025-02-03 15:54:05.657,22644,22646,22644,1,-1
2025-02-03 15:54:05.940,22644,22646,22646,2,2
2025-02-03 15:54:11.590,22644,22646,22646,1,1
2025-02-03 15:54:45.269,22641,22643,22643,1,1
2025-02-03 15:54:45.270,22641,22643,22643,1,1
2025-02-03 15:54:59.802,22642,22643,22643,1,1
2025-02-03 15:55:00.139,22641,22643,22641,1,-1
2025-02-03 15:55:00.646,22640,22642,22640,1,-1
2025-02-03 15:55:00.646,22640,22642,22640,4,-4
2025-02-03 15:55:00.647,22640,22642,22640,1,-1
2025-02-03 15:55:00.647,22640,22642,22640,4,-4
2025-02-03 15:55:01.399,22638,22639,22638,5,-5
2025-02-03 15:55:01.443,22638,22639,22637,2,-2
2025-02-03 15:55:01.456,22638,22639,22637,2,-2
2025-02-03 15:55:11.900,22636,22637,22636,1,-1
2025-02-03 15:55:16.078,22635,22636,22635,1,-1
2025-02-03 15:55:16.078,22635,22636,22635,1,-1
2025-02-03 15:55:16.078,22635,22636,22635,1,-1
2025-02-03 15:55:16.078,22635,22636,22635,2,-2
2025-02-03 15:55:17.521,22634,22636,22636,1,1
2025-02-03 15:55:17.521,22634,22636,22636,1,1
2025-02-03 15:55:17.521,22634,22636,22636,1,1
2025-02-03 15:55:17.521,22634,22636,22636,1,1
2025-02-03 15:55:26.942,22633,22635,22635,1,1
2025-02-03 15:55:33.914,22632,22635,22632,1,-1
2025-02-03 15:55:37.217,22632,22633,22632,1,-1
2025-02-03 15:55:39.142,22631,22632,22631,2,-2
2025-02-03 15:55:39.144,22631,22632,22630,3,-3
2025-02-03 15:55:41.093,22628,22631,22630,1,1
2025-02-03 15:55:46.273,22629,22630,22630,1,1
2025-02-03 15:55:48.673,22628,22630,22628,1,-1
2025-02-03 15:55:56.558,22628,22629,22629,1,1
2025-02-03 15:55:56.558,22628,22629,22629,2,2
2025-02-03 15:55:56.559,22628,22629,22630,1,1
2025-02-03 15:55:58.572,22629,22632,22632,2,2
2025-02-03 15:56:15.592,22630,22631,22630,1,-1
2025-02-03 15:56:16.719,22628,22629,22628,3,-3
2025-02-03 15:56:22.241,22627,22628,22627,2,-2
2025-02-03 15:56:22.241,22627,22628,22627,2,-2
2025-02-03 15:56:22.377,22626,22627,22627,1,1
2025-02-03 15:56:22.674,22626,22627,22626,1,-1
2025-02-03 15:56:23.201,22625,22627,22625,3,-3
2025-02-03 15:56:23.201,22625,22627,22625,1,-1
2025-02-03 15:56:24.502,22624,22626,22624,1,-1
2025-02-03 15:56:25.464,22624,22626,22625,1,-1
2025-02-03 15:56:26.242,22624,22626,22626,2,2
2025-02-03 15:56:26.453,22625,22628,22626,1,-1
2025-02-03 15:56:27.085,22626,22628,22626,1,-1
2025-02-03 15:56:29.127,22627,22628,22627,1,-1
2025-02-03 15:56:30.551,22627,22628,22627,1,-1
2025-02-03 15:56:32.668,22626,22628,22628,1,1
2025-02-03 15:56:33.654,22626,22628,22626,2,-2
2025-02-03 15:56:48.747,22627,22628,22628,2,2
2025-02-03 15:56:55.423,22627,22629,22627,1,-1
2025-02-03 15:56:55.440,22627,22629,22626,2,-2
2025-02-03 15:56:57.071,22626,22628,22627,1,-1
2025-02-03 15:57:01.861,22626,22628,22626,2,-2
2025-02-03 15:57:04.579,22626,22627,22627,1,1
2025-02-03 15:57:06.399,22626,22628,22626,1,-1
2025-02-03 15:57:06.411,22626,22628,22625,2,-2
2025-02-03 15:57:06.413,22626,22628,22624,1,-1
2025-02-03 15:57:06.414,22626,22628,22624,2,-2
2025-02-03 15:57:12.948,22625,22627,22625,1,-1
2025-02-03 15:57:13.806,22625,22627,22627,2,2
2025-02-03 15:57:20.033,22627,22629,22628,1,1
2025-02-03 15:57:20.317,22628,22629,22629,1,1
2025-02-03 15:57:21.966,22628,22630,22630,5,5
2025-02-03 15:57:23.946,22630,22631,22631,1,1
2025-02-03 15:57:23.947,22630,22631,22631,1,1
2025-02-03 15:57:37.257,22631,22634,22633,1,1
2025-02-03 15:57:47.729,22632,22633,22633,1,1
2025-02-03 15:57:47.729,22632,22633,22633,1,1
2025-02-03 15:57:48.444,22632,22634,22634,2,2
2025-02-03 15:57:50.247,22632,22635,22635,5,5
2025-02-03 15:57:50.248,22632,22635,22634,5,5
2025-02-03 15:57:57.972,22632,22635,22632,1,-1
2025-02-03 15:58:04.997,22634,22637,22634,1,-1
2025-02-03 15:58:11.904,22634,22636,22636,1,1
2025-02-03 15:58:16.761,22635,22636,22635,1,-1
2025-02-03 15:58:22.857,22633,22635,22635,1,1
2025-02-03 15:58:28.401,22632,22634,22634,1,1
2025-02-03 15:58:38.768,22632,22634,22632,1,-1
2025-02-03 15:58:41.123,22631,22632,22631,1,-1
2025-02-03 15:58:54.553,22628,22630,22630,1,1
2025-02-03 15:58:59.039,22629,22632,22629,1,-1
2025-02-03 15:59:00.228,22630,22632,22632,1,1
2025-02-03 15:59:14.338,22629,22631,22631,1,1
2025-02-03 15:59:21.451,22627,22630,22627,1,-1
2025-02-03 15:59:21.495,22627,22630,22627,1,-1
2025-02-03 15:59:31.866,22626,22627,22626,1,-1
2025-02-03 15:59:31.866,22626,22627,22626,1,-1
2025-02-03 15:59:49.442,22628,22630,22630,1,1
2025-02-03 15:59:49.443,22628,22630,22630,1,1
2025-02-03 16:00:00.068,22628,22630,22630,1,1
2025-02-03 16:00:00.069,22628,22630,22631,1,1
2025-02-03 16:00:00.206,22631,22632,22632,1,1
2025-02-03 16:00:00.206,22631,22632,22633,1,1
2025-02-03 16:00:00.713,22629,22631,22632,1,1
2025-02-03 16:00:00.802,22629,22632,22629,1,-1
2025-02-03 16:00:01.377,22629,22630,22630,1,1
2025-02-03 16:00:02.096,22629,22632,22629,3,-3
2025-02-03 16:00:06.027,22631,22632,22632,2,2
2025-02-03 16:00:06.196,22633,22635,22633,1,-1
2025-02-03 16:00:12.230,22633,22636,22636,1,1
2025-02-03 16:00:12.348,22634,22637,22634,1,-1
2025-02-03 16:00:12.349,22634,22637,22634,1,-1
2025-02-03 16:00:15.388,22635,22638,22638,1,1
2025-02-03 16:00:15.954,22638,22640,22640,7,7
2025-02-03 16:00:34.166,22640,22642,22642,1,1
2025-02-03 16:00:34.167,22640,22642,22642,2,2
2025-02-03 16:00:36.514,22640,22642,22640,1,-1
2025-02-03 16:00:37.820,22638,22640,22638,3,-3
2025-02-03 16:00:38.520,22637,22639,22639,1,1
2025-02-03 16:00:41.518,22638,22640,22640,1,1
2025-02-03 16:00:44.061,22640,22641,22641,1,1
2025-02-03 16:00:44.105,22641,22642,22642,1,1
2025-02-03 16:00:44.105,22641,22642,22642,1,1
2025-02-03 16:00:44.105,22641,22642,22642,1,1
2025-02-03 16:00:44.126,22641,22642,22641,1,-1
2025-02-03 16:00:44.297,22641,22643,22641,1,-1
2025-02-03 16:00:44.709,22640,22641,22641,1,1
2025-02-03 16:00:52.462,22639,22641,22639,1,-1
2025-02-03 16:00:52.737,22638,22640,22638,1,-1
2025-02-03 16:00:55.644,22637,22639,22637,1,-1
2025-02-03 16:01:01.557,22634,22637,22634,1,-1
2025-02-03 16:01:09.987,22630,22633,22633,1,1
2025-02-03 16:01:11.598,22632,22634,22632,1,-1
2025-02-03 16:01:15.380,22630,22631,22630,1,-1
2025-02-03 16:01:17.664,22629,22630,22630,1,1
2025-02-03 16:01:17.664,22629,22630,22630,2,2
2025-02-03 16:01:18.088,22630,22632,22632,1,1
2025-02-03 16:01:18.088,22630,22632,22633,1,1
2025-02-03 16:01:21.033,22631,22633,22631,2,-2
2025-02-03 16:01:22.306,22630,22632,22633,1,1
2025-02-03 16:01:24.657,22633,22635,22635,2,2
2025-02-03 16:01:34.700,22633,22634,22633,1,-1
2025-02-03 16:01:34.701,22633,22634,22633,1,-1
2025-02-03 16:01:39.545,22631,22634,22634,1,1
2025-02-03 16:01:42.432,22632,22635,22635,1,1
2025-02-03 16:01:43.941,22632,22634,22635,1,1
2025-02-03 16:01:52.226,22633,22635,22635,4,4
2025-02-03 16:02:01.520,22636,22638,22636,1,-1
2025-02-03 16:02:01.595,22636,22638,22635,1,-1
2025-02-03 16:02:07.749,22635,22637,22637,1,1
2025-02-03 16:02:07.749,22635,22637,22637,2,2
2025-02-03 16:02:10.749,22638,22639,22639,1,1
2025-02-03 16:02:11.137,22637,22640,22637,3,-3
2025-02-03 16:02:11.372,22637,22640,22637,1,-1
2025-02-03 16:02:12.782,22637,22639,22637,1,-1
2025-02-03 16:02:16.974,22635,22637,22635,1,-1
2025-02-03 16:02:18.496,22635,22636,22635,1,-1
2025-02-03 16:02:33.421,22635,22638,22633,6,-6
2025-02-03 16:02:33.421,22635,22638,22635,5,-5
2025-02-03 16:02:33.421,22635,22638,22634,8,-8
2025-02-03 16:02:33.422,22635,22638,22632,1,-1
2025-02-03 16:02:33.422,22635,22638,22632,1,-1
2025-02-03 16:02:33.422,22635,22638,22632,3,-3
2025-02-03 16:02:33.422,22635,22638,22631,1,-1
2025-02-03 16:02:33.424,22635,22638,22631,1,-1
2025-02-03 16:02:33.425,22635,22638,22630,3,-3
2025-02-03 16:02:33.437,22635,22638,22629,2,-2
2025-02-03 16:02:33.481,22628,22630,22630,1,1
2025-02-03 16:02:34.357,22629,22632,22632,1,1
2025-02-03 16:02:38.035,22631,22632,22632,1,1
2025-02-03 16:02:45.185,22631,22632,22632,1,1
2025-02-03 16:02:45.419,22631,22632,22632,1,1
2025-02-03 16:02:46.844,22631,22632,22632,1,1
2025-02-03 16:02:46.845,22631,22632,22632,1,1
2025-02-03 16:02:46.849,22632,22633,22632,1,-1
2025-02-03 16:02:47.557,22631,22632,22631,2,-2
2025-02-03 16:02:47.794,22630,22631,22631,1,1
2025-02-03 16:02:47.909,22630,22632,22632,1,1
2025-02-03 16:02:50.221,22631,22632,22632,1,1
2025-02-03 16:02:54.094,22631,22632,22632,3,3
2025-02-03 16:02:54.096,22632,22633,22632,1,-1
2025-02-03 16:02:54.229,22631,22632,22632,2,2
2025-02-03 16:02:54.345,22631,22632,22632,2,2
2025-02-03 16:02:54.348,22631,22632,22632,2,2
2025-02-03 16:02:54.352,22631,22632,22632,2,2
2025-02-03 16:02:54.354,22631,22632,22633,81,81
2025-02-03 16:02:54.355,22631,22632,22635,1,1
2025-02-03 16:02:54.355,22631,22632,22635,7,7
2025-02-03 16:02:54.355,22631,22632,22634,4,4
2025-02-03 16:02:54.356,22631,22632,22635,1,1
2025-02-03 16:02:54.356,22631,22632,22636,1,1
2025-02-03 16:02:54.591,22636,22639,22639,1,1
2025-02-03 16:02:54.623,22637,22639,22639,2,2
2025-02-03 16:02:54.624,22637,22639,22640,1,1
2025-02-03 16:02:54.649,22637,22639,22640,1,1
2025-02-03 16:02:54.649,22637,22639,22640,4,4
2025-02-03 16:02:54.688,22637,22639,22641,1,1
2025-02-03 16:02:54.737,22639,22641,22641,1,1
2025-02-03 16:02:54.789,22639,22641,22641,1,1
2025-02-03 16:02:54.847,22639,22641,22641,1,1
2025-02-03 16:02:54.849,22639,22641,22642,2,2
2025-02-03 16:02:54.997,22640,22642,22642,1,1
2025-02-03 16:02:55.240,22640,22642,22641,2,2
2025-02-03 16:02:55.240,22640,22642,22642,2,2
2025-02-03 16:03:00.502,22641,22643,22643,2,2
2025-02-03 16:03:00.502,22641,22643,22643,3,3
2025-02-03 16:03:00.503,22641,22643,22643,1,1
2025-02-03 16:03:00.503,22641,22643,22644,2,2
2025-02-03 16:03:00.503,22641,22643,22644,1,1
2025-02-03 16:03:00.504,22641,22643,22644,1,1
2025-02-03 16:03:00.504,22641,22643,22644,1,1
2025-02-03 16:03:00.505,22641,22643,22645,3,3
2025-02-03 16:03:00.506,22641,22643,22645,5,5
2025-02-03 16:03:00.521,22641,22643,22645,1,1
2025-02-03 16:03:00.546,22641,22643,22644,1,1
2025-02-03 16:03:00.694,22643,22645,22644,1,1
2025-02-03 16:03:04.160,22644,22645,22644,1,-1
2025-02-03 16:03:05.381,22641,22642,22641,1,-1
2025-02-03 16:03:05.381,22641,22642,22641,2,-2
2025-02-03 16:03:05.874,22640,22643,22640,1,-1
2025-02-03 16:03:08.259,22641,22643,22643,1,1
2025-02-03 16:03:16.564,22641,22643,22643,1,1
2025-02-03 16:03:16.570,22641,22643,22644,2,2
2025-02-03 16:03:16.631,22644,22645,22644,1,-1
2025-02-03 16:03:18.367,22641,22643,22641,1,-1
2025-02-03 16:03:19.881,22640,22641,22640,2,-2
2025-02-03 16:03:19.881,22640,22641,22639,1,-1
2025-02-03 16:03:21.467,22635,22637,22637,2,2
2025-02-03 16:03:21.957,22635,22637,22637,1,1
2025-02-03 16:03:24.502,22636,22637,22637,1,1
2025-02-03 16:03:26.038,22636,22637,22637,3,3
2025-02-03 16:03:27.866,22636,22638,22638,3,3
2025-02-03 16:03:27.950,22636,22638,22638,3,3
2025-02-03 16:03:28.156,22637,22638,22638,1,1
2025-02-03 16:03:28.168,22637,22638,22639,2,2
2025-02-03 16:03:28.169,22637,22638,22639,1,1
2025-02-03 16:03:28.790,22637,22639,22637,1,-1
2025-02-03 16:03:29.202,22636,22639,22637,2,-2
2025-02-03 16:03:31.637,22638,22640,22640,3,3
2025-02-03 16:03:52.366,22642,22644,22644,2,2
2025-02-03 16:03:54.496,22643,22645,22645,1,1
2025-02-03 16:03:54.556,22643,22645,22646,1,1
2025-02-03 16:03:54.669,22645,22646,22645,1,-1
2025-02-03 16:03:55.518,22643,22644,22643,1,-1
2025-02-03 16:03:56.233,22642,22644,22644,1,1
2025-02-03 16:03:57.302,22641,22644,22641,1,-1
