2024-09-19 15:00:00.011,22095,22096,22099,82,82
2024-09-19 15:00:00.012,22098,22099,22098,2,-2
2024-09-19 15:00:00.026,22097,22099,22097,1,-1
2024-09-19 15:00:00.034,22097,22099,22099,2,2
2024-09-19 15:00:00.045,22097,22099,22099,1,1
2024-09-19 15:00:00.068,22097,22099,22099,1,1
2024-09-19 15:00:00.068,22097,22099,22100,5,5
2024-09-19 15:00:00.087,22099,22100,22100,1,1
2024-09-19 15:00:00.093,22099,22100,22102,1,1
2024-09-19 15:00:00.093,22099,22100,22100,4,4
2024-09-19 15:00:00.093,22099,22100,22101,3,3
2024-09-19 15:00:00.096,22099,22100,22099,1,-1
2024-09-19 15:00:00.114,22099,22100,22099,1,-1
2024-09-19 15:00:00.121,22099,22100,22102,1,1
2024-09-19 15:00:00.180,22099,22102,22099,1,-1
2024-09-19 15:00:00.222,22099,22102,22103,1,1
2024-09-19 15:00:00.222,22099,22102,22102,1,1
2024-09-19 15:00:00.234,22099,22102,22103,2,2
2024-09-19 15:00:00.243,22099,22102,22099,1,-1
2024-09-19 15:00:00.249,22099,22102,22103,1,1
2024-09-19 15:00:00.251,22099,22102,22103,4,4
2024-09-19 15:00:00.262,22099,22102,22103,1,1
2024-09-19 15:00:00.264,22099,22102,22104,1,1
2024-09-19 15:00:00.280,22099,22104,22104,3,3
2024-09-19 15:00:00.306,22099,22104,22104,1,1
2024-09-19 15:00:00.306,22099,22104,22105,1,1
2024-09-19 15:00:00.309,22099,22104,22105,1,1
2024-09-19 15:00:00.321,22099,22104,22105,6,6
2024-09-19 15:00:00.332,22099,22104,22105,2,2
2024-09-19 15:00:00.332,22099,22104,22106,1,1
2024-09-19 15:00:00.342,22099,22104,22101,1,-1
2024-09-19 15:00:00.368,22099,22104,22106,3,3
2024-09-19 15:00:00.368,22099,22104,22107,1,1
2024-09-19 15:00:00.422,22100,22107,22107,1,1
2024-09-19 15:00:00.439,22100,22107,22107,3,3
2024-09-19 15:00:00.439,22100,22107,22108,2,2
2024-09-19 15:00:00.449,22100,22107,22108,3,3
2024-09-19 15:00:00.452,22100,22107,22108,1,1
2024-09-19 15:00:00.475,22100,22107,22101,1,-1
2024-09-19 15:00:00.484,22100,22107,22100,1,-1
2024-09-19 15:00:00.494,22100,22107,22105,1,1
2024-09-19 15:00:00.494,22100,22107,22107,1,1
2024-09-19 15:00:00.504,22100,22107,22108,2,2
2024-09-19 15:00:00.504,22100,22107,22109,3,3
2024-09-19 15:00:00.548,22103,22109,22108,1,1
2024-09-19 15:00:00.550,22103,22109,22103,2,-2
2024-09-19 15:00:00.582,22103,22109,22106,1,-1
2024-09-19 15:00:00.655,22103,22109,22109,1,1
2024-09-19 15:00:00.699,22103,22109,22109,1,1
2024-09-19 15:00:00.699,22103,22109,22110,1,1
2024-09-19 15:00:00.709,22103,22109,22110,1,1
2024-09-19 15:00:00.710,22103,22109,22110,1,1
2024-09-19 15:00:00.720,22103,22109,22109,1,1
2024-09-19 15:00:00.752,22103,22109,22110,1,1
2024-09-19 15:00:00.753,22103,22109,22110,1,1
2024-09-19 15:00:00.760,22103,22109,22111,1,1
2024-09-19 15:00:00.766,22103,22109,22107,1,1
2024-09-19 15:00:00.766,22103,22109,22108,2,2
2024-09-19 15:00:00.792,22108,22111,22111,1,1
2024-09-19 15:00:00.804,22108,22111,22111,1,1
2024-09-19 15:00:00.814,22108,22111,22111,1,1
2024-09-19 15:00:00.844,22108,22111,22108,1,-1
2024-09-19 15:00:00.858,22108,22111,22109,1,-1
2024-09-19 15:00:00.883,22108,22111,22111,1,1
2024-09-19 15:00:00.910,22108,22111,22111,1,1
2024-09-19 15:00:00.944,22108,22111,22108,1,-1
2024-09-19 15:00:00.971,22108,22111,22110,1,1
2024-09-19 15:00:00.973,22108,22111,22107,1,-1
2024-09-19 15:00:00.978,22108,22111,22107,1,-1
2024-09-19 15:00:00.993,22108,22111,22107,1,-1
2024-09-19 15:00:01.027,22107,22111,22107,2,-2
2024-09-19 15:00:01.027,22107,22111,22106,1,-1
2024-09-19 15:00:01.052,22107,22111,22107,3,-3
2024-09-19 15:00:01.188,22106,22109,22106,1,-1
2024-09-19 15:00:01.214,22106,22109,22104,1,-1
2024-09-19 15:00:01.214,22106,22109,22103,1,-1
2024-09-19 15:00:01.221,22106,22109,22102,1,-1
2024-09-19 15:00:01.225,22106,22109,22102,1,-1
2024-09-19 15:00:01.232,22106,22109,22101,1,-1
2024-09-19 15:00:01.234,22106,22109,22101,1,-1
2024-09-19 15:00:01.244,22106,22109,22100,2,-2
2024-09-19 15:00:01.246,22106,22109,22099,1,-1
2024-09-19 15:00:01.316,22106,22109,22103,1,-1
2024-09-19 15:00:01.402,22103,22108,22103,1,-1
2024-09-19 15:00:01.423,22103,22108,22108,1,1
2024-09-19 15:00:01.454,22103,22108,22107,1,1
2024-09-19 15:00:01.567,22103,22107,22103,1,-1
2024-09-19 15:00:01.588,22103,22107,22103,1,-1
2024-09-19 15:00:02.215,22102,22106,22106,1,1
2024-09-19 15:00:02.251,22102,22106,22106,1,1
2024-09-19 15:00:02.284,22102,22106,22106,1,1
2024-09-19 15:00:02.284,22102,22106,22107,2,2
2024-09-19 15:00:02.284,22102,22106,22108,4,4
2024-09-19 15:00:02.378,22102,22106,22108,2,2
2024-09-19 15:00:02.525,22104,22107,22104,1,-1
2024-09-19 15:00:02.732,22102,22106,22106,1,1
2024-09-19 15:00:02.895,22102,22106,22105,1,1
2024-09-19 15:00:02.963,22102,22105,22105,1,1
2024-09-19 15:00:03.130,22102,22106,22105,1,1
2024-09-19 15:00:03.294,22102,22105,22105,1,1
2024-09-19 15:00:03.339,22102,22105,22105,1,1
2024-09-19 15:00:03.422,22102,22105,22105,2,2
2024-09-19 15:00:03.422,22102,22105,22106,1,1
2024-09-19 15:00:03.575,22102,22106,22106,1,1
2024-09-19 15:00:03.814,22103,22106,22103,1,-1
2024-09-19 15:00:03.939,22103,22106,22106,2,2
2024-09-19 15:00:03.939,22103,22106,22107,1,1
2024-09-19 15:00:04.438,22105,22106,22106,1,1
2024-09-19 15:00:04.439,22105,22106,22106,1,1
2024-09-19 15:00:04.441,22105,22106,22105,1,-1
2024-09-19 15:00:04.441,22105,22106,22103,1,-1
2024-09-19 15:00:04.570,22103,22107,22104,1,-1
2024-09-19 15:00:04.570,22103,22107,22104,3,-3
2024-09-19 15:00:04.720,22103,22107,22107,1,1
2024-09-19 15:00:04.787,22105,22107,22107,1,1
2024-09-19 15:00:05.268,22105,22106,22106,1,1
2024-09-19 15:00:05.296,22106,22108,22106,1,-1
2024-09-19 15:00:05.532,22105,22108,22105,1,-1
2024-09-19 15:00:05.867,22105,22108,22105,2,-2
2024-09-19 15:00:05.867,22105,22108,22103,3,-3
2024-09-19 15:00:06.692,22103,22104,22103,2,-2
2024-09-19 15:00:07.226,22103,22104,22104,1,1
2024-09-19 15:00:07.314,22104,22106,22103,1,-1
2024-09-19 15:00:07.314,22104,22106,22104,1,-1
2024-09-19 15:00:07.950,22102,22104,22102,1,-1
2024-09-19 15:00:08.986,22103,22105,22105,1,1
2024-09-19 15:00:09.014,22103,22105,22105,1,1
2024-09-19 15:00:09.014,22103,22105,22106,2,2
2024-09-19 15:00:09.014,22103,22105,22106,1,1
2024-09-19 15:00:09.084,22106,22107,22106,1,-1
2024-09-19 15:00:09.140,22106,22107,22104,1,-1
2024-09-19 15:00:09.789,22103,22105,22103,1,-1
2024-09-19 15:00:09.917,22103,22105,22105,1,1
2024-09-19 15:00:10.100,22104,22105,22105,1,1
2024-09-19 15:00:10.101,22104,22105,22106,1,1
2024-09-19 15:00:10.102,22104,22105,22107,8,8
2024-09-19 15:00:10.769,22103,22106,22104,1,-1
2024-09-19 15:00:11.554,22103,22105,22103,1,-1
2024-09-19 15:00:13.435,22103,22105,22105,1,1
2024-09-19 15:00:13.436,22103,22105,22106,1,1
2024-09-19 15:00:13.438,22103,22105,22107,1,1
2024-09-19 15:00:13.548,22106,22108,22108,2,2
2024-09-19 15:00:15.311,22104,22105,22105,1,1
2024-09-19 15:00:15.537,22106,22107,22106,1,-1
2024-09-19 15:00:15.589,22106,22107,22105,1,-1
2024-09-19 15:00:15.745,22104,22107,22104,1,-1
2024-09-19 15:00:15.901,22104,22107,22104,1,-1
2024-09-19 15:00:16.967,22104,22106,22106,1,1
2024-09-19 15:00:17.237,22105,22107,22107,2,2
2024-09-19 15:00:17.237,22105,22107,22107,2,2
2024-09-19 15:00:17.343,22106,22108,22107,1,1
2024-09-19 15:00:18.021,22106,22108,22108,1,1
2024-09-19 15:00:18.301,22107,22109,22109,2,2
2024-09-19 15:00:18.501,22107,22109,22107,1,-1
2024-09-19 15:00:19.460,22106,22108,22108,2,2
2024-09-19 15:00:19.699,22107,22109,22109,3,3
2024-09-19 15:00:19.700,22107,22109,22110,3,3
2024-09-19 15:00:19.751,22107,22109,22109,1,1
2024-09-19 15:00:19.751,22107,22109,22109,2,2
2024-09-19 15:00:20.059,22108,22110,22108,2,-2
2024-09-19 15:00:20.059,22108,22110,22107,5,-5
2024-09-19 15:00:20.214,22106,22109,22109,1,1
2024-09-19 15:00:20.214,22106,22109,22109,1,1
2024-09-19 15:00:20.337,22107,22109,22112,12,12
2024-09-19 15:00:20.337,22107,22109,22111,2,2
2024-09-19 15:00:20.337,22107,22109,22109,2,2
2024-09-19 15:00:20.337,22107,22109,22110,4,4
2024-09-19 15:00:20.872,22109,22111,22111,1,1
2024-09-19 15:00:21.141,22109,22111,22111,1,1
2024-09-19 15:00:21.527,22109,22111,22111,1,1
2024-09-19 15:00:21.537,22109,22111,22113,9,9
2024-09-19 15:00:21.537,22109,22111,22112,6,6
2024-09-19 15:00:22.421,22112,22114,22114,2,2
2024-09-19 15:00:22.421,22112,22114,22114,1,1
2024-09-19 15:00:22.422,22112,22114,22115,5,5
2024-09-19 15:00:22.465,22112,22114,22116,5,5
2024-09-19 15:00:22.616,22115,22117,22115,1,-1
2024-09-19 15:00:22.686,22115,22117,22117,1,1
2024-09-19 15:00:23.096,22115,22117,22117,2,2
2024-09-19 15:00:23.616,22115,22117,22117,1,1
2024-09-19 15:00:23.832,22115,22117,22117,1,1
2024-09-19 15:00:23.965,22115,22117,22118,2,2
2024-09-19 15:00:24.084,22117,22118,22118,1,1
2024-09-19 15:00:24.084,22117,22118,22118,1,1
2024-09-19 15:00:25.195,22118,22119,22119,4,4
2024-09-19 15:00:25.468,22118,22120,22120,1,1
2024-09-19 15:00:25.530,22118,22120,22120,6,6
2024-09-19 15:00:25.786,22119,22121,22119,1,-1
2024-09-19 15:00:25.970,22118,22120,22120,1,1
2024-09-19 15:00:26.027,22118,22120,22120,1,1
2024-09-19 15:00:26.167,22118,22120,22120,1,1
2024-09-19 15:00:26.225,22118,22120,22120,1,1
2024-09-19 15:00:26.235,22118,22120,22120,1,1
2024-09-19 15:00:26.373,22118,22120,22119,1,1
2024-09-19 15:00:26.385,22118,22120,22120,2,2
2024-09-19 15:00:26.394,22118,22120,22120,1,1
2024-09-19 15:00:26.779,22118,22120,22120,1,1
2024-09-19 15:00:27.551,22118,22121,22121,1,1
2024-09-19 15:00:27.621,22118,22121,22119,1,-1
2024-09-19 15:00:27.658,22119,22121,22119,1,-1
2024-09-19 15:00:27.717,22119,22121,22120,1,-1
2024-09-19 15:00:27.815,22118,22120,22120,1,1
2024-09-19 15:00:28.670,22118,22120,22118,1,-1
2024-09-19 15:00:29.149,22118,22120,22120,1,1
2024-09-19 15:00:29.207,22118,22120,22120,1,1
2024-09-19 15:00:29.283,22118,22120,22120,1,1
2024-09-19 15:00:29.372,22118,22120,22119,3,3
2024-09-19 15:00:29.734,22118,22120,22120,1,1
2024-09-19 15:00:29.802,22118,22120,22120,1,1
2024-09-19 15:00:30.162,22119,22120,22120,3,3
2024-09-19 15:00:30.505,22120,22121,22118,1,-1
2024-09-19 15:00:30.505,22120,22121,22120,2,-2
2024-09-19 15:00:30.505,22120,22121,22119,3,-3
2024-09-19 15:00:31.525,22119,22120,22120,1,1
2024-09-19 15:00:31.582,22119,22120,22121,1,1
2024-09-19 15:00:31.582,22119,22120,22121,4,4
2024-09-19 15:00:32.131,22120,22122,22122,7,7
2024-09-19 15:00:32.131,22120,22122,22123,1,1
2024-09-19 15:00:32.549,22121,22122,22121,1,-1
2024-09-19 15:00:32.741,22121,22122,22123,3,3
2024-09-19 15:00:32.741,22121,22122,22122,1,1
2024-09-19 15:00:32.741,22121,22122,22124,3,3
2024-09-19 15:00:32.837,22121,22124,22121,1,-1
2024-09-19 15:00:32.865,22121,22124,22121,2,-2
2024-09-19 15:00:32.865,22121,22124,22120,1,-1
2024-09-19 15:00:32.961,22120,22123,22120,2,-2
2024-09-19 15:00:32.978,22120,22123,22120,1,-1
2024-09-19 15:00:32.984,22120,22123,22120,1,-1
2024-09-19 15:00:33.082,22120,22123,22123,1,1
2024-09-19 15:00:33.179,22120,22123,22120,1,-1
2024-09-19 15:00:33.518,22120,22122,22122,1,1
2024-09-19 15:00:33.952,22121,22123,22121,1,-1
2024-09-19 15:00:34.535,22121,22124,22121,1,-1
2024-09-19 15:00:34.536,22121,22124,22121,1,-1
2024-09-19 15:00:34.740,22121,22123,22123,1,1
2024-09-19 15:00:34.755,22121,22123,22121,1,-1
2024-09-19 15:00:34.758,22121,22123,22121,1,-1
2024-09-19 15:00:34.918,22120,22123,22120,2,-2
2024-09-19 15:00:35.321,22121,22123,22121,2,-2
2024-09-19 15:00:35.372,22121,22123,22120,1,-1
2024-09-19 15:00:35.892,22118,22119,22118,2,-2
2024-09-19 15:00:36.171,22117,22119,22119,1,1
2024-09-19 15:00:36.278,22117,22120,22117,1,-1
2024-09-19 15:00:37.547,22117,22119,22117,5,-5
2024-09-19 15:00:37.975,22116,22118,22118,5,5
2024-09-19 15:00:37.975,22116,22118,22119,2,2
2024-09-19 15:00:37.976,22116,22118,22117,1,1
2024-09-19 15:00:38.571,22118,22119,22118,1,-1
2024-09-19 15:00:39.362,22118,22119,22119,1,1
2024-09-19 15:00:40.175,22118,22119,22118,1,-1
2024-09-19 15:00:40.798,22117,22119,22119,1,1
2024-09-19 15:00:40.820,22117,22119,22119,1,1
2024-09-19 15:00:42.094,22117,22118,22118,1,1
2024-09-19 15:00:42.095,22117,22118,22118,1,1
2024-09-19 15:00:44.349,22116,22118,22117,1,1
2024-09-19 15:00:44.871,22116,22118,22118,1,1
2024-09-19 15:00:45.882,22117,22118,22118,1,1
2024-09-19 15:00:46.238,22117,22119,22117,1,-1
2024-09-19 15:00:46.248,22117,22119,22117,1,-1
2024-09-19 15:00:46.606,22116,22119,22116,1,-1
2024-09-19 15:00:46.790,22116,22119,22118,1,1
2024-09-19 15:00:46.848,22116,22119,22119,1,1
2024-09-19 15:00:49.329,22117,22119,22117,1,-1
2024-09-19 15:00:51.035,22117,22119,22119,1,1
2024-09-19 15:00:51.101,22117,22119,22118,1,1
2024-09-19 15:00:51.210,22118,22120,22120,2,2
2024-09-19 15:00:51.210,22118,22120,22121,3,3
2024-09-19 15:00:51.210,22118,22120,22122,2,2
2024-09-19 15:00:52.111,22119,22122,22118,1,-1
2024-09-19 15:00:52.111,22119,22122,22119,2,-2
2024-09-19 15:00:52.732,22120,22121,22121,1,1
2024-09-19 15:00:53.541,22120,22121,22122,1,1
2024-09-19 15:00:53.692,22121,22122,22122,1,1
2024-09-19 15:00:53.872,22121,22122,22121,1,-1
2024-09-19 15:00:53.872,22121,22122,22120,1,-1
2024-09-19 15:00:54.904,22120,22122,22122,1,1
2024-09-19 15:00:54.912,22120,22122,22123,1,1
2024-09-19 15:00:54.912,22120,22122,22123,1,1
2024-09-19 15:00:56.053,22122,22123,22122,1,-1
2024-09-19 15:00:56.709,22122,22123,22122,1,-1
2024-09-19 15:00:56.709,22122,22123,22121,1,-1
2024-09-19 15:00:56.744,22122,22123,22120,1,-1
2024-09-19 15:00:59.203,22120,22122,22120,1,-1
2024-09-19 15:01:00.042,22120,22122,22122,2,2
2024-09-19 15:01:00.042,22120,22122,22123,1,1
2024-09-19 15:01:00.083,22120,22122,22123,1,1
2024-09-19 15:01:00.084,22120,22122,22124,1,1
2024-09-19 15:01:00.084,22120,22122,22124,1,1
2024-09-19 15:01:00.084,22120,22122,22123,3,3
2024-09-19 15:01:00.084,22120,22122,22123,2,2
2024-09-19 15:01:00.084,22120,22122,22123,3,3
2024-09-19 15:01:00.085,22120,22122,22124,2,2
2024-09-19 15:01:00.085,22120,22122,22125,23,23
2024-09-19 15:01:00.086,22120,22122,22126,4,4
2024-09-19 15:01:00.086,22120,22122,22126,1,1
2024-09-19 15:01:00.086,22120,22122,22127,2,2
2024-09-19 15:01:00.087,22120,22122,22127,1,1
2024-09-19 15:01:00.087,22120,22122,22128,2,2
2024-09-19 15:01:00.089,22120,22122,22128,3,3
2024-09-19 15:01:00.090,22120,22122,22128,1,1
2024-09-19 15:01:00.090,22120,22122,22129,3,3
2024-09-19 15:01:00.093,22120,22122,22129,2,2
2024-09-19 15:01:00.094,22120,22122,22129,3,3
2024-09-19 15:01:00.098,22120,22122,22130,8,8
2024-09-19 15:01:00.098,22120,22122,22130,3,3
2024-09-19 15:01:00.099,22120,22122,22132,2,2
2024-09-19 15:01:00.099,22120,22122,22132,4,4
2024-09-19 15:01:00.099,22120,22122,22132,4,4
2024-09-19 15:01:00.099,22120,22122,22131,2,2
2024-09-19 15:01:00.099,22120,22122,22132,2,2
2024-09-19 15:01:00.099,22120,22122,22131,1,1
2024-09-19 15:01:00.100,22120,22122,22132,9,9
2024-09-19 15:01:00.100,22120,22122,22132,1,1
2024-09-19 15:01:00.100,22120,22122,22132,2,2
2024-09-19 15:01:00.100,22120,22122,22133,1,1
2024-09-19 15:01:00.101,22120,22122,22133,1,1
2024-09-19 15:01:00.102,22120,22122,22133,3,3
2024-09-19 15:01:00.110,22120,22122,22130,1,1
2024-09-19 15:01:00.110,22120,22122,22132,1,1
2024-09-19 15:01:00.110,22120,22122,22131,1,1
2024-09-19 15:01:00.119,22120,22122,22129,3,3
2024-09-19 15:01:00.183,22128,22131,22128,1,-1
2024-09-19 15:01:00.189,22128,22131,22130,1,1
2024-09-19 15:01:00.217,22128,22131,22127,1,-1
2024-09-19 15:01:00.218,22128,22131,22129,1,-1
2024-09-19 15:01:00.223,22128,22131,22129,1,-1
2024-09-19 15:01:00.233,22128,22131,22129,1,-1
2024-09-19 15:01:00.271,22128,22131,22129,1,-1
2024-09-19 15:01:00.278,22126,22130,22130,4,4
2024-09-19 15:01:00.280,22126,22130,22127,1,-1
2024-09-19 15:01:00.424,22125,22129,22125,2,-2
2024-09-19 15:01:00.425,22125,22129,22124,2,-2
2024-09-19 15:01:00.516,22125,22129,22123,3,-3
2024-09-19 15:01:00.531,22122,22125,22125,2,2
2024-09-19 15:01:00.531,22122,22125,22126,1,1
2024-09-19 15:01:00.543,22122,22125,22126,1,1
2024-09-19 15:01:00.595,22122,22125,22123,1,-1
2024-09-19 15:01:00.614,22122,22125,22123,1,-1
2024-09-19 15:01:00.635,22122,22125,22122,1,-1
2024-09-19 15:01:00.694,22122,22125,22122,3,-3
2024-09-19 15:01:00.725,22122,22125,22125,1,1
2024-09-19 15:01:00.735,22122,22125,22122,1,-1
2024-09-19 15:01:00.761,22122,22125,22124,1,1
2024-09-19 15:01:00.762,22122,22125,22125,1,1
2024-09-19 15:01:00.762,22122,22125,22126,2,2
2024-09-19 15:01:00.778,22122,22127,22127,1,1
2024-09-19 15:01:00.785,22122,22127,22127,1,1
2024-09-19 15:01:00.924,22123,22127,22123,1,-1
2024-09-19 15:01:01.070,22122,22127,22123,1,-1
2024-09-19 15:01:01.154,22123,22126,22126,1,1
2024-09-19 15:01:01.217,22123,22126,22123,2,-2
2024-09-19 15:01:01.456,22122,22124,22122,2,-2
2024-09-19 15:01:02.426,22122,22124,22122,2,-2
2024-09-19 15:01:02.426,22122,22124,22121,1,-1
2024-09-19 15:01:02.458,22122,22124,22121,1,-1
2024-09-19 15:01:03.106,22122,22124,22122,2,-2
2024-09-19 15:01:03.233,22121,22123,22121,1,-1
2024-09-19 15:01:03.366,22121,22123,22121,1,-1
2024-09-19 15:01:03.582,22120,22123,22122,1,1
2024-09-19 15:01:04.142,22120,22123,22123,1,1
2024-09-19 15:01:04.199,22120,22123,22120,3,-3
2024-09-19 15:01:04.280,22120,22122,22120,3,-3
2024-09-19 15:01:04.302,22120,22122,22125,4,4
2024-09-19 15:01:04.302,22120,22122,22124,3,3
2024-09-19 15:01:04.302,22120,22122,22122,4,4
2024-09-19 15:01:04.302,22120,22122,22123,4,4
2024-09-19 15:01:04.359,22120,22122,22121,1,1
2024-09-19 15:01:04.520,22121,22123,22121,2,-2
2024-09-19 15:01:05.615,22120,22121,22121,1,1
2024-09-19 15:01:05.708,22121,22122,22122,1,1
2024-09-19 15:01:06.104,22121,22122,22122,1,1
2024-09-19 15:01:06.356,22121,22122,22121,1,-1
2024-09-19 15:01:06.433,22121,22122,22122,1,1
2024-09-19 15:01:06.721,22121,22122,22123,1,1
2024-09-19 15:01:06.721,22121,22122,22122,1,1
2024-09-19 15:01:08.035,22121,22122,22122,1,1
2024-09-19 15:01:08.881,22121,22123,22121,5,-5
2024-09-19 15:01:08.993,22120,22122,22120,1,-1
2024-09-19 15:01:09.093,22120,22122,22120,1,-1
2024-09-19 15:01:09.264,22120,22122,22122,1,1
2024-09-19 15:01:09.279,22120,22122,22122,1,1
2024-09-19 15:01:09.709,22120,22122,22122,1,1
2024-09-19 15:01:10.024,22120,22122,22123,4,4
2024-09-19 15:01:10.024,22120,22122,22124,2,2
2024-09-19 15:01:10.024,22120,22122,22122,4,4
2024-09-19 15:01:10.084,22121,22123,22120,2,-2
2024-09-19 15:01:10.256,22120,22123,22120,1,-1
2024-09-19 15:01:10.341,22120,22123,22120,1,-1
2024-09-19 15:01:10.348,22120,22123,22120,1,-1
2024-09-19 15:01:10.361,22120,22123,22120,1,-1
2024-09-19 15:01:11.385,22120,22123,22123,1,1
2024-09-19 15:01:12.646,22119,22122,22118,6,-6
2024-09-19 15:01:12.647,22119,22122,22117,8,-8
2024-09-19 15:01:12.677,22119,22122,22116,9,-9
2024-09-19 15:01:12.689,22119,22122,22115,5,-5
2024-09-19 15:01:12.842,22114,22116,22114,1,-1
2024-09-19 15:01:12.942,22113,22116,22113,1,-1
2024-09-19 15:01:14.235,22113,22115,22115,1,1
2024-09-19 15:01:14.456,22113,22116,22116,1,1
2024-09-19 15:01:14.809,22113,22116,22116,1,1
2024-09-19 15:01:15.151,22114,22116,22116,1,1
2024-09-19 15:01:16.875,22114,22117,22117,1,1
2024-09-19 15:01:17.389,22114,22116,22116,1,1
2024-09-19 15:01:17.854,22115,22117,22115,1,-1
2024-09-19 15:01:17.854,22115,22117,22114,4,-4
2024-09-19 15:01:17.928,22113,22116,22113,1,-1
2024-09-19 15:01:18.232,22113,22116,22113,1,-1
2024-09-19 15:01:19.204,22114,22116,22116,1,1
2024-09-19 15:01:19.526,22115,22117,22115,1,-1
2024-09-19 15:01:19.526,22115,22117,22114,1,-1
2024-09-19 15:01:19.806,22114,22116,22114,3,-3
2024-09-19 15:01:20.781,22113,22115,22115,1,1
2024-09-19 15:01:21.936,22114,22116,22116,1,1
2024-09-19 15:01:22.076,22114,22116,22114,1,-1
2024-09-19 15:01:22.078,22114,22116,22113,2,-2
2024-09-19 15:01:22.230,22111,22113,22113,1,1
2024-09-19 15:01:22.503,22111,22113,22113,1,1
2024-09-19 15:01:22.630,22111,22114,22111,1,-1
2024-09-19 15:01:23.022,22112,22115,22112,4,-4
2024-09-19 15:01:23.654,22111,22113,22113,1,1
2024-09-19 15:01:26.751,22113,22115,22115,1,1
2024-09-19 15:01:27.245,22113,22116,22116,1,1
2024-09-19 15:01:27.278,22113,22116,22113,1,-1
2024-09-19 15:01:27.281,22113,22116,22116,1,1
2024-09-19 15:01:27.422,22113,22116,22116,1,1
2024-09-19 15:01:27.596,22113,22116,22116,1,1
2024-09-19 15:01:27.776,22113,22116,22116,1,1
2024-09-19 15:01:27.948,22113,22116,22116,1,1
2024-09-19 15:01:28.706,22113,22116,22113,1,-1
2024-09-19 15:01:28.706,22113,22116,22113,2,-2
2024-09-19 15:01:31.606,22113,22114,22114,1,1
2024-09-19 15:01:32.905,22113,22114,22113,1,-1
2024-09-19 15:01:33.126,22112,22113,22112,1,-1
2024-09-19 15:01:34.202,22112,22113,22112,1,-1
2024-09-19 15:01:34.888,22111,22112,22111,1,-1
2024-09-19 15:01:34.927,22110,22111,22110,5,-5
2024-09-19 15:01:34.928,22110,22111,22110,4,-4
2024-09-19 15:01:35.203,22109,22110,22109,1,-1
2024-09-19 15:01:35.360,22108,22109,22108,3,-3
2024-09-19 15:01:35.371,22108,22109,22106,2,-2
2024-09-19 15:01:35.381,22108,22109,22105,4,-4
2024-09-19 15:01:35.381,22108,22109,22104,1,-1
2024-09-19 15:01:35.584,22104,22107,22107,1,1
2024-09-19 15:01:35.597,22104,22107,22105,1,-1
2024-09-19 15:01:35.662,22105,22108,22105,1,-1
2024-09-19 15:01:35.925,22106,22109,22109,1,1
2024-09-19 15:01:36.835,22106,22109,22106,3,-3
2024-09-19 15:01:36.843,22106,22109,22108,1,1
2024-09-19 15:01:36.903,22105,22108,22108,1,1
2024-09-19 15:01:38.779,22106,22109,22109,1,1
2024-09-19 15:01:39.095,22106,22108,22106,4,-4
2024-09-19 15:01:40.239,22106,22108,22107,1,-1
2024-09-19 15:01:41.425,22108,22109,22108,1,-1
2024-09-19 15:01:43.884,22108,22109,22109,1,1
2024-09-19 15:01:43.884,22108,22109,22109,1,1
2024-09-19 15:01:44.065,22109,22110,22110,1,1
2024-09-19 15:01:44.065,22109,22110,22110,1,1
2024-09-19 15:01:44.066,22109,22110,22110,1,1
2024-09-19 15:01:44.651,22109,22110,22109,1,-1
2024-09-19 15:01:44.854,22108,22110,22110,1,1
2024-09-19 15:01:45.830,22109,22111,22109,1,-1
2024-09-19 15:01:46.634,22110,22112,22112,1,1
2024-09-19 15:01:46.666,22110,22112,22112,1,1
2024-09-19 15:01:47.687,22110,22111,22111,1,1
2024-09-19 15:01:47.688,22110,22111,22111,1,1
2024-09-19 15:01:47.688,22110,22111,22111,1,1
2024-09-19 15:01:49.856,22110,22112,22112,1,1
2024-09-19 15:01:50.044,22110,22112,22112,1,1
2024-09-19 15:01:51.757,22111,22113,22113,1,1
2024-09-19 15:01:51.900,22110,22113,22110,1,-1
2024-09-19 15:01:55.029,22112,22114,22114,1,1
2024-09-19 15:01:55.029,22112,22114,22114,1,1
2024-09-19 15:01:55.370,22113,22116,22113,1,-1
2024-09-19 15:01:55.560,22113,22116,22113,1,-1
2024-09-19 15:01:56.011,22113,22116,22114,2,-2
2024-09-19 15:01:57.509,22113,22116,22114,1,-1
2024-09-19 15:01:58.527,22115,22116,22115,1,-1
2024-09-19 15:01:58.803,22113,22116,22116,1,1
2024-09-19 15:01:59.350,22115,22116,22117,1,1
2024-09-19 15:01:59.350,22115,22116,22116,1,1
2024-09-19 15:02:00.188,22115,22116,22116,2,2
2024-09-19 15:02:00.188,22115,22116,22116,1,1
2024-09-19 15:02:00.384,22115,22117,22117,1,1
2024-09-19 15:02:03.898,22115,22117,22115,1,-1
2024-09-19 15:02:03.899,22115,22117,22115,2,-2
2024-09-19 15:02:04.053,22114,22116,22114,1,-1
2024-09-19 15:02:04.141,22114,22116,22114,1,-1
2024-09-19 15:02:04.141,22114,22116,22113,2,-2
2024-09-19 15:02:04.155,22113,22115,22113,1,-1
2024-09-19 15:02:04.348,22112,22115,22112,3,-3
2024-09-19 15:02:04.376,22112,22115,22111,3,-3
2024-09-19 15:02:04.763,22111,22114,22111,1,-1
2024-09-19 15:02:06.458,22112,22113,22112,1,-1
2024-09-19 15:02:08.413,22112,22114,22114,1,1
2024-09-19 15:02:08.842,22112,22114,22112,2,-2
2024-09-19 15:02:10.025,22111,22112,22111,1,-1
2024-09-19 15:02:10.286,22110,22111,22110,1,-1
2024-09-19 15:02:10.335,22110,22111,22110,7,-7
2024-09-19 15:02:10.362,22110,22111,22108,1,-1
2024-09-19 15:02:10.618,22108,22110,22108,1,-1
2024-09-19 15:02:11.043,22108,22110,22110,1,1
2024-09-19 15:02:11.411,22108,22110,22110,3,3
2024-09-19 15:02:11.412,22108,22110,22110,1,1
2024-09-19 15:02:12.015,22110,22111,22110,1,-1
2024-09-19 15:02:12.162,22109,22112,22112,2,2
2024-09-19 15:02:13.776,22109,22112,22109,1,-1
2024-09-19 15:02:14.087,22109,22112,22109,1,-1
2024-09-19 15:02:14.477,22109,22112,22109,1,-1
2024-09-19 15:02:15.404,22108,22110,22108,1,-1
2024-09-19 15:02:15.979,22108,22110,22108,2,-2
2024-09-19 15:02:16.307,22107,22109,22107,1,-1
2024-09-19 15:02:16.308,22107,22109,22107,1,-1
2024-09-19 15:02:17.009,22106,22108,22108,1,1
2024-09-19 15:02:17.063,22106,22108,22108,2,2
2024-09-19 15:02:17.805,22106,22108,22108,1,1
2024-09-19 15:02:17.805,22106,22108,22108,1,1
2024-09-19 15:02:17.984,22107,22109,22107,1,-1
2024-09-19 15:02:18.001,22107,22109,22107,1,-1
2024-09-19 15:02:18.371,22107,22110,22107,1,-1
2024-09-19 15:02:19.389,22108,22110,22110,1,1
2024-09-19 15:02:19.390,22108,22110,22110,1,1
2024-09-19 15:02:24.184,22108,22110,22108,1,-1
2024-09-19 15:02:24.239,22108,22110,22108,1,-1
2024-09-19 15:02:25.166,22109,22110,22110,2,2
2024-09-19 15:02:25.788,22110,22111,22111,1,1
2024-09-19 15:02:25.788,22110,22111,22111,1,1
2024-09-19 15:02:25.838,22110,22111,22110,1,-1
2024-09-19 15:02:27.300,22110,22111,22110,2,-2
2024-09-19 15:02:28.192,22109,22111,22110,1,-1
2024-09-19 15:02:28.458,22109,22111,22111,1,1
2024-09-19 15:02:28.458,22109,22111,22111,2,2
2024-09-19 15:02:28.574,22110,22112,22112,2,2
2024-09-19 15:02:28.574,22110,22112,22112,1,1
2024-09-19 15:02:29.985,22111,22113,22113,2,2
2024-09-19 15:02:29.985,22111,22113,22113,1,1
2024-09-19 15:02:30.011,22111,22113,22114,2,2
2024-09-19 15:02:30.015,22111,22113,22114,1,1
2024-09-19 15:02:30.475,22113,22115,22113,1,-1
2024-09-19 15:02:31.720,22113,22115,22113,1,-1
2024-09-19 15:02:33.038,22114,22115,22115,1,1
2024-09-19 15:02:33.038,22114,22115,22116,1,1
2024-09-19 15:02:33.040,22114,22115,22116,3,3
2024-09-19 15:02:35.503,22114,22116,22114,1,-1
2024-09-19 15:02:35.504,22114,22116,22113,3,-3
2024-09-19 15:02:35.528,22112,22114,22114,1,1
2024-09-19 15:02:36.097,22113,22115,22115,4,4
2024-09-19 15:02:36.097,22113,22115,22116,1,1
2024-09-19 15:02:36.968,22113,22115,22113,1,-1
2024-09-19 15:02:37.846,22112,22115,22112,4,-4
2024-09-19 15:02:37.848,22112,22115,22111,2,-2
2024-09-19 15:02:38.154,22111,22112,22112,2,2
2024-09-19 15:02:38.925,22112,22113,22113,3,3
2024-09-19 15:02:39.167,22112,22113,22112,1,-1
2024-09-19 15:02:39.526,22111,22113,22111,6,-6
2024-09-19 15:02:39.918,22109,22110,22110,1,1
2024-09-19 15:02:40.539,22110,22112,22112,1,1
2024-09-19 15:02:40.714,22110,22112,22112,1,1
2024-09-19 15:02:42.389,22110,22111,22110,1,-1
2024-09-19 15:02:42.847,22109,22111,22111,1,1
2024-09-19 15:02:43.018,22109,22111,22111,1,1
2024-09-19 15:02:43.212,22109,22111,22111,1,1
2024-09-19 15:02:49.423,22110,22111,22111,1,1
2024-09-19 15:02:50.307,22110,22111,22110,2,-2
2024-09-19 15:02:50.312,22110,22111,22108,3,-3
2024-09-19 15:02:50.312,22110,22111,22108,1,-1
2024-09-19 15:02:50.312,22110,22111,22109,3,-3
2024-09-19 15:02:50.461,22107,22109,22107,1,-1
2024-09-19 15:02:50.493,22107,22109,22107,1,-1
2024-09-19 15:02:52.970,22107,22109,22107,3,-3
2024-09-19 15:02:53.080,22107,22110,22109,1,1
2024-09-19 15:02:58.039,22107,22108,22107,1,-1
2024-09-19 15:02:58.626,22107,22108,22108,1,1
2024-09-19 15:02:59.438,22107,22108,22107,2,-2
2024-09-19 15:03:00.048,22107,22108,22109,1,1
2024-09-19 15:03:00.048,22107,22108,22108,1,1
2024-09-19 15:03:00.050,22107,22108,22109,2,2
2024-09-19 15:03:00.053,22107,22108,22110,2,2
2024-09-19 15:03:00.056,22107,22108,22110,1,1
2024-09-19 15:03:00.072,22107,22108,22108,1,1
2024-09-19 15:03:00.295,22108,22110,22110,1,1
2024-09-19 15:03:00.296,22108,22110,22111,2,2
2024-09-19 15:03:00.318,22108,22110,22111,1,1
2024-09-19 15:03:00.342,22108,22110,22112,1,1
2024-09-19 15:03:00.346,22108,22110,22112,1,1
2024-09-19 15:03:00.381,22108,22110,22110,1,1
2024-09-19 15:03:00.381,22108,22110,22109,1,1
2024-09-19 15:03:01.222,22109,22111,22111,1,1
2024-09-19 15:03:01.661,22109,22111,22109,1,-1
2024-09-19 15:03:04.754,22109,22111,22111,1,1
2024-09-19 15:03:05.746,22108,22111,22108,1,-1
2024-09-19 15:03:07.935,22109,22111,22108,3,-3
2024-09-19 15:03:07.935,22109,22111,22107,1,-1
2024-09-19 15:03:07.935,22109,22111,22109,1,-1
2024-09-19 15:03:08.458,22108,22110,22108,1,-1
2024-09-19 15:03:08.798,22107,22110,22110,1,1
2024-09-19 15:03:12.561,22109,22111,22109,1,-1
2024-09-19 15:03:13.317,22110,22111,22111,5,5
2024-09-19 15:03:14.988,22110,22111,22111,2,2
2024-09-19 15:03:16.930,22111,22113,22111,1,-1
2024-09-19 15:03:17.067,22110,22111,22110,1,-1
2024-09-19 15:03:17.507,22108,22111,22111,1,1
2024-09-19 15:03:17.947,22109,22111,22111,1,1
2024-09-19 15:03:20.202,22111,22112,22112,1,1
2024-09-19 15:03:21.737,22111,22113,22113,1,1
2024-09-19 15:03:23.070,22111,22113,22111,1,-1
2024-09-19 15:03:26.323,22110,22113,22110,1,-1
2024-09-19 15:03:27.206,22111,22112,22112,1,1
2024-09-19 15:03:30.254,22111,22113,22111,1,-1
2024-09-19 15:03:31.284,22111,22112,22112,1,1
2024-09-19 15:03:32.951,22111,22113,22113,1,1
2024-09-19 15:03:35.189,22111,22112,22112,1,1
2024-09-19 15:03:35.193,22111,22112,22112,1,1
2024-09-19 15:03:37.880,22111,22112,22112,1,1
2024-09-19 15:03:38.399,22111,22112,22112,1,1
2024-09-19 15:03:40.335,22112,22113,22112,1,-1
2024-09-19 15:03:40.775,22111,22113,22113,2,2
2024-09-19 15:03:40.775,22111,22113,22113,2,2
2024-09-19 15:03:40.775,22111,22113,22113,2,2
2024-09-19 15:03:40.775,22111,22113,22113,2,2
2024-09-19 15:03:40.775,22111,22113,22113,2,2
2024-09-19 15:03:40.775,22111,22113,22113,2,2
2024-09-19 15:03:41.797,22113,22115,22115,5,5
2024-09-19 15:03:42.520,22114,22117,22114,1,-1
2024-09-19 15:03:43.392,22112,22114,22113,1,-1
2024-09-19 15:03:43.453,22112,22115,22113,1,-1
2024-09-19 15:03:47.754,22113,22115,22115,1,1
2024-09-19 15:03:48.097,22113,22116,22113,1,-1
2024-09-19 15:03:49.819,22115,22116,22115,1,-1
2024-09-19 15:03:50.393,22115,22117,22115,1,-1
2024-09-19 15:03:51.146,22115,22117,22115,1,-1
2024-09-19 15:03:55.477,22115,22117,22115,2,-2
2024-09-19 15:03:55.477,22115,22117,22115,1,-1
2024-09-19 15:03:56.206,22115,22117,22117,1,1
2024-09-19 15:03:57.656,22116,22117,22117,7,7
2024-09-19 15:04:00.105,22118,22119,22119,1,1
2024-09-19 15:04:00.599,22118,22120,22120,1,1
2024-09-19 15:04:00.599,22118,22120,22120,1,1
2024-09-19 15:04:00.600,22118,22120,22120,5,5
2024-09-19 15:04:02.305,22120,22121,22121,1,1
2024-09-19 15:04:03.415,22121,22122,22122,1,1
2024-09-19 15:04:03.415,22121,22122,22122,1,1
2024-09-19 15:04:03.415,22121,22122,22122,2,2
2024-09-19 15:04:03.817,22122,22123,22123,1,1
2024-09-19 15:04:04.787,22123,22124,22124,1,1
2024-09-19 15:04:04.787,22123,22124,22125,1,1
2024-09-19 15:04:05.754,22123,22125,22125,1,1
2024-09-19 15:04:07.268,22124,22125,22125,1,1
2024-09-19 15:04:07.426,22124,22126,22125,1,1
2024-09-19 15:04:07.546,22124,22125,22124,2,-2
2024-09-19 15:04:07.547,22124,22125,22123,1,-1
2024-09-19 15:04:07.887,22122,22124,22121,1,-1
2024-09-19 15:04:08.004,22120,22123,22123,3,3
2024-09-19 15:04:08.012,22120,22123,22124,1,1
2024-09-19 15:04:08.767,22123,22124,22124,1,1
2024-09-19 15:04:08.828,22123,22125,22123,2,-2
2024-09-19 15:04:09.108,22123,22125,22123,1,-1
2024-09-19 15:04:09.868,22123,22124,22123,1,-1
2024-09-19 15:04:10.424,22122,22125,22122,1,-1
2024-09-19 15:04:10.443,22122,22125,22125,1,1
2024-09-19 15:04:10.695,22121,22123,22121,1,-1
2024-09-19 15:04:12.144,22121,22123,22124,2,2
2024-09-19 15:04:12.144,22121,22123,22123,1,1
2024-09-19 15:04:14.205,22121,22122,22122,1,1
2024-09-19 15:04:15.356,22121,22123,22123,2,2
2024-09-19 15:04:15.740,22121,22123,22123,1,1
2024-09-19 15:04:15.740,22121,22123,22124,2,2
2024-09-19 15:04:15.740,22121,22123,22125,4,4
2024-09-19 15:04:19.549,22122,22124,22123,1,1
2024-09-19 15:04:22.716,22122,22124,22125,10,10
2024-09-19 15:04:22.716,22122,22124,22126,5,5
2024-09-19 15:04:22.716,22122,22124,22124,5,5
2024-09-19 15:04:27.916,22123,22124,22124,1,1
2024-09-19 15:04:28.274,22123,22124,22124,1,1
2024-09-19 15:04:30.591,22123,22125,22123,1,-1
2024-09-19 15:04:33.331,22123,22125,22123,1,-1
2024-09-19 15:04:33.343,22123,22125,22123,1,-1
2024-09-19 15:04:33.343,22123,22125,22122,9,-9
2024-09-19 15:04:33.687,22120,22121,22120,1,-1
2024-09-19 15:04:33.688,22120,22121,22120,1,-1
2024-09-19 15:04:33.794,22119,22120,22119,1,-1
2024-09-19 15:04:33.794,22119,22120,22119,1,-1
2024-09-19 15:04:35.188,22118,22119,22119,1,1
2024-09-19 15:04:36.971,22118,22120,22118,1,-1
2024-09-19 15:04:37.327,22116,22118,22118,1,1
2024-09-19 15:04:43.622,22119,22122,22119,1,-1
2024-09-19 15:04:43.792,22118,22120,22118,1,-1
2024-09-19 15:04:46.473,22117,22120,22121,1,1
2024-09-19 15:04:47.911,22119,22121,22121,1,1
2024-09-19 15:04:49.421,22120,22122,22122,5,5
2024-09-19 15:04:50.233,22121,22123,22121,1,-1
2024-09-19 15:04:50.264,22121,22123,22121,1,-1
2024-09-19 15:04:54.427,22121,22123,22121,1,-1
2024-09-19 15:04:54.640,22120,22122,22122,2,2
2024-09-19 15:04:56.634,22122,22124,22122,1,-1
2024-09-19 15:05:00.261,22123,22125,22124,1,-1
2024-09-19 15:05:00.278,22124,22125,22124,1,-1
2024-09-19 15:05:01.215,22123,22125,22125,2,2
2024-09-19 15:05:01.216,22123,22125,22125,1,1
2024-09-19 15:05:01.216,22123,22125,22125,1,1
2024-09-19 15:05:01.234,22123,22125,22126,1,1
2024-09-19 15:05:01.234,22123,22125,22125,1,1
2024-09-19 15:05:01.324,22123,22126,22126,3,3
2024-09-19 15:05:05.843,22123,22125,22123,1,-1
2024-09-19 15:05:05.843,22123,22125,22123,10,-10
2024-09-19 15:05:05.845,22123,22125,22122,4,-4
2024-09-19 15:05:06.231,22121,22122,22121,1,-1
2024-09-19 15:05:08.648,22120,22122,22122,1,1
2024-09-19 15:05:08.654,22120,22122,22123,1,1
2024-09-19 15:05:08.654,22120,22122,22123,1,1
2024-09-19 15:05:08.654,22120,22122,22123,1,1
2024-09-19 15:05:08.654,22120,22122,22122,1,1
2024-09-19 15:05:08.654,22120,22122,22123,1,1
2024-09-19 15:05:08.660,22120,22122,22124,1,1
2024-09-19 15:05:08.708,22120,22122,22122,1,1
2024-09-19 15:05:10.349,22121,22122,22122,1,1
2024-09-19 15:05:10.349,22121,22122,22122,1,1
2024-09-19 15:05:10.349,22121,22122,22122,1,1
2024-09-19 15:05:11.142,22121,22123,22121,1,-1
2024-09-19 15:05:11.259,22121,22123,22121,1,-1
2024-09-19 15:05:11.282,22120,22123,22120,1,-1
2024-09-19 15:05:11.660,22120,22122,22120,3,-3
2024-09-19 15:05:12.109,22119,22121,22119,3,-3
2024-09-19 15:05:12.110,22119,22121,22118,2,-2
2024-09-19 15:05:13.537,22117,22118,22117,1,-1
2024-09-19 15:05:15.490,22116,22118,22118,1,1
2024-09-19 15:05:16.854,22117,22119,22119,1,1
2024-09-19 15:05:17.817,22116,22118,22116,1,-1
2024-09-19 15:05:18.015,22115,22117,22115,1,-1
2024-09-19 15:05:18.018,22115,22117,22114,1,-1
2024-09-19 15:05:18.029,22114,22116,22116,1,1
2024-09-19 15:05:18.029,22114,22116,22116,1,1
2024-09-19 15:05:18.029,22114,22116,22117,1,1
2024-09-19 15:05:18.031,22114,22116,22118,1,1
2024-09-19 15:05:18.440,22115,22118,22115,1,-1
2024-09-19 15:05:19.215,22115,22117,22117,1,1
2024-09-19 15:05:19.472,22114,22116,22114,1,-1
2024-09-19 15:05:26.034,22114,22116,22113,1,-1
2024-09-19 15:05:26.034,22114,22116,22114,1,-1
2024-09-19 15:05:26.390,22113,22115,22113,1,-1
2024-09-19 15:05:26.392,22113,22115,22112,2,-2
2024-09-19 15:05:26.611,22111,22113,22111,1,-1
2024-09-19 15:05:26.997,22111,22113,22111,1,-1
2024-09-19 15:05:27.121,22110,22112,22110,2,-2
2024-09-19 15:05:27.121,22110,22112,22110,5,-5
2024-09-19 15:05:27.146,22110,22112,22111,1,-1
2024-09-19 15:05:27.154,22109,22111,22112,1,1
2024-09-19 15:05:27.154,22109,22111,22111,1,1
2024-09-19 15:05:27.154,22109,22111,22111,1,1
2024-09-19 15:05:27.159,22109,22111,22112,1,1
2024-09-19 15:05:27.607,22110,22112,22110,1,-1
2024-09-19 15:05:28.286,22109,22112,22109,1,-1
2024-09-19 15:05:30.647,22109,22111,22109,1,-1
2024-09-19 15:05:32.411,22109,22111,22111,1,1
2024-09-19 15:05:33.914,22111,22112,22112,1,1
2024-09-19 15:05:35.203,22118,22119,22119,2,2
2024-09-19 15:05:35.666,22119,22120,22120,1,1
2024-09-19 15:05:35.768,22119,22120,22120,1,1
2024-09-19 15:05:36.355,22120,22122,22122,2,2
2024-09-19 15:05:36.404,22122,22124,22124,1,1
2024-09-19 15:05:36.404,22122,22124,22124,1,1
2024-09-19 15:05:36.404,22122,22124,22125,1,1
2024-09-19 15:05:36.410,22122,22124,22125,1,1
2024-09-19 15:05:36.433,22122,22124,22125,1,1
2024-09-19 15:05:36.712,22123,22125,22123,1,-1
2024-09-19 15:05:36.713,22123,22125,22122,1,-1
2024-09-19 15:05:36.986,22121,22123,22121,1,-1
2024-09-19 15:05:40.504,22123,22125,22125,1,1
2024-09-19 15:05:40.563,22123,22126,22123,1,-1
2024-09-19 15:05:40.843,22123,22125,22123,1,-1
2024-09-19 15:05:42.639,22123,22125,22123,1,-1
2024-09-19 15:05:42.639,22123,22125,22122,1,-1
2024-09-19 15:05:46.277,22122,22123,22123,2,2
2024-09-19 15:05:46.774,22123,22125,22123,1,-1
2024-09-19 15:05:48.246,22124,22126,22124,1,-1
2024-09-19 15:05:49.154,22123,22125,22123,3,-3
2024-09-19 15:05:49.768,22120,22121,22121,1,1
2024-09-19 15:05:49.769,22120,22121,22120,1,-1
2024-09-19 15:05:51.939,22118,22119,22119,3,3
2024-09-19 15:05:54.840,22118,22120,22120,1,1
2024-09-19 15:05:57.597,22119,22120,22120,1,1
2024-09-19 15:05:58.831,22120,22121,22121,1,1
2024-09-19 15:06:02.006,22119,22122,22122,1,1
2024-09-19 15:06:07.562,22120,22122,22120,1,-1
2024-09-19 15:06:07.663,22118,22120,22118,2,-2
2024-09-19 15:06:07.875,22117,22119,22117,1,-1
2024-09-19 15:06:09.119,22113,22115,22114,1,-1
2024-09-19 15:06:09.402,22113,22115,22115,1,1
2024-09-19 15:06:09.456,22113,22115,22117,1,1
2024-09-19 15:06:09.710,22114,22116,22116,1,1
2024-09-19 15:06:09.940,22114,22116,22116,1,1
2024-09-19 15:06:09.940,22114,22116,22117,1,1
2024-09-19 15:06:10.336,22115,22117,22115,1,-1
2024-09-19 15:06:13.112,22114,22116,22116,1,1
2024-09-19 15:06:14.356,22114,22116,22114,1,-1
2024-09-19 15:06:15.688,22113,22115,22115,2,2
2024-09-19 15:06:19.231,22115,22117,22117,1,1
2024-09-19 15:06:19.667,22116,22119,22116,1,-1
2024-09-19 15:06:22.339,22116,22117,22117,1,1
2024-09-19 15:06:24.782,22118,22119,22119,1,1
2024-09-19 15:06:26.119,22119,22120,22120,1,1
2024-09-19 15:06:27.285,22120,22121,22121,2,2
2024-09-19 15:06:27.285,22120,22121,22121,1,1
2024-09-19 15:06:27.667,22121,22122,22121,1,-1
2024-09-19 15:06:28.454,22121,22122,22122,1,1
2024-09-19 15:06:29.909,22122,22123,22123,1,1
2024-09-19 15:06:30.601,22123,22125,22123,1,-1
2024-09-19 15:06:30.904,22123,22125,22123,1,-1
2024-09-19 15:06:31.194,22123,22125,22125,2,2
2024-09-19 15:06:31.424,22125,22126,22125,1,-1
2024-09-19 15:06:31.426,22125,22126,22125,1,-1
2024-09-19 15:06:31.795,22124,22126,22126,4,4
2024-09-19 15:06:32.338,22125,22127,22127,1,1
2024-09-19 15:06:32.527,22125,22127,22125,1,-1
2024-09-19 15:06:35.449,22126,22127,22126,4,-4
2024-09-19 15:06:35.450,22126,22127,22125,2,-2
2024-09-19 15:06:35.730,22123,22125,22123,1,-1
2024-09-19 15:06:36.274,22124,22126,22124,1,-1
2024-09-19 15:06:36.293,22124,22125,22126,4,4
2024-09-19 15:06:36.293,22124,22125,22127,1,1
2024-09-19 15:06:36.643,22124,22126,22124,2,-2
2024-09-19 15:06:36.984,22123,22126,22126,2,2
2024-09-19 15:06:40.269,22124,22126,22125,1,1
2024-09-19 15:06:42.630,22124,22125,22125,1,1
2024-09-19 15:06:42.936,22124,22126,22125,1,1
2024-09-19 15:06:42.936,22124,22126,22125,1,1
2024-09-19 15:06:42.963,22124,22126,22126,1,1
2024-09-19 15:06:43.147,22124,22126,22124,1,-1
2024-09-19 15:06:44.268,22124,22126,22125,1,-1
2024-09-19 15:06:44.696,22124,22125,22125,1,1
2024-09-19 15:06:44.999,22124,22126,22124,1,-1
2024-09-19 15:06:46.232,22123,22124,22124,1,1
2024-09-19 15:06:49.468,22124,22125,22125,1,1
2024-09-19 15:06:50.423,22124,22125,22124,1,-1
2024-09-19 15:06:50.469,22124,22125,22125,2,2
2024-09-19 15:06:52.770,22125,22126,22126,6,6
2024-09-19 15:06:55.565,22125,22127,22125,1,-1
2024-09-19 15:06:56.019,22125,22126,22126,2,2
2024-09-19 15:06:57.000,22125,22126,22125,7,-7
2024-09-19 15:06:57.001,22125,22126,22125,1,-1
2024-09-19 15:06:57.001,22125,22126,22125,7,-7
2024-09-19 15:06:57.001,22125,22126,22125,2,-2
2024-09-19 15:07:00.881,22123,22126,22123,1,-1
2024-09-19 15:07:02.643,22122,22124,22125,1,1
2024-09-19 15:07:04.201,22125,22126,22126,1,1
2024-09-19 15:07:04.790,22125,22127,22125,1,-1
2024-09-19 15:07:05.309,22125,22126,22126,1,1
2024-09-19 15:07:06.858,22126,22127,22127,2,2
2024-09-19 15:07:06.858,22126,22127,22127,1,1
2024-09-19 15:07:06.859,22126,22127,22127,1,1
2024-09-19 15:07:06.911,22127,22128,22128,2,2
2024-09-19 15:07:08.764,22126,22127,22126,2,-2
2024-09-19 15:07:08.764,22126,22127,22126,1,-1
2024-09-19 15:07:10.390,22124,22127,22127,3,3
2024-09-19 15:07:10.450,22124,22127,22124,1,-1
2024-09-19 15:07:13.471,22124,22125,22124,1,-1
2024-09-19 15:07:13.527,22122,22125,22125,1,1
2024-09-19 15:07:13.888,22123,22125,22125,2,2
2024-09-19 15:07:14.207,22123,22126,22126,1,1
2024-09-19 15:07:17.675,22123,22126,22126,1,1
2024-09-19 15:07:17.778,22124,22126,22124,1,-1
2024-09-19 15:07:18.599,22122,22124,22122,1,-1
2024-09-19 15:07:19.047,22122,22123,22124,1,1
2024-09-19 15:07:19.047,22122,22123,22123,1,1
2024-09-19 15:07:24.614,22123,22126,22124,1,-1
2024-09-19 15:07:25.749,22123,22126,22124,2,-2
2024-09-19 15:07:26.225,22122,22125,22122,1,-1
2024-09-19 15:07:30.723,22122,22124,22122,1,-1
2024-09-19 15:07:30.724,22122,22124,22122,4,-4
2024-09-19 15:07:33.441,22121,22123,22123,1,1
2024-09-19 15:07:33.815,22121,22122,22122,1,1
2024-09-19 15:07:36.785,22121,22123,22123,1,1
2024-09-19 15:07:39.420,22122,22123,22124,1,1
2024-09-19 15:07:39.420,22122,22123,22123,1,1
2024-09-19 15:07:40.265,22122,22124,22123,1,1
2024-09-19 15:07:43.672,22123,22124,22123,1,-1
2024-09-19 15:07:43.673,22123,22124,22122,5,-5
2024-09-19 15:07:44.012,22120,22121,22120,1,-1
2024-09-19 15:07:44.414,22120,22121,22120,3,-3
2024-09-19 15:07:44.415,22120,22121,22119,11,-11
2024-09-19 15:07:44.595,22118,22119,22119,1,1
2024-09-19 15:07:45.976,22118,22119,22119,2,2
2024-09-19 15:07:47.765,22119,22120,22119,2,-2
2024-09-19 15:07:48.527,22118,22119,22118,6,-6
2024-09-19 15:07:48.627,22118,22119,22117,3,-3
2024-09-19 15:07:48.821,22116,22118,22116,1,-1
2024-09-19 15:07:48.901,22116,22117,22116,2,-2
2024-09-19 15:07:49.044,22115,22117,22115,4,-4
2024-09-19 15:07:49.044,22115,22117,22115,4,-4
2024-09-19 15:07:49.162,22113,22114,22113,1,-1
2024-09-19 15:07:51.778,22114,22116,22116,1,1
2024-09-19 15:07:55.717,22118,22119,22119,1,1
2024-09-19 15:07:58.922,22120,22121,22120,2,-2
2024-09-19 15:08:00.719,22116,22119,22116,1,-1
2024-09-19 15:08:05.370,22119,22122,22122,1,1
2024-09-19 15:08:06.160,22122,22123,22123,1,1
2024-09-19 15:08:06.543,22123,22124,22124,2,2
2024-09-19 15:08:06.799,22124,22125,22124,2,-2
2024-09-19 15:08:06.799,22124,22125,22123,1,-1
2024-09-19 15:08:08.813,22122,22125,22125,1,1
2024-09-19 15:08:09.397,22122,22125,22122,1,-1
2024-09-19 15:08:10.436,22122,22124,22122,1,-1
2024-09-19 15:08:10.876,22120,22122,22120,1,-1
2024-09-19 15:08:11.365,22120,22121,22120,1,-1
2024-09-19 15:08:13.280,22120,22121,22121,1,1
2024-09-19 15:08:16.475,22120,22123,22120,1,-1
2024-09-19 15:08:20.436,22120,22122,22120,1,-1
2024-09-19 15:08:21.998,22119,22121,22120,1,-1
2024-09-19 15:08:23.595,22119,22122,22120,1,-1
2024-09-19 15:08:23.678,22120,22122,22120,1,-1
2024-09-19 15:08:26.863,22120,22123,22120,1,-1
2024-09-19 15:08:30.079,22119,22122,22119,3,-3
2024-09-19 15:08:32.202,22117,22118,22118,1,1
2024-09-19 15:08:32.216,22117,22118,22117,2,-2
2024-09-19 15:08:32.219,22117,22118,22116,4,-4
2024-09-19 15:08:32.423,22115,22118,22115,1,-1
2024-09-19 15:08:36.322,22115,22117,22115,1,-1
2024-09-19 15:08:36.555,22114,22116,22114,2,-2
2024-09-19 15:08:37.243,22113,22114,22113,1,-1
2024-09-19 15:08:38.557,22112,22115,22115,1,1
2024-09-19 15:08:41.084,22113,22116,22115,1,1
2024-09-19 15:08:41.209,22113,22116,22113,1,-1
2024-09-19 15:08:41.548,22112,22115,22114,5,5
2024-09-19 15:08:42.288,22112,22114,22114,2,2
2024-09-19 15:08:42.307,22112,22114,22114,2,2
2024-09-19 15:08:42.850,22112,22115,22115,5,5
2024-09-19 15:08:44.064,22113,22114,22113,1,-1
2024-09-19 15:08:44.492,22112,22113,22113,1,1
2024-09-19 15:08:44.707,22112,22113,22112,1,-1
2024-09-19 15:08:45.637,22112,22114,22114,1,1
2024-09-19 15:08:46.402,22112,22114,22112,2,-2
2024-09-19 15:08:47.565,22111,22113,22111,1,-1
2024-09-19 15:08:49.601,22111,22113,22112,1,-1
2024-09-19 15:08:50.205,22115,22117,22115,3,-3
2024-09-19 15:08:51.564,22115,22118,22115,3,-3
2024-09-19 15:08:51.564,22115,22118,22115,1,-1
2024-09-19 15:08:52.469,22114,22117,22117,1,1
2024-09-19 15:08:53.143,22117,22119,22117,1,-1
2024-09-19 15:08:53.975,22117,22118,22117,2,-2
2024-09-19 15:08:53.991,22117,22118,22116,1,-1
2024-09-19 15:08:55.902,22115,22117,22117,1,1
2024-09-19 15:08:57.486,22115,22117,22117,2,2
2024-09-19 15:08:57.486,22115,22117,22117,2,2
2024-09-19 15:08:58.635,22117,22119,22117,1,-1
2024-09-19 15:09:00.590,22114,22117,22114,1,-1
2024-09-19 15:09:00.625,22114,22117,22114,1,-1
2024-09-19 15:09:03.878,22114,22116,22114,2,-2
2024-09-19 15:09:07.190,22115,22117,22117,1,1
2024-09-19 15:09:07.190,22115,22117,22117,1,1
2024-09-19 15:09:08.375,22114,22117,22114,1,-1
2024-09-19 15:09:08.911,22114,22117,22117,1,1
2024-09-19 15:09:11.211,22115,22118,22115,1,-1
2024-09-19 15:09:12.066,22115,22118,22115,1,-1
2024-09-19 15:09:12.737,22115,22116,22115,1,-1
2024-09-19 15:09:13.895,22115,22116,22116,1,1
2024-09-19 15:09:15.758,22117,22118,22118,1,1
2024-09-19 15:09:15.758,22117,22118,22118,1,1
2024-09-19 15:09:15.758,22117,22118,22118,1,1
2024-09-19 15:09:15.789,22118,22120,22117,2,-2
2024-09-19 15:09:15.789,22118,22120,22118,3,-3
2024-09-19 15:09:16.263,22117,22120,22117,2,-2
2024-09-19 15:09:20.209,22115,22118,22117,1,1
2024-09-19 15:09:23.597,22115,22117,22116,1,1
2024-09-19 15:09:24.455,22115,22117,22115,1,-1
2024-09-19 15:09:25.387,22114,22115,22115,1,1
2024-09-19 15:09:26.001,22114,22115,22114,2,-2
2024-09-19 15:09:30.468,22114,22115,22114,1,-1
2024-09-19 15:09:31.668,22112,22114,22112,1,-1
2024-09-19 15:09:32.737,22112,22114,22112,1,-1
2024-09-19 15:09:32.983,22112,22114,22112,1,-1
2024-09-19 15:09:33.301,22111,22114,22111,1,-1
2024-09-19 15:09:33.689,22111,22113,22111,1,-1
2024-09-19 15:09:33.872,22111,22113,22111,1,-1
2024-09-19 15:09:33.969,22111,22112,22111,1,-1
2024-09-19 15:09:33.970,22111,22112,22111,13,-13
2024-09-19 15:09:34.110,22110,22112,22112,1,1
2024-09-19 15:09:34.208,22110,22113,22110,1,-1
2024-09-19 15:09:34.293,22110,22112,22110,1,-1
2024-09-19 15:09:34.332,22110,22112,22110,1,-1
2024-09-19 15:09:35.027,22110,22111,22110,1,-1
2024-09-19 15:09:35.088,22110,22111,22110,9,-9
2024-09-19 15:09:35.089,22110,22111,22109,5,-5
2024-09-19 15:09:35.140,22110,22111,22108,4,-4
2024-09-19 15:09:35.140,22110,22111,22108,6,-6
2024-09-19 15:09:35.141,22110,22111,22107,2,-2
2024-09-19 15:09:35.141,22110,22111,22107,2,-2
2024-09-19 15:09:38.175,22107,22110,22110,1,1
2024-09-19 15:09:40.243,22109,22112,22112,1,1
2024-09-19 15:09:40.529,22109,22111,22109,1,-1
2024-09-19 15:09:40.800,22108,22110,22111,1,1
2024-09-19 15:09:41.416,22110,22111,22111,1,1
2024-09-19 15:09:41.417,22110,22111,22111,1,1
2024-09-19 15:09:44.044,22111,22113,22113,1,1
2024-09-19 15:09:44.308,22111,22113,22111,1,-1
2024-09-19 15:09:44.506,22110,22113,22111,1,-1
2024-09-19 15:09:46.502,22111,22113,22111,1,-1
2024-09-19 15:09:49.031,22112,22113,22113,1,1
2024-09-19 15:09:49.585,22112,22114,22112,1,-1
2024-09-19 15:09:50.218,22112,22114,22112,1,-1
2024-09-19 15:09:51.883,22112,22114,22114,1,1
2024-09-19 15:09:52.072,22114,22115,22114,1,-1
2024-09-19 15:09:52.623,22113,22115,22113,4,-4
2024-09-19 15:09:55.295,22114,22115,22115,2,2
2024-09-19 15:09:56.711,22113,22115,22113,1,-1
2024-09-19 15:09:57.032,22111,22114,22114,4,4
2024-09-19 15:09:59.520,22111,22113,22111,2,-2
2024-09-19 15:09:59.520,22111,22113,22110,1,-1
2024-09-19 15:10:01.168,22110,22111,22111,1,1
2024-09-19 15:10:01.384,22111,22113,22111,2,-2
2024-09-19 15:10:01.384,22111,22113,22110,6,-6
2024-09-19 15:10:01.438,22110,22113,22112,1,1
2024-09-19 15:10:01.438,22110,22113,22113,3,3
2024-09-19 15:10:01.676,22110,22113,22113,2,2
2024-09-19 15:10:03.603,22113,22115,22115,1,1
2024-09-19 15:10:04.136,22114,22116,22116,1,1
2024-09-19 15:10:04.651,22115,22117,22117,2,2
2024-09-19 15:10:04.651,22115,22117,22117,4,4
2024-09-19 15:10:06.158,22118,22120,22118,1,-1
2024-09-19 15:10:06.781,22118,22120,22120,1,1
2024-09-19 15:10:07.838,22118,22120,22118,1,-1
2024-09-19 15:10:07.838,22118,22120,22117,3,-3
2024-09-19 15:10:10.234,22116,22119,22116,1,-1
2024-09-19 15:10:10.707,22116,22119,22119,2,2
2024-09-19 15:10:10.997,22116,22119,22116,3,-3
2024-09-19 15:10:13.737,22115,22117,22115,1,-1
2024-09-19 15:10:20.103,22113,22116,22116,1,1
2024-09-19 15:10:20.792,22113,22116,22113,1,-1
2024-09-19 15:10:21.568,22113,22115,22113,1,-1
2024-09-19 15:10:21.645,22113,22115,22113,2,-2
2024-09-19 15:10:21.645,22113,22115,22112,1,-1
2024-09-19 15:10:25.588,22115,22117,22115,1,-1
2024-09-19 15:10:30.684,22114,22115,22114,1,-1
2024-09-19 15:10:32.011,22114,22115,22115,1,1
2024-09-19 15:10:33.193,22114,22115,22114,1,-1
2024-09-19 15:10:33.193,22114,22115,22112,9,-9
2024-09-19 15:10:33.716,22112,22114,22112,1,-1
2024-09-19 15:10:34.059,22110,22112,22110,1,-1
2024-09-19 15:10:34.060,22110,22112,22110,2,-2
2024-09-19 15:10:36.083,22111,22113,22111,1,-1
2024-09-19 15:10:41.574,22110,22111,22110,2,-2
2024-09-19 15:10:41.708,22109,22111,22109,1,-1
2024-09-19 15:10:41.711,22109,22111,22109,10,-10
2024-09-19 15:10:41.713,22109,22111,22108,2,-2
2024-09-19 15:10:41.755,22109,22111,22108,5,-5
2024-09-19 15:10:41.906,22107,22108,22107,1,-1
2024-09-19 15:10:42.018,22107,22108,22107,1,-1
2024-09-19 15:10:42.094,22107,22108,22107,1,-1
2024-09-19 15:10:42.631,22107,22108,22107,1,-1
2024-09-19 15:10:43.303,22107,22108,22108,1,1
2024-09-19 15:10:46.768,22107,22109,22107,6,-6
2024-09-19 15:10:46.769,22107,22109,22106,8,-8
2024-09-19 15:10:47.979,22106,22108,22108,1,1
2024-09-19 15:10:48.472,22106,22109,22109,1,1
2024-09-19 15:10:50.594,22106,22109,22106,2,-2
2024-09-19 15:10:50.890,22106,22109,22105,10,-10
2024-09-19 15:10:50.890,22106,22109,22106,5,-5
2024-09-19 15:10:52.374,22104,22107,22104,1,-1
2024-09-19 15:10:53.710,22104,22107,22107,1,1
2024-09-19 15:10:58.582,22106,22108,22108,1,1
2024-09-19 15:11:00.023,22106,22108,22106,1,-1
2024-09-19 15:11:01.327,22106,22108,22106,1,-1
2024-09-19 15:11:02.528,22106,22108,22106,1,-1
2024-09-19 15:11:02.737,22105,22108,22105,2,-2
2024-09-19 15:11:07.313,22104,22105,22104,1,-1
2024-09-19 15:11:07.313,22104,22105,22104,4,-4
2024-09-19 15:11:07.314,22104,22105,22104,2,-2
2024-09-19 15:11:07.314,22104,22105,22103,2,-2
2024-09-19 15:11:07.315,22104,22105,22103,4,-4
2024-09-19 15:11:07.315,22104,22105,22103,7,-7
2024-09-19 15:11:07.771,22102,22103,22103,1,1
2024-09-19 15:11:08.006,22102,22103,22102,1,-1
2024-09-19 15:11:08.042,22102,22103,22103,1,1
2024-09-19 15:11:08.221,22102,22104,22102,1,-1
2024-09-19 15:11:08.297,22102,22104,22102,1,-1
2024-09-19 15:11:08.298,22102,22104,22102,1,-1
2024-09-19 15:11:08.341,22102,22104,22104,1,1
2024-09-19 15:11:09.136,22102,22104,22102,1,-1
2024-09-19 15:11:10.349,22102,22104,22102,1,-1
2024-09-19 15:11:11.738,22102,22104,22102,13,-13
2024-09-19 15:11:11.845,22101,22102,22102,1,1
2024-09-19 15:11:12.028,22101,22104,22101,1,-1
2024-09-19 15:11:12.159,22101,22103,22101,1,-1
2024-09-19 15:11:12.166,22101,22103,22101,2,-2
2024-09-19 15:11:12.167,22101,22103,22101,4,-4
2024-09-19 15:11:12.328,22100,22102,22100,2,-2
2024-09-19 15:11:12.329,22100,22102,22100,5,-5
2024-09-19 15:11:12.329,22100,22102,22100,12,-12
2024-09-19 15:11:12.330,22100,22102,22099,1,-1
2024-09-19 15:11:12.330,22100,22102,22099,1,-1
2024-09-19 15:11:12.330,22100,22102,22099,3,-3
2024-09-19 15:11:12.331,22100,22102,22098,3,-3
2024-09-19 15:11:12.331,22100,22102,22098,1,-1
2024-09-19 15:11:12.331,22100,22102,22098,3,-3
2024-09-19 15:11:12.467,22098,22099,22098,1,-1
2024-09-19 15:11:12.481,22098,22099,22098,1,-1
2024-09-19 15:11:12.485,22098,22099,22098,1,-1
2024-09-19 15:11:12.489,22098,22099,22097,1,-1
2024-09-19 15:11:12.490,22098,22099,22097,1,-1
2024-09-19 15:11:12.499,22098,22099,22097,2,-2
2024-09-19 15:11:12.499,22098,22099,22097,2,-2
2024-09-19 15:11:12.526,22096,22098,22096,1,-1
2024-09-19 15:11:12.563,22096,22098,22095,6,-6
2024-09-19 15:11:12.573,22096,22098,22094,1,-1
2024-09-19 15:11:12.573,22096,22098,22093,2,-2
2024-09-19 15:11:12.622,22096,22098,22093,4,-4
2024-09-19 15:11:12.622,22096,22098,22094,1,-1
2024-09-19 15:11:12.646,22096,22098,22093,1,-1
2024-09-19 15:11:12.660,22093,22095,22093,1,-1
2024-09-19 15:11:12.714,22093,22095,22094,1,-1
2024-09-19 15:11:12.729,22093,22095,22093,1,-1
2024-09-19 15:11:12.774,22093,22095,22093,1,-1
2024-09-19 15:11:12.820,22092,22095,22093,1,-1
2024-09-19 15:11:12.894,22092,22095,22093,1,-1
2024-09-19 15:11:13.040,22094,22096,22093,1,-1
2024-09-19 15:11:13.040,22094,22096,22094,2,-2
2024-09-19 15:11:13.046,22094,22096,22093,1,-1
2024-09-19 15:11:13.114,22094,22096,22096,1,1
2024-09-19 15:11:13.722,22094,22096,22096,1,1
2024-09-19 15:11:13.851,22094,22096,22096,1,1
2024-09-19 15:11:14.038,22095,22098,22095,1,-1
2024-09-19 15:11:14.443,22096,22098,22096,2,-2
2024-09-19 15:11:14.443,22096,22098,22095,3,-3
2024-09-19 15:11:16.158,22094,22096,22094,2,-2
2024-09-19 15:11:18.223,22094,22096,22095,1,-1
2024-09-19 15:11:19.527,22095,22098,22095,1,-1
2024-09-19 15:11:19.825,22095,22098,22095,1,-1
2024-09-19 15:11:20.130,22096,22098,22095,1,-1
2024-09-19 15:11:21.606,22097,22100,22097,1,-1
2024-09-19 15:11:21.720,22096,22099,22096,2,-2
2024-09-19 15:11:22.911,22094,22097,22094,1,-1
2024-09-19 15:11:24.744,22095,22097,22095,1,-1
2024-09-19 15:11:24.898,22094,22097,22097,1,1
2024-09-19 15:11:24.898,22094,22097,22098,1,1
2024-09-19 15:11:25.021,22096,22098,22098,1,1
2024-09-19 15:11:27.950,22097,22100,22100,1,1
2024-09-19 15:11:28.080,22098,22100,22100,1,1
2024-09-19 15:11:28.499,22097,22099,22099,3,3
2024-09-19 15:11:34.913,22098,22100,22100,1,1
2024-09-19 15:11:35.265,22099,22101,22101,7,7
2024-09-19 15:11:35.266,22099,22101,22102,1,1
2024-09-19 15:11:36.328,22101,22103,22103,2,2
2024-09-19 15:11:36.328,22101,22103,22103,1,1
2024-09-19 15:11:36.328,22101,22103,22103,3,3
2024-09-19 15:11:36.447,22103,22105,22103,1,-1
2024-09-19 15:11:40.089,22103,22105,22105,2,2
2024-09-19 15:11:40.350,22103,22105,22103,1,-1
2024-09-19 15:11:41.753,22102,22103,22102,1,-1
2024-09-19 15:11:43.146,22101,22103,22103,1,1
2024-09-19 15:11:47.508,22102,22104,22102,1,-1
2024-09-19 15:11:48.405,22101,22103,22103,1,1
2024-09-19 15:11:49.896,22101,22103,22103,1,1
2024-09-19 15:11:50.528,22101,22103,22103,2,2
2024-09-19 15:11:50.999,22103,22105,22103,1,-1
2024-09-19 15:11:51.022,22103,22105,22103,1,-1
2024-09-19 15:11:54.436,22103,22105,22105,1,1
2024-09-19 15:11:55.365,22104,22106,22106,2,2
2024-09-19 15:12:03.132,22106,22107,22107,1,1
2024-09-19 15:12:03.371,22106,22107,22106,1,-1
2024-09-19 15:12:03.371,22106,22107,22105,2,-2
2024-09-19 15:12:03.371,22106,22107,22104,3,-3
2024-09-19 15:12:03.448,22103,22106,22105,1,1
2024-09-19 15:12:03.528,22103,22105,22105,1,1
2024-09-19 15:12:03.579,22103,22105,22104,1,1
2024-09-19 15:12:04.396,22104,22106,22104,2,-2
2024-09-19 15:12:04.403,22103,22106,22103,1,-1
2024-09-19 15:12:04.404,22103,22106,22103,1,-1
2024-09-19 15:12:04.404,22103,22106,22103,1,-1
2024-09-19 15:12:04.408,22103,22106,22103,1,-1
2024-09-19 15:12:04.542,22103,22105,22103,1,-1
2024-09-19 15:12:06.942,22103,22105,22103,2,-2
2024-09-19 15:12:07.585,22104,22106,22104,1,-1
2024-09-19 15:12:07.654,22103,22106,22103,1,-1
2024-09-19 15:12:07.654,22103,22106,22103,1,-1
2024-09-19 15:12:07.654,22103,22106,22103,1,-1
2024-09-19 15:12:07.654,22103,22106,22103,1,-1
2024-09-19 15:12:08.522,22102,22105,22105,1,1
2024-09-19 15:12:10.065,22103,22106,22103,2,-2
2024-09-19 15:12:10.413,22101,22104,22101,1,-1
2024-09-19 15:12:10.472,22101,22104,22101,1,-1
2024-09-19 15:12:10.563,22101,22103,22101,1,-1
2024-09-19 15:12:20.945,22100,22102,22100,2,-2
2024-09-19 15:12:20.945,22100,22102,22100,2,-2
2024-09-19 15:12:23.309,22099,22101,22101,1,1
2024-09-19 15:12:23.403,22099,22101,22099,1,-1
2024-09-19 15:12:23.403,22099,22101,22099,1,-1
2024-09-19 15:12:23.403,22099,22101,22099,1,-1
2024-09-19 15:12:23.404,22099,22101,22098,1,-1
2024-09-19 15:12:23.404,22099,22101,22098,1,-1
2024-09-19 15:12:23.404,22099,22101,22098,1,-1
2024-09-19 15:12:23.404,22099,22101,22098,1,-1
2024-09-19 15:12:23.404,22099,22101,22098,1,-1
2024-09-19 15:12:23.405,22099,22101,22097,1,-1
2024-09-19 15:12:23.405,22099,22101,22097,1,-1
2024-09-19 15:12:24.059,22097,22099,22097,3,-3
2024-09-19 15:12:24.060,22097,22099,22096,2,-2
2024-09-19 15:12:24.964,22095,22098,22098,1,1
2024-09-19 15:12:30.841,22099,22100,22099,2,-2
2024-09-19 15:12:31.993,22098,22100,22100,1,1
2024-09-19 15:12:32.026,22098,22100,22098,1,-1
2024-09-19 15:12:34.691,22098,22100,22098,1,-1
2024-09-19 15:12:36.604,22098,22100,22100,1,1
2024-09-19 15:12:37.851,22100,22103,22101,1,-1
2024-09-19 15:12:37.904,22100,22103,22100,1,-1
2024-09-19 15:12:38.749,22101,22103,22103,1,1
2024-09-19 15:12:40.537,22102,22105,22105,1,1
2024-09-19 15:12:50.298,22103,22104,22103,1,-1
2024-09-19 15:12:54.982,22100,22102,22102,1,1
2024-09-19 15:12:55.404,22100,22102,22101,1,1
2024-09-19 15:12:58.913,22100,22102,22099,1,-1
2024-09-19 15:12:58.913,22100,22102,22100,2,-2
2024-09-19 15:12:59.190,22099,22102,22101,3,3
2024-09-19 15:12:59.587,22099,22101,22101,3,3
2024-09-19 15:13:06.956,22099,22100,22100,1,1
2024-09-19 15:13:06.956,22099,22100,22101,3,3
2024-09-19 15:13:07.199,22100,22101,22101,1,1
2024-09-19 15:13:07.213,22100,22101,22103,1,1
2024-09-19 15:13:07.243,22100,22101,22103,1,1
2024-09-19 15:13:07.243,22100,22101,22103,1,1
2024-09-19 15:13:07.265,22100,22101,22103,1,1
2024-09-19 15:13:07.279,22102,22104,22102,1,-1
2024-09-19 15:13:09.059,22100,22101,22101,1,1
2024-09-19 15:13:12.020,22101,22103,22103,2,2
2024-09-19 15:13:16.326,22101,22103,22102,1,1
2024-09-19 15:13:18.790,22101,22102,22101,1,-1
2024-09-19 15:13:18.792,22101,22102,22100,1,-1
2024-09-19 15:13:22.751,22099,22101,22099,1,-1
2024-09-19 15:13:23.096,22099,22101,22099,2,-2
2024-09-19 15:13:24.805,22100,22101,22100,1,-1
2024-09-19 15:13:25.503,22098,22100,22098,1,-1
2024-09-19 15:13:28.985,22096,22098,22098,2,2
2024-09-19 15:13:31.003,22098,22100,22100,1,1
2024-09-19 15:13:31.466,22098,22100,22098,1,-1
2024-09-19 15:13:34.523,22096,22098,22097,1,-1
2024-09-19 15:13:36.613,22096,22098,22096,2,-2
2024-09-19 15:13:38.275,22096,22098,22096,3,-3
2024-09-19 15:13:39.975,22095,22097,22095,1,-1
2024-09-19 15:13:40.288,22095,22097,22095,1,-1
2024-09-19 15:13:41.619,22095,22098,22097,1,1
2024-09-19 15:13:46.466,22094,22096,22094,2,-2
2024-09-19 15:13:47.745,22093,22095,22093,1,-1
2024-09-19 15:13:47.779,22093,22095,22093,1,-1
2024-09-19 15:13:47.779,22093,22095,22093,1,-1
2024-09-19 15:13:47.781,22093,22095,22093,4,-4
2024-09-19 15:13:47.782,22093,22095,22093,4,-4
2024-09-19 15:13:47.835,22093,22095,22092,1,-1
2024-09-19 15:13:49.837,22092,22094,22092,1,-1
2024-09-19 15:13:49.837,22092,22094,22092,1,-1
2024-09-19 15:13:49.837,22092,22094,22092,1,-1
2024-09-19 15:13:50.372,22091,22093,22092,1,-1
2024-09-19 15:13:52.301,22092,22093,22093,1,1
2024-09-19 15:13:53.767,22092,22094,22092,1,-1
2024-09-19 15:13:55.765,22092,22094,22092,1,-1
2024-09-19 15:13:58.058,22091,22092,22092,1,1
2024-09-19 15:13:58.714,22091,22093,22093,1,1
2024-09-19 15:14:00.587,22092,22093,22093,3,3
2024-09-19 15:14:01.418,22093,22095,22093,2,-2
2024-09-19 15:14:01.528,22093,22095,22096,1,1
2024-09-19 15:14:01.528,22093,22095,22095,1,1
2024-09-19 15:14:02.498,22094,22096,22096,1,1
2024-09-19 15:14:02.668,22095,22097,22097,1,1
2024-09-19 15:14:05.264,22097,22099,22099,1,1
2024-09-19 15:14:07.378,22098,22100,22100,2,2
2024-09-19 15:14:10.085,22098,22100,22100,1,1
2024-09-19 15:14:10.723,22098,22100,22100,1,1
2024-09-19 15:14:14.106,22098,22101,22101,2,2
2024-09-19 15:14:17.199,22098,22100,22100,1,1
2024-09-19 15:14:18.977,22098,22100,22100,1,1
2024-09-19 15:14:20.264,22098,22100,22098,1,-1
2024-09-19 15:14:21.640,22095,22097,22097,1,1
2024-09-19 15:14:25.328,22096,22099,22098,1,1
2024-09-19 15:14:26.916,22096,22097,22097,1,1
2024-09-19 15:14:28.673,22095,22097,22097,1,1
2024-09-19 15:14:28.673,22095,22097,22098,1,1
2024-09-19 15:14:28.780,22096,22098,22098,1,1
2024-09-19 15:14:32.794,22096,22098,22098,1,1
2024-09-19 15:14:33.122,22096,22099,22096,1,-1
2024-09-19 15:14:34.631,22096,22099,22098,1,1
2024-09-19 15:14:35.781,22093,22096,22096,1,1
2024-09-19 15:14:36.611,22093,22095,22095,1,1
2024-09-19 15:14:40.277,22094,22097,22094,1,-1
2024-09-19 15:14:42.874,22095,22096,22096,2,2
2024-09-19 15:14:46.979,22095,22097,22097,1,1
2024-09-19 15:14:46.979,22095,22097,22098,1,1
2024-09-19 15:15:01.474,22098,22100,22098,1,-1
2024-09-19 15:15:01.953,22097,22099,22097,1,-1
2024-09-19 15:15:01.953,22097,22099,22096,2,-2
2024-09-19 15:15:04.688,22098,22099,22099,1,1
2024-09-19 15:15:04.690,22098,22099,22100,1,1
2024-09-19 15:15:04.690,22098,22099,22100,9,9
2024-09-19 15:15:04.691,22098,22099,22101,4,4
2024-09-19 15:15:04.691,22098,22099,22101,3,3
2024-09-19 15:15:04.691,22098,22099,22101,1,1
2024-09-19 15:15:04.692,22098,22099,22102,2,2
2024-09-19 15:15:04.692,22098,22099,22102,1,1
2024-09-19 15:15:08.650,22102,22103,22102,1,-1
2024-09-19 15:15:09.423,22100,22101,22101,2,2
2024-09-19 15:15:11.607,22099,22100,22099,1,-1
2024-09-19 15:15:11.616,22099,22100,22098,1,-1
2024-09-19 15:15:11.617,22099,22100,22097,1,-1
2024-09-19 15:15:12.404,22096,22097,22096,3,-3
2024-09-19 15:15:12.420,22096,22097,22095,4,-4
2024-09-19 15:15:12.600,22093,22095,22093,1,-1
2024-09-19 15:15:13.151,22093,22094,22094,1,1
2024-09-19 15:15:18.185,22094,22096,22094,1,-1
2024-09-19 15:15:18.185,22094,22096,22094,2,-2
2024-09-19 15:15:19.646,22092,22095,22092,2,-2
2024-09-19 15:15:19.807,22091,22094,22091,1,-1
2024-09-19 15:15:19.815,22091,22094,22091,1,-1
2024-09-19 15:15:19.828,22091,22094,22091,3,-3
2024-09-19 15:15:19.828,22091,22094,22090,6,-6
2024-09-19 15:15:19.829,22091,22094,22090,2,-2
2024-09-19 15:15:19.838,22091,22094,22088,2,-2
2024-09-19 15:15:19.839,22091,22094,22088,1,-1
2024-09-19 15:15:19.839,22091,22094,22088,6,-6
2024-09-19 15:15:19.881,22091,22094,22087,4,-4
2024-09-19 15:15:19.901,22086,22087,22087,1,1
2024-09-19 15:15:20.288,22087,22089,22087,1,-1
2024-09-19 15:15:20.430,22087,22089,22089,1,1
2024-09-19 15:15:20.431,22087,22089,22089,1,1
2024-09-19 15:15:20.726,22090,22092,22090,1,-1
2024-09-19 15:15:21.771,22091,22094,22094,1,1
2024-09-19 15:15:24.399,22093,22095,22093,1,-1
2024-09-19 15:15:24.399,22093,22095,22092,1,-1
2024-09-19 15:15:29.225,22093,22095,22095,1,1
2024-09-19 15:15:35.218,22092,22094,22092,2,-2
2024-09-19 15:15:35.384,22092,22094,22094,1,1
2024-09-19 15:15:35.520,22092,22094,22092,1,-1
2024-09-19 15:15:36.954,22091,22092,22092,1,1
2024-09-19 15:15:40.838,22090,22092,22090,2,-2
2024-09-19 15:15:42.107,22089,22090,22090,1,1
2024-09-19 15:15:42.680,22089,22092,22092,3,3
2024-09-19 15:15:42.766,22089,22092,22092,1,1
2024-09-19 15:15:44.839,22088,22090,22090,2,2
2024-09-19 15:15:44.840,22088,22090,22090,1,1
2024-09-19 15:15:49.983,22088,22090,22088,1,-1
2024-09-19 15:15:49.984,22088,22090,22087,1,-1
2024-09-19 15:15:50.167,22086,22087,22087,1,1
2024-09-19 15:15:50.217,22086,22087,22087,1,1
2024-09-19 15:15:51.154,22086,22088,22086,1,-1
2024-09-19 15:15:51.175,22086,22088,22086,1,-1
2024-09-19 15:15:52.665,22086,22087,22086,3,-3
2024-09-19 15:15:53.578,22085,22087,22085,1,-1
2024-09-19 15:15:53.662,22085,22087,22085,2,-2
2024-09-19 15:15:53.667,22085,22087,22085,1,-1
2024-09-19 15:15:53.667,22085,22087,22084,4,-4
2024-09-19 15:15:53.669,22085,22087,22085,1,-1
2024-09-19 15:15:53.670,22085,22087,22086,1,-1
2024-09-19 15:15:53.677,22085,22087,22085,1,-1
2024-09-19 15:15:53.731,22085,22087,22085,1,-1
2024-09-19 15:15:53.797,22085,22087,22085,3,-3
2024-09-19 15:15:53.797,22085,22087,22084,4,-4
2024-09-19 15:15:53.847,22085,22087,22084,2,-2
2024-09-19 15:15:53.847,22085,22087,22083,1,-1
2024-09-19 15:15:53.924,22083,22086,22083,1,-1
2024-09-19 15:15:53.946,22083,22086,22083,1,-1
2024-09-19 15:15:53.987,22083,22086,22083,1,-1
2024-09-19 15:15:54.045,22083,22086,22083,1,-1
2024-09-19 15:15:54.068,22083,22086,22083,1,-1
2024-09-19 15:15:54.335,22083,22086,22083,1,-1
2024-09-19 15:15:54.385,22083,22086,22083,1,-1
2024-09-19 15:15:56.299,22085,22087,22087,1,1
2024-09-19 15:15:56.373,22085,22087,22087,1,1
2024-09-19 15:15:57.180,22087,22089,22087,1,-1
2024-09-19 15:16:00.175,22087,22090,22090,1,1
2024-09-19 15:16:00.423,22087,22090,22087,1,-1
2024-09-19 15:16:04.165,22089,22090,22090,2,2
2024-09-19 15:16:04.165,22089,22090,22090,2,2
2024-09-19 15:16:04.165,22089,22090,22090,1,1
2024-09-19 15:16:04.165,22089,22090,22090,1,1
2024-09-19 15:16:04.278,22089,22091,22091,1,1
2024-09-19 15:16:05.244,22089,22092,22089,1,-1
2024-09-19 15:16:07.727,22091,22093,22093,1,1
2024-09-19 15:16:08.277,22090,22091,22091,1,1
2024-09-19 15:16:08.607,22090,22091,22090,1,-1
2024-09-19 15:16:08.987,22088,22090,22090,1,1
2024-09-19 15:16:09.715,22088,22091,22089,2,-2
2024-09-19 15:16:10.863,22088,22091,22089,1,-1
2024-09-19 15:16:12.678,22092,22094,22092,1,-1
2024-09-19 15:16:15.325,22093,22095,22093,1,-1
2024-09-19 15:16:16.397,22092,22094,22092,1,-1
2024-09-19 15:16:20.069,22093,22094,22093,1,-1
2024-09-19 15:16:21.149,22092,22094,22094,1,1
2024-09-19 15:16:21.154,22092,22094,22095,1,1
2024-09-19 15:16:21.154,22092,22094,22094,1,1
2024-09-19 15:16:21.154,22092,22094,22094,1,1
2024-09-19 15:16:21.154,22092,22094,22094,1,1
2024-09-19 15:16:21.418,22093,22095,22095,5,5
2024-09-19 15:16:23.710,22095,22096,22096,1,1
2024-09-19 15:16:23.739,22095,22096,22095,1,-1
2024-09-19 15:16:26.481,22095,22097,22097,1,1
2024-09-19 15:16:30.254,22096,22098,22096,1,-1
2024-09-19 15:16:30.278,22095,22097,22097,1,1
2024-09-19 15:16:30.278,22095,22097,22097,1,1
2024-09-19 15:16:30.278,22095,22097,22097,1,1
2024-09-19 15:16:30.279,22095,22097,22097,1,1
2024-09-19 15:16:30.279,22095,22097,22098,1,1
2024-09-19 15:16:30.279,22095,22097,22098,1,1
2024-09-19 15:16:32.150,22096,22098,22098,1,1
2024-09-19 15:16:32.922,22096,22098,22096,1,-1
2024-09-19 15:16:34.340,22094,22097,22097,1,1
2024-09-19 15:16:38.475,22095,22097,22097,1,1
2024-09-19 15:16:41.230,22095,22096,22096,2,2
2024-09-19 15:16:47.510,22096,22098,22098,1,1
2024-09-19 15:16:47.679,22097,22099,22099,1,1
2024-09-19 15:16:48.155,22098,22100,22100,1,1
2024-09-19 15:16:48.271,22098,22100,22100,2,2
2024-09-19 15:16:49.149,22098,22100,22100,11,11
2024-09-19 15:16:50.347,22100,22101,22100,1,-1
2024-09-19 15:16:51.041,22098,22100,22100,1,1
2024-09-19 15:16:54.823,22098,22100,22100,2,2
2024-09-19 15:16:55.652,22099,22101,22100,1,1
2024-09-19 15:16:55.652,22099,22101,22100,1,1
2024-09-19 15:16:57.131,22098,22100,22100,1,1
2024-09-19 15:17:00.377,22098,22100,22100,3,3
2024-09-19 15:17:01.370,22100,22101,22101,1,1
2024-09-19 15:17:01.371,22100,22101,22101,1,1
2024-09-19 15:17:01.375,22100,22101,22102,2,2
2024-09-19 15:17:01.376,22100,22101,22102,15,15
2024-09-19 15:17:01.378,22100,22101,22103,3,3
2024-09-19 15:17:03.440,22101,22104,22104,1,1
2024-09-19 15:17:05.854,22097,22099,22099,1,1
2024-09-19 15:17:09.134,22098,22100,22100,1,1
2024-09-19 15:17:10.292,22099,22100,22099,1,-1
2024-09-19 15:17:12.578,22099,22100,22100,1,1
2024-09-19 15:17:12.719,22099,22100,22100,1,1
2024-09-19 15:17:14.295,22099,22100,22100,1,1
2024-09-19 15:17:14.295,22099,22100,22101,2,2
2024-09-19 15:17:14.316,22099,22100,22100,1,1
2024-09-19 15:17:20.973,22096,22099,22097,1,-1
2024-09-19 15:17:21.095,22096,22099,22099,1,1
2024-09-19 15:17:24.500,22097,22100,22097,6,-6
2024-09-19 15:17:24.769,22096,22098,22097,1,-1
2024-09-19 15:17:24.769,22096,22098,22096,1,-1
2024-09-19 15:17:27.370,22095,22097,22095,1,-1
2024-09-19 15:17:32.802,22095,22096,22095,1,-1
2024-09-19 15:17:43.631,22096,22098,22096,1,-1
2024-09-19 15:17:44.588,22096,22098,22098,1,1
2024-09-19 15:17:44.588,22096,22098,22098,9,9
2024-09-19 15:17:51.099,22098,22099,22099,1,1
2024-09-19 15:17:51.690,22098,22100,22100,2,2
2024-09-19 15:17:51.690,22098,22100,22100,1,1
2024-09-19 15:17:52.675,22098,22101,22098,1,-1
2024-09-19 15:17:58.776,22100,22102,22102,1,1
2024-09-19 15:18:02.565,22100,22101,22100,1,-1
2024-09-19 15:18:02.927,22100,22101,22101,1,1
2024-09-19 15:18:06.652,22100,22101,22100,1,-1
2024-09-19 15:18:09.622,22100,22101,22100,1,-1
2024-09-19 15:18:10.666,22098,22099,22099,1,1
2024-09-19 15:18:10.666,22098,22099,22099,1,1
2024-09-19 15:18:11.243,22098,22101,22098,1,-1
2024-09-19 15:18:13.033,22098,22100,22098,1,-1
2024-09-19 15:18:17.528,22098,22101,22098,1,-1
2024-09-19 15:18:19.513,22099,22101,22101,1,1
2024-09-19 15:18:19.560,22100,22102,22100,1,-1
2024-09-19 15:18:20.568,22100,22102,22102,1,1
2024-09-19 15:18:21.490,22100,22102,22102,1,1
2024-09-19 15:18:22.376,22101,22103,22103,2,2
2024-09-19 15:18:40.387,22101,22103,22101,1,-1
2024-09-19 15:18:42.724,22101,22103,22103,1,1
2024-09-19 15:18:51.545,22101,22103,22101,1,-1
2024-09-19 15:18:53.446,22102,22103,22103,1,1
2024-09-19 15:18:53.447,22102,22103,22103,3,3
2024-09-19 15:18:53.447,22102,22103,22103,1,1
2024-09-19 15:18:53.448,22102,22103,22104,2,2
2024-09-19 15:18:53.818,22103,22105,22105,4,4
2024-09-19 15:18:53.819,22103,22105,22105,7,7
2024-09-19 15:18:53.820,22103,22105,22106,1,1
2024-09-19 15:18:56.279,22106,22107,22107,2,2
2024-09-19 15:18:56.279,22106,22107,22107,2,2
2024-09-19 15:18:57.018,22107,22108,22108,1,1
2024-09-19 15:18:59.382,22106,22107,22106,2,-2
2024-09-19 15:18:59.383,22106,22107,22106,1,-1
2024-09-19 15:18:59.959,22103,22106,22106,1,1
2024-09-19 15:19:02.707,22106,22108,22108,1,1
2024-09-19 15:19:02.707,22106,22108,22109,2,2
2024-09-19 15:19:03.859,22106,22109,22106,1,-1
2024-09-19 15:19:04.309,22106,22108,22108,1,1
2024-09-19 15:19:04.309,22106,22108,22109,1,1
2024-09-19 15:19:04.783,22106,22108,22106,1,-1
2024-09-19 15:19:06.130,22106,22109,22106,1,-1
2024-09-19 15:19:07.459,22106,22107,22107,2,2
2024-09-19 15:19:10.281,22107,22108,22107,1,-1
2024-09-19 15:19:10.895,22105,22107,22105,1,-1
2024-09-19 15:19:13.881,22106,22108,22106,1,-1
2024-09-19 15:19:19.165,22108,22109,22109,1,1
2024-09-19 15:19:19.165,22108,22109,22109,1,1
2024-09-19 15:19:19.165,22108,22109,22109,1,1
2024-09-19 15:19:20.514,22108,22110,22108,1,-1
2024-09-19 15:19:20.547,22108,22110,22110,7,7
2024-09-19 15:19:20.547,22108,22110,22110,1,1
2024-09-19 15:19:20.547,22108,22110,22110,2,2
2024-09-19 15:19:22.402,22109,22111,22109,3,-3
2024-09-19 15:19:23.030,22108,22110,22110,2,2
2024-09-19 15:19:23.030,22108,22110,22111,3,3
2024-09-19 15:19:23.991,22107,22109,22109,1,1
2024-09-19 15:19:24.628,22107,22108,22108,1,1
2024-09-19 15:19:25.541,22107,22108,22107,1,-1
2024-09-19 15:19:25.541,22107,22108,22107,1,-1
2024-09-19 15:19:26.091,22106,22107,22106,1,-1
2024-09-19 15:19:26.091,22106,22107,22106,1,-1
2024-09-19 15:19:38.136,22107,22109,22109,1,1
2024-09-19 15:19:44.074,22108,22109,22117,11,11
2024-09-19 15:19:44.074,22108,22109,22116,6,6
2024-09-19 15:19:44.074,22108,22109,22115,14,14
2024-09-19 15:19:44.074,22108,22109,22113,25,25
2024-09-19 15:19:44.074,22108,22109,22114,9,9
2024-09-19 15:19:44.074,22108,22109,22111,7,7
2024-09-19 15:19:44.074,22108,22109,22110,8,8
2024-09-19 15:19:44.074,22108,22109,22109,9,9
2024-09-19 15:19:44.074,22108,22109,22112,11,11
2024-09-19 15:19:44.100,22108,22109,22115,1,1
2024-09-19 15:19:44.101,22108,22109,22115,1,1
2024-09-19 15:19:44.168,22114,22117,22118,5,5
2024-09-19 15:19:44.168,22114,22117,22117,10,10
2024-09-19 15:19:44.168,22114,22117,22119,1,1
2024-09-19 15:19:44.170,22114,22117,22118,1,1
2024-09-19 15:19:44.221,22114,22117,22119,3,3
2024-09-19 15:19:44.256,22114,22117,22117,1,1
2024-09-19 15:19:44.314,22116,22118,22118,1,1
2024-09-19 15:19:45.314,22116,22118,22116,1,-1
2024-09-19 15:19:46.234,22115,22117,22115,1,-1
2024-09-19 15:19:46.420,22113,22116,22113,2,-2
2024-09-19 15:19:47.373,22114,22116,22114,1,-1
2024-09-19 15:19:50.015,22113,22116,22116,1,1
2024-09-19 15:19:50.232,22113,22115,22113,1,-1
2024-09-19 15:19:52.370,22114,22116,22116,1,1
2024-09-19 15:19:52.989,22115,22117,22117,1,1
2024-09-19 15:19:54.085,22115,22118,22116,1,-1
2024-09-19 15:19:55.170,22116,22118,22118,2,2
2024-09-19 15:19:55.323,22115,22118,22117,1,1
2024-09-19 15:19:55.363,22115,22118,22118,1,1
2024-09-19 15:19:57.723,22115,22117,22115,1,-1
2024-09-19 15:19:58.153,22115,22117,22115,1,-1
2024-09-19 15:19:58.646,22114,22117,22116,1,1
2024-09-19 15:20:04.033,22116,22118,22118,2,2
2024-09-19 15:20:04.354,22116,22118,22119,2,2
2024-09-19 15:20:04.354,22116,22118,22118,1,1
2024-09-19 15:20:04.662,22117,22119,22119,1,1
2024-09-19 15:20:04.663,22117,22119,22119,1,1
2024-09-19 15:20:04.874,22118,22120,22118,1,-1
2024-09-19 15:20:06.187,22118,22120,22118,4,-4
2024-09-19 15:20:06.188,22118,22120,22118,1,-1
2024-09-19 15:20:08.616,22117,22119,22117,1,-1
2024-09-19 15:20:09.139,22116,22117,22117,1,1
2024-09-19 15:20:10.810,22116,22117,22116,2,-2
2024-09-19 15:20:10.810,22116,22117,22116,1,-1
2024-09-19 15:20:11.071,22115,22117,22116,1,-1
2024-09-19 15:20:11.577,22115,22118,22115,1,-1
2024-09-19 15:20:14.063,22115,22116,22115,2,-2
2024-09-19 15:20:14.063,22115,22116,22115,1,-1
2024-09-19 15:20:14.756,22114,22115,22114,1,-1
2024-09-19 15:20:14.921,22113,22114,22114,1,1
2024-09-19 15:20:14.941,22113,22114,22115,5,5
2024-09-19 15:20:17.557,22114,22115,22114,1,-1
2024-09-19 15:20:20.208,22113,22115,22114,1,-1
2024-09-19 15:20:20.692,22113,22115,22115,2,2
2024-09-19 15:20:20.693,22113,22115,22115,2,2
2024-09-19 15:20:23.120,22113,22116,22113,1,-1
2024-09-19 15:20:23.565,22113,22114,22114,1,1
2024-09-19 15:20:24.870,22113,22114,22114,2,2
2024-09-19 15:20:24.870,22113,22114,22114,1,1
2024-09-19 15:20:24.870,22113,22114,22114,1,1
2024-09-19 15:20:26.084,22114,22115,22115,1,1
2024-09-19 15:20:26.737,22115,22116,22115,1,-1
2024-09-19 15:20:26.932,22115,22116,22116,2,2
2024-09-19 15:20:27.657,22115,22117,22117,1,1
2024-09-19 15:20:27.657,22115,22117,22118,2,2
2024-09-19 15:20:27.657,22115,22117,22119,2,2
2024-09-19 15:20:28.065,22116,22119,22116,2,-2
2024-09-19 15:20:29.202,22115,22118,22115,1,-1
2024-09-19 15:20:33.268,22115,22118,22118,1,1
2024-09-19 15:20:38.072,22116,22118,22118,1,1
2024-09-19 15:20:39.383,22116,22118,22118,1,1
2024-09-19 15:20:40.007,22118,22119,22119,2,2
2024-09-19 15:20:40.035,22119,22120,22120,2,2
2024-09-19 15:20:40.036,22119,22120,22120,3,3
2024-09-19 15:20:40.036,22119,22120,22120,1,1
2024-09-19 15:20:40.036,22119,22120,22120,1,1
2024-09-19 15:20:40.036,22119,22120,22120,4,4
2024-09-19 15:20:40.036,22119,22120,22120,1,1
2024-09-19 15:20:40.234,22119,22121,22119,1,-1
2024-09-19 15:20:41.687,22120,22121,22120,1,-1
2024-09-19 15:20:41.769,22120,22121,22120,1,-1
2024-09-19 15:20:42.772,22120,22121,22121,2,2
2024-09-19 15:20:42.772,22120,22121,22122,1,1
2024-09-19 15:20:42.807,22120,22122,22122,1,1
2024-09-19 15:20:42.967,22120,22122,22122,2,2
2024-09-19 15:20:42.968,22120,22122,22122,3,3
2024-09-19 15:20:42.969,22120,22122,22122,1,1
2024-09-19 15:20:42.973,22120,22122,22122,4,4
2024-09-19 15:20:42.979,22120,22122,22123,1,1
2024-09-19 15:20:42.979,22120,22122,22123,1,1
2024-09-19 15:20:43.673,22120,22122,22122,1,1
2024-09-19 15:20:44.901,22120,22122,22122,1,1
2024-09-19 15:20:46.688,22120,22121,22121,2,2
2024-09-19 15:20:46.688,22120,22121,22122,1,1
2024-09-19 15:20:46.728,22120,22121,22122,2,2
2024-09-19 15:20:48.237,22120,22121,22121,1,1
2024-09-19 15:20:49.310,22120,22121,22121,2,2
2024-09-19 15:20:49.310,22120,22121,22122,1,1
2024-09-19 15:20:50.123,22120,22122,22120,1,-1
2024-09-19 15:20:52.976,22120,22121,22120,1,-1
2024-09-19 15:20:52.976,22120,22121,22120,1,-1
2024-09-19 15:20:53.791,22119,22122,22119,3,-3
2024-09-19 15:20:53.915,22118,22120,22118,1,-1
2024-09-19 15:20:54.115,22118,22120,22118,1,-1
2024-09-19 15:20:56.288,22118,22120,22120,1,1
2024-09-19 15:20:56.772,22118,22120,22118,1,-1
2024-09-19 15:20:57.190,22117,22119,22119,1,1
2024-09-19 15:20:58.484,22117,22119,22117,1,-1
2024-09-19 15:21:00.585,22117,22118,22118,2,2
2024-09-19 15:21:00.585,22117,22118,22119,1,1
2024-09-19 15:21:03.118,22117,22119,22117,1,-1
2024-09-19 15:21:03.143,22117,22119,22117,2,-2
2024-09-19 15:21:03.167,22115,22117,22115,1,-1
2024-09-19 15:21:03.268,22115,22117,22115,1,-1
2024-09-19 15:21:03.314,22114,22117,22114,1,-1
2024-09-19 15:21:07.431,22114,22116,22116,1,1
2024-09-19 15:21:07.724,22114,22116,22114,1,-1
2024-09-19 15:21:07.824,22114,22116,22114,3,-3
2024-09-19 15:21:10.618,22113,22114,22114,4,4
2024-09-19 15:21:10.618,22113,22114,22114,1,1
2024-09-19 15:21:10.618,22113,22114,22114,6,6
2024-09-19 15:21:10.619,22113,22114,22114,1,1
2024-09-19 15:21:10.619,22113,22114,22114,5,5
2024-09-19 15:21:10.619,22113,22114,22114,1,1
2024-09-19 15:21:10.619,22113,22114,22114,1,1
2024-09-19 15:21:10.677,22114,22116,22114,1,-1
2024-09-19 15:21:11.758,22114,22116,22114,2,-2
2024-09-19 15:21:14.777,22113,22115,22115,1,1
2024-09-19 15:21:16.066,22115,22117,22114,5,-5
2024-09-19 15:21:16.066,22115,22117,22115,5,-5
2024-09-19 15:21:20.399,22114,22117,22115,1,-1
2024-09-19 15:21:23.252,22117,22118,22117,1,-1
2024-09-19 15:21:25.362,22116,22118,22116,1,-1
2024-09-19 15:21:25.677,22115,22117,22117,1,1
2024-09-19 15:21:25.885,22115,22118,22118,1,1
2024-09-19 15:21:25.977,22115,22118,22115,2,-2
2024-09-19 15:21:33.402,22116,22119,22115,7,-7
2024-09-19 15:21:33.402,22116,22119,22116,3,-3
2024-09-19 15:21:33.655,22115,22116,22115,1,-1
2024-09-19 15:21:35.909,22114,22115,22114,1,-1
2024-09-19 15:21:36.127,22113,22114,22113,1,-1
2024-09-19 15:21:36.128,22113,22114,22113,1,-1
2024-09-19 15:21:37.886,22112,22113,22112,1,-1
2024-09-19 15:21:39.259,22111,22112,22111,1,-1
2024-09-19 15:21:39.260,22111,22112,22111,2,-2
2024-09-19 15:21:39.467,22110,22111,22110,1,-1
2024-09-19 15:21:40.234,22110,22111,22111,1,1
2024-09-19 15:21:40.291,22110,22113,22110,1,-1
2024-09-19 15:21:42.576,22110,22112,22112,1,1
2024-09-19 15:21:44.210,22110,22112,22110,1,-1
2024-09-19 15:21:48.198,22110,22112,22110,1,-1
2024-09-19 15:21:48.753,22110,22112,22110,1,-1
2024-09-19 15:21:48.753,22110,22112,22110,1,-1
2024-09-19 15:21:48.753,22110,22112,22110,2,-2
2024-09-19 15:21:51.855,22109,22111,22109,1,-1
2024-09-19 15:21:54.483,22109,22111,22109,1,-1
2024-09-19 15:21:54.483,22109,22111,22109,1,-1
2024-09-19 15:21:56.608,22108,22110,22108,2,-2
2024-09-19 15:21:56.662,22106,22109,22106,1,-1
2024-09-19 15:21:56.675,22106,22109,22106,1,-1
2024-09-19 15:21:56.675,22106,22109,22105,2,-2
2024-09-19 15:21:58.598,22106,22107,22107,1,1
2024-09-19 15:22:05.488,22111,22112,22112,1,1
2024-09-19 15:22:05.489,22111,22112,22112,2,2
2024-09-19 15:22:06.012,22112,22113,22113,1,1
2024-09-19 15:22:06.206,22112,22113,22113,1,1
2024-09-19 15:22:06.402,22112,22113,22113,1,1
2024-09-19 15:22:06.604,22112,22113,22113,1,1
2024-09-19 15:22:06.607,22112,22113,22113,1,1
2024-09-19 15:22:06.760,22112,22115,22115,1,1
2024-09-19 15:22:06.955,22112,22115,22115,1,1
2024-09-19 15:22:07.115,22112,22115,22115,1,1
2024-09-19 15:22:07.141,22112,22115,22115,1,1
2024-09-19 15:22:07.311,22113,22115,22115,1,1
2024-09-19 15:22:07.555,22112,22115,22115,1,1
2024-09-19 15:22:07.758,22112,22115,22115,1,1
2024-09-19 15:22:07.921,22112,22115,22115,1,1
2024-09-19 15:22:08.139,22113,22116,22116,1,1
2024-09-19 15:22:08.355,22114,22116,22116,1,1
2024-09-19 15:22:08.541,22113,22115,22115,1,1
2024-09-19 15:22:08.735,22113,22115,22115,1,1
2024-09-19 15:22:08.896,22113,22116,22116,1,1
2024-09-19 15:22:09.130,22113,22116,22116,1,1
2024-09-19 15:22:09.320,22114,22116,22117,1,1
2024-09-19 15:22:09.493,22115,22117,22117,1,1
2024-09-19 15:22:09.571,22114,22117,22114,1,-1
2024-09-19 15:22:09.660,22114,22116,22116,1,1
2024-09-19 15:22:15.166,22112,22115,22115,1,1
2024-09-19 15:22:20.851,22112,22115,22112,1,-1
2024-09-19 15:22:23.629,22112,22114,22111,1,-1
2024-09-19 15:22:31.231,22109,22111,22109,1,-1
2024-09-19 15:22:33.299,22109,22111,22111,1,1
2024-09-19 15:22:34.652,22110,22111,22111,1,1
2024-09-19 15:22:38.271,22110,22113,22114,2,2
2024-09-19 15:22:40.761,22113,22115,22115,1,1
2024-09-19 15:22:41.030,22115,22116,22116,1,1
2024-09-19 15:22:43.033,22116,22118,22118,3,3
2024-09-19 15:22:44.409,22116,22117,22116,1,-1
2024-09-19 15:22:50.753,22117,22119,22117,1,-1
2024-09-19 15:22:50.861,22116,22119,22119,1,1
2024-09-19 15:22:51.454,22118,22119,22119,1,1
2024-09-19 15:22:51.487,22118,22119,22120,13,13
2024-09-19 15:22:51.488,22118,22119,22121,1,1
2024-09-19 15:22:54.630,22119,22121,22121,2,2
2024-09-19 15:22:56.617,22118,22121,22120,1,1
2024-09-19 15:23:06.856,22119,22120,22120,1,1
2024-09-19 15:23:07.412,22119,22121,22121,1,1
2024-09-19 15:23:08.625,22119,22121,22119,1,-1
2024-09-19 15:23:09.939,22118,22121,22121,5,5
2024-09-19 15:23:09.939,22118,22121,22122,8,8
2024-09-19 15:23:09.939,22118,22121,22123,2,2
2024-09-19 15:23:10.320,22121,22123,22122,1,1
2024-09-19 15:23:11.205,22122,22123,22122,1,-1
2024-09-19 15:23:11.375,22122,22123,22122,1,-1
2024-09-19 15:23:11.422,22122,22123,22122,1,-1
2024-09-19 15:23:11.422,22122,22123,22122,1,-1
2024-09-19 15:23:12.999,22122,22123,22122,2,-2
2024-09-19 15:23:16.915,22121,22122,22122,1,1
2024-09-19 15:23:17.295,22121,22122,22122,1,1
2024-09-19 15:23:17.295,22121,22122,22123,4,4
2024-09-19 15:23:18.196,22121,22122,22122,1,1
2024-09-19 15:23:20.625,22120,22123,22123,1,1
2024-09-19 15:23:21.307,22120,22123,22120,1,-1
2024-09-19 15:23:23.126,22120,22122,22123,1,1
2024-09-19 15:23:31.178,22121,22123,22123,3,3
2024-09-19 15:23:31.232,22121,22123,22122,1,1
2024-09-19 15:23:33.957,22122,22123,22122,1,-1
2024-09-19 15:23:36.363,22121,22122,22122,2,2
2024-09-19 15:23:36.363,22121,22122,22123,6,6
2024-09-19 15:23:40.384,22120,22123,22120,1,-1
2024-09-19 15:23:41.131,22120,22122,22122,1,1
2024-09-19 15:23:41.443,22120,22123,22122,1,1
2024-09-19 15:23:42.551,22120,22123,22122,1,1
2024-09-19 15:23:50.562,22120,22122,22120,1,-1
2024-09-19 15:23:53.149,22120,22121,22120,2,-2
2024-09-19 15:23:53.150,22120,22121,22120,1,-1
2024-09-19 15:23:54.449,22118,22120,22120,1,1
2024-09-19 15:23:54.623,22120,22121,22120,1,-1
2024-09-19 15:24:00.920,22118,22120,22118,1,-1
2024-09-19 15:24:00.920,22118,22120,22117,1,-1
2024-09-19 15:24:01.069,22117,22119,22117,1,-1
2024-09-19 15:24:02.174,22116,22118,22118,1,1
2024-09-19 15:24:03.806,22116,22119,22116,2,-2
2024-09-19 15:24:05.854,22117,22119,22119,1,1
2024-09-19 15:24:11.078,22119,22120,22120,2,2
2024-09-19 15:24:11.078,22119,22120,22120,1,1
2024-09-19 15:24:11.733,22120,22121,22121,1,1
2024-09-19 15:24:12.059,22120,22122,22120,1,-1
2024-09-19 15:24:13.003,22120,22122,22120,2,-2
2024-09-19 15:24:14.903,22119,22122,22120,1,-1
2024-09-19 15:24:17.074,22119,22121,22121,6,6
2024-09-19 15:24:17.074,22119,22121,22122,5,5
2024-09-19 15:24:17.074,22119,22121,22123,4,4
2024-09-19 15:24:19.192,22120,22122,22120,1,-1
2024-09-19 15:24:25.490,22120,22122,22120,2,-2
2024-09-19 15:24:30.410,22119,22122,22119,1,-1
2024-09-19 15:24:36.580,22119,22121,22121,2,2
2024-09-19 15:24:36.600,22119,22121,22122,1,1
2024-09-19 15:24:36.707,22122,22123,22123,4,4
2024-09-19 15:24:37.051,22123,22124,22123,2,-2
2024-09-19 15:24:37.051,22123,22124,22122,1,-1
2024-09-19 15:24:38.591,22123,22124,22123,1,-1
2024-09-19 15:24:38.916,22123,22124,22123,2,-2
2024-09-19 15:24:46.503,22122,22123,22123,3,3
2024-09-19 15:24:47.230,22122,22123,22123,2,2
2024-09-19 15:24:48.429,22121,22124,22123,1,1
2024-09-19 15:24:51.129,22120,22123,22120,1,-1
2024-09-19 15:24:56.542,22121,22122,22122,1,1
2024-09-19 15:24:57.071,22122,22123,22123,1,1
2024-09-19 15:24:57.615,22123,22124,22124,1,1
2024-09-19 15:24:57.615,22123,22124,22124,1,1
2024-09-19 15:24:57.615,22123,22124,22124,1,1
2024-09-19 15:24:57.637,22123,22124,22124,2,2
2024-09-19 15:24:59.224,22124,22125,22125,13,13
2024-09-19 15:24:59.225,22124,22125,22126,1,1
2024-09-19 15:24:59.225,22124,22125,22126,3,3
2024-09-19 15:24:59.225,22124,22125,22126,1,1
2024-09-19 15:24:59.227,22124,22125,22127,3,3
2024-09-19 15:24:59.227,22124,22125,22127,1,1
2024-09-19 15:24:59.227,22124,22125,22126,1,1
2024-09-19 15:24:59.320,22126,22128,22127,1,1
2024-09-19 15:24:59.342,22126,22128,22128,1,1
2024-09-19 15:24:59.419,22127,22128,22128,1,1
2024-09-19 15:25:00.138,22127,22128,22127,1,-1
2024-09-19 15:25:00.144,22127,22128,22125,1,-1
2024-09-19 15:25:00.303,22125,22127,22125,1,-1
2024-09-19 15:25:00.733,22123,22125,22125,1,1
2024-09-19 15:25:02.671,22126,22127,22126,1,-1
2024-09-19 15:25:03.280,22126,22127,22126,1,-1
2024-09-19 15:25:09.413,22125,22126,22125,2,-2
2024-09-19 15:25:10.303,22124,22126,22124,1,-1
2024-09-19 15:25:13.494,22124,22126,22125,1,-1
2024-09-19 15:25:16.035,22125,22126,22125,1,-1
2024-09-19 15:25:16.642,22124,22125,22125,2,2
2024-09-19 15:25:18.029,22123,22125,22123,1,-1
2024-09-19 15:25:18.029,22123,22125,22122,2,-2
2024-09-19 15:25:18.222,22121,22123,22121,1,-1
2024-09-19 15:25:19.557,22120,22121,22120,1,-1
2024-09-19 15:25:19.558,22120,22121,22120,1,-1
2024-09-19 15:25:19.814,22120,22121,22121,1,1
2024-09-19 15:25:20.936,22120,22121,22121,1,1
2024-09-19 15:25:20.975,22120,22121,22121,1,1
2024-09-19 15:25:21.860,22121,22123,22123,1,1
2024-09-19 15:25:21.860,22121,22123,22124,2,2
2024-09-19 15:25:22.916,22121,22123,22123,1,1
2024-09-19 15:25:27.867,22121,22123,22121,2,-2
2024-09-19 15:25:27.867,22121,22123,22120,5,-5
2024-09-19 15:25:32.092,22121,22123,22121,1,-1
2024-09-19 15:25:36.219,22121,22122,22121,1,-1
2024-09-19 15:25:38.261,22121,22122,22121,1,-1
2024-09-19 15:25:41.347,22121,22122,22121,1,-1
2024-09-19 15:25:42.014,22120,22121,22121,1,1
2024-09-19 15:25:43.389,22120,22121,22120,2,-2
2024-09-19 15:25:49.890,22119,22120,22119,1,-1
2024-09-19 15:25:51.000,22116,22117,22116,1,-1
2024-09-19 15:25:51.000,22116,22117,22116,1,-1
2024-09-19 15:25:53.295,22115,22116,22115,1,-1
2024-09-19 15:25:54.233,22115,22116,22116,2,2
2024-09-19 15:25:54.273,22115,22116,22116,1,1
2024-09-19 15:25:54.558,22116,22118,22116,2,-2
2024-09-19 15:25:55.933,22116,22118,22118,1,1
2024-09-19 15:25:56.779,22117,22119,22117,1,-1
2024-09-19 15:25:58.937,22118,22119,22119,1,1
2024-09-19 15:25:59.104,22118,22119,22119,1,1
2024-09-19 15:26:03.110,22122,22123,22123,1,1
2024-09-19 15:26:03.111,22122,22123,22123,1,1
2024-09-19 15:26:03.111,22122,22123,22123,1,1
2024-09-19 15:26:03.749,22122,22124,22124,2,2
2024-09-19 15:26:05.805,22123,22125,22123,2,-2
2024-09-19 15:26:08.498,22123,22124,22124,1,1
2024-09-19 15:26:14.006,22123,22125,22125,2,2
2024-09-19 15:26:14.889,22123,22125,22123,1,-1
2024-09-19 15:26:18.035,22124,22125,22124,1,-1
2024-09-19 15:26:19.481,22121,22123,22121,1,-1
2024-09-19 15:26:19.481,22121,22123,22120,1,-1
2024-09-19 15:26:27.499,22117,22120,22117,1,-1
2024-09-19 15:26:33.524,22118,22119,22119,1,1
2024-09-19 15:26:36.513,22118,22119,22118,1,-1
2024-09-19 15:26:36.811,22118,22119,22119,1,1
2024-09-19 15:26:36.970,22119,22120,22119,1,-1
2024-09-19 15:26:38.024,22118,22120,22120,1,1
2024-09-19 15:26:38.034,22118,22120,22122,1,1
2024-09-19 15:26:38.129,22118,22120,22122,1,1
2024-09-19 15:26:41.915,22122,22124,22122,3,-3
2024-09-19 15:26:41.915,22122,22124,22121,4,-4
2024-09-19 15:26:41.915,22122,22124,22120,3,-3
2024-09-19 15:26:44.061,22120,22122,22120,1,-1
2024-09-19 15:26:48.734,22117,22119,22117,2,-2
2024-09-19 15:26:53.015,22116,22117,22116,2,-2
2024-09-19 15:26:53.187,22115,22116,22115,1,-1
2024-09-19 15:26:54.264,22115,22116,22115,1,-1
2024-09-19 15:26:54.336,22115,22116,22116,1,1
2024-09-19 15:26:55.014,22115,22116,22115,2,-2
2024-09-19 15:26:56.519,22115,22116,22115,1,-1
2024-09-19 15:26:56.675,22115,22116,22116,1,1
2024-09-19 15:26:58.426,22115,22116,22115,2,-2
2024-09-19 15:26:58.580,22114,22115,22115,1,1
2024-09-19 15:26:58.954,22114,22115,22115,1,1
2024-09-19 15:26:59.836,22114,22115,22115,2,2
2024-09-19 15:27:00.445,22114,22115,22114,1,-1
2024-09-19 15:27:00.590,22114,22115,22115,1,1
2024-09-19 15:27:01.508,22114,22115,22114,1,-1
2024-09-19 15:27:01.560,22112,22114,22112,1,-1
2024-09-19 15:27:01.711,22111,22113,22113,1,1
2024-09-19 15:27:01.824,22111,22113,22113,2,2
2024-09-19 15:27:01.848,22111,22113,22113,1,1
2024-09-19 15:27:03.040,22111,22113,22111,1,-1
2024-09-19 15:27:05.342,22112,22113,22112,2,-2
2024-09-19 15:27:05.922,22112,22113,22112,2,-2
2024-09-19 15:27:06.119,22111,22112,22112,1,1
2024-09-19 15:27:11.549,22112,22113,22112,2,-2
2024-09-19 15:27:13.205,22111,22112,22112,2,2
2024-09-19 15:27:14.016,22112,22114,22112,2,-2
2024-09-19 15:27:14.602,22112,22114,22112,1,-1
2024-09-19 15:27:16.938,22112,22113,22113,1,1
2024-09-19 15:27:27.616,22114,22115,22115,1,1
2024-09-19 15:27:28.675,22114,22115,22114,3,-3
2024-09-19 15:27:28.887,22113,22115,22115,1,1
2024-09-19 15:27:29.488,22113,22114,22114,1,1
2024-09-19 15:27:29.981,22114,22117,22117,1,1
2024-09-19 15:27:30.103,22114,22117,22117,1,1
2024-09-19 15:27:33.140,22114,22116,22116,1,1
2024-09-19 15:27:33.140,22114,22116,22117,3,3
2024-09-19 15:27:38.342,22117,22118,22118,2,2
2024-09-19 15:27:44.738,22117,22119,22116,2,-2
2024-09-19 15:27:45.533,22115,22117,22117,1,1
2024-09-19 15:27:48.567,22115,22117,22115,1,-1
2024-09-19 15:27:48.567,22115,22117,22114,1,-1
2024-09-19 15:27:56.144,22114,22116,22118,5,5
2024-09-19 15:27:56.144,22114,22116,22117,1,1
2024-09-19 15:27:56.144,22114,22116,22116,1,1
2024-09-19 15:28:11.649,22117,22118,22118,2,2
2024-09-19 15:28:11.649,22117,22118,22118,3,3
2024-09-19 15:28:11.990,22118,22120,22118,1,-1
2024-09-19 15:28:15.436,22115,22118,22118,2,2
2024-09-19 15:28:19.188,22116,22117,22116,1,-1
2024-09-19 15:28:25.710,22115,22117,22116,1,-1
2024-09-19 15:28:25.710,22115,22117,22116,1,-1
2024-09-19 15:28:25.710,22115,22117,22116,3,-3
2024-09-19 15:28:28.958,22115,22117,22117,1,1
2024-09-19 15:28:33.453,22115,22116,22116,1,1
2024-09-19 15:28:44.578,22116,22117,22117,1,1
2024-09-19 15:28:52.708,22115,22117,22115,4,-4
2024-09-19 15:28:57.164,22113,22114,22113,1,-1
2024-09-19 15:28:57.360,22113,22114,22113,1,-1
2024-09-19 15:28:58.937,22112,22113,22112,1,-1
2024-09-19 15:28:59.546,22112,22113,22112,1,-1
2024-09-19 15:28:59.546,22112,22113,22112,2,-2
2024-09-19 15:28:59.547,22112,22113,22111,1,-1
2024-09-19 15:28:59.547,22112,22113,22111,1,-1
2024-09-19 15:28:59.547,22112,22113,22111,1,-1
2024-09-19 15:28:59.547,22112,22113,22111,2,-2
2024-09-19 15:28:59.829,22110,22112,22110,1,-1
2024-09-19 15:28:59.854,22110,22112,22110,1,-1
2024-09-19 15:29:00.094,22110,22111,22110,3,-3
2024-09-19 15:29:00.094,22110,22111,22110,4,-4
2024-09-19 15:29:00.094,22110,22111,22110,5,-5
2024-09-19 15:29:00.110,22110,22111,22109,1,-1
2024-09-19 15:29:00.279,22107,22109,22107,4,-4
2024-09-19 15:29:00.658,22108,22110,22108,1,-1
2024-09-19 15:29:05.080,22108,22109,22108,1,-1
2024-09-19 15:29:05.081,22108,22109,22108,1,-1
2024-09-19 15:29:05.597,22106,22107,22106,1,-1
2024-09-19 15:29:05.597,22106,22107,22106,3,-3
2024-09-19 15:29:05.597,22106,22107,22106,2,-2
2024-09-19 15:29:06.781,22105,22107,22105,1,-1
2024-09-19 15:29:07.127,22105,22106,22105,1,-1
2024-09-19 15:29:08.469,22105,22106,22106,2,2
2024-09-19 15:29:08.470,22105,22106,22106,1,1
2024-09-19 15:29:09.296,22105,22106,22105,1,-1
2024-09-19 15:29:09.296,22105,22106,22104,4,-4
2024-09-19 15:29:09.348,22105,22106,22104,1,-1
2024-09-19 15:29:09.636,22104,22106,22104,2,-2
2024-09-19 15:29:09.712,22103,22105,22103,2,-2
2024-09-19 15:29:09.713,22103,22105,22103,6,-6
2024-09-19 15:29:09.719,22103,22105,22102,2,-2
2024-09-19 15:29:09.795,22102,22103,22102,1,-1
2024-09-19 15:29:09.795,22102,22103,22101,1,-1
2024-09-19 15:29:09.801,22102,22103,22101,1,-1
2024-09-19 15:29:09.826,22102,22103,22101,1,-1
2024-09-19 15:29:09.868,22102,22103,22101,1,-1
2024-09-19 15:29:09.871,22102,22103,22101,1,-1
2024-09-19 15:29:10.002,22100,22102,22100,2,-2
2024-09-19 15:29:10.013,22100,22102,22100,1,-1
2024-09-19 15:29:10.065,22100,22102,22100,15,-15
2024-09-19 15:29:10.066,22100,22102,22100,2,-2
2024-09-19 15:29:10.220,22099,22101,22101,1,1
2024-09-19 15:29:10.646,22101,22102,22102,1,1
2024-09-19 15:29:11.333,22102,22103,22102,1,-1
2024-09-19 15:29:12.995,22101,22103,22103,1,1
2024-09-19 15:29:13.021,22101,22103,22102,2,2
2024-09-19 15:29:14.020,22102,22105,22102,2,-2
2024-09-19 15:29:14.455,22101,22102,22102,1,1
2024-09-19 15:29:18.579,22101,22102,22101,2,-2
2024-09-19 15:29:19.486,22099,22101,22099,2,-2
2024-09-19 15:29:19.486,22099,22101,22098,3,-3
2024-09-19 15:29:24.406,22100,22102,22100,3,-3
2024-09-19 15:29:24.407,22100,22102,22100,1,-1
2024-09-19 15:29:30.478,22100,22102,22100,1,-1
2024-09-19 15:29:31.447,22100,22101,22100,1,-1
2024-09-19 15:29:31.447,22100,22101,22099,2,-2
2024-09-19 15:29:32.593,22098,22100,22100,1,1
2024-09-19 15:29:33.458,22098,22100,22100,1,1
2024-09-19 15:29:33.458,22098,22100,22100,1,1
2024-09-19 15:29:35.498,22098,22100,22098,1,-1
2024-09-19 15:29:40.745,22098,22099,22099,2,2
2024-09-19 15:29:41.087,22099,22100,22099,2,-2
2024-09-19 15:29:41.258,22099,22100,22099,1,-1
2024-09-19 15:29:41.258,22099,22100,22098,1,-1
2024-09-19 15:29:45.976,22099,22100,22099,1,-1
2024-09-19 15:29:45.976,22099,22100,22098,1,-1
2024-09-19 15:29:47.073,22098,22100,22098,2,-2
2024-09-19 15:29:47.073,22098,22100,22098,4,-4
2024-09-19 15:29:47.074,22098,22100,22097,19,-19
2024-09-19 15:29:47.075,22098,22100,22096,4,-4
2024-09-19 15:29:47.075,22098,22100,22096,3,-3
2024-09-19 15:29:47.075,22098,22100,22096,2,-2
2024-09-19 15:29:47.075,22098,22100,22096,2,-2
2024-09-19 15:29:47.076,22098,22100,22096,2,-2
2024-09-19 15:29:47.076,22098,22100,22096,1,-1
2024-09-19 15:29:47.218,22095,22097,22097,1,1
2024-09-19 15:29:47.319,22095,22098,22096,1,-1
2024-09-19 15:29:47.400,22096,22098,22096,1,-1
2024-09-19 15:29:48.304,22096,22098,22095,1,-1
2024-09-19 15:29:48.304,22096,22098,22096,1,-1
2024-09-19 15:29:48.866,22095,22098,22095,1,-1
2024-09-19 15:29:53.497,22095,22097,22095,1,-1
2024-09-19 15:29:53.992,22095,22097,22095,1,-1
2024-09-19 15:29:54.190,22095,22097,22095,1,-1
2024-09-19 15:29:54.191,22095,22097,22095,1,-1
2024-09-19 15:29:54.191,22095,22097,22095,1,-1
2024-09-19 15:29:54.191,22095,22097,22095,1,-1
2024-09-19 15:29:54.191,22095,22097,22095,1,-1
2024-09-19 15:29:54.192,22095,22097,22095,1,-1
2024-09-19 15:29:55.306,22094,22096,22094,1,-1
2024-09-19 15:29:55.637,22094,22096,22094,1,-1
2024-09-19 15:29:58.036,22094,22096,22094,1,-1
2024-09-19 15:29:59.342,22094,22096,22094,1,-1
2024-09-19 15:29:59.647,22093,22096,22094,1,-1
2024-09-19 15:30:00.647,22095,22096,22099,1,1
2024-09-19 15:30:00.787,22096,22098,22098,1,1
2024-09-19 15:30:00.787,22096,22098,22099,2,2
2024-09-19 15:30:00.791,22096,22098,22098,1,1
2024-09-19 15:30:00.792,22096,22098,22099,5,5
2024-09-19 15:30:00.872,22096,22098,22099,2,2
2024-09-19 15:30:01.282,22096,22098,22096,1,-1
2024-09-19 15:30:01.283,22096,22098,22096,1,-1
2024-09-19 15:30:01.414,22095,22096,22095,1,-1
2024-09-19 15:30:01.483,22095,22096,22093,1,-1
2024-09-19 15:30:01.552,22093,22095,22093,1,-1
2024-09-19 15:30:01.810,22093,22095,22093,1,-1
2024-09-19 15:30:01.829,22093,22095,22092,1,-1
2024-09-19 15:30:02.044,22093,22095,22095,1,1
2024-09-19 15:30:02.184,22093,22095,22093,1,-1
2024-09-19 15:30:02.986,22095,22096,22096,1,1
2024-09-19 15:30:03.154,22095,22096,22096,1,1
2024-09-19 15:30:03.838,22096,22098,22098,1,1
2024-09-19 15:30:05.200,22095,22096,22095,1,-1
2024-09-19 15:30:05.646,22094,22095,22094,1,-1
2024-09-19 15:30:05.650,22094,22095,22094,1,-1
2024-09-19 15:30:05.651,22094,22095,22094,4,-4
2024-09-19 15:30:05.842,22093,22094,22093,1,-1
2024-09-19 15:30:05.842,22093,22094,22093,1,-1
2024-09-19 15:30:05.884,22093,22094,22092,14,-14
2024-09-19 15:30:05.885,22093,22094,22091,11,-11
2024-09-19 15:30:06.077,22090,22091,22090,1,-1
2024-09-19 15:30:06.579,22090,22091,22090,6,-6
2024-09-19 15:30:06.579,22090,22091,22089,1,-1
2024-09-19 15:30:06.581,22090,22091,22088,3,-3
2024-09-19 15:30:06.581,22090,22091,22088,5,-5
2024-09-19 15:30:06.583,22090,22091,22087,1,-1
2024-09-19 15:30:06.591,22090,22091,22086,1,-1
2024-09-19 15:30:06.591,22090,22091,22086,2,-2
2024-09-19 15:30:06.591,22090,22091,22086,3,-3
2024-09-19 15:30:06.591,22090,22091,22086,1,-1
2024-09-19 15:30:06.591,22090,22091,22086,7,-7
2024-09-19 15:30:06.591,22090,22091,22086,4,-4
2024-09-19 15:30:06.594,22090,22091,22086,1,-1
2024-09-19 15:30:06.594,22090,22091,22086,1,-1
2024-09-19 15:30:06.594,22090,22091,22086,1,-1
2024-09-19 15:30:06.662,22086,22087,22088,1,1
2024-09-19 15:30:06.996,22088,22090,22091,1,1
2024-09-19 15:30:07.158,22089,22091,22089,1,-1
2024-09-19 15:30:08.260,22087,22088,22088,1,1
2024-09-19 15:30:08.260,22087,22088,22088,1,1
2024-09-19 15:30:08.477,22088,22090,22088,1,-1
2024-09-19 15:30:08.477,22088,22090,22087,1,-1
2024-09-19 15:30:08.564,22087,22090,22090,1,1
2024-09-19 15:30:09.328,22091,22093,22091,1,-1
2024-09-19 15:30:09.362,22091,22093,22090,1,-1
2024-09-19 15:30:10.388,22090,22091,22090,1,-1
2024-09-19 15:30:11.389,22088,22090,22088,2,-2
2024-09-19 15:30:11.389,22088,22090,22087,3,-3
2024-09-19 15:30:12.800,22087,22090,22090,1,1
2024-09-19 15:30:13.716,22088,22091,22088,2,-2
2024-09-19 15:30:15.929,22089,22091,22089,2,-2
2024-09-19 15:30:15.929,22089,22091,22088,1,-1
2024-09-19 15:30:17.627,22088,22089,22088,1,-1
2024-09-19 15:30:17.627,22088,22089,22088,1,-1
2024-09-19 15:30:17.677,22086,22088,22086,1,-1
2024-09-19 15:30:19.987,22086,22089,22088,1,1
2024-09-19 15:30:24.632,22087,22089,22089,2,2
2024-09-19 15:30:24.732,22087,22089,22088,1,1
2024-09-19 15:30:25.937,22088,22089,22089,1,1
2024-09-19 15:30:26.120,22088,22091,22091,1,1
2024-09-19 15:30:26.586,22089,22091,22089,3,-3
2024-09-19 15:30:29.681,22089,22090,22089,1,-1
2024-09-19 15:30:30.728,22088,22090,22088,1,-1
2024-09-19 15:30:33.258,22088,22089,22088,1,-1
2024-09-19 15:30:33.260,22088,22089,22088,1,-1
2024-09-19 15:30:33.520,22087,22089,22087,1,-1
2024-09-19 15:30:34.550,22086,22088,22088,1,1
2024-09-19 15:30:35.913,22088,22089,22088,1,-1
2024-09-19 15:30:38.104,22087,22090,22088,1,-1
2024-09-19 15:30:40.302,22088,22090,22088,1,-1
2024-09-19 15:30:41.284,22088,22090,22090,6,6
2024-09-19 15:30:42.620,22089,22091,22089,1,-1
2024-09-19 15:30:43.669,22088,22090,22090,1,1
2024-09-19 15:30:45.831,22088,22090,22090,1,1
2024-09-19 15:30:46.901,22088,22090,22088,1,-1
2024-09-19 15:30:47.459,22088,22090,22088,1,-1
2024-09-19 15:30:48.073,22088,22089,22088,3,-3
2024-09-19 15:30:48.492,22087,22088,22088,1,1
2024-09-19 15:30:52.002,22087,22088,22087,1,-1
2024-09-19 15:30:52.003,22087,22088,22087,4,-4
2024-09-19 15:30:52.852,22086,22087,22086,3,-3
2024-09-19 15:30:52.855,22086,22087,22085,4,-4
2024-09-19 15:30:52.856,22086,22087,22085,1,-1
2024-09-19 15:30:52.856,22086,22087,22085,1,-1
2024-09-19 15:30:52.907,22084,22086,22084,1,-1
2024-09-19 15:30:54.548,22084,22087,22084,4,-4
2024-09-19 15:30:54.548,22084,22087,22083,6,-6
2024-09-19 15:30:58.282,22084,22086,22083,3,-3
2024-09-19 15:30:58.282,22084,22086,22084,2,-2
2024-09-19 15:31:00.084,22084,22085,22084,1,-1
2024-09-19 15:31:00.550,22083,22085,22083,1,-1
2024-09-19 15:31:00.684,22083,22085,22083,1,-1
2024-09-19 15:31:01.758,22083,22085,22085,1,1
2024-09-19 15:31:01.758,22083,22085,22085,1,1
2024-09-19 15:31:01.758,22083,22085,22085,3,3
2024-09-19 15:31:07.405,22087,22088,22088,1,1
2024-09-19 15:31:08.873,22086,22089,22087,1,-1
2024-09-19 15:31:09.390,22085,22088,22089,4,4
2024-09-19 15:31:09.390,22085,22088,22088,1,1
2024-09-19 15:31:09.392,22085,22088,22089,9,9
2024-09-19 15:31:09.393,22085,22088,22089,12,12
2024-09-19 15:31:10.484,22087,22089,22087,1,-1
2024-09-19 15:31:10.485,22087,22089,22087,1,-1
2024-09-19 15:31:10.674,22086,22089,22089,1,1
2024-09-19 15:31:11.460,22086,22088,22086,1,-1
2024-09-19 15:31:14.003,22086,22088,22088,1,1
2024-09-19 15:31:16.751,22086,22088,22088,1,1
2024-09-19 15:31:17.229,22087,22090,22087,1,-1
2024-09-19 15:31:18.279,22087,22089,22087,3,-3
2024-09-19 15:31:18.279,22087,22089,22086,7,-7
2024-09-19 15:31:18.291,22087,22089,22088,3,-3
2024-09-19 15:31:20.875,22087,22089,22087,1,-1
2024-09-19 15:31:20.939,22087,22089,22089,1,1
2024-09-19 15:31:26.259,22088,22089,22088,1,-1
2024-09-19 15:31:26.260,22088,22089,22088,1,-1
2024-09-19 15:31:26.407,22086,22088,22086,1,-1
2024-09-19 15:31:30.382,22087,22089,22086,1,-1
2024-09-19 15:31:34.242,22088,22089,22089,1,1
2024-09-19 15:31:35.621,22088,22090,22090,3,3
2024-09-19 15:31:35.621,22088,22090,22090,1,1
2024-09-19 15:31:35.621,22088,22090,22090,2,2
2024-09-19 15:31:35.912,22089,22091,22089,1,-1
2024-09-19 15:31:36.725,22088,22091,22089,1,-1
2024-09-19 15:31:36.938,22089,22091,22091,1,1
2024-09-19 15:31:39.048,22087,22090,22089,1,1
2024-09-19 15:31:39.507,22089,22090,22089,1,-1
2024-09-19 15:31:40.372,22088,22090,22088,1,-1
2024-09-19 15:31:42.265,22087,22089,22089,1,1
2024-09-19 15:31:50.206,22089,22091,22089,1,-1
2024-09-19 15:31:51.362,22089,22090,22089,1,-1
2024-09-19 15:31:52.896,22089,22091,22089,1,-1
2024-09-19 15:31:54.808,22088,22089,22088,1,-1
2024-09-19 15:31:54.808,22088,22089,22088,1,-1
2024-09-19 15:31:56.102,22087,22088,22087,1,-1
2024-09-19 15:32:00.185,22089,22090,22089,1,-1
2024-09-19 15:32:00.407,22089,22090,22089,3,-3
2024-09-19 15:32:00.814,22089,22090,22089,1,-1
2024-09-19 15:32:01.766,22089,22090,22089,1,-1
2024-09-19 15:32:07.515,22089,22090,22090,2,2
2024-09-19 15:32:11.512,22089,22091,22089,3,-3
2024-09-19 15:32:13.808,22088,22090,22090,1,1
2024-09-19 15:32:15.339,22089,22091,22091,2,2
2024-09-19 15:32:18.126,22089,22091,22089,2,-2
