2020-07-09 15:00:00.081,12135,12136,12138,45
2020-07-09 15:00:00.083,12137,12138,12138,1
2020-07-09 15:00:00.084,12137,12138,12138,1
2020-07-09 15:00:00.243,12137,12138,12138,1
2020-07-09 15:00:00.271,12137,12138,12137,2
2020-07-09 15:00:00.271,12137,12138,12137,6
2020-07-09 15:00:00.271,12137,12138,12137,2
2020-07-09 15:00:00.286,12137,12138,12136,1
2020-07-09 15:00:00.297,12137,12138,12137,1
2020-07-09 15:00:00.316,12137,12138,12137,1
2020-07-09 15:00:00.329,12137,12138,12137,1
2020-07-09 15:00:00.330,12137,12138,12137,1
2020-07-09 15:00:00.361,12136,12138,12138,1
2020-07-09 15:00:00.385,12136,12138,12138,1
2020-07-09 15:00:00.393,12136,12138,12138,1
2020-07-09 15:00:00.423,12136,12138,12136,1
2020-07-09 15:00:00.435,12136,12138,12136,3
2020-07-09 15:00:00.437,12136,12138,12137,1
2020-07-09 15:00:00.445,12136,12138,12136,1
2020-07-09 15:00:00.454,12136,12138,12137,1
2020-07-09 15:00:00.480,12136,12138,12138,1
2020-07-09 15:00:00.535,12136,12138,12136,1
2020-07-09 15:00:00.584,12136,12138,12137,4
2020-07-09 15:00:00.588,12136,12138,12137,2
2020-07-09 15:00:00.590,12136,12138,12138,8
2020-07-09 15:00:00.643,12137,12138,12137,2
2020-07-09 15:00:00.706,12137,12138,12137,1
2020-07-09 15:00:00.724,12137,12138,12137,3
2020-07-09 15:00:00.728,12137,12138,12137,1
2020-07-09 15:00:00.739,12137,12138,12137,1
2020-07-09 15:00:00.771,12137,12138,12138,1
2020-07-09 15:00:00.802,12137,12138,12136,1
2020-07-09 15:00:00.806,12137,12138,12136,1
2020-07-09 15:00:00.844,12137,12138,12136,1
2020-07-09 15:00:00.930,12136,12137,12136,1
2020-07-09 15:00:01.094,12136,12137,12137,2
2020-07-09 15:00:01.142,12136,12138,12137,2
2020-07-09 15:00:01.151,12136,12138,12136,1
2020-07-09 15:00:01.218,12136,12138,12137,2
2020-07-09 15:00:01.218,12136,12138,12137,2
2020-07-09 15:00:01.444,12136,12137,12137,2
2020-07-09 15:00:01.444,12136,12137,12138,3
2020-07-09 15:00:01.498,12137,12138,12137,2
2020-07-09 15:00:01.578,12137,12138,12137,1
2020-07-09 15:00:01.624,12137,12138,12138,5
2020-07-09 15:00:01.684,12137,12138,12138,3
2020-07-09 15:00:01.685,12137,12138,12138,2
2020-07-09 15:00:01.685,12137,12138,12138,11
2020-07-09 15:00:01.708,12137,12138,12138,1
2020-07-09 15:00:01.708,12137,12138,12138,2
2020-07-09 15:00:01.827,12138,12139,12139,5
2020-07-09 15:00:01.987,12138,12139,12139,5
2020-07-09 15:00:01.987,12138,12139,12139,6
2020-07-09 15:00:02.009,12138,12139,12140,1
2020-07-09 15:00:02.144,12139,12140,12140,2
2020-07-09 15:00:02.144,12139,12140,12140,3
2020-07-09 15:00:02.152,12139,12140,12140,2
2020-07-09 15:00:02.238,12140,12141,12141,5
2020-07-09 15:00:02.413,12140,12141,12140,4
2020-07-09 15:00:02.519,12139,12140,12140,5
2020-07-09 15:00:02.726,12139,12140,12141,5
2020-07-09 15:00:03.420,12140,12141,12140,1
2020-07-09 15:00:03.420,12140,12141,12139,2
2020-07-09 15:00:03.492,12139,12140,12139,2
2020-07-09 15:00:03.585,12139,12140,12139,2
2020-07-09 15:00:03.841,12138,12140,12138,1
2020-07-09 15:00:03.896,12138,12140,12138,8
2020-07-09 15:00:03.897,12138,12140,12139,1
2020-07-09 15:00:04.088,12137,12139,12139,1
2020-07-09 15:00:04.200,12137,12139,12137,1
2020-07-09 15:00:04.890,12138,12140,12140,1
2020-07-09 15:00:07.692,12137,12138,12137,1
2020-07-09 15:00:07.918,12136,12138,12137,2
2020-07-09 15:00:07.969,12136,12138,12138,1
2020-07-09 15:00:08.571,12138,12139,12139,1
2020-07-09 15:00:09.343,12138,12139,12139,1
2020-07-09 15:00:09.343,12138,12139,12139,4
2020-07-09 15:00:09.886,12139,12140,12140,7
2020-07-09 15:00:09.886,12139,12140,12140,1
2020-07-09 15:00:10.155,12140,12141,12140,6
2020-07-09 15:00:10.155,12140,12141,12140,1
2020-07-09 15:00:10.157,12140,12141,12139,1
2020-07-09 15:00:10.161,12140,12141,12139,1
2020-07-09 15:00:10.202,12140,12141,12139,3
2020-07-09 15:00:11.066,12139,12141,12141,1
2020-07-09 15:00:11.229,12139,12141,12141,1
2020-07-09 15:00:11.365,12139,12141,12141,1
2020-07-09 15:00:12.359,12140,12141,12140,1
2020-07-09 15:00:12.599,12140,12141,12141,4
2020-07-09 15:00:12.600,12140,12141,12141,7
2020-07-09 15:00:13.088,12140,12141,12140,1
2020-07-09 15:00:13.200,12139,12141,12140,4
2020-07-09 15:00:13.697,12140,12142,12140,1
2020-07-09 15:00:14.109,12140,12142,12142,1
2020-07-09 15:00:14.993,12139,12140,12140,2
2020-07-09 15:00:14.993,12139,12140,12141,1
2020-07-09 15:00:15.491,12139,12141,12139,1
2020-07-09 15:00:15.504,12139,12141,12139,1
2020-07-09 15:00:15.584,12139,12141,12139,1
2020-07-09 15:00:15.591,12139,12141,12139,1
2020-07-09 15:00:15.857,12139,12140,12140,1
2020-07-09 15:00:17.106,12139,12140,12140,2
2020-07-09 15:00:17.238,12139,12140,12140,2
2020-07-09 15:00:17.402,12139,12140,12140,2
2020-07-09 15:00:17.602,12140,12141,12141,2
2020-07-09 15:00:17.755,12140,12141,12141,2
2020-07-09 15:00:17.901,12140,12141,12141,1
2020-07-09 15:00:18.095,12140,12141,12140,2
2020-07-09 15:00:19.378,12140,12141,12140,4
2020-07-09 15:00:19.454,12140,12141,12140,2
2020-07-09 15:00:20.467,12139,12140,12139,7
2020-07-09 15:00:20.808,12139,12140,12139,1
2020-07-09 15:00:22.173,12138,12139,12138,4
2020-07-09 15:00:22.173,12138,12139,12138,1
2020-07-09 15:00:22.240,12137,12139,12137,1
2020-07-09 15:00:22.905,12137,12138,12138,1
2020-07-09 15:00:23.555,12137,12139,12139,2
2020-07-09 15:00:23.681,12137,12139,12139,1
2020-07-09 15:00:23.701,12137,12139,12139,2
2020-07-09 15:00:25.632,12137,12139,12139,3
2020-07-09 15:00:27.596,12137,12139,12138,2
2020-07-09 15:00:29.659,12138,12139,12139,4
2020-07-09 15:00:29.659,12138,12139,12139,5
2020-07-09 15:00:29.681,12138,12139,12139,1
2020-07-09 15:00:30.393,12139,12140,12140,5
2020-07-09 15:00:30.509,12140,12141,12141,4
2020-07-09 15:00:30.599,12140,12141,12140,3
2020-07-09 15:00:30.612,12140,12142,12140,2
2020-07-09 15:00:30.725,12140,12142,12142,21
2020-07-09 15:00:30.726,12140,12142,12142,1
2020-07-09 15:00:31.552,12142,12143,12143,1
2020-07-09 15:00:31.622,12143,12144,12143,3
2020-07-09 15:00:33.239,12141,12143,12141,1
2020-07-09 15:00:34.839,12142,12143,12142,1
2020-07-09 15:00:36.083,12142,12143,12142,1
2020-07-09 15:00:38.422,12142,12143,12142,2
2020-07-09 15:00:38.652,12142,12143,12143,1
2020-07-09 15:00:39.430,12142,12143,12143,5
2020-07-09 15:00:42.345,12143,12144,12143,1
2020-07-09 15:00:42.345,12143,12144,12142,4
2020-07-09 15:00:42.692,12142,12144,12144,1
2020-07-09 15:00:43.258,12143,12144,12143,1
2020-07-09 15:00:43.657,12143,12144,12144,2
2020-07-09 15:00:44.169,12143,12144,12144,4
2020-07-09 15:00:44.590,12144,12145,12144,2
2020-07-09 15:00:44.908,12144,12145,12145,1
2020-07-09 15:00:45.105,12144,12146,12144,3
2020-07-09 15:00:45.513,12144,12146,12144,2
2020-07-09 15:00:45.867,12144,12146,12144,1
2020-07-09 15:00:48.949,12143,12145,12145,1
2020-07-09 15:00:50.356,12143,12144,12144,1
2020-07-09 15:00:50.809,12143,12144,12144,1
2020-07-09 15:00:51.442,12143,12144,12144,2
2020-07-09 15:00:51.956,12144,12145,12144,1
2020-07-09 15:00:52.157,12143,12144,12144,1
2020-07-09 15:00:52.939,12143,12144,12143,1
2020-07-09 15:00:53.088,12143,12144,12143,4
2020-07-09 15:00:53.090,12143,12144,12143,2
2020-07-09 15:00:54.404,12142,12143,12143,2
2020-07-09 15:00:55.869,12142,12143,12143,1
2020-07-09 15:00:57.874,12143,12144,12143,1
2020-07-09 15:00:59.921,12142,12143,12143,1
2020-07-09 15:01:00.001,12142,12144,12144,1
2020-07-09 15:01:00.017,12142,12144,12142,2
2020-07-09 15:01:00.027,12142,12144,12144,2
2020-07-09 15:01:00.099,12142,12144,12144,1
2020-07-09 15:01:01.187,12142,12143,12142,5
2020-07-09 15:01:01.522,12141,12142,12142,1
2020-07-09 15:01:01.759,12141,12142,12142,1
2020-07-09 15:01:02.279,12141,12142,12142,5
2020-07-09 15:01:02.279,12141,12142,12142,1
2020-07-09 15:01:02.875,12141,12142,12141,1
2020-07-09 15:01:04.025,12141,12142,12142,1
2020-07-09 15:01:04.830,12141,12142,12141,1
2020-07-09 15:01:08.986,12141,12142,12142,1
2020-07-09 15:01:09.337,12141,12142,12141,2
2020-07-09 15:01:09.963,12140,12142,12140,1
2020-07-09 15:01:10.293,12141,12142,12141,1
2020-07-09 15:01:10.549,12140,12142,12141,1
2020-07-09 15:01:14.940,12141,12142,12142,1
2020-07-09 15:01:15.183,12141,12142,12142,6
2020-07-09 15:01:15.872,12141,12142,12142,4
2020-07-09 15:01:16.521,12141,12142,12141,2
2020-07-09 15:01:18.413,12141,12142,12142,1
2020-07-09 15:01:19.159,12141,12142,12141,3
2020-07-09 15:01:21.542,12140,12141,12141,3
2020-07-09 15:01:21.672,12140,12141,12141,1
2020-07-09 15:01:22.016,12141,12142,12141,2
2020-07-09 15:01:22.190,12141,12142,12141,1
2020-07-09 15:01:25.088,12140,12142,12142,1
2020-07-09 15:01:26.462,12140,12142,12142,1
2020-07-09 15:01:27.628,12140,12142,12141,1
2020-07-09 15:01:27.692,12140,12142,12141,1
2020-07-09 15:01:30.026,12140,12141,12141,1
2020-07-09 15:01:39.036,12141,12142,12142,4
2020-07-09 15:01:39.036,12141,12142,12142,3
2020-07-09 15:01:39.036,12141,12142,12142,2
2020-07-09 15:01:40.903,12142,12143,12143,1
2020-07-09 15:01:43.714,12142,12143,12142,1
2020-07-09 15:01:48.320,12142,12143,12143,1
2020-07-09 15:01:48.675,12142,12143,12143,1
2020-07-09 15:01:49.336,12142,12143,12142,1
2020-07-09 15:01:52.089,12142,12143,12142,8
2020-07-09 15:01:55.610,12141,12142,12142,1
2020-07-09 15:01:56.553,12141,12142,12142,1
2020-07-09 15:01:58.178,12141,12142,12142,6
2020-07-09 15:01:58.178,12141,12142,12142,5
2020-07-09 15:01:58.974,12142,12143,12143,1
2020-07-09 15:02:00.179,12142,12143,12143,8
2020-07-09 15:02:00.179,12142,12143,12143,3
2020-07-09 15:02:00.180,12142,12143,12143,10
2020-07-09 15:02:00.873,12143,12144,12144,2
2020-07-09 15:02:00.873,12143,12144,12144,4
2020-07-09 15:02:02.181,12144,12145,12145,10
2020-07-09 15:02:02.181,12144,12145,12145,2
2020-07-09 15:02:02.210,12144,12145,12145,1
2020-07-09 15:02:03.233,12145,12146,12146,2
2020-07-09 15:02:03.640,12145,12146,12146,1
2020-07-09 15:02:04.406,12145,12146,12146,1
2020-07-09 15:02:04.527,12145,12146,12146,3
2020-07-09 15:02:05.000,12146,12147,12147,1
2020-07-09 15:02:06.607,12146,12147,12147,1
2020-07-09 15:02:07.599,12146,12147,12147,1
2020-07-09 15:02:07.823,12146,12147,12147,5
2020-07-09 15:02:07.823,12146,12147,12147,4
2020-07-09 15:02:07.892,12146,12147,12147,3
2020-07-09 15:02:08.315,12147,12148,12147,1
2020-07-09 15:02:09.129,12147,12148,12147,2
2020-07-09 15:02:09.634,12147,12148,12147,1
2020-07-09 15:02:09.793,12147,12148,12148,2
2020-07-09 15:02:10.148,12147,12148,12148,2
2020-07-09 15:02:10.321,12147,12148,12147,1
2020-07-09 15:02:11.147,12147,12148,12147,1
2020-07-09 15:02:11.159,12147,12148,12148,1
2020-07-09 15:02:11.904,12147,12148,12148,1
2020-07-09 15:02:12.175,12147,12148,12147,1
2020-07-09 15:02:12.555,12147,12148,12147,1
2020-07-09 15:02:13.931,12146,12147,12146,2
2020-07-09 15:02:15.030,12146,12147,12147,1
2020-07-09 15:02:15.978,12146,12147,12147,2
2020-07-09 15:02:16.192,12146,12147,12146,1
2020-07-09 15:02:18.104,12146,12147,12146,1
2020-07-09 15:02:18.790,12145,12146,12146,1
2020-07-09 15:02:19.575,12145,12146,12146,1
2020-07-09 15:02:22.075,12146,12147,12146,1
2020-07-09 15:02:24.116,12146,12147,12147,1
2020-07-09 15:02:24.172,12146,12147,12146,1
2020-07-09 15:02:27.161,12146,12147,12147,6
2020-07-09 15:02:27.853,12146,12147,12146,1
2020-07-09 15:02:35.201,12146,12147,12147,1
2020-07-09 15:02:35.819,12146,12147,12147,4
2020-07-09 15:02:35.820,12146,12147,12147,2
2020-07-09 15:02:35.820,12146,12147,12147,3
2020-07-09 15:02:36.222,12147,12148,12147,1
2020-07-09 15:02:38.767,12147,12148,12148,1
2020-07-09 15:02:38.767,12147,12148,12148,1
2020-07-09 15:02:39.662,12148,12149,12148,1
2020-07-09 15:02:41.655,12147,12148,12148,1
2020-07-09 15:02:45.468,12148,12149,12149,1
2020-07-09 15:02:46.345,12148,12149,12149,1
2020-07-09 15:02:47.026,12148,12149,12149,6
2020-07-09 15:02:47.026,12148,12149,12149,6
2020-07-09 15:02:47.026,12148,12149,12149,4
2020-07-09 15:02:47.026,12148,12149,12149,2
2020-07-09 15:02:47.027,12148,12149,12149,2
2020-07-09 15:02:47.027,12148,12149,12149,1
2020-07-09 15:02:47.027,12148,12149,12149,1
2020-07-09 15:02:47.049,12148,12149,12149,1
2020-07-09 15:02:47.216,12148,12149,12149,9
2020-07-09 15:02:48.573,12149,12150,12150,1
2020-07-09 15:02:48.604,12149,12150,12150,4
2020-07-09 15:02:48.634,12149,12150,12151,1
2020-07-09 15:02:49.183,12150,12151,12151,5
2020-07-09 15:02:49.858,12150,12152,12150,2
2020-07-09 15:02:50.006,12150,12152,12150,1
2020-07-09 15:02:52.703,12150,12152,12151,1
2020-07-09 15:02:53.370,12150,12151,12150,1
2020-07-09 15:02:53.370,12150,12151,12149,3
2020-07-09 15:02:55.236,12149,12150,12150,1
2020-07-09 15:02:55.585,12149,12151,12151,2
2020-07-09 15:02:55.967,12149,12151,12149,1
2020-07-09 15:02:56.348,12149,12150,12150,1
2020-07-09 15:02:56.613,12149,12150,12149,3
2020-07-09 15:02:56.613,12149,12150,12148,1
2020-07-09 15:02:57.701,12148,12150,12148,1
2020-07-09 15:02:58.167,12148,12150,12150,3
2020-07-09 15:03:00.921,12149,12150,12150,1
2020-07-09 15:03:02.441,12149,12150,12149,5
2020-07-09 15:03:02.442,12149,12150,12149,3
2020-07-09 15:03:02.761,12148,12149,12148,4
2020-07-09 15:03:02.761,12148,12149,12148,5
2020-07-09 15:03:08.088,12147,12149,12148,1
2020-07-09 15:03:09.941,12148,12149,12148,4
2020-07-09 15:03:09.941,12148,12149,12148,1
2020-07-09 15:03:13.727,12147,12148,12147,2
2020-07-09 15:03:14.143,12147,12148,12147,3
2020-07-09 15:03:16.669,12146,12147,12147,1
2020-07-09 15:03:17.134,12146,12147,12146,4
2020-07-09 15:03:18.306,12145,12146,12146,1
2020-07-09 15:03:21.978,12145,12146,12146,2
2020-07-09 15:03:24.319,12145,12146,12146,5
2020-07-09 15:03:27.041,12145,12146,12145,1
2020-07-09 15:03:35.324,12145,12146,12146,5
2020-07-09 15:03:37.101,12145,12146,12146,1
2020-07-09 15:03:43.988,12145,12146,12145,21
2020-07-09 15:03:44.586,12144,12145,12145,1
2020-07-09 15:03:45.295,12144,12145,12145,1
2020-07-09 15:03:47.792,12144,12145,12145,1
2020-07-09 15:03:48.354,12144,12145,12144,18
2020-07-09 15:03:49.581,12143,12144,12144,1
2020-07-09 15:03:52.261,12143,12144,12144,1
2020-07-09 15:03:53.467,12143,12144,12144,1
2020-07-09 15:04:02.532,12144,12145,12144,1
2020-07-09 15:04:03.073,12144,12145,12144,3
2020-07-09 15:04:03.073,12144,12145,12143,3
2020-07-09 15:04:04.312,12144,12145,12144,1
2020-07-09 15:04:06.943,12143,12144,12143,1
2020-07-09 15:04:07.176,12143,12144,12143,18
2020-07-09 15:04:07.492,12142,12143,12142,4
2020-07-09 15:04:07.493,12142,12143,12142,2
2020-07-09 15:04:07.855,12141,12143,12143,1
2020-07-09 15:04:08.271,12141,12143,12141,2
2020-07-09 15:04:08.461,12141,12142,12142,1
2020-07-09 15:04:08.480,12141,12142,12142,1
2020-07-09 15:04:08.700,12141,12142,12142,1
2020-07-09 15:04:10.906,12141,12142,12141,1
2020-07-09 15:04:10.906,12141,12142,12141,2
2020-07-09 15:04:10.906,12141,12142,12141,2
2020-07-09 15:04:12.674,12140,12141,12141,1
2020-07-09 15:04:14.765,12140,12141,12141,1
2020-07-09 15:04:15.735,12140,12141,12141,1
2020-07-09 15:04:20.682,12140,12141,12140,1
2020-07-09 15:04:21.374,12140,12141,12141,4
2020-07-09 15:04:21.782,12141,12142,12141,1
2020-07-09 15:04:22.351,12140,12142,12140,2
2020-07-09 15:04:23.555,12140,12141,12140,2
2020-07-09 15:04:27.705,12140,12141,12141,2
2020-07-09 15:04:29.853,12141,12142,12141,20
2020-07-09 15:04:31.186,12141,12142,12142,1
2020-07-09 15:04:31.344,12141,12142,12141,11
2020-07-09 15:04:33.447,12140,12141,12141,1
2020-07-09 15:04:34.090,12141,12142,12141,1
2020-07-09 15:04:38.790,12141,12142,12141,5
2020-07-09 15:04:38.790,12141,12142,12140,15
2020-07-09 15:04:40.807,12140,12141,12141,1
2020-07-09 15:04:40.820,12140,12141,12142,1
2020-07-09 15:04:42.262,12141,12142,12142,1
2020-07-09 15:04:44.108,12141,12142,12142,1
2020-07-09 15:04:51.223,12141,12142,12142,1
2020-07-09 15:04:51.418,12141,12142,12141,1
2020-07-09 15:04:54.470,12141,12142,12142,1
2020-07-09 15:04:57.591,12141,12142,12141,1
2020-07-09 15:05:00.440,12141,12142,12142,4
2020-07-09 15:05:00.538,12141,12143,12141,1
2020-07-09 15:05:01.335,12141,12142,12141,7
2020-07-09 15:05:01.335,12141,12142,12141,5
2020-07-09 15:05:02.108,12140,12141,12140,7
2020-07-09 15:05:02.108,12140,12141,12140,4
2020-07-09 15:05:02.108,12140,12141,12140,10
2020-07-09 15:05:02.133,12140,12141,12140,1
2020-07-09 15:05:04.519,12139,12140,12139,3
2020-07-09 15:05:04.711,12138,12139,12139,3
2020-07-09 15:05:05.262,12138,12139,12138,1
2020-07-09 15:05:05.461,12138,12139,12138,1
2020-07-09 15:05:05.473,12138,12139,12138,13
2020-07-09 15:05:05.480,12137,12138,12138,2
2020-07-09 15:05:06.907,12137,12138,12137,10
2020-07-09 15:05:07.452,12137,12138,12137,1
2020-07-09 15:05:08.035,12137,12138,12138,1
2020-07-09 15:05:08.788,12137,12138,12138,1
2020-07-09 15:05:09.494,12137,12138,12138,1
2020-07-09 15:05:09.626,12137,12138,12137,2
2020-07-09 15:05:09.911,12137,12138,12138,1
2020-07-09 15:05:09.992,12137,12138,12137,1
2020-07-09 15:05:10.495,12137,12138,12137,1
2020-07-09 15:05:10.603,12137,12138,12138,1
2020-07-09 15:05:15.018,12137,12138,12137,1
2020-07-09 15:05:15.198,12137,12138,12137,3
2020-07-09 15:05:15.218,12137,12138,12137,1
2020-07-09 15:05:15.589,12137,12138,12138,1
2020-07-09 15:05:15.721,12137,12138,12138,1
2020-07-09 15:05:16.405,12137,12138,12138,1
2020-07-09 15:05:17.089,12137,12138,12138,8
2020-07-09 15:05:17.293,12138,12139,12138,2
2020-07-09 15:05:17.657,12137,12139,12139,2
2020-07-09 15:05:18.818,12138,12139,12139,3
2020-07-09 15:05:20.552,12138,12139,12139,4
2020-07-09 15:05:21.027,12138,12139,12138,1
2020-07-09 15:05:21.427,12137,12138,12137,5
2020-07-09 15:05:21.428,12137,12138,12137,5
2020-07-09 15:05:23.039,12136,12137,12137,2
2020-07-09 15:05:23.862,12136,12137,12137,5
2020-07-09 15:05:24.346,12136,12137,12137,2
2020-07-09 15:05:25.391,12136,12137,12137,12
2020-07-09 15:05:25.434,12136,12137,12138,1
2020-07-09 15:05:25.435,12136,12137,12138,4
2020-07-09 15:05:25.435,12136,12137,12138,6
2020-07-09 15:05:25.435,12136,12137,12138,3
2020-07-09 15:05:26.211,12138,12140,12138,1
2020-07-09 15:05:29.577,12138,12139,12139,2
2020-07-09 15:05:30.183,12139,12140,12140,2
2020-07-09 15:05:30.791,12140,12141,12139,1
2020-07-09 15:05:31.984,12139,12141,12141,1
2020-07-09 15:05:34.137,12140,12142,12140,1
2020-07-09 15:05:36.417,12140,12142,12142,2
2020-07-09 15:05:41.435,12140,12141,12141,1
2020-07-09 15:05:41.935,12139,12141,12141,1
2020-07-09 15:05:46.415,12140,12141,12141,1
2020-07-09 15:05:48.023,12140,12141,12141,2
2020-07-09 15:05:52.591,12141,12142,12142,3
2020-07-09 15:05:53.487,12141,12142,12142,5
2020-07-09 15:05:53.487,12141,12142,12142,2
2020-07-09 15:05:55.139,12142,12143,12143,4
2020-07-09 15:05:55.556,12143,12144,12143,1
2020-07-09 15:05:57.795,12143,12144,12143,1
2020-07-09 15:05:58.829,12143,12144,12144,4
2020-07-09 15:05:58.829,12143,12144,12144,3
2020-07-09 15:05:59.151,12144,12145,12145,1
2020-07-09 15:05:59.586,12144,12145,12144,1
2020-07-09 15:06:00.035,12144,12145,12145,1
2020-07-09 15:06:00.061,12144,12145,12145,1
2020-07-09 15:06:00.078,12144,12145,12145,1
2020-07-09 15:06:00.096,12144,12145,12146,1
2020-07-09 15:06:00.857,12144,12145,12144,3
2020-07-09 15:06:00.930,12144,12145,12145,1
2020-07-09 15:06:01.348,12144,12145,12144,4
2020-07-09 15:06:02.752,12144,12145,12144,2
2020-07-09 15:06:02.752,12144,12145,12144,2
2020-07-09 15:06:04.972,12143,12144,12143,3
2020-07-09 15:06:04.973,12143,12144,12143,3
2020-07-09 15:06:04.973,12143,12144,12143,1
2020-07-09 15:06:05.660,12142,12143,12142,1
2020-07-09 15:06:08.294,12142,12143,12142,1
2020-07-09 15:06:09.521,12142,12143,12142,2
2020-07-09 15:06:09.858,12141,12142,12142,1
2020-07-09 15:06:13.547,12142,12143,12143,1
2020-07-09 15:06:14.441,12143,12145,12143,3
2020-07-09 15:06:21.600,12143,12144,12144,1
2020-07-09 15:06:26.932,12143,12144,12144,7
2020-07-09 15:06:29.252,12144,12145,12145,5
2020-07-09 15:06:29.521,12145,12146,12145,4
2020-07-09 15:06:30.581,12145,12146,12146,5
2020-07-09 15:06:30.582,12145,12146,12146,1
2020-07-09 15:06:30.582,12145,12146,12146,7
2020-07-09 15:06:33.418,12146,12147,12147,1
2020-07-09 15:06:35.229,12146,12147,12147,1
2020-07-09 15:06:38.272,12146,12147,12146,4
2020-07-09 15:06:38.272,12146,12147,12146,4
2020-07-09 15:06:38.341,12146,12147,12145,1
2020-07-09 15:06:38.341,12146,12147,12144,4
2020-07-09 15:06:39.405,12144,12145,12145,1
2020-07-09 15:06:39.720,12144,12145,12145,1
2020-07-09 15:06:42.038,12144,12145,12145,9
2020-07-09 15:06:42.280,12145,12146,12146,1
2020-07-09 15:06:42.300,12145,12146,12145,3
2020-07-09 15:06:42.602,12144,12145,12144,2
2020-07-09 15:06:42.603,12144,12145,12144,5
2020-07-09 15:06:43.995,12143,12144,12144,1
2020-07-09 15:06:45.341,12143,12144,12143,2
2020-07-09 15:06:45.341,12143,12144,12143,3
2020-07-09 15:06:46.868,12142,12143,12143,1
2020-07-09 15:06:55.891,12142,12143,12143,1
2020-07-09 15:06:57.932,12142,12143,12143,1
2020-07-09 15:06:58.046,12142,12143,12143,1
2020-07-09 15:06:59.057,12142,12143,12143,4
2020-07-09 15:07:03.609,12143,12144,12143,1
2020-07-09 15:07:04.732,12142,12143,12143,1
2020-07-09 15:07:11.304,12142,12143,12142,3
2020-07-09 15:07:11.304,12142,12143,12142,2
2020-07-09 15:07:11.304,12142,12143,12142,6
2020-07-09 15:07:11.724,12141,12142,12142,3
2020-07-09 15:07:12.068,12141,12142,12142,3
2020-07-09 15:07:13.254,12141,12142,12141,4
2020-07-09 15:07:13.254,12141,12142,12141,1
2020-07-09 15:07:13.254,12141,12142,12141,2
2020-07-09 15:07:13.254,12141,12142,12141,5
2020-07-09 15:07:14.070,12140,12141,12140,3
2020-07-09 15:07:14.988,12140,12141,12141,1
2020-07-09 15:07:17.246,12140,12141,12141,1
2020-07-09 15:07:17.962,12140,12141,12141,4
2020-07-09 15:07:17.962,12140,12141,12141,4
2020-07-09 15:07:18.368,12141,12142,12141,1
2020-07-09 15:07:19.164,12141,12142,12141,3
2020-07-09 15:07:25.570,12141,12143,12141,1
2020-07-09 15:07:34.299,12141,12142,12141,1
2020-07-09 15:07:36.641,12141,12142,12142,4
2020-07-09 15:07:46.103,12141,12142,12142,1
2020-07-09 15:07:51.790,12141,12142,12141,1
2020-07-09 15:07:56.216,12141,12142,12141,1
2020-07-09 15:08:02.357,12141,12142,12141,3
2020-07-09 15:08:02.357,12141,12142,12141,3
2020-07-09 15:08:03.577,12140,12141,12141,1
2020-07-09 15:08:06.412,12140,12141,12140,2
2020-07-09 15:08:06.413,12140,12141,12140,9
2020-07-09 15:08:10.883,12139,12140,12139,1
2020-07-09 15:08:10.991,12139,12140,12139,2
2020-07-09 15:08:11.751,12139,12140,12139,2
2020-07-09 15:08:12.336,12139,12140,12139,2
2020-07-09 15:08:13.909,12139,12140,12140,10
2020-07-09 15:08:14.700,12140,12141,12141,2
2020-07-09 15:08:14.811,12141,12142,12141,1
2020-07-09 15:08:14.961,12141,12142,12141,2
2020-07-09 15:08:17.921,12140,12141,12141,1
2020-07-09 15:08:22.596,12140,12141,12141,1
2020-07-09 15:08:29.568,12140,12141,12141,6
2020-07-09 15:08:29.828,12141,12142,12141,7
2020-07-09 15:08:31.463,12140,12141,12141,1
2020-07-09 15:08:35.281,12141,12142,12142,5
2020-07-09 15:08:44.271,12142,12143,12142,1
2020-07-09 15:08:47.389,12142,12143,12142,1
2020-07-09 15:08:47.526,12141,12142,12142,1
2020-07-09 15:08:48.754,12141,12142,12142,1
2020-07-09 15:08:57.162,12141,12142,12141,1
2020-07-09 15:08:57.162,12141,12142,12141,8
2020-07-09 15:08:58.763,12140,12141,12140,3
2020-07-09 15:08:58.764,12140,12141,12140,2
2020-07-09 15:08:58.764,12140,12141,12140,2
2020-07-09 15:09:05.967,12139,12140,12140,1
2020-07-09 15:09:07.082,12139,12140,12140,15
2020-07-09 15:09:15.239,12141,12142,12142,2
2020-07-09 15:09:16.401,12142,12143,12143,2
2020-07-09 15:09:16.412,12142,12143,12143,1
2020-07-09 15:09:21.167,12143,12144,12143,1
2020-07-09 15:09:21.167,12143,12144,12143,2
2020-07-09 15:09:32.138,12143,12144,12144,1
2020-07-09 15:09:35.014,12143,12144,12143,5
2020-07-09 15:09:35.014,12143,12144,12143,2
2020-07-09 15:09:38.296,12141,12142,12142,1
2020-07-09 15:09:38.536,12141,12142,12141,1
2020-07-09 15:09:42.188,12140,12141,12140,3
2020-07-09 15:09:42.924,12140,12141,12141,1
2020-07-09 15:09:43.912,12140,12141,12141,1
2020-07-09 15:09:43.912,12140,12141,12141,4
2020-07-09 15:09:43.912,12140,12141,12141,3
2020-07-09 15:09:43.912,12140,12141,12141,2
2020-07-09 15:09:51.075,12141,12142,12142,3
2020-07-09 15:09:51.075,12141,12142,12142,2
2020-07-09 15:09:53.174,12142,12143,12143,1
2020-07-09 15:09:53.606,12143,12144,12143,1
2020-07-09 15:09:54.181,12143,12144,12144,1
2020-07-09 15:09:55.056,12143,12144,12143,1
2020-07-09 15:10:05.651,12142,12144,12142,1
2020-07-09 15:10:06.278,12142,12144,12142,1
2020-07-09 15:10:13.257,12143,12144,12144,1
2020-07-09 15:10:13.257,12143,12144,12144,2
2020-07-09 15:10:13.257,12143,12144,12144,4
2020-07-09 15:10:13.258,12143,12144,12144,1
2020-07-09 15:10:19.201,12144,12145,12144,1
2020-07-09 15:10:19.670,12143,12145,12143,1
2020-07-09 15:10:33.097,12144,12145,12144,1
2020-07-09 15:10:33.812,12144,12145,12144,2
2020-07-09 15:10:33.826,12144,12145,12144,7
2020-07-09 15:10:35.153,12143,12144,12144,1
2020-07-09 15:10:37.176,12143,12144,12144,1
2020-07-09 15:10:39.517,12144,12145,12144,2
2020-07-09 15:10:42.034,12143,12144,12143,6
2020-07-09 15:10:42.034,12143,12144,12143,11
2020-07-09 15:10:42.191,12142,12143,12143,1
2020-07-09 15:10:44.074,12142,12143,12143,1
2020-07-09 15:10:44.336,12142,12143,12143,6
2020-07-09 15:10:47.413,12143,12144,12144,1
2020-07-09 15:10:58.919,12142,12143,12143,5
2020-07-09 15:10:58.919,12142,12143,12143,1
2020-07-09 15:11:04.563,12143,12144,12144,2
2020-07-09 15:11:04.563,12143,12144,12144,2
2020-07-09 15:11:04.563,12143,12144,12144,1
2020-07-09 15:11:05.416,12144,12145,12144,2
2020-07-09 15:11:06.035,12143,12145,12145,1
2020-07-09 15:11:07.029,12143,12145,12143,3
2020-07-09 15:11:07.376,12143,12145,12145,1
2020-07-09 15:11:13.382,12144,12145,12144,1
2020-07-09 15:11:14.888,12144,12145,12144,1
2020-07-09 15:11:14.897,12144,12145,12143,1
2020-07-09 15:11:16.430,12143,12144,12143,2
2020-07-09 15:11:18.246,12142,12143,12143,2
2020-07-09 15:11:18.839,12143,12144,12143,1
2020-07-09 15:11:23.023,12142,12143,12142,4
2020-07-09 15:11:23.024,12142,12143,12142,2
2020-07-09 15:11:24.578,12141,12143,12143,1
2020-07-09 15:11:25.188,12141,12142,12142,1
2020-07-09 15:11:30.260,12141,12142,12142,1
2020-07-09 15:11:33.150,12141,12142,12142,1
2020-07-09 15:11:38.026,12142,12143,12143,1
2020-07-09 15:11:43.489,12142,12143,12143,1
2020-07-09 15:11:43.490,12142,12143,12143,3
2020-07-09 15:11:50.753,12143,12144,12143,1
2020-07-09 15:11:55.094,12143,12144,12143,3
2020-07-09 15:11:56.192,12143,12144,12144,1
2020-07-09 15:11:56.192,12143,12144,12144,5
2020-07-09 15:11:56.621,12144,12145,12144,2
2020-07-09 15:12:06.231,12143,12144,12144,1
2020-07-09 15:12:16.429,12144,12145,12145,2
2020-07-09 15:12:16.429,12144,12145,12145,20
2020-07-09 15:12:20.204,12145,12146,12145,1
2020-07-09 15:12:21.370,12145,12146,12146,1
2020-07-09 15:12:21.381,12145,12146,12146,2
2020-07-09 15:12:21.575,12145,12146,12145,1
2020-07-09 15:12:23.851,12145,12146,12146,2
2020-07-09 15:12:24.212,12146,12147,12147,5
2020-07-09 15:12:26.330,12146,12147,12146,7
2020-07-09 15:12:29.884,12145,12146,12145,1
2020-07-09 15:12:30.490,12145,12146,12145,3
2020-07-09 15:12:36.724,12145,12146,12145,1
2020-07-09 15:12:38.676,12145,12146,12145,6
2020-07-09 15:12:41.112,12144,12145,12145,2
2020-07-09 15:12:41.338,12144,12145,12144,1
2020-07-09 15:12:44.468,12144,12145,12144,1
2020-07-09 15:12:45.219,12144,12145,12144,4
2020-07-09 15:12:45.290,12143,12144,12143,1
2020-07-09 15:12:46.138,12143,12144,12143,2
2020-07-09 15:12:46.139,12143,12144,12143,3
2020-07-09 15:12:51.229,12142,12143,12143,1
2020-07-09 15:12:52.890,12142,12143,12143,1
2020-07-09 15:12:53.677,12142,12143,12142,1
2020-07-09 15:12:56.075,12141,12142,12142,1
2020-07-09 15:12:57.834,12141,12142,12141,1
2020-07-09 15:12:58.521,12141,12142,12141,11
2020-07-09 15:12:58.521,12141,12142,12141,3
2020-07-09 15:13:01.100,12140,12141,12140,3
2020-07-09 15:13:01.121,12140,12141,12141,1
2020-07-09 15:13:01.129,12140,12141,12140,1
2020-07-09 15:13:01.897,12140,12141,12140,1
2020-07-09 15:13:03.614,12140,12141,12140,18
2020-07-09 15:13:03.614,12140,12141,12140,5
2020-07-09 15:13:03.615,12140,12141,12140,3
2020-07-09 15:13:03.615,12140,12141,12140,5
2020-07-09 15:13:04.427,12139,12140,12139,2
2020-07-09 15:13:04.427,12139,12140,12139,1
2020-07-09 15:13:04.427,12139,12140,12139,1
2020-07-09 15:13:04.427,12139,12140,12139,6
2020-07-09 15:13:04.428,12139,12140,12139,3
2020-07-09 15:13:04.428,12139,12140,12139,5
2020-07-09 15:13:04.655,12138,12139,12138,1
2020-07-09 15:13:04.691,12138,12139,12139,1
2020-07-09 15:13:04.696,12138,12139,12139,1
2020-07-09 15:13:05.791,12138,12139,12138,3
2020-07-09 15:13:05.886,12138,12139,12138,5
2020-07-09 15:13:06.889,12138,12139,12138,2
2020-07-09 15:13:07.196,12138,12139,12139,2
2020-07-09 15:13:08.405,12138,12139,12139,1
2020-07-09 15:13:11.595,12138,12139,12139,8
2020-07-09 15:13:13.263,12139,12140,12140,1
2020-07-09 15:13:14.235,12140,12141,12140,1
2020-07-09 15:13:14.749,12140,12141,12141,1
2020-07-09 15:13:22.928,12141,12142,12142,1
2020-07-09 15:13:23.852,12142,12144,12142,1
2020-07-09 15:13:24.698,12143,12144,12143,1
2020-07-09 15:13:27.077,12143,12144,12143,4
2020-07-09 15:13:35.189,12142,12143,12142,1
2020-07-09 15:13:36.237,12142,12143,12143,2
2020-07-09 15:13:37.968,12141,12143,12143,1
2020-07-09 15:13:41.907,12142,12143,12143,1
2020-07-09 15:13:43.075,12142,12144,12142,10
2020-07-09 15:13:44.266,12143,12144,12143,1
2020-07-09 15:13:44.310,12143,12144,12144,1
2020-07-09 15:13:48.515,12142,12143,12143,1
2020-07-09 15:13:56.505,12142,12143,12142,1
2020-07-09 15:14:00.062,12141,12142,12141,2
2020-07-09 15:14:06.580,12140,12141,12142,2
2020-07-09 15:14:10.175,12141,12142,12141,3
2020-07-09 15:14:10.684,12141,12142,12141,2
2020-07-09 15:14:12.910,12140,12141,12141,1
2020-07-09 15:14:14.412,12140,12141,12141,1
2020-07-09 15:14:31.628,12141,12142,12141,16
2020-07-09 15:14:33.713,12140,12141,12141,1
2020-07-09 15:14:35.437,12140,12141,12141,9
2020-07-09 15:14:35.437,12140,12141,12141,5
2020-07-09 15:14:44.004,12141,12143,12143,1
2020-07-09 15:14:59.309,12141,12142,12141,1
2020-07-09 15:15:00.955,12141,12142,12142,5
2020-07-09 15:15:00.955,12141,12142,12142,3
2020-07-09 15:15:00.955,12141,12142,12142,2
2020-07-09 15:15:00.955,12141,12142,12142,2
2020-07-09 15:15:01.073,12142,12143,12142,1
2020-07-09 15:15:01.186,12142,12143,12142,1
2020-07-09 15:15:01.301,12142,12143,12142,1
2020-07-09 15:15:01.301,12142,12143,12141,1
2020-07-09 15:15:01.470,12141,12143,12141,2
2020-07-09 15:15:01.479,12141,12143,12141,2
2020-07-09 15:15:01.493,12141,12143,12141,2
2020-07-09 15:15:01.534,12141,12143,12141,2
2020-07-09 15:15:01.856,12141,12142,12141,8
2020-07-09 15:15:05.284,12141,12142,12142,2
2020-07-09 15:15:17.884,12141,12142,12142,1
2020-07-09 15:15:19.119,12141,12142,12142,1
2020-07-09 15:15:37.090,12141,12142,12141,8
2020-07-09 15:15:42.249,12140,12141,12140,9
2020-07-09 15:15:47.249,12140,12141,12141,1
2020-07-09 15:15:48.172,12141,12142,12141,8
2020-07-09 15:15:48.172,12141,12142,12140,2
2020-07-09 15:15:49.480,12141,12142,12141,1
2020-07-09 15:15:51.427,12140,12141,12140,1
2020-07-09 15:15:53.316,12140,12141,12140,1
2020-07-09 15:15:53.316,12140,12141,12140,4
2020-07-09 15:15:53.317,12140,12141,12140,7
2020-07-09 15:15:58.491,12139,12140,12140,2
2020-07-09 15:16:00.078,12139,12140,12139,1
2020-07-09 15:16:00.078,12139,12140,12139,7
2020-07-09 15:16:02.145,12138,12139,12139,1
2020-07-09 15:16:03.015,12138,12139,12139,1
2020-07-09 15:16:04.397,12138,12139,12138,5
2020-07-09 15:16:04.532,12138,12139,12138,5
2020-07-09 15:16:05.429,12138,12139,12139,1
2020-07-09 15:16:06.565,12138,12139,12138,4
2020-07-09 15:16:06.565,12138,12139,12138,1
2020-07-09 15:16:08.534,12137,12138,12137,5
2020-07-09 15:16:08.674,12137,12138,12137,4
2020-07-09 15:16:08.675,12137,12138,12137,10
2020-07-09 15:16:12.873,12136,12137,12137,6
2020-07-09 15:16:13.087,12137,12138,12137,1
2020-07-09 15:16:13.337,12137,12138,12137,1
2020-07-09 15:16:14.054,12137,12139,12139,2
2020-07-09 15:16:16.017,12137,12139,12137,4
2020-07-09 15:16:16.159,12137,12138,12137,1
2020-07-09 15:16:16.253,12137,12138,12137,1
2020-07-09 15:16:16.725,12137,12138,12137,1
2020-07-09 15:16:17.325,12137,12138,12138,1
2020-07-09 15:16:17.610,12137,12138,12138,1
2020-07-09 15:16:18.242,12138,12139,12139,1
2020-07-09 15:16:20.451,12138,12139,12138,5
2020-07-09 15:16:21.202,12138,12139,12138,5
2020-07-09 15:16:21.707,12137,12138,12138,1
2020-07-09 15:16:22.221,12137,12138,12137,1
2020-07-09 15:16:23.516,12136,12138,12136,1
2020-07-09 15:16:23.778,12136,12138,12136,7
2020-07-09 15:16:23.866,12136,12137,12136,7
2020-07-09 15:16:23.915,12136,12137,12136,4
2020-07-09 15:16:24.494,12136,12137,12136,1
2020-07-09 15:16:24.494,12136,12137,12135,1
2020-07-09 15:16:24.614,12135,12137,12135,1
2020-07-09 15:16:24.643,12135,12137,12135,5
2020-07-09 15:16:24.730,12135,12136,12135,1
2020-07-09 15:16:24.731,12135,12136,12136,1
2020-07-09 15:16:24.771,12135,12136,12135,2
2020-07-09 15:16:24.935,12135,12136,12135,2
2020-07-09 15:16:24.935,12135,12136,12134,1
2020-07-09 15:16:25.010,12134,12135,12135,1
2020-07-09 15:16:25.142,12134,12135,12134,3
2020-07-09 15:16:25.142,12134,12135,12134,3
2020-07-09 15:16:25.156,12134,12135,12133,1
2020-07-09 15:16:25.164,12134,12135,12133,1
2020-07-09 15:16:25.220,12134,12135,12133,1
2020-07-09 15:16:25.274,12133,12134,12133,3
2020-07-09 15:16:25.315,12133,12134,12133,5
2020-07-09 15:16:25.358,12133,12134,12133,1
2020-07-09 15:16:25.365,12133,12134,12133,1
2020-07-09 15:16:25.365,12133,12134,12134,1
2020-07-09 15:16:25.811,12133,12134,12133,1
2020-07-09 15:16:25.901,12133,12134,12133,1
2020-07-09 15:16:26.001,12133,12134,12133,1
2020-07-09 15:16:26.199,12133,12134,12133,1
2020-07-09 15:16:26.208,12133,12134,12133,2
2020-07-09 15:16:27.203,12133,12134,12133,1
2020-07-09 15:16:27.246,12133,12134,12133,5
2020-07-09 15:16:27.436,12133,12134,12133,1
2020-07-09 15:16:27.491,12133,12134,12133,2
2020-07-09 15:16:28.099,12133,12134,12133,1
2020-07-09 15:16:28.775,12133,12134,12133,1
2020-07-09 15:16:29.400,12133,12134,12133,2
2020-07-09 15:16:29.945,12133,12134,12134,1
2020-07-09 15:16:30.680,12133,12134,12134,1
2020-07-09 15:16:30.766,12133,12134,12133,1
2020-07-09 15:16:30.783,12133,12134,12133,1
2020-07-09 15:16:31.472,12133,12134,12133,1
2020-07-09 15:16:31.861,12133,12134,12134,5
2020-07-09 15:16:35.247,12133,12135,12133,1
2020-07-09 15:16:35.972,12133,12134,12134,1
2020-07-09 15:16:36.243,12134,12135,12134,1
2020-07-09 15:16:40.520,12134,12135,12135,1
2020-07-09 15:16:40.819,12134,12135,12134,2
2020-07-09 15:16:40.842,12134,12135,12134,3
2020-07-09 15:16:42.674,12134,12135,12135,3
2020-07-09 15:16:42.674,12134,12135,12135,1
2020-07-09 15:16:43.926,12135,12136,12135,1
2020-07-09 15:16:46.072,12135,12137,12135,1
2020-07-09 15:16:46.524,12135,12136,12136,2
2020-07-09 15:16:47.313,12135,12137,12135,1
2020-07-09 15:16:49.017,12135,12136,12136,1
2020-07-09 15:16:49.127,12136,12137,12136,1
2020-07-09 15:16:50.490,12136,12137,12136,2
2020-07-09 15:16:50.811,12135,12136,12136,1
2020-07-09 15:16:55.317,12136,12137,12137,1
2020-07-09 15:16:57.543,12136,12137,12136,1
2020-07-09 15:16:59.445,12135,12137,12135,1
2020-07-09 15:17:08.110,12135,12137,12135,1
2020-07-09 15:17:09.327,12135,12137,12137,1
2020-07-09 15:17:11.406,12135,12136,12136,1
2020-07-09 15:17:16.585,12135,12136,12135,15
2020-07-09 15:17:20.353,12135,12136,12135,1
2020-07-09 15:17:20.546,12135,12136,12135,1
2020-07-09 15:17:22.022,12134,12135,12134,1
2020-07-09 15:17:22.198,12134,12135,12135,1
2020-07-09 15:17:23.518,12134,12135,12134,1
2020-07-09 15:17:23.887,12134,12135,12134,6
2020-07-09 15:17:24.644,12134,12135,12135,1
2020-07-09 15:17:26.446,12134,12135,12135,1
2020-07-09 15:17:26.961,12135,12136,12135,1
2020-07-09 15:17:29.928,12135,12136,12135,1
2020-07-09 15:17:30.684,12135,12136,12135,1
2020-07-09 15:17:30.898,12135,12136,12135,1
2020-07-09 15:17:34.744,12135,12136,12135,1
2020-07-09 15:17:35.407,12135,12136,12135,1
2020-07-09 15:17:37.035,12135,12136,12135,1
2020-07-09 15:17:46.125,12135,12136,12136,5
2020-07-09 15:17:48.963,12136,12137,12136,2
2020-07-09 15:17:55.101,12136,12137,12137,5
2020-07-09 15:17:58.850,12137,12138,12138,1
2020-07-09 15:17:59.485,12137,12138,12137,4
2020-07-09 15:17:59.485,12137,12138,12137,1
2020-07-09 15:18:02.134,12136,12137,12137,1
2020-07-09 15:18:02.665,12136,12137,12136,1
2020-07-09 15:18:06.468,12136,12137,12136,1
2020-07-09 15:18:11.651,12136,12137,12137,1
2020-07-09 15:18:11.662,12136,12137,12138,1
2020-07-09 15:18:17.269,12137,12138,12138,1
2020-07-09 15:18:17.385,12137,12138,12138,1
2020-07-09 15:18:17.385,12137,12138,12138,1
2020-07-09 15:18:24.691,12138,12139,12139,1
2020-07-09 15:18:24.982,12138,12139,12139,1
2020-07-09 15:18:29.302,12138,12139,12139,1
2020-07-09 15:18:29.555,12138,12139,12139,1
2020-07-09 15:18:30.105,12138,12139,12139,1
2020-07-09 15:18:33.866,12139,12140,12140,10
2020-07-09 15:18:39.055,12139,12140,12140,1
2020-07-09 15:18:39.112,12140,12141,12141,3
2020-07-09 15:18:39.314,12140,12141,12141,1
2020-07-09 15:18:42.722,12140,12141,12141,1
2020-07-09 15:18:44.473,12140,12141,12141,2
2020-07-09 15:18:49.007,12141,12142,12141,1
2020-07-09 15:18:49.491,12140,12141,12141,1
2020-07-09 15:18:49.870,12140,12141,12141,1
2020-07-09 15:18:51.218,12140,12141,12140,3
2020-07-09 15:18:51.557,12140,12141,12141,1
2020-07-09 15:18:52.593,12141,12142,12141,1
2020-07-09 15:18:54.353,12140,12141,12140,1
2020-07-09 15:18:57.308,12140,12141,12141,1
2020-07-09 15:19:01.707,12140,12141,12140,1
2020-07-09 15:19:04.436,12140,12141,12140,2
2020-07-09 15:19:05.957,12140,12141,12141,1
2020-07-09 15:19:06.311,12140,12141,12141,2
2020-07-09 15:19:09.487,12141,12142,12142,4
2020-07-09 15:19:12.732,12142,12143,12143,1
2020-07-09 15:19:16.445,12141,12142,12142,1
2020-07-09 15:19:17.258,12141,12143,12143,1
2020-07-09 15:19:18.114,12141,12143,12143,1
2020-07-09 15:19:18.195,12141,12143,12142,1
2020-07-09 15:19:19.884,12141,12143,12143,1
2020-07-09 15:19:20.140,12141,12142,12142,1
2020-07-09 15:19:22.886,12142,12143,12142,2
2020-07-09 15:19:25.613,12142,12143,12143,3
2020-07-09 15:19:33.693,12143,12144,12143,1
2020-07-09 15:19:37.000,12143,12144,12143,1
2020-07-09 15:19:38.524,12143,12144,12144,1
2020-07-09 15:19:42.672,12143,12144,12144,1
2020-07-09 15:19:44.162,12143,12144,12144,1
2020-07-09 15:19:44.956,12143,12144,12144,1
2020-07-09 15:19:49.321,12143,12144,12144,1
2020-07-09 15:19:52.412,12143,12144,12144,1
2020-07-09 15:19:55.260,12143,12144,12144,3
2020-07-09 15:19:58.836,12143,12144,12144,1
2020-07-09 15:20:07.203,12143,12144,12143,1
2020-07-09 15:20:08.014,12143,12144,12143,1
2020-07-09 15:20:10.672,12143,12144,12143,1
2020-07-09 15:20:12.211,12143,12144,12143,2
2020-07-09 15:20:13.188,12143,12144,12143,1
2020-07-09 15:20:13.262,12143,12144,12143,1
2020-07-09 15:20:14.205,12143,12144,12143,4
2020-07-09 15:20:14.205,12143,12144,12143,1
2020-07-09 15:20:16.536,12142,12143,12142,4
2020-07-09 15:20:16.536,12142,12143,12142,8
2020-07-09 15:20:16.922,12141,12142,12142,1
2020-07-09 15:20:21.607,12141,12142,12142,2
2020-07-09 15:20:23.880,12142,12143,12142,1
2020-07-09 15:20:25.565,12141,12143,12141,2
2020-07-09 15:20:31.473,12141,12142,12142,2
2020-07-09 15:20:31.643,12142,12143,12142,2
2020-07-09 15:20:37.751,12141,12142,12141,1
2020-07-09 15:20:42.575,12141,12142,12141,4
2020-07-09 15:20:55.815,12140,12141,12141,1
2020-07-09 15:20:58.124,12141,12142,12141,1
2020-07-09 15:21:00.165,12141,12142,12141,1
2020-07-09 15:21:03.297,12140,12141,12141,1
2020-07-09 15:21:05.412,12140,12141,12140,4
2020-07-09 15:21:05.413,12140,12141,12140,2
2020-07-09 15:21:06.049,12139,12140,12140,1
2020-07-09 15:21:10.913,12140,12141,12140,1
2020-07-09 15:21:11.883,12140,12141,12140,2
2020-07-09 15:21:16.579,12140,12141,12140,1
2020-07-09 15:21:16.982,12140,12141,12140,1
2020-07-09 15:21:31.647,12139,12140,12139,2
2020-07-09 15:21:31.647,12139,12140,12139,2
2020-07-09 15:21:43.061,12138,12139,12139,3
2020-07-09 15:21:43.197,12139,12140,12138,1
2020-07-09 15:21:46.132,12139,12140,12140,3
2020-07-09 15:21:49.312,12139,12141,12139,2
2020-07-09 15:21:57.418,12140,12141,12140,1
2020-07-09 15:22:01.592,12139,12140,12140,1
2020-07-09 15:22:09.980,12140,12141,12141,3
2020-07-09 15:22:21.695,12141,12142,12142,2
2020-07-09 15:22:32.146,12142,12143,12143,1
2020-07-09 15:22:33.390,12142,12143,12143,1
2020-07-09 15:22:33.754,12142,12143,12143,1
2020-07-09 15:22:33.803,12142,12143,12142,1
2020-07-09 15:22:49.308,12142,12143,12143,4
2020-07-09 15:22:52.114,12142,12143,12142,6
2020-07-09 15:22:52.284,12141,12142,12142,2
2020-07-09 15:22:53.362,12141,12142,12142,3
2020-07-09 15:23:02.360,12141,12142,12141,3
2020-07-09 15:23:07.090,12141,12142,12141,1
2020-07-09 15:23:13.527,12141,12142,12141,1
2020-07-09 15:23:14.816,12140,12141,12141,1
2020-07-09 15:23:15.851,12140,12141,12140,4
2020-07-09 15:23:18.058,12140,12141,12140,5
2020-07-09 15:23:31.759,12139,12140,12140,1
2020-07-09 15:23:39.982,12139,12140,12140,4
2020-07-09 15:23:48.286,12140,12141,12140,1
2020-07-09 15:23:48.499,12140,12141,12140,4
2020-07-09 15:23:49.217,12139,12140,12140,1
2020-07-09 15:23:55.963,12139,12140,12140,3
2020-07-09 15:23:59.161,12140,12142,12140,2
2020-07-09 15:24:13.839,12140,12141,12140,2
2020-07-09 15:24:16.634,12140,12141,12140,1
2020-07-09 15:24:25.332,12139,12140,12140,1
2020-07-09 15:24:27.710,12140,12141,12140,1
2020-07-09 15:24:27.969,12140,12141,12141,1
2020-07-09 15:24:28.139,12140,12141,12140,2
2020-07-09 15:24:33.541,12140,12141,12140,4
2020-07-09 15:24:51.112,12139,12140,12140,4
2020-07-09 15:24:51.112,12139,12140,12140,3
2020-07-09 15:24:51.170,12139,12140,12140,1
2020-07-09 15:24:51.679,12140,12141,12140,1
2020-07-09 15:24:54.400,12140,12141,12140,1
2020-07-09 15:24:55.749,12139,12140,12140,4
2020-07-09 15:24:55.749,12139,12140,12140,2
2020-07-09 15:25:09.940,12140,12141,12140,1
2020-07-09 15:25:12.494,12140,12141,12141,2
2020-07-09 15:25:12.494,12140,12141,12141,3
2020-07-09 15:25:15.024,12141,12142,12141,4
2020-07-09 15:25:27.970,12141,12142,12142,1
2020-07-09 15:25:31.579,12141,12142,12142,4
2020-07-09 15:25:41.192,12141,12142,12141,2
2020-07-09 15:25:52.883,12140,12141,12141,1
2020-07-09 15:25:53.295,12140,12141,12141,4
2020-07-09 15:25:55.966,12141,12142,12141,5
2020-07-09 15:25:59.874,12140,12141,12141,1
2020-07-09 15:26:03.373,12140,12141,12141,1
2020-07-09 15:26:17.942,12141,12142,12141,2
2020-07-09 15:26:25.899,12140,12141,12141,2
2020-07-09 15:26:44.879,12140,12141,12141,3
2020-07-09 15:26:49.231,12140,12141,12140,4
2020-07-09 15:26:49.232,12140,12141,12140,2
2020-07-09 15:27:04.290,12139,12140,12140,1
2020-07-09 15:27:10.178,12140,12141,12141,9
2020-07-09 15:27:10.461,12141,12142,12141,1
2020-07-09 15:27:11.088,12141,12142,12141,1
2020-07-09 15:27:11.471,12141,12142,12141,3
2020-07-09 15:27:16.793,12140,12141,12141,3
2020-07-09 15:27:32.356,12141,12142,12142,8
2020-07-09 15:27:32.356,12141,12142,12142,9
2020-07-09 15:27:33.600,12142,12143,12142,1
2020-07-09 15:27:35.908,12142,12143,12143,4
2020-07-09 15:27:35.908,12142,12143,12143,1
2020-07-09 15:27:36.138,12143,12144,12143,1
2020-07-09 15:27:38.658,12142,12143,12143,2
2020-07-09 15:27:41.865,12142,12143,12143,1
2020-07-09 15:27:41.956,12142,12143,12143,1
2020-07-09 15:27:42.126,12142,12143,12143,1
2020-07-09 15:27:42.249,12142,12143,12143,1
2020-07-09 15:27:42.421,12142,12143,12143,1
2020-07-09 15:27:42.596,12142,12143,12143,1
2020-07-09 15:27:51.726,12143,12144,12143,1
2020-07-09 15:27:53.942,12142,12143,12143,5
2020-07-09 15:27:57.961,12142,12143,12143,1
2020-07-09 15:28:00.219,12142,12143,12142,4
2020-07-09 15:28:02.959,12141,12142,12142,7
2020-07-09 15:28:03.627,12141,12142,12141,2
2020-07-09 15:28:05.435,12140,12142,12140,7
2020-07-09 15:28:06.368,12140,12141,12141,1
2020-07-09 15:28:06.657,12140,12141,12140,5
2020-07-09 15:28:09.765,12139,12140,12140,1
2020-07-09 15:28:11.844,12139,12140,12139,1
2020-07-09 15:28:12.193,12139,12140,12140,1
2020-07-09 15:28:17.997,12139,12140,12140,1
2020-07-09 15:28:24.832,12139,12140,12140,1
2020-07-09 15:28:29.390,12139,12140,12140,1
2020-07-09 15:28:36.382,12139,12140,12140,1
2020-07-09 15:28:37.087,12139,12140,12140,3
2020-07-09 15:28:42.059,12140,12142,12140,1
2020-07-09 15:29:01.415,12140,12141,12141,1
2020-07-09 15:29:01.415,12140,12141,12141,2
2020-07-09 15:29:01.416,12140,12141,12141,2
2020-07-09 15:29:01.416,12140,12141,12141,1
2020-07-09 15:29:01.416,12140,12141,12141,3
2020-07-09 15:29:02.342,12141,12142,12141,1
2020-07-09 15:29:07.550,12141,12142,12142,1
2020-07-09 15:29:07.550,12141,12142,12142,1
2020-07-09 15:29:12.795,12142,12143,12142,1
2020-07-09 15:29:18.363,12142,12143,12142,4
2020-07-09 15:29:22.769,12142,12143,12143,5
2020-07-09 15:29:49.147,12143,12144,12144,8
2020-07-09 15:29:49.448,12144,12145,12144,1
2020-07-09 15:29:54.137,12144,12145,12144,1
2020-07-09 15:29:54.822,12144,12145,12144,1
2020-07-09 15:29:57.454,12144,12145,12144,1
2020-07-09 15:30:00.579,12144,12145,12144,1
2020-07-09 15:30:02.169,12143,12144,12143,1
2020-07-09 15:30:03.818,12143,12144,12144,1
2020-07-09 15:30:03.858,12143,12144,12144,2
2020-07-09 15:30:03.874,12143,12144,12145,1
2020-07-09 15:30:03.874,12143,12144,12145,2
2020-07-09 15:30:03.875,12143,12144,12145,1
2020-07-09 15:30:03.875,12143,12144,12145,1
2020-07-09 15:30:10.520,12144,12145,12145,2
2020-07-09 15:30:10.520,12144,12145,12145,3
2020-07-09 15:30:10.520,12144,12145,12145,3
2020-07-09 15:30:10.520,12144,12145,12145,12
2020-07-09 15:30:13.007,12145,12146,12146,10
2020-07-09 15:30:13.008,12145,12146,12146,1
2020-07-09 15:30:13.008,12145,12146,12146,9
2020-07-09 15:30:13.008,12145,12146,12146,10
2020-07-09 15:30:13.268,12146,12147,12147,1
2020-07-09 15:30:13.354,12146,12147,12147,2
2020-07-09 15:30:13.361,12146,12147,12148,1
2020-07-09 15:30:14.233,12146,12148,12148,2
2020-07-09 15:30:14.509,12147,12148,12147,1
2020-07-09 15:30:15.275,12147,12148,12147,3
2020-07-09 15:30:18.984,12146,12147,12147,1
2020-07-09 15:30:22.315,12147,12148,12147,1
2020-07-09 15:30:27.022,12147,12148,12147,1
2020-07-09 15:30:28.397,12147,12148,12147,4
2020-07-09 15:30:28.514,12146,12147,12147,1
2020-07-09 15:30:28.783,12146,12147,12146,2
2020-07-09 15:30:29.835,12146,12147,12147,1
2020-07-09 15:30:31.289,12146,12148,12146,2
2020-07-09 15:30:32.600,12145,12147,12147,1
2020-07-09 15:30:33.722,12146,12147,12147,1
2020-07-09 15:30:34.697,12146,12147,12147,2
2020-07-09 15:30:36.103,12146,12147,12147,1
2020-07-09 15:30:36.403,12146,12147,12147,1
2020-07-09 15:30:45.832,12146,12147,12146,2
2020-07-09 15:30:46.413,12146,12147,12146,1
2020-07-09 15:30:47.927,12146,12147,12146,1
2020-07-09 15:30:48.451,12146,12147,12147,1
2020-07-09 15:30:58.206,12146,12147,12147,1
2020-07-09 15:30:58.211,12146,12147,12146,1
2020-07-09 15:31:01.703,12146,12147,12147,1
2020-07-09 15:31:02.805,12146,12147,12147,1
2020-07-09 15:31:06.246,12146,12147,12146,12
2020-07-09 15:31:06.648,12145,12146,12145,1
2020-07-09 15:31:06.741,12145,12146,12145,1
2020-07-09 15:31:06.855,12145,12146,12145,1
2020-07-09 15:31:06.980,12145,12146,12146,1
2020-07-09 15:31:23.627,12145,12146,12145,6
2020-07-09 15:31:24.652,12144,12145,12144,4
2020-07-09 15:31:24.719,12144,12145,12143,2
2020-07-09 15:31:24.719,12144,12145,12143,6
2020-07-09 15:31:24.791,12142,12143,12142,1
2020-07-09 15:31:24.821,12142,12143,12142,5
2020-07-09 15:31:24.979,12142,12143,12143,5
2020-07-09 15:31:25.104,12142,12143,12143,5
2020-07-09 15:31:25.168,12142,12143,12142,3
2020-07-09 15:31:26.273,12142,12143,12143,1
2020-07-09 15:31:27.215,12142,12143,12142,1
2020-07-09 15:31:27.215,12142,12143,12142,3
2020-07-09 15:31:32.235,12143,12144,12143,4
2020-07-09 15:31:38.542,12142,12143,12143,1
2020-07-09 15:31:45.468,12142,12143,12142,8
2020-07-09 15:31:45.469,12142,12143,12142,1
2020-07-09 15:31:45.648,12141,12142,12141,4
2020-07-09 15:31:49.035,12140,12141,12140,18
2020-07-09 15:31:49.284,12139,12140,12140,1
2020-07-09 15:31:49.578,12139,12140,12139,1
2020-07-09 15:31:50.481,12139,12140,12139,10
2020-07-09 15:31:50.526,12139,12140,12138,1
2020-07-09 15:31:50.645,12138,12139,12138,5
2020-07-09 15:31:50.853,12138,12139,12138,5
2020-07-09 15:31:50.853,12138,12139,12138,1
2020-07-09 15:31:50.854,12138,12139,12138,7
2020-07-09 15:31:51.229,12137,12138,12138,3
2020-07-09 15:31:52.620,12137,12138,12137,3
2020-07-09 15:31:54.226,12137,12138,12137,1
2020-07-09 15:31:54.360,12137,12138,12138,4
2020-07-09 15:31:54.868,12137,12138,12137,1
2020-07-09 15:31:54.869,12137,12138,12137,8
2020-07-09 15:31:54.869,12137,12138,12137,2
2020-07-09 15:31:54.869,12137,12138,12137,2
2020-07-09 15:31:54.869,12137,12138,12137,1
2020-07-09 15:31:54.869,12137,12138,12137,3
2020-07-09 15:31:56.227,12136,12137,12136,7
2020-07-09 15:31:56.241,12136,12137,12136,2
2020-07-09 15:31:56.278,12136,12137,12137,1
2020-07-09 15:31:56.369,12136,12137,12137,1
2020-07-09 15:31:57.259,12136,12137,12136,1
2020-07-09 15:32:00.795,12136,12137,12137,1
2020-07-09 15:32:00.804,12136,12137,12136,1
2020-07-09 15:32:02.679,12136,12137,12137,1
2020-07-09 15:32:04.346,12136,12137,12136,1
2020-07-09 15:32:04.372,12136,12137,12136,2
2020-07-09 15:32:05.247,12136,12137,12137,1
2020-07-09 15:32:05.975,12136,12137,12137,1
2020-07-09 15:32:06.966,12136,12137,12137,3
2020-07-09 15:32:07.563,12136,12137,12136,2
2020-07-09 15:32:07.563,12136,12137,12136,3
2020-07-09 15:32:07.563,12136,12137,12136,2
2020-07-09 15:32:07.563,12136,12137,12136,14
2020-07-09 15:32:07.769,12135,12136,12135,1
2020-07-09 15:32:07.938,12135,12136,12135,1
2020-07-09 15:32:08.106,12135,12136,12135,2
2020-07-09 15:32:08.106,12135,12136,12135,1
2020-07-09 15:32:08.106,12135,12136,12135,1
2020-07-09 15:32:08.106,12135,12136,12135,1
2020-07-09 15:32:08.106,12135,12136,12135,4
2020-07-09 15:32:08.106,12135,12136,12135,9
2020-07-09 15:32:08.527,12134,12135,12135,1
2020-07-09 15:32:08.545,12134,12135,12135,1
2020-07-09 15:32:08.962,12134,12135,12134,2
2020-07-09 15:32:09.228,12134,12135,12135,1
2020-07-09 15:32:11.353,12134,12135,12135,3
2020-07-09 15:32:11.637,12135,12136,12135,1
2020-07-09 15:32:11.794,12135,12136,12135,1
2020-07-09 15:32:15.416,12135,12136,12135,1
2020-07-09 15:32:15.736,12135,12136,12136,1
2020-07-09 15:32:16.398,12135,12136,12135,2
2020-07-09 15:32:16.586,12135,12136,12135,1
2020-07-09 15:32:18.947,12135,12136,12135,1
2020-07-09 15:32:20.002,12135,12136,12136,6
2020-07-09 15:32:20.524,12136,12137,12136,1
2020-07-09 15:32:22.493,12135,12137,12135,3
2020-07-09 15:32:25.940,12135,12136,12135,2
2020-07-09 15:32:27.733,12135,12136,12135,10
2020-07-09 15:32:31.004,12135,12136,12136,1
2020-07-09 15:32:34.279,12135,12136,12136,1
2020-07-09 15:32:34.279,12135,12136,12136,3
2020-07-09 15:32:35.581,12136,12137,12137,16
2020-07-09 15:32:38.345,12136,12137,12137,1
2020-07-09 15:32:42.539,12136,12137,12137,2
2020-07-09 15:32:42.540,12136,12137,12137,1
2020-07-09 15:32:54.508,12137,12138,12137,1
2020-07-09 15:32:56.862,12137,12138,12137,4
2020-07-09 15:32:58.899,12136,12137,12137,3
2020-07-09 15:32:58.900,12136,12137,12137,5
2020-07-09 15:32:58.900,12136,12137,12137,3
2020-07-09 15:33:05.962,12136,12137,12136,20
2020-07-09 15:33:08.268,12135,12136,12135,15
2020-07-09 15:33:11.102,12135,12136,12135,3
2020-07-09 15:33:12.320,12135,12136,12135,1
2020-07-09 15:33:15.291,12135,12136,12135,1
2020-07-09 15:33:15.571,12135,12136,12136,2
2020-07-09 15:33:15.980,12136,12137,12136,1
2020-07-09 15:33:18.547,12136,12137,12137,2
2020-07-09 15:33:18.547,12136,12137,12137,3
2020-07-09 15:33:21.578,12137,12138,12137,2
2020-07-09 15:33:29.900,12137,12138,12137,1
2020-07-09 15:33:31.395,12136,12137,12137,1
2020-07-09 15:33:33.279,12136,12137,12137,1
2020-07-09 15:33:39.826,12137,12138,12138,1
2020-07-09 15:33:42.026,12137,12138,12138,1
2020-07-09 15:33:44.742,12138,12139,12139,1
2020-07-09 15:33:44.742,12138,12139,12139,4
2020-07-09 15:33:50.534,12138,12139,12138,4
2020-07-09 15:33:50.535,12138,12139,12138,7
2020-07-09 15:33:55.872,12137,12138,12138,3
2020-07-09 15:33:56.120,12137,12138,12138,1
2020-07-09 15:34:01.897,12138,12139,12138,1
2020-07-09 15:34:02.513,12137,12138,12138,1
2020-07-09 15:34:02.513,12137,12138,12138,3
2020-07-09 15:34:18.548,12138,12139,12139,1
2020-07-09 15:34:28.607,12138,12139,12138,1
2020-07-09 15:34:29.781,12138,12139,12138,3
2020-07-09 15:34:31.192,12137,12139,12139,1
2020-07-09 15:34:40.353,12137,12138,12138,1
2020-07-09 15:34:40.394,12137,12139,12139,1
2020-07-09 15:34:46.957,12137,12138,12138,1
2020-07-09 15:34:47.950,12137,12138,12138,1
2020-07-09 15:34:48.024,12138,12139,12138,2
2020-07-09 15:34:48.691,12137,12139,12139,1
2020-07-09 15:34:50.801,12138,12139,12138,2
2020-07-09 15:34:53.996,12138,12139,12138,1
2020-07-09 15:34:56.007,12137,12138,12138,1
2020-07-09 15:35:00.905,12137,12138,12137,3
2020-07-09 15:35:00.905,12137,12138,12137,2
2020-07-09 15:35:02.189,12136,12137,12136,3
2020-07-09 15:35:05.790,12136,12137,12136,1
2020-07-09 15:35:08.133,12136,12137,12136,1
2020-07-09 15:35:08.134,12136,12137,12136,5
2020-07-09 15:35:10.592,12135,12136,12135,4
2020-07-09 15:35:10.592,12135,12136,12135,14
2020-07-09 15:35:10.592,12135,12136,12135,1
2020-07-09 15:35:10.592,12135,12136,12135,2
2020-07-09 15:35:12.250,12134,12135,12135,1
2020-07-09 15:35:16.467,12134,12135,12135,4
2020-07-09 15:35:16.468,12134,12135,12135,4
2020-07-09 15:35:23.172,12134,12135,12135,1
2020-07-09 15:35:23.370,12134,12135,12134,1
2020-07-09 15:35:25.444,12134,12135,12135,1
2020-07-09 15:35:26.252,12134,12135,12135,1
2020-07-09 15:35:28.044,12134,12135,12135,2
2020-07-09 15:35:29.377,12135,12136,12135,1
2020-07-09 15:35:34.083,12135,12136,12135,2
2020-07-09 15:35:38.550,12135,12136,12135,1
2020-07-09 15:35:42.925,12135,12136,12135,2
2020-07-09 15:35:42.925,12135,12136,12135,1
2020-07-09 15:35:42.925,12135,12136,12135,4
2020-07-09 15:35:44.209,12134,12135,12135,1
2020-07-09 15:35:49.634,12134,12135,12134,6
2020-07-09 15:35:49.634,12134,12135,12134,12
2020-07-09 15:35:53.684,12135,12136,12135,1
2020-07-09 15:36:06.895,12135,12136,12136,3
2020-07-09 15:36:07.789,12135,12137,12136,1
2020-07-09 15:36:09.069,12136,12137,12136,1
2020-07-09 15:36:14.651,12135,12137,12136,1
2020-07-09 15:36:16.023,12136,12137,12136,1
2020-07-09 15:36:20.060,12136,12137,12136,1
2020-07-09 15:36:30.593,12136,12137,12136,1
2020-07-09 15:36:36.116,12136,12137,12136,1
2020-07-09 15:36:51.032,12135,12136,12135,1
2020-07-09 15:36:51.033,12135,12136,12135,4
2020-07-09 15:36:52.783,12134,12135,12134,6
2020-07-09 15:36:53.969,12133,12134,12134,1
2020-07-09 15:36:54.090,12133,12134,12134,2
2020-07-09 15:36:56.485,12133,12134,12134,1
2020-07-09 15:36:59.199,12133,12134,12133,1
2020-07-09 15:36:59.257,12133,12134,12133,5
2020-07-09 15:36:59.307,12133,12134,12133,1
2020-07-09 15:36:59.650,12133,12134,12134,1
2020-07-09 15:36:59.839,12133,12134,12133,1
2020-07-09 15:37:00.377,12133,12134,12133,2
2020-07-09 15:37:00.626,12133,12134,12133,1
2020-07-09 15:37:01.826,12132,12133,12133,1
2020-07-09 15:37:02.504,12132,12133,12132,1
2020-07-09 15:37:02.671,12132,12133,12132,1
2020-07-09 15:37:02.672,12132,12133,12132,1
2020-07-09 15:37:02.796,12132,12133,12132,1
2020-07-09 15:37:02.855,12132,12133,12132,1
2020-07-09 15:37:03.028,12132,12133,12132,2
2020-07-09 15:37:04.513,12132,12133,12132,1
2020-07-09 15:37:04.724,12132,12133,12133,1
2020-07-09 15:37:06.373,12132,12133,12132,1
2020-07-09 15:37:06.970,12132,12133,12133,1
2020-07-09 15:37:07.511,12132,12133,12132,1
2020-07-09 15:37:08.086,12132,12133,12132,1
2020-07-09 15:37:08.261,12132,12133,12132,1
2020-07-09 15:37:11.616,12132,12133,12132,1
2020-07-09 15:37:18.572,12132,12133,12132,1
2020-07-09 15:37:19.090,12132,12133,12132,1
2020-07-09 15:37:21.715,12132,12133,12132,1
2020-07-09 15:37:23.903,12132,12133,12132,7
2020-07-09 15:37:26.537,12132,12133,12132,7
2020-07-09 15:37:27.015,12132,12133,12133,1
2020-07-09 15:37:31.500,12132,12133,12133,8
2020-07-09 15:37:31.598,12132,12133,12133,1
2020-07-09 15:37:36.433,12133,12135,12133,1
2020-07-09 15:37:50.187,12133,12134,12133,7
2020-07-09 15:37:50.270,12133,12134,12133,1
2020-07-09 15:37:51.857,12133,12134,12133,1
2020-07-09 15:37:58.187,12133,12134,12133,6
2020-07-09 15:37:58.552,12133,12134,12133,1
2020-07-09 15:37:58.686,12133,12134,12134,5
2020-07-09 15:37:58.753,12133,12134,12134,1
2020-07-09 15:37:59.723,12133,12134,12134,4
2020-07-09 15:38:05.941,12134,12135,12135,2
2020-07-09 15:38:05.942,12134,12135,12135,1
2020-07-09 15:38:10.739,12134,12135,12134,2
2020-07-09 15:38:11.950,12133,12134,12134,2
2020-07-09 15:38:11.950,12133,12134,12134,1
2020-07-09 15:38:11.950,12133,12134,12134,2
2020-07-09 15:38:13.122,12134,12135,12135,1
2020-07-09 15:38:19.782,12134,12135,12135,1
2020-07-09 15:38:26.261,12134,12135,12135,1
2020-07-09 15:38:30.227,12134,12136,12135,2
2020-07-09 15:38:30.891,12135,12137,12135,1
2020-07-09 15:38:43.716,12135,12136,12135,1
2020-07-09 15:38:47.244,12135,12136,12136,2
2020-07-09 15:38:59.091,12135,12137,12135,1
2020-07-09 15:39:02.375,12135,12136,12135,5
2020-07-09 15:39:06.273,12135,12136,12136,1
2020-07-09 15:39:08.152,12136,12137,12137,2
2020-07-09 15:39:08.418,12137,12138,12138,1
2020-07-09 15:39:23.526,12137,12138,12138,7
2020-07-09 15:39:30.745,12138,12139,12138,1
2020-07-09 15:39:36.431,12138,12139,12139,1
2020-07-09 15:39:46.498,12138,12139,12139,3
2020-07-09 15:39:47.049,12139,12140,12139,1
2020-07-09 15:39:51.087,12139,12140,12139,1
2020-07-09 15:39:52.721,12138,12140,12140,20
2020-07-09 15:39:53.846,12139,12140,12139,5
2020-07-09 15:39:53.846,12139,12140,12139,3
2020-07-09 15:39:54.194,12138,12139,12138,4
2020-07-09 15:39:55.696,12138,12139,12139,1
2020-07-09 15:40:01.030,12138,12139,12139,1
2020-07-09 15:40:07.429,12138,12139,12139,1
2020-07-09 15:40:07.762,12138,12139,12139,1
2020-07-09 15:40:10.662,12138,12139,12139,2
2020-07-09 15:40:19.995,12139,12140,12139,2
2020-07-09 15:40:37.549,12138,12139,12139,1
2020-07-09 15:40:38.655,12138,12139,12139,2
2020-07-09 15:40:40.242,12138,12139,12139,1
2020-07-09 15:40:44.661,12138,12139,12138,9
2020-07-09 15:40:59.119,12138,12139,12138,1
2020-07-09 15:41:01.839,12138,12139,12138,1
2020-07-09 15:41:06.591,12137,12138,12137,4
2020-07-09 15:41:06.591,12137,12138,12137,3
2020-07-09 15:41:16.531,12137,12138,12138,1
2020-07-09 15:41:36.803,12138,12139,12139,4
2020-07-09 15:41:36.803,12138,12139,12139,6
2020-07-09 15:41:38.620,12139,12140,12140,1
2020-07-09 15:41:38.867,12139,12140,12140,1
2020-07-09 15:41:39.025,12139,12140,12140,1
2020-07-09 15:41:42.277,12139,12140,12139,4
2020-07-09 15:41:42.278,12139,12140,12139,1
2020-07-09 15:41:42.754,12138,12139,12139,1
2020-07-09 15:41:46.224,12138,12139,12139,3
2020-07-09 15:41:50.500,12138,12139,12139,1
2020-07-09 15:41:50.500,12138,12139,12140,4
2020-07-09 15:41:55.934,12138,12139,12139,14
2020-07-09 15:41:55.934,12138,12139,12140,19
2020-07-09 15:41:55.935,12138,12139,12139,1
2020-07-09 15:41:55.935,12138,12139,12139,1
2020-07-09 15:42:05.973,12139,12140,12139,1
2020-07-09 15:42:06.080,12139,12140,12139,2
2020-07-09 15:42:09.291,12138,12139,12139,1
2020-07-09 15:42:12.912,12138,12139,12138,4
2020-07-09 15:42:14.503,12137,12138,12138,1
2020-07-09 15:42:14.624,12137,12138,12138,1
2020-07-09 15:42:24.584,12137,12138,12137,5
2020-07-09 15:42:28.516,12137,12138,12138,4
2020-07-09 15:42:38.248,12138,12139,12139,1
2020-07-09 15:42:54.495,12138,12139,12139,2
2020-07-09 15:42:54.495,12138,12139,12139,1
2020-07-09 15:42:54.495,12138,12139,12139,5
2020-07-09 15:42:59.087,12139,12140,12139,2
2020-07-09 15:43:12.211,12138,12139,12138,2
2020-07-09 15:43:14.652,12138,12139,12138,1
2020-07-09 15:43:22.305,12138,12139,12138,1
2020-07-09 15:43:27.637,12138,12139,12138,1
2020-07-09 15:43:43.252,12137,12138,12137,3
2020-07-09 15:43:53.072,12137,12138,12137,10
2020-07-09 15:43:53.448,12137,12138,12137,1
2020-07-09 15:44:07.584,12137,12138,12137,1
2020-07-09 15:44:11.510,12137,12138,12138,1
2020-07-09 15:44:20.404,12137,12138,12138,1
2020-07-09 15:44:22.547,12137,12138,12138,1
2020-07-09 15:44:24.593,12137,12138,12138,1
2020-07-09 15:44:32.530,12138,12139,12139,12
2020-07-09 15:44:32.531,12138,12139,12139,1
2020-07-09 15:44:32.531,12138,12139,12139,2
2020-07-09 15:44:34.479,12139,12140,12139,1
2020-07-09 15:44:34.479,12139,12140,12138,4
2020-07-09 15:44:46.860,12139,12140,12139,1
2020-07-09 15:44:51.779,12138,12140,12140,1
2020-07-09 15:44:55.325,12138,12139,12139,1
2020-07-09 15:45:02.418,12138,12139,12139,1
2020-07-09 15:45:06.880,12138,12139,12138,1
2020-07-09 15:45:22.933,12138,12139,12139,1
2020-07-09 15:45:34.855,12139,12140,12139,4
2020-07-09 15:45:38.872,12138,12139,12139,1
2020-07-09 15:46:10.922,12139,12140,12140,2
2020-07-09 15:46:10.922,12139,12140,12140,14
2020-07-09 15:46:15.421,12140,12141,12140,1
2020-07-09 15:46:37.888,12140,12141,12140,6
2020-07-09 15:46:53.567,12139,12140,12139,4
2020-07-09 15:46:53.567,12139,12140,12139,1
2020-07-09 15:46:56.991,12138,12139,12138,2
2020-07-09 15:47:04.520,12137,12139,12139,1
2020-07-09 15:47:10.114,12139,12140,12139,1
2020-07-09 15:47:10.728,12138,12139,12138,2
2020-07-09 15:47:10.728,12138,12139,12138,2
2020-07-09 15:47:10.829,12138,12139,12137,2
2020-07-09 15:47:10.936,12137,12139,12137,4
2020-07-09 15:47:19.111,12137,12138,12137,4
2020-07-09 15:47:20.717,12136,12137,12136,16
2020-07-09 15:47:20.773,12135,12136,12135,1
2020-07-09 15:47:21.118,12135,12136,12135,1
2020-07-09 15:47:22.058,12135,12136,12136,2
2020-07-09 15:47:22.074,12135,12136,12136,1
2020-07-09 15:47:24.603,12135,12136,12135,9
2020-07-09 15:47:25.012,12134,12135,12135,2
2020-07-09 15:47:25.050,12134,12135,12135,1
2020-07-09 15:47:25.050,12134,12135,12135,1
2020-07-09 15:47:25.050,12134,12135,12135,1
2020-07-09 15:47:25.050,12134,12135,12135,4
2020-07-09 15:47:25.050,12134,12135,12135,3
2020-07-09 15:47:25.210,12135,12136,12135,1
2020-07-09 15:47:32.045,12134,12135,12134,1
2020-07-09 15:47:32.403,12134,12135,12135,1
2020-07-09 15:47:33.032,12135,12136,12135,1
2020-07-09 15:47:36.372,12135,12136,12136,1
2020-07-09 15:47:38.107,12136,12137,12136,1
2020-07-09 15:47:39.061,12136,12137,12136,1
2020-07-09 15:47:41.954,12136,12137,12136,1
2020-07-09 15:47:50.399,12136,12138,12136,1
2020-07-09 15:48:01.427,12137,12139,12138,1
2020-07-09 15:48:10.155,12138,12139,12139,2
2020-07-09 15:48:24.059,12139,12140,12140,4
2020-07-09 15:48:24.060,12139,12140,12140,1
2020-07-09 15:48:24.060,12139,12140,12140,5
2020-07-09 15:48:24.060,12139,12140,12140,5
2020-07-09 15:48:24.861,12140,12141,12140,3
2020-07-09 15:48:27.041,12140,12141,12140,2
2020-07-09 15:48:27.041,12140,12141,12140,1
2020-07-09 15:48:27.041,12140,12141,12140,5
2020-07-09 15:48:27.041,12140,12141,12140,1
2020-07-09 15:48:28.053,12139,12140,12140,1
2020-07-09 15:48:32.642,12139,12140,12140,1
2020-07-09 15:48:41.233,12140,12141,12140,1
2020-07-09 15:48:43.276,12139,12140,12139,5
2020-07-09 15:48:50.604,12138,12139,12139,3
2020-07-09 15:48:54.742,12138,12139,12139,1
2020-07-09 15:48:58.589,12138,12139,12139,1
2020-07-09 15:49:07.222,12139,12140,12140,2
2020-07-09 15:49:10.381,12139,12140,12140,1
2020-07-09 15:49:13.625,12139,12140,12139,1
2020-07-09 15:49:13.625,12139,12140,12139,2
2020-07-09 15:49:13.858,12138,12139,12138,2
2020-07-09 15:49:16.761,12137,12138,12137,3
2020-07-09 15:49:24.858,12137,12138,12137,1
2020-07-09 15:49:27.292,12137,12138,12137,2
2020-07-09 15:49:27.947,12136,12137,12136,1
2020-07-09 15:49:33.421,12135,12136,12136,1
2020-07-09 15:49:34.030,12135,12136,12135,15
2020-07-09 15:49:37.137,12135,12136,12136,1
2020-07-09 15:49:38.457,12134,12136,12135,1
2020-07-09 15:49:40.070,12134,12135,12135,1
2020-07-09 15:49:43.903,12134,12135,12135,1
2020-07-09 15:49:45.172,12134,12135,12134,7
2020-07-09 15:49:45.172,12134,12135,12134,4
2020-07-09 15:49:45.173,12134,12135,12134,7
2020-07-09 15:49:45.257,12133,12134,12133,1
2020-07-09 15:49:45.398,12133,12134,12133,5
2020-07-09 15:49:46.720,12133,12134,12134,1
2020-07-09 15:49:56.005,12136,12137,12137,3
2020-07-09 15:49:56.006,12136,12137,12137,1
2020-07-09 15:49:56.450,12136,12138,12136,1
2020-07-09 15:49:59.401,12136,12138,12136,1
2020-07-09 15:49:59.401,12136,12138,12136,1
2020-07-09 15:49:59.606,12135,12136,12135,1
2020-07-09 15:50:03.341,12137,12138,12138,2
2020-07-09 15:50:05.866,12137,12138,12137,1
2020-07-09 15:50:09.358,12137,12138,12138,1
2020-07-09 15:50:10.498,12138,12139,12138,1
2020-07-09 15:50:27.660,12138,12139,12138,1
2020-07-09 15:50:35.394,12138,12139,12138,1
2020-07-09 15:50:43.364,12137,12138,12137,2
2020-07-09 15:50:51.036,12137,12138,12137,4
2020-07-09 15:50:51.036,12137,12138,12137,1
2020-07-09 15:50:51.406,12136,12137,12137,2
2020-07-09 15:50:51.417,12136,12137,12137,1
2020-07-09 15:50:51.518,12137,12138,12137,1
2020-07-09 15:50:52.420,12136,12137,12137,1
2020-07-09 15:51:06.032,12137,12138,12137,1
2020-07-09 15:51:06.965,12137,12138,12137,7
2020-07-09 15:51:10.675,12137,12138,12137,1
2020-07-09 15:51:14.797,12136,12137,12137,1
2020-07-09 15:51:22.207,12136,12137,12137,1
2020-07-09 15:51:25.150,12136,12138,12136,1
2020-07-09 15:51:35.015,12137,12138,12137,2
2020-07-09 15:51:44.903,12136,12137,12136,1
2020-07-09 15:51:44.960,12136,12137,12137,3
2020-07-09 15:51:49.393,12137,12138,12137,2
2020-07-09 15:52:14.869,12136,12137,12137,1
2020-07-09 15:52:16.943,12137,12138,12138,4
2020-07-09 15:52:27.384,12138,12139,12139,8
2020-07-09 15:52:27.385,12138,12139,12139,1
2020-07-09 15:52:28.552,12139,12140,12139,1
2020-07-09 15:52:28.552,12139,12140,12138,2
2020-07-09 15:52:35.928,12138,12139,12138,5
2020-07-09 15:52:36.073,12138,12139,12139,1
2020-07-09 15:52:36.073,12138,12139,12139,1
2020-07-09 15:52:36.825,12139,12140,12139,1
2020-07-09 15:52:46.010,12139,12140,12140,4
2020-07-09 15:52:46.102,12139,12140,12140,1
2020-07-09 15:53:00.651,12140,12141,12141,2
2020-07-09 15:53:01.171,12140,12141,12140,1
2020-07-09 15:53:07.953,12140,12141,12141,1
2020-07-09 15:53:09.562,12140,12141,12141,1
2020-07-09 15:53:10.186,12140,12141,12141,1
2020-07-09 15:53:10.186,12140,12141,12141,3
2020-07-09 15:53:10.186,12140,12141,12141,5
2020-07-09 15:53:14.551,12141,12142,12141,1
2020-07-09 15:53:15.125,12140,12141,12141,2
2020-07-09 15:53:18.902,12141,12142,12141,1
2020-07-09 15:53:20.162,12141,12142,12141,2
2020-07-09 15:53:20.162,12141,12142,12141,8
2020-07-09 15:53:20.163,12141,12142,12141,2
2020-07-09 15:53:21.528,12140,12141,12141,1
2020-07-09 15:53:24.192,12140,12141,12140,1
2020-07-09 15:53:38.561,12140,12142,12140,10
2020-07-09 15:53:40.574,12140,12141,12140,2
2020-07-09 15:53:41.275,12140,12141,12140,2
2020-07-09 15:53:41.777,12139,12140,12140,1
2020-07-09 15:53:44.901,12139,12140,12140,1
2020-07-09 15:53:49.544,12139,12140,12140,1
2020-07-09 15:53:49.813,12139,12140,12140,2
2020-07-09 15:53:54.514,12139,12140,12140,1
2020-07-09 15:53:54.514,12139,12140,12140,2
2020-07-09 15:53:54.607,12140,12142,12141,1
2020-07-09 15:53:58.073,12141,12142,12141,1
2020-07-09 15:54:04.390,12141,12142,12142,12
2020-07-09 15:54:13.893,12141,12142,12142,1
2020-07-09 15:54:15.116,12141,12142,12142,1
2020-07-09 15:54:15.292,12141,12142,12142,1
2020-07-09 15:54:24.720,12141,12142,12142,2
2020-07-09 15:54:32.246,12141,12142,12141,1
2020-07-09 15:54:33.102,12141,12142,12141,1
2020-07-09 15:54:34.392,12141,12142,12141,2
2020-07-09 15:54:39.975,12141,12142,12141,1
2020-07-09 15:54:44.873,12141,12142,12141,1
2020-07-09 15:54:52.294,12141,12142,12141,1
2020-07-09 15:55:02.300,12141,12142,12142,2
2020-07-09 15:55:09.109,12141,12142,12142,1
2020-07-09 15:55:09.286,12141,12142,12142,1
2020-07-09 15:55:13.371,12141,12142,12142,1
2020-07-09 15:55:16.330,12141,12142,12141,2
2020-07-09 15:55:16.330,12141,12142,12141,1
2020-07-09 15:55:30.051,12141,12142,12141,1
2020-07-09 15:55:34.560,12141,12142,12142,1
2020-07-09 15:55:37.604,12141,12142,12142,5
2020-07-09 15:55:39.850,12141,12142,12142,1
2020-07-09 15:55:59.628,12141,12142,12142,4
2020-07-09 15:56:01.836,12141,12143,12143,9
2020-07-09 15:56:02.080,12142,12143,12142,2
2020-07-09 15:56:07.517,12142,12143,12143,1
2020-07-09 15:56:07.517,12142,12143,12143,5
2020-07-09 15:56:08.905,12142,12144,12142,1
2020-07-09 15:56:22.897,12142,12143,12143,1
2020-07-09 15:56:33.733,12143,12144,12143,5
2020-07-09 15:56:34.176,12143,12144,12143,4
2020-07-09 15:56:35.261,12142,12143,12143,1
2020-07-09 15:56:37.218,12142,12144,12144,5
2020-07-09 15:56:37.218,12142,12144,12144,5
2020-07-09 15:56:37.219,12142,12144,12144,2
2020-07-09 15:56:37.219,12142,12144,12144,1
2020-07-09 15:56:37.432,12144,12145,12145,1
2020-07-09 15:56:38.008,12144,12145,12145,1
2020-07-09 15:56:38.339,12144,12145,12144,5
2020-07-09 15:56:38.584,12144,12145,12144,5
2020-07-09 15:56:38.674,12144,12145,12145,1
2020-07-09 15:56:38.970,12144,12145,12145,17
2020-07-09 15:56:38.970,12144,12145,12145,6
2020-07-09 15:56:39.317,12145,12146,12145,1
2020-07-09 15:56:39.366,12145,12146,12145,5
2020-07-09 15:56:42.775,12145,12146,12146,2
2020-07-09 15:56:43.502,12145,12146,12146,5
2020-07-09 15:56:43.606,12145,12146,12146,1
2020-07-09 15:56:43.744,12145,12146,12145,1
2020-07-09 15:56:44.173,12145,12146,12146,5
2020-07-09 15:56:45.118,12145,12146,12146,7
2020-07-09 15:56:46.215,12146,12147,12146,3
2020-07-09 15:56:46.501,12146,12147,12147,3
2020-07-09 15:56:46.501,12146,12147,12147,1
2020-07-09 15:56:46.941,12146,12147,12147,9
2020-07-09 15:56:47.822,12146,12148,12146,1
2020-07-09 15:56:47.905,12146,12147,12147,4
2020-07-09 15:56:47.906,12146,12147,12147,1
2020-07-09 15:56:48.753,12146,12147,12147,3
2020-07-09 15:56:49.814,12146,12147,12146,1
2020-07-09 15:56:53.252,12146,12147,12147,5
2020-07-09 15:56:53.342,12146,12147,12147,1
2020-07-09 15:56:55.488,12146,12147,12147,2
2020-07-09 15:56:58.634,12146,12147,12147,2
2020-07-09 15:57:00.563,12146,12147,12147,2
2020-07-09 15:57:00.573,12146,12147,12147,1
2020-07-09 15:57:01.482,12147,12148,12147,2
2020-07-09 15:57:04.270,12147,12148,12147,1
2020-07-09 15:57:06.321,12147,12148,12148,1
2020-07-09 15:57:06.411,12147,12148,12148,1
2020-07-09 15:57:06.456,12147,12148,12147,1
2020-07-09 15:57:06.518,12147,12148,12148,1
2020-07-09 15:57:07.444,12147,12148,12148,1
2020-07-09 15:57:07.580,12147,12148,12148,1
2020-07-09 15:57:07.632,12147,12148,12148,1
2020-07-09 15:57:07.643,12147,12148,12149,1
2020-07-09 15:57:08.024,12148,12149,12148,9
2020-07-09 15:57:08.640,12147,12148,12148,5
2020-07-09 15:57:08.816,12147,12148,12148,1
2020-07-09 15:57:09.593,12147,12149,12149,25
2020-07-09 15:57:12.220,12148,12149,12149,1
2020-07-09 15:57:13.883,12148,12149,12148,1
2020-07-09 15:57:15.510,12148,12149,12149,1
2020-07-09 15:57:16.013,12148,12149,12149,2
2020-07-09 15:57:16.782,12148,12149,12149,1
2020-07-09 15:57:17.859,12148,12149,12148,3
2020-07-09 15:57:18.846,12148,12149,12149,1
2020-07-09 15:57:19.361,12148,12149,12149,1
2020-07-09 15:57:19.771,12148,12149,12149,1
2020-07-09 15:57:20.409,12148,12149,12148,1
2020-07-09 15:57:23.719,12148,12149,12148,1
2020-07-09 15:57:28.307,12148,12149,12148,1
2020-07-09 15:57:34.877,12148,12149,12148,1
2020-07-09 15:57:39.742,12147,12148,12148,1
2020-07-09 15:57:40.438,12147,12148,12148,1
2020-07-09 15:57:40.438,12147,12148,12148,2
2020-07-09 15:57:45.096,12147,12148,12147,1
2020-07-09 15:57:45.913,12147,12148,12148,1
2020-07-09 15:57:47.294,12147,12148,12148,2
2020-07-09 15:57:50.849,12147,12149,12147,1
2020-07-09 15:57:51.585,12147,12149,12149,4
2020-07-09 15:57:52.190,12147,12149,12148,1
2020-07-09 15:57:53.108,12147,12148,12148,1
2020-07-09 15:57:58.020,12147,12148,12148,1
2020-07-09 15:58:02.584,12147,12149,12147,1
2020-07-09 15:58:05.018,12147,12148,12148,1
2020-07-09 15:58:12.374,12147,12148,12148,1
2020-07-09 15:58:21.053,12148,12149,12149,6
2020-07-09 15:58:24.750,12148,12149,12149,8
2020-07-09 15:58:32.780,12149,12150,12150,2
2020-07-09 15:58:32.908,12149,12150,12150,1
2020-07-09 15:58:32.916,12149,12150,12150,1
2020-07-09 15:58:34.475,12149,12150,12149,2
2020-07-09 15:58:35.342,12149,12150,12150,1
2020-07-09 15:58:35.359,12149,12150,12149,2
2020-07-09 15:58:36.231,12149,12150,12150,1
2020-07-09 15:58:38.299,12149,12150,12150,1
2020-07-09 15:58:39.171,12149,12150,12150,1
2020-07-09 15:58:39.382,12149,12150,12149,1
2020-07-09 15:58:43.992,12149,12150,12150,1
2020-07-09 15:58:46.154,12149,12150,12149,1
2020-07-09 15:58:46.495,12149,12150,12149,1
2020-07-09 15:58:46.619,12149,12150,12150,1
2020-07-09 15:58:48.453,12149,12150,12150,3
2020-07-09 15:58:49.142,12149,12150,12150,3
2020-07-09 15:58:56.813,12149,12150,12150,1
2020-07-09 15:58:57.794,12149,12150,12150,1
2020-07-09 15:58:59.973,12149,12150,12149,1
2020-07-09 15:59:00.115,12149,12150,12150,1
2020-07-09 15:59:02.359,12149,12150,12150,4
2020-07-09 15:59:03.249,12149,12150,12150,4
2020-07-09 15:59:03.249,12149,12150,12150,2
2020-07-09 15:59:03.249,12149,12150,12150,7
2020-07-09 15:59:03.393,12150,12151,12150,1
2020-07-09 15:59:07.577,12150,12151,12150,1
2020-07-09 15:59:10.055,12150,12151,12151,19
2020-07-09 15:59:10.055,12150,12151,12152,14
2020-07-09 15:59:10.322,12151,12152,12152,1
2020-07-09 15:59:10.358,12151,12152,12152,1
2020-07-09 15:59:10.380,12151,12152,12152,1
2020-07-09 15:59:10.449,12151,12152,12152,1
2020-07-09 15:59:12.181,12152,12153,12153,4
2020-07-09 15:59:12.264,12152,12153,12153,1
2020-07-09 15:59:12.978,12152,12153,12152,1
2020-07-09 15:59:12.985,12152,12153,12153,1
2020-07-09 15:59:13.060,12152,12153,12153,1
2020-07-09 15:59:13.284,12152,12153,12153,1
2020-07-09 15:59:15.876,12152,12153,12152,1
2020-07-09 15:59:18.051,12152,12153,12153,1
2020-07-09 15:59:19.526,12152,12153,12152,1
2020-07-09 15:59:21.246,12152,12153,12152,6
2020-07-09 15:59:21.994,12152,12153,12152,1
2020-07-09 15:59:22.188,12152,12153,12152,1
2020-07-09 15:59:23.431,12152,12153,12152,1
2020-07-09 15:59:28.548,12152,12153,12152,1
2020-07-09 15:59:29.633,12152,12153,12152,3
2020-07-09 15:59:29.649,12152,12153,12152,3
2020-07-09 15:59:30.521,12151,12153,12152,1
2020-07-09 15:59:31.025,12151,12153,12151,1
2020-07-09 15:59:35.217,12151,12152,12151,1
2020-07-09 15:59:37.382,12151,12152,12151,1
2020-07-09 15:59:39.278,12151,12152,12151,1
2020-07-09 15:59:39.278,12151,12152,12151,4
2020-07-09 15:59:39.278,12151,12152,12151,2
2020-07-09 15:59:39.278,12151,12152,12151,2
2020-07-09 15:59:39.278,12151,12152,12151,14
2020-07-09 15:59:39.466,12150,12151,12150,1
2020-07-09 15:59:39.496,12150,12151,12150,1
2020-07-09 15:59:39.502,12150,12151,12150,3
2020-07-09 15:59:39.838,12150,12151,12151,1
2020-07-09 15:59:40.402,12151,12152,12151,1
2020-07-09 15:59:40.937,12151,12152,12151,1
2020-07-09 15:59:48.118,12150,12151,12151,2
2020-07-09 15:59:49.084,12151,12152,12151,1
2020-07-09 15:59:51.172,12150,12151,12151,1
2020-07-09 15:59:52.373,12150,12151,12150,2
2020-07-09 15:59:57.319,12150,12151,12151,2
2020-07-09 15:59:57.387,12150,12151,12150,9
2020-07-09 16:00:00.670,12150,12151,12151,1
2020-07-09 16:00:03.039,12149,12150,12150,1
2020-07-09 16:00:05.950,12149,12150,12149,1
2020-07-09 16:00:05.959,12149,12150,12150,1
2020-07-09 16:00:06.260,12149,12150,12150,1
2020-07-09 16:00:08.192,12149,12150,12149,2
2020-07-09 16:00:11.829,12149,12150,12150,1
2020-07-09 16:00:15.612,12149,12150,12149,1
2020-07-09 16:00:15.612,12149,12150,12149,5
2020-07-09 16:00:17.373,12148,12149,12149,1
2020-07-09 16:00:17.840,12148,12149,12148,3
2020-07-09 16:00:17.840,12148,12149,12147,3
2020-07-09 16:00:19.030,12147,12149,12148,1
2020-07-09 16:00:20.139,12147,12148,12148,1
2020-07-09 16:00:20.139,12147,12148,12148,1
2020-07-09 16:00:20.139,12147,12148,12148,1
2020-07-09 16:00:20.139,12147,12148,12148,1
2020-07-09 16:00:20.579,12148,12149,12149,1
2020-07-09 16:00:21.288,12148,12149,12149,3
2020-07-09 16:00:21.288,12148,12149,12150,2
2020-07-09 16:00:22.759,12149,12150,12149,3
2020-07-09 16:00:25.887,12148,12149,12148,3
2020-07-09 16:00:28.990,12148,12149,12149,2
2020-07-09 16:00:34.229,12148,12149,12148,1
2020-07-09 16:00:35.258,12148,12149,12148,24
2020-07-09 16:00:35.579,12147,12148,12147,1
2020-07-09 16:00:35.636,12147,12148,12148,1
2020-07-09 16:00:37.974,12148,12149,12149,1
2020-07-09 16:00:38.176,12148,12149,12148,2
2020-07-09 16:00:42.789,12148,12149,12148,1
2020-07-09 16:00:48.965,12148,12149,12148,2
2020-07-09 16:00:52.382,12147,12149,12147,4
2020-07-09 16:00:55.077,12147,12149,12147,4
2020-07-09 16:00:57.804,12147,12149,12149,5
2020-07-09 16:01:01.153,12147,12148,12148,1
2020-07-09 16:01:02.170,12148,12149,12149,3
2020-07-09 16:01:09.360,12148,12149,12148,1
2020-07-09 16:01:15.134,12148,12149,12149,1
2020-07-09 16:01:17.120,12148,12149,12149,2
2020-07-09 16:01:28.473,12149,12150,12149,1
2020-07-09 16:01:34.600,12149,12150,12149,1
2020-07-09 16:01:36.680,12149,12150,12150,1
2020-07-09 16:01:43.542,12149,12150,12150,1
2020-07-09 16:01:44.574,12149,12150,12150,1
2020-07-09 16:01:50.712,12149,12150,12149,1
2020-07-09 16:01:50.775,12149,12150,12149,2
2020-07-09 16:01:54.432,12149,12150,12150,2
2020-07-09 16:01:54.433,12149,12150,12150,2
2020-07-09 16:01:54.433,12149,12150,12150,7
2020-07-09 16:02:01.323,12150,12151,12150,1
2020-07-09 16:02:05.384,12150,12151,12151,4
2020-07-09 16:02:05.384,12150,12151,12151,2
2020-07-09 16:02:07.166,12151,12152,12151,3
2020-07-09 16:02:07.925,12150,12151,12151,1
2020-07-09 16:02:09.826,12150,12151,12151,5
2020-07-09 16:02:10.924,12150,12151,12150,2
2020-07-09 16:02:15.218,12150,12151,12150,2
2020-07-09 16:02:16.094,12150,12151,12150,3
2020-07-09 16:02:16.283,12150,12151,12151,1
2020-07-09 16:02:17.451,12150,12151,12150,4
2020-07-09 16:02:17.451,12150,12151,12150,1
2020-07-09 16:02:17.834,12149,12150,12149,3
2020-07-09 16:02:29.231,12150,12151,12151,1
2020-07-09 16:02:31.927,12150,12151,12151,5
2020-07-09 16:02:32.132,12150,12151,12151,5
2020-07-09 16:02:34.528,12150,12151,12151,5
2020-07-09 16:02:34.528,12150,12151,12151,7
2020-07-09 16:02:35.397,12151,12152,12152,2
2020-07-09 16:02:37.396,12151,12152,12151,1
2020-07-09 16:02:38.252,12150,12152,12151,1
2020-07-09 16:02:41.680,12150,12151,12151,1
2020-07-09 16:02:44.388,12151,12152,12151,2
2020-07-09 16:02:48.180,12150,12151,12151,4
2020-07-09 16:02:51.971,12151,12152,12152,2
2020-07-09 16:02:51.979,12151,12152,12152,7
2020-07-09 16:02:56.108,12151,12153,12151,1
2020-07-09 16:02:58.422,12152,12153,12153,1
2020-07-09 16:02:58.541,12151,12153,12153,2
2020-07-09 16:02:58.548,12151,12153,12153,1
2020-07-09 16:02:59.213,12151,12153,12153,1
2020-07-09 16:02:59.229,12152,12153,12153,1
2020-07-09 16:03:10.465,12152,12153,12152,1
2020-07-09 16:03:11.632,12152,12153,12153,1
2020-07-09 16:03:17.766,12152,12153,12152,1
2020-07-09 16:03:21.017,12152,12153,12152,1
2020-07-09 16:03:21.054,12152,12153,12152,2
2020-07-09 16:03:22.056,12151,12152,12152,7
2020-07-09 16:03:22.291,12151,12152,12152,1
2020-07-09 16:03:24.288,12151,12152,12151,18
2020-07-09 16:03:24.523,12150,12151,12151,2
2020-07-09 16:03:24.605,12150,12151,12151,1
2020-07-09 16:03:25.317,12150,12151,12151,5
2020-07-09 16:03:27.484,12150,12151,12150,1
2020-07-09 16:03:27.581,12150,12151,12150,1
2020-07-09 16:03:27.695,12150,12151,12150,1
2020-07-09 16:03:33.997,12150,12151,12151,1
2020-07-09 16:03:37.647,12150,12151,12151,1
2020-07-09 16:03:45.823,12150,12151,12151,4
2020-07-09 16:03:46.042,12151,12152,12151,1
2020-07-09 16:03:47.748,12151,12152,12152,1
2020-07-09 16:03:51.222,12152,12153,12152,3
2020-07-09 16:03:52.995,12151,12152,12152,2
2020-07-09 16:03:55.390,12151,12152,12152,1
2020-07-09 16:03:58.936,12151,12152,12152,1
2020-07-09 16:03:59.876,12151,12152,12152,13
2020-07-09 16:03:59.877,12151,12152,12152,1
2020-07-09 16:03:59.877,12151,12152,12152,1
2020-07-09 16:04:02.867,12151,12152,12152,1
2020-07-09 16:04:02.984,12152,12153,12152,1
2020-07-09 16:04:03.267,12151,12153,12153,4
2020-07-09 16:04:03.267,12151,12153,12153,2
2020-07-09 16:04:05.748,12152,12153,12153,2
2020-07-09 16:04:10.838,12152,12153,12152,6
2020-07-09 16:04:18.772,12151,12152,12151,1
2020-07-09 16:04:21.426,12151,12152,12152,2
2020-07-09 16:04:24.773,12151,12152,12152,3
2020-07-09 16:04:26.696,12152,12153,12153,4
2020-07-09 16:04:26.696,12152,12153,12153,2
2020-07-09 16:04:26.696,12152,12153,12153,20
2020-07-09 16:04:26.738,12153,12154,12154,2
2020-07-09 16:04:26.887,12153,12154,12154,4
2020-07-09 16:04:26.887,12153,12154,12154,5
2020-07-09 16:04:26.925,12153,12154,12154,1
2020-07-09 16:04:27.027,12153,12154,12154,3
2020-07-09 16:04:27.028,12153,12154,12154,2
2020-07-09 16:04:27.668,12153,12155,12153,2
2020-07-09 16:04:27.669,12153,12155,12154,1
2020-07-09 16:04:40.253,12154,12155,12155,1
2020-07-09 16:04:40.372,12154,12155,12155,1
2020-07-09 16:04:40.393,12154,12155,12155,1
2020-07-09 16:04:41.007,12154,12155,12155,1
2020-07-09 16:04:41.007,12154,12155,12155,4
2020-07-09 16:04:41.007,12154,12155,12155,4
2020-07-09 16:04:41.007,12154,12155,12155,2
2020-07-09 16:04:41.007,12154,12155,12155,4
2020-07-09 16:04:41.007,12154,12155,12155,7
2020-07-09 16:04:41.008,12154,12155,12155,4
2020-07-09 16:04:41.514,12155,12156,12155,2
2020-07-09 16:04:41.514,12155,12156,12155,2
2020-07-09 16:04:41.514,12155,12156,12155,1
2020-07-09 16:04:43.493,12154,12155,12155,2
2020-07-09 16:04:43.622,12154,12155,12155,1
2020-07-09 16:04:43.622,12154,12155,12156,1
2020-07-09 16:04:43.735,12154,12155,12155,1
2020-07-09 16:04:43.735,12154,12155,12156,1
2020-07-09 16:04:46.387,12155,12156,12156,1
2020-07-09 16:04:49.514,12155,12156,12156,6
2020-07-09 16:04:49.514,12155,12156,12156,2
2020-07-09 16:04:49.514,12155,12156,12156,4
2020-07-09 16:04:49.514,12155,12156,12156,2
2020-07-09 16:04:49.515,12155,12156,12156,1
2020-07-09 16:04:49.515,12155,12156,12156,2
2020-07-09 16:04:50.275,12156,12157,12156,1
2020-07-09 16:04:52.639,12156,12157,12157,1
2020-07-09 16:04:52.730,12156,12157,12157,2
2020-07-09 16:04:53.149,12156,12157,12156,1
2020-07-09 16:04:55.442,12156,12157,12156,1
2020-07-09 16:04:55.947,12156,12157,12157,2
2020-07-09 16:04:55.947,12156,12157,12157,7
2020-07-09 16:04:57.557,12157,12158,12157,2
2020-07-09 16:04:57.846,12156,12157,12156,1
2020-07-09 16:04:59.986,12156,12157,12157,1
2020-07-09 16:05:00.620,12156,12157,12157,1
2020-07-09 16:05:02.072,12156,12157,12157,1
2020-07-09 16:05:02.696,12156,12158,12157,1
2020-07-09 16:05:02.934,12157,12158,12158,1
2020-07-09 16:05:03.840,12157,12158,12158,1
2020-07-09 16:05:04.283,12157,12158,12158,12
2020-07-09 16:05:08.663,12158,12159,12158,1
2020-07-09 16:05:08.663,12158,12159,12158,4
2020-07-09 16:05:10.270,12157,12158,12158,1
2020-07-09 16:05:11.299,12157,12158,12158,1
2020-07-09 16:05:11.435,12158,12159,12159,5
2020-07-09 16:05:11.929,12158,12159,12159,15
2020-07-09 16:05:13.832,12158,12159,12159,1
2020-07-09 16:05:15.361,12158,12159,12158,5
2020-07-09 16:05:15.759,12158,12159,12159,5
2020-07-09 16:05:16.172,12158,12159,12158,1
2020-07-09 16:05:18.171,12158,12159,12159,10
2020-07-09 16:05:18.704,12158,12159,12159,5
2020-07-09 16:05:20.131,12158,12159,12159,1
2020-07-09 16:05:20.497,12158,12159,12159,2
2020-07-09 16:05:21.809,12158,12160,12160,2
2020-07-09 16:05:21.991,12158,12160,12160,4
2020-07-09 16:05:22.073,12158,12160,12160,2
2020-07-09 16:05:22.263,12158,12160,12158,1
2020-07-09 16:05:23.109,12159,12160,12159,1
2020-07-09 16:05:23.576,12158,12160,12160,3
2020-07-09 16:05:26.251,12158,12159,12159,1
2020-07-09 16:05:26.427,12158,12159,12159,2
2020-07-09 16:05:26.427,12158,12159,12160,1
2020-07-09 16:05:28.531,12159,12160,12159,1
2020-07-09 16:05:30.117,12158,12159,12158,9
2020-07-09 16:05:30.122,12158,12159,12158,4
2020-07-09 16:05:30.477,12157,12158,12158,1
2020-07-09 16:05:30.838,12157,12158,12158,3
2020-07-09 16:05:32.552,12157,12158,12157,1
2020-07-09 16:05:33.078,12157,12158,12158,5
2020-07-09 16:05:35.551,12157,12158,12158,2
2020-07-09 16:05:35.926,12157,12158,12158,1
2020-07-09 16:05:36.140,12157,12158,12158,1
2020-07-09 16:05:36.289,12157,12158,12158,3
2020-07-09 16:05:36.326,12157,12158,12158,3
2020-07-09 16:05:37.125,12157,12159,12159,3
2020-07-09 16:05:38.937,12157,12159,12157,1
2020-07-09 16:05:40.556,12157,12158,12158,4
2020-07-09 16:05:41.248,12157,12158,12158,1
2020-07-09 16:05:46.612,12157,12158,12158,5
2020-07-09 16:05:47.070,12157,12158,12157,1
2020-07-09 16:05:49.312,12157,12158,12158,1
2020-07-09 16:05:50.220,12157,12158,12158,1
2020-07-09 16:05:52.122,12157,12158,12157,1
2020-07-09 16:05:52.236,12157,12158,12157,6
2020-07-09 16:05:53.425,12156,12157,12156,1
2020-07-09 16:05:53.838,12156,12157,12157,5
2020-07-09 16:05:54.026,12156,12158,12157,1
2020-07-09 16:05:54.026,12156,12158,12156,4
2020-07-09 16:05:55.438,12156,12157,12157,1
2020-07-09 16:06:01.039,12156,12157,12156,1
2020-07-09 16:06:01.855,12156,12157,12157,1
2020-07-09 16:06:01.856,12156,12157,12157,2
2020-07-09 16:06:02.163,12156,12157,12156,6
2020-07-09 16:06:03.580,12156,12157,12156,2
2020-07-09 16:06:03.580,12156,12157,12156,5
2020-07-09 16:06:03.580,12156,12157,12156,3
2020-07-09 16:06:04.283,12155,12156,12156,3
2020-07-09 16:06:05.097,12156,12157,12156,1
2020-07-09 16:06:05.755,12155,12156,12155,1
2020-07-09 16:06:06.674,12155,12156,12155,2
2020-07-09 16:06:08.215,12155,12156,12156,1
2020-07-09 16:06:08.869,12155,12156,12156,1
2020-07-09 16:06:10.684,12155,12156,12155,1
2020-07-09 16:06:11.869,12155,12156,12156,1
2020-07-09 16:06:21.451,12155,12156,12156,1
2020-07-09 16:06:22.139,12155,12156,12156,1
2020-07-09 16:06:29.066,12155,12156,12156,1
2020-07-09 16:06:31.596,12155,12156,12156,1
2020-07-09 16:06:34.458,12156,12157,12156,1
2020-07-09 16:06:35.719,12156,12157,12156,5
2020-07-09 16:06:36.311,12156,12157,12156,5
2020-07-09 16:06:38.821,12155,12156,12156,1
2020-07-09 16:06:42.550,12155,12156,12156,1
2020-07-09 16:06:45.857,12156,12157,12156,1
2020-07-09 16:06:46.642,12156,12157,12157,2
2020-07-09 16:06:50.360,12156,12157,12156,10
2020-07-09 16:06:50.360,12156,12157,12155,46
2020-07-09 16:06:50.360,12156,12157,12154,10
2020-07-09 16:06:50.362,12156,12157,12155,1
2020-07-09 16:06:50.362,12156,12157,12155,1
2020-07-09 16:06:51.408,12154,12155,12155,1
2020-07-09 16:06:52.964,12155,12156,12155,1
2020-07-09 16:06:56.918,12155,12156,12156,1
2020-07-09 16:07:01.263,12155,12156,12155,1
2020-07-09 16:07:01.467,12155,12156,12155,5
2020-07-09 16:07:02.314,12155,12156,12156,4
2020-07-09 16:07:06.796,12155,12156,12156,1
2020-07-09 16:07:09.345,12155,12156,12156,5
2020-07-09 16:07:22.106,12155,12156,12156,1
2020-07-09 16:07:22.106,12155,12156,12156,1
2020-07-09 16:07:22.107,12155,12156,12156,1
2020-07-09 16:07:23.278,12155,12156,12156,3
2020-07-09 16:07:26.394,12155,12156,12156,3
2020-07-09 16:07:28.613,12155,12156,12156,1
2020-07-09 16:07:31.040,12155,12156,12156,1
2020-07-09 16:07:33.680,12155,12156,12155,2
2020-07-09 16:07:33.783,12155,12156,12156,1
2020-07-09 16:07:38.613,12155,12156,12156,1
2020-07-09 16:07:46.339,12155,12156,12155,9
2020-07-09 16:07:48.392,12154,12155,12155,1
2020-07-09 16:07:48.587,12155,12156,12155,2
2020-07-09 16:07:53.162,12155,12156,12155,1
2020-07-09 16:07:56.198,12155,12156,12155,1
2020-07-09 16:07:56.774,12155,12156,12155,1
2020-07-09 16:07:57.533,12154,12155,12155,1
2020-07-09 16:07:58.259,12155,12156,12155,1
2020-07-09 16:07:58.746,12155,12156,12156,1
2020-07-09 16:07:59.200,12155,12156,12156,1
2020-07-09 16:07:59.238,12155,12156,12156,2
2020-07-09 16:08:00.157,12156,12157,12157,1
2020-07-09 16:08:00.232,12156,12157,12157,2
2020-07-09 16:08:00.232,12156,12157,12157,2
2020-07-09 16:08:00.419,12157,12158,12158,1
2020-07-09 16:08:00.420,12157,12158,12158,2
2020-07-09 16:08:00.632,12158,12159,12159,4
2020-07-09 16:08:01.485,12158,12159,12159,4
2020-07-09 16:08:01.601,12158,12159,12160,2
2020-07-09 16:08:02.983,12159,12160,12160,1
2020-07-09 16:08:03.277,12159,12160,12159,1
2020-07-09 16:08:07.184,12159,12160,12159,1
2020-07-09 16:08:08.175,12159,12160,12159,1
2020-07-09 16:08:08.407,12159,12160,12159,1
2020-07-09 16:08:16.197,12159,12160,12160,1
2020-07-09 16:08:16.197,12159,12160,12160,4
2020-07-09 16:08:16.197,12159,12160,12160,12
2020-07-09 16:08:16.197,12159,12160,12160,9
2020-07-09 16:08:16.197,12159,12160,12160,2
2020-07-09 16:08:16.274,12160,12161,12161,5
2020-07-09 16:08:16.532,12160,12162,12162,1
2020-07-09 16:08:17.512,12160,12162,12162,1
2020-07-09 16:08:17.767,12160,12162,12160,1
2020-07-09 16:08:22.729,12161,12162,12162,8
2020-07-09 16:08:22.729,12161,12162,12163,17
2020-07-09 16:08:23.286,12162,12163,12163,1
2020-07-09 16:08:23.308,12162,12163,12164,2
2020-07-09 16:08:23.491,12162,12164,12164,1
2020-07-09 16:08:23.771,12162,12164,12164,4
2020-07-09 16:08:24.276,12162,12164,12164,1
2020-07-09 16:08:26.548,12163,12164,12164,1
2020-07-09 16:08:27.812,12163,12164,12164,4
2020-07-09 16:08:29.601,12163,12164,12163,4
2020-07-09 16:08:29.602,12163,12164,12163,3
2020-07-09 16:08:29.602,12163,12164,12163,2
2020-07-09 16:08:29.624,12162,12163,12163,3
2020-07-09 16:08:29.796,12162,12163,12163,4
2020-07-09 16:08:31.741,12162,12163,12163,2
2020-07-09 16:08:32.109,12162,12163,12162,2
2020-07-09 16:08:32.109,12162,12163,12161,1
2020-07-09 16:08:33.287,12161,12162,12162,1
2020-07-09 16:08:33.707,12161,12163,12163,1
2020-07-09 16:08:33.924,12161,12162,12161,1
2020-07-09 16:08:34.247,12161,12162,12162,5
2020-07-09 16:08:35.031,12161,12162,12162,5
2020-07-09 16:08:35.296,12161,12163,12163,5
2020-07-09 16:08:35.489,12161,12163,12163,5
2020-07-09 16:08:35.906,12161,12163,12163,5
2020-07-09 16:08:35.924,12161,12163,12161,1
2020-07-09 16:08:36.118,12161,12162,12162,5
2020-07-09 16:08:36.263,12161,12163,12163,1
2020-07-09 16:08:36.301,12161,12163,12163,5
2020-07-09 16:08:36.318,12161,12163,12163,5
2020-07-09 16:08:38.691,12161,12162,12162,2
2020-07-09 16:08:38.944,12161,12162,12161,1
2020-07-09 16:08:39.962,12160,12162,12162,1
2020-07-09 16:08:42.428,12160,12161,12160,1
2020-07-09 16:08:42.972,12160,12161,12160,12
2020-07-09 16:08:44.002,12159,12160,12160,1
2020-07-09 16:08:46.898,12159,12160,12159,1
2020-07-09 16:08:49.097,12159,12160,12160,1
2020-07-09 16:08:57.323,12160,12161,12160,1
2020-07-09 16:08:58.637,12160,12161,12161,1
2020-07-09 16:08:59.418,12160,12161,12160,1
2020-07-09 16:08:59.890,12160,12161,12161,1
2020-07-09 16:09:01.692,12160,12161,12160,5
2020-07-09 16:09:02.587,12160,12161,12161,1
2020-07-09 16:09:03.362,12161,12162,12162,5
2020-07-09 16:09:04.191,12161,12162,12161,3
2020-07-09 16:09:04.446,12160,12161,12161,5
2020-07-09 16:09:12.091,12160,12161,12161,2
2020-07-09 16:09:12.736,12160,12161,12160,15
2020-07-09 16:09:14.954,12159,12160,12159,7
2020-07-09 16:09:17.874,12158,12160,12160,2
2020-07-09 16:09:26.526,12159,12160,12160,1
2020-07-09 16:09:28.389,12159,12160,12160,1
2020-07-09 16:09:28.923,12159,12160,12159,4
2020-07-09 16:09:32.173,12159,12160,12159,1
2020-07-09 16:09:34.338,12159,12160,12160,3
2020-07-09 16:09:40.388,12160,12161,12160,7
2020-07-09 16:09:44.451,12159,12160,12160,2
2020-07-09 16:09:45.107,12159,12160,12160,1
2020-07-09 16:10:02.263,12159,12160,12160,6
2020-07-09 16:10:02.553,12159,12160,12159,4
2020-07-09 16:10:09.044,12159,12160,12160,2
2020-07-09 16:10:09.741,12159,12160,12160,1
2020-07-09 16:10:09.853,12159,12160,12159,1
2020-07-09 16:10:14.564,12159,12160,12159,2
2020-07-09 16:10:17.928,12159,12160,12159,1
2020-07-09 16:10:18.050,12159,12160,12159,4
2020-07-09 16:10:22.213,12158,12159,12159,9
2020-07-09 16:10:22.379,12158,12159,12159,1
2020-07-09 16:10:24.190,12158,12159,12159,1
2020-07-09 16:10:24.670,12158,12159,12158,3
2020-07-09 16:10:24.671,12158,12159,12158,3
2020-07-09 16:10:27.935,12157,12158,12158,1
2020-07-09 16:10:29.366,12157,12158,12158,1
2020-07-09 16:10:34.359,12157,12158,12157,1
2020-07-09 16:10:47.145,12156,12158,12158,1
2020-07-09 16:10:50.654,12156,12157,12157,2
2020-07-09 16:10:57.248,12157,12158,12157,1
2020-07-09 16:11:00.540,12157,12158,12157,2
2020-07-09 16:11:00.541,12157,12158,12157,1
2020-07-09 16:11:00.541,12157,12158,12157,2
2020-07-09 16:11:00.541,12157,12158,12157,2
2020-07-09 16:11:00.756,12156,12157,12157,2
2020-07-09 16:11:02.172,12156,12157,12157,1
2020-07-09 16:11:05.130,12156,12158,12156,1
2020-07-09 16:11:09.188,12156,12158,12156,25
2020-07-09 16:11:15.311,12156,12157,12157,1
2020-07-09 16:11:17.166,12156,12157,12156,1
2020-07-09 16:11:20.296,12156,12157,12156,1
2020-07-09 16:11:24.333,12156,12157,12156,1
2020-07-09 16:11:29.936,12155,12156,12156,1
2020-07-09 16:11:35.887,12155,12156,12156,1
2020-07-09 16:11:38.154,12155,12156,12156,1
2020-07-09 16:11:38.885,12155,12156,12156,1
2020-07-09 16:11:39.731,12155,12156,12156,1
2020-07-09 16:11:44.213,12155,12156,12155,1
2020-07-09 16:11:44.322,12155,12156,12155,1
2020-07-09 16:11:44.549,12155,12156,12156,1
2020-07-09 16:11:52.164,12155,12156,12155,2
2020-07-09 16:11:52.594,12155,12156,12156,1
2020-07-09 16:11:53.796,12155,12156,12156,2
2020-07-09 16:12:02.042,12155,12156,12156,1
2020-07-09 16:12:07.477,12155,12156,12155,1
2020-07-09 16:12:13.434,12155,12156,12155,1
2020-07-09 16:12:16.481,12155,12156,12156,1
2020-07-09 16:12:17.879,12155,12156,12155,2
2020-07-09 16:12:17.880,12155,12156,12155,1
2020-07-09 16:12:17.880,12155,12156,12155,2
2020-07-09 16:12:20.737,12155,12156,12155,1
2020-07-09 16:12:22.877,12154,12155,12155,1
2020-07-09 16:12:31.742,12154,12155,12155,2
2020-07-09 16:12:38.099,12154,12155,12155,1
2020-07-09 16:12:41.519,12154,12155,12155,1
2020-07-09 16:12:41.748,12154,12155,12155,2
2020-07-09 16:12:44.288,12155,12156,12156,1
2020-07-09 16:12:46.617,12155,12156,12156,7
2020-07-09 16:12:46.617,12155,12156,12156,2
2020-07-09 16:12:50.765,12155,12156,12156,1
2020-07-09 16:12:55.857,12156,12157,12156,1
2020-07-09 16:13:02.583,12156,12157,12157,2
2020-07-09 16:13:02.584,12156,12157,12157,4
2020-07-09 16:13:20.254,12157,12158,12157,2
2020-07-09 16:13:34.733,12157,12158,12157,2
2020-07-09 16:13:38.695,12157,12158,12157,2
2020-07-09 16:13:50.170,12157,12158,12158,1
2020-07-09 16:13:57.543,12157,12158,12158,5
2020-07-09 16:13:57.544,12157,12158,12158,1
2020-07-09 16:14:03.032,12158,12159,12158,2
2020-07-09 16:14:15.665,12157,12158,12158,1
2020-07-09 16:14:25.126,12158,12159,12158,1
2020-07-09 16:14:28.405,12157,12158,12158,1
2020-07-09 16:14:39.962,12157,12158,12157,1
2020-07-09 16:14:46.523,12157,12158,12157,1
2020-07-09 16:14:57.071,12157,12158,12157,6
2020-07-09 16:14:57.072,12157,12158,12157,4
2020-07-09 16:14:57.072,12157,12158,12157,4
2020-07-09 16:14:57.072,12157,12158,12157,1
2020-07-09 16:14:57.072,12157,12158,12157,2
2020-07-09 16:14:57.072,12157,12158,12157,2
2020-07-09 16:14:57.072,12157,12158,12157,1
2020-07-09 16:14:59.425,12156,12157,12157,1
2020-07-09 16:15:00.480,12157,12158,12158,1
2020-07-09 16:15:02.331,12157,12158,12157,4
2020-07-09 16:15:13.780,12157,12158,12157,2
2020-07-09 16:15:17.387,12156,12157,12157,1
2020-07-09 16:15:23.387,12157,12158,12158,4
2020-07-09 16:15:30.076,12158,12159,12158,2
2020-07-09 16:15:35.345,12158,12159,12158,1
2020-07-09 16:15:45.663,12156,12157,12156,1
2020-07-09 16:15:51.655,12156,12157,12156,1
2020-07-09 16:16:02.994,12157,12158,12157,5
2020-07-09 16:16:08.633,12157,12158,12158,1
2020-07-09 16:16:09.210,12157,12158,12157,1
2020-07-09 16:16:11.012,12157,12158,12158,5
2020-07-09 16:16:11.012,12157,12158,12158,5
2020-07-09 16:16:13.083,12158,12159,12158,1
2020-07-09 16:16:13.493,12158,12159,12159,2
2020-07-09 16:16:13.494,12158,12159,12159,3
2020-07-09 16:16:21.091,12159,12160,12159,1
2020-07-09 16:16:23.373,12159,12160,12160,1
2020-07-09 16:16:25.384,12159,12160,12160,1
2020-07-09 16:16:25.641,12159,12160,12159,1
2020-07-09 16:16:25.882,12158,12159,12159,1
2020-07-09 16:16:27.655,12159,12160,12160,1
2020-07-09 16:16:28.695,12159,12160,12159,1
2020-07-09 16:16:28.898,12158,12159,12159,4
2020-07-09 16:16:35.605,12159,12160,12159,1
2020-07-09 16:16:36.543,12159,12160,12160,1
2020-07-09 16:16:36.624,12159,12160,12160,1
2020-07-09 16:16:39.033,12159,12160,12160,2
2020-07-09 16:16:39.033,12159,12160,12160,4
2020-07-09 16:16:41.154,12159,12160,12160,1
2020-07-09 16:16:42.761,12159,12160,12160,2
2020-07-09 16:16:43.370,12159,12160,12160,7
2020-07-09 16:16:43.598,12159,12161,12160,1
2020-07-09 16:16:43.598,12159,12161,12160,1
2020-07-09 16:16:43.599,12159,12161,12160,1
2020-07-09 16:16:43.599,12159,12161,12160,1
2020-07-09 16:16:43.600,12159,12161,12160,1
2020-07-09 16:16:47.055,12159,12161,12161,1
2020-07-09 16:16:48.859,12159,12160,12160,1
2020-07-09 16:16:51.660,12160,12161,12161,1
2020-07-09 16:17:01.627,12160,12161,12161,1
2020-07-09 16:17:04.518,12160,12161,12160,3
2020-07-09 16:17:04.519,12160,12161,12160,2
2020-07-09 16:17:04.519,12160,12161,12160,2
2020-07-09 16:17:04.896,12159,12160,12160,2
2020-07-09 16:17:33.444,12159,12160,12159,1
2020-07-09 16:17:34.002,12159,12160,12160,1
2020-07-09 16:17:48.708,12159,12160,12159,2
2020-07-09 16:17:56.360,12159,12160,12159,1
2020-07-09 16:18:02.225,12159,12160,12160,5
2020-07-09 16:18:09.881,12159,12160,12160,4
2020-07-09 16:18:09.882,12159,12160,12160,4
2020-07-09 16:18:18.212,12160,12161,12161,9
2020-07-09 16:18:22.146,12161,12162,12161,1
2020-07-09 16:18:23.036,12161,12162,12161,1
2020-07-09 16:18:26.147,12160,12161,12161,1
2020-07-09 16:18:26.974,12160,12161,12160,1
2020-07-09 16:18:35.386,12160,12161,12160,1
2020-07-09 16:18:39.323,12159,12160,12160,1
2020-07-09 16:18:40.393,12159,12160,12160,1
2020-07-09 16:18:58.413,12160,12161,12160,2
2020-07-09 16:19:05.255,12159,12160,12159,3
2020-07-09 16:19:13.484,12158,12159,12159,1
2020-07-09 16:19:41.477,12158,12159,12158,6
2020-07-09 16:19:41.477,12158,12159,12158,4
2020-07-09 16:19:41.477,12158,12159,12158,8
2020-07-09 16:19:41.520,12157,12158,12157,1
2020-07-09 16:19:49.594,12157,12159,12159,2
2020-07-09 16:19:51.353,12157,12159,12157,2
2020-07-09 16:19:55.828,12158,12159,12158,5
2020-07-09 16:20:01.666,12158,12159,12158,1
2020-07-09 16:20:09.458,12158,12159,12159,1
2020-07-09 16:20:09.641,12159,12160,12159,4
2020-07-09 16:20:20.300,12158,12159,12159,1
2020-07-09 16:20:22.375,12158,12159,12159,5
2020-07-09 16:20:26.575,12159,12160,12159,1
2020-07-09 16:20:53.838,12159,12160,12159,1
2020-07-09 16:20:59.294,12159,12160,12159,1
2020-07-09 16:21:05.440,12159,12160,12159,1
2020-07-09 16:21:07.185,12159,12160,12159,1
2020-07-09 16:21:08.293,12159,12160,12159,5
2020-07-09 16:21:08.293,12159,12160,12159,1
2020-07-09 16:21:08.293,12159,12160,12159,4
2020-07-09 16:21:08.293,12159,12160,12159,4
2020-07-09 16:21:08.294,12159,12160,12159,2
2020-07-09 16:21:25.086,12158,12159,12158,1
2020-07-09 16:21:26.179,12158,12159,12158,1
2020-07-09 16:21:26.179,12158,12159,12158,2
2020-07-09 16:21:26.179,12158,12159,12158,2
2020-07-09 16:21:26.179,12158,12159,12158,9
2020-07-09 16:21:31.595,12157,12158,12157,5
2020-07-09 16:21:46.847,12156,12157,12156,5
2020-07-09 16:21:51.945,12156,12157,12156,1
2020-07-09 16:21:55.010,12155,12157,12155,1
2020-07-09 16:22:05.843,12155,12156,12155,2
2020-07-09 16:22:13.653,12155,12156,12155,1
2020-07-09 16:22:14.785,12155,12156,12155,1
2020-07-09 16:22:16.266,12155,12156,12155,2
2020-07-09 16:22:18.369,12155,12156,12155,1
2020-07-09 16:22:29.461,12155,12156,12155,1
2020-07-09 16:22:30.672,12155,12156,12155,1
2020-07-09 16:22:40.897,12155,12156,12155,1
2020-07-09 16:22:43.309,12155,12156,12156,2
2020-07-09 16:22:55.998,12156,12157,12156,1
2020-07-09 16:23:03.100,12155,12156,12155,1
2020-07-09 16:23:03.729,12155,12156,12155,6
2020-07-09 16:23:07.947,12154,12155,12154,1
2020-07-09 16:23:08.035,12154,12155,12154,4
2020-07-09 16:23:08.042,12154,12155,12154,2
2020-07-09 16:23:08.067,12154,12155,12154,2
2020-07-09 16:23:08.912,12154,12155,12155,1
2020-07-09 16:23:11.102,12154,12155,12154,2
2020-07-09 16:23:14.467,12154,12155,12155,1
2020-07-09 16:23:18.556,12154,12155,12154,1
2020-07-09 16:23:27.773,12154,12155,12155,5
2020-07-09 16:23:30.954,12154,12155,12155,1
2020-07-09 16:23:31.567,12154,12155,12155,1
2020-07-09 16:23:31.567,12154,12155,12155,1
2020-07-09 16:23:41.916,12155,12156,12155,1
2020-07-09 16:23:47.571,12155,12156,12155,1
2020-07-09 16:24:17.232,12154,12156,12154,1
2020-07-09 16:24:18.091,12155,12156,12156,2
2020-07-09 16:24:18.348,12155,12156,12156,1
2020-07-09 16:24:18.366,12155,12157,12157,5
2020-07-09 16:24:18.865,12156,12157,12157,1
2020-07-09 16:24:18.866,12156,12157,12157,2
2020-07-09 16:24:28.886,12155,12157,12155,1
2020-07-09 16:24:40.341,12156,12157,12156,1
2020-07-09 16:24:59.340,12156,12157,12157,5
2020-07-09 16:24:59.341,12156,12157,12157,4
2020-07-09 16:24:59.341,12156,12157,12157,3
2020-07-09 16:25:09.707,12157,12158,12157,1
2020-07-09 16:25:10.220,12157,12158,12158,2
2020-07-09 16:25:10.220,12157,12158,12158,1
2020-07-09 16:25:18.735,12158,12159,12158,1
2020-07-09 16:25:21.730,12158,12159,12159,2
2020-07-09 16:25:26.462,12159,12160,12159,1
2020-07-09 16:25:42.842,12158,12159,12159,1
2020-07-09 16:25:48.113,12158,12159,12159,1
2020-07-09 16:25:48.113,12158,12159,12159,2
2020-07-09 16:26:00.230,12159,12160,12159,1
2020-07-09 16:26:03.464,12159,12160,12159,2
2020-07-09 16:26:05.605,12158,12159,12158,1
2020-07-09 16:26:08.503,12158,12159,12158,1
2020-07-09 16:26:09.407,12156,12158,12158,1
2020-07-09 16:26:17.391,12157,12159,12157,1
2020-07-09 16:26:26.978,12157,12158,12157,1
2020-07-09 16:26:32.738,12157,12158,12158,1
2020-07-09 16:26:44.019,12157,12158,12158,3
2020-07-09 16:26:50.208,12157,12158,12158,1
2020-07-09 16:27:08.411,12157,12158,12158,1
2020-07-09 16:27:20.796,12157,12158,12158,2
2020-07-09 16:27:34.986,12158,12159,12158,1
2020-07-09 16:28:02.922,12157,12158,12158,1
2020-07-09 16:28:03.203,12157,12158,12158,2
