2021-06-22 15:00:00.077,17019,17023,17020,113,-113
2021-06-22 15:00:00.205,17020,17021,17020,1,-1
2021-06-22 15:00:00.262,17020,17021,17020,5,-5
2021-06-22 15:00:00.301,17020,17021,17020,2,-2
2021-06-22 15:00:00.340,17020,17021,17020,1,-1
2021-06-22 15:00:00.380,17020,17021,17020,4,-4
2021-06-22 15:00:00.433,17020,17021,17020,2,-2
2021-06-22 15:00:00.435,17020,17021,17020,3,-3
2021-06-22 15:00:00.455,17020,17021,17019,6,-6
2021-06-22 15:00:00.455,17020,17021,17018,4,-4
2021-06-22 15:00:00.487,17020,17021,17017,3,-3
2021-06-22 15:00:00.546,17017,17021,17021,1,1
2021-06-22 15:00:00.590,17017,17021,17017,2,-2
2021-06-22 15:00:00.654,17017,17022,17017,1,-1
2021-06-22 15:00:00.654,17017,17022,17016,1,-1
2021-06-22 15:00:00.687,17017,17022,17022,1,1
2021-06-22 15:00:00.690,17017,17022,17016,2,-2
2021-06-22 15:00:00.778,17016,17022,17016,1,-1
2021-06-22 15:00:00.781,17016,17022,17018,2,2
2021-06-22 15:00:00.898,17016,17022,17022,1,1
2021-06-22 15:00:00.898,17016,17022,17023,1,1
2021-06-22 15:00:00.934,17016,17022,17022,1,1
2021-06-22 15:00:00.959,17016,17022,17022,1,1
2021-06-22 15:00:00.959,17016,17022,17023,1,1
2021-06-22 15:00:01.962,17019,17023,17020,1,-1
2021-06-22 15:00:01.998,17020,17022,17020,2,-2
2021-06-22 15:00:02.040,17020,17022,17019,2,-2
2021-06-22 15:00:02.247,17018,17020,17018,1,-1
2021-06-22 15:00:02.372,17019,17022,17019,1,1
2021-06-22 15:00:02.372,17019,17022,17018,2,-2
2021-06-22 15:00:02.372,17019,17022,17017,1,-1
2021-06-22 15:00:02.622,17017,17019,17017,4,-4
2021-06-22 15:00:02.670,17017,17019,17016,1,-1
2021-06-22 15:00:02.748,17016,17017,17016,1,-1
2021-06-22 15:00:02.778,17016,17017,17016,7,-7
2021-06-22 15:00:02.822,17016,17017,17017,5,5
2021-06-22 15:00:02.979,17016,17017,17018,3,3
2021-06-22 15:00:02.979,17016,17017,17017,2,2
2021-06-22 15:00:02.979,17016,17017,17016,4,-4
2021-06-22 15:00:03.097,17016,17018,17016,1,-1
2021-06-22 15:00:03.402,17015,17017,17017,1,1
2021-06-22 15:00:03.445,17015,17017,17015,3,-3
2021-06-22 15:00:03.466,17015,17017,17015,11,-11
2021-06-22 15:00:03.468,17015,17017,17016,1,1
2021-06-22 15:00:03.539,17015,17017,17017,1,1
2021-06-22 15:00:03.575,17015,17017,17015,1,-1
2021-06-22 15:00:03.575,17015,17017,17014,1,-1
2021-06-22 15:00:03.614,17015,17017,17014,4,-4
2021-06-22 15:00:03.614,17015,17017,17013,4,-4
2021-06-22 15:00:03.614,17015,17017,17012,2,-2
2021-06-22 15:00:03.716,17013,17016,17016,2,2
2021-06-22 15:00:03.793,17015,17018,17015,1,-1
2021-06-22 15:00:04.155,17014,17018,17016,1,1
2021-06-22 15:00:04.155,17014,17018,17015,3,-3
2021-06-22 15:00:04.283,17015,17017,17017,1,1
2021-06-22 15:00:05.750,17015,17018,17015,1,-1
2021-06-22 15:00:05.899,17015,17017,17015,1,-1
2021-06-22 15:00:05.917,17015,17017,17017,1,1
2021-06-22 15:00:06.082,17015,17018,17015,1,-1
2021-06-22 15:00:07.014,17014,17017,17017,1,1
2021-06-22 15:00:07.367,17015,17017,17017,1,1
2021-06-22 15:00:07.470,17015,17017,17016,2,-2
2021-06-22 15:00:08.340,17015,17017,17016,1,-1
2021-06-22 15:00:08.569,17015,17017,17016,1,-1
2021-06-22 15:00:08.585,17015,17017,17015,2,-2
2021-06-22 15:00:08.754,17015,17016,17016,1,1
2021-06-22 15:00:08.890,17015,17017,17016,1,-1
2021-06-22 15:00:08.931,17015,17017,17015,2,-2
2021-06-22 15:00:08.932,17015,17017,17015,8,-8
2021-06-22 15:00:09.222,17014,17015,17015,1,1
2021-06-22 15:00:09.361,17014,17015,17014,4,-4
2021-06-22 15:00:09.361,17014,17015,17013,1,-1
2021-06-22 15:00:09.842,17013,17015,17015,1,1
2021-06-22 15:00:09.922,17012,17015,17013,12,-12
2021-06-22 15:00:11.838,17014,17015,17014,1,1
2021-06-22 15:00:12.816,17013,17015,17013,1,-1
2021-06-22 15:00:13.066,17013,17015,17013,1,-1
2021-06-22 15:00:14.118,17013,17014,17014,2,2
2021-06-22 15:00:14.695,17013,17014,17014,5,5
2021-06-22 15:00:15.006,17013,17015,17013,1,-1
2021-06-22 15:00:15.416,17014,17015,17014,2,2
2021-06-22 15:00:15.609,17013,17014,17013,2,-2
2021-06-22 15:00:15.840,17012,17014,17014,1,1
2021-06-22 15:00:16.173,17012,17014,17012,1,-1
2021-06-22 15:00:16.466,17012,17014,17014,1,1
2021-06-22 15:00:17.893,17012,17013,17013,1,1
2021-06-22 15:00:18.262,17012,17013,17012,2,-2
2021-06-22 15:00:18.285,17012,17013,17013,1,1
2021-06-22 15:00:18.581,17013,17014,17013,1,-1
2021-06-22 15:00:18.587,17013,17014,17013,1,-1
2021-06-22 15:00:19.477,17012,17014,17012,1,-1
2021-06-22 15:00:19.764,17012,17014,17012,8,-8
2021-06-22 15:00:20.170,17011,17014,17011,3,-3
2021-06-22 15:00:20.536,17011,17013,17011,1,-1
2021-06-22 15:00:20.853,17011,17013,17013,1,1
2021-06-22 15:00:22.674,17012,17013,17013,1,1
2021-06-22 15:00:23.605,17013,17014,17013,1,-1
2021-06-22 15:00:23.710,17013,17014,17014,4,4
2021-06-22 15:00:23.711,17013,17014,17014,7,7
2021-06-22 15:00:23.790,17014,17015,17015,1,1
2021-06-22 15:00:23.790,17014,17015,17015,1,1
2021-06-22 15:00:24.148,17014,17016,17014,1,-1
2021-06-22 15:00:25.362,17014,17015,17014,1,-1
2021-06-22 15:00:25.362,17014,17015,17013,2,-2
2021-06-22 15:00:25.373,17012,17013,17013,2,2
2021-06-22 15:00:25.375,17012,17013,17012,1,-1
2021-06-22 15:00:25.378,17012,17013,17014,1,1
2021-06-22 15:00:26.302,17012,17015,17013,1,-1
2021-06-22 15:00:26.302,17012,17015,17012,9,-9
2021-06-22 15:00:27.534,17013,17014,17013,1,1
2021-06-22 15:00:29.773,17012,17013,17012,1,-1
2021-06-22 15:00:29.832,17012,17013,17012,2,-2
2021-06-22 15:00:30.022,17012,17013,17013,1,1
2021-06-22 15:00:30.342,17012,17013,17013,1,1
2021-06-22 15:00:30.350,17012,17013,17013,1,1
2021-06-22 15:00:30.497,17012,17013,17012,2,-2
2021-06-22 15:00:32.356,17012,17013,17012,1,-1
2021-06-22 15:00:32.926,17012,17013,17012,2,-2
2021-06-22 15:00:33.048,17011,17013,17012,1,-1
2021-06-22 15:00:33.048,17011,17013,17012,1,-1
2021-06-22 15:00:33.049,17011,17013,17012,5,-5
2021-06-22 15:00:33.123,17011,17012,17012,1,1
2021-06-22 15:00:34.845,17012,17013,17013,17,17
2021-06-22 15:00:34.846,17012,17013,17014,4,4
2021-06-22 15:00:35.116,17013,17014,17014,2,2
2021-06-22 15:00:35.245,17013,17014,17013,1,-1
2021-06-22 15:00:35.299,17012,17013,17013,1,1
2021-06-22 15:00:35.300,17012,17013,17014,3,3
2021-06-22 15:00:35.331,17012,17013,17013,1,1
2021-06-22 15:00:35.468,17012,17015,17015,1,1
2021-06-22 15:00:35.872,17014,17015,17015,3,3
2021-06-22 15:00:36.030,17014,17016,17014,1,-1
2021-06-22 15:00:36.030,17014,17016,17013,2,-2
2021-06-22 15:00:36.329,17012,17016,17012,1,-1
2021-06-22 15:00:36.664,17013,17016,17013,1,1
2021-06-22 15:00:36.664,17013,17016,17012,13,-13
2021-06-22 15:00:36.664,17013,17016,17012,1,-1
2021-06-22 15:00:36.753,17013,17015,17013,1,1
2021-06-22 15:00:36.850,17013,17015,17013,2,-2
2021-06-22 15:00:37.006,17013,17015,17013,2,-2
2021-06-22 15:00:39.885,17014,17016,17016,1,1
2021-06-22 15:00:39.970,17014,17016,17014,1,-1
2021-06-22 15:00:40.135,17013,17014,17014,1,1
2021-06-22 15:00:40.261,17013,17014,17014,1,1
2021-06-22 15:00:42.906,17013,17014,17014,1,1
2021-06-22 15:00:43.201,17013,17014,17014,1,1
2021-06-22 15:00:43.444,17013,17014,17013,1,-1
2021-06-22 15:00:43.453,17013,17014,17013,2,-2
2021-06-22 15:00:44.323,17013,17014,17014,3,3
2021-06-22 15:00:45.191,17013,17014,17014,13,13
2021-06-22 15:00:45.247,17014,17015,17015,4,4
2021-06-22 15:00:46.075,17014,17015,17014,1,-1
2021-06-22 15:00:46.523,17014,17015,17015,1,1
2021-06-22 15:00:49.199,17015,17017,17017,1,1
2021-06-22 15:00:49.403,17015,17017,17017,1,1
2021-06-22 15:00:50.123,17016,17018,17016,1,-1
2021-06-22 15:00:50.759,17015,17018,17017,1,1
2021-06-22 15:00:51.102,17017,17018,17017,1,-1
2021-06-22 15:00:51.460,17015,17016,17015,1,-1
2021-06-22 15:00:53.120,17015,17016,17016,1,1
2021-06-22 15:00:53.215,17015,17016,17016,1,1
2021-06-22 15:00:53.216,17015,17016,17016,17,17
2021-06-22 15:00:53.216,17015,17016,17016,1,1
2021-06-22 15:00:54.212,17015,17018,17018,1,1
2021-06-22 15:00:54.431,17016,17018,17018,3,3
2021-06-22 15:00:56.358,17016,17017,17016,1,-1
2021-06-22 15:00:56.442,17016,17017,17017,1,1
2021-06-22 15:00:56.526,17016,17018,17018,1,1
2021-06-22 15:00:57.615,17017,17018,17017,1,-1
2021-06-22 15:00:59.722,17016,17018,17018,3,3
2021-06-22 15:00:59.722,17016,17018,17019,6,6
2021-06-22 15:00:59.722,17016,17018,17020,1,1
2021-06-22 15:00:59.904,17018,17020,17020,1,1
2021-06-22 15:00:59.953,17018,17020,17020,3,3
2021-06-22 15:00:59.964,17018,17020,17018,1,-1
2021-06-22 15:01:00.050,17017,17020,17020,3,3
2021-06-22 15:01:00.050,17017,17020,17018,1,-1
2021-06-22 15:01:00.050,17017,17020,17017,1,-1
2021-06-22 15:01:00.116,17017,17020,17018,1,1
2021-06-22 15:01:00.120,17017,17020,17017,1,-1
2021-06-22 15:01:00.122,17016,17019,17016,1,-1
2021-06-22 15:01:00.134,17016,17019,17016,1,-1
2021-06-22 15:01:00.174,17016,17019,17016,1,-1
2021-06-22 15:01:00.274,17015,17018,17015,1,-1
2021-06-22 15:01:01.028,17015,17017,17017,1,1
2021-06-22 15:01:01.083,17015,17017,17015,4,-4
2021-06-22 15:01:01.083,17015,17017,17014,8,-8
2021-06-22 15:01:01.083,17015,17017,17013,7,-7
2021-06-22 15:01:01.083,17015,17017,17012,4,-4
2021-06-22 15:01:01.124,17012,17015,17015,1,1
2021-06-22 15:01:01.124,17012,17015,17015,1,1
2021-06-22 15:01:01.125,17012,17015,17015,1,1
2021-06-22 15:01:01.396,17013,17015,17015,1,1
2021-06-22 15:01:02.161,17014,17015,17014,1,-1
2021-06-22 15:01:02.542,17012,17015,17015,1,1
2021-06-22 15:01:03.124,17013,17015,17015,1,1
2021-06-22 15:01:03.502,17013,17015,17015,1,1
2021-06-22 15:01:03.726,17013,17015,17015,1,1
2021-06-22 15:01:03.928,17013,17015,17015,2,2
2021-06-22 15:01:04.525,17013,17014,17014,1,1
2021-06-22 15:01:04.816,17013,17014,17014,1,1
2021-06-22 15:01:05.001,17013,17015,17015,1,1
2021-06-22 15:01:05.448,17013,17015,17015,1,1
2021-06-22 15:01:06.710,17013,17015,17013,1,-1
2021-06-22 15:01:08.369,17013,17015,17015,1,1
2021-06-22 15:01:10.812,17014,17015,17014,1,-1
2021-06-22 15:01:13.810,17013,17014,17013,2,-2
2021-06-22 15:01:14.317,17013,17014,17013,3,-3
2021-06-22 15:01:14.317,17013,17014,17012,16,-16
2021-06-22 15:01:14.318,17013,17014,17012,1,-1
2021-06-22 15:01:14.327,17013,17014,17013,1,1
2021-06-22 15:01:14.348,17013,17014,17014,1,1
2021-06-22 15:01:15.273,17012,17013,17013,1,1
2021-06-22 15:01:20.033,17013,17014,17014,1,1
2021-06-22 15:01:20.476,17013,17014,17013,1,-1
2021-06-22 15:01:22.368,17013,17014,17013,1,-1
2021-06-22 15:01:22.374,17012,17013,17013,1,1
2021-06-22 15:01:22.374,17012,17013,17013,1,1
2021-06-22 15:01:22.376,17012,17013,17013,1,1
2021-06-22 15:01:23.042,17012,17013,17012,3,-3
2021-06-22 15:01:23.565,17012,17013,17012,3,-3
2021-06-22 15:01:24.235,17011,17013,17013,1,1
2021-06-22 15:01:25.094,17011,17013,17011,1,-1
2021-06-22 15:01:26.598,17012,17013,17013,1,1
2021-06-22 15:01:27.563,17012,17013,17012,1,-1
2021-06-22 15:01:27.624,17012,17013,17013,1,1
2021-06-22 15:01:28.340,17012,17013,17012,2,-2
2021-06-22 15:01:30.021,17012,17013,17012,2,-2
2021-06-22 15:01:31.027,17012,17013,17012,1,-1
2021-06-22 15:01:31.705,17012,17013,17012,1,-1
2021-06-22 15:01:34.088,17012,17013,17012,3,-3
2021-06-22 15:01:34.333,17012,17013,17013,1,1
2021-06-22 15:01:34.333,17012,17013,17013,1,1
2021-06-22 15:01:34.333,17012,17013,17013,1,1
2021-06-22 15:01:34.334,17012,17013,17013,1,1
2021-06-22 15:01:34.335,17012,17013,17013,1,1
2021-06-22 15:01:34.336,17012,17013,17013,1,1
2021-06-22 15:01:34.339,17012,17013,17013,1,1
2021-06-22 15:01:34.340,17012,17013,17013,1,1
2021-06-22 15:01:34.340,17012,17013,17013,9,9
2021-06-22 15:01:34.340,17012,17013,17013,1,1
2021-06-22 15:01:34.929,17013,17014,17014,1,1
2021-06-22 15:01:35.227,17013,17014,17013,2,-2
2021-06-22 15:01:35.980,17013,17014,17014,1,1
2021-06-22 15:01:37.351,17013,17015,17014,3,-3
2021-06-22 15:01:37.351,17013,17015,17013,2,-2
2021-06-22 15:01:41.154,17013,17014,17013,4,-4
2021-06-22 15:01:41.285,17012,17013,17012,1,-1
2021-06-22 15:01:41.568,17012,17013,17013,1,1
2021-06-22 15:01:41.780,17012,17013,17012,1,-1
2021-06-22 15:01:44.176,17012,17013,17012,1,-1
2021-06-22 15:01:44.591,17012,17013,17012,1,-1
2021-06-22 15:01:45.505,17012,17013,17013,1,1
2021-06-22 15:01:45.508,17012,17013,17013,1,1
2021-06-22 15:01:45.625,17012,17013,17013,3,3
2021-06-22 15:01:45.626,17012,17013,17013,1,1
2021-06-22 15:01:45.626,17012,17013,17013,3,3
2021-06-22 15:01:45.626,17012,17013,17013,3,3
2021-06-22 15:01:45.626,17012,17013,17013,1,1
2021-06-22 15:01:45.626,17012,17013,17013,2,2
2021-06-22 15:01:48.554,17013,17014,17014,1,1
2021-06-22 15:01:49.146,17013,17014,17013,1,-1
2021-06-22 15:01:51.554,17013,17014,17013,1,-1
2021-06-22 15:01:56.141,17013,17014,17013,1,-1
2021-06-22 15:01:57.102,17013,17014,17013,1,-1
2021-06-22 15:01:57.930,17013,17014,17014,1,1
2021-06-22 15:02:00.005,17013,17014,17013,1,-1
2021-06-22 15:02:01.659,17013,17014,17014,1,1
2021-06-22 15:02:02.586,17013,17014,17014,10,10
2021-06-22 15:02:04.334,17014,17015,17014,1,-1
2021-06-22 15:02:05.454,17014,17015,17014,1,-1
2021-06-22 15:02:05.508,17014,17015,17014,1,-1
2021-06-22 15:02:05.540,17014,17015,17013,1,-1
2021-06-22 15:02:06.467,17013,17014,17014,1,1
2021-06-22 15:02:09.114,17013,17014,17014,1,1
2021-06-22 15:02:11.292,17014,17015,17015,6,6
2021-06-22 15:02:13.683,17014,17016,17014,1,-1
2021-06-22 15:02:14.365,17014,17016,17015,1,1
2021-06-22 15:02:17.623,17014,17015,17015,1,1
2021-06-22 15:02:19.872,17015,17016,17016,3,3
2021-06-22 15:02:23.772,17016,17017,17016,1,-1
2021-06-22 15:02:26.461,17016,17017,17016,3,-3
2021-06-22 15:02:27.897,17015,17016,17016,1,1
2021-06-22 15:02:32.100,17015,17016,17016,1,1
2021-06-22 15:02:35.061,17015,17016,17016,1,1
2021-06-22 15:02:35.628,17015,17016,17016,1,1
2021-06-22 15:02:37.681,17016,17017,17016,2,-2
2021-06-22 15:02:39.141,17016,17017,17016,1,-1
2021-06-22 15:02:45.959,17016,17017,17017,1,1
2021-06-22 15:02:47.411,17016,17017,17017,1,1
2021-06-22 15:02:50.673,17016,17017,17017,2,2
2021-06-22 15:02:52.147,17016,17017,17016,3,-3
2021-06-22 15:02:52.148,17016,17017,17016,5,-5
2021-06-22 15:02:53.618,17015,17017,17017,2,2
2021-06-22 15:02:56.568,17016,17017,17016,1,-1
2021-06-22 15:03:00.010,17015,17016,17016,1,1
2021-06-22 15:03:02.891,17015,17016,17015,1,-1
2021-06-22 15:03:02.892,17015,17016,17015,3,-3
2021-06-22 15:03:02.892,17015,17016,17015,2,-2
2021-06-22 15:03:02.915,17015,17016,17014,2,-2
2021-06-22 15:03:03.069,17013,17014,17013,1,-1
2021-06-22 15:03:03.086,17013,17014,17013,1,-1
2021-06-22 15:03:03.238,17013,17014,17013,1,-1
2021-06-22 15:03:03.425,17013,17014,17013,11,-11
2021-06-22 15:03:03.444,17013,17014,17012,1,-1
2021-06-22 15:03:03.498,17012,17013,17013,1,1
2021-06-22 15:03:03.997,17013,17014,17013,1,-1
2021-06-22 15:03:04.546,17012,17013,17013,1,1
2021-06-22 15:03:04.546,17012,17013,17014,1,1
2021-06-22 15:03:05.363,17012,17013,17013,1,1
2021-06-22 15:03:10.957,17012,17013,17013,1,1
2021-06-22 15:03:10.997,17013,17014,17013,2,-2
2021-06-22 15:03:11.497,17012,17013,17012,1,-1
2021-06-22 15:03:12.289,17012,17013,17012,2,-2
2021-06-22 15:03:12.289,17012,17013,17012,9,-9
2021-06-22 15:03:12.497,17011,17012,17012,1,1
2021-06-22 15:03:13.311,17011,17012,17012,1,1
2021-06-22 15:03:14.069,17011,17012,17011,1,-1
2021-06-22 15:03:16.227,17011,17012,17012,1,1
2021-06-22 15:03:16.494,17011,17012,17011,3,-3
2021-06-22 15:03:17.096,17011,17012,17011,1,-1
2021-06-22 15:03:17.540,17011,17012,17011,5,-5
2021-06-22 15:03:17.582,17011,17012,17011,7,-7
2021-06-22 15:03:18.457,17011,17012,17011,3,-3
2021-06-22 15:03:18.597,17011,17012,17012,1,1
2021-06-22 15:03:18.698,17011,17012,17011,1,-1
2021-06-22 15:03:19.010,17011,17012,17012,1,1
2021-06-22 15:03:19.317,17011,17012,17011,1,-1
2021-06-22 15:03:19.317,17011,17012,17011,7,-7
2021-06-22 15:03:21.497,17010,17011,17011,1,1
2021-06-22 15:03:23.641,17010,17011,17011,1,1
2021-06-22 15:03:23.993,17010,17011,17011,1,1
2021-06-22 15:03:25.127,17010,17011,17010,1,-1
2021-06-22 15:03:25.316,17010,17011,17010,4,-4
2021-06-22 15:03:25.570,17010,17011,17010,1,-1
2021-06-22 15:03:25.580,17010,17011,17010,1,-1
2021-06-22 15:03:25.664,17010,17011,17010,3,-3
2021-06-22 15:03:25.665,17010,17011,17010,1,-1
2021-06-22 15:03:25.868,17009,17011,17009,1,-1
2021-06-22 15:03:26.859,17009,17011,17009,3,-3
2021-06-22 15:03:28.813,17009,17011,17009,1,-1
2021-06-22 15:03:31.792,17010,17011,17010,2,2
2021-06-22 15:03:32.397,17010,17011,17010,1,-1
2021-06-22 15:03:32.576,17010,17011,17011,1,1
2021-06-22 15:03:34.181,17010,17011,17011,1,1
2021-06-22 15:03:34.608,17010,17012,17010,1,-1
2021-06-22 15:03:34.697,17010,17012,17012,5,5
2021-06-22 15:03:35.623,17011,17012,17011,1,-1
2021-06-22 15:03:36.566,17011,17012,17011,2,-2
2021-06-22 15:03:37.663,17011,17012,17012,1,1
2021-06-22 15:03:38.286,17011,17012,17011,1,-1
2021-06-22 15:03:41.271,17011,17012,17011,1,-1
2021-06-22 15:03:42.170,17011,17012,17012,4,4
2021-06-22 15:03:43.948,17011,17012,17011,1,-1
2021-06-22 15:03:44.632,17011,17012,17011,1,-1
2021-06-22 15:03:45.202,17011,17012,17011,2,-2
2021-06-22 15:03:45.203,17011,17012,17011,1,-1
2021-06-22 15:03:46.473,17010,17012,17012,1,1
2021-06-22 15:03:48.503,17011,17012,17011,1,-1
2021-06-22 15:03:49.858,17010,17012,17011,1,-1
2021-06-22 15:03:50.878,17010,17012,17012,1,1
2021-06-22 15:03:51.762,17010,17011,17011,1,1
2021-06-22 15:03:52.006,17010,17011,17011,1,1
2021-06-22 15:03:53.507,17010,17011,17010,5,-5
2021-06-22 15:03:53.508,17010,17011,17010,1,-1
2021-06-22 15:03:53.508,17010,17011,17010,1,-1
2021-06-22 15:03:53.508,17010,17011,17010,1,-1
2021-06-22 15:03:54.153,17009,17010,17010,1,1
2021-06-22 15:03:55.258,17009,17011,17011,1,1
2021-06-22 15:03:56.557,17009,17011,17009,1,-1
2021-06-22 15:03:57.116,17009,17010,17009,2,-2
2021-06-22 15:03:59.389,17009,17010,17010,1,1
2021-06-22 15:04:01.508,17009,17010,17009,4,-4
2021-06-22 15:04:01.551,17009,17010,17009,1,-1
2021-06-22 15:04:01.551,17009,17010,17009,1,-1
2021-06-22 15:04:01.551,17009,17010,17009,1,-1
2021-06-22 15:04:04.432,17009,17010,17010,1,1
2021-06-22 15:04:05.172,17009,17010,17009,1,-1
2021-06-22 15:04:08.044,17009,17010,17009,2,-2
2021-06-22 15:04:08.044,17009,17010,17009,2,-2
2021-06-22 15:04:09.063,17009,17010,17009,1,-1
2021-06-22 15:04:09.063,17009,17010,17009,1,-1
2021-06-22 15:04:09.064,17009,17010,17009,1,-1
2021-06-22 15:04:09.064,17009,17010,17009,1,-1
2021-06-22 15:04:09.064,17009,17010,17009,4,-4
2021-06-22 15:04:13.515,17008,17010,17008,2,-2
2021-06-22 15:04:14.439,17009,17010,17009,1,1
2021-06-22 15:04:14.439,17009,17010,17008,1,-1
2021-06-22 15:04:15.871,17008,17010,17008,5,-5
2021-06-22 15:04:15.968,17008,17009,17009,1,1
2021-06-22 15:04:16.639,17008,17009,17008,1,-1
2021-06-22 15:04:17.149,17008,17009,17009,1,1
2021-06-22 15:04:23.266,17008,17009,17008,7,-7
2021-06-22 15:04:23.266,17008,17009,17008,4,-4
2021-06-22 15:04:23.266,17008,17009,17008,1,-1
2021-06-22 15:04:23.267,17008,17009,17008,3,-3
2021-06-22 15:04:23.267,17008,17009,17008,1,-1
2021-06-22 15:04:24.228,17007,17008,17007,9,-9
2021-06-22 15:04:27.937,17006,17008,17008,1,1
2021-06-22 15:04:28.505,17006,17008,17006,1,-1
2021-06-22 15:04:30.144,17007,17008,17007,1,1
2021-06-22 15:04:30.144,17007,17008,17006,10,-10
2021-06-22 15:04:30.144,17007,17008,17005,9,-9
2021-06-22 15:04:30.327,17005,17007,17005,2,-2
2021-06-22 15:04:30.499,17005,17007,17005,5,-5
2021-06-22 15:04:30.499,17005,17007,17004,5,-5
2021-06-22 15:04:30.503,17005,17007,17004,8,-8
2021-06-22 15:04:30.512,17005,17007,17004,6,-6
2021-06-22 15:04:30.699,17004,17005,17004,1,-1
2021-06-22 15:04:30.699,17004,17005,17003,1,-1
2021-06-22 15:04:30.741,17004,17005,17005,1,1
2021-06-22 15:04:30.828,17004,17006,17004,1,-1
2021-06-22 15:04:30.828,17004,17006,17003,1,-1
2021-06-22 15:04:30.988,17003,17005,17003,1,-1
2021-06-22 15:04:31.463,17003,17005,17003,1,-1
2021-06-22 15:04:31.519,17003,17005,17003,1,-1
2021-06-22 15:04:33.215,17003,17005,17003,2,-2
2021-06-22 15:04:33.581,17003,17004,17003,1,-1
2021-06-22 15:04:33.629,17003,17004,17003,2,-2
2021-06-22 15:04:33.755,17003,17004,17003,1,-1
2021-06-22 15:04:33.782,17003,17004,17004,1,1
2021-06-22 15:04:34.497,17003,17004,17004,1,1
2021-06-22 15:04:34.888,17004,17005,17004,1,-1
2021-06-22 15:04:34.888,17004,17005,17003,1,-1
2021-06-22 15:04:35.026,17004,17005,17005,2,2
2021-06-22 15:04:35.617,17004,17005,17005,1,1
2021-06-22 15:04:37.777,17006,17007,17006,2,2
2021-06-22 15:04:37.778,17006,17007,17006,1,-1
2021-06-22 15:04:38.798,17006,17007,17006,1,-1
2021-06-22 15:04:43.093,17005,17007,17007,1,1
2021-06-22 15:04:44.633,17005,17007,17007,1,1
2021-06-22 15:04:49.444,17005,17006,17006,2,2
2021-06-22 15:04:54.717,17005,17006,17006,2,2
2021-06-22 15:04:54.787,17005,17006,17005,1,-1
2021-06-22 15:04:55.106,17005,17006,17005,1,-1
2021-06-22 15:04:55.107,17005,17006,17005,1,-1
2021-06-22 15:04:55.108,17005,17006,17005,6,-6
2021-06-22 15:04:55.800,17004,17005,17004,1,-1
2021-06-22 15:04:57.299,17004,17005,17005,2,2
2021-06-22 15:04:59.763,17004,17005,17005,1,1
2021-06-22 15:04:59.894,17004,17005,17004,1,-1
2021-06-22 15:04:59.970,17004,17005,17005,3,3
2021-06-22 15:04:59.970,17004,17005,17006,2,2
2021-06-22 15:05:00.968,17004,17005,17004,1,-1
2021-06-22 15:05:00.968,17004,17005,17004,3,-3
2021-06-22 15:05:00.969,17004,17005,17004,1,-1
2021-06-22 15:05:00.991,17004,17005,17004,1,-1
2021-06-22 15:05:03.236,17003,17005,17005,1,1
2021-06-22 15:05:05.194,17003,17004,17003,1,-1
2021-06-22 15:05:05.367,17003,17004,17003,1,-1
2021-06-22 15:05:05.392,17003,17004,17003,1,-1
2021-06-22 15:05:05.417,17003,17004,17003,1,-1
2021-06-22 15:05:08.502,17003,17004,17003,3,-3
2021-06-22 15:05:11.073,17002,17003,17002,6,-6
2021-06-22 15:05:12.364,17002,17003,17002,2,-2
2021-06-22 15:05:15.066,17002,17003,17003,1,1
2021-06-22 15:05:15.947,17002,17003,17002,1,-1
2021-06-22 15:05:16.326,17002,17003,17002,1,-1
2021-06-22 15:05:17.133,17002,17003,17002,1,-1
2021-06-22 15:05:17.270,17002,17003,17003,1,1
2021-06-22 15:05:18.408,17002,17003,17003,2,2
2021-06-22 15:05:19.543,17002,17003,17002,1,-1
2021-06-22 15:05:19.799,17002,17003,17002,1,-1
2021-06-22 15:05:19.935,17002,17003,17002,1,-1
2021-06-22 15:05:20.289,17002,17003,17003,1,1
2021-06-22 15:05:20.423,17002,17003,17002,1,-1
2021-06-22 15:05:20.477,17002,17003,17002,3,-3
2021-06-22 15:05:20.985,17002,17003,17002,1,-1
2021-06-22 15:05:22.188,17002,17003,17002,2,-2
2021-06-22 15:05:22.188,17002,17003,17002,1,-1
2021-06-22 15:05:22.188,17002,17003,17002,3,-3
2021-06-22 15:05:22.189,17002,17003,17002,3,-3
2021-06-22 15:05:22.189,17002,17003,17002,1,-1
2021-06-22 15:05:22.501,17001,17003,17001,1,-1
2021-06-22 15:05:23.814,17001,17002,17001,1,-1
2021-06-22 15:05:23.859,17001,17002,17002,7,7
2021-06-22 15:05:23.928,17002,17003,17002,1,-1
2021-06-22 15:05:25.367,17002,17003,17003,1,1
2021-06-22 15:05:25.703,17002,17003,17002,2,-2
2021-06-22 15:05:26.486,17002,17003,17002,2,-2
2021-06-22 15:05:28.147,17001,17002,17002,2,2
2021-06-22 15:05:28.403,17001,17002,17001,1,-1
2021-06-22 15:05:28.933,17001,17002,17001,2,-2
2021-06-22 15:05:29.404,17001,17002,17001,1,-1
2021-06-22 15:05:29.456,17001,17002,17001,12,-12
2021-06-22 15:05:29.984,17000,17001,17001,1,1
2021-06-22 15:05:31.693,17000,17001,17000,20,-20
2021-06-22 15:05:31.696,17000,17001,17000,6,-6
2021-06-22 15:05:35.820,16999,17000,16999,1,-1
2021-06-22 15:05:36.204,16999,17000,16999,1,-1
2021-06-22 15:05:36.244,16999,17000,16999,1,-1
2021-06-22 15:05:36.314,16999,17000,16999,1,-1
2021-06-22 15:05:36.368,16999,17000,16998,1,-1
2021-06-22 15:05:36.371,16999,17000,16998,1,-1
2021-06-22 15:05:36.389,16998,17000,16998,1,-1
2021-06-22 15:05:36.390,16998,17000,16998,1,-1
2021-06-22 15:05:36.546,16998,16999,16998,2,-2
2021-06-22 15:05:37.657,16998,16999,16999,1,1
2021-06-22 15:05:37.883,16998,17000,16998,1,-1
2021-06-22 15:05:38.324,16998,16999,16998,1,-1
2021-06-22 15:05:39.846,16998,16999,16998,1,-1
2021-06-22 15:05:39.853,16998,16999,16999,1,1
2021-06-22 15:05:40.102,16998,16999,16998,1,-1
2021-06-22 15:05:40.840,16998,16999,16998,1,-1
2021-06-22 15:05:42.127,16998,16999,16998,4,-4
2021-06-22 15:05:42.303,16998,16999,16998,1,-1
2021-06-22 15:05:43.442,16998,16999,16998,1,-1
2021-06-22 15:05:44.547,16998,16999,16999,2,2
2021-06-22 15:05:45.126,16999,17000,17000,23,23
2021-06-22 15:05:45.127,16999,17000,17001,1,1
2021-06-22 15:05:45.415,17001,17002,17001,1,-1
2021-06-22 15:05:45.726,17000,17002,17001,1,-1
2021-06-22 15:05:47.970,17001,17002,17001,1,-1
2021-06-22 15:05:50.881,17000,17001,17000,4,-4
2021-06-22 15:05:50.881,17000,17001,16999,2,-2
2021-06-22 15:05:51.582,16999,17001,16999,1,-1
2021-06-22 15:05:52.088,17000,17001,17001,1,1
2021-06-22 15:05:52.705,17000,17001,17000,1,-1
2021-06-22 15:05:53.223,17000,17001,17000,1,-1
2021-06-22 15:05:53.351,17000,17001,17001,1,1
2021-06-22 15:05:54.934,17000,17001,17001,1,1
2021-06-22 15:05:54.996,17000,17001,17001,1,1
2021-06-22 15:05:55.503,17000,17001,17001,1,1
2021-06-22 15:05:56.272,17000,17001,17000,1,-1
2021-06-22 15:05:58.647,17000,17001,17000,1,-1
2021-06-22 15:05:59.226,17000,17001,17000,1,-1
2021-06-22 15:05:59.946,16999,17001,16999,2,-2
2021-06-22 15:06:00.118,16999,17001,17000,1,1
2021-06-22 15:06:00.126,16999,17001,17001,1,1
2021-06-22 15:06:02.241,16999,17000,17000,1,1
2021-06-22 15:06:02.249,16999,17001,17001,1,1
2021-06-22 15:06:04.619,16998,17000,17000,1,1
2021-06-22 15:06:07.057,16999,17000,16999,1,-1
2021-06-22 15:06:07.057,16999,17000,16999,1,-1
2021-06-22 15:06:07.057,16999,17000,16999,2,-2
2021-06-22 15:06:07.158,16998,16999,16998,2,-2
2021-06-22 15:06:07.347,16998,16999,16998,1,-1
2021-06-22 15:06:07.347,16998,16999,16998,1,-1
2021-06-22 15:06:07.347,16998,16999,16998,3,-3
2021-06-22 15:06:07.347,16998,16999,16998,1,-1
2021-06-22 15:06:08.244,16997,16998,16998,1,1
2021-06-22 15:06:08.249,16997,16998,16998,1,1
2021-06-22 15:06:08.250,16997,16998,16998,1,1
2021-06-22 15:06:11.438,16997,16998,16997,2,-2
2021-06-22 15:06:11.574,16997,16998,16997,3,-3
2021-06-22 15:06:12.918,16996,16998,16997,1,-1
2021-06-22 15:06:14.669,16996,16998,16996,1,-1
2021-06-22 15:06:14.843,16996,16998,16998,1,1
2021-06-22 15:06:14.843,16996,16998,16998,1,1
2021-06-22 15:06:14.868,16996,16998,16998,1,1
2021-06-22 15:06:14.945,16996,16998,16996,13,-13
2021-06-22 15:06:15.079,16995,16997,16995,2,-2
2021-06-22 15:06:15.286,16995,16997,16995,1,-1
2021-06-22 15:06:15.559,16995,16997,16995,1,-1
2021-06-22 15:06:15.567,16995,16997,16995,1,-1
2021-06-22 15:06:15.681,16995,16997,16995,1,-1
2021-06-22 15:06:17.388,16995,16997,16995,2,-2
2021-06-22 15:06:17.673,16995,16997,16995,1,-1
2021-06-22 15:06:19.267,16995,16996,16996,1,1
2021-06-22 15:06:19.374,16995,16997,16997,1,1
2021-06-22 15:06:19.374,16995,16997,16997,1,1
2021-06-22 15:06:19.375,16995,16997,16997,1,1
2021-06-22 15:06:19.645,16996,16997,16996,1,-1
2021-06-22 15:06:19.834,16996,16997,16996,1,-1
2021-06-22 15:06:20.158,16996,16997,16996,2,-2
2021-06-22 15:06:20.451,16995,16997,16997,1,1
2021-06-22 15:06:20.739,16996,16997,16996,2,-2
2021-06-22 15:06:22.122,16996,16997,16997,1,1
2021-06-22 15:06:22.868,16996,16998,16997,2,-2
2021-06-22 15:06:22.868,16996,16998,16996,4,-4
2021-06-22 15:06:23.397,16996,16998,16996,5,-5
2021-06-22 15:06:24.480,16996,16997,16997,1,1
2021-06-22 15:06:25.009,16996,16998,16998,1,1
2021-06-22 15:06:28.190,16996,16998,16996,2,-2
2021-06-22 15:06:29.122,16997,16998,16998,4,4
2021-06-22 15:06:29.655,16997,16999,16999,1,1
2021-06-22 15:06:29.791,16997,16999,16998,1,-1
2021-06-22 15:06:29.853,16997,16999,16999,4,4
2021-06-22 15:06:29.872,16998,16999,16999,4,4
2021-06-22 15:06:29.873,16998,16999,16999,1,1
2021-06-22 15:06:29.873,16998,16999,16999,4,4
2021-06-22 15:06:36.363,16999,17000,16999,1,-1
2021-06-22 15:06:36.363,16999,17000,16998,1,-1
2021-06-22 15:06:37.524,16997,16999,16999,1,1
2021-06-22 15:06:37.624,16997,17000,17000,1,1
2021-06-22 15:06:37.836,16997,17000,17000,1,1
2021-06-22 15:06:40.332,16998,16999,16998,1,-1
2021-06-22 15:06:40.995,16998,16999,16999,1,1
2021-06-22 15:06:42.402,16998,16999,16999,2,2
2021-06-22 15:06:42.402,16998,16999,17000,3,3
2021-06-22 15:06:44.398,16998,17000,17000,1,1
2021-06-22 15:06:45.802,16999,17000,17000,1,1
2021-06-22 15:06:47.595,16999,17000,16999,2,-2
2021-06-22 15:06:50.499,16998,17000,17000,4,4
2021-06-22 15:06:54.761,16999,17000,16999,1,-1
2021-06-22 15:06:57.006,16999,17000,16999,1,-1
2021-06-22 15:07:01.142,16998,16999,16999,1,1
2021-06-22 15:07:01.389,16998,16999,16998,1,-1
2021-06-22 15:07:01.389,16998,16999,16998,1,-1
2021-06-22 15:07:01.390,16998,16999,16998,5,-5
2021-06-22 15:07:01.390,16998,16999,16998,1,-1
2021-06-22 15:07:02.005,16998,16999,16999,1,1
2021-06-22 15:07:03.706,16998,16999,16998,1,-1
2021-06-22 15:07:08.489,16997,16998,16998,1,1
2021-06-22 15:07:08.530,16997,16998,16997,1,-1
2021-06-22 15:07:09.527,16997,16998,16997,2,-2
2021-06-22 15:07:10.799,16997,16999,16999,2,2
2021-06-22 15:07:13.944,16998,16999,16999,1,1
2021-06-22 15:07:15.442,16998,16999,16999,1,1
2021-06-22 15:07:16.003,16998,16999,16998,1,-1
2021-06-22 15:07:16.072,16998,16999,16998,1,-1
2021-06-22 15:07:20.759,16997,16998,16997,1,-1
2021-06-22 15:07:24.350,16997,16998,16997,1,-1
2021-06-22 15:07:26.876,16997,16998,16998,2,2
2021-06-22 15:07:28.574,16997,16999,16999,1,1
2021-06-22 15:07:28.574,16997,16999,16999,20,20
2021-06-22 15:07:28.819,16999,17000,16999,1,-1
2021-06-22 15:07:31.644,16999,17000,17000,1,1
2021-06-22 15:07:33.421,16999,17000,17000,1,1
2021-06-22 15:07:34.503,16999,17000,16999,1,-1
2021-06-22 15:07:36.260,16999,17000,16999,1,-1
2021-06-22 15:07:41.882,16999,17000,17000,1,1
2021-06-22 15:07:42.377,16999,17000,17000,1,1
2021-06-22 15:07:42.377,16999,17000,17000,1,1
2021-06-22 15:07:42.377,16999,17000,17000,1,1
2021-06-22 15:07:42.377,16999,17000,17000,1,1
2021-06-22 15:07:42.377,16999,17000,17000,1,1
2021-06-22 15:07:42.377,16999,17000,17000,1,1
2021-06-22 15:07:42.378,16999,17000,17000,1,1
2021-06-22 15:07:42.378,16999,17000,17000,6,6
2021-06-22 15:07:43.354,17000,17001,17000,1,-1
2021-06-22 15:07:43.761,17000,17001,17001,4,4
2021-06-22 15:07:52.811,17001,17002,17002,1,1
2021-06-22 15:07:53.160,17001,17002,17001,8,-8
2021-06-22 15:07:53.395,17000,17001,17001,1,1
2021-06-22 15:07:55.539,17000,17001,17001,1,1
2021-06-22 15:07:55.829,17000,17001,17001,1,1
2021-06-22 15:07:59.009,17000,17001,17001,3,3
2021-06-22 15:07:59.010,17000,17001,17001,1,1
2021-06-22 15:07:59.820,17000,17001,17001,1,1
2021-06-22 15:08:04.117,17001,17002,17001,2,-2
2021-06-22 15:08:04.477,17000,17002,17000,1,-1
2021-06-22 15:08:08.619,17001,17002,17002,1,1
2021-06-22 15:08:08.621,17001,17002,17002,4,4
2021-06-22 15:08:11.261,17002,17003,17003,1,1
2021-06-22 15:08:11.261,17002,17003,17004,4,4
2021-06-22 15:08:11.409,17002,17004,17002,4,-4
2021-06-22 15:08:11.413,17002,17004,17002,4,-4
2021-06-22 15:08:11.413,17002,17004,17001,4,-4
2021-06-22 15:08:11.413,17002,17004,17001,4,-4
2021-06-22 15:08:15.324,17001,17002,17001,1,-1
2021-06-22 15:08:16.822,17001,17002,17002,2,2
2021-06-22 15:08:20.666,17001,17002,17002,1,1
2021-06-22 15:08:20.980,17001,17002,17002,1,1
2021-06-22 15:08:22.960,17001,17003,17001,2,-2
2021-06-22 15:08:24.518,17001,17004,17002,1,1
2021-06-22 15:08:25.308,17001,17004,17002,1,-1
2021-06-22 15:08:25.308,17001,17004,17002,3,-3
2021-06-22 15:08:25.309,17001,17004,17002,2,-2
2021-06-22 15:08:29.975,17002,17004,17004,1,1
2021-06-22 15:08:31.362,17002,17004,17002,2,-2
2021-06-22 15:08:33.013,17003,17004,17003,1,1
2021-06-22 15:08:33.453,17002,17004,17004,1,1
2021-06-22 15:08:33.574,17002,17004,17004,1,1
2021-06-22 15:08:33.723,17002,17004,17004,1,1
2021-06-22 15:08:34.092,17002,17005,17005,2,2
2021-06-22 15:08:35.412,17002,17004,17004,2,2
2021-06-22 15:08:35.468,17002,17004,17004,1,1
2021-06-22 15:08:37.883,17002,17004,17004,8,8
2021-06-22 15:08:39.390,17003,17005,17003,1,-1
2021-06-22 15:08:39.802,17003,17005,17005,1,1
2021-06-22 15:08:41.779,17004,17005,17004,1,-1
2021-06-22 15:08:42.697,17003,17005,17004,1,-1
2021-06-22 15:08:45.834,17003,17004,17003,1,-1
2021-06-22 15:08:46.253,17002,17004,17004,1,1
2021-06-22 15:08:47.442,17002,17004,17004,2,2
2021-06-22 15:08:48.513,17003,17004,17004,1,1
2021-06-22 15:08:50.136,17003,17004,17004,3,3
2021-06-22 15:08:51.168,17003,17004,17004,1,1
2021-06-22 15:08:55.997,17003,17004,17004,1,1
2021-06-22 15:08:59.756,17004,17005,17005,1,1
2021-06-22 15:09:00.258,17004,17005,17005,11,11
2021-06-22 15:09:00.258,17004,17005,17005,2,2
2021-06-22 15:09:00.272,17004,17005,17006,2,2
2021-06-22 15:09:01.714,17005,17006,17006,1,1
2021-06-22 15:09:01.747,17005,17006,17006,1,1
2021-06-22 15:09:04.068,17005,17007,17005,4,-4
2021-06-22 15:09:04.068,17005,17007,17004,9,-9
2021-06-22 15:09:04.070,17005,17007,17004,2,-2
2021-06-22 15:09:04.070,17005,17007,17004,5,-5
2021-06-22 15:09:04.191,17004,17006,17006,1,1
2021-06-22 15:09:04.192,17004,17006,17006,1,1
2021-06-22 15:09:04.616,17005,17007,17007,1,1
2021-06-22 15:09:04.668,17005,17007,17007,1,1
2021-06-22 15:09:07.733,17005,17006,17006,1,1
2021-06-22 15:09:07.733,17005,17006,17007,4,4
2021-06-22 15:09:09.467,17006,17007,17006,2,-2
2021-06-22 15:09:10.110,17006,17007,17007,1,1
2021-06-22 15:09:11.035,17006,17007,17007,1,1
2021-06-22 15:09:11.158,17006,17007,17006,1,-1
2021-06-22 15:09:11.206,17006,17007,17006,1,-1
2021-06-22 15:09:11.234,17006,17007,17007,1,1
2021-06-22 15:09:11.370,17006,17007,17007,1,1
2021-06-22 15:09:12.035,17006,17008,17008,1,1
2021-06-22 15:09:12.151,17006,17008,17008,1,1
2021-06-22 15:09:12.196,17006,17008,17008,1,1
2021-06-22 15:09:12.348,17006,17008,17008,1,1
2021-06-22 15:09:14.196,17006,17007,17007,1,1
2021-06-22 15:09:15.567,17006,17007,17007,1,1
2021-06-22 15:09:19.399,17007,17008,17008,5,5
2021-06-22 15:09:21.829,17007,17008,17007,1,-1
2021-06-22 15:09:22.436,17007,17008,17007,1,-1
2021-06-22 15:09:23.528,17007,17008,17008,2,2
2021-06-22 15:09:24.501,17007,17008,17007,1,-1
2021-06-22 15:09:25.761,17007,17008,17007,1,-1
2021-06-22 15:09:25.761,17007,17008,17007,1,-1
2021-06-22 15:09:26.771,17006,17007,17006,1,-1
2021-06-22 15:09:29.689,17007,17008,17007,1,1
2021-06-22 15:09:34.880,17006,17007,17006,3,-3
2021-06-22 15:09:36.399,17005,17007,17007,1,1
2021-06-22 15:09:36.600,17005,17007,17007,1,1
2021-06-22 15:09:47.806,17006,17007,17007,1,1
2021-06-22 15:09:47.806,17006,17007,17007,2,2
2021-06-22 15:09:48.009,17006,17008,17008,4,4
2021-06-22 15:09:48.115,17006,17008,17008,1,1
2021-06-22 15:09:50.500,17008,17009,17009,5,5
2021-06-22 15:09:50.617,17008,17009,17008,1,-1
2021-06-22 15:09:51.258,17008,17009,17009,1,1
2021-06-22 15:09:57.933,17007,17008,17007,2,-2
2021-06-22 15:09:59.779,17007,17008,17008,1,1
2021-06-22 15:10:00.245,17007,17008,17008,2,2
2021-06-22 15:10:01.630,17007,17008,17007,2,-2
2021-06-22 15:10:03.083,17006,17007,17006,1,-1
2021-06-22 15:10:03.117,17006,17007,17005,1,-1
2021-06-22 15:10:03.128,17005,17006,17005,1,-1
2021-06-22 15:10:03.139,17005,17006,17005,1,-1
2021-06-22 15:10:05.967,17004,17005,17004,1,-1
2021-06-22 15:10:05.967,17004,17005,17004,1,-1
2021-06-22 15:10:05.967,17004,17005,17004,1,-1
2021-06-22 15:10:05.967,17004,17005,17004,1,-1
2021-06-22 15:10:07.979,17004,17005,17004,1,-1
2021-06-22 15:10:10.087,17003,17005,17005,5,5
2021-06-22 15:10:10.862,17004,17006,17004,1,-1
2021-06-22 15:10:12.082,17004,17006,17004,8,-8
2021-06-22 15:10:19.372,17004,17005,17004,1,-1
2021-06-22 15:10:24.428,17003,17005,17005,2,2
2021-06-22 15:10:25.926,17004,17005,17004,1,-1
2021-06-22 15:10:27.668,17003,17004,17003,2,-2
2021-06-22 15:10:29.346,17003,17004,17003,2,-2
2021-06-22 15:10:35.860,17003,17004,17003,1,-1
2021-06-22 15:10:36.017,17003,17004,17003,1,-1
2021-06-22 15:10:38.615,17003,17004,17003,4,-4
2021-06-22 15:10:40.016,17003,17004,17003,5,-5
2021-06-22 15:10:40.417,17002,17003,17003,1,1
2021-06-22 15:10:44.058,17003,17004,17004,5,5
2021-06-22 15:10:47.427,17003,17005,17004,1,-1
2021-06-22 15:10:50.699,17003,17004,17004,1,1
2021-06-22 15:10:50.700,17003,17004,17003,1,-1
2021-06-22 15:10:52.481,17002,17004,17002,9,-9
2021-06-22 15:10:52.482,17002,17004,17001,8,-8
2021-06-22 15:10:52.558,17000,17002,17002,1,1
2021-06-22 15:10:53.847,17001,17002,17001,1,-1
2021-06-22 15:10:53.847,17001,17002,17000,1,-1
2021-06-22 15:10:54.288,17000,17002,17002,1,1
2021-06-22 15:10:56.299,17000,17002,17001,1,-1
2021-06-22 15:11:00.748,17000,17001,17000,7,-7
2021-06-22 15:11:00.748,17000,17001,17000,14,-14
2021-06-22 15:11:08.395,16999,17000,17000,1,1
2021-06-22 15:11:08.395,16999,17000,17000,1,1
2021-06-22 15:11:09.012,16999,17001,16999,6,-6
2021-06-22 15:11:09.139,16999,17001,16999,4,-4
2021-06-22 15:11:09.139,16999,17001,16998,1,-1
2021-06-22 15:11:10.033,16999,17001,16999,1,1
2021-06-22 15:11:11.517,17000,17001,17001,1,1
2021-06-22 15:11:11.517,17000,17001,17001,3,3
2021-06-22 15:11:13.119,17001,17002,17002,6,6
2021-06-22 15:11:18.479,17003,17004,17003,1,1
2021-06-22 15:11:18.701,17003,17004,17004,1,1
2021-06-22 15:11:18.996,17003,17004,17003,2,-2
2021-06-22 15:11:18.996,17003,17004,17002,4,-4
2021-06-22 15:11:18.996,17003,17004,17001,2,-2
2021-06-22 15:11:19.493,17002,17004,17004,5,5
2021-06-22 15:11:22.743,17002,17003,17003,1,1
2021-06-22 15:11:24.381,17002,17003,17002,2,-2
2021-06-22 15:11:24.944,17002,17003,17003,1,1
2021-06-22 15:11:24.944,17002,17003,17004,1,1
2021-06-22 15:11:26.157,17003,17004,17004,1,1
2021-06-22 15:11:26.157,17003,17004,17005,4,4
2021-06-22 15:11:31.467,17004,17005,17005,4,4
2021-06-22 15:11:34.118,17004,17006,17006,2,2
2021-06-22 15:11:34.118,17004,17006,17007,3,3
2021-06-22 15:11:37.581,17005,17006,17005,1,-1
2021-06-22 15:11:38.329,17005,17006,17006,1,1
2021-06-22 15:11:41.274,17005,17006,17006,2,2
2021-06-22 15:11:46.995,17005,17007,17007,5,5
2021-06-22 15:11:47.671,17005,17007,17007,1,1
2021-06-22 15:11:50.821,17006,17007,17006,1,-1
2021-06-22 15:11:50.821,17006,17007,17005,5,-5
2021-06-22 15:11:55.738,17005,17006,17005,1,-1
2021-06-22 15:11:56.040,17004,17005,17004,1,-1
2021-06-22 15:11:56.052,17004,17005,17004,1,-1
2021-06-22 15:11:56.895,17003,17005,17003,1,-1
2021-06-22 15:11:56.895,17003,17005,17003,1,-1
2021-06-22 15:11:56.895,17003,17005,17003,7,-7
2021-06-22 15:11:58.141,17002,17004,17002,2,-2
2021-06-22 15:11:58.141,17002,17004,17001,1,-1
2021-06-22 15:12:01.414,17000,17002,17002,4,4
2021-06-22 15:12:03.277,17001,17002,17002,1,1
2021-06-22 15:12:03.513,17001,17002,17001,2,-2
2021-06-22 15:12:04.294,17001,17002,17001,1,-1
2021-06-22 15:12:05.032,17001,17002,17002,1,1
2021-06-22 15:12:05.134,17001,17002,17001,1,-1
2021-06-22 15:12:06.818,17000,17001,17001,1,1
2021-06-22 15:12:07.698,17000,17001,17000,1,-1
2021-06-22 15:12:07.698,17000,17001,17000,1,-1
2021-06-22 15:12:07.698,17000,17001,17000,1,-1
2021-06-22 15:12:08.113,16999,17000,16999,2,-2
2021-06-22 15:12:09.056,16998,17000,17000,1,1
2021-06-22 15:12:09.606,16998,17001,16998,1,-1
2021-06-22 15:12:12.466,16999,17001,16999,3,3
2021-06-22 15:12:13.614,16999,17002,16999,1,-1
2021-06-22 15:12:17.269,17000,17002,17000,1,1
2021-06-22 15:12:17.848,17001,17003,17001,2,2
2021-06-22 15:12:18.509,17001,17003,17001,1,-1
2021-06-22 15:12:19.425,17001,17003,17003,5,5
2021-06-22 15:12:21.653,17001,17003,17001,1,-1
2021-06-22 15:12:21.739,17001,17003,17003,2,2
2021-06-22 15:12:29.893,17001,17003,17001,1,-1
2021-06-22 15:12:30.594,17001,17003,17001,2,-2
2021-06-22 15:12:31.103,17001,17002,17001,2,-2
2021-06-22 15:12:31.531,17001,17002,17002,1,1
2021-06-22 15:12:33.454,17001,17002,17001,2,-2
2021-06-22 15:12:38.173,17001,17002,17001,1,-1
2021-06-22 15:12:38.173,17001,17002,17001,1,-1
2021-06-22 15:12:44.329,17000,17001,17001,1,1
2021-06-22 15:12:44.329,17000,17001,17001,2,2
2021-06-22 15:12:46.610,17000,17002,17000,2,-2
2021-06-22 15:12:54.287,17000,17002,17000,2,-2
2021-06-22 15:12:59.579,17001,17003,17001,1,1
2021-06-22 15:13:12.255,17001,17003,17001,1,-1
2021-06-22 15:13:13.847,17001,17003,17001,1,-1
2021-06-22 15:13:16.689,17000,17001,17000,1,-1
2021-06-22 15:13:20.143,17000,17001,17001,1,1
2021-06-22 15:13:32.689,17001,17003,17003,1,1
2021-06-22 15:13:32.939,17001,17003,17003,4,4
2021-06-22 15:13:36.790,17002,17004,17004,2,2
2021-06-22 15:13:47.357,17003,17004,17003,1,-1
2021-06-22 15:13:49.087,17002,17003,17002,1,-1
2021-06-22 15:13:49.087,17002,17003,17002,1,-1
2021-06-22 15:13:50.955,17001,17002,17001,2,-2
2021-06-22 15:13:50.956,17001,17002,17001,3,-3
2021-06-22 15:13:50.956,17001,17002,17001,2,-2
2021-06-22 15:13:50.993,17001,17002,17002,1,1
2021-06-22 15:13:54.975,17000,17002,17001,1,-1
2021-06-22 15:14:12.276,17001,17002,17002,1,1
2021-06-22 15:14:12.949,17001,17002,17001,1,-1
2021-06-22 15:14:12.950,17001,17002,17001,3,-3
2021-06-22 15:14:12.950,17001,17002,17001,1,-1
2021-06-22 15:14:12.950,17001,17002,17001,1,-1
2021-06-22 15:14:18.346,17000,17001,17000,1,-1
2021-06-22 15:14:18.454,17000,17001,17000,6,-6
2021-06-22 15:14:19.681,16999,17000,16999,1,-1
2021-06-22 15:14:19.813,16998,16999,16999,1,1
2021-06-22 15:14:22.752,16998,16999,16999,2,2
2021-06-22 15:14:28.283,16999,17000,17000,1,1
2021-06-22 15:14:28.311,16999,17000,17000,1,1
2021-06-22 15:14:30.558,17000,17001,17000,1,-1
2021-06-22 15:14:30.941,17000,17001,17001,1,1
2021-06-22 15:14:35.290,17001,17003,17003,1,1
2021-06-22 15:14:38.163,17001,17002,17002,1,1
2021-06-22 15:14:38.163,17001,17002,17003,1,1
2021-06-22 15:14:48.590,17001,17002,17001,1,-1
2021-06-22 15:14:53.166,16999,17001,16999,2,-2
2021-06-22 15:14:57.262,16999,17000,16999,3,-3
2021-06-22 15:15:03.038,16999,17000,16999,1,-1
2021-06-22 15:15:03.295,16999,17000,16999,1,-1
2021-06-22 15:15:03.298,16999,17000,16998,6,-6
2021-06-22 15:15:03.300,16999,17000,16998,1,-1
2021-06-22 15:15:03.306,16999,17000,16998,5,-5
2021-06-22 15:15:03.335,16999,17000,16997,6,-6
2021-06-22 15:15:04.094,16997,16999,16997,5,-5
2021-06-22 15:15:04.246,16997,16999,16997,2,-2
2021-06-22 15:15:04.246,16997,16999,16996,3,-3
2021-06-22 15:15:04.481,16996,16999,16996,5,-5
2021-06-22 15:15:04.723,16996,16999,16996,5,-5
2021-06-22 15:15:04.941,16996,16998,16996,4,-4
2021-06-22 15:15:04.941,16996,16998,16995,1,-1
2021-06-22 15:15:05.124,16995,16998,16995,1,-1
2021-06-22 15:15:05.187,16995,16998,16995,1,-1
2021-06-22 15:15:05.209,16995,16998,16995,3,-3
2021-06-22 15:15:05.746,16995,16998,16995,1,-1
2021-06-22 15:15:05.834,16995,16998,16995,1,-1
2021-06-22 15:15:05.896,16995,16998,16995,1,-1
2021-06-22 15:15:05.915,16995,16998,16995,1,-1
2021-06-22 15:15:07.643,16995,16996,16995,1,-1
2021-06-22 15:15:08.283,16995,16996,16995,1,-1
2021-06-22 15:15:08.795,16995,16996,16995,1,-1
2021-06-22 15:15:08.955,16995,16996,16995,1,-1
2021-06-22 15:15:09.064,16995,16996,16995,1,-1
2021-06-22 15:15:11.389,16995,16996,16995,1,-1
2021-06-22 15:15:12.651,16995,16996,16995,2,-2
2021-06-22 15:15:12.964,16995,16996,16995,1,-1
2021-06-22 15:15:14.729,16995,16996,16995,1,-1
2021-06-22 15:15:15.240,16995,16996,16996,1,1
2021-06-22 15:15:17.661,16995,16996,16996,1,1
2021-06-22 15:15:20.169,16995,16996,16995,1,-1
2021-06-22 15:15:22.041,16995,16996,16995,2,-2
2021-06-22 15:15:22.041,16995,16996,16994,3,-3
2021-06-22 15:15:22.272,16994,16996,16994,1,-1
2021-06-22 15:15:22.358,16994,16996,16994,1,-1
2021-06-22 15:15:22.362,16994,16996,16994,1,-1
2021-06-22 15:15:23.074,16994,16996,16996,5,5
2021-06-22 15:15:23.394,16995,16996,16995,3,-3
2021-06-22 15:15:23.394,16995,16996,16994,2,-2
2021-06-22 15:15:27.278,16995,16996,16995,1,1
2021-06-22 15:15:28.138,16995,16996,16995,2,-2
2021-06-22 15:15:28.832,16995,16996,16996,6,6
2021-06-22 15:15:28.871,16995,16996,16995,3,-3
2021-06-22 15:15:29.321,16996,16997,16996,1,1
2021-06-22 15:15:29.321,16996,16997,16995,2,-2
2021-06-22 15:15:31.576,16996,16997,16996,1,1
2021-06-22 15:15:32.972,16996,16997,16996,1,-1
2021-06-22 15:15:32.972,16996,16997,16995,3,-3
2021-06-22 15:15:34.295,16995,16996,16995,1,-1
2021-06-22 15:15:34.453,16995,16996,16995,2,-2
2021-06-22 15:15:34.453,16995,16996,16994,2,-2
2021-06-22 15:15:35.868,16994,16996,16994,1,-1
2021-06-22 15:15:37.020,16994,16995,16994,1,-1
2021-06-22 15:15:37.032,16994,16995,16994,1,-1
2021-06-22 15:15:37.033,16994,16995,16994,3,-3
2021-06-22 15:15:37.490,16993,16995,16993,9,-9
2021-06-22 15:15:37.490,16993,16995,16993,1,-1
2021-06-22 15:15:37.532,16993,16994,16993,2,-2
2021-06-22 15:15:37.533,16993,16994,16993,7,-7
2021-06-22 15:15:37.533,16993,16994,16992,1,-1
2021-06-22 15:15:37.534,16993,16994,16992,4,-4
2021-06-22 15:15:37.535,16993,16994,16992,1,-1
2021-06-22 15:15:37.535,16993,16994,16992,12,-12
2021-06-22 15:15:37.535,16993,16994,16992,2,-2
2021-06-22 15:15:37.535,16993,16994,16992,2,-2
2021-06-22 15:15:37.535,16993,16994,16992,1,-1
2021-06-22 15:15:37.535,16993,16994,16992,1,-1
2021-06-22 15:15:37.535,16993,16994,16992,3,-3
2021-06-22 15:15:37.535,16993,16994,16992,1,-1
2021-06-22 15:15:37.536,16993,16994,16992,1,-1
2021-06-22 15:15:37.536,16993,16994,16992,3,-3
2021-06-22 15:15:37.536,16993,16994,16992,6,-6
2021-06-22 15:15:37.537,16993,16994,16991,6,-6
2021-06-22 15:15:37.537,16993,16994,16991,4,-4
2021-06-22 15:15:37.646,16991,16992,16991,2,-2
2021-06-22 15:15:37.647,16991,16992,16991,5,-5
2021-06-22 15:15:37.647,16991,16992,16991,3,-3
2021-06-22 15:15:37.648,16991,16992,16991,1,-1
2021-06-22 15:15:37.649,16991,16992,16991,3,-3
2021-06-22 15:15:37.651,16991,16992,16991,6,-6
2021-06-22 15:15:37.651,16991,16992,16991,1,-1
2021-06-22 15:15:37.651,16991,16992,16991,3,-3
2021-06-22 15:15:37.651,16991,16992,16991,1,-1
2021-06-22 15:15:37.651,16991,16992,16991,3,-3
2021-06-22 15:15:37.651,16991,16992,16990,7,-7
2021-06-22 15:15:37.670,16991,16992,16990,29,-29
2021-06-22 15:15:37.670,16991,16992,16989,1,-1
2021-06-22 15:15:37.782,16989,16990,16989,1,-1
2021-06-22 15:15:37.802,16989,16990,16989,1,-1
2021-06-22 15:15:37.818,16989,16990,16989,1,-1
2021-06-22 15:15:37.823,16989,16990,16990,1,1
2021-06-22 15:15:37.852,16989,16990,16988,1,-1
2021-06-22 15:15:37.920,16988,16990,16988,3,-3
2021-06-22 15:15:37.920,16988,16990,16988,2,-2
2021-06-22 15:15:37.931,16988,16990,16988,5,-5
2021-06-22 15:15:37.958,16988,16990,16988,3,-3
2021-06-22 15:15:37.973,16988,16990,16988,4,-4
2021-06-22 15:15:37.973,16988,16990,16987,2,-2
2021-06-22 15:15:38.004,16987,16989,16987,1,-1
2021-06-22 15:15:38.015,16987,16989,16987,1,-1
2021-06-22 15:15:38.026,16987,16989,16987,2,-2
2021-06-22 15:15:38.042,16987,16989,16987,1,-1
2021-06-22 15:15:38.051,16987,16989,16987,2,-2
2021-06-22 15:15:38.056,16987,16989,16987,4,-4
2021-06-22 15:15:38.105,16987,16989,16987,1,-1
2021-06-22 15:15:38.109,16987,16989,16986,1,-1
2021-06-22 15:15:38.125,16986,16988,16986,1,-1
2021-06-22 15:15:38.133,16986,16988,16986,1,-1
2021-06-22 15:15:38.156,16986,16988,16986,1,-1
2021-06-22 15:15:38.194,16986,16988,16986,1,-1
2021-06-22 15:15:38.228,16986,16988,16986,1,-1
2021-06-22 15:15:38.234,16986,16988,16987,1,1
2021-06-22 15:15:38.259,16986,16988,16986,1,-1
2021-06-22 15:15:38.307,16986,16988,16986,1,-1
2021-06-22 15:15:38.355,16986,16988,16987,1,1
2021-06-22 15:15:38.360,16986,16988,16987,1,-1
2021-06-22 15:15:38.381,16987,16988,16987,1,-1
2021-06-22 15:15:38.417,16987,16988,16987,1,-1
2021-06-22 15:15:38.431,16987,16988,16987,1,-1
2021-06-22 15:15:38.533,16987,16988,16987,1,-1
2021-06-22 15:15:38.540,16987,16988,16987,2,-2
2021-06-22 15:15:38.545,16987,16988,16987,1,-1
2021-06-22 15:15:38.563,16987,16988,16987,1,-1
2021-06-22 15:15:38.577,16987,16988,16987,2,-2
2021-06-22 15:15:38.587,16987,16988,16987,2,-2
2021-06-22 15:15:38.588,16987,16988,16987,3,-3
2021-06-22 15:15:38.595,16987,16988,16987,1,-1
2021-06-22 15:15:38.621,16987,16988,16988,5,5
2021-06-22 15:15:38.633,16987,16989,16987,1,-1
2021-06-22 15:15:38.740,16987,16989,16987,2,-2
2021-06-22 15:15:38.757,16987,16989,16987,1,-1
2021-06-22 15:15:38.761,16987,16989,16987,1,-1
2021-06-22 15:15:38.771,16987,16989,16987,1,-1
2021-06-22 15:15:38.814,16987,16989,16986,1,-1
2021-06-22 15:15:38.831,16987,16989,16986,1,-1
2021-06-22 15:15:38.838,16987,16989,16986,1,-1
2021-06-22 15:15:38.842,16987,16989,16986,1,-1
2021-06-22 15:15:38.848,16987,16989,16986,1,-1
2021-06-22 15:15:38.862,16987,16989,16986,1,-1
2021-06-22 15:15:38.862,16987,16989,16986,1,-1
2021-06-22 15:15:38.883,16986,16989,16986,1,-1
2021-06-22 15:15:38.894,16986,16989,16988,2,2
2021-06-22 15:15:38.976,16986,16989,16987,1,-1
2021-06-22 15:15:38.979,16986,16989,16987,1,-1
2021-06-22 15:15:38.979,16986,16989,16986,1,-1
2021-06-22 15:15:39.019,16986,16989,16986,1,-1
2021-06-22 15:15:39.037,16986,16989,16986,1,-1
2021-06-22 15:15:39.048,16986,16989,16986,1,-1
2021-06-22 15:15:39.050,16986,16989,16986,1,-1
2021-06-22 15:15:39.054,16986,16989,16987,1,1
2021-06-22 15:15:39.071,16986,16989,16987,1,-1
2021-06-22 15:15:39.100,16986,16989,16987,1,-1
2021-06-22 15:15:39.110,16986,16989,16987,1,-1
2021-06-22 15:15:39.132,16987,16989,16987,1,-1
2021-06-22 15:15:39.141,16987,16989,16987,1,-1
2021-06-22 15:15:39.142,16987,16989,16987,1,-1
2021-06-22 15:15:39.160,16987,16989,16987,1,-1
2021-06-22 15:15:39.181,16987,16989,16987,1,-1
2021-06-22 15:15:39.189,16987,16989,16987,1,-1
2021-06-22 15:15:39.198,16987,16989,16987,1,-1
2021-06-22 15:15:39.201,16987,16989,16987,1,-1
2021-06-22 15:15:39.207,16987,16989,16987,1,-1
2021-06-22 15:15:39.258,16987,16989,16987,1,-1
2021-06-22 15:15:39.265,16987,16989,16987,1,-1
2021-06-22 15:15:39.276,16987,16989,16987,2,-2
2021-06-22 15:15:39.298,16987,16989,16986,1,-1
2021-06-22 15:15:39.384,16986,16989,16987,1,1
2021-06-22 15:15:39.426,16986,16989,16987,1,-1
2021-06-22 15:15:39.431,16986,16989,16987,1,-1
2021-06-22 15:15:39.432,16986,16989,16987,1,-1
2021-06-22 15:15:39.483,16986,16989,16986,1,-1
2021-06-22 15:15:39.531,16986,16989,16986,1,-1
2021-06-22 15:15:39.541,16986,16989,16986,1,-1
2021-06-22 15:15:39.558,16986,16989,16986,1,-1
2021-06-22 15:15:39.585,16986,16989,16986,1,-1
2021-06-22 15:15:39.597,16986,16989,16988,4,4
2021-06-22 15:15:39.597,16986,16989,16988,1,-1
2021-06-22 15:15:39.605,16986,16989,16988,1,-1
2021-06-22 15:15:39.613,16986,16989,16988,1,-1
2021-06-22 15:15:39.668,16988,16989,16988,1,-1
2021-06-22 15:15:39.678,16988,16989,16988,1,-1
2021-06-22 15:15:39.696,16988,16989,16988,1,-1
2021-06-22 15:15:39.783,16986,16989,16986,1,-1
2021-06-22 15:15:39.803,16986,16989,16986,1,-1
2021-06-22 15:15:39.856,16986,16989,16986,1,-1
2021-06-22 15:15:40.008,16986,16989,16989,1,1
2021-06-22 15:15:40.235,16987,16989,16989,1,1
2021-06-22 15:15:40.466,16987,16989,16987,1,-1
2021-06-22 15:15:40.510,16987,16989,16987,1,-1
2021-06-22 15:15:40.551,16987,16989,16987,3,-3
2021-06-22 15:15:40.612,16987,16989,16987,1,-1
2021-06-22 15:15:40.652,16987,16989,16987,1,-1
2021-06-22 15:15:40.692,16987,16989,16987,1,-1
2021-06-22 15:15:40.803,16987,16989,16987,1,-1
2021-06-22 15:15:40.813,16987,16989,16987,1,-1
2021-06-22 15:15:40.855,16987,16989,16987,1,-1
2021-06-22 15:15:40.889,16987,16989,16987,2,-2
2021-06-22 15:15:40.910,16987,16989,16987,4,-4
2021-06-22 15:15:40.910,16987,16989,16986,2,-2
2021-06-22 15:15:40.985,16987,16989,16986,1,-1
2021-06-22 15:15:41.480,16986,16988,16988,2,2
2021-06-22 15:15:41.592,16986,16988,16986,1,-1
2021-06-22 15:15:41.672,16986,16988,16986,1,-1
2021-06-22 15:15:41.678,16986,16988,16986,1,-1
2021-06-22 15:15:42.900,16987,16989,16989,1,1
2021-06-22 15:15:42.900,16987,16989,16989,4,4
2021-06-22 15:15:43.259,16988,16990,16990,1,1
2021-06-22 15:15:43.462,16988,16990,16990,1,1
2021-06-22 15:15:43.471,16988,16990,16990,3,3
2021-06-22 15:15:44.192,16989,16991,16989,1,-1
2021-06-22 15:15:44.338,16989,16991,16989,1,-1
2021-06-22 15:15:44.931,16989,16991,16991,1,1
2021-06-22 15:15:45.288,16989,16991,16989,2,-2
2021-06-22 15:15:47.351,16989,16991,16991,1,1
2021-06-22 15:15:47.363,16989,16991,16991,2,2
2021-06-22 15:15:48.078,16990,16993,16991,1,-1
2021-06-22 15:15:52.183,16991,16993,16992,1,1
2021-06-22 15:15:53.166,16992,16993,16992,2,-2
2021-06-22 15:15:54.043,16992,16993,16993,1,1
2021-06-22 15:15:54.269,16992,16993,16992,2,-2
2021-06-22 15:15:54.876,16992,16993,16992,1,-1
2021-06-22 15:15:56.708,16991,16992,16991,1,-1
2021-06-22 15:15:57.165,16990,16992,16992,2,2
2021-06-22 15:15:57.578,16990,16991,16991,1,1
2021-06-22 15:15:58.573,16990,16992,16990,2,-2
2021-06-22 15:15:59.883,16990,16992,16992,1,1
2021-06-22 15:16:00.263,16990,16992,16990,1,-1
2021-06-22 15:16:00.747,16991,16992,16991,2,2
2021-06-22 15:16:01.273,16989,16992,16989,1,-1
2021-06-22 15:16:02.463,16989,16990,16990,1,1
2021-06-22 15:16:06.584,16990,16991,16991,2,2
2021-06-22 15:16:06.779,16990,16992,16990,2,-2
2021-06-22 15:16:08.375,16990,16992,16990,1,-1
2021-06-22 15:16:10.339,16989,16991,16991,1,1
2021-06-22 15:16:12.295,16989,16990,16990,1,1
2021-06-22 15:16:12.295,16989,16990,16991,1,1
2021-06-22 15:16:12.651,16989,16991,16991,2,2
2021-06-22 15:16:13.463,16989,16990,16990,2,2
2021-06-22 15:16:13.999,16989,16991,16991,2,2
2021-06-22 15:16:15.095,16990,16991,16991,2,2
2021-06-22 15:16:15.783,16990,16991,16991,2,2
2021-06-22 15:16:16.416,16990,16991,16990,1,-1
2021-06-22 15:16:17.486,16990,16991,16991,1,1
2021-06-22 15:16:17.591,16990,16991,16991,2,2
2021-06-22 15:16:18.439,16990,16991,16991,1,1
2021-06-22 15:16:18.439,16990,16991,16991,1,1
2021-06-22 15:16:20.305,16990,16991,16991,5,5
2021-06-22 15:16:22.415,16991,16992,16992,2,2
2021-06-22 15:16:23.699,16991,16992,16991,2,-2
2021-06-22 15:16:24.225,16991,16992,16992,1,1
2021-06-22 15:16:24.356,16991,16992,16992,1,1
2021-06-22 15:16:24.356,16991,16992,16992,3,3
2021-06-22 15:16:24.356,16991,16992,16992,1,1
2021-06-22 15:16:24.356,16991,16992,16992,6,6
2021-06-22 15:16:25.661,16992,16993,16992,1,-1
2021-06-22 15:16:26.591,16992,16993,16993,1,1
2021-06-22 15:16:26.592,16992,16993,16993,1,1
2021-06-22 15:16:31.479,16993,16994,16994,1,1
2021-06-22 15:16:32.122,16994,16995,16994,1,-1
2021-06-22 15:16:33.058,16993,16994,16994,1,1
2021-06-22 15:16:34.575,16993,16994,16994,2,2
2021-06-22 15:16:35.666,16994,16995,16994,1,-1
2021-06-22 15:16:36.667,16994,16995,16994,1,-1
2021-06-22 15:16:36.797,16993,16995,16993,2,-2
2021-06-22 15:16:39.447,16994,16995,16994,1,1
2021-06-22 15:16:40.258,16994,16995,16995,1,1
2021-06-22 15:16:40.393,16994,16995,16995,1,1
2021-06-22 15:16:40.393,16994,16995,16995,4,4
2021-06-22 15:16:40.645,16995,16996,16996,1,1
2021-06-22 15:16:40.709,16995,16996,16996,1,1
2021-06-22 15:16:41.375,16995,16996,16995,1,-1
2021-06-22 15:16:41.775,16995,16996,16996,1,1
2021-06-22 15:16:42.603,16996,16997,16997,2,2
2021-06-22 15:16:42.880,16996,16997,16996,1,-1
2021-06-22 15:16:43.003,16996,16997,16996,1,-1
2021-06-22 15:16:43.547,16995,16997,16997,2,2
2021-06-22 15:16:45.608,16996,16998,16996,6,-6
2021-06-22 15:16:46.203,16995,16998,16997,1,1
2021-06-22 15:16:46.786,16995,16997,16997,4,4
2021-06-22 15:16:46.787,16995,16997,16997,1,1
2021-06-22 15:16:49.092,16995,16997,16997,1,1
2021-06-22 15:16:49.556,16995,16997,16995,1,-1
2021-06-22 15:16:51.539,16995,16996,16996,2,2
2021-06-22 15:16:54.743,16995,16996,16996,2,2
2021-06-22 15:16:59.385,16996,16997,16996,3,-3
2021-06-22 15:16:59.385,16996,16997,16995,1,-1
2021-06-22 15:16:59.747,16996,16997,16996,1,1
2021-06-22 15:16:59.747,16996,16997,16995,1,-1
2021-06-22 15:17:01.168,16996,16997,16996,1,1
2021-06-22 15:17:03.104,16994,16996,16996,1,1
2021-06-22 15:17:04.857,16994,16996,16995,1,-1
2021-06-22 15:17:04.944,16994,16995,16994,1,-1
2021-06-22 15:17:04.944,16994,16995,16994,1,-1
2021-06-22 15:17:06.039,16993,16995,16993,5,-5
2021-06-22 15:17:06.226,16993,16995,16993,2,-2
2021-06-22 15:17:07.056,16993,16994,16993,4,-4
2021-06-22 15:17:07.977,16992,16993,16992,1,-1
2021-06-22 15:17:08.367,16992,16993,16993,1,1
2021-06-22 15:17:08.702,16992,16993,16992,2,-2
2021-06-22 15:17:08.966,16991,16992,16992,1,1
2021-06-22 15:17:09.481,16991,16992,16992,2,2
2021-06-22 15:17:12.803,16991,16994,16992,1,-1
2021-06-22 15:17:14.968,16991,16993,16991,1,-1
2021-06-22 15:17:15.021,16991,16993,16993,2,2
2021-06-22 15:17:16.248,16993,16995,16993,1,-1
2021-06-22 15:17:19.668,16993,16994,16993,1,-1
2021-06-22 15:17:27.027,16993,16994,16994,1,1
2021-06-22 15:17:31.041,16993,16994,16994,3,3
2021-06-22 15:17:31.630,16994,16995,16994,1,-1
2021-06-22 15:17:33.181,16994,16995,16995,9,9
2021-06-22 15:17:33.181,16994,16995,16995,1,1
2021-06-22 15:17:33.182,16994,16995,16995,3,3
2021-06-22 15:17:34.909,16994,16995,16994,1,-1
2021-06-22 15:17:38.468,16993,16995,16995,2,2
2021-06-22 15:17:41.298,16994,16995,16995,1,1
2021-06-22 15:17:46.700,16994,16995,16994,2,-2
2021-06-22 15:17:54.490,16994,16995,16995,1,1
2021-06-22 15:17:54.490,16994,16995,16995,1,1
2021-06-22 15:17:54.945,16994,16996,16996,6,6
2021-06-22 15:17:54.945,16994,16996,16996,10,10
2021-06-22 15:17:54.945,16994,16996,16996,2,2
2021-06-22 15:17:54.949,16994,16996,16997,1,1
2021-06-22 15:17:54.949,16994,16996,16997,3,3
2021-06-22 15:17:54.949,16994,16996,16997,3,3
2021-06-22 15:17:55.627,16996,16998,16998,4,4
2021-06-22 15:17:55.627,16996,16998,16999,1,1
2021-06-22 15:17:55.777,16997,16999,16997,2,-2
2021-06-22 15:17:55.777,16997,16999,16996,2,-2
2021-06-22 15:17:58.347,16996,16998,16998,1,1
2021-06-22 15:18:01.903,16997,16998,16998,1,1
2021-06-22 15:18:02.706,16997,16998,16997,1,-1
2021-06-22 15:18:02.798,16996,16998,16998,2,2
2021-06-22 15:18:04.108,16996,16998,16998,1,1
2021-06-22 15:18:04.383,16998,16999,16998,1,-1
2021-06-22 15:18:05.630,16997,16998,16998,1,1
2021-06-22 15:18:10.752,16997,16998,16998,1,1
2021-06-22 15:18:14.136,16997,16998,16998,2,2
2021-06-22 15:18:14.806,16998,16999,16998,1,-1
2021-06-22 15:18:15.755,16997,16999,16998,1,-1
2021-06-22 15:18:22.158,16998,16999,16998,1,-1
2021-06-22 15:18:22.179,16998,16999,16999,4,4
2021-06-22 15:18:22.619,16999,17000,17000,1,1
2021-06-22 15:18:22.701,16999,17000,16999,1,-1
2021-06-22 15:18:28.508,16999,17000,16999,10,-10
2021-06-22 15:18:28.508,16999,17000,16999,2,-2
2021-06-22 15:18:31.626,16997,16999,16999,5,5
2021-06-22 15:18:43.789,16997,16999,16999,5,5
2021-06-22 15:18:46.928,16997,16998,16997,1,-1
2021-06-22 15:18:47.519,16997,16998,16998,1,1
2021-06-22 15:18:56.432,16997,16998,16997,9,-9
2021-06-22 15:19:05.369,16996,16998,16998,1,1
2021-06-22 15:19:05.620,16998,16999,16998,1,-1
2021-06-22 15:19:09.012,16998,16999,16999,5,5
2021-06-22 15:19:09.703,16998,17000,17000,1,1
2021-06-22 15:19:09.889,16998,17000,17000,2,2
2021-06-22 15:19:12.004,16998,17000,16998,2,-2
2021-06-22 15:19:12.478,16998,17000,16998,1,-1
2021-06-22 15:19:18.057,16999,17000,16999,1,1
2021-06-22 15:19:18.172,16999,17000,16999,1,-1
2021-06-22 15:19:20.278,16999,17000,16999,1,-1
2021-06-22 15:19:22.925,16999,17000,16999,1,-1
2021-06-22 15:19:23.704,16999,17000,16999,1,-1
2021-06-22 15:19:27.587,16998,16999,16998,1,-1
2021-06-22 15:19:42.987,16997,16999,16997,1,-1
2021-06-22 15:19:50.485,16998,16999,16998,2,2
2021-06-22 15:19:51.835,16997,16999,16997,1,-1
2021-06-22 15:19:59.872,16997,16998,16998,2,2
2021-06-22 15:20:01.252,16997,16998,16997,2,-2
2021-06-22 15:20:01.253,16997,16998,16997,1,-1
2021-06-22 15:20:01.253,16997,16998,16997,1,-1
2021-06-22 15:20:07.600,16996,16997,16996,2,-2
2021-06-22 15:20:09.454,16996,16997,16997,1,1
2021-06-22 15:20:12.430,16996,16997,16997,1,1
2021-06-22 15:20:14.170,16996,16998,16997,2,-2
2021-06-22 15:20:45.602,16997,16998,16997,1,-1
2021-06-22 15:20:46.902,16997,16998,16998,1,1
2021-06-22 15:20:50.274,16997,16998,16998,3,3
2021-06-22 15:20:56.911,16998,16999,16998,1,-1
2021-06-22 15:20:56.911,16998,16999,16998,2,-2
2021-06-22 15:20:56.911,16998,16999,16998,1,-1
2021-06-22 15:20:56.911,16998,16999,16998,1,-1
2021-06-22 15:20:56.911,16998,16999,16998,1,-1
2021-06-22 15:21:04.226,16997,16998,16997,5,-5
2021-06-22 15:21:04.227,16997,16998,16997,6,-6
2021-06-22 15:21:04.227,16997,16998,16997,1,-1
2021-06-22 15:21:04.227,16997,16998,16997,1,-1
2021-06-22 15:21:04.227,16997,16998,16997,1,-1
2021-06-22 15:21:04.227,16997,16998,16997,1,-1
2021-06-22 15:21:04.228,16997,16998,16997,4,-4
2021-06-22 15:21:04.228,16997,16998,16997,1,-1
2021-06-22 15:21:04.228,16997,16998,16997,5,-5
2021-06-22 15:21:04.617,16996,16997,16997,1,1
2021-06-22 15:21:05.627,16996,16997,16997,1,1
2021-06-22 15:21:11.722,16996,16997,16996,2,-2
2021-06-22 15:21:11.724,16996,16997,16996,1,-1
2021-06-22 15:21:13.082,16995,16996,16996,1,1
2021-06-22 15:21:15.100,16995,16996,16995,1,-1
2021-06-22 15:21:16.755,16995,16996,16995,6,-6
2021-06-22 15:21:17.275,16994,16995,16994,1,-1
2021-06-22 15:21:21.868,16993,16995,16994,1,-1
2021-06-22 15:21:32.164,16994,16995,16994,1,-1
2021-06-22 15:21:38.041,16994,16995,16994,1,-1
2021-06-22 15:21:39.507,16994,16995,16994,7,-7
2021-06-22 15:21:39.583,16994,16995,16993,3,-3
2021-06-22 15:21:41.704,16992,16993,16992,3,-3
2021-06-22 15:21:43.671,16992,16993,16992,1,-1
2021-06-22 15:21:43.671,16992,16993,16992,2,-2
2021-06-22 15:21:43.672,16992,16993,16992,3,-3
2021-06-22 15:21:45.061,16991,16993,16991,1,-1
2021-06-22 15:21:45.133,16991,16993,16991,2,-2
2021-06-22 15:21:48.614,16991,16992,16991,1,-1
2021-06-22 15:21:55.418,16991,16992,16992,1,1
2021-06-22 15:21:56.118,16991,16992,16991,2,-2
2021-06-22 15:22:00.116,16991,16992,16991,1,-1
2021-06-22 15:22:03.708,16991,16992,16991,1,-1
2021-06-22 15:22:03.708,16991,16992,16991,3,-3
2021-06-22 15:22:09.321,16990,16992,16990,1,-1
2021-06-22 15:22:09.619,16990,16992,16990,1,-1
2021-06-22 15:22:10.183,16990,16992,16990,1,-1
2021-06-22 15:22:11.603,16991,16992,16991,1,1
2021-06-22 15:22:12.656,16990,16992,16990,4,-4
2021-06-22 15:22:12.961,16990,16991,16990,8,-8
2021-06-22 15:22:12.998,16989,16990,16989,3,-3
2021-06-22 15:22:12.998,16989,16990,16989,1,-1
2021-06-22 15:22:12.998,16989,16990,16989,1,-1
2021-06-22 15:22:12.998,16989,16990,16989,1,-1
2021-06-22 15:22:12.998,16989,16990,16989,1,-1
2021-06-22 15:22:13.156,16988,16989,16989,4,4
2021-06-22 15:22:13.165,16988,16989,16990,4,4
2021-06-22 15:22:13.342,16988,16990,16988,1,-1
2021-06-22 15:22:13.462,16988,16990,16988,1,-1
2021-06-22 15:22:14.664,16988,16989,16989,1,1
2021-06-22 15:22:17.160,16988,16990,16988,1,-1
2021-06-22 15:22:19.967,16988,16990,16988,1,-1
2021-06-22 15:22:20.187,16988,16990,16988,1,-1
2021-06-22 15:22:20.419,16988,16990,16988,1,-1
2021-06-22 15:22:20.786,16988,16989,16989,1,1
2021-06-22 15:22:21.179,16988,16990,16988,1,-1
2021-06-22 15:22:21.376,16988,16990,16988,1,-1
2021-06-22 15:22:21.582,16988,16990,16988,1,-1
2021-06-22 15:22:24.020,16989,16990,16989,1,1
2021-06-22 15:22:24.876,16989,16990,16990,1,1
2021-06-22 15:22:26.195,16989,16990,16989,1,-1
2021-06-22 15:22:28.734,16989,16990,16990,6,6
2021-06-22 15:22:29.216,16990,16991,16991,1,1
2021-06-22 15:22:30.055,16991,16992,16991,1,-1
2021-06-22 15:22:34.709,16991,16992,16991,1,-1
2021-06-22 15:22:35.828,16991,16992,16992,1,1
2021-06-22 15:22:35.958,16991,16993,16992,1,-1
2021-06-22 15:22:38.072,16993,16994,16993,1,1
2021-06-22 15:22:38.117,16993,16994,16994,1,1
2021-06-22 15:22:39.338,16992,16995,16992,1,-1
2021-06-22 15:22:46.932,16992,16994,16992,1,-1
2021-06-22 15:22:55.317,16993,16994,16994,1,1
2021-06-22 15:22:56.671,16994,16995,16994,2,-2
2021-06-22 15:23:01.179,16994,16995,16995,1,1
2021-06-22 15:23:06.283,16994,16995,16995,2,2
2021-06-22 15:23:11.817,16995,16996,16995,1,-1
2021-06-22 15:23:11.995,16995,16996,16995,1,-1
2021-06-22 15:23:18.622,16994,16995,16995,8,8
2021-06-22 15:23:18.623,16994,16995,16995,3,3
2021-06-22 15:23:19.645,16994,16996,16994,1,-1
2021-06-22 15:23:24.506,16993,16995,16995,1,1
2021-06-22 15:23:25.584,16993,16994,16993,1,-1
2021-06-22 15:23:27.767,16993,16994,16994,2,2
2021-06-22 15:23:31.631,16994,16995,16995,2,2
2021-06-22 15:23:32.034,16995,16996,16995,1,-1
2021-06-22 15:23:35.363,16995,16996,16995,1,-1
2021-06-22 15:23:35.363,16995,16996,16994,3,-3
2021-06-22 15:23:36.274,16994,16995,16994,1,-1
2021-06-22 15:23:46.374,16993,16994,16994,2,2
2021-06-22 15:24:00.499,16994,16995,16995,5,5
2021-06-22 15:24:00.554,16994,16995,16995,1,1
2021-06-22 15:24:08.062,16994,16995,16995,1,1
2021-06-22 15:24:08.243,16995,16996,16996,1,1
2021-06-22 15:24:10.660,16995,16996,16996,1,1
2021-06-22 15:24:16.677,16996,16997,16996,1,-1
2021-06-22 15:24:26.896,16996,16997,16997,10,10
2021-06-22 15:24:29.969,16996,16998,16996,2,-2
2021-06-22 15:24:43.318,16996,16998,16998,1,1
2021-06-22 15:24:43.561,16996,16998,16998,3,3
2021-06-22 15:24:43.651,16997,16998,16998,1,1
2021-06-22 15:24:47.965,16998,16999,16999,1,1
2021-06-22 15:24:48.141,16998,16999,16999,1,1
2021-06-22 15:24:48.257,16998,16999,16999,1,1
2021-06-22 15:24:48.384,16998,16999,16999,1,1
2021-06-22 15:24:48.506,16998,17000,17000,1,1
2021-06-22 15:24:49.112,16998,17000,17000,1,1
2021-06-22 15:24:52.175,16999,17000,16999,1,-1
2021-06-22 15:24:53.022,16999,17000,16999,3,-3
2021-06-22 15:24:53.888,16998,16999,16999,1,1
2021-06-22 15:24:54.438,16998,16999,16999,5,5
2021-06-22 15:24:58.430,16998,16999,16999,2,2
2021-06-22 15:25:07.371,16999,17000,16999,2,-2
2021-06-22 15:25:08.444,16998,17000,16998,1,-1
2021-06-22 15:25:13.374,16999,17000,17000,1,1
2021-06-22 15:25:13.597,16999,17000,16999,1,-1
2021-06-22 15:25:13.765,16998,17000,17000,1,1
2021-06-22 15:25:29.419,16998,16999,16999,1,1
2021-06-22 15:25:31.099,16998,16999,16999,1,1
2021-06-22 15:25:34.700,16998,16999,16999,1,1
2021-06-22 15:25:46.335,16998,16999,16998,1,-1
2021-06-22 15:25:46.335,16998,16999,16998,5,-5
2021-06-22 15:25:46.335,16998,16999,16998,1,-1
2021-06-22 15:25:46.335,16998,16999,16998,3,-3
2021-06-22 15:25:46.335,16998,16999,16998,1,-1
2021-06-22 15:25:53.754,16997,16998,16997,1,-1
2021-06-22 15:25:54.141,16997,16998,16997,1,-1
2021-06-22 15:25:54.141,16997,16998,16997,3,-3
2021-06-22 15:25:55.124,16996,16997,16996,2,-2
2021-06-22 15:26:02.312,16996,16997,16996,4,-4
2021-06-22 15:26:08.994,16995,16996,16995,1,-1
2021-06-22 15:26:13.950,16995,16996,16995,4,-4
2021-06-22 15:26:17.710,16994,16995,16995,1,1
2021-06-22 15:26:18.689,16994,16995,16995,1,1
2021-06-22 15:26:26.842,16995,16996,16996,3,3
2021-06-22 15:26:28.542,16996,16997,16996,3,-3
2021-06-22 15:26:33.854,16996,16997,16996,1,-1
2021-06-22 15:26:44.231,16995,16996,16995,5,-5
2021-06-22 15:26:45.856,16994,16995,16995,1,1
2021-06-22 15:26:49.066,16994,16995,16995,1,1
2021-06-22 15:26:51.515,16994,16995,16995,7,7
2021-06-22 15:26:51.515,16994,16995,16995,2,2
2021-06-22 15:26:54.018,16995,16996,16995,2,-2
2021-06-22 15:26:56.093,16994,16996,16994,14,-14
2021-06-22 15:26:56.093,16994,16996,16993,6,-6
2021-06-22 15:26:56.218,16993,16995,16993,1,-1
2021-06-22 15:26:56.784,16993,16995,16995,1,1
2021-06-22 15:26:59.768,16993,16995,16993,2,-2
2021-06-22 15:27:00.286,16992,16994,16994,1,1
2021-06-22 15:27:02.369,16993,16995,16995,1,1
2021-06-22 15:27:06.073,16993,16994,16993,2,-2
2021-06-22 15:27:07.880,16993,16994,16994,1,1
2021-06-22 15:27:07.880,16993,16994,16994,2,2
2021-06-22 15:27:09.066,16994,16995,16995,2,2
2021-06-22 15:27:19.727,16995,16996,16995,1,-1
2021-06-22 15:27:21.237,16995,16996,16995,1,-1
2021-06-22 15:27:28.679,16995,16996,16996,1,1
2021-06-22 15:27:29.963,16995,16996,16996,3,3
2021-06-22 15:27:32.757,16995,16997,16995,2,-2
2021-06-22 15:27:36.525,16995,16997,16997,1,1
2021-06-22 15:27:36.655,16996,16998,16996,3,-3
2021-06-22 15:27:36.656,16996,16998,16996,1,-1
2021-06-22 15:27:36.656,16996,16998,16996,1,-1
2021-06-22 15:27:36.656,16996,16998,16996,3,-3
2021-06-22 15:27:51.543,16996,16998,16996,1,-1
2021-06-22 15:27:52.043,16996,16998,16996,1,-1
2021-06-22 15:28:01.497,16996,16998,16996,1,-1
2021-06-22 15:28:01.829,16996,16998,16996,1,-1
2021-06-22 15:28:01.919,16996,16998,16996,1,-1
2021-06-22 15:28:10.636,16996,16998,16996,1,-1
2021-06-22 15:28:16.782,16996,16997,16997,1,1
2021-06-22 15:28:28.478,16996,16997,16996,2,-2
2021-06-22 15:28:37.491,16995,16997,16997,1,1
2021-06-22 15:28:40.307,16997,16998,16997,1,-1
2021-06-22 15:28:40.307,16997,16998,16996,2,-2
2021-06-22 15:29:00.136,16997,16998,16997,1,1
2021-06-22 15:29:24.473,16995,16996,16995,2,-2
2021-06-22 15:29:24.474,16995,16996,16995,2,-2
2021-06-22 15:29:24.475,16995,16996,16995,1,-1
2021-06-22 15:29:24.475,16995,16996,16995,4,-4
2021-06-22 15:29:24.475,16995,16996,16995,1,-1
2021-06-22 15:29:28.176,16994,16996,16994,1,-1
2021-06-22 15:29:36.418,16993,16994,16994,1,1
2021-06-22 15:29:38.690,16994,16995,16995,1,1
2021-06-22 15:29:40.021,16995,16996,16995,1,-1
2021-06-22 15:29:49.389,16995,16996,16995,1,-1
2021-06-22 15:29:51.788,16995,16996,16996,1,1
2021-06-22 15:30:00.178,16995,16997,16995,2,-2
2021-06-22 15:30:00.429,16995,16996,16995,1,-1
2021-06-22 15:30:00.485,16995,16996,16995,1,-1
2021-06-22 15:30:00.514,16995,16996,16996,1,1
2021-06-22 15:30:01.080,16995,16996,16995,1,-1
2021-06-22 15:30:01.082,16995,16996,16995,1,-1
2021-06-22 15:30:01.084,16995,16996,16995,1,-1
2021-06-22 15:30:01.593,16994,16995,16994,7,-7
2021-06-22 15:30:01.594,16994,16995,16994,1,-1
2021-06-22 15:30:01.594,16994,16995,16994,1,-1
2021-06-22 15:30:01.595,16994,16995,16994,3,-3
2021-06-22 15:30:01.595,16994,16995,16994,1,-1
2021-06-22 15:30:01.595,16994,16995,16994,3,-3
2021-06-22 15:30:01.892,16993,16994,16994,1,1
2021-06-22 15:30:01.912,16993,16994,16993,1,-1
2021-06-22 15:30:01.945,16993,16994,16993,1,-1
2021-06-22 15:30:01.986,16993,16994,16993,2,-2
2021-06-22 15:30:01.986,16993,16994,16993,1,-1
2021-06-22 15:30:02.013,16992,16994,16992,1,-1
2021-06-22 15:30:02.013,16992,16994,16992,1,-1
2021-06-22 15:30:02.071,16992,16994,16992,3,-3
2021-06-22 15:30:02.613,16992,16993,16992,1,-1
2021-06-22 15:30:02.622,16992,16993,16992,1,-1
2021-06-22 15:30:02.914,16991,16993,16991,1,-1
2021-06-22 15:30:03.503,16991,16992,16991,2,-2
2021-06-22 15:30:03.614,16991,16992,16991,2,-2
2021-06-22 15:30:03.622,16991,16992,16991,7,-7
2021-06-22 15:30:07.158,16991,16992,16991,3,-3
2021-06-22 15:30:08.648,16990,16992,16990,2,-2
2021-06-22 15:30:10.332,16990,16992,16990,4,-4
2021-06-22 15:30:10.332,16990,16992,16990,1,-1
2021-06-22 15:30:10.332,16990,16992,16990,1,-1
2021-06-22 15:30:10.332,16990,16992,16990,5,-5
2021-06-22 15:30:10.333,16990,16992,16990,2,-2
2021-06-22 15:30:10.333,16990,16992,16990,3,-3
2021-06-22 15:30:10.424,16989,16990,16990,3,3
2021-06-22 15:30:10.868,16989,16990,16990,1,1
2021-06-22 15:30:12.160,16989,16990,16990,2,2
2021-06-22 15:30:12.161,16989,16990,16990,1,1
2021-06-22 15:30:12.668,16990,16991,16991,1,1
2021-06-22 15:30:13.014,16991,16993,16991,2,-2
2021-06-22 15:30:28.252,16994,16995,16995,1,1
2021-06-22 15:30:28.622,16994,16995,16995,2,2
2021-06-22 15:30:30.747,16994,16996,16996,5,5
2021-06-22 15:30:30.872,16996,16997,16997,1,1
2021-06-22 15:30:32.664,16996,16997,16996,1,-1
2021-06-22 15:30:36.877,16996,16997,16996,1,-1
2021-06-22 15:30:39.024,16996,16997,16996,1,-1
2021-06-22 15:30:44.710,16995,16996,16996,1,1
2021-06-22 15:30:44.939,16995,16997,16995,1,-1
2021-06-22 15:30:47.063,16996,16997,16997,2,2
2021-06-22 15:30:53.462,16997,16998,16998,2,2
2021-06-22 15:30:53.510,16997,16998,16998,6,6
2021-06-22 15:30:53.527,16997,16998,16997,4,-4
2021-06-22 15:30:57.817,16998,16999,16999,8,8
2021-06-22 15:30:57.910,16999,17000,17000,33,33
2021-06-22 15:30:57.910,16999,17000,17000,4,4
2021-06-22 15:30:57.911,16999,17000,17001,1,1
2021-06-22 15:30:58.149,17001,17002,17001,1,-1
2021-06-22 15:30:59.622,17001,17002,17001,1,-1
2021-06-22 15:31:02.468,16999,17001,16999,1,-1
2021-06-22 15:31:03.006,16999,17001,17001,11,11
2021-06-22 15:31:03.007,16999,17001,17001,10,10
2021-06-22 15:31:03.007,16999,17001,17001,1,1
2021-06-22 15:31:03.290,17000,17002,17002,3,3
2021-06-22 15:31:03.306,17000,17002,17000,1,-1
2021-06-22 15:31:03.311,17000,17002,17000,1,-1
2021-06-22 15:31:03.394,17000,17002,17002,1,1
2021-06-22 15:31:03.656,17000,17002,17002,1,1
2021-06-22 15:31:04.003,17000,17002,17002,3,3
2021-06-22 15:31:05.003,17000,17002,17002,6,6
2021-06-22 15:31:06.181,17000,17002,17002,2,2
2021-06-22 15:31:07.853,17000,17002,17002,1,1
2021-06-22 15:31:09.004,17000,17001,17001,1,1
2021-06-22 15:31:09.259,17000,17001,17000,2,-2
2021-06-22 15:31:09.739,16999,17001,17001,1,1
2021-06-22 15:31:11.838,17000,17002,17000,2,-2
2021-06-22 15:31:14.977,16999,17001,17001,1,1
2021-06-22 15:31:16.760,16999,17001,17001,5,5
2021-06-22 15:31:25.519,17000,17001,17000,1,-1
2021-06-22 15:31:29.108,16999,17000,17000,3,3
2021-06-22 15:31:33.861,16999,17001,17001,1,1
2021-06-22 15:31:35.287,17000,17001,17001,1,1
2021-06-22 15:31:35.287,17000,17001,17001,1,1
2021-06-22 15:31:35.325,17000,17001,17002,1,1
2021-06-22 15:31:37.652,17001,17002,17002,2,2
2021-06-22 15:31:38.344,17001,17002,17002,1,1
2021-06-22 15:31:42.063,17001,17002,17002,1,1
2021-06-22 15:31:45.501,17002,17003,17002,1,-1
2021-06-22 15:31:45.501,17002,17003,17001,1,-1
2021-06-22 15:31:46.855,17001,17002,17001,1,-1
2021-06-22 15:31:46.855,17001,17002,17000,1,-1
2021-06-22 15:31:51.901,17001,17002,17001,1,1
2021-06-22 15:31:51.901,17001,17002,17000,1,-1
2021-06-22 15:31:52.737,17000,17002,17001,2,2
2021-06-22 15:32:01.389,17001,17002,17002,2,2
2021-06-22 15:32:02.990,17001,17002,17002,2,2
2021-06-22 15:32:03.191,17001,17002,17001,2,-2
2021-06-22 15:32:03.191,17001,17002,17001,2,-2
2021-06-22 15:32:04.796,17000,17001,17000,3,-3
2021-06-22 15:32:04.796,17000,17001,17000,1,-1
2021-06-22 15:32:04.804,17000,17001,17000,1,-1
2021-06-22 15:32:04.804,17000,17001,17000,3,-3
2021-06-22 15:32:04.816,17000,17001,16999,1,-1
2021-06-22 15:32:05.834,16999,17000,16999,2,-2
2021-06-22 15:32:08.256,16999,17000,16999,2,-2
2021-06-22 15:32:09.491,16999,17000,17000,4,4
2021-06-22 15:32:09.491,16999,17000,17000,1,1
2021-06-22 15:32:13.278,16999,17000,16999,7,-7
2021-06-22 15:32:16.035,16998,16999,16999,1,1
2021-06-22 15:32:16.035,16998,16999,17000,4,4
2021-06-22 15:32:16.037,16998,16999,17000,1,1
2021-06-22 15:32:18.126,16998,16999,16998,6,-6
2021-06-22 15:32:18.320,16997,16998,16997,1,-1
2021-06-22 15:32:18.542,16996,16997,16997,1,1
2021-06-22 15:32:25.410,16996,16997,16996,1,-1
2021-06-22 15:32:28.298,16994,16996,16996,1,1
2021-06-22 15:32:31.468,16995,16996,16996,1,1
2021-06-22 15:32:35.646,16996,16997,16996,1,-1
2021-06-22 15:32:37.128,16996,16997,16996,1,-1
2021-06-22 15:32:38.243,16995,16996,16996,1,1
2021-06-22 15:32:39.335,16995,16997,16997,1,1
2021-06-22 15:32:49.453,16995,16997,16995,1,-1
2021-06-22 15:32:54.768,16996,16997,16997,8,8
2021-06-22 15:32:54.768,16996,16997,16997,13,13
2021-06-22 15:32:54.768,16996,16997,16997,1,1
2021-06-22 15:32:54.768,16996,16997,16997,1,1
2021-06-22 15:32:54.768,16996,16997,16997,2,2
2021-06-22 15:32:54.769,16996,16997,16997,2,2
2021-06-22 15:32:54.769,16996,16997,16997,1,1
2021-06-22 15:32:54.783,16996,16997,16998,1,1
2021-06-22 15:32:54.851,16996,16997,16999,3,3
2021-06-22 15:33:03.478,16996,16998,16998,2,2
2021-06-22 15:33:05.972,16997,16998,16997,2,-2
2021-06-22 15:33:05.972,16997,16998,16997,1,-1
2021-06-22 15:33:05.972,16997,16998,16997,2,-2
2021-06-22 15:33:07.186,16996,16997,16996,1,-1
2021-06-22 15:33:13.554,16996,16997,16997,5,5
2021-06-22 15:33:31.115,16997,16998,16998,1,1
2021-06-22 15:33:37.019,16997,16998,16998,1,1
2021-06-22 15:34:03.634,16997,16998,16998,1,1
2021-06-22 15:34:06.429,16997,16998,16998,1,1
2021-06-22 15:34:12.198,16998,16999,16999,3,3
2021-06-22 15:34:22.607,16998,16999,16999,1,1
2021-06-22 15:34:30.687,16998,16999,16999,1,1
2021-06-22 15:34:38.594,16998,16999,16999,1,1
2021-06-22 15:34:39.376,16999,17000,16999,1,-1
2021-06-22 15:34:43.515,16999,17000,17000,2,2
2021-06-22 15:34:43.516,16999,17000,17000,2,2
2021-06-22 15:34:43.516,16999,17000,17000,2,2
2021-06-22 15:34:48.220,17000,17002,17000,1,-1
2021-06-22 15:34:54.138,17000,17002,17000,2,-2
2021-06-22 15:34:59.095,17001,17002,17002,1,1
2021-06-22 15:34:59.095,17001,17002,17002,1,1
2021-06-22 15:34:59.095,17001,17002,17002,1,1
2021-06-22 15:34:59.095,17001,17002,17002,3,3
2021-06-22 15:34:59.574,17002,17003,17002,1,-1
2021-06-22 15:35:02.842,17001,17003,17003,2,2
2021-06-22 15:35:03.215,17002,17003,17003,7,7
2021-06-22 15:35:03.815,17002,17003,17003,1,1
2021-06-22 15:35:04.247,17002,17003,17003,1,1
2021-06-22 15:35:05.255,17001,17003,17003,2,2
2021-06-22 15:35:06.617,17002,17003,17003,1,1
2021-06-22 15:35:07.305,17002,17003,17003,1,1
2021-06-22 15:35:09.168,17002,17003,17002,1,-1
2021-06-22 15:35:09.168,17002,17003,17002,1,-1
2021-06-22 15:35:10.296,17001,17002,17002,1,1
2021-06-22 15:35:10.792,17001,17002,17002,4,4
2021-06-22 15:35:14.460,17001,17002,17001,2,-2
2021-06-22 15:35:14.523,17000,17001,17000,1,-1
2021-06-22 15:35:18.807,17000,17001,17000,1,-1
2021-06-22 15:35:18.807,17000,17001,16999,1,-1
2021-06-22 15:35:23.402,16998,17000,16999,3,-3
2021-06-22 15:35:25.734,16999,17000,16999,1,-1
2021-06-22 15:35:29.157,16999,17000,16999,3,-3
2021-06-22 15:35:30.026,16999,17000,16999,2,-2
2021-06-22 15:35:30.448,16999,17000,17000,2,2
2021-06-22 15:35:33.937,16999,17001,16999,1,-1
2021-06-22 15:36:02.086,16999,17001,17001,2,2
2021-06-22 15:36:05.897,16999,17000,16999,4,-4
2021-06-22 15:36:06.257,16998,17000,17000,2,2
2021-06-22 15:36:08.326,16998,16999,16999,3,3
2021-06-22 15:36:08.326,16998,16999,17000,12,12
2021-06-22 15:36:08.327,16998,16999,17000,5,5
2021-06-22 15:36:10.330,16998,17000,17000,1,1
2021-06-22 15:36:18.125,16999,17000,16999,2,-2
2021-06-22 15:36:19.952,16998,17000,16998,2,-2
2021-06-22 15:36:28.427,16998,16999,16998,2,-2
2021-06-22 15:36:28.427,16998,16999,16998,1,-1
2021-06-22 15:36:28.427,16998,16999,16998,1,-1
2021-06-22 15:36:28.428,16998,16999,16998,2,-2
2021-06-22 15:36:53.981,16999,17000,16999,1,1
2021-06-22 15:37:00.002,16997,16998,16998,1,1
2021-06-22 15:37:14.906,16998,16999,16998,1,-1
2021-06-22 15:37:14.906,16998,16999,16998,1,-1
2021-06-22 15:37:14.990,16998,16999,16997,2,-2
2021-06-22 15:37:41.489,16997,16998,16997,2,-2
2021-06-22 15:37:45.530,16996,16997,16996,3,-3
2021-06-22 15:37:48.301,16996,16997,16997,1,1
2021-06-22 15:37:50.323,16996,16998,16998,2,2
2021-06-22 15:37:51.304,16996,16998,16996,2,-2
2021-06-22 15:37:58.589,16996,16998,16997,1,1
2021-06-22 15:38:09.620,16997,16998,16997,3,-3
2021-06-22 15:38:42.178,16996,16997,16997,3,3
2021-06-22 15:38:43.266,16997,16998,16998,3,3
2021-06-22 15:39:00.172,16997,16998,16998,1,1
2021-06-22 15:39:00.172,16997,16998,16999,10,10
2021-06-22 15:39:07.071,16997,16999,16997,1,-1
2021-06-22 15:39:21.487,16998,16999,16998,1,1
2021-06-22 15:39:21.500,16997,16998,16997,1,-1
2021-06-22 15:39:24.948,16996,16998,16998,1,1
2021-06-22 15:39:43.364,16996,16997,16997,1,1
2021-06-22 15:40:03.330,16996,16997,16996,4,-4
2021-06-22 15:40:03.331,16996,16997,16996,2,-2
2021-06-22 15:40:03.479,16995,16996,16995,2,-2
2021-06-22 15:40:06.874,16994,16995,16994,4,-4
2021-06-22 15:40:14.240,16994,16995,16995,1,1
2021-06-22 15:40:14.362,16994,16995,16994,2,-2
2021-06-22 15:40:23.252,16993,16994,16993,1,-1
2021-06-22 15:40:23.413,16993,16994,16994,1,1
2021-06-22 15:40:23.413,16993,16994,16994,1,1
2021-06-22 15:40:26.917,16993,16994,16993,2,-2
2021-06-22 15:40:30.199,16992,16993,16993,1,1
2021-06-22 15:40:30.747,16992,16993,16992,3,-3
2021-06-22 15:40:30.998,16991,16993,16991,1,-1
2021-06-22 15:40:31.824,16991,16993,16992,1,1
2021-06-22 15:40:32.488,16992,16993,16992,1,-1
2021-06-22 15:40:32.958,16991,16993,16993,1,1
2021-06-22 15:40:35.552,16992,16993,16992,1,-1
2021-06-22 15:40:40.699,16991,16993,16992,1,-1
2021-06-22 15:40:44.971,16991,16992,16992,1,1
2021-06-22 15:40:46.285,16991,16993,16991,2,-2
2021-06-22 15:40:46.848,16991,16992,16991,5,-5
2021-06-22 15:40:46.872,16990,16991,16990,5,-5
2021-06-22 15:40:46.873,16990,16991,16990,2,-2
2021-06-22 15:40:47.037,16989,16991,16989,1,-1
2021-06-22 15:40:47.133,16989,16991,16989,2,-2
2021-06-22 15:40:47.153,16989,16991,16990,4,4
2021-06-22 15:40:47.157,16989,16991,16990,4,-4
2021-06-22 15:40:47.159,16989,16991,16990,4,-4
2021-06-22 15:40:47.204,16989,16991,16990,4,-4
2021-06-22 15:40:47.530,16989,16991,16989,1,-1
2021-06-22 15:40:47.753,16989,16991,16989,2,-2
2021-06-22 15:40:48.547,16989,16991,16989,1,-1
2021-06-22 15:40:50.875,16989,16991,16989,1,-1
2021-06-22 15:40:51.166,16989,16991,16989,1,-1
2021-06-22 15:40:53.076,16989,16991,16989,1,-1
2021-06-22 15:41:00.229,16990,16991,16991,10,10
2021-06-22 15:41:02.534,16991,16992,16991,1,-1
2021-06-22 15:41:03.826,16990,16992,16990,6,-6
2021-06-22 15:41:03.826,16990,16992,16989,4,-4
2021-06-22 15:41:08.497,16990,16991,16990,1,1
2021-06-22 15:41:09.656,16989,16991,16989,1,-1
2021-06-22 15:41:12.244,16989,16991,16989,1,-1
2021-06-22 15:41:13.855,16990,16991,16990,1,1
2021-06-22 15:41:15.292,16990,16992,16990,1,-1
2021-06-22 15:41:19.547,16990,16991,16991,1,1
2021-06-22 15:41:21.957,16991,16992,16991,1,-1
2021-06-22 15:41:24.043,16990,16991,16991,1,1
2021-06-22 15:41:35.492,16990,16991,16991,1,1
2021-06-22 15:41:35.492,16990,16991,16991,1,1
2021-06-22 15:41:35.492,16990,16991,16991,1,1
2021-06-22 15:41:35.492,16990,16991,16991,3,3
2021-06-22 15:41:35.493,16990,16991,16991,1,1
2021-06-22 15:41:35.493,16990,16991,16991,2,2
2021-06-22 15:41:36.303,16991,16992,16991,1,-1
2021-06-22 15:41:39.747,16991,16992,16991,1,-1
2021-06-22 15:41:45.604,16991,16992,16991,1,-1
2021-06-22 15:41:49.087,16991,16992,16991,1,-1
2021-06-22 15:41:49.133,16990,16991,16991,4,4
2021-06-22 15:41:49.133,16990,16991,16991,1,1
2021-06-22 15:41:54.847,16990,16991,16991,1,1
2021-06-22 15:41:56.561,16991,16992,16991,1,-1
2021-06-22 15:41:59.497,16991,16992,16991,2,-2
2021-06-22 15:42:07.947,16991,16992,16991,2,-2
2021-06-22 15:42:09.373,16990,16991,16990,1,-1
2021-06-22 15:42:09.373,16990,16991,16990,7,-7
2021-06-22 15:42:09.499,16989,16990,16989,1,-1
2021-06-22 15:42:09.499,16989,16990,16989,4,-4
2021-06-22 15:42:10.457,16988,16989,16988,1,-1
2021-06-22 15:42:10.526,16988,16989,16988,1,-1
2021-06-22 15:42:10.601,16988,16989,16988,1,-1
2021-06-22 15:42:10.648,16988,16989,16988,8,-8
2021-06-22 15:42:10.650,16988,16989,16987,10,-10
2021-06-22 15:42:10.650,16988,16989,16987,2,-2
2021-06-22 15:42:10.652,16988,16989,16987,5,-5
2021-06-22 15:42:10.664,16988,16989,16986,6,-6
2021-06-22 15:42:10.725,16988,16989,16986,1,-1
2021-06-22 15:42:10.827,16986,16987,16986,1,-1
2021-06-22 15:42:10.827,16986,16987,16985,1,-1
2021-06-22 15:42:10.845,16986,16987,16986,1,1
2021-06-22 15:42:10.849,16986,16987,16985,2,-2
2021-06-22 15:42:10.874,16985,16986,16985,1,-1
2021-06-22 15:42:10.882,16985,16986,16985,1,-1
2021-06-22 15:42:10.890,16985,16986,16985,1,-1
2021-06-22 15:42:10.892,16985,16986,16985,1,-1
2021-06-22 15:42:10.929,16985,16986,16985,1,-1
2021-06-22 15:42:10.937,16985,16986,16985,5,-5
2021-06-22 15:42:10.945,16985,16986,16985,1,-1
2021-06-22 15:42:10.949,16985,16986,16985,1,-1
2021-06-22 15:42:10.952,16985,16986,16985,1,-1
2021-06-22 15:42:10.956,16985,16986,16986,1,1
2021-06-22 15:42:10.962,16985,16986,16985,1,-1
2021-06-22 15:42:10.964,16985,16986,16985,1,-1
2021-06-22 15:42:10.969,16985,16986,16985,1,-1
2021-06-22 15:42:10.969,16985,16986,16985,1,-1
2021-06-22 15:42:10.969,16985,16986,16984,1,-1
2021-06-22 15:42:10.971,16985,16986,16984,1,-1
2021-06-22 15:42:10.978,16985,16986,16984,1,-1
2021-06-22 15:42:10.979,16985,16986,16984,1,-1
2021-06-22 15:42:10.981,16985,16986,16984,1,-1
2021-06-22 15:42:11.003,16984,16985,16984,1,-1
2021-06-22 15:42:11.008,16984,16985,16984,11,-11
2021-06-22 15:42:11.009,16984,16985,16983,1,-1
2021-06-22 15:42:11.012,16984,16985,16983,1,-1
2021-06-22 15:42:11.012,16984,16985,16983,1,-1
2021-06-22 15:42:11.013,16984,16985,16983,1,-1
2021-06-22 15:42:11.047,16984,16985,16985,4,4
2021-06-22 15:42:11.049,16984,16985,16983,1,-1
2021-06-22 15:42:11.052,16984,16985,16985,3,3
2021-06-22 15:42:11.053,16984,16985,16985,1,1
2021-06-22 15:42:11.053,16984,16985,16985,4,4
2021-06-22 15:42:11.081,16984,16985,16985,4,4
2021-06-22 15:42:11.081,16984,16985,16984,2,-2
2021-06-22 15:42:11.097,16984,16985,16984,3,-3
2021-06-22 15:42:11.097,16984,16985,16983,3,-3
2021-06-22 15:42:11.101,16984,16985,16983,1,-1
2021-06-22 15:42:11.106,16984,16985,16983,8,-8
2021-06-22 15:42:11.106,16984,16985,16982,3,-3
2021-06-22 15:42:11.112,16984,16985,16982,6,-6
2021-06-22 15:42:11.112,16984,16985,16982,1,-1
2021-06-22 15:42:11.137,16982,16984,16982,1,-1
2021-06-22 15:42:11.146,16982,16984,16982,1,-1
2021-06-22 15:42:11.178,16982,16984,16981,1,-1
2021-06-22 15:42:11.186,16982,16984,16981,1,-1
2021-06-22 15:42:11.208,16982,16984,16981,1,-1
2021-06-22 15:42:11.221,16982,16984,16981,1,-1
2021-06-22 15:42:11.226,16982,16984,16981,1,-1
2021-06-22 15:42:11.234,16982,16984,16981,1,-1
2021-06-22 15:42:11.241,16982,16984,16981,1,-1
2021-06-22 15:42:11.260,16981,16983,16981,1,-1
2021-06-22 15:42:11.266,16981,16983,16981,1,-1
2021-06-22 15:42:11.266,16981,16983,16981,1,-1
2021-06-22 15:42:11.276,16981,16983,16981,1,-1
2021-06-22 15:42:11.276,16981,16983,16981,1,-1
2021-06-22 15:42:11.504,16981,16983,16981,2,-2
2021-06-22 15:42:11.536,16981,16983,16981,1,-1
2021-06-22 15:42:11.560,16981,16983,16981,1,-1
2021-06-22 15:42:11.562,16981,16983,16981,1,-1
2021-06-22 15:42:11.582,16981,16983,16981,1,-1
2021-06-22 15:42:11.635,16981,16983,16981,1,-1
2021-06-22 15:42:11.684,16981,16983,16981,1,-1
2021-06-22 15:42:11.741,16981,16983,16981,1,-1
2021-06-22 15:42:11.744,16981,16983,16981,1,-1
2021-06-22 15:42:11.797,16981,16983,16981,1,-1
2021-06-22 15:42:11.891,16981,16983,16982,1,1
2021-06-22 15:42:11.892,16981,16983,16982,1,-1
2021-06-22 15:42:11.892,16981,16983,16982,1,-1
2021-06-22 15:42:11.913,16981,16983,16983,1,1
2021-06-22 15:42:11.913,16981,16983,16983,2,2
2021-06-22 15:42:11.945,16981,16983,16982,1,-1
2021-06-22 15:42:11.945,16981,16983,16982,1,-1
2021-06-22 15:42:12.014,16982,16984,16982,1,-1
2021-06-22 15:42:12.060,16982,16984,16982,1,-1
2021-06-22 15:42:12.125,16982,16984,16982,2,-2
2021-06-22 15:42:12.271,16982,16984,16984,1,1
2021-06-22 15:42:12.591,16983,16984,16983,1,-1
2021-06-22 15:42:12.629,16982,16984,16982,1,-1
2021-06-22 15:42:12.997,16983,16984,16984,1,1
2021-06-22 15:42:13.772,16983,16984,16984,3,3
2021-06-22 15:42:13.772,16983,16984,16984,1,1
2021-06-22 15:42:14.254,16984,16985,16985,2,2
2021-06-22 15:42:14.263,16984,16985,16986,2,2
2021-06-22 15:42:15.030,16986,16988,16986,1,-1
2021-06-22 15:42:16.774,16985,16987,16987,1,1
2021-06-22 15:42:17.440,16985,16987,16986,5,-5
2021-06-22 15:42:17.499,16985,16987,16985,1,-1
2021-06-22 15:42:17.500,16985,16987,16985,1,-1
2021-06-22 15:42:18.903,16985,16987,16985,1,-1
2021-06-22 15:42:20.460,16985,16986,16985,1,-1
2021-06-22 15:42:21.209,16984,16986,16986,1,1
2021-06-22 15:42:21.899,16985,16986,16985,1,-1
2021-06-22 15:42:22.528,16985,16987,16985,1,-1
2021-06-22 15:42:25.324,16986,16988,16986,1,1
2021-06-22 15:42:26.184,16985,16987,16985,8,-8
2021-06-22 15:42:26.185,16985,16987,16985,1,-1
2021-06-22 15:42:26.185,16985,16987,16985,1,-1
2021-06-22 15:42:26.318,16984,16986,16986,1,1
2021-06-22 15:42:27.758,16985,16986,16986,1,1
2021-06-22 15:42:27.874,16985,16987,16985,1,-1
2021-06-22 15:42:27.875,16985,16987,16985,1,-1
2021-06-22 15:42:29.710,16986,16987,16986,1,1
2021-06-22 15:42:31.099,16986,16987,16986,1,-1
2021-06-22 15:42:31.660,16986,16987,16986,2,-2
2021-06-22 15:42:31.662,16986,16987,16986,3,-3
2021-06-22 15:42:32.160,16985,16986,16986,1,1
2021-06-22 15:42:33.605,16986,16987,16986,1,-1
2021-06-22 15:42:37.866,16986,16987,16987,1,1
2021-06-22 15:42:38.011,16987,16989,16987,1,-1
2021-06-22 15:42:38.124,16987,16989,16987,1,-1
2021-06-22 15:42:38.125,16987,16989,16987,1,-1
2021-06-22 15:42:43.695,16988,16990,16988,1,1
2021-06-22 15:42:48.673,16989,16990,16989,2,2
2021-06-22 15:42:53.978,16988,16989,16989,5,5
2021-06-22 15:42:54.740,16988,16989,16988,1,-1
2021-06-22 15:42:57.503,16987,16988,16988,2,2
2021-06-22 15:42:57.517,16987,16988,16988,1,1
2021-06-22 15:42:57.855,16987,16988,16988,2,2
2021-06-22 15:42:58.283,16987,16988,16988,2,2
2021-06-22 15:43:01.041,16988,16989,16988,1,-1
2021-06-22 15:43:01.041,16988,16989,16988,1,-1
2021-06-22 15:43:01.751,16987,16988,16988,2,2
2021-06-22 15:43:01.886,16987,16988,16987,1,-1
2021-06-22 15:43:01.914,16987,16988,16987,1,-1
2021-06-22 15:43:01.917,16987,16988,16987,1,-1
2021-06-22 15:43:01.918,16987,16988,16987,1,-1
2021-06-22 15:43:01.918,16987,16988,16987,3,-3
2021-06-22 15:43:01.925,16987,16988,16986,1,-1
2021-06-22 15:43:01.934,16987,16988,16986,1,-1
2021-06-22 15:43:09.705,16986,16987,16986,1,-1
2021-06-22 15:43:12.761,16985,16986,16986,2,2
2021-06-22 15:43:12.762,16985,16986,16986,8,8
2021-06-22 15:43:15.257,16985,16987,16986,1,-1
2021-06-22 15:43:18.280,16985,16986,16985,1,-1
2021-06-22 15:43:19.218,16985,16986,16985,2,-2
2021-06-22 15:43:20.372,16985,16986,16986,2,2
2021-06-22 15:43:23.493,16985,16986,16986,1,1
2021-06-22 15:43:24.295,16986,16987,16986,1,-1
2021-06-22 15:43:24.334,16986,16987,16986,1,-1
2021-06-22 15:43:26.286,16986,16987,16986,1,-1
2021-06-22 15:43:26.387,16986,16987,16987,1,1
2021-06-22 15:43:28.449,16986,16987,16986,1,-1
2021-06-22 15:43:30.965,16986,16987,16986,1,-1
2021-06-22 15:43:31.413,16986,16987,16986,1,-1
2021-06-22 15:43:32.012,16986,16987,16986,1,-1
2021-06-22 15:43:33.806,16986,16987,16987,3,3
2021-06-22 15:43:33.806,16986,16987,16987,1,1
2021-06-22 15:43:33.807,16986,16987,16987,1,1
2021-06-22 15:43:33.807,16986,16987,16987,1,1
2021-06-22 15:43:33.905,16987,16988,16988,1,1
2021-06-22 15:43:37.016,16986,16988,16986,1,-1
2021-06-22 15:43:38.641,16986,16988,16988,1,1
2021-06-22 15:43:40.703,16986,16988,16988,1,1
2021-06-22 15:43:46.270,16985,16987,16985,2,-2
2021-06-22 15:43:49.194,16985,16986,16986,1,1
2021-06-22 15:43:50.571,16985,16986,16986,1,1
2021-06-22 15:43:52.471,16986,16987,16987,11,11
2021-06-22 15:43:52.999,16986,16988,16986,1,-1
2021-06-22 15:43:55.026,16985,16987,16987,1,1
2021-06-22 15:44:02.436,16987,16988,16987,1,-1
2021-06-22 15:44:03.061,16987,16988,16987,1,-1
2021-06-22 15:44:04.999,16987,16988,16987,1,-1
2021-06-22 15:44:06.111,16985,16987,16987,1,1
2021-06-22 15:44:12.065,16986,16988,16988,1,1
2021-06-22 15:44:17.005,16986,16988,16986,3,-3
2021-06-22 15:44:17.459,16985,16988,16987,1,1
2021-06-22 15:44:34.075,16986,16987,16987,1,1
2021-06-22 15:44:35.327,16986,16987,16986,6,-6
2021-06-22 15:44:35.327,16986,16987,16986,2,-2
2021-06-22 15:44:35.327,16986,16987,16986,3,-3
2021-06-22 15:44:53.217,16986,16987,16986,1,-1
2021-06-22 15:44:54.064,16985,16986,16985,10,-10
2021-06-22 15:44:55.456,16984,16985,16984,2,-2
2021-06-22 15:44:55.484,16984,16985,16983,1,-1
2021-06-22 15:44:58.192,16982,16983,16983,1,1
2021-06-22 15:45:04.197,16983,16984,16984,1,1
2021-06-22 15:45:04.208,16983,16984,16985,1,1
2021-06-22 15:45:04.209,16983,16984,16985,1,1
2021-06-22 15:45:04.209,16983,16984,16985,1,1
2021-06-22 15:45:04.210,16983,16984,16985,1,1
2021-06-22 15:45:04.253,16984,16986,16984,1,-1
2021-06-22 15:45:04.471,16984,16986,16984,1,-1
2021-06-22 15:45:04.642,16984,16986,16984,1,-1
2021-06-22 15:45:04.737,16984,16986,16984,1,-1
2021-06-22 15:45:04.761,16983,16986,16983,1,-1
2021-06-22 15:45:05.109,16983,16985,16983,1,-1
2021-06-22 15:45:07.437,16983,16984,16983,2,-2
2021-06-22 15:45:07.662,16983,16984,16984,1,1
2021-06-22 15:45:09.774,16983,16985,16983,1,-1
2021-06-22 15:45:09.875,16983,16985,16983,1,-1
2021-06-22 15:45:09.875,16983,16985,16983,1,-1
2021-06-22 15:45:09.875,16983,16985,16983,1,-1
2021-06-22 15:45:12.663,16983,16984,16984,1,1
2021-06-22 15:45:13.138,16984,16986,16984,4,-4
2021-06-22 15:45:13.138,16984,16986,16983,6,-6
2021-06-22 15:45:15.781,16984,16985,16984,2,2
2021-06-22 15:45:15.781,16984,16985,16983,5,-5
2021-06-22 15:45:15.781,16984,16985,16982,1,-1
2021-06-22 15:45:15.892,16983,16985,16983,1,1
2021-06-22 15:45:15.895,16983,16985,16982,1,-1
2021-06-22 15:45:15.898,16983,16985,16982,30,-30
2021-06-22 15:45:15.898,16983,16985,16981,10,-10
2021-06-22 15:45:16.180,16981,16983,16982,1,1
2021-06-22 15:45:16.181,16981,16983,16982,3,-3
2021-06-22 15:45:17.551,16982,16983,16983,1,1
2021-06-22 15:45:17.624,16982,16983,16982,1,-1
2021-06-22 15:45:17.958,16981,16983,16981,1,-1
2021-06-22 15:45:18.283,16981,16983,16981,1,-1
2021-06-22 15:45:20.022,16981,16982,16981,1,-1
2021-06-22 15:45:20.213,16981,16982,16982,1,1
2021-06-22 15:45:20.312,16981,16982,16981,1,-1
2021-06-22 15:45:20.508,16981,16982,16982,1,1
2021-06-22 15:45:20.858,16981,16982,16982,1,1
2021-06-22 15:45:21.539,16981,16982,16982,1,1
2021-06-22 15:45:23.909,16981,16982,16981,1,-1
2021-06-22 15:45:24.647,16981,16982,16981,1,-1
2021-06-22 15:45:24.647,16981,16982,16982,1,1
2021-06-22 15:45:25.251,16981,16982,16981,1,-1
2021-06-22 15:45:25.360,16981,16982,16981,1,-1
2021-06-22 15:45:25.361,16981,16982,16981,1,-1
2021-06-22 15:45:25.361,16981,16982,16981,1,-1
2021-06-22 15:45:25.361,16981,16982,16981,5,-5
2021-06-22 15:45:25.361,16981,16982,16981,6,-6
2021-06-22 15:45:25.361,16981,16982,16981,1,-1
2021-06-22 15:45:25.710,16980,16981,16981,1,1
2021-06-22 15:45:25.778,16980,16982,16980,1,-1
2021-06-22 15:45:25.903,16980,16982,16980,1,-1
2021-06-22 15:45:25.910,16980,16982,16980,5,-5
2021-06-22 15:45:25.951,16980,16982,16980,5,-5
2021-06-22 15:45:26.007,16980,16981,16980,5,-5
2021-06-22 15:45:26.008,16980,16981,16980,4,-4
2021-06-22 15:45:26.008,16980,16981,16980,3,-3
2021-06-22 15:45:26.008,16980,16981,16980,1,-1
2021-06-22 15:45:26.009,16980,16981,16980,2,-2
2021-06-22 15:45:26.009,16980,16981,16980,4,-4
2021-06-22 15:45:26.029,16980,16981,16979,1,-1
2021-06-22 15:45:26.072,16980,16981,16979,1,-1
2021-06-22 15:45:26.229,16979,16980,16979,2,-2
2021-06-22 15:45:26.410,16979,16980,16979,1,-1
2021-06-22 15:45:26.469,16979,16980,16979,1,-1
2021-06-22 15:45:26.470,16979,16980,16979,3,-3
2021-06-22 15:45:26.470,16979,16980,16979,1,-1
2021-06-22 15:45:26.519,16978,16979,16978,1,-1
2021-06-22 15:45:26.828,16978,16979,16978,1,-1
2021-06-22 15:45:26.845,16978,16979,16978,1,-1
2021-06-22 15:45:26.850,16978,16979,16978,1,-1
2021-06-22 15:45:26.901,16978,16979,16978,4,-4
2021-06-22 15:45:27.016,16977,16979,16979,1,1
2021-06-22 15:45:27.115,16977,16979,16977,1,-1
2021-06-22 15:45:27.124,16977,16979,16977,1,-1
2021-06-22 15:45:27.124,16977,16979,16977,1,-1
2021-06-22 15:45:27.134,16977,16979,16979,1,1
2021-06-22 15:45:27.149,16977,16979,16977,1,-1
2021-06-22 15:45:27.162,16977,16979,16977,1,-1
2021-06-22 15:45:27.198,16977,16979,16977,10,-10
2021-06-22 15:45:27.336,16977,16978,16977,5,-5
2021-06-22 15:45:27.481,16977,16978,16978,7,7
2021-06-22 15:45:27.701,16978,16979,16979,1,1
2021-06-22 15:45:27.753,16978,16980,16978,1,-1
2021-06-22 15:45:27.793,16978,16980,16980,1,1
2021-06-22 15:45:27.879,16978,16980,16978,1,-1
2021-06-22 15:45:27.880,16978,16980,16978,1,-1
2021-06-22 15:45:28.060,16978,16980,16978,1,-1
2021-06-22 15:45:28.073,16978,16980,16980,1,1
2021-06-22 15:45:28.086,16978,16980,16980,1,1
2021-06-22 15:45:28.117,16978,16980,16978,1,-1
2021-06-22 15:45:30.126,16979,16980,16980,3,3
2021-06-22 15:45:31.281,16980,16981,16980,1,-1
2021-06-22 15:45:32.124,16980,16981,16980,1,-1
2021-06-22 15:45:34.505,16979,16981,16981,1,1
2021-06-22 15:45:35.592,16979,16980,16979,4,-4
2021-06-22 15:45:35.630,16978,16980,16978,1,-1
2021-06-22 15:45:35.631,16978,16980,16978,1,-1
2021-06-22 15:45:36.608,16978,16980,16978,4,-4
2021-06-22 15:45:36.735,16978,16980,16978,1,-1
2021-06-22 15:45:37.936,16978,16979,16979,1,1
2021-06-22 15:45:38.000,16978,16979,16978,1,-1
2021-06-22 15:45:38.847,16978,16979,16979,1,1
2021-06-22 15:45:38.992,16978,16979,16978,1,-1
2021-06-22 15:45:39.480,16977,16979,16979,1,1
2021-06-22 15:45:40.079,16978,16979,16978,1,-1
2021-06-22 15:45:40.200,16978,16979,16978,1,-1
2021-06-22 15:45:40.292,16978,16979,16978,1,-1
2021-06-22 15:45:40.293,16978,16979,16978,1,-1
2021-06-22 15:45:40.293,16978,16979,16978,1,-1
2021-06-22 15:45:40.294,16978,16979,16978,2,-2
2021-06-22 15:45:40.295,16978,16979,16978,2,-2
2021-06-22 15:45:40.295,16978,16979,16978,1,-1
2021-06-22 15:45:40.352,16978,16979,16977,1,-1
2021-06-22 15:45:41.646,16978,16979,16978,1,1
2021-06-22 15:45:43.995,16978,16979,16979,1,1
2021-06-22 15:45:45.394,16978,16979,16979,1,1
2021-06-22 15:45:45.400,16978,16979,16978,1,-1
2021-06-22 15:45:46.203,16978,16979,16978,1,-1
2021-06-22 15:45:48.313,16978,16979,16979,1,1
2021-06-22 15:45:48.313,16978,16979,16979,2,2
2021-06-22 15:45:48.629,16979,16980,16979,1,-1
2021-06-22 15:45:48.884,16979,16980,16980,1,1
2021-06-22 15:45:50.381,16979,16980,16979,1,-1
2021-06-22 15:45:50.527,16979,16980,16980,1,1
2021-06-22 15:45:53.488,16979,16980,16980,11,11
2021-06-22 15:45:53.702,16980,16981,16981,1,1
2021-06-22 15:45:54.209,16981,16982,16981,1,-1
2021-06-22 15:45:54.622,16980,16982,16980,7,-7
2021-06-22 15:45:57.228,16980,16982,16980,1,-1
2021-06-22 15:45:57.459,16980,16982,16980,1,-1
2021-06-22 15:45:58.811,16980,16982,16982,1,1
2021-06-22 15:45:59.321,16981,16982,16981,1,-1
2021-06-22 15:46:00.070,16981,16982,16982,1,1
2021-06-22 15:46:00.070,16981,16982,16982,1,1
2021-06-22 15:46:00.070,16981,16982,16982,2,2
2021-06-22 15:46:00.076,16981,16982,16981,1,-1
2021-06-22 15:46:00.129,16981,16983,16983,1,1
2021-06-22 15:46:00.596,16981,16983,16981,1,-1
2021-06-22 15:46:03.733,16982,16983,16983,1,1
2021-06-22 15:46:03.736,16982,16983,16982,2,-2
2021-06-22 15:46:03.749,16981,16984,16984,1,1
2021-06-22 15:46:03.749,16981,16984,16984,1,1
2021-06-22 15:46:03.750,16981,16984,16984,1,1
2021-06-22 15:46:04.052,16982,16984,16982,1,-1
2021-06-22 15:46:11.532,16981,16982,16982,1,1
2021-06-22 15:46:12.138,16981,16982,16981,1,-1
2021-06-22 15:46:12.139,16981,16982,16981,1,-1
2021-06-22 15:46:12.249,16980,16982,16982,1,1
2021-06-22 15:46:12.249,16980,16982,16982,1,1
2021-06-22 15:46:12.250,16980,16982,16982,1,1
2021-06-22 15:46:13.651,16981,16982,16982,1,1
2021-06-22 15:46:15.829,16981,16982,16981,2,-2
2021-06-22 15:46:21.348,16981,16982,16981,1,-1
2021-06-22 15:46:21.349,16981,16982,16981,1,-1
2021-06-22 15:46:24.228,16980,16981,16980,2,-2
2021-06-22 15:46:24.228,16980,16981,16980,1,-1
2021-06-22 15:46:24.228,16980,16981,16980,9,-9
2021-06-22 15:46:24.249,16979,16980,16980,1,1
2021-06-22 15:46:24.249,16979,16980,16980,1,1
2021-06-22 15:46:24.249,16979,16980,16980,1,1
2021-06-22 15:46:24.634,16979,16980,16980,3,3
2021-06-22 15:46:28.235,16979,16980,16980,1,1
2021-06-22 15:46:28.905,16979,16980,16979,1,-1
2021-06-22 15:46:30.313,16979,16980,16979,1,-1
2021-06-22 15:46:30.374,16979,16980,16980,1,1
2021-06-22 15:46:30.374,16979,16980,16980,1,1
2021-06-22 15:46:30.375,16979,16980,16980,1,1
2021-06-22 15:46:30.375,16979,16980,16980,1,1
2021-06-22 15:46:30.693,16979,16980,16979,1,-1
2021-06-22 15:46:31.530,16979,16980,16980,1,1
2021-06-22 15:46:31.622,16979,16980,16979,2,-2
2021-06-22 15:46:32.446,16978,16979,16978,4,-4
2021-06-22 15:46:33.385,16977,16979,16977,1,-1
2021-06-22 15:46:35.647,16977,16979,16979,1,1
2021-06-22 15:46:36.101,16977,16978,16978,1,1
2021-06-22 15:46:36.290,16977,16978,16977,2,-2
2021-06-22 15:46:36.335,16977,16978,16976,2,-2
2021-06-22 15:46:36.433,16976,16978,16976,1,-1
2021-06-22 15:46:41.744,16976,16977,16976,3,-3
2021-06-22 15:46:41.749,16976,16977,16977,1,1
2021-06-22 15:46:42.219,16976,16978,16978,5,5
2021-06-22 15:46:42.743,16976,16978,16976,1,-1
2021-06-22 15:46:46.405,16976,16977,16977,1,1
2021-06-22 15:46:48.250,16976,16977,16976,1,-1
2021-06-22 15:46:48.374,16976,16977,16977,1,1
2021-06-22 15:46:49.545,16976,16977,16977,1,1
2021-06-22 15:46:49.730,16976,16977,16976,1,-1
2021-06-22 15:46:50.234,16976,16977,16976,3,-3
2021-06-22 15:46:50.235,16976,16977,16976,1,-1
2021-06-22 15:46:50.235,16976,16977,16976,3,-3
2021-06-22 15:46:50.235,16976,16977,16976,3,-3
2021-06-22 15:46:51.837,16975,16976,16975,1,-1
2021-06-22 15:46:52.076,16975,16976,16975,4,-4
2021-06-22 15:46:52.090,16975,16976,16975,2,-2
2021-06-22 15:46:52.092,16975,16976,16975,2,-2
2021-06-22 15:46:52.093,16975,16976,16975,1,-1
2021-06-22 15:46:52.163,16975,16976,16975,4,-4
2021-06-22 15:46:52.585,16975,16976,16975,1,-1
2021-06-22 15:46:53.308,16975,16976,16975,5,-5
2021-06-22 15:46:53.376,16975,16976,16975,1,-1
2021-06-22 15:46:56.946,16975,16976,16975,1,-1
2021-06-22 15:46:57.543,16975,16976,16976,2,2
2021-06-22 15:46:58.078,16975,16976,16975,1,-1
2021-06-22 15:46:58.181,16975,16976,16976,1,1
2021-06-22 15:46:58.204,16975,16976,16976,1,1
2021-06-22 15:47:01.318,16975,16977,16975,1,-1
2021-06-22 15:47:01.321,16975,16977,16977,2,2
2021-06-22 15:47:01.376,16975,16977,16975,1,-1
2021-06-22 15:47:01.377,16975,16977,16975,1,-1
2021-06-22 15:47:03.064,16976,16977,16976,1,1
2021-06-22 15:47:03.124,16976,16977,16976,1,-1
2021-06-22 15:47:03.124,16976,16977,16976,1,-1
2021-06-22 15:47:03.218,16976,16977,16976,1,-1
2021-06-22 15:47:04.099,16975,16976,16976,1,1
2021-06-22 15:47:06.235,16976,16977,16977,1,1
2021-06-22 15:47:07.014,16976,16977,16977,1,1
2021-06-22 15:47:07.014,16976,16977,16977,1,1
2021-06-22 15:47:07.124,16977,16978,16977,1,-1
2021-06-22 15:47:07.124,16977,16978,16976,1,-1
2021-06-22 15:47:07.125,16977,16978,16976,1,-1
2021-06-22 15:47:07.125,16977,16978,16976,1,-1
2021-06-22 15:47:09.989,16977,16978,16977,1,1
2021-06-22 15:47:10.241,16977,16978,16978,7,7
2021-06-22 15:47:11.104,16978,16979,16978,1,-1
2021-06-22 15:47:20.141,16978,16979,16978,1,-1
2021-06-22 15:47:22.702,16978,16979,16979,1,1
2021-06-22 15:47:22.750,16978,16979,16978,1,-1
2021-06-22 15:47:22.750,16978,16979,16978,1,-1
2021-06-22 15:47:22.750,16978,16979,16978,1,-1
2021-06-22 15:47:22.750,16978,16979,16978,1,-1
2021-06-22 15:47:22.750,16978,16979,16978,1,-1
2021-06-22 15:47:25.082,16978,16979,16978,1,-1
2021-06-22 15:47:25.115,16978,16979,16977,4,-4
2021-06-22 15:47:27.061,16977,16978,16977,2,-2
