2024-05-20 15:00:00.032,21311,21315,21314,50,50
2024-05-20 15:00:00.033,21311,21314,21314,2,2
2024-05-20 15:00:00.034,21311,21314,21314,2,2
2024-05-20 15:00:00.034,21311,21314,21314,1,1
2024-05-20 15:00:00.034,21311,21314,21314,2,2
2024-05-20 15:00:00.044,21311,21314,21311,1,-1
2024-05-20 15:00:00.049,21311,21314,21311,1,-1
2024-05-20 15:00:00.055,21311,21314,21311,1,-1
2024-05-20 15:00:00.061,21310,21314,21310,1,-1
2024-05-20 15:00:00.069,21310,21314,21314,1,1
2024-05-20 15:00:00.081,21310,21314,21314,1,1
2024-05-20 15:00:00.082,21310,21314,21315,1,1
2024-05-20 15:00:00.094,21310,21314,21314,3,3
2024-05-20 15:00:00.094,21310,21314,21314,2,2
2024-05-20 15:00:00.110,21312,21315,21314,1,1
2024-05-20 15:00:00.110,21312,21315,21314,4,4
2024-05-20 15:00:00.261,21311,21313,21315,1,1
2024-05-20 15:00:00.333,21311,21315,21311,2,-2
2024-05-20 15:00:00.333,21311,21315,21310,1,-1
2024-05-20 15:00:00.354,21311,21315,21311,1,-1
2024-05-20 15:00:00.389,21311,21312,21312,1,1
2024-05-20 15:00:00.395,21311,21312,21312,1,1
2024-05-20 15:00:00.395,21311,21312,21313,1,1
2024-05-20 15:00:00.397,21311,21312,21314,1,1
2024-05-20 15:00:00.400,21311,21312,21314,1,1
2024-05-20 15:00:00.429,21311,21312,21314,1,1
2024-05-20 15:00:00.480,21311,21312,21311,1,-1
2024-05-20 15:00:00.483,21311,21312,21310,1,-1
2024-05-20 15:00:00.483,21311,21312,21311,1,-1
2024-05-20 15:00:00.529,21311,21313,21311,1,-1
2024-05-20 15:00:00.532,21311,21313,21313,1,1
2024-05-20 15:00:00.610,21311,21313,21310,1,-1
2024-05-20 15:00:00.617,21311,21313,21313,1,1
2024-05-20 15:00:00.651,21310,21313,21310,1,-1
2024-05-20 15:00:00.804,21310,21312,21312,2,2
2024-05-20 15:00:00.854,21310,21312,21313,1,1
2024-05-20 15:00:00.904,21310,21313,21310,1,-1
2024-05-20 15:00:00.911,21310,21313,21310,1,-1
2024-05-20 15:00:00.945,21310,21313,21310,1,-1
2024-05-20 15:00:00.947,21310,21313,21310,1,-1
2024-05-20 15:00:00.987,21310,21313,21310,1,-1
2024-05-20 15:00:00.993,21310,21313,21309,1,-1
2024-05-20 15:00:00.996,21310,21313,21312,1,1
2024-05-20 15:00:01.018,21309,21312,21309,1,-1
2024-05-20 15:00:01.020,21309,21312,21309,1,-1
2024-05-20 15:00:01.021,21309,21312,21309,2,-2
2024-05-20 15:00:01.021,21309,21312,21308,1,-1
2024-05-20 15:00:01.022,21309,21312,21308,1,-1
2024-05-20 15:00:01.035,21309,21312,21309,1,-1
2024-05-20 15:00:01.035,21309,21312,21308,1,-1
2024-05-20 15:00:01.079,21309,21312,21309,1,-1
2024-05-20 15:00:01.081,21309,21312,21309,1,-1
2024-05-20 15:00:01.093,21309,21312,21308,1,-1
2024-05-20 15:00:01.113,21309,21312,21308,2,-2
2024-05-20 15:00:01.114,21309,21312,21308,1,-1
2024-05-20 15:00:01.114,21309,21312,21307,1,-1
2024-05-20 15:00:01.473,21308,21311,21309,1,-1
2024-05-20 15:00:01.473,21308,21311,21309,1,-1
2024-05-20 15:00:01.512,21308,21311,21308,1,-1
2024-05-20 15:00:03.421,21308,21311,21308,3,-3
2024-05-20 15:00:03.549,21307,21310,21307,2,-2
2024-05-20 15:00:03.979,21306,21309,21306,2,-2
2024-05-20 15:00:05.318,21306,21309,21309,2,2
2024-05-20 15:00:05.883,21307,21309,21307,1,-1
2024-05-20 15:00:06.008,21307,21309,21309,1,1
2024-05-20 15:00:06.009,21307,21309,21310,2,2
2024-05-20 15:00:06.010,21307,21309,21309,1,1
2024-05-20 15:00:06.010,21307,21309,21309,1,1
2024-05-20 15:00:06.011,21307,21309,21309,1,1
2024-05-20 15:00:06.011,21307,21309,21309,1,1
2024-05-20 15:00:06.013,21307,21309,21309,2,2
2024-05-20 15:00:06.014,21308,21310,21309,2,2
2024-05-20 15:00:06.015,21308,21310,21309,1,1
2024-05-20 15:00:06.016,21308,21310,21309,1,1
2024-05-20 15:00:06.017,21308,21310,21309,1,1
2024-05-20 15:00:06.018,21308,21310,21309,1,1
2024-05-20 15:00:06.019,21308,21310,21309,1,1
2024-05-20 15:00:06.144,21307,21309,21307,2,-2
2024-05-20 15:00:08.850,21307,21309,21308,1,-1
2024-05-20 15:00:09.590,21307,21309,21307,1,-1
2024-05-20 15:00:11.043,21307,21309,21307,1,-1
2024-05-20 15:00:12.592,21307,21308,21307,2,-2
2024-05-20 15:00:13.227,21307,21308,21307,1,-1
2024-05-20 15:00:13.294,21306,21307,21306,2,-2
2024-05-20 15:00:13.592,21305,21307,21305,5,-5
2024-05-20 15:00:14.547,21305,21307,21307,3,3
2024-05-20 15:00:14.592,21305,21307,21306,2,2
2024-05-20 15:00:14.618,21305,21307,21307,1,1
2024-05-20 15:00:14.619,21305,21307,21306,2,2
2024-05-20 15:00:15.129,21306,21308,21307,1,1
2024-05-20 15:00:15.131,21306,21308,21307,1,1
2024-05-20 15:00:15.132,21306,21308,21307,1,1
2024-05-20 15:00:15.362,21307,21308,21308,1,1
2024-05-20 15:00:15.362,21307,21308,21308,3,3
2024-05-20 15:00:15.597,21307,21309,21309,2,2
2024-05-20 15:00:15.598,21307,21309,21309,2,2
2024-05-20 15:00:15.617,21307,21309,21308,3,3
2024-05-20 15:00:15.709,21307,21310,21310,1,1
2024-05-20 15:00:15.733,21307,21310,21310,2,2
2024-05-20 15:00:16.260,21307,21309,21307,1,-1
2024-05-20 15:00:16.367,21307,21309,21308,1,-1
2024-05-20 15:00:17.209,21307,21308,21308,1,1
2024-05-20 15:00:17.496,21307,21308,21307,1,-1
2024-05-20 15:00:18.069,21306,21308,21306,1,-1
2024-05-20 15:00:18.618,21306,21307,21306,1,-1
2024-05-20 15:00:18.630,21306,21307,21306,1,-1
2024-05-20 15:00:19.618,21305,21308,21305,4,-4
2024-05-20 15:00:19.643,21305,21308,21305,1,-1
2024-05-20 15:00:19.643,21305,21308,21304,3,-3
2024-05-20 15:00:19.773,21304,21306,21305,1,-1
2024-05-20 15:00:20.643,21305,21307,21305,1,-1
2024-05-20 15:00:20.762,21305,21307,21305,1,-1
2024-05-20 15:00:21.477,21304,21307,21306,1,1
2024-05-20 15:00:21.645,21304,21307,21304,8,-8
2024-05-20 15:00:22.643,21304,21306,21304,1,-1
2024-05-20 15:00:24.030,21304,21305,21302,1,-1
2024-05-20 15:00:24.030,21304,21305,21303,10,-10
2024-05-20 15:00:24.030,21304,21305,21304,2,-2
2024-05-20 15:00:24.149,21302,21305,21305,1,1
2024-05-20 15:00:24.359,21303,21305,21305,1,1
2024-05-20 15:00:24.448,21303,21305,21305,1,1
2024-05-20 15:00:24.885,21303,21305,21303,1,-1
2024-05-20 15:00:26.407,21302,21304,21302,1,-1
2024-05-20 15:00:26.966,21302,21303,21302,2,-2
2024-05-20 15:00:27.275,21302,21303,21303,1,1
2024-05-20 15:00:28.868,21302,21303,21302,1,-1
2024-05-20 15:00:28.898,21301,21303,21303,2,2
2024-05-20 15:00:28.898,21301,21303,21303,1,1
2024-05-20 15:00:29.810,21301,21302,21301,1,-1
2024-05-20 15:00:29.924,21301,21302,21301,3,-3
2024-05-20 15:00:30.048,21301,21302,21302,1,1
2024-05-20 15:00:32.164,21301,21302,21302,1,1
2024-05-20 15:00:32.751,21301,21302,21302,1,1
2024-05-20 15:00:33.862,21301,21302,21301,1,-1
2024-05-20 15:00:34.539,21301,21302,21302,1,1
2024-05-20 15:00:34.764,21301,21302,21301,2,-2
2024-05-20 15:00:34.928,21301,21302,21302,4,4
2024-05-20 15:00:34.929,21301,21302,21302,3,3
2024-05-20 15:00:35.998,21301,21302,21302,1,1
2024-05-20 15:00:36.237,21301,21302,21302,1,1
2024-05-20 15:00:36.633,21301,21302,21302,1,1
2024-05-20 15:00:36.718,21301,21302,21302,1,1
2024-05-20 15:00:36.718,21301,21302,21302,1,1
2024-05-20 15:00:36.871,21301,21303,21302,1,1
2024-05-20 15:00:37.080,21302,21303,21302,1,-1
2024-05-20 15:00:37.683,21302,21303,21302,1,-1
2024-05-20 15:00:37.769,21302,21303,21303,1,1
2024-05-20 15:00:38.163,21302,21303,21303,1,1
2024-05-20 15:00:39.015,21302,21303,21302,1,-1
2024-05-20 15:00:41.411,21302,21303,21303,1,1
2024-05-20 15:00:41.411,21302,21303,21303,1,1
2024-05-20 15:00:41.411,21302,21303,21303,1,1
2024-05-20 15:00:42.710,21302,21303,21302,4,-4
2024-05-20 15:00:45.171,21302,21303,21302,1,-1
2024-05-20 15:00:45.732,21302,21303,21302,2,-2
2024-05-20 15:00:45.991,21302,21303,21302,1,-1
2024-05-20 15:00:47.546,21302,21303,21302,1,-1
2024-05-20 15:00:47.735,21302,21303,21302,1,-1
2024-05-20 15:00:49.352,21302,21303,21303,2,2
2024-05-20 15:00:49.353,21302,21303,21304,1,1
2024-05-20 15:00:49.353,21302,21303,21304,1,1
2024-05-20 15:00:49.353,21302,21303,21304,3,3
2024-05-20 15:00:49.380,21302,21303,21303,1,1
2024-05-20 15:00:54.310,21303,21305,21303,2,-2
2024-05-20 15:00:55.454,21302,21304,21302,1,-1
2024-05-20 15:00:58.099,21301,21303,21301,2,-2
2024-05-20 15:00:59.556,21301,21303,21301,1,-1
2024-05-20 15:00:59.890,21301,21303,21301,3,-3
2024-05-20 15:00:59.892,21301,21303,21301,3,-3
2024-05-20 15:00:59.892,21301,21303,21301,2,-2
2024-05-20 15:00:59.892,21301,21303,21301,2,-2
2024-05-20 15:00:59.893,21301,21303,21301,4,-4
2024-05-20 15:00:59.893,21301,21303,21301,3,-3
2024-05-20 15:00:59.893,21301,21303,21301,5,-5
2024-05-20 15:00:59.893,21301,21303,21301,1,-1
2024-05-20 15:00:59.893,21301,21303,21301,1,-1
2024-05-20 15:00:59.893,21301,21303,21301,1,-1
2024-05-20 15:01:00.013,21301,21303,21302,1,-1
2024-05-20 15:01:00.034,21300,21302,21300,1,-1
2024-05-20 15:01:00.036,21300,21302,21300,1,-1
2024-05-20 15:01:00.037,21300,21302,21299,1,-1
2024-05-20 15:01:00.037,21300,21302,21299,2,-2
2024-05-20 15:01:00.037,21300,21302,21299,1,-1
2024-05-20 15:01:00.039,21300,21302,21298,2,-2
2024-05-20 15:01:00.040,21300,21302,21297,1,-1
2024-05-20 15:01:00.069,21300,21302,21295,1,-1
2024-05-20 15:01:00.069,21300,21302,21295,1,-1
2024-05-20 15:01:00.069,21300,21302,21295,1,-1
2024-05-20 15:01:00.069,21300,21302,21295,1,-1
2024-05-20 15:01:00.086,21300,21302,21296,1,-1
2024-05-20 15:01:00.086,21300,21302,21297,1,-1
2024-05-20 15:01:00.087,21300,21302,21297,1,-1
2024-05-20 15:01:00.087,21300,21302,21298,2,-2
2024-05-20 15:01:00.087,21300,21302,21298,1,-1
2024-05-20 15:01:00.087,21300,21302,21298,1,-1
2024-05-20 15:01:00.088,21300,21302,21298,1,-1
2024-05-20 15:01:00.088,21300,21302,21299,3,-3
2024-05-20 15:01:00.088,21300,21302,21300,1,-1
2024-05-20 15:01:00.153,21298,21300,21300,3,3
2024-05-20 15:01:00.158,21298,21300,21299,1,1
2024-05-20 15:01:00.176,21298,21300,21298,3,-3
2024-05-20 15:01:00.176,21298,21300,21299,1,1
2024-05-20 15:01:00.211,21298,21300,21298,2,-2
2024-05-20 15:01:00.238,21298,21300,21298,1,-1
2024-05-20 15:01:00.294,21298,21301,21298,1,-1
2024-05-20 15:01:00.370,21298,21301,21298,2,-2
2024-05-20 15:01:00.370,21298,21301,21297,2,-2
2024-05-20 15:01:00.417,21297,21300,21300,2,2
2024-05-20 15:01:00.464,21297,21300,21298,1,-1
2024-05-20 15:01:00.486,21297,21300,21298,1,-1
2024-05-20 15:01:00.513,21297,21300,21300,2,2
2024-05-20 15:01:00.573,21297,21300,21298,3,-3
2024-05-20 15:01:00.736,21297,21300,21297,1,-1
2024-05-20 15:01:00.794,21297,21300,21297,2,-2
2024-05-20 15:01:01.049,21297,21299,21299,1,1
2024-05-20 15:01:01.404,21297,21299,21299,1,1
2024-05-20 15:01:01.516,21297,21299,21298,3,3
2024-05-20 15:01:03.413,21295,21297,21295,1,-1
2024-05-20 15:01:03.522,21294,21296,21294,2,-2
2024-05-20 15:01:03.609,21294,21296,21293,2,-2
2024-05-20 15:01:03.656,21292,21294,21294,1,1
2024-05-20 15:01:03.657,21292,21294,21295,1,1
2024-05-20 15:01:03.658,21292,21294,21296,2,2
2024-05-20 15:01:03.675,21292,21294,21294,1,1
2024-05-20 15:01:03.733,21292,21294,21294,1,1
2024-05-20 15:01:04.754,21294,21296,21296,1,1
2024-05-20 15:01:04.755,21294,21296,21297,2,2
2024-05-20 15:01:04.756,21294,21296,21298,2,2
2024-05-20 15:01:04.756,21294,21296,21298,1,1
2024-05-20 15:01:04.757,21294,21296,21299,2,2
2024-05-20 15:01:05.003,21298,21301,21301,1,1
2024-05-20 15:01:05.030,21300,21301,21301,1,1
2024-05-20 15:01:05.275,21299,21302,21303,7,7
2024-05-20 15:01:05.275,21299,21302,21302,6,6
2024-05-20 15:01:05.289,21299,21302,21301,1,1
2024-05-20 15:01:05.658,21301,21303,21303,2,2
2024-05-20 15:01:05.658,21301,21303,21304,5,5
2024-05-20 15:01:05.658,21301,21303,21305,5,5
2024-05-20 15:01:05.659,21301,21303,21305,1,1
2024-05-20 15:01:05.677,21301,21303,21304,2,2
2024-05-20 15:01:05.677,21301,21303,21305,4,4
2024-05-20 15:01:05.677,21301,21303,21306,6,6
2024-05-20 15:01:05.678,21301,21303,21306,1,1
2024-05-20 15:01:05.740,21301,21303,21303,1,1
2024-05-20 15:01:05.741,21301,21303,21303,3,3
2024-05-20 15:01:05.852,21302,21304,21305,8,8
2024-05-20 15:01:05.852,21302,21304,21306,2,2
2024-05-20 15:01:05.852,21302,21304,21304,3,3
2024-05-20 15:01:06.647,21303,21305,21303,1,-1
2024-05-20 15:01:10.090,21303,21305,21303,1,-1
2024-05-20 15:01:10.090,21303,21305,21302,1,-1
2024-05-20 15:01:10.142,21302,21305,21302,1,-1
2024-05-20 15:01:11.154,21301,21303,21302,1,-1
2024-05-20 15:01:11.617,21301,21303,21301,1,-1
2024-05-20 15:01:13.967,21299,21302,21299,1,-1
2024-05-20 15:01:14.368,21298,21301,21301,1,1
2024-05-20 15:01:15.253,21298,21301,21300,1,1
2024-05-20 15:01:17.107,21301,21302,21301,1,-1
2024-05-20 15:01:19.849,21300,21301,21301,1,1
2024-05-20 15:01:19.893,21300,21301,21300,1,-1
2024-05-20 15:01:20.071,21300,21301,21301,1,1
2024-05-20 15:01:20.198,21300,21301,21301,1,1
2024-05-20 15:01:20.257,21300,21301,21300,1,-1
2024-05-20 15:01:21.374,21299,21300,21299,1,-1
2024-05-20 15:01:21.374,21299,21300,21298,2,-2
2024-05-20 15:01:21.407,21297,21300,21300,2,2
2024-05-20 15:01:22.036,21299,21300,21299,1,-1
2024-05-20 15:01:22.267,21298,21300,21298,1,-1
2024-05-20 15:01:24.286,21297,21300,21297,1,-1
2024-05-20 15:01:24.459,21297,21299,21297,1,-1
2024-05-20 15:01:27.821,21296,21298,21296,1,-1
2024-05-20 15:01:32.557,21296,21297,21296,1,-1
2024-05-20 15:01:32.693,21296,21297,21296,1,-1
2024-05-20 15:01:35.351,21295,21296,21295,4,-4
2024-05-20 15:01:35.352,21295,21296,21295,2,-2
2024-05-20 15:01:36.035,21294,21295,21296,1,1
2024-05-20 15:01:36.035,21294,21295,21295,4,4
2024-05-20 15:01:40.193,21294,21295,21295,2,2
2024-05-20 15:01:40.888,21294,21295,21295,1,1
2024-05-20 15:01:41.431,21294,21295,21295,1,1
2024-05-20 15:01:43.849,21295,21296,21296,2,2
2024-05-20 15:01:43.849,21295,21296,21296,3,3
2024-05-20 15:01:43.849,21295,21296,21296,2,2
2024-05-20 15:01:43.849,21295,21296,21296,2,2
2024-05-20 15:01:43.849,21295,21296,21296,5,5
2024-05-20 15:01:45.083,21296,21297,21297,2,2
2024-05-20 15:01:45.124,21296,21297,21297,5,5
2024-05-20 15:01:45.124,21296,21297,21297,2,2
2024-05-20 15:01:45.125,21296,21297,21297,3,3
2024-05-20 15:01:45.125,21296,21297,21297,1,1
2024-05-20 15:01:45.226,21297,21298,21297,1,-1
2024-05-20 15:01:45.826,21296,21298,21298,1,1
2024-05-20 15:01:45.978,21296,21298,21296,2,-2
2024-05-20 15:01:46.811,21295,21298,21295,1,-1
2024-05-20 15:01:47.594,21295,21297,21295,1,-1
2024-05-20 15:01:47.685,21294,21296,21296,1,1
2024-05-20 15:01:50.437,21295,21296,21295,1,-1
2024-05-20 15:01:50.437,21295,21296,21294,2,-2
2024-05-20 15:01:50.511,21295,21296,21293,1,-1
2024-05-20 15:01:51.027,21293,21294,21293,1,-1
2024-05-20 15:01:51.027,21293,21294,21292,1,-1
2024-05-20 15:01:51.121,21293,21294,21292,2,-2
2024-05-20 15:01:51.122,21293,21294,21291,3,-3
2024-05-20 15:01:51.138,21290,21291,21291,1,1
2024-05-20 15:01:52.520,21291,21293,21293,1,1
2024-05-20 15:01:55.284,21292,21294,21291,7,-7
2024-05-20 15:01:55.284,21292,21294,21292,3,-3
2024-05-20 15:01:56.909,21290,21292,21292,1,1
2024-05-20 15:01:58.300,21291,21293,21291,1,-1
2024-05-20 15:01:58.914,21290,21293,21290,3,-3
2024-05-20 15:01:59.194,21290,21292,21290,2,-2
2024-05-20 15:02:00.146,21290,21292,21290,1,-1
2024-05-20 15:02:00.360,21290,21292,21290,1,-1
2024-05-20 15:02:00.376,21290,21292,21292,1,1
2024-05-20 15:02:00.386,21290,21292,21293,1,1
2024-05-20 15:02:01.745,21293,21295,21293,5,-5
2024-05-20 15:02:06.133,21292,21293,21292,1,-1
2024-05-20 15:02:07.949,21291,21292,21291,1,-1
2024-05-20 15:02:08.243,21290,21292,21290,6,-6
2024-05-20 15:02:09.869,21289,21291,21289,1,-1
2024-05-20 15:02:10.017,21289,21291,21289,1,-1
2024-05-20 15:02:10.403,21288,21290,21288,1,-1
2024-05-20 15:02:10.532,21287,21290,21287,1,-1
2024-05-20 15:02:10.592,21287,21290,21287,1,-1
2024-05-20 15:02:10.653,21287,21290,21287,1,-1
2024-05-20 15:02:10.936,21287,21289,21287,1,-1
2024-05-20 15:02:11.406,21287,21289,21288,1,-1
2024-05-20 15:02:12.096,21288,21290,21288,1,-1
2024-05-20 15:02:14.604,21288,21290,21288,1,-1
2024-05-20 15:02:14.897,21288,21290,21290,1,1
2024-05-20 15:02:14.897,21288,21290,21290,1,1
2024-05-20 15:02:14.897,21288,21290,21290,1,1
2024-05-20 15:02:16.609,21290,21292,21290,1,-1
2024-05-20 15:02:17.278,21290,21291,21289,5,-5
2024-05-20 15:02:17.278,21290,21291,21290,1,-1
2024-05-20 15:02:19.844,21289,21291,21289,3,-3
2024-05-20 15:02:20.120,21288,21289,21289,7,7
2024-05-20 15:02:20.595,21289,21291,21290,1,1
2024-05-20 15:02:20.653,21289,21291,21289,1,-1
2024-05-20 15:02:22.553,21290,21291,21290,3,-3
2024-05-20 15:02:23.849,21290,21291,21290,3,-3
2024-05-20 15:02:24.205,21289,21291,21289,1,-1
2024-05-20 15:02:24.785,21290,21291,21291,1,1
2024-05-20 15:02:26.098,21291,21292,21291,3,-3
2024-05-20 15:02:26.375,21290,21292,21292,1,1
2024-05-20 15:02:27.812,21290,21293,21290,1,-1
2024-05-20 15:02:28.129,21290,21292,21290,1,-1
2024-05-20 15:02:29.157,21290,21292,21292,2,2
2024-05-20 15:02:30.510,21290,21292,21290,1,-1
2024-05-20 15:02:32.554,21290,21292,21290,1,-1
2024-05-20 15:02:33.905,21290,21292,21292,1,1
2024-05-20 15:02:35.379,21291,21292,21291,1,-1
2024-05-20 15:02:36.293,21291,21292,21292,1,1
2024-05-20 15:02:36.568,21291,21293,21293,5,5
2024-05-20 15:02:37.963,21292,21293,21292,1,-1
2024-05-20 15:02:38.487,21292,21293,21293,1,1
2024-05-20 15:02:39.179,21292,21294,21294,1,1
2024-05-20 15:02:39.221,21292,21294,21294,2,2
2024-05-20 15:02:39.345,21294,21296,21296,1,1
2024-05-20 15:02:39.393,21294,21296,21296,1,1
2024-05-20 15:02:39.397,21294,21296,21297,1,1
2024-05-20 15:02:39.402,21294,21296,21297,1,1
2024-05-20 15:02:39.606,21295,21297,21297,1,1
2024-05-20 15:02:42.056,21296,21297,21294,1,-1
2024-05-20 15:02:42.056,21296,21297,21296,2,-2
2024-05-20 15:02:42.056,21296,21297,21295,2,-2
2024-05-20 15:02:43.213,21294,21297,21297,1,1
2024-05-20 15:02:44.376,21295,21297,21295,1,-1
2024-05-20 15:02:49.362,21296,21297,21297,1,1
2024-05-20 15:02:50.393,21296,21297,21296,1,-1
2024-05-20 15:02:54.922,21295,21297,21295,1,-1
2024-05-20 15:02:55.821,21295,21297,21295,1,-1
2024-05-20 15:03:00.046,21295,21296,21295,1,-1
2024-05-20 15:03:00.050,21295,21296,21295,2,-2
2024-05-20 15:03:00.056,21295,21296,21295,1,-1
2024-05-20 15:03:00.060,21295,21296,21295,1,-1
2024-05-20 15:03:00.076,21295,21296,21294,1,-1
2024-05-20 15:03:00.076,21295,21296,21293,1,-1
2024-05-20 15:03:00.080,21295,21296,21293,1,-1
2024-05-20 15:03:00.151,21292,21294,21292,1,-1
2024-05-20 15:03:00.775,21292,21295,21295,3,3
2024-05-20 15:03:00.940,21293,21296,21296,1,1
2024-05-20 15:03:02.404,21294,21296,21296,1,1
2024-05-20 15:03:04.465,21294,21296,21294,1,-1
2024-05-20 15:03:06.624,21295,21296,21295,1,-1
2024-05-20 15:03:09.397,21295,21296,21296,1,1
2024-05-20 15:03:09.397,21295,21296,21297,2,2
2024-05-20 15:03:09.545,21295,21297,21297,1,1
2024-05-20 15:03:09.545,21295,21297,21297,2,2
2024-05-20 15:03:09.545,21295,21297,21297,1,1
2024-05-20 15:03:09.545,21295,21297,21297,1,1
2024-05-20 15:03:09.545,21295,21297,21297,2,2
2024-05-20 15:03:09.545,21295,21297,21297,1,1
2024-05-20 15:03:10.017,21296,21298,21296,3,-3
2024-05-20 15:03:10.799,21296,21298,21296,1,-1
2024-05-20 15:03:10.799,21296,21298,21295,3,-3
2024-05-20 15:03:12.350,21294,21296,21294,1,-1
2024-05-20 15:03:12.351,21294,21296,21294,3,-3
2024-05-20 15:03:21.967,21293,21296,21293,4,-4
2024-05-20 15:03:25.504,21292,21293,21292,1,-1
2024-05-20 15:03:25.504,21292,21293,21292,3,-3
2024-05-20 15:03:25.505,21292,21293,21291,1,-1
2024-05-20 15:03:25.505,21292,21293,21291,1,-1
2024-05-20 15:03:25.505,21292,21293,21291,2,-2
2024-05-20 15:03:25.505,21292,21293,21291,1,-1
2024-05-20 15:03:25.505,21292,21293,21291,1,-1
2024-05-20 15:03:25.506,21292,21293,21290,1,-1
2024-05-20 15:03:25.506,21292,21293,21290,2,-2
2024-05-20 15:03:25.506,21292,21293,21290,1,-1
2024-05-20 15:03:25.506,21292,21293,21290,2,-2
2024-05-20 15:03:25.506,21292,21293,21290,2,-2
2024-05-20 15:03:28.371,21288,21290,21290,1,1
2024-05-20 15:03:29.435,21288,21290,21288,1,-1
2024-05-20 15:03:31.470,21288,21290,21290,1,1
2024-05-20 15:03:32.913,21288,21290,21290,1,1
2024-05-20 15:03:34.572,21288,21290,21288,5,-5
2024-05-20 15:03:37.099,21289,21290,21289,1,-1
2024-05-20 15:03:39.946,21289,21290,21289,1,-1
2024-05-20 15:03:41.235,21289,21290,21290,4,4
2024-05-20 15:03:41.841,21290,21292,21290,1,-1
2024-05-20 15:03:42.031,21290,21292,21290,1,-1
2024-05-20 15:03:42.778,21290,21292,21290,2,-2
2024-05-20 15:03:46.874,21290,21292,21290,1,-1
2024-05-20 15:03:47.346,21289,21292,21292,1,1
2024-05-20 15:03:52.694,21291,21292,21291,1,-1
2024-05-20 15:03:55.264,21291,21292,21291,1,-1
2024-05-20 15:03:59.792,21291,21292,21292,1,1
2024-05-20 15:04:07.465,21292,21293,21293,1,1
2024-05-20 15:04:07.640,21292,21293,21293,1,1
2024-05-20 15:04:07.902,21293,21295,21293,2,-2
2024-05-20 15:04:09.202,21293,21295,21295,1,1
2024-05-20 15:04:15.046,21293,21295,21293,2,-2
2024-05-20 15:04:22.127,21294,21295,21294,1,-1
2024-05-20 15:04:25.399,21292,21293,21293,1,1
2024-05-20 15:04:25.734,21292,21293,21292,1,-1
2024-05-20 15:04:26.151,21291,21292,21292,1,1
2024-05-20 15:04:26.582,21291,21292,21291,1,-1
2024-05-20 15:04:34.618,21292,21293,21292,1,-1
2024-05-20 15:04:38.616,21291,21293,21293,3,3
2024-05-20 15:04:38.616,21291,21293,21294,14,14
2024-05-20 15:04:38.618,21291,21293,21294,1,1
2024-05-20 15:04:40.916,21293,21295,21293,1,-1
2024-05-20 15:04:43.920,21292,21295,21295,4,4
2024-05-20 15:04:43.940,21292,21295,21295,1,1
2024-05-20 15:04:43.940,21292,21295,21295,1,1
2024-05-20 15:04:43.940,21292,21295,21295,1,1
2024-05-20 15:04:43.940,21292,21295,21295,2,2
2024-05-20 15:04:43.940,21292,21295,21295,1,1
2024-05-20 15:04:48.445,21294,21297,21297,12,12
2024-05-20 15:04:48.446,21294,21297,21297,8,8
2024-05-20 15:04:50.434,21296,21298,21298,1,1
2024-05-20 15:04:53.761,21297,21298,21298,1,1
2024-05-20 15:04:54.446,21298,21299,21299,1,1
2024-05-20 15:04:54.446,21298,21299,21300,2,2
2024-05-20 15:04:54.586,21298,21300,21300,2,2
2024-05-20 15:04:56.634,21298,21300,21300,1,1
2024-05-20 15:05:03.076,21295,21298,21298,9,9
2024-05-20 15:05:03.076,21295,21298,21299,13,13
2024-05-20 15:05:10.435,21299,21300,21299,1,-1
2024-05-20 15:05:12.703,21298,21299,21299,1,1
2024-05-20 15:05:27.157,21297,21299,21297,1,-1
2024-05-20 15:05:28.877,21297,21298,21297,3,-3
2024-05-20 15:05:38.626,21295,21296,21296,1,1
2024-05-20 15:05:44.414,21295,21296,21295,5,-5
2024-05-20 15:05:45.172,21293,21294,21293,1,-1
2024-05-20 15:05:45.406,21292,21295,21292,4,-4
2024-05-20 15:05:48.776,21291,21292,21291,1,-1
2024-05-20 15:05:48.777,21291,21292,21291,1,-1
2024-05-20 15:05:49.290,21290,21292,21292,1,1
2024-05-20 15:05:55.190,21291,21293,21291,1,-1
2024-05-20 15:05:59.318,21291,21292,21291,1,-1
2024-05-20 15:05:59.448,21291,21292,21291,1,-1
2024-05-20 15:06:01.684,21291,21292,21291,1,-1
2024-05-20 15:06:09.481,21290,21292,21290,1,-1
2024-05-20 15:06:09.482,21290,21292,21290,1,-1
2024-05-20 15:06:09.482,21290,21292,21290,1,-1
2024-05-20 15:06:09.482,21290,21292,21290,1,-1
2024-05-20 15:06:09.482,21290,21292,21290,1,-1
2024-05-20 15:06:09.482,21290,21292,21290,1,-1
2024-05-20 15:06:09.524,21289,21291,21289,4,-4
2024-05-20 15:06:11.217,21288,21290,21288,4,-4
2024-05-20 15:06:11.218,21288,21290,21288,17,-17
2024-05-20 15:06:11.218,21288,21290,21287,3,-3
2024-05-20 15:06:11.219,21288,21290,21287,2,-2
2024-05-20 15:06:11.221,21288,21290,21286,1,-1
2024-05-20 15:06:11.260,21288,21290,21285,1,-1
2024-05-20 15:06:11.261,21288,21290,21285,1,-1
2024-05-20 15:06:11.262,21288,21290,21284,1,-1
2024-05-20 15:06:11.277,21283,21284,21283,1,-1
2024-05-20 15:06:11.277,21283,21284,21283,1,-1
2024-05-20 15:06:11.278,21283,21284,21283,4,-4
2024-05-20 15:06:11.278,21283,21284,21283,2,-2
2024-05-20 15:06:11.280,21283,21284,21282,3,-3
2024-05-20 15:06:11.280,21283,21284,21282,1,-1
2024-05-20 15:06:11.280,21283,21284,21282,2,-2
2024-05-20 15:06:11.314,21283,21284,21281,2,-2
2024-05-20 15:06:11.394,21281,21282,21281,1,-1
2024-05-20 15:06:11.413,21281,21282,21282,3,3
2024-05-20 15:06:11.547,21282,21283,21283,2,2
2024-05-20 15:06:11.547,21282,21283,21283,3,3
2024-05-20 15:06:11.661,21282,21284,21282,1,-1
2024-05-20 15:06:12.279,21282,21283,21283,1,1
2024-05-20 15:06:14.295,21283,21285,21285,1,1
2024-05-20 15:06:15.453,21283,21285,21285,1,1
2024-05-20 15:06:16.472,21283,21285,21285,3,3
2024-05-20 15:06:17.316,21285,21287,21285,1,-1
2024-05-20 15:06:17.953,21285,21287,21285,1,-1
2024-05-20 15:06:26.539,21285,21286,21286,1,1
2024-05-20 15:06:28.304,21285,21286,21285,1,-1
2024-05-20 15:06:30.803,21283,21286,21286,1,1
2024-05-20 15:06:36.588,21285,21286,21285,1,-1
2024-05-20 15:06:41.596,21285,21286,21285,1,-1
2024-05-20 15:06:42.263,21285,21286,21285,1,-1
2024-05-20 15:06:45.751,21285,21286,21285,1,-1
2024-05-20 15:06:46.092,21284,21286,21285,1,-1
2024-05-20 15:06:46.678,21284,21286,21286,1,1
2024-05-20 15:06:57.785,21284,21286,21286,1,1
2024-05-20 15:06:58.425,21284,21286,21285,1,1
2024-05-20 15:06:58.824,21284,21286,21284,8,-8
2024-05-20 15:07:00.096,21284,21286,21286,1,1
2024-05-20 15:07:01.607,21284,21286,21284,1,-1
2024-05-20 15:07:06.367,21284,21286,21284,1,-1
2024-05-20 15:07:07.367,21284,21285,21284,1,-1
2024-05-20 15:07:08.156,21283,21284,21284,1,1
2024-05-20 15:07:08.156,21283,21284,21285,6,6
2024-05-20 15:07:08.156,21283,21284,21286,1,1
2024-05-20 15:07:13.734,21284,21285,21285,1,1
2024-05-20 15:07:13.735,21284,21285,21286,2,2
2024-05-20 15:07:13.735,21284,21285,21286,5,5
2024-05-20 15:07:13.952,21286,21287,21287,1,1
2024-05-20 15:07:13.952,21286,21287,21287,1,1
2024-05-20 15:07:13.952,21286,21287,21287,2,2
2024-05-20 15:07:13.952,21286,21287,21287,6,6
2024-05-20 15:07:14.298,21287,21288,21287,2,-2
2024-05-20 15:07:16.260,21287,21288,21288,2,2
2024-05-20 15:07:16.726,21287,21289,21288,1,1
2024-05-20 15:07:20.550,21288,21290,21288,1,-1
2024-05-20 15:07:20.607,21288,21290,21288,1,-1
2024-05-20 15:07:23.533,21288,21290,21288,1,-1
2024-05-20 15:07:26.611,21287,21288,21288,1,1
2024-05-20 15:07:32.335,21289,21290,21289,1,-1
2024-05-20 15:07:32.820,21288,21290,21290,1,1
2024-05-20 15:07:35.596,21288,21289,21289,1,1
2024-05-20 15:07:39.915,21288,21290,21290,1,1
2024-05-20 15:07:41.868,21288,21290,21288,1,-1
2024-05-20 15:07:42.894,21287,21288,21288,1,1
2024-05-20 15:07:42.894,21287,21288,21289,1,1
2024-05-20 15:07:45.000,21287,21289,21288,1,1
2024-05-20 15:07:45.239,21287,21289,21287,2,-2
2024-05-20 15:07:47.035,21286,21287,21287,1,1
2024-05-20 15:07:49.762,21286,21288,21286,1,-1
2024-05-20 15:07:52.185,21287,21288,21287,1,-1
2024-05-20 15:07:54.925,21286,21288,21286,1,-1
2024-05-20 15:08:00.724,21285,21287,21286,1,-1
2024-05-20 15:08:06.092,21286,21287,21286,1,-1
2024-05-20 15:08:07.935,21285,21287,21285,1,-1
2024-05-20 15:08:21.609,21286,21287,21287,1,1
2024-05-20 15:08:21.776,21289,21290,21290,1,1
2024-05-20 15:08:21.979,21288,21290,21288,1,-1
2024-05-20 15:08:22.348,21288,21290,21288,1,-1
2024-05-20 15:08:31.581,21289,21290,21290,1,1
2024-05-20 15:08:34.265,21289,21290,21290,3,3
2024-05-20 15:08:34.267,21289,21290,21291,1,1
2024-05-20 15:08:36.297,21290,21291,21290,1,-1
2024-05-20 15:08:43.300,21290,21291,21291,1,1
2024-05-20 15:08:50.493,21291,21292,21291,1,-1
2024-05-20 15:08:56.454,21290,21292,21292,1,1
2024-05-20 15:08:58.530,21291,21293,21293,1,1
2024-05-20 15:09:05.255,21291,21293,21291,5,-5
2024-05-20 15:09:08.783,21291,21292,21291,7,-7
2024-05-20 15:09:08.784,21291,21292,21291,1,-1
2024-05-20 15:09:08.785,21291,21292,21290,2,-2
2024-05-20 15:09:08.785,21291,21292,21290,1,-1
2024-05-20 15:09:08.995,21289,21291,21291,1,1
2024-05-20 15:09:09.626,21289,21291,21291,1,1
2024-05-20 15:09:11.136,21290,21292,21291,1,1
2024-05-20 15:09:13.235,21290,21292,21292,2,2
2024-05-20 15:09:13.983,21293,21294,21293,1,-1
2024-05-20 15:09:14.347,21293,21294,21293,1,-1
2024-05-20 15:09:19.487,21292,21294,21292,5,-5
2024-05-20 15:09:27.919,21292,21293,21293,1,1
2024-05-20 15:09:27.919,21292,21293,21293,1,1
2024-05-20 15:09:27.930,21292,21293,21292,1,-1
2024-05-20 15:09:31.310,21293,21294,21294,1,1
2024-05-20 15:09:35.815,21293,21294,21294,1,1
2024-05-20 15:09:36.477,21293,21294,21294,1,1
2024-05-20 15:09:38.228,21293,21295,21295,1,1
2024-05-20 15:09:38.357,21293,21295,21295,1,1
2024-05-20 15:09:49.704,21293,21294,21294,1,1
2024-05-20 15:09:50.625,21293,21294,21293,1,-1
2024-05-20 15:09:53.567,21293,21294,21294,1,1
2024-05-20 15:09:56.156,21293,21294,21294,1,1
2024-05-20 15:10:03.944,21294,21295,21294,2,-2
2024-05-20 15:10:04.418,21293,21295,21293,1,-1
2024-05-20 15:10:04.427,21293,21295,21293,1,-1
2024-05-20 15:10:04.605,21292,21295,21292,2,-2
2024-05-20 15:10:25.344,21292,21293,21292,1,-1
2024-05-20 15:10:33.460,21292,21293,21293,1,1
2024-05-20 15:10:42.630,21293,21294,21293,1,-1
2024-05-20 15:10:43.918,21293,21294,21293,1,-1
2024-05-20 15:10:46.122,21293,21294,21294,1,1
2024-05-20 15:10:49.818,21293,21295,21293,4,-4
2024-05-20 15:10:58.916,21292,21293,21293,1,1
2024-05-20 15:11:01.109,21292,21293,21292,2,-2
2024-05-20 15:11:02.643,21291,21292,21292,1,1
2024-05-20 15:11:03.041,21291,21292,21292,1,1
2024-05-20 15:11:03.897,21291,21292,21292,1,1
2024-05-20 15:11:04.115,21291,21292,21291,1,-1
2024-05-20 15:11:06.585,21289,21291,21291,1,1
2024-05-20 15:11:07.816,21290,21291,21290,1,-1
2024-05-20 15:11:08.687,21289,21291,21291,1,1
2024-05-20 15:11:09.275,21289,21290,21290,1,1
2024-05-20 15:11:09.688,21289,21290,21289,3,-3
2024-05-20 15:11:10.015,21288,21289,21289,1,1
2024-05-20 15:11:10.665,21288,21289,21289,1,1
2024-05-20 15:11:11.315,21288,21290,21290,1,1
2024-05-20 15:11:11.930,21288,21291,21290,1,1
2024-05-20 15:11:13.417,21290,21291,21291,1,1
2024-05-20 15:11:31.345,21290,21291,21291,1,1
2024-05-20 15:11:33.015,21290,21291,21291,1,1
2024-05-20 15:11:33.804,21290,21291,21291,1,1
2024-05-20 15:11:34.499,21290,21291,21291,1,1
2024-05-20 15:11:35.403,21290,21291,21291,1,1
2024-05-20 15:11:38.049,21291,21292,21292,1,1
2024-05-20 15:11:51.651,21291,21293,21293,1,1
2024-05-20 15:12:00.167,21291,21292,21292,2,2
2024-05-20 15:12:00.167,21291,21292,21293,3,3
2024-05-20 15:12:08.296,21293,21294,21294,1,1
2024-05-20 15:12:08.407,21293,21294,21294,1,1
2024-05-20 15:12:09.984,21293,21294,21294,1,1
2024-05-20 15:12:11.136,21293,21295,21293,1,-1
2024-05-20 15:12:13.183,21293,21294,21294,1,1
2024-05-20 15:12:15.684,21293,21295,21295,1,1
2024-05-20 15:12:15.912,21293,21295,21293,4,-4
2024-05-20 15:12:17.285,21291,21292,21291,1,-1
2024-05-20 15:12:17.286,21291,21292,21291,2,-2
2024-05-20 15:12:17.798,21290,21292,21291,1,-1
2024-05-20 15:12:20.995,21290,21292,21292,6,6
2024-05-20 15:12:20.995,21290,21292,21293,19,19
2024-05-20 15:12:24.686,21292,21294,21294,1,1
2024-05-20 15:12:26.019,21294,21295,21295,2,2
2024-05-20 15:12:26.031,21294,21295,21296,2,2
2024-05-20 15:12:27.944,21296,21297,21297,1,1
2024-05-20 15:12:27.944,21296,21297,21297,4,4
2024-05-20 15:12:27.946,21296,21297,21297,1,1
2024-05-20 15:12:28.534,21297,21298,21298,1,1
2024-05-20 15:12:28.904,21297,21298,21298,1,1
2024-05-20 15:12:28.904,21297,21298,21298,2,2
2024-05-20 15:12:28.926,21297,21298,21299,2,2
2024-05-20 15:12:28.926,21297,21298,21299,4,4
2024-05-20 15:12:29.287,21299,21300,21300,7,7
2024-05-20 15:12:29.287,21299,21300,21300,4,4
2024-05-20 15:12:29.289,21299,21300,21301,1,1
2024-05-20 15:12:29.290,21299,21300,21301,2,2
2024-05-20 15:12:29.411,21300,21301,21301,1,1
2024-05-20 15:12:30.384,21302,21303,21302,4,-4
2024-05-20 15:12:30.384,21302,21303,21303,10,10
2024-05-20 15:12:30.384,21302,21303,21304,1,1
2024-05-20 15:12:30.442,21302,21303,21302,1,-1
2024-05-20 15:12:30.469,21302,21303,21303,1,1
2024-05-20 15:12:32.420,21303,21304,21304,1,1
2024-05-20 15:12:32.492,21303,21304,21303,3,-3
2024-05-20 15:12:32.492,21303,21304,21302,3,-3
2024-05-20 15:12:32.492,21303,21304,21302,1,-1
2024-05-20 15:12:32.492,21303,21304,21302,1,-1
2024-05-20 15:12:32.492,21303,21304,21302,1,-1
2024-05-20 15:12:32.492,21303,21304,21302,1,-1
2024-05-20 15:12:32.493,21303,21304,21302,1,-1
2024-05-20 15:12:32.493,21303,21304,21302,1,-1
2024-05-20 15:12:32.744,21301,21302,21301,1,-1
2024-05-20 15:12:33.185,21300,21302,21302,1,1
2024-05-20 15:12:33.688,21300,21302,21302,1,1
2024-05-20 15:12:34.053,21300,21302,21302,1,1
2024-05-20 15:12:40.485,21300,21302,21300,1,-1
2024-05-20 15:12:43.186,21298,21300,21300,1,1
2024-05-20 15:12:44.812,21298,21300,21300,2,2
2024-05-20 15:12:53.784,21298,21299,21298,1,-1
2024-05-20 15:12:54.332,21298,21299,21298,1,-1
2024-05-20 15:13:11.155,21298,21299,21299,1,1
2024-05-20 15:13:11.574,21298,21299,21299,1,1
2024-05-20 15:13:11.574,21298,21299,21299,1,1
2024-05-20 15:13:11.986,21298,21300,21300,1,1
2024-05-20 15:13:15.677,21299,21300,21300,3,3
2024-05-20 15:13:15.890,21300,21301,21301,1,1
2024-05-20 15:13:18.338,21300,21301,21301,2,2
2024-05-20 15:13:18.339,21300,21301,21301,1,1
2024-05-20 15:13:19.032,21300,21302,21300,1,-1
2024-05-20 15:13:21.656,21300,21302,21300,1,-1
2024-05-20 15:13:25.456,21300,21302,21302,1,1
2024-05-20 15:13:26.318,21300,21301,21300,1,-1
2024-05-20 15:13:26.965,21299,21301,21301,1,1
2024-05-20 15:13:30.230,21299,21301,21300,1,1
2024-05-20 15:13:35.837,21299,21301,21301,1,1
2024-05-20 15:13:36.135,21299,21301,21299,1,-1
2024-05-20 15:13:42.015,21300,21301,21301,1,1
2024-05-20 15:13:42.955,21301,21302,21302,3,3
2024-05-20 15:13:42.955,21301,21302,21302,1,1
2024-05-20 15:13:42.956,21301,21302,21302,1,1
2024-05-20 15:13:42.956,21301,21302,21302,1,1
2024-05-20 15:13:42.956,21301,21302,21302,1,1
2024-05-20 15:13:51.397,21302,21303,21302,1,-1
2024-05-20 15:13:54.398,21302,21303,21303,3,3
2024-05-20 15:13:55.964,21302,21303,21303,1,1
2024-05-20 15:13:55.965,21302,21303,21303,3,3
2024-05-20 15:13:55.965,21302,21303,21303,1,1
2024-05-20 15:14:00.306,21303,21304,21304,2,2
2024-05-20 15:14:00.306,21303,21304,21304,2,2
2024-05-20 15:14:00.306,21303,21304,21305,1,1
2024-05-20 15:14:00.306,21303,21304,21305,1,1
2024-05-20 15:14:00.306,21303,21304,21305,6,6
2024-05-20 15:14:00.306,21303,21304,21305,1,1
2024-05-20 15:14:00.306,21303,21304,21305,1,1
2024-05-20 15:14:00.307,21303,21304,21306,2,2
2024-05-20 15:14:00.307,21303,21304,21306,3,3
2024-05-20 15:14:00.307,21303,21304,21306,1,1
2024-05-20 15:14:00.789,21305,21307,21307,3,3
2024-05-20 15:14:00.953,21306,21307,21307,2,2
2024-05-20 15:14:00.979,21306,21307,21308,1,1
2024-05-20 15:14:01.333,21306,21308,21308,1,1
2024-05-20 15:14:01.336,21306,21308,21308,1,1
2024-05-20 15:14:01.366,21306,21308,21308,5,5
2024-05-20 15:14:01.368,21306,21308,21309,1,1
2024-05-20 15:14:01.389,21308,21309,21309,2,2
2024-05-20 15:14:01.406,21308,21309,21309,2,2
2024-05-20 15:14:01.474,21308,21309,21310,25,25
2024-05-20 15:14:01.476,21308,21309,21310,5,5
2024-05-20 15:14:01.476,21308,21309,21311,3,3
2024-05-20 15:14:01.694,21310,21311,21311,1,1
2024-05-20 15:14:02.129,21310,21311,21311,1,1
2024-05-20 15:14:02.204,21310,21311,21311,3,3
2024-05-20 15:14:02.204,21310,21311,21312,12,12
2024-05-20 15:14:02.204,21310,21311,21313,1,1
2024-05-20 15:14:02.575,21311,21312,21311,1,-1
2024-05-20 15:14:02.575,21311,21312,21311,1,-1
2024-05-20 15:14:02.575,21311,21312,21311,2,-2
2024-05-20 15:14:04.602,21310,21311,21310,1,-1
2024-05-20 15:14:05.595,21309,21310,21310,1,1
2024-05-20 15:14:06.155,21309,21310,21309,2,-2
2024-05-20 15:14:06.457,21308,21309,21309,1,1
2024-05-20 15:14:06.740,21308,21309,21308,1,-1
2024-05-20 15:14:06.956,21307,21308,21308,1,1
2024-05-20 15:14:07.077,21307,21308,21309,1,1
2024-05-20 15:14:07.077,21307,21308,21308,1,1
2024-05-20 15:14:09.666,21307,21308,21308,1,1
2024-05-20 15:14:12.659,21307,21308,21307,1,-1
2024-05-20 15:14:16.185,21307,21308,21307,1,-1
2024-05-20 15:14:18.369,21307,21308,21307,3,-3
2024-05-20 15:14:18.391,21306,21307,21306,1,-1
2024-05-20 15:14:23.370,21306,21307,21306,2,-2
2024-05-20 15:14:23.925,21305,21307,21307,4,4
2024-05-20 15:14:26.984,21306,21307,21307,1,1
2024-05-20 15:14:30.541,21306,21307,21306,1,-1
2024-05-20 15:14:36.424,21306,21307,21307,1,1
2024-05-20 15:14:38.503,21306,21307,21307,1,1
2024-05-20 15:14:42.112,21306,21307,21307,2,2
2024-05-20 15:14:42.112,21306,21307,21307,1,1
2024-05-20 15:14:42.878,21307,21308,21307,1,-1
2024-05-20 15:14:44.780,21307,21308,21307,1,-1
2024-05-20 15:14:47.745,21307,21308,21307,1,-1
2024-05-20 15:14:47.746,21307,21308,21306,8,-8
2024-05-20 15:14:47.997,21305,21307,21306,1,-1
2024-05-20 15:14:48.260,21305,21307,21305,2,-2
2024-05-20 15:14:48.677,21304,21306,21306,1,1
2024-05-20 15:14:50.896,21305,21306,21305,1,-1
2024-05-20 15:15:00.334,21305,21306,21305,1,-1
2024-05-20 15:15:00.416,21305,21306,21306,1,1
2024-05-20 15:15:00.417,21305,21306,21306,1,1
2024-05-20 15:15:00.417,21305,21306,21306,1,1
2024-05-20 15:15:00.418,21305,21306,21307,1,1
2024-05-20 15:15:00.418,21305,21306,21307,1,1
2024-05-20 15:15:03.170,21305,21307,21307,1,1
2024-05-20 15:15:03.512,21305,21307,21305,1,-1
2024-05-20 15:15:03.696,21305,21307,21305,1,-1
2024-05-20 15:15:05.184,21305,21307,21305,1,-1
2024-05-20 15:15:14.378,21305,21306,21305,1,-1
2024-05-20 15:15:17.694,21305,21306,21306,2,2
2024-05-20 15:15:20.575,21305,21306,21305,2,-2
2024-05-20 15:15:21.405,21304,21305,21305,1,1
2024-05-20 15:15:21.416,21304,21305,21306,3,3
2024-05-20 15:15:30.311,21305,21307,21307,5,5
2024-05-20 15:15:35.953,21306,21308,21308,2,2
2024-05-20 15:15:37.130,21306,21307,21307,1,1
2024-05-20 15:15:40.811,21305,21308,21307,1,1
2024-05-20 15:15:40.962,21306,21307,21307,1,1
2024-05-20 15:15:45.901,21305,21307,21307,3,3
2024-05-20 15:15:45.901,21305,21307,21307,2,2
2024-05-20 15:15:52.103,21305,21307,21307,1,1
2024-05-20 15:15:53.356,21305,21307,21306,1,1
2024-05-20 15:16:05.440,21306,21307,21307,1,1
2024-05-20 15:16:05.650,21306,21307,21307,1,1
2024-05-20 15:16:06.917,21306,21308,21306,1,-1
2024-05-20 15:16:07.017,21306,21308,21308,1,1
2024-05-20 15:16:07.018,21306,21308,21308,1,1
2024-05-20 15:16:07.018,21306,21308,21308,1,1
2024-05-20 15:16:07.018,21306,21308,21308,1,1
2024-05-20 15:16:13.978,21308,21309,21309,2,2
2024-05-20 15:16:14.511,21309,21310,21310,1,1
2024-05-20 15:16:14.511,21309,21310,21310,2,2
2024-05-20 15:16:17.153,21309,21311,21311,1,1
2024-05-20 15:16:20.292,21310,21311,21310,1,-1
2024-05-20 15:16:20.392,21310,21311,21311,1,1
2024-05-20 15:16:20.392,21310,21311,21312,1,1
2024-05-20 15:16:20.392,21310,21311,21312,1,1
2024-05-20 15:16:20.392,21310,21311,21312,1,1
2024-05-20 15:16:20.393,21310,21311,21312,1,1
2024-05-20 15:16:20.393,21310,21311,21312,1,1
2024-05-20 15:16:20.393,21310,21311,21312,1,1
2024-05-20 15:16:20.396,21310,21311,21312,1,1
2024-05-20 15:16:20.397,21310,21311,21312,2,2
2024-05-20 15:16:20.398,21310,21311,21313,1,1
2024-05-20 15:16:22.823,21312,21313,21313,6,6
2024-05-20 15:16:24.243,21312,21313,21313,1,1
2024-05-20 15:16:24.591,21312,21313,21313,1,1
2024-05-20 15:16:25.674,21313,21314,21313,1,-1
2024-05-20 15:16:26.617,21313,21314,21314,1,1
2024-05-20 15:16:26.671,21313,21314,21313,1,-1
2024-05-20 15:16:26.671,21313,21314,21313,4,-4
2024-05-20 15:16:26.681,21313,21314,21314,11,11
2024-05-20 15:16:26.681,21313,21314,21315,19,19
2024-05-20 15:16:26.698,21313,21314,21314,1,1
2024-05-20 15:16:26.736,21313,21314,21315,1,1
2024-05-20 15:16:26.740,21313,21314,21314,1,1
2024-05-20 15:16:26.764,21314,21315,21315,1,1
2024-05-20 15:16:26.826,21314,21315,21315,1,1
2024-05-20 15:16:26.869,21314,21315,21315,1,1
2024-05-20 15:16:26.870,21314,21315,21316,1,1
2024-05-20 15:16:26.912,21315,21316,21316,2,2
2024-05-20 15:16:26.912,21315,21316,21316,1,1
2024-05-20 15:16:26.912,21315,21316,21316,1,1
2024-05-20 15:16:26.913,21315,21316,21316,1,1
2024-05-20 15:16:26.914,21315,21316,21316,1,1
2024-05-20 15:16:26.936,21315,21316,21317,1,1
2024-05-20 15:16:26.938,21315,21316,21317,6,6
2024-05-20 15:16:26.984,21315,21316,21317,1,1
2024-05-20 15:16:26.986,21315,21316,21318,6,6
2024-05-20 15:16:26.987,21315,21316,21318,1,1
2024-05-20 15:16:26.999,21315,21316,21318,1,1
2024-05-20 15:16:26.999,21315,21316,21318,2,2
2024-05-20 15:16:27.000,21315,21316,21318,2,2
2024-05-20 15:16:27.010,21315,21316,21319,3,3
2024-05-20 15:16:27.010,21315,21316,21319,3,3
2024-05-20 15:16:27.010,21315,21316,21319,1,1
2024-05-20 15:16:27.010,21315,21316,21319,1,1
2024-05-20 15:16:27.014,21319,21320,21320,1,1
2024-05-20 15:16:27.018,21319,21320,21320,1,1
2024-05-20 15:16:27.019,21319,21320,21320,1,1
2024-05-20 15:16:27.019,21319,21320,21320,1,1
2024-05-20 15:16:27.019,21319,21320,21320,1,1
2024-05-20 15:16:27.019,21319,21320,21320,2,2
2024-05-20 15:16:27.019,21319,21320,21320,5,5
2024-05-20 15:16:27.019,21319,21320,21320,1,1
2024-05-20 15:16:27.019,21319,21320,21320,2,2
2024-05-20 15:16:27.019,21319,21320,21320,3,3
2024-05-20 15:16:27.058,21319,21320,21321,1,1
2024-05-20 15:16:27.068,21319,21320,21320,3,3
2024-05-20 15:16:27.082,21319,21320,21319,1,-1
2024-05-20 15:16:27.094,21319,21320,21317,1,-1
2024-05-20 15:16:27.094,21319,21320,21318,2,-2
2024-05-20 15:16:27.094,21319,21320,21319,1,-1
2024-05-20 15:16:27.116,21319,21320,21319,1,-1
2024-05-20 15:16:27.116,21319,21320,21320,1,1
2024-05-20 15:16:27.196,21319,21321,21319,1,-1
2024-05-20 15:16:27.210,21319,21321,21321,2,2
2024-05-20 15:16:27.249,21319,21321,21319,1,-1
2024-05-20 15:16:27.387,21319,21321,21321,1,1
2024-05-20 15:16:27.445,21319,21321,21321,1,1
2024-05-20 15:16:27.742,21319,21320,21320,1,1
2024-05-20 15:16:28.022,21319,21320,21319,1,-1
2024-05-20 15:16:28.264,21319,21320,21320,2,2
2024-05-20 15:16:28.630,21319,21320,21319,2,-2
2024-05-20 15:16:29.605,21319,21320,21320,1,1
2024-05-20 15:16:31.039,21319,21321,21321,4,4
2024-05-20 15:16:31.369,21319,21321,21321,2,2
2024-05-20 15:16:32.057,21319,21321,21319,1,-1
2024-05-20 15:16:32.444,21319,21320,21319,25,-25
2024-05-20 15:16:32.445,21319,21320,21318,6,-6
2024-05-20 15:16:32.625,21317,21318,21318,1,1
2024-05-20 15:16:32.625,21317,21318,21319,2,2
2024-05-20 15:16:33.171,21317,21319,21317,1,-1
2024-05-20 15:16:33.410,21317,21319,21319,2,2
2024-05-20 15:16:34.069,21317,21319,21317,1,-1
2024-05-20 15:16:36.515,21315,21317,21317,1,1
2024-05-20 15:16:38.096,21315,21316,21316,2,2
2024-05-20 15:16:38.142,21315,21317,21317,1,1
2024-05-20 15:16:38.142,21315,21317,21317,1,1
2024-05-20 15:16:38.142,21315,21317,21317,1,1
2024-05-20 15:16:40.165,21315,21317,21317,1,1
2024-05-20 15:16:43.678,21315,21317,21315,1,-1
2024-05-20 15:16:43.912,21314,21316,21315,1,-1
2024-05-20 15:16:44.532,21314,21316,21316,3,3
2024-05-20 15:16:45.207,21314,21316,21314,1,-1
2024-05-20 15:16:45.266,21314,21316,21316,1,1
2024-05-20 15:16:50.098,21314,21315,21314,5,-5
2024-05-20 15:16:50.879,21313,21315,21314,1,-1
2024-05-20 15:16:54.268,21313,21314,21313,1,-1
2024-05-20 15:16:57.838,21313,21314,21314,1,1
2024-05-20 15:16:57.839,21313,21314,21314,2,2
2024-05-20 15:17:00.627,21313,21315,21315,3,3
2024-05-20 15:17:00.686,21315,21316,21315,1,-1
2024-05-20 15:17:05.590,21315,21316,21316,4,4
2024-05-20 15:17:09.851,21316,21317,21317,1,1
2024-05-20 15:17:13.171,21316,21317,21317,1,1
2024-05-20 15:17:15.718,21316,21317,21317,1,1
2024-05-20 15:17:18.327,21316,21317,21317,1,1
2024-05-20 15:17:18.497,21316,21317,21317,1,1
2024-05-20 15:17:19.408,21316,21317,21316,2,-2
2024-05-20 15:17:19.884,21316,21317,21316,1,-1
2024-05-20 15:17:19.884,21316,21317,21316,2,-2
2024-05-20 15:17:19.884,21316,21317,21316,1,-1
2024-05-20 15:17:20.242,21315,21316,21315,1,-1
2024-05-20 15:17:24.415,21316,21317,21316,1,-1
2024-05-20 15:17:24.415,21316,21317,21316,3,-3
2024-05-20 15:17:24.415,21316,21317,21316,2,-2
2024-05-20 15:17:25.664,21315,21317,21315,1,-1
2024-05-20 15:17:31.213,21315,21317,21317,1,1
2024-05-20 15:17:31.214,21315,21317,21317,1,1
2024-05-20 15:17:31.220,21315,21317,21316,3,3
2024-05-20 15:17:42.360,21316,21317,21317,2,2
2024-05-20 15:17:42.671,21316,21317,21317,1,1
2024-05-20 15:17:42.671,21316,21317,21318,1,1
2024-05-20 15:17:43.014,21316,21318,21318,2,2
2024-05-20 15:17:43.319,21317,21318,21318,2,2
2024-05-20 15:17:43.647,21317,21318,21318,2,2
2024-05-20 15:17:43.648,21317,21318,21318,7,7
2024-05-20 15:17:43.819,21318,21319,21318,3,-3
2024-05-20 15:17:45.278,21318,21319,21318,1,-1
2024-05-20 15:17:45.469,21318,21319,21319,1,1
2024-05-20 15:17:45.475,21318,21319,21319,2,2
2024-05-20 15:17:45.475,21318,21319,21320,1,1
2024-05-20 15:17:46.957,21319,21320,21320,2,2
2024-05-20 15:17:46.957,21319,21320,21321,2,2
2024-05-20 15:17:47.106,21319,21321,21321,6,6
2024-05-20 15:17:48.125,21320,21321,21321,4,4
2024-05-20 15:17:48.126,21320,21321,21321,16,16
2024-05-20 15:17:48.127,21320,21321,21321,1,1
2024-05-20 15:17:48.131,21320,21321,21320,2,-2
2024-05-20 15:17:48.150,21318,21320,21320,1,1
2024-05-20 15:17:48.178,21318,21320,21320,2,2
2024-05-20 15:17:48.178,21318,21320,21321,2,2
2024-05-20 15:17:48.565,21319,21321,21320,3,3
2024-05-20 15:17:50.660,21318,21320,21319,1,1
2024-05-20 15:17:52.424,21318,21320,21320,1,1
2024-05-20 15:17:52.670,21319,21320,21319,1,-1
2024-05-20 15:17:54.617,21318,21320,21319,1,-1
2024-05-20 15:17:54.760,21318,21319,21319,1,1
2024-05-20 15:17:55.864,21318,21320,21321,16,16
2024-05-20 15:17:55.864,21318,21320,21320,7,7
2024-05-20 15:17:55.867,21318,21320,21322,1,1
2024-05-20 15:17:55.867,21318,21320,21322,1,1
2024-05-20 15:17:55.867,21318,21320,21322,1,1
2024-05-20 15:17:55.867,21318,21320,21322,1,1
2024-05-20 15:17:55.867,21318,21320,21322,2,2
2024-05-20 15:17:55.867,21318,21320,21322,1,1
2024-05-20 15:17:55.867,21318,21320,21322,1,1
2024-05-20 15:17:56.037,21322,21323,21322,1,-1
2024-05-20 15:17:57.029,21321,21323,21323,1,1
2024-05-20 15:17:57.068,21321,21323,21323,8,8
2024-05-20 15:17:57.068,21321,21323,21324,11,11
2024-05-20 15:17:57.068,21321,21323,21325,34,34
2024-05-20 15:17:57.070,21321,21323,21326,2,2
2024-05-20 15:17:57.070,21321,21323,21325,1,1
2024-05-20 15:17:57.071,21321,21323,21325,5,5
2024-05-20 15:17:57.072,21321,21323,21325,1,1
2024-05-20 15:17:57.072,21321,21323,21325,17,17
2024-05-20 15:17:57.072,21321,21323,21326,1,1
2024-05-20 15:17:57.073,21321,21323,21325,1,1
2024-05-20 15:17:57.180,21324,21325,21325,2,2
2024-05-20 15:17:57.694,21325,21326,21325,1,-1
2024-05-20 15:17:57.871,21323,21325,21325,1,1
2024-05-20 15:17:58.933,21324,21326,21324,1,-1
2024-05-20 15:17:59.723,21323,21325,21327,17,17
2024-05-20 15:17:59.723,21323,21325,21328,28,28
2024-05-20 15:17:59.723,21323,21325,21325,1,1
2024-05-20 15:17:59.723,21323,21325,21326,12,12
2024-05-20 15:17:59.725,21323,21325,21328,1,1
2024-05-20 15:17:59.726,21323,21325,21328,5,5
2024-05-20 15:17:59.726,21323,21325,21329,1,1
2024-05-20 15:17:59.726,21323,21325,21329,2,2
2024-05-20 15:17:59.726,21323,21325,21328,1,1
2024-05-20 15:17:59.726,21323,21325,21328,6,6
2024-05-20 15:17:59.726,21323,21325,21329,1,1
2024-05-20 15:17:59.727,21323,21325,21328,6,6
2024-05-20 15:17:59.727,21323,21325,21328,1,1
2024-05-20 15:17:59.727,21323,21325,21328,2,2
2024-05-20 15:17:59.728,21323,21325,21328,1,1
2024-05-20 15:17:59.728,21323,21325,21328,1,1
2024-05-20 15:17:59.728,21323,21325,21328,1,1
2024-05-20 15:17:59.812,21327,21329,21329,2,2
2024-05-20 15:17:59.812,21327,21329,21329,3,3
2024-05-20 15:17:59.868,21327,21329,21329,2,2
2024-05-20 15:17:59.868,21327,21329,21328,1,1
2024-05-20 15:18:00.274,21328,21329,21328,1,-1
2024-05-20 15:18:00.397,21328,21329,21329,1,1
2024-05-20 15:18:00.412,21328,21329,21330,1,1
2024-05-20 15:18:00.429,21328,21329,21330,1,1
2024-05-20 15:18:00.522,21328,21330,21330,5,5
2024-05-20 15:18:00.533,21328,21330,21330,3,3
2024-05-20 15:18:00.539,21328,21330,21329,3,3
2024-05-20 15:18:00.578,21328,21330,21330,1,1
2024-05-20 15:18:00.695,21328,21330,21330,1,1
2024-05-20 15:18:00.705,21328,21330,21330,1,1
2024-05-20 15:18:00.785,21329,21331,21329,1,-1
2024-05-20 15:18:00.820,21329,21331,21329,1,-1
2024-05-20 15:18:01.495,21329,21330,21330,1,1
2024-05-20 15:18:01.517,21329,21331,21331,1,1
2024-05-20 15:18:01.666,21329,21331,21331,1,1
2024-05-20 15:18:01.911,21329,21331,21331,1,1
2024-05-20 15:18:02.550,21329,21331,21329,3,-3
2024-05-20 15:18:03.412,21329,21330,21330,1,1
2024-05-20 15:18:04.828,21328,21330,21328,2,-2
2024-05-20 15:18:05.979,21328,21329,21329,1,1
2024-05-20 15:18:07.097,21328,21330,21330,1,1
2024-05-20 15:18:08.323,21328,21330,21328,5,-5
2024-05-20 15:18:08.324,21328,21330,21328,1,-1
2024-05-20 15:18:08.324,21328,21330,21328,1,-1
2024-05-20 15:18:08.324,21328,21330,21328,2,-2
2024-05-20 15:18:08.324,21328,21330,21328,12,-12
2024-05-20 15:18:08.324,21328,21330,21328,5,-5
2024-05-20 15:18:08.324,21328,21330,21328,1,-1
2024-05-20 15:18:08.334,21328,21330,21327,1,-1
2024-05-20 15:18:08.335,21328,21330,21327,1,-1
2024-05-20 15:18:08.335,21328,21330,21327,2,-2
2024-05-20 15:18:08.335,21328,21330,21327,1,-1
2024-05-20 15:18:08.392,21326,21328,21328,1,1
2024-05-20 15:18:08.398,21326,21328,21329,1,1
2024-05-20 15:18:08.439,21326,21328,21329,1,1
2024-05-20 15:18:10.864,21327,21329,21327,1,-1
2024-05-20 15:18:10.864,21327,21329,21327,3,-3
2024-05-20 15:18:12.805,21325,21326,21325,1,-1
2024-05-20 15:18:13.424,21325,21326,21326,1,1
2024-05-20 15:18:13.744,21325,21326,21326,1,1
2024-05-20 15:18:15.561,21325,21327,21326,4,4
2024-05-20 15:18:19.165,21325,21326,21325,1,-1
2024-05-20 15:18:20.282,21325,21326,21325,1,-1
2024-05-20 15:18:20.392,21325,21326,21326,1,1
2024-05-20 15:18:20.392,21325,21326,21327,1,1
2024-05-20 15:18:20.392,21325,21326,21327,1,1
2024-05-20 15:18:23.487,21325,21327,21325,1,-1
2024-05-20 15:18:27.338,21325,21327,21325,3,-3
2024-05-20 15:18:30.580,21323,21325,21323,2,-2
2024-05-20 15:18:30.642,21323,21325,21325,1,1
2024-05-20 15:18:31.412,21323,21325,21325,1,1
2024-05-20 15:18:32.621,21323,21325,21323,1,-1
2024-05-20 15:18:32.740,21323,21325,21325,1,1
2024-05-20 15:18:35.246,21323,21325,21323,9,-9
2024-05-20 15:18:35.992,21322,21323,21322,1,-1
2024-05-20 15:18:36.272,21321,21322,21320,2,-2
2024-05-20 15:18:36.272,21321,21322,21321,3,-3
2024-05-20 15:18:36.392,21320,21322,21322,1,1
2024-05-20 15:18:36.392,21320,21322,21322,1,1
2024-05-20 15:18:36.392,21320,21322,21322,1,1
2024-05-20 15:18:36.394,21320,21322,21323,1,1
2024-05-20 15:18:38.376,21321,21323,21322,1,1
2024-05-20 15:18:42.093,21322,21323,21322,3,-3
2024-05-20 15:18:43.820,21321,21322,21322,1,1
2024-05-20 15:18:45.088,21321,21322,21321,1,-1
2024-05-20 15:18:45.443,21321,21322,21321,2,-2
2024-05-20 15:18:47.422,21320,21322,21322,1,1
2024-05-20 15:18:47.517,21320,21322,21322,1,1
2024-05-20 15:18:48.283,21320,21322,21320,3,-3
2024-05-20 15:18:52.099,21321,21323,21323,1,1
2024-05-20 15:18:54.921,21322,21323,21322,1,-1
2024-05-20 15:19:00.184,21322,21323,21322,1,-1
2024-05-20 15:19:00.414,21321,21322,21322,1,1
2024-05-20 15:19:00.544,21321,21322,21322,1,1
2024-05-20 15:19:00.740,21321,21322,21322,1,1
2024-05-20 15:19:00.778,21321,21322,21322,1,1
2024-05-20 15:19:04.638,21321,21322,21321,1,-1
2024-05-20 15:19:04.919,21320,21321,21320,1,-1
2024-05-20 15:19:04.919,21320,21321,21320,2,-2
2024-05-20 15:19:04.919,21320,21321,21320,1,-1
2024-05-20 15:19:04.919,21320,21321,21320,1,-1
2024-05-20 15:19:04.920,21320,21321,21320,4,-4
2024-05-20 15:19:04.920,21320,21321,21320,4,-4
2024-05-20 15:19:05.378,21318,21320,21320,1,1
2024-05-20 15:19:08.514,21318,21320,21318,1,-1
2024-05-20 15:19:14.306,21317,21319,21319,2,2
2024-05-20 15:19:14.306,21317,21319,21320,1,1
2024-05-20 15:19:22.219,21318,21319,21319,1,1
2024-05-20 15:19:22.219,21318,21319,21320,15,15
2024-05-20 15:19:22.219,21318,21319,21321,4,4
2024-05-20 15:19:23.923,21320,21321,21321,1,1
2024-05-20 15:19:23.923,21320,21321,21321,5,5
2024-05-20 15:19:26.997,21321,21322,21322,1,1
2024-05-20 15:19:26.997,21321,21322,21322,2,2
2024-05-20 15:19:26.997,21321,21322,21322,1,1
2024-05-20 15:19:26.997,21321,21322,21322,2,2
2024-05-20 15:19:27.865,21321,21322,21321,4,-4
2024-05-20 15:19:35.357,21318,21320,21320,1,1
2024-05-20 15:19:40.926,21320,21321,21320,1,-1
2024-05-20 15:19:44.410,21318,21320,21320,1,1
2024-05-20 15:19:50.208,21318,21319,21318,1,-1
2024-05-20 15:19:51.152,21318,21319,21318,1,-1
2024-05-20 15:19:51.529,21318,21319,21318,2,-2
2024-05-20 15:19:52.611,21318,21319,21318,1,-1
2024-05-20 15:19:52.611,21318,21319,21318,1,-1
2024-05-20 15:19:52.611,21318,21319,21318,1,-1
2024-05-20 15:19:52.611,21318,21319,21318,1,-1
2024-05-20 15:19:54.659,21317,21319,21317,1,-1
2024-05-20 15:20:00.197,21318,21319,21318,2,-2
2024-05-20 15:20:00.258,21318,21319,21318,1,-1
2024-05-20 15:20:00.681,21318,21319,21319,1,1
2024-05-20 15:20:01.071,21318,21320,21318,1,-1
2024-05-20 15:20:01.250,21317,21320,21317,1,-1
2024-05-20 15:20:06.731,21317,21318,21318,2,2
2024-05-20 15:20:21.049,21319,21320,21320,1,1
2024-05-20 15:20:21.050,21319,21320,21320,5,5
2024-05-20 15:20:21.066,21319,21320,21320,1,1
2024-05-20 15:20:21.783,21320,21321,21321,1,1
2024-05-20 15:20:21.784,21320,21321,21321,1,1
2024-05-20 15:20:21.784,21320,21321,21321,1,1
2024-05-20 15:20:32.822,21321,21322,21322,1,1
2024-05-20 15:20:32.822,21321,21322,21322,1,1
2024-05-20 15:20:35.642,21322,21323,21322,1,-1
2024-05-20 15:20:35.642,21322,21323,21321,1,-1
2024-05-20 15:20:38.074,21321,21322,21321,1,-1
2024-05-20 15:20:40.626,21320,21321,21320,1,-1
2024-05-20 15:20:40.627,21320,21321,21320,2,-2
2024-05-20 15:20:43.305,21318,21320,21320,1,1
2024-05-20 15:20:45.017,21318,21320,21318,7,-7
2024-05-20 15:20:45.733,21317,21318,21317,2,-2
2024-05-20 15:20:45.734,21317,21318,21317,2,-2
2024-05-20 15:20:48.175,21316,21318,21316,1,-1
2024-05-20 15:20:48.338,21316,21318,21316,1,-1
2024-05-20 15:20:53.119,21316,21318,21316,2,-2
2024-05-20 15:20:54.863,21316,21318,21316,2,-2
2024-05-20 15:20:55.714,21315,21316,21315,1,-1
2024-05-20 15:20:55.780,21315,21316,21315,2,-2
2024-05-20 15:20:55.781,21315,21316,21315,4,-4
2024-05-20 15:20:55.782,21315,21316,21314,3,-3
2024-05-20 15:20:55.905,21313,21314,21313,1,-1
2024-05-20 15:20:56.812,21313,21314,21314,1,1
2024-05-20 15:20:57.495,21314,21316,21314,1,-1
2024-05-20 15:20:58.351,21314,21316,21314,2,-2
2024-05-20 15:20:58.352,21314,21316,21314,8,-8
2024-05-20 15:20:58.514,21314,21315,21315,1,1
2024-05-20 15:20:59.205,21314,21316,21314,1,-1
2024-05-20 15:21:12.985,21314,21315,21314,1,-1
2024-05-20 15:21:13.020,21314,21315,21315,1,1
2024-05-20 15:21:13.020,21314,21315,21315,1,1
2024-05-20 15:21:13.020,21314,21315,21315,1,1
2024-05-20 15:21:13.142,21314,21316,21316,1,1
2024-05-20 15:21:13.143,21314,21316,21316,1,1
2024-05-20 15:21:13.143,21314,21316,21316,1,1
2024-05-20 15:21:13.143,21314,21316,21316,1,1
2024-05-20 15:21:15.314,21315,21316,21316,2,2
2024-05-20 15:21:15.315,21315,21316,21316,3,3
2024-05-20 15:21:22.517,21316,21317,21316,1,-1
2024-05-20 15:21:24.973,21316,21317,21316,1,-1
2024-05-20 15:21:25.017,21316,21317,21317,1,1
2024-05-20 15:21:25.017,21316,21317,21318,1,1
2024-05-20 15:21:33.519,21314,21316,21314,2,-2
2024-05-20 15:21:39.721,21315,21316,21315,1,-1
2024-05-20 15:21:39.767,21314,21315,21315,1,1
2024-05-20 15:21:39.767,21314,21315,21315,1,1
2024-05-20 15:21:40.197,21314,21315,21314,3,-3
2024-05-20 15:21:41.588,21314,21315,21315,1,1
2024-05-20 15:21:44.195,21314,21315,21314,7,-7
2024-05-20 15:21:44.378,21313,21314,21313,2,-2
2024-05-20 15:21:44.420,21312,21313,21312,3,-3
2024-05-20 15:21:49.222,21312,21314,21312,4,-4
2024-05-20 15:21:49.224,21312,21314,21312,6,-6
2024-05-20 15:21:51.213,21311,21313,21312,1,-1
2024-05-20 15:21:51.909,21312,21313,21313,1,1
2024-05-20 15:21:54.116,21312,21313,21312,1,-1
2024-05-20 15:22:03.491,21312,21313,21313,1,1
2024-05-20 15:22:03.491,21312,21313,21313,11,11
2024-05-20 15:22:07.351,21313,21314,21314,4,4
2024-05-20 15:22:08.214,21314,21315,21314,1,-1
2024-05-20 15:22:09.525,21314,21315,21314,1,-1
2024-05-20 15:22:11.372,21314,21315,21314,1,-1
2024-05-20 15:22:12.578,21314,21315,21315,1,1
2024-05-20 15:22:14.887,21314,21315,21314,1,-1
2024-05-20 15:22:18.566,21314,21315,21315,1,1
2024-05-20 15:22:18.566,21314,21315,21315,1,1
2024-05-20 15:22:18.566,21314,21315,21315,1,1
2024-05-20 15:22:18.566,21314,21315,21315,3,3
2024-05-20 15:22:18.642,21314,21316,21315,1,1
2024-05-20 15:22:20.658,21314,21316,21315,1,1
2024-05-20 15:22:31.782,21315,21318,21318,1,1
2024-05-20 15:22:51.417,21315,21317,21315,10,-10
2024-05-20 15:22:51.476,21315,21317,21314,1,-1
2024-05-20 15:22:54.385,21314,21315,21314,3,-3
2024-05-20 15:22:56.751,21313,21314,21314,1,1
2024-05-20 15:22:57.321,21313,21315,21315,2,2
2024-05-20 15:23:09.601,21314,21315,21315,1,1
2024-05-20 15:23:09.767,21314,21315,21314,1,-1
2024-05-20 15:23:09.767,21314,21315,21313,1,-1
2024-05-20 15:23:09.988,21312,21315,21315,1,1
2024-05-20 15:23:14.701,21314,21315,21315,1,1
2024-05-20 15:23:14.724,21314,21315,21315,2,2
2024-05-20 15:23:16.638,21314,21315,21315,1,1
2024-05-20 15:23:16.638,21314,21315,21315,1,1
2024-05-20 15:23:24.958,21316,21317,21317,2,2
2024-05-20 15:23:24.958,21316,21317,21317,1,1
2024-05-20 15:23:24.958,21316,21317,21317,2,2
2024-05-20 15:23:40.228,21317,21318,21317,1,-1
2024-05-20 15:23:40.335,21317,21318,21317,1,-1
2024-05-20 15:23:56.141,21316,21317,21316,1,-1
2024-05-20 15:23:58.941,21316,21317,21317,3,3
2024-05-20 15:23:59.110,21317,21318,21317,1,-1
2024-05-20 15:24:00.217,21317,21318,21317,1,-1
2024-05-20 15:24:02.555,21317,21318,21317,1,-1
2024-05-20 15:24:06.802,21317,21318,21318,1,1
2024-05-20 15:24:11.528,21317,21318,21317,4,-4
2024-05-20 15:24:40.375,21316,21317,21316,1,-1
2024-05-20 15:24:54.442,21316,21317,21316,4,-4
2024-05-20 15:24:58.635,21316,21317,21316,1,-1
2024-05-20 15:25:03.037,21315,21316,21315,1,-1
2024-05-20 15:25:06.766,21315,21316,21315,3,-3
2024-05-20 15:25:06.766,21315,21316,21315,3,-3
2024-05-20 15:25:06.766,21315,21316,21315,3,-3
2024-05-20 15:25:06.966,21314,21315,21314,1,-1
2024-05-20 15:25:18.067,21312,21313,21312,1,-1
2024-05-20 15:25:18.159,21312,21313,21312,1,-1
2024-05-20 15:25:18.160,21312,21313,21312,1,-1
2024-05-20 15:25:20.818,21311,21312,21311,1,-1
2024-05-20 15:25:20.988,21310,21312,21310,1,-1
2024-05-20 15:25:21.093,21310,21311,21310,2,-2
2024-05-20 15:25:21.195,21310,21311,21310,1,-1
2024-05-20 15:25:21.912,21309,21311,21309,3,-3
2024-05-20 15:25:22.606,21308,21311,21307,6,-6
2024-05-20 15:25:22.606,21308,21311,21308,10,-10
2024-05-20 15:25:24.530,21308,21310,21308,1,-1
2024-05-20 15:25:32.838,21308,21309,21309,1,1
2024-05-20 15:25:38.026,21309,21310,21309,1,-1
2024-05-20 15:25:40.045,21309,21310,21309,2,-2
2024-05-20 15:25:43.030,21308,21309,21309,1,1
2024-05-20 15:25:47.441,21309,21310,21309,1,-1
2024-05-20 15:25:52.348,21309,21310,21309,1,-1
2024-05-20 15:25:54.456,21309,21310,21309,1,-1
2024-05-20 15:25:54.456,21309,21310,21309,2,-2
2024-05-20 15:25:56.273,21308,21309,21308,5,-5
2024-05-20 15:25:59.696,21307,21308,21308,1,1
2024-05-20 15:26:00.209,21307,21308,21307,1,-1
2024-05-20 15:26:00.603,21307,21308,21307,2,-2
2024-05-20 15:26:00.603,21307,21308,21307,1,-1
2024-05-20 15:26:03.079,21306,21307,21306,2,-2
2024-05-20 15:26:06.818,21306,21307,21307,1,1
2024-05-20 15:26:12.246,21306,21308,21306,1,-1
2024-05-20 15:26:14.596,21306,21307,21306,2,-2
2024-05-20 15:26:15.072,21306,21307,21307,1,1
2024-05-20 15:26:15.316,21306,21307,21306,1,-1
2024-05-20 15:26:17.736,21306,21307,21306,1,-1
2024-05-20 15:26:20.180,21306,21307,21306,1,-1
2024-05-20 15:26:20.202,21306,21307,21306,2,-2
2024-05-20 15:26:34.965,21305,21306,21306,1,1
2024-05-20 15:26:34.965,21305,21306,21306,2,2
2024-05-20 15:26:37.582,21307,21308,21308,5,5
2024-05-20 15:26:41.863,21307,21309,21307,2,-2
2024-05-20 15:26:51.652,21308,21310,21308,1,-1
2024-05-20 15:26:55.573,21307,21310,21310,1,1
2024-05-20 15:26:56.995,21308,21310,21308,6,-6
2024-05-20 15:27:00.194,21307,21308,21307,2,-2
2024-05-20 15:27:00.541,21306,21307,21306,1,-1
2024-05-20 15:27:02.431,21305,21306,21305,1,-1
2024-05-20 15:27:02.432,21305,21306,21305,3,-3
2024-05-20 15:27:02.432,21305,21306,21305,1,-1
2024-05-20 15:27:02.432,21305,21306,21305,3,-3
2024-05-20 15:27:02.432,21305,21306,21305,1,-1
2024-05-20 15:27:02.432,21305,21306,21305,2,-2
2024-05-20 15:27:02.432,21305,21306,21305,1,-1
2024-05-20 15:27:02.432,21305,21306,21305,1,-1
2024-05-20 15:27:03.407,21304,21306,21306,1,1
2024-05-20 15:27:04.227,21304,21306,21306,1,1
2024-05-20 15:27:06.347,21305,21306,21305,1,-1
2024-05-20 15:27:06.347,21305,21306,21304,3,-3
2024-05-20 15:27:06.347,21305,21306,21303,10,-10
2024-05-20 15:27:06.347,21305,21306,21302,1,-1
2024-05-20 15:27:06.490,21303,21305,21303,1,-1
2024-05-20 15:27:15.005,21303,21305,21303,1,-1
2024-05-20 15:27:15.247,21303,21305,21305,2,2
2024-05-20 15:27:16.290,21303,21305,21303,1,-1
2024-05-20 15:27:16.991,21303,21305,21305,1,1
2024-05-20 15:27:17.854,21304,21305,21304,1,-1
2024-05-20 15:27:19.980,21303,21305,21303,1,-1
2024-05-20 15:27:22.380,21303,21305,21303,1,-1
2024-05-20 15:27:22.830,21302,21303,21303,1,1
2024-05-20 15:27:24.586,21302,21303,21303,1,1
2024-05-20 15:27:26.848,21302,21303,21302,2,-2
2024-05-20 15:27:27.097,21302,21303,21302,2,-2
2024-05-20 15:27:27.905,21302,21303,21302,1,-1
2024-05-20 15:27:28.221,21302,21303,21302,1,-1
2024-05-20 15:27:29.722,21301,21302,21301,2,-2
2024-05-20 15:27:31.093,21301,21302,21302,1,1
2024-05-20 15:27:32.911,21301,21302,21302,1,1
2024-05-20 15:27:32.911,21301,21302,21302,4,4
2024-05-20 15:27:33.092,21302,21303,21303,7,7
2024-05-20 15:27:33.613,21302,21305,21302,3,-3
2024-05-20 15:27:34.706,21302,21304,21303,2,-2
2024-05-20 15:27:35.961,21302,21303,21302,2,-2
2024-05-20 15:27:39.413,21302,21303,21302,1,-1
2024-05-20 15:27:40.198,21302,21303,21302,1,-1
2024-05-20 15:27:40.328,21301,21303,21303,1,1
2024-05-20 15:27:40.533,21301,21303,21301,3,-3
2024-05-20 15:27:42.293,21301,21302,21301,1,-1
2024-05-20 15:27:43.074,21300,21301,21300,3,-3
2024-05-20 15:27:43.190,21300,21301,21300,4,-4
2024-05-20 15:27:43.191,21300,21301,21300,1,-1
2024-05-20 15:27:44.120,21299,21300,21299,1,-1
2024-05-20 15:27:44.189,21299,21300,21299,1,-1
2024-05-20 15:27:44.395,21299,21300,21299,1,-1
2024-05-20 15:27:44.643,21298,21300,21300,1,1
2024-05-20 15:27:45.521,21298,21299,21298,1,-1
2024-05-20 15:27:45.736,21297,21299,21297,1,-1
2024-05-20 15:27:46.364,21297,21299,21297,1,-1
2024-05-20 15:27:46.568,21297,21299,21298,3,-3
2024-05-20 15:27:47.628,21298,21299,21299,1,1
2024-05-20 15:27:47.672,21298,21299,21299,3,3
2024-05-20 15:27:47.672,21298,21299,21299,1,1
2024-05-20 15:27:47.672,21298,21299,21299,5,5
2024-05-20 15:27:48.466,21299,21301,21299,1,-1
2024-05-20 15:27:49.359,21299,21300,21299,1,-1
2024-05-20 15:27:51.118,21299,21300,21300,1,1
2024-05-20 15:27:51.121,21299,21300,21300,1,1
2024-05-20 15:27:51.532,21300,21301,21301,1,1
2024-05-20 15:27:51.532,21300,21301,21301,2,2
2024-05-20 15:27:51.532,21300,21301,21301,2,2
2024-05-20 15:27:51.532,21300,21301,21301,3,3
2024-05-20 15:27:51.537,21300,21301,21301,3,3
2024-05-20 15:27:51.735,21301,21302,21301,1,-1
2024-05-20 15:27:52.577,21301,21302,21301,1,-1
2024-05-20 15:27:53.336,21301,21302,21301,2,-2
2024-05-20 15:27:54.965,21300,21301,21300,1,-1
2024-05-20 15:27:57.983,21300,21301,21300,7,-7
2024-05-20 15:27:58.017,21298,21300,21299,1,-1
2024-05-20 15:28:00.234,21298,21300,21298,1,-1
2024-05-20 15:28:00.295,21298,21300,21298,1,-1
2024-05-20 15:28:10.162,21298,21300,21300,1,1
2024-05-20 15:28:10.162,21298,21300,21300,1,1
2024-05-20 15:28:10.162,21298,21300,21300,5,5
2024-05-20 15:28:10.209,21298,21300,21300,1,1
2024-05-20 15:28:10.702,21300,21301,21300,1,-1
2024-05-20 15:28:12.687,21300,21301,21301,1,1
2024-05-20 15:28:12.687,21300,21301,21301,1,1
2024-05-20 15:28:12.687,21300,21301,21301,1,1
2024-05-20 15:28:12.687,21300,21301,21301,4,4
2024-05-20 15:28:12.689,21300,21301,21301,1,1
2024-05-20 15:28:13.474,21299,21302,21301,1,1
2024-05-20 15:28:14.648,21298,21300,21298,1,-1
2024-05-20 15:28:14.649,21298,21300,21298,1,-1
2024-05-20 15:28:21.769,21297,21298,21298,1,1
2024-05-20 15:28:31.651,21299,21300,21300,2,2
2024-05-20 15:28:31.653,21299,21300,21300,1,1
2024-05-20 15:28:32.554,21300,21302,21300,2,-2
2024-05-20 15:28:33.180,21300,21302,21302,1,1
2024-05-20 15:28:46.775,21301,21302,21301,1,-1
2024-05-20 15:28:47.469,21301,21302,21302,1,1
2024-05-20 15:28:52.746,21301,21302,21302,1,1
2024-05-20 15:28:53.034,21301,21302,21302,1,1
2024-05-20 15:28:53.035,21301,21302,21302,1,1
2024-05-20 15:29:01.580,21302,21304,21304,1,1
2024-05-20 15:29:10.450,21304,21305,21305,1,1
2024-05-20 15:29:10.510,21304,21305,21305,1,1
2024-05-20 15:29:13.422,21304,21305,21305,2,2
2024-05-20 15:29:16.484,21304,21305,21305,3,3
2024-05-20 15:29:16.484,21304,21305,21306,2,2
2024-05-20 15:29:17.695,21304,21306,21304,4,-4
2024-05-20 15:29:19.545,21303,21305,21305,1,1
2024-05-20 15:29:23.775,21303,21305,21305,1,1
2024-05-20 15:29:30.601,21302,21305,21305,1,1
2024-05-20 15:29:33.219,21302,21305,21305,2,2
2024-05-20 15:29:35.608,21302,21305,21304,1,1
2024-05-20 15:29:40.502,21303,21304,21303,1,-1
2024-05-20 15:29:54.284,21303,21304,21303,1,-1
2024-05-20 15:29:55.066,21303,21304,21304,2,2
2024-05-20 15:30:01.880,21304,21306,21304,1,-1
2024-05-20 15:30:07.823,21302,21303,21302,2,-2
2024-05-20 15:30:07.823,21302,21303,21302,1,-1
2024-05-20 15:30:08.149,21301,21302,21302,1,1
2024-05-20 15:30:11.025,21301,21302,21301,1,-1
2024-05-20 15:30:11.204,21300,21301,21300,1,-1
2024-05-20 15:30:16.864,21299,21301,21299,2,-2
2024-05-20 15:30:19.450,21299,21300,21300,1,1
2024-05-20 15:30:20.248,21299,21302,21299,1,-1
2024-05-20 15:30:33.892,21300,21301,21300,1,-1
2024-05-20 15:30:35.955,21300,21301,21301,1,1
2024-05-20 15:30:37.625,21301,21302,21301,2,-2
2024-05-20 15:30:41.559,21301,21302,21301,1,-1
2024-05-20 15:30:43.180,21301,21302,21301,3,-3
2024-05-20 15:30:43.181,21301,21302,21301,7,-7
2024-05-20 15:30:44.866,21300,21301,21300,1,-1
2024-05-20 15:30:44.906,21299,21301,21301,1,1
2024-05-20 15:31:02.249,21300,21301,21300,1,-1
2024-05-20 15:31:02.279,21300,21301,21301,1,1
2024-05-20 15:31:02.327,21300,21301,21301,1,1
2024-05-20 15:31:02.327,21300,21301,21301,1,1
2024-05-20 15:31:02.327,21300,21301,21301,1,1
2024-05-20 15:31:02.327,21300,21301,21301,2,2
2024-05-20 15:31:02.327,21300,21301,21301,1,1
2024-05-20 15:31:02.327,21300,21301,21301,1,1
2024-05-20 15:31:02.327,21300,21301,21301,13,13
2024-05-20 15:31:02.478,21301,21302,21302,1,1
2024-05-20 15:31:08.229,21301,21302,21302,1,1
2024-05-20 15:31:09.958,21301,21303,21301,1,-1
2024-05-20 15:31:19.944,21301,21303,21301,1,-1
2024-05-20 15:31:20.979,21300,21303,21301,2,-2
2024-05-20 15:31:22.591,21300,21302,21302,4,4
2024-05-20 15:31:22.592,21300,21302,21302,1,1
2024-05-20 15:31:34.000,21299,21302,21301,1,1
2024-05-20 15:31:50.664,21301,21302,21301,1,-1
2024-05-20 15:31:50.772,21300,21302,21302,1,1
2024-05-20 15:31:57.442,21301,21302,21301,1,-1
2024-05-20 15:31:57.518,21301,21302,21302,1,1
2024-05-20 15:32:00.205,21301,21302,21302,6,6
2024-05-20 15:32:00.265,21302,21303,21302,1,-1
2024-05-20 15:32:00.268,21302,21303,21303,1,1
2024-05-20 15:32:00.269,21302,21303,21303,1,1
2024-05-20 15:32:00.269,21302,21303,21303,1,1
2024-05-20 15:32:00.361,21302,21303,21303,1,1
2024-05-20 15:32:00.361,21302,21303,21303,2,2
2024-05-20 15:32:00.361,21302,21303,21303,1,1
2024-05-20 15:32:01.961,21303,21304,21304,1,1
2024-05-20 15:32:02.017,21304,21305,21306,1,1
2024-05-20 15:32:02.017,21304,21305,21306,1,1
2024-05-20 15:32:02.018,21304,21305,21306,1,1
2024-05-20 15:32:02.018,21304,21305,21306,1,1
2024-05-20 15:32:02.018,21304,21305,21306,1,1
2024-05-20 15:32:07.049,21304,21306,21306,1,1
2024-05-20 15:32:07.653,21304,21306,21306,1,1
2024-05-20 15:32:12.323,21304,21306,21305,1,1
2024-05-20 15:32:12.392,21304,21305,21307,1,1
2024-05-20 15:32:12.392,21304,21305,21305,1,1
2024-05-20 15:32:12.392,21304,21305,21306,1,1
2024-05-20 15:32:12.392,21304,21305,21306,1,1
2024-05-20 15:32:12.392,21304,21305,21307,1,1
2024-05-20 15:32:12.393,21304,21305,21306,1,1
2024-05-20 15:32:12.394,21304,21305,21307,1,1
2024-05-20 15:32:20.208,21304,21307,21304,1,-1
2024-05-20 15:32:50.567,21304,21306,21304,1,-1
2024-05-20 15:32:50.642,21304,21305,21305,1,1
2024-05-20 15:32:50.643,21304,21305,21306,1,1
2024-05-20 15:32:50.657,21304,21305,21304,1,-1
2024-05-20 15:33:03.544,21304,21306,21304,5,-5
2024-05-20 15:33:03.544,21304,21306,21304,1,-1
2024-05-20 15:33:03.641,21303,21305,21305,1,1
2024-05-20 15:33:03.642,21303,21305,21305,1,1
2024-05-20 15:33:03.642,21303,21305,21305,1,1
2024-05-20 15:33:03.642,21303,21305,21305,1,1
2024-05-20 15:33:03.645,21303,21305,21305,1,1
2024-05-20 15:33:11.168,21303,21305,21305,1,1
2024-05-20 15:33:11.230,21303,21305,21303,1,-1
2024-05-20 15:33:13.110,21303,21305,21303,1,-1
2024-05-20 15:34:00.277,21303,21305,21303,1,-1
2024-05-20 15:34:02.674,21303,21304,21303,1,-1
2024-05-20 15:34:10.108,21303,21304,21304,1,1
2024-05-20 15:34:23.756,21303,21304,21304,1,1
2024-05-20 15:34:59.877,21303,21305,21303,1,-1
2024-05-20 15:34:59.877,21303,21305,21303,3,-3
2024-05-20 15:34:59.878,21303,21305,21303,1,-1
2024-05-20 15:35:00.205,21301,21304,21301,1,-1
2024-05-20 15:35:00.456,21300,21303,21300,1,-1
2024-05-20 15:35:16.609,21300,21303,21300,5,-5
2024-05-20 15:35:24.255,21300,21302,21300,1,-1
2024-05-20 15:35:30.440,21300,21301,21300,2,-2
2024-05-20 15:35:32.638,21300,21301,21300,1,-1
2024-05-20 15:35:34.361,21299,21300,21300,1,1
2024-05-20 15:35:35.737,21299,21300,21300,1,1
2024-05-20 15:35:41.280,21299,21300,21300,4,4
2024-05-20 15:35:41.470,21300,21301,21300,1,-1
2024-05-20 15:35:42.249,21300,21301,21301,1,1
2024-05-20 15:36:11.046,21301,21302,21301,1,-1
2024-05-20 15:36:11.636,21301,21302,21301,1,-1
2024-05-20 15:36:11.826,21300,21302,21302,1,1
2024-05-20 15:36:23.961,21301,21302,21301,5,-5
2024-05-20 15:36:33.397,21300,21301,21300,1,-1
2024-05-20 15:36:33.397,21300,21301,21300,2,-2
2024-05-20 15:36:33.398,21300,21301,21300,2,-2
2024-05-20 15:36:33.398,21300,21301,21300,1,-1
2024-05-20 15:36:33.398,21300,21301,21300,1,-1
2024-05-20 15:36:33.398,21300,21301,21300,1,-1
2024-05-20 15:36:36.247,21299,21300,21300,5,5
2024-05-20 15:36:50.890,21299,21300,21300,1,1
2024-05-20 15:36:52.423,21299,21300,21300,1,1
2024-05-20 15:36:54.023,21299,21300,21300,1,1
2024-05-20 15:36:54.365,21299,21300,21300,2,2
2024-05-20 15:36:57.216,21299,21300,21300,1,1
2024-05-20 15:37:02.278,21299,21300,21299,1,-1
2024-05-20 15:37:07.807,21299,21300,21299,2,-2
2024-05-20 15:37:15.916,21298,21300,21298,4,-4
2024-05-20 15:37:20.586,21298,21299,21299,1,1
2024-05-20 15:37:20.633,21298,21299,21300,1,1
2024-05-20 15:37:26.329,21301,21302,21301,2,-2
2024-05-20 15:37:30.845,21301,21302,21301,2,-2
2024-05-20 15:37:30.846,21301,21302,21301,1,-1
2024-05-20 15:37:36.366,21301,21302,21301,1,-1
2024-05-20 15:37:49.953,21300,21301,21300,1,-1
2024-05-20 15:38:05.355,21299,21300,21300,1,1
2024-05-20 15:38:06.272,21299,21300,21300,1,1
2024-05-20 15:38:09.872,21298,21300,21300,1,1
2024-05-20 15:38:26.874,21300,21301,21301,1,1
2024-05-20 15:38:40.832,21301,21302,21302,2,2
2024-05-20 15:38:44.360,21301,21302,21302,1,1
2024-05-20 15:39:00.198,21300,21301,21301,1,1
2024-05-20 15:39:13.517,21301,21302,21301,1,-1
2024-05-20 15:39:23.746,21300,21302,21300,1,-1
2024-05-20 15:39:36.805,21299,21300,21299,2,-2
2024-05-20 15:39:48.558,21298,21299,21298,1,-1
2024-05-20 15:39:56.042,21297,21298,21297,1,-1
2024-05-20 15:39:56.327,21297,21298,21297,1,-1
2024-05-20 15:40:01.775,21297,21298,21298,1,1
2024-05-20 15:40:02.503,21297,21298,21297,1,-1
2024-05-20 15:40:02.704,21297,21299,21298,2,-2
2024-05-20 15:40:02.851,21298,21299,21298,1,-1
2024-05-20 15:40:05.471,21297,21299,21299,1,1
2024-05-20 15:40:05.483,21297,21299,21299,2,2
2024-05-20 15:40:36.322,21298,21300,21298,5,-5
2024-05-20 15:40:45.351,21297,21298,21298,1,1
2024-05-20 15:40:51.173,21297,21298,21297,1,-1
2024-05-20 15:40:58.611,21297,21298,21297,2,-2
2024-05-20 15:41:00.078,21297,21298,21297,1,-1
2024-05-20 15:41:04.601,21297,21298,21297,1,-1
2024-05-20 15:41:05.936,21297,21298,21298,3,3
2024-05-20 15:41:06.239,21298,21300,21298,1,-1
2024-05-20 15:41:08.066,21298,21300,21300,3,3
2024-05-20 15:41:12.292,21299,21300,21300,1,1
2024-05-20 15:41:19.567,21299,21300,21300,1,1
2024-05-20 15:41:20.198,21300,21301,21301,2,2
2024-05-20 15:41:30.151,21301,21302,21301,1,-1
2024-05-20 15:41:40.207,21301,21302,21302,1,1
2024-05-20 15:41:51.437,21301,21302,21302,1,1
2024-05-20 15:41:53.324,21302,21303,21302,1,-1
2024-05-20 15:41:53.539,21302,21303,21303,4,4
2024-05-20 15:41:53.539,21302,21303,21304,11,11
2024-05-20 15:42:00.196,21304,21305,21305,7,7
2024-05-20 15:42:00.257,21304,21305,21304,1,-1
2024-05-20 15:42:00.712,21304,21305,21305,1,1
2024-05-20 15:42:00.976,21304,21305,21306,13,13
2024-05-20 15:42:00.976,21304,21305,21305,3,3
2024-05-20 15:42:00.978,21304,21305,21306,1,1
2024-05-20 15:42:00.978,21304,21305,21306,1,1
2024-05-20 15:42:00.979,21304,21305,21306,1,1
2024-05-20 15:42:38.120,21306,21307,21306,1,-1
2024-05-20 15:42:40.228,21306,21307,21306,1,-1
2024-05-20 15:43:01.889,21304,21306,21304,2,-2
2024-05-20 15:43:23.124,21302,21305,21302,1,-1
2024-05-20 15:43:36.143,21303,21304,21303,1,-1
2024-05-20 15:43:37.985,21303,21304,21304,1,1
2024-05-20 15:43:49.360,21304,21305,21305,3,3
2024-05-20 15:43:49.369,21304,21305,21306,3,3
2024-05-20 15:43:52.425,21306,21307,21306,1,-1
2024-05-20 15:43:53.003,21306,21307,21306,1,-1
2024-05-20 15:43:56.141,21306,21307,21307,2,2
2024-05-20 15:43:56.141,21306,21307,21307,1,1
2024-05-20 15:43:58.257,21307,21308,21308,2,2
2024-05-20 15:44:00.322,21307,21309,21308,1,1
2024-05-20 15:44:03.614,21308,21309,21308,4,-4
2024-05-20 15:44:03.614,21308,21309,21307,5,-5
2024-05-20 15:44:04.703,21306,21307,21307,1,1
2024-05-20 15:44:12.644,21306,21307,21307,2,2
2024-05-20 15:44:16.239,21306,21307,21307,1,1
2024-05-20 15:44:16.349,21306,21307,21306,1,-1
2024-05-20 15:44:16.349,21306,21307,21306,1,-1
2024-05-20 15:44:19.115,21306,21307,21306,1,-1
2024-05-20 15:44:21.113,21305,21306,21306,1,1
2024-05-20 15:44:31.064,21305,21306,21304,3,-3
2024-05-20 15:44:31.064,21305,21306,21305,2,-2
2024-05-20 15:45:03.786,21305,21306,21306,1,1
2024-05-20 15:45:07.283,21305,21307,21305,1,-1
2024-05-20 15:45:07.306,21305,21307,21305,1,-1
2024-05-20 15:45:07.306,21305,21307,21305,1,-1
2024-05-20 15:45:15.506,21305,21307,21307,1,1
2024-05-20 15:45:17.419,21305,21307,21307,1,1
2024-05-20 15:45:40.208,21306,21307,21307,3,3
2024-05-20 15:45:40.266,21306,21308,21308,1,1
2024-05-20 15:45:54.304,21306,21307,21306,1,-1
2024-05-20 15:45:54.304,21306,21307,21306,1,-1
2024-05-20 15:46:00.096,21306,21307,21306,1,-1
2024-05-20 15:46:00.202,21305,21307,21307,7,7
2024-05-20 15:46:13.309,21306,21308,21307,1,1
2024-05-20 15:46:13.392,21306,21308,21308,1,1
2024-05-20 15:46:13.392,21306,21308,21308,1,1
2024-05-20 15:46:29.362,21306,21308,21306,1,-1
2024-05-20 15:46:29.398,21305,21307,21307,1,1
2024-05-20 15:46:40.281,21306,21307,21307,1,1
2024-05-20 15:46:40.394,21307,21308,21308,1,1
2024-05-20 15:46:40.394,21307,21308,21308,3,3
2024-05-20 15:46:40.394,21307,21308,21309,2,2
2024-05-20 15:46:41.170,21308,21309,21309,1,1
2024-05-20 15:46:41.170,21308,21309,21309,1,1
2024-05-20 15:46:41.267,21308,21310,21310,1,1
2024-05-20 15:46:41.268,21308,21310,21310,1,1
2024-05-20 15:46:41.554,21309,21310,21310,1,1
2024-05-20 15:46:44.264,21308,21310,21310,1,1
2024-05-20 15:46:46.218,21308,21310,21310,2,2
2024-05-20 15:46:49.512,21308,21309,21309,1,1
2024-05-20 15:47:10.898,21309,21310,21310,1,1
2024-05-20 15:47:10.898,21309,21310,21310,1,1
2024-05-20 15:47:10.898,21309,21310,21310,1,1
2024-05-20 15:47:10.898,21309,21310,21310,1,1
2024-05-20 15:47:10.899,21309,21310,21310,2,2
2024-05-20 15:47:14.528,21310,21311,21310,1,-1
2024-05-20 15:47:27.970,21310,21311,21311,1,1
2024-05-20 15:47:27.971,21310,21311,21311,1,1
2024-05-20 15:47:27.971,21310,21311,21311,1,1
2024-05-20 15:47:40.192,21311,21312,21312,3,3
2024-05-20 15:47:41.614,21311,21312,21312,1,1
2024-05-20 15:47:41.615,21311,21312,21312,3,3
2024-05-20 15:47:41.970,21312,21313,21312,1,-1
2024-05-20 15:47:43.969,21312,21313,21312,1,-1
2024-05-20 15:47:46.665,21312,21313,21313,4,4
2024-05-20 15:47:48.963,21313,21314,21313,1,-1
2024-05-20 15:47:48.963,21313,21314,21313,3,-3
2024-05-20 15:47:49.512,21312,21313,21312,1,-1
2024-05-20 15:47:49.513,21312,21313,21312,1,-1
2024-05-20 15:47:52.131,21311,21312,21312,1,1
2024-05-20 15:47:55.253,21312,21313,21312,1,-1
2024-05-20 15:47:56.959,21312,21313,21312,1,-1
2024-05-20 15:47:58.051,21312,21313,21313,1,1
2024-05-20 15:48:04.435,21312,21313,21312,6,-6
2024-05-20 15:48:04.518,21311,21312,21312,1,1
2024-05-20 15:48:04.518,21311,21312,21312,1,1
2024-05-20 15:48:04.518,21311,21312,21312,1,1
2024-05-20 15:48:04.518,21311,21312,21312,1,1
2024-05-20 15:48:04.519,21311,21312,21313,1,1
2024-05-20 15:48:04.519,21311,21312,21312,1,1
2024-05-20 15:48:10.547,21311,21313,21312,1,1
2024-05-20 15:48:10.642,21311,21312,21312,1,1
2024-05-20 15:48:10.643,21311,21312,21313,1,1
2024-05-20 15:48:13.838,21311,21312,21311,1,-1
2024-05-20 15:48:13.893,21311,21312,21312,1,1
2024-05-20 15:48:13.893,21311,21312,21312,1,1
2024-05-20 15:48:14.710,21311,21313,21311,1,-1
2024-05-20 15:48:22.981,21312,21313,21312,1,-1
2024-05-20 15:48:24.732,21312,21313,21313,2,2
2024-05-20 15:48:24.767,21312,21314,21314,1,1
2024-05-20 15:48:24.768,21312,21314,21314,1,1
2024-05-20 15:48:24.768,21312,21314,21314,1,1
2024-05-20 15:48:30.552,21312,21314,21314,1,1
2024-05-20 15:48:34.970,21312,21314,21314,1,1
2024-05-20 15:48:37.162,21312,21314,21314,1,1
2024-05-20 15:48:39.726,21313,21315,21314,1,1
2024-05-20 15:48:39.767,21312,21314,21314,1,1
2024-05-20 15:48:44.995,21313,21314,21313,1,-1
2024-05-20 15:48:49.100,21312,21314,21313,1,-1
2024-05-20 15:48:53.845,21312,21313,21312,1,-1
2024-05-20 15:49:03.209,21311,21312,21311,1,-1
2024-05-20 15:49:28.540,21310,21312,21311,1,-1
2024-05-20 15:49:45.355,21310,21311,21310,3,-3
2024-05-20 15:49:45.431,21310,21311,21310,1,-1
2024-05-20 15:49:45.431,21310,21311,21309,7,-7
2024-05-20 15:49:59.441,21309,21311,21311,1,1
2024-05-20 15:50:01.576,21309,21311,21309,1,-1
2024-05-20 15:50:06.181,21309,21311,21308,1,-1
2024-05-20 15:50:06.181,21309,21311,21309,1,-1
2024-05-20 15:50:10.511,21308,21311,21308,1,-1
2024-05-20 15:50:30.124,21307,21310,21308,1,-1
2024-05-20 15:50:34.481,21308,21310,21309,1,-1
2024-05-20 15:50:34.656,21309,21310,21310,1,1
2024-05-20 15:50:34.657,21309,21310,21310,1,1
2024-05-20 15:50:38.720,21310,21311,21311,2,2
2024-05-20 15:51:04.848,21310,21312,21310,1,-1
2024-05-20 15:51:05.435,21310,21312,21310,1,-1
2024-05-20 15:51:07.427,21309,21311,21311,1,1
2024-05-20 15:51:11.028,21310,21312,21310,1,-1
2024-05-20 15:52:01.543,21310,21312,21311,1,-1
2024-05-20 15:52:03.887,21310,21312,21310,1,-1
2024-05-20 15:52:05.249,21310,21312,21310,1,-1
2024-05-20 15:52:16.266,21309,21311,21311,1,1
2024-05-20 15:52:31.873,21310,21312,21311,3,3
2024-05-20 15:52:53.679,21311,21312,21311,1,-1
2024-05-20 15:53:00.204,21311,21312,21312,5,5
2024-05-20 15:53:00.205,21311,21312,21312,5,5
2024-05-20 15:53:10.189,21312,21313,21313,2,2
2024-05-20 15:53:15.445,21312,21313,21313,1,1
2024-05-20 15:53:20.203,21312,21313,21313,1,1
2024-05-20 15:53:32.381,21313,21314,21314,1,1
2024-05-20 15:53:32.381,21313,21314,21315,2,2
2024-05-20 15:53:34.554,21313,21315,21315,1,1
2024-05-20 15:53:37.029,21313,21315,21315,1,1
2024-05-20 15:53:44.773,21314,21315,21315,1,1
2024-05-20 15:53:44.773,21314,21315,21315,1,1
2024-05-20 15:53:44.773,21314,21315,21315,1,1
2024-05-20 15:53:52.480,21315,21316,21316,2,2
2024-05-20 15:53:52.480,21315,21316,21316,1,1
2024-05-20 15:53:52.480,21315,21316,21316,1,1
2024-05-20 15:53:52.480,21315,21316,21316,1,1
2024-05-20 15:53:52.590,21316,21317,21317,1,1
2024-05-20 15:53:52.590,21316,21317,21317,3,3
2024-05-20 15:53:57.165,21317,21318,21318,1,1
2024-05-20 15:53:57.207,21317,21318,21318,5,5
2024-05-20 15:54:03.805,21318,21319,21319,1,1
2024-05-20 15:54:04.142,21318,21319,21318,4,-4
2024-05-20 15:54:04.184,21318,21319,21318,3,-3
2024-05-20 15:54:04.743,21316,21318,21318,1,1
2024-05-20 15:54:04.876,21316,21318,21318,1,1
2024-05-20 15:54:05.955,21316,21318,21316,1,-1
2024-05-20 15:54:09.196,21315,21317,21317,1,1
2024-05-20 15:54:09.463,21315,21317,21317,1,1
2024-05-20 15:54:11.161,21315,21317,21317,1,1
2024-05-20 15:54:13.248,21316,21317,21316,1,-1
2024-05-20 15:54:13.549,21316,21317,21316,1,-1
2024-05-20 15:54:21.222,21315,21316,21316,1,1
2024-05-20 15:54:28.000,21316,21317,21317,1,1
2024-05-20 15:54:28.000,21316,21317,21318,3,3
2024-05-20 15:54:32.326,21317,21318,21318,1,1
2024-05-20 15:54:32.625,21317,21318,21318,2,2
2024-05-20 15:54:38.919,21317,21318,21317,2,-2
2024-05-20 15:54:38.919,21317,21318,21316,2,-2
2024-05-20 15:54:43.433,21316,21318,21317,1,-1
2024-05-20 15:54:54.575,21316,21317,21316,1,-1
2024-05-20 15:54:54.576,21316,21317,21316,4,-4
2024-05-20 15:54:54.576,21316,21317,21316,1,-1
2024-05-20 15:55:00.208,21316,21317,21317,1,1
2024-05-20 15:55:01.570,21316,21317,21316,1,-1
2024-05-20 15:55:08.594,21315,21317,21315,1,-1
2024-05-20 15:55:24.096,21315,21317,21315,1,-1
2024-05-20 15:55:34.555,21316,21317,21316,1,-1
2024-05-20 15:55:38.340,21316,21317,21316,1,-1
2024-05-20 15:55:40.280,21315,21317,21315,1,-1
2024-05-20 15:55:42.731,21315,21317,21315,1,-1
2024-05-20 15:55:44.790,21315,21317,21315,1,-1
2024-05-20 15:56:00.195,21314,21315,21315,3,3
2024-05-20 15:56:13.506,21314,21316,21314,1,-1
2024-05-20 15:56:38.973,21314,21316,21314,1,-1
2024-05-20 15:56:40.504,21314,21316,21314,1,-1
2024-05-20 15:56:41.635,21314,21316,21314,5,-5
2024-05-20 15:56:41.834,21314,21316,21316,2,2
2024-05-20 15:56:41.855,21314,21316,21316,1,1
2024-05-20 15:57:30.330,21315,21316,21316,1,1
2024-05-20 15:57:32.546,21315,21316,21315,1,-1
2024-05-20 15:57:33.257,21315,21316,21315,1,-1
2024-05-20 15:57:35.579,21314,21316,21314,1,-1
2024-05-20 15:57:39.825,21314,21315,21314,1,-1
2024-05-20 15:57:39.825,21314,21315,21314,2,-2
2024-05-20 15:57:46.344,21312,21314,21314,1,1
2024-05-20 15:57:48.575,21312,21313,21312,1,-1
2024-05-20 15:57:56.753,21312,21313,21312,1,-1
2024-05-20 15:58:00.270,21310,21312,21312,1,1
2024-05-20 15:58:03.127,21310,21311,21310,1,-1
2024-05-20 15:58:03.180,21310,21311,21310,1,-1
2024-05-20 15:58:03.372,21310,21311,21310,2,-2
2024-05-20 15:58:07.384,21310,21311,21311,1,1
2024-05-20 15:58:19.861,21310,21311,21310,1,-1
2024-05-20 15:58:20.984,21310,21311,21310,1,-1
2024-05-20 15:58:20.985,21310,21311,21310,1,-1
2024-05-20 15:58:31.170,21309,21312,21309,1,-1
2024-05-20 15:58:35.950,21310,21312,21310,1,-1
2024-05-20 15:58:39.433,21309,21312,21309,7,-7
2024-05-20 15:58:39.435,21309,21312,21309,3,-3
2024-05-20 15:58:43.126,21308,21310,21308,2,-2
2024-05-20 15:58:43.187,21307,21308,21307,1,-1
2024-05-20 15:58:46.350,21307,21308,21307,2,-2
2024-05-20 15:58:51.661,21306,21307,21306,1,-1
2024-05-20 15:58:51.916,21306,21307,21306,2,-2
2024-05-20 15:58:53.060,21305,21307,21305,4,-4
2024-05-20 15:58:54.562,21305,21306,21306,1,1
2024-05-20 15:58:57.536,21305,21306,21306,1,1
2024-05-20 15:58:57.536,21305,21306,21306,1,1
2024-05-20 15:58:57.656,21305,21307,21307,3,3
2024-05-20 15:59:00.240,21306,21307,21307,1,1
2024-05-20 15:59:00.298,21306,21307,21306,1,-1
2024-05-20 15:59:17.748,21304,21307,21304,3,-3
2024-05-20 15:59:23.921,21305,21306,21305,1,-1
2024-05-20 15:59:28.740,21305,21307,21305,1,-1
2024-05-20 15:59:28.740,21305,21307,21304,3,-3
2024-05-20 15:59:29.755,21304,21307,21305,1,-1
2024-05-20 15:59:38.725,21305,21306,21305,1,-1
2024-05-20 15:59:44.925,21305,21306,21305,1,-1
2024-05-20 15:59:46.147,21305,21306,21305,1,-1
2024-05-20 15:59:46.686,21305,21306,21305,1,-1
2024-05-20 15:59:48.035,21305,21306,21305,1,-1
2024-05-20 15:59:50.133,21304,21306,21305,1,-1
2024-05-20 15:59:52.948,21305,21306,21305,1,-1
2024-05-20 15:59:55.626,21304,21305,21304,1,-1
2024-05-20 15:59:56.602,21304,21305,21304,1,-1
2024-05-20 15:59:59.227,21304,21305,21304,1,-1
2024-05-20 15:59:59.227,21304,21305,21303,1,-1
2024-05-20 15:59:59.541,21303,21305,21305,3,3
2024-05-20 16:00:01.811,21303,21304,21303,1,-1
2024-05-20 16:00:02.259,21302,21304,21302,1,-1
2024-05-20 16:00:02.375,21302,21304,21304,1,1
2024-05-20 16:00:02.533,21302,21304,21304,1,1
2024-05-20 16:00:02.774,21302,21304,21304,1,1
2024-05-20 16:00:02.855,21302,21304,21302,1,-1
2024-05-20 16:00:06.486,21304,21306,21303,1,-1
2024-05-20 16:00:06.486,21304,21306,21304,2,-2
2024-05-20 16:00:09.068,21303,21305,21303,1,-1
2024-05-20 16:00:22.014,21303,21304,21304,1,1
2024-05-20 16:00:26.490,21304,21305,21304,1,-1
2024-05-20 16:00:27.806,21304,21305,21305,1,1
2024-05-20 16:00:29.276,21304,21306,21304,1,-1
2024-05-20 16:00:29.789,21304,21306,21304,1,-1
2024-05-20 16:00:31.118,21305,21306,21305,1,-1
2024-05-20 16:00:31.118,21305,21306,21304,1,-1
2024-05-20 16:01:03.845,21303,21305,21304,1,-1
2024-05-20 16:01:03.904,21304,21305,21305,1,1
2024-05-20 16:01:03.904,21304,21305,21305,1,1
2024-05-20 16:01:03.904,21304,21305,21305,1,1
2024-05-20 16:01:03.905,21304,21305,21306,1,1
2024-05-20 16:01:03.905,21304,21305,21306,1,1
2024-05-20 16:01:03.905,21304,21305,21306,1,1
2024-05-20 16:01:03.906,21304,21305,21306,1,1
2024-05-20 16:01:11.305,21306,21307,21306,1,-1
2024-05-20 16:01:11.392,21305,21307,21307,1,1
2024-05-20 16:01:11.392,21305,21307,21307,1,1
2024-05-20 16:01:11.393,21305,21307,21307,1,1
2024-05-20 16:01:11.393,21305,21307,21307,1,1
2024-05-20 16:01:11.394,21305,21307,21307,1,1
2024-05-20 16:01:11.395,21305,21307,21308,1,1
2024-05-20 16:01:12.324,21307,21308,21308,1,1
2024-05-20 16:01:12.325,21307,21308,21308,1,1
2024-05-20 16:01:12.325,21307,21308,21308,4,4
2024-05-20 16:01:12.325,21307,21308,21308,1,1
2024-05-20 16:01:12.393,21308,21310,21310,1,1
2024-05-20 16:01:12.393,21308,21310,21310,1,1
2024-05-20 16:01:12.393,21308,21310,21310,1,1
2024-05-20 16:01:12.393,21308,21310,21310,1,1
2024-05-20 16:01:12.393,21308,21310,21310,1,1
2024-05-20 16:01:12.394,21308,21310,21310,1,1
2024-05-20 16:01:12.399,21308,21310,21310,1,1
2024-05-20 16:01:15.266,21308,21310,21310,2,2
2024-05-20 16:01:17.450,21308,21310,21310,1,1
2024-05-20 16:01:20.796,21309,21311,21311,1,1
2024-05-20 16:01:20.892,21309,21311,21311,1,1
2024-05-20 16:01:20.892,21309,21311,21311,1,1
2024-05-20 16:01:20.893,21309,21311,21312,1,1
2024-05-20 16:01:20.893,21309,21311,21312,1,1
2024-05-20 16:01:23.135,21310,21312,21310,1,-1
2024-05-20 16:01:28.165,21310,21311,21310,1,-1
2024-05-20 16:01:28.445,21309,21311,21309,2,-2
2024-05-20 16:01:32.304,21309,21311,21309,2,-2
2024-05-20 16:01:32.392,21309,21311,21311,1,1
2024-05-20 16:01:32.392,21309,21311,21311,1,1
2024-05-20 16:01:32.392,21309,21311,21311,1,1
2024-05-20 16:01:32.392,21309,21311,21312,1,1
2024-05-20 16:01:32.393,21309,21311,21312,1,1
2024-05-20 16:01:38.819,21311,21312,21312,2,2
2024-05-20 16:01:39.837,21312,21314,21314,1,1
2024-05-20 16:01:39.986,21312,21314,21314,1,1
2024-05-20 16:01:42.574,21311,21313,21313,3,3
2024-05-20 16:01:48.750,21311,21313,21313,1,1
2024-05-20 16:02:01.555,21310,21312,21312,1,1
2024-05-20 16:02:15.471,21310,21312,21312,1,1
2024-05-20 16:02:15.741,21312,21313,21312,1,-1
2024-05-20 16:02:17.262,21312,21313,21313,1,1
2024-05-20 16:02:17.263,21312,21313,21313,1,1
2024-05-20 16:02:17.263,21312,21313,21313,1,1
2024-05-20 16:02:22.216,21314,21315,21315,1,1
2024-05-20 16:02:22.217,21314,21315,21315,1,1
2024-05-20 16:02:22.401,21315,21316,21316,1,1
2024-05-20 16:02:22.941,21315,21316,21316,1,1
2024-05-20 16:02:23.017,21315,21316,21316,1,1
2024-05-20 16:02:31.086,21313,21314,21313,1,-1
2024-05-20 16:02:37.969,21312,21314,21314,4,4
2024-05-20 16:02:42.597,21312,21314,21314,1,1
2024-05-20 16:02:42.833,21312,21314,21314,1,1
2024-05-20 16:02:43.652,21312,21314,21314,1,1
2024-05-20 16:03:10.971,21312,21313,21313,1,1
2024-05-20 16:03:20.045,21314,21315,21314,1,-1
2024-05-20 16:03:22.479,21314,21315,21315,1,1
2024-05-20 16:03:23.298,21314,21316,21314,1,-1
2024-05-20 16:03:32.092,21315,21316,21316,1,1
2024-05-20 16:03:33.090,21316,21317,21317,3,3
2024-05-20 16:03:33.112,21316,21317,21317,1,1
2024-05-20 16:03:33.230,21317,21318,21318,1,1
2024-05-20 16:03:33.350,21316,21318,21318,4,4
2024-05-20 16:03:37.447,21318,21319,21318,1,-1
2024-05-20 16:03:47.600,21317,21318,21318,1,1
2024-05-20 16:03:54.521,21317,21318,21318,1,1
2024-05-20 16:03:56.229,21318,21319,21318,1,-1
2024-05-20 16:03:59.811,21318,21319,21318,2,-2
2024-05-20 16:04:00.360,21318,21319,21318,1,-1
2024-05-20 16:04:01.770,21317,21319,21317,1,-1
2024-05-20 16:04:04.830,21316,21318,21318,1,1
2024-05-20 16:04:10.177,21316,21317,21317,1,1
2024-05-20 16:04:10.177,21316,21317,21318,1,1
2024-05-20 16:04:16.796,21318,21319,21318,1,-1
2024-05-20 16:04:21.198,21316,21318,21318,1,1
2024-05-20 16:04:22.574,21316,21318,21318,1,1
2024-05-20 16:04:30.877,21316,21317,21316,2,-2
2024-05-20 16:04:41.481,21315,21316,21316,2,2
2024-05-20 16:04:42.107,21315,21316,21315,1,-1
2024-05-20 16:04:43.663,21315,21316,21315,2,-2
2024-05-20 16:04:44.819,21315,21316,21316,1,1
2024-05-20 16:05:14.049,21316,21317,21316,1,-1
2024-05-20 16:05:14.412,21315,21316,21316,2,2
2024-05-20 16:05:14.416,21315,21316,21316,1,1
2024-05-20 16:05:14.572,21315,21316,21316,1,1
2024-05-20 16:05:14.578,21315,21316,21316,1,1
2024-05-20 16:05:14.583,21315,21316,21316,1,1
2024-05-20 16:05:14.592,21315,21316,21317,1,1
2024-05-20 16:05:14.605,21315,21316,21318,1,1
2024-05-20 16:05:30.612,21316,21317,21316,1,-1
2024-05-20 16:05:33.037,21316,21317,21316,1,-1
2024-05-20 16:05:35.431,21316,21317,21316,1,-1
2024-05-20 16:05:35.638,21316,21317,21317,1,1
2024-05-20 16:05:35.660,21316,21317,21317,2,2
2024-05-20 16:05:37.876,21316,21318,21316,1,-1
2024-05-20 16:05:45.852,21316,21317,21316,1,-1
2024-05-20 16:06:09.666,21316,21317,21317,2,2
2024-05-20 16:06:10.582,21316,21317,21316,2,-2
2024-05-20 16:06:10.582,21316,21317,21316,3,-3
2024-05-20 16:06:25.253,21316,21317,21317,3,3
2024-05-20 16:06:26.513,21316,21318,21318,3,3
2024-05-20 16:06:27.726,21317,21318,21318,3,3
2024-05-20 16:06:35.015,21317,21318,21317,1,-1
2024-05-20 16:06:38.144,21317,21318,21318,2,2
2024-05-20 16:06:38.144,21317,21318,21318,3,3
2024-05-20 16:06:38.144,21317,21318,21318,2,2
2024-05-20 16:06:46.885,21318,21319,21318,1,-1
2024-05-20 16:06:48.871,21318,21319,21319,6,6
2024-05-20 16:06:48.914,21319,21320,21320,2,2
2024-05-20 16:06:48.914,21319,21320,21320,2,2
2024-05-20 16:06:48.914,21319,21320,21320,3,3
2024-05-20 16:06:48.914,21319,21320,21320,1,1
2024-05-20 16:06:48.914,21319,21320,21320,1,1
2024-05-20 16:06:48.914,21319,21320,21320,1,1
2024-05-20 16:06:48.997,21319,21320,21321,1,1
2024-05-20 16:06:48.997,21319,21320,21321,2,2
2024-05-20 16:06:49.081,21320,21322,21322,1,1
2024-05-20 16:06:53.058,21320,21321,21320,1,-1
2024-05-20 16:07:05.735,21320,21321,21321,1,1
2024-05-20 16:07:05.735,21320,21321,21322,2,2
2024-05-20 16:07:07.442,21321,21322,21321,1,-1
2024-05-20 16:07:07.600,21321,21322,21322,1,1
2024-05-20 16:07:11.246,21321,21322,21322,1,1
2024-05-20 16:07:12.792,21321,21322,21322,1,1
2024-05-20 16:07:18.772,21321,21322,21322,2,2
2024-05-20 16:07:20.198,21321,21322,21322,1,1
2024-05-20 16:07:20.818,21321,21322,21321,1,-1
2024-05-20 16:07:23.593,21321,21322,21321,1,-1
2024-05-20 16:07:25.447,21320,21322,21322,3,3
2024-05-20 16:07:32.467,21321,21322,21321,1,-1
2024-05-20 16:07:40.209,21320,21321,21321,3,3
2024-05-20 16:07:42.831,21320,21321,21321,2,2
2024-05-20 16:07:52.582,21320,21321,21320,1,-1
2024-05-20 16:07:53.409,21320,21321,21321,1,1
2024-05-20 16:08:00.202,21320,21321,21321,1,1
2024-05-20 16:08:00.418,21320,21321,21321,1,1
2024-05-20 16:08:02.075,21320,21321,21321,1,1
2024-05-20 16:08:08.261,21321,21322,21321,1,-1
2024-05-20 16:08:11.720,21321,21322,21321,1,-1
2024-05-20 16:08:12.190,21321,21322,21322,2,2
2024-05-20 16:08:14.444,21321,21322,21322,1,1
2024-05-20 16:08:16.113,21321,21322,21321,2,-2
2024-05-20 16:08:24.177,21320,21321,21320,1,-1
2024-05-20 16:08:37.399,21320,21321,21320,1,-1
2024-05-20 16:08:46.850,21320,21321,21320,1,-1
2024-05-20 16:08:59.079,21320,21321,21320,1,-1
2024-05-20 16:09:15.792,21320,21321,21321,1,1
2024-05-20 16:09:58.437,21320,21321,21321,1,1
2024-05-20 16:09:59.507,21320,21321,21321,1,1
2024-05-20 16:09:59.669,21320,21321,21321,1,1
2024-05-20 16:09:59.702,21320,21321,21321,1,1
2024-05-20 16:09:59.711,21320,21321,21321,1,1
2024-05-20 16:09:59.711,21320,21321,21321,1,1
2024-05-20 16:09:59.711,21320,21321,21321,1,1
2024-05-20 16:09:59.711,21320,21321,21321,3,3
2024-05-20 16:09:59.718,21320,21321,21322,1,1
2024-05-20 16:09:59.732,21320,21321,21321,1,1
2024-05-20 16:10:01.687,21320,21322,21322,1,1
2024-05-20 16:10:01.688,21320,21322,21322,5,5
2024-05-20 16:10:01.688,21320,21322,21322,1,1
2024-05-20 16:10:01.688,21320,21322,21322,9,9
2024-05-20 16:10:01.743,21320,21322,21322,1,1
2024-05-20 16:10:01.981,21322,21323,21323,1,1
2024-05-20 16:10:02.029,21322,21323,21323,1,1
2024-05-20 16:10:04.965,21322,21323,21322,1,-1
2024-05-20 16:10:05.182,21321,21323,21323,1,1
2024-05-20 16:10:07.828,21322,21323,21323,1,1
2024-05-20 16:10:07.909,21322,21323,21322,1,-1
2024-05-20 16:10:09.859,21320,21322,21322,1,1
2024-05-20 16:10:12.474,21320,21322,21322,1,1
2024-05-20 16:10:21.094,21320,21321,21320,2,-2
2024-05-20 16:10:21.094,21320,21321,21320,1,-1
2024-05-20 16:10:21.094,21320,21321,21320,2,-2
2024-05-20 16:10:21.094,21320,21321,21320,1,-1
2024-05-20 16:10:21.094,21320,21321,21320,1,-1
2024-05-20 16:10:22.301,21320,21321,21320,1,-1
2024-05-20 16:10:26.501,21320,21321,21320,2,-2
2024-05-20 16:10:28.354,21320,21321,21320,2,-2
2024-05-20 16:10:28.607,21320,21321,21320,2,-2
2024-05-20 16:10:28.794,21320,21321,21320,1,-1
2024-05-20 16:10:28.794,21320,21321,21320,1,-1
2024-05-20 16:10:31.169,21320,21321,21320,1,-1
2024-05-20 16:10:32.805,21320,21321,21320,1,-1
2024-05-20 16:10:35.716,21320,21321,21320,1,-1
2024-05-20 16:10:38.751,21319,21320,21320,1,1
2024-05-20 16:10:43.803,21319,21321,21319,1,-1
2024-05-20 16:10:47.694,21319,21320,21319,17,-17
2024-05-20 16:10:48.878,21318,21319,21319,1,1
2024-05-20 16:10:55.272,21318,21319,21319,2,2
2024-05-20 16:10:56.528,21318,21319,21318,3,-3
2024-05-20 16:10:56.550,21318,21319,21318,1,-1
2024-05-20 16:10:56.939,21317,21319,21317,1,-1
2024-05-20 16:11:07.098,21316,21317,21317,1,1
2024-05-20 16:11:11.730,21316,21317,21316,2,-2
2024-05-20 16:11:11.730,21316,21317,21316,1,-1
2024-05-20 16:11:19.544,21316,21317,21316,1,-1
2024-05-20 16:11:21.034,21315,21317,21315,1,-1
2024-05-20 16:11:21.176,21315,21317,21315,1,-1
2024-05-20 16:11:23.078,21315,21317,21315,1,-1
2024-05-20 16:11:25.336,21315,21316,21315,1,-1
2024-05-20 16:11:26.276,21314,21316,21314,1,-1
2024-05-20 16:11:31.518,21314,21315,21314,1,-1
2024-05-20 16:11:35.652,21314,21315,21315,1,1
2024-05-20 16:11:40.255,21314,21315,21315,1,1
2024-05-20 16:11:42.234,21314,21315,21315,1,1
2024-05-20 16:11:45.496,21314,21315,21315,1,1
2024-05-20 16:11:45.908,21315,21316,21316,2,2
2024-05-20 16:11:55.603,21315,21316,21316,1,1
2024-05-20 16:11:56.854,21315,21316,21316,2,2
2024-05-20 16:11:56.854,21315,21316,21316,1,1
2024-05-20 16:12:19.527,21315,21317,21317,1,1
2024-05-20 16:12:20.044,21315,21318,21315,5,-5
2024-05-20 16:12:31.166,21313,21316,21315,1,1
2024-05-20 16:12:36.075,21314,21316,21315,1,1
2024-05-20 16:12:40.547,21314,21315,21315,1,1
2024-05-20 16:13:06.030,21314,21315,21315,1,1
2024-05-20 16:13:10.891,21315,21316,21315,1,-1
2024-05-20 16:13:20.835,21314,21316,21314,1,-1
2024-05-20 16:13:32.291,21314,21315,21315,1,1
2024-05-20 16:13:36.251,21314,21316,21314,4,-4
2024-05-20 16:13:59.888,21313,21315,21315,2,2
2024-05-20 16:14:01.828,21315,21317,21315,2,-2
2024-05-20 16:14:11.131,21316,21318,21316,1,-1
2024-05-20 16:14:12.780,21316,21318,21316,2,-2
2024-05-20 16:14:15.961,21316,21318,21316,1,-1
2024-05-20 16:14:15.961,21316,21318,21315,1,-1
2024-05-20 16:14:21.106,21315,21318,21315,2,-2
2024-05-20 16:14:24.274,21315,21318,21316,1,-1
2024-05-20 16:14:26.932,21315,21317,21317,1,1
2024-05-20 16:14:26.932,21315,21317,21318,1,1
2024-05-20 16:14:27.145,21316,21318,21316,1,-1
2024-05-20 16:15:34.889,21315,21316,21315,1,-1
2024-05-20 16:15:35.206,21315,21316,21315,1,-1
2024-05-20 16:15:35.216,21315,21316,21315,3,-3
2024-05-20 16:15:35.216,21315,21316,21314,5,-5
2024-05-20 16:15:35.218,21315,21316,21314,1,-1
2024-05-20 16:15:35.227,21315,21316,21313,1,-1
2024-05-20 16:15:35.235,21315,21316,21313,1,-1
2024-05-20 16:15:35.259,21315,21316,21313,1,-1
2024-05-20 16:15:35.306,21313,21315,21313,4,-4
2024-05-20 16:15:35.306,21313,21315,21312,6,-6
2024-05-20 16:15:35.339,21313,21315,21312,1,-1
2024-05-20 16:15:35.343,21313,21315,21312,1,-1
2024-05-20 16:15:35.348,21313,21315,21312,1,-1
2024-05-20 16:15:35.348,21313,21315,21312,1,-1
2024-05-20 16:15:35.348,21313,21315,21312,1,-1
2024-05-20 16:15:35.348,21313,21315,21311,5,-5
2024-05-20 16:15:35.361,21313,21315,21311,1,-1
2024-05-20 16:15:35.372,21313,21315,21311,1,-1
2024-05-20 16:15:35.372,21313,21315,21311,2,-2
2024-05-20 16:15:35.447,21310,21312,21310,2,-2
2024-05-20 16:15:35.453,21310,21312,21310,1,-1
2024-05-20 16:15:35.489,21310,21312,21311,1,-1
2024-05-20 16:15:35.522,21311,21313,21311,1,-1
2024-05-20 16:15:35.537,21311,21313,21311,4,-4
2024-05-20 16:15:35.537,21311,21313,21310,4,-4
2024-05-20 16:15:43.948,21312,21314,21312,1,-1
2024-05-20 16:15:43.948,21312,21314,21311,1,-1
2024-05-20 16:15:47.521,21311,21313,21313,1,1
2024-05-20 16:15:54.291,21310,21312,21312,1,1
2024-05-20 16:15:59.063,21311,21313,21312,1,1
2024-05-20 16:16:00.208,21311,21312,21311,1,-1
2024-05-20 16:16:00.268,21311,21312,21312,1,1
2024-05-20 16:16:00.268,21311,21312,21312,1,1
2024-05-20 16:16:00.269,21311,21312,21312,4,4
2024-05-20 16:16:00.278,21311,21312,21313,1,1
2024-05-20 16:16:00.278,21311,21312,21313,1,1
2024-05-20 16:16:06.066,21312,21314,21312,1,-1
2024-05-20 16:16:06.142,21312,21314,21314,1,1
2024-05-20 16:16:06.143,21312,21314,21314,1,1
2024-05-20 16:16:20.696,21314,21316,21316,1,1
2024-05-20 16:16:20.766,21314,21316,21316,1,1
2024-05-20 16:16:20.767,21314,21316,21316,1,1
2024-05-20 16:16:20.767,21314,21316,21316,2,2
2024-05-20 16:16:20.767,21314,21316,21316,1,1
2024-05-20 16:16:25.543,21315,21316,21315,1,-1
2024-05-20 16:16:25.642,21314,21316,21316,1,1
2024-05-20 16:16:25.642,21314,21316,21316,1,1
2024-05-20 16:16:32.410,21314,21316,21316,1,1
2024-05-20 16:16:58.077,21316,21317,21317,2,2
2024-05-20 16:16:58.141,21316,21317,21317,1,1
2024-05-20 16:16:58.141,21316,21317,21317,1,1
2024-05-20 16:16:58.142,21316,21317,21317,1,1
2024-05-20 16:16:58.142,21316,21317,21318,1,1
2024-05-20 16:16:58.144,21316,21317,21318,1,1
2024-05-20 16:16:58.145,21316,21317,21318,5,5
2024-05-20 16:16:58.146,21316,21317,21320,1,1
2024-05-20 16:17:21.054,21318,21319,21319,1,1
2024-05-20 16:17:21.142,21318,21319,21319,1,1
2024-05-20 16:17:23.851,21318,21320,21320,1,1
2024-05-20 16:17:26.030,21318,21320,21320,1,1
2024-05-20 16:17:36.175,21318,21320,21320,1,1
2024-05-20 16:17:41.142,21318,21320,21320,6,6
2024-05-20 16:17:41.145,21318,21320,21321,1,1
2024-05-20 16:17:41.166,21318,21320,21321,1,1
2024-05-20 16:17:56.193,21320,21321,21321,1,1
2024-05-20 16:17:57.925,21321,21322,21321,5,-5
2024-05-20 16:17:57.925,21321,21322,21320,15,-15
2024-05-20 16:18:03.199,21319,21321,21321,10,10
2024-05-20 16:18:17.578,21320,21321,21321,1,1
2024-05-20 16:18:20.772,21320,21321,21320,1,-1
2024-05-20 16:18:24.412,21320,21321,21320,1,-1
2024-05-20 16:18:38.770,21320,21321,21320,9,-9
2024-05-20 16:18:43.473,21319,21320,21320,1,1
2024-05-20 16:18:44.043,21319,21320,21320,9,9
2024-05-20 16:18:44.059,21319,21320,21319,2,-2
2024-05-20 16:18:48.046,21319,21320,21319,1,-1
2024-05-20 16:18:48.046,21319,21320,21318,1,-1
2024-05-20 16:18:52.092,21318,21320,21318,2,-2
2024-05-20 16:18:55.820,21318,21319,21318,2,-2
2024-05-20 16:19:00.269,21318,21319,21318,1,-1
2024-05-20 16:19:01.834,21317,21319,21317,2,-2
2024-05-20 16:19:03.645,21316,21319,21316,2,-2
2024-05-20 16:19:10.057,21316,21318,21316,2,-2
2024-05-20 16:19:16.044,21316,21317,21316,1,-1
2024-05-20 16:19:21.513,21316,21317,21316,1,-1
2024-05-20 16:19:23.214,21316,21317,21316,1,-1
2024-05-20 16:19:24.318,21315,21316,21315,2,-2
2024-05-20 16:19:24.787,21314,21316,21316,1,1
2024-05-20 16:19:30.329,21315,21316,21315,1,-1
2024-05-20 16:19:30.531,21314,21316,21314,1,-1
2024-05-20 16:19:57.344,21316,21317,21317,1,1
2024-05-20 16:19:57.964,21317,21318,21317,1,-1
2024-05-20 16:20:01.140,21317,21318,21317,1,-1
2024-05-20 16:20:01.781,21316,21318,21318,1,1
2024-05-20 16:20:03.855,21316,21318,21316,1,-1
2024-05-20 16:20:23.956,21314,21316,21315,1,-1
2024-05-20 16:20:56.356,21315,21317,21317,1,1
2024-05-20 16:21:08.331,21316,21317,21317,1,1
2024-05-20 16:21:13.582,21317,21318,21317,1,-1
2024-05-20 16:21:17.839,21317,21318,21318,1,1
2024-05-20 16:21:22.289,21317,21318,21318,1,1
2024-05-20 16:21:34.245,21318,21320,21318,2,-2
2024-05-20 16:21:34.515,21317,21318,21317,1,-1
2024-05-20 16:21:34.733,21316,21318,21318,1,1
2024-05-20 16:22:03.302,21317,21318,21318,2,2
2024-05-20 16:22:13.626,21317,21320,21320,2,2
2024-05-20 16:22:13.865,21318,21320,21319,2,2
2024-05-20 16:22:15.002,21317,21319,21319,1,1
2024-05-20 16:22:17.323,21319,21320,21320,5,5
2024-05-20 16:22:17.693,21320,21321,21321,4,4
2024-05-20 16:22:24.513,21321,21322,21322,1,1
2024-05-20 16:22:24.954,21321,21322,21322,1,1
2024-05-20 16:22:29.155,21321,21322,21322,1,1
2024-05-20 16:22:32.098,21321,21322,21322,1,1
2024-05-20 16:22:35.130,21321,21322,21322,4,4
2024-05-20 16:22:35.130,21321,21322,21322,4,4
2024-05-20 16:22:35.130,21321,21322,21322,1,1
2024-05-20 16:22:35.130,21321,21322,21322,1,1
2024-05-20 16:22:35.130,21321,21322,21322,1,1
2024-05-20 16:22:35.230,21322,21323,21323,2,2
2024-05-20 16:22:35.231,21322,21323,21323,3,3
2024-05-20 16:22:35.231,21322,21323,21323,3,3
2024-05-20 16:22:35.324,21323,21324,21324,1,1
2024-05-20 16:22:35.421,21323,21324,21324,1,1
2024-05-20 16:22:35.421,21323,21324,21325,10,10
2024-05-20 16:22:35.431,21323,21324,21325,1,1
