2021-03-25 15:00:00.000,16030,16031,16031,75
2021-03-25 15:00:00.002,16031,16032,16032,2
2021-03-25 15:00:00.173,16031,16033,16033,1
2021-03-25 15:00:00.177,16031,16033,16034,1
2021-03-25 15:00:00.183,16031,16033,16035,1
2021-03-25 15:00:00.191,16031,16035,16035,1
2021-03-25 15:00:00.195,16031,16035,16036,1
2021-03-25 15:00:00.218,16031,16035,16036,1
2021-03-25 15:00:00.265,16031,16035,16037,1
2021-03-25 15:00:00.271,16031,16035,16038,1
2021-03-25 15:00:00.302,16031,16035,16037,1
2021-03-25 15:00:00.306,16031,16035,16038,1
2021-03-25 15:00:00.329,16032,16038,16038,1
2021-03-25 15:00:00.361,16032,16038,16038,1
2021-03-25 15:00:00.414,16032,16038,16038,2
2021-03-25 15:00:00.444,16035,16039,16039,1
2021-03-25 15:00:00.656,16035,16039,16039,1
2021-03-25 15:00:00.662,16035,16039,16039,2
2021-03-25 15:00:00.719,16036,16040,16036,1
2021-03-25 15:00:00.801,16036,16040,16039,1
2021-03-25 15:00:00.887,16034,16040,16034,1
2021-03-25 15:00:00.887,16034,16040,16033,1
2021-03-25 15:00:00.887,16034,16040,16032,1
2021-03-25 15:00:00.887,16034,16040,16031,1
2021-03-25 15:00:00.891,16034,16040,16039,1
2021-03-25 15:00:00.891,16034,16040,16040,2
2021-03-25 15:00:01.140,16032,16038,16037,1
2021-03-25 15:00:01.141,16032,16038,16038,1
2021-03-25 15:00:01.141,16032,16038,16039,2
2021-03-25 15:00:01.375,16036,16040,16040,1
2021-03-25 15:00:01.486,16036,16041,16036,2
2021-03-25 15:00:01.628,16035,16040,16035,1
2021-03-25 15:00:01.709,16035,16040,16036,1
2021-03-25 15:00:01.722,16035,16040,16034,1
2021-03-25 15:00:01.722,16035,16040,16034,1
2021-03-25 15:00:02.003,16033,16040,16040,1
2021-03-25 15:00:02.351,16036,16039,16036,1
2021-03-25 15:00:02.398,16036,16039,16038,1
2021-03-25 15:00:02.412,16036,16039,16035,1
2021-03-25 15:00:02.415,16036,16039,16035,1
2021-03-25 15:00:02.501,16034,16039,16037,1
2021-03-25 15:00:02.839,16035,16038,16035,3
2021-03-25 15:00:02.839,16035,16038,16035,2
2021-03-25 15:00:03.028,16034,16038,16035,3
2021-03-25 15:00:03.084,16035,16038,16035,2
2021-03-25 15:00:03.359,16035,16037,16035,1
2021-03-25 15:00:03.359,16035,16037,16034,6
2021-03-25 15:00:03.559,16033,16037,16035,1
2021-03-25 15:00:04.201,16033,16036,16036,1
2021-03-25 15:00:04.465,16034,16037,16034,1
2021-03-25 15:00:04.814,16034,16035,16035,1
2021-03-25 15:00:05.789,16034,16036,16034,1
2021-03-25 15:00:06.205,16034,16036,16034,2
2021-03-25 15:00:06.205,16034,16036,16033,1
2021-03-25 15:00:06.492,16033,16036,16036,1
2021-03-25 15:00:06.936,16036,16038,16036,3
2021-03-25 15:00:06.954,16036,16038,16036,1
2021-03-25 15:00:07.052,16036,16038,16038,2
2021-03-25 15:00:07.427,16036,16038,16036,1
2021-03-25 15:00:07.564,16036,16038,16038,1
2021-03-25 15:00:07.657,16036,16038,16038,1
2021-03-25 15:00:08.234,16037,16039,16037,1
2021-03-25 15:00:08.234,16037,16039,16036,1
2021-03-25 15:00:10.584,16035,16037,16035,18
2021-03-25 15:00:12.026,16034,16035,16034,4
2021-03-25 15:00:12.853,16033,16035,16035,1
2021-03-25 15:00:12.939,16035,16036,16035,1
2021-03-25 15:00:14.936,16033,16035,16033,1
2021-03-25 15:00:16.680,16033,16035,16033,2
2021-03-25 15:00:16.746,16033,16035,16035,1
2021-03-25 15:00:16.770,16033,16035,16033,10
2021-03-25 15:00:16.774,16033,16035,16033,2
2021-03-25 15:00:17.705,16031,16034,16034,4
2021-03-25 15:00:18.189,16032,16033,16033,1
2021-03-25 15:00:18.314,16032,16033,16033,1
2021-03-25 15:00:18.459,16032,16034,16032,1
2021-03-25 15:00:18.867,16032,16034,16034,1
2021-03-25 15:00:18.939,16032,16033,16033,1
2021-03-25 15:00:19.340,16032,16034,16032,1
2021-03-25 15:00:19.842,16032,16034,16034,1
2021-03-25 15:00:19.854,16032,16034,16034,1
2021-03-25 15:00:21.947,16032,16033,16033,1
2021-03-25 15:00:22.245,16032,16033,16032,1
2021-03-25 15:00:22.439,16032,16033,16033,4
2021-03-25 15:00:23.612,16033,16034,16033,1
2021-03-25 15:00:26.420,16032,16034,16034,2
2021-03-25 15:00:26.991,16032,16034,16032,1
2021-03-25 15:00:27.678,16032,16034,16032,5
2021-03-25 15:00:27.678,16032,16034,16032,5
2021-03-25 15:00:30.814,16032,16033,16033,1
2021-03-25 15:00:31.591,16032,16033,16032,1
2021-03-25 15:00:32.765,16032,16033,16032,6
2021-03-25 15:00:39.994,16032,16033,16033,1
2021-03-25 15:00:40.791,16032,16034,16032,1
2021-03-25 15:00:43.045,16032,16033,16033,1
2021-03-25 15:00:45.652,16032,16034,16032,1
2021-03-25 15:00:45.652,16032,16034,16032,1
2021-03-25 15:00:45.652,16032,16034,16032,3
2021-03-25 15:00:45.670,16032,16034,16032,1
2021-03-25 15:00:46.863,16032,16033,16032,1
2021-03-25 15:00:48.609,16032,16034,16034,1
2021-03-25 15:00:49.366,16032,16034,16032,1
2021-03-25 15:00:50.891,16032,16033,16032,1
2021-03-25 15:00:53.710,16031,16033,16031,4
2021-03-25 15:00:53.776,16031,16033,16031,1
2021-03-25 15:00:53.948,16031,16032,16031,3
2021-03-25 15:00:55.823,16031,16032,16032,1
2021-03-25 15:00:57.672,16031,16032,16032,1
2021-03-25 15:00:57.689,16031,16032,16032,1
2021-03-25 15:00:57.743,16031,16032,16032,3
2021-03-25 15:00:58.714,16031,16032,16032,1
2021-03-25 15:00:58.828,16032,16033,16032,1
2021-03-25 15:01:00.339,16031,16032,16031,1
2021-03-25 15:01:00.415,16031,16032,16031,1
2021-03-25 15:01:00.558,16031,16032,16031,2
2021-03-25 15:01:00.558,16031,16032,16031,1
2021-03-25 15:01:00.577,16030,16031,16030,14
2021-03-25 15:01:00.578,16030,16031,16028,8
2021-03-25 15:01:00.579,16030,16031,16027,6
2021-03-25 15:01:00.580,16030,16031,16026,1
2021-03-25 15:01:00.594,16030,16031,16026,1
2021-03-25 15:01:00.595,16030,16031,16026,1
2021-03-25 15:01:00.620,16030,16031,16026,1
2021-03-25 15:01:00.687,16030,16031,16026,1
2021-03-25 15:01:00.687,16030,16031,16025,2
2021-03-25 15:01:00.712,16025,16027,16025,1
2021-03-25 15:01:00.766,16025,16027,16025,2
2021-03-25 15:01:01.007,16025,16026,16025,5
2021-03-25 15:01:01.063,16025,16026,16025,4
2021-03-25 15:01:01.069,16025,16026,16024,1
2021-03-25 15:01:01.272,16024,16026,16026,1
2021-03-25 15:01:01.301,16024,16026,16026,2
2021-03-25 15:01:01.408,16025,16027,16027,1
2021-03-25 15:01:01.408,16025,16027,16027,1
2021-03-25 15:01:01.409,16025,16027,16028,1
2021-03-25 15:01:01.409,16025,16027,16029,2
2021-03-25 15:01:01.409,16025,16027,16029,1
2021-03-25 15:01:01.410,16025,16027,16030,2
2021-03-25 15:01:01.415,16025,16027,16030,1
2021-03-25 15:01:01.418,16025,16027,16030,1
2021-03-25 15:01:01.428,16025,16027,16030,1
2021-03-25 15:01:01.429,16025,16027,16030,1
2021-03-25 15:01:01.435,16025,16027,16031,2
2021-03-25 15:01:01.613,16029,16030,16030,1
2021-03-25 15:01:01.613,16029,16030,16030,1
2021-03-25 15:01:01.683,16029,16030,16030,1
2021-03-25 15:01:01.683,16029,16030,16030,1
2021-03-25 15:01:01.684,16029,16030,16030,1
2021-03-25 15:01:01.914,16029,16031,16029,1
2021-03-25 15:01:02.103,16029,16030,16029,1
2021-03-25 15:01:02.104,16029,16030,16030,1
2021-03-25 15:01:03.204,16028,16030,16028,1
2021-03-25 15:01:05.183,16027,16030,16027,1
2021-03-25 15:01:05.492,16026,16029,16026,1
2021-03-25 15:01:05.891,16026,16029,16026,1
2021-03-25 15:01:07.697,16027,16028,16027,1
2021-03-25 15:01:09.824,16026,16028,16026,1
2021-03-25 15:01:09.941,16025,16028,16025,1
2021-03-25 15:01:10.501,16027,16028,16027,1
2021-03-25 15:01:10.564,16026,16028,16026,1
2021-03-25 15:01:11.415,16026,16028,16026,1
2021-03-25 15:01:15.511,16025,16028,16025,1
2021-03-25 15:01:16.781,16026,16028,16026,1
2021-03-25 15:01:18.288,16026,16027,16026,1
2021-03-25 15:01:19.557,16026,16027,16026,1
2021-03-25 15:01:20.522,16026,16027,16026,1
2021-03-25 15:01:22.447,16026,16027,16026,1
2021-03-25 15:01:22.874,16026,16027,16027,1
2021-03-25 15:01:24.912,16026,16027,16026,1
2021-03-25 15:01:24.939,16026,16027,16026,1
2021-03-25 15:01:25.483,16026,16027,16026,1
2021-03-25 15:01:27.761,16026,16027,16026,3
2021-03-25 15:01:28.002,16026,16027,16026,1
2021-03-25 15:01:28.002,16026,16027,16026,1
2021-03-25 15:01:28.065,16025,16027,16025,1
2021-03-25 15:01:28.433,16025,16027,16026,1
2021-03-25 15:01:30.528,16025,16026,16025,1
2021-03-25 15:01:30.564,16025,16026,16025,1
2021-03-25 15:01:32.537,16025,16026,16026,1
2021-03-25 15:01:33.144,16025,16026,16026,1
2021-03-25 15:01:35.230,16025,16027,16025,6
2021-03-25 15:01:35.478,16024,16027,16024,1
2021-03-25 15:01:35.512,16024,16027,16024,1
2021-03-25 15:01:35.564,16024,16027,16024,1
2021-03-25 15:01:39.315,16025,16026,16025,1
2021-03-25 15:01:39.354,16025,16026,16026,1
2021-03-25 15:01:39.355,16025,16026,16026,1
2021-03-25 15:01:39.355,16025,16026,16026,1
2021-03-25 15:01:39.687,16025,16027,16025,1
2021-03-25 15:01:40.519,16025,16027,16025,1
2021-03-25 15:01:40.767,16025,16027,16025,1
2021-03-25 15:01:42.290,16025,16027,16025,3
2021-03-25 15:01:42.290,16025,16027,16024,2
2021-03-25 15:01:42.314,16024,16027,16024,1
2021-03-25 15:01:45.525,16025,16027,16025,1
2021-03-25 15:01:47.575,16025,16027,16025,1
2021-03-25 15:01:50.510,16026,16027,16026,1
2021-03-25 15:01:50.565,16025,16027,16025,1
2021-03-25 15:01:50.566,16025,16027,16025,1
2021-03-25 15:01:50.566,16025,16027,16025,1
2021-03-25 15:01:50.566,16025,16027,16025,1
2021-03-25 15:01:55.514,16025,16027,16025,1
2021-03-25 15:02:00.509,16026,16027,16026,1
2021-03-25 15:02:00.565,16026,16027,16026,1
2021-03-25 15:02:00.608,16026,16027,16027,2
2021-03-25 15:02:02.134,16025,16027,16026,1
2021-03-25 15:02:03.080,16025,16027,16027,1
2021-03-25 15:02:03.297,16025,16027,16027,1
2021-03-25 15:02:05.120,16025,16027,16026,2
2021-03-25 15:02:05.331,16026,16027,16027,1
2021-03-25 15:02:05.331,16026,16027,16028,1
2021-03-25 15:02:05.439,16026,16028,16028,1
2021-03-25 15:02:05.483,16026,16028,16026,1
2021-03-25 15:02:05.987,16026,16028,16027,1
2021-03-25 15:02:07.762,16027,16028,16027,1
2021-03-25 15:02:09.954,16026,16027,16027,1
2021-03-25 15:02:10.515,16026,16028,16026,1
2021-03-25 15:02:13.032,16026,16028,16027,1
2021-03-25 15:02:18.277,16026,16027,16027,1
2021-03-25 15:02:18.819,16026,16027,16027,1
2021-03-25 15:02:18.819,16026,16027,16027,1
2021-03-25 15:02:18.819,16026,16027,16027,1
2021-03-25 15:02:18.819,16026,16027,16027,1
2021-03-25 15:02:18.819,16026,16027,16027,1
2021-03-25 15:02:18.820,16026,16027,16027,1
2021-03-25 15:02:19.372,16027,16028,16028,4
2021-03-25 15:02:19.439,16027,16029,16029,1
2021-03-25 15:02:19.440,16027,16029,16027,1
2021-03-25 15:02:20.912,16028,16030,16028,1
2021-03-25 15:02:24.782,16028,16030,16028,1
2021-03-25 15:02:25.443,16028,16030,16029,1
2021-03-25 15:02:26.555,16029,16031,16031,4
2021-03-25 15:02:27.413,16030,16032,16032,4
2021-03-25 15:02:27.439,16030,16032,16032,1
2021-03-25 15:02:28.104,16030,16032,16032,3
2021-03-25 15:02:28.104,16030,16032,16033,1
2021-03-25 15:02:28.757,16030,16032,16032,1
2021-03-25 15:02:28.757,16030,16032,16033,3
2021-03-25 15:02:35.033,16032,16033,16032,1
2021-03-25 15:02:35.064,16031,16032,16032,1
2021-03-25 15:02:35.684,16031,16033,16033,1
2021-03-25 15:02:37.633,16031,16033,16033,1
2021-03-25 15:02:41.957,16032,16033,16033,1
2021-03-25 15:02:42.066,16032,16033,16032,1
2021-03-25 15:02:42.067,16032,16033,16031,1
2021-03-25 15:02:42.067,16032,16033,16031,1
2021-03-25 15:02:42.067,16032,16033,16031,1
2021-03-25 15:02:42.067,16032,16033,16031,1
2021-03-25 15:02:42.068,16032,16033,16030,1
2021-03-25 15:02:42.068,16032,16033,16030,1
2021-03-25 15:02:42.068,16032,16033,16030,1
2021-03-25 15:02:42.070,16032,16033,16030,1
2021-03-25 15:02:42.070,16032,16033,16030,1
2021-03-25 15:02:42.689,16030,16032,16032,1
2021-03-25 15:02:46.055,16031,16032,16032,2
2021-03-25 15:02:47.811,16031,16033,16032,1
2021-03-25 15:02:50.083,16032,16033,16033,1
2021-03-25 15:02:50.083,16032,16033,16033,6
2021-03-25 15:02:50.189,16033,16034,16034,1
2021-03-25 15:02:52.622,16033,16034,16033,1
2021-03-25 15:02:55.842,16033,16034,16033,3
2021-03-25 15:02:55.845,16033,16034,16033,2
2021-03-25 15:02:57.153,16033,16034,16034,3
2021-03-25 15:02:57.154,16033,16034,16034,8
2021-03-25 15:02:58.442,16034,16035,16035,2
2021-03-25 15:02:58.443,16034,16035,16035,5
2021-03-25 15:02:58.608,16035,16036,16036,2
2021-03-25 15:02:58.910,16034,16036,16034,6
2021-03-25 15:02:58.911,16034,16036,16034,6
2021-03-25 15:03:00.061,16035,16036,16036,9
2021-03-25 15:03:00.062,16035,16036,16036,1
2021-03-25 15:03:00.067,16035,16037,16037,1
2021-03-25 15:03:00.067,16035,16037,16037,1
2021-03-25 15:03:00.068,16035,16037,16037,1
2021-03-25 15:03:00.085,16035,16037,16038,1
2021-03-25 15:03:00.302,16037,16038,16037,1
2021-03-25 15:03:00.324,16037,16038,16038,3
2021-03-25 15:03:00.539,16037,16038,16038,1
2021-03-25 15:03:00.539,16037,16038,16038,1
2021-03-25 15:03:00.540,16037,16038,16038,1
2021-03-25 15:03:00.546,16037,16038,16038,2
2021-03-25 15:03:00.578,16038,16039,16039,1
2021-03-25 15:03:00.861,16038,16039,16038,1
2021-03-25 15:03:00.875,16038,16039,16038,2
2021-03-25 15:03:00.881,16038,16039,16038,1
2021-03-25 15:03:02.224,16037,16038,16038,1
2021-03-25 15:03:02.316,16037,16039,16039,1
2021-03-25 15:03:02.316,16037,16039,16039,1
2021-03-25 15:03:02.317,16037,16039,16039,1
2021-03-25 15:03:02.317,16037,16039,16039,1
2021-03-25 15:03:02.317,16037,16039,16039,3
2021-03-25 15:03:02.318,16037,16039,16040,1
2021-03-25 15:03:02.318,16037,16039,16040,1
2021-03-25 15:03:02.318,16037,16039,16040,1
2021-03-25 15:03:02.318,16037,16039,16040,1
2021-03-25 15:03:02.319,16037,16039,16040,1
2021-03-25 15:03:02.320,16037,16039,16040,1
2021-03-25 15:03:02.320,16037,16039,16040,1
2021-03-25 15:03:02.368,16037,16039,16040,1
2021-03-25 15:03:02.538,16039,16041,16039,1
2021-03-25 15:03:02.594,16039,16041,16039,2
2021-03-25 15:03:02.611,16039,16041,16039,1
2021-03-25 15:03:02.816,16039,16040,16039,1
2021-03-25 15:03:02.868,16039,16040,16039,1
2021-03-25 15:03:03.096,16037,16040,16037,1
2021-03-25 15:03:03.409,16037,16040,16037,1
2021-03-25 15:03:04.904,16038,16040,16040,12
2021-03-25 15:03:04.907,16038,16040,16041,1
2021-03-25 15:03:04.907,16038,16040,16041,1
2021-03-25 15:03:05.234,16041,16042,16041,2
2021-03-25 15:03:05.234,16041,16042,16041,2
2021-03-25 15:03:05.239,16041,16042,16041,1
2021-03-25 15:03:05.239,16041,16042,16040,1
2021-03-25 15:03:07.604,16040,16042,16042,1
2021-03-25 15:03:07.893,16040,16042,16042,5
2021-03-25 15:03:07.894,16040,16042,16042,2
2021-03-25 15:03:07.894,16040,16042,16042,1
2021-03-25 15:03:07.895,16040,16042,16042,2
2021-03-25 15:03:08.069,16042,16043,16042,1
2021-03-25 15:03:08.190,16042,16043,16043,1
2021-03-25 15:03:08.190,16042,16043,16043,1
2021-03-25 15:03:08.191,16042,16043,16043,1
2021-03-25 15:03:08.191,16042,16043,16043,1
2021-03-25 15:03:08.191,16042,16043,16043,1
2021-03-25 15:03:08.487,16042,16043,16042,6
2021-03-25 15:03:08.576,16041,16042,16042,1
2021-03-25 15:03:08.931,16041,16042,16041,1
2021-03-25 15:03:09.261,16041,16042,16042,1
2021-03-25 15:03:10.217,16042,16043,16042,1
2021-03-25 15:03:10.510,16042,16043,16043,1
2021-03-25 15:03:11.148,16042,16043,16042,2
2021-03-25 15:03:11.148,16042,16043,16042,1
2021-03-25 15:03:11.149,16042,16043,16042,3
2021-03-25 15:03:11.149,16042,16043,16043,5
2021-03-25 15:03:11.149,16042,16043,16043,1
2021-03-25 15:03:11.149,16042,16043,16043,1
2021-03-25 15:03:11.149,16042,16043,16043,1
2021-03-25 15:03:11.857,16042,16043,16042,1
2021-03-25 15:03:12.224,16041,16043,16043,2
2021-03-25 15:03:12.643,16041,16043,16041,1
2021-03-25 15:03:13.242,16042,16043,16043,2
2021-03-25 15:03:13.243,16042,16043,16041,2
2021-03-25 15:03:13.422,16041,16042,16042,2
2021-03-25 15:03:13.422,16041,16042,16043,3
2021-03-25 15:03:13.683,16041,16043,16041,1
2021-03-25 15:03:14.103,16041,16043,16043,1
2021-03-25 15:03:14.212,16041,16043,16041,1
2021-03-25 15:03:14.770,16041,16042,16042,2
2021-03-25 15:03:17.212,16042,16043,16043,1
2021-03-25 15:03:18.127,16043,16044,16043,1
2021-03-25 15:03:18.190,16042,16043,16043,1
2021-03-25 15:03:18.350,16042,16043,16043,3
2021-03-25 15:03:18.663,16043,16044,16043,1
2021-03-25 15:03:19.270,16043,16044,16044,8
2021-03-25 15:03:19.270,16043,16044,16044,2
2021-03-25 15:03:19.414,16043,16045,16045,1
2021-03-25 15:03:19.420,16043,16045,16045,1
2021-03-25 15:03:19.454,16043,16045,16045,1
2021-03-25 15:03:19.454,16043,16045,16045,1
2021-03-25 15:03:19.495,16043,16045,16043,1
2021-03-25 15:03:19.934,16043,16045,16045,1
2021-03-25 15:03:19.955,16043,16045,16043,1
2021-03-25 15:03:20.072,16043,16045,16043,3
2021-03-25 15:03:20.986,16043,16045,16045,1
2021-03-25 15:03:21.154,16043,16045,16045,7
2021-03-25 15:03:21.155,16043,16045,16045,2
2021-03-25 15:03:21.155,16043,16045,16045,3
2021-03-25 15:03:22.134,16044,16045,16044,1
2021-03-25 15:03:22.268,16043,16044,16043,1
2021-03-25 15:03:22.437,16043,16044,16044,1
2021-03-25 15:03:23.167,16043,16044,16044,1
2021-03-25 15:03:23.228,16043,16044,16044,2
2021-03-25 15:03:24.588,16043,16044,16044,1
2021-03-25 15:03:24.952,16043,16045,16045,2
2021-03-25 15:03:26.248,16043,16044,16044,1
2021-03-25 15:03:27.078,16043,16045,16044,1
2021-03-25 15:03:27.190,16043,16045,16045,1
2021-03-25 15:03:27.190,16043,16045,16045,1
2021-03-25 15:03:29.069,16043,16044,16044,1
2021-03-25 15:03:29.149,16043,16044,16043,10
2021-03-25 15:03:29.285,16042,16043,16043,1
2021-03-25 15:03:29.285,16042,16043,16043,1
2021-03-25 15:03:29.870,16042,16043,16043,1
2021-03-25 15:03:30.319,16042,16043,16043,1
2021-03-25 15:03:30.709,16042,16044,16044,1
2021-03-25 15:03:33.298,16042,16043,16042,1
2021-03-25 15:03:33.299,16042,16043,16042,1
2021-03-25 15:03:33.299,16042,16043,16042,1
2021-03-25 15:03:33.300,16042,16043,16042,1
2021-03-25 15:03:33.300,16042,16043,16042,1
2021-03-25 15:03:33.300,16042,16043,16042,1
2021-03-25 15:03:35.936,16041,16043,16041,2
2021-03-25 15:03:35.936,16041,16043,16040,2
2021-03-25 15:03:41.315,16040,16041,16040,1
2021-03-25 15:03:41.374,16040,16041,16041,2
2021-03-25 15:03:42.003,16041,16042,16042,1
2021-03-25 15:03:42.885,16041,16042,16042,1
2021-03-25 15:03:42.885,16041,16042,16043,4
2021-03-25 15:03:42.885,16041,16042,16044,8
2021-03-25 15:03:42.885,16041,16042,16045,7
2021-03-25 15:03:47.144,16042,16044,16044,1
2021-03-25 15:03:49.265,16042,16044,16043,1
2021-03-25 15:03:50.795,16043,16044,16043,1
2021-03-25 15:03:50.795,16043,16044,16042,4
2021-03-25 15:03:52.968,16041,16043,16043,1
2021-03-25 15:03:53.316,16041,16043,16041,4
2021-03-25 15:03:53.316,16041,16043,16040,6
2021-03-25 15:03:55.117,16040,16041,16040,1
2021-03-25 15:03:57.695,16041,16042,16041,1
2021-03-25 15:04:01.926,16040,16041,16040,1
2021-03-25 15:04:05.857,16039,16040,16040,2
2021-03-25 15:04:06.551,16039,16040,16040,2
2021-03-25 15:04:06.991,16039,16040,16040,1
2021-03-25 15:04:08.674,16039,16040,16040,1
2021-03-25 15:04:09.981,16039,16040,16040,4
2021-03-25 15:04:09.981,16039,16040,16041,1
2021-03-25 15:04:11.989,16040,16041,16040,1
2021-03-25 15:04:14.105,16040,16041,16041,2
2021-03-25 15:04:14.106,16040,16041,16041,1
2021-03-25 15:04:15.438,16041,16042,16042,1
2021-03-25 15:04:16.110,16041,16042,16042,1
2021-03-25 15:04:16.110,16041,16042,16042,1
2021-03-25 15:04:16.776,16042,16043,16042,1
2021-03-25 15:04:22.108,16041,16042,16041,1
2021-03-25 15:04:22.108,16041,16042,16040,2
2021-03-25 15:04:25.576,16040,16042,16042,2
2021-03-25 15:04:25.580,16040,16042,16042,1
2021-03-25 15:04:27.457,16041,16042,16042,1
2021-03-25 15:04:27.507,16041,16042,16042,1
2021-03-25 15:04:27.935,16041,16043,16042,1
2021-03-25 15:04:29.546,16042,16043,16043,1
2021-03-25 15:04:29.546,16042,16043,16043,3
2021-03-25 15:04:29.549,16042,16043,16043,10
2021-03-25 15:04:29.618,16043,16044,16044,1
2021-03-25 15:04:29.618,16043,16044,16044,1
2021-03-25 15:04:29.618,16043,16044,16044,1
2021-03-25 15:04:29.618,16043,16044,16044,1
2021-03-25 15:04:29.618,16043,16044,16044,1
2021-03-25 15:04:29.618,16043,16044,16044,3
2021-03-25 15:04:30.485,16044,16045,16044,2
2021-03-25 15:04:30.874,16043,16045,16043,5
2021-03-25 15:04:31.338,16042,16044,16042,2
2021-03-25 15:04:32.078,16042,16044,16043,1
2021-03-25 15:04:34.728,16043,16044,16043,1
2021-03-25 15:04:35.684,16042,16043,16042,2
2021-03-25 15:04:40.048,16042,16043,16042,1
2021-03-25 15:04:42.324,16042,16043,16042,1
2021-03-25 15:04:44.161,16041,16042,16042,1
2021-03-25 15:04:50.645,16041,16042,16042,2
2021-03-25 15:04:53.601,16041,16043,16041,5
2021-03-25 15:04:57.031,16040,16041,16040,1
2021-03-25 15:04:57.031,16040,16041,16040,1
2021-03-25 15:04:57.031,16040,16041,16040,1
2021-03-25 15:04:57.031,16040,16041,16040,2
2021-03-25 15:05:00.120,16040,16042,16042,1
2021-03-25 15:05:07.010,16040,16041,16041,1
2021-03-25 15:05:07.103,16041,16042,16042,1
2021-03-25 15:05:07.103,16041,16042,16042,3
2021-03-25 15:05:07.494,16042,16043,16043,5
2021-03-25 15:05:07.495,16042,16043,16043,1
2021-03-25 15:05:07.495,16042,16043,16043,1
2021-03-25 15:05:07.495,16042,16043,16043,1
2021-03-25 15:05:07.495,16042,16043,16043,1
2021-03-25 15:05:07.495,16042,16043,16043,1
2021-03-25 15:05:07.527,16042,16043,16044,1
2021-03-25 15:05:07.758,16042,16044,16044,1
2021-03-25 15:05:12.434,16043,16044,16044,1
2021-03-25 15:05:12.563,16044,16045,16044,1
2021-03-25 15:05:17.698,16043,16045,16045,1
2021-03-25 15:05:18.786,16044,16045,16044,2
2021-03-25 15:05:19.198,16044,16045,16045,2
2021-03-25 15:05:19.210,16044,16045,16045,14
2021-03-25 15:05:19.755,16045,16046,16046,2
2021-03-25 15:05:19.854,16045,16046,16046,1
2021-03-25 15:05:20.310,16044,16046,16046,1
2021-03-25 15:05:21.863,16045,16046,16045,1
2021-03-25 15:05:24.919,16045,16046,16046,1
2021-03-25 15:05:27.386,16045,16046,16046,1
2021-03-25 15:05:27.977,16045,16046,16046,1
2021-03-25 15:05:28.492,16045,16046,16046,3
2021-03-25 15:05:28.565,16046,16047,16047,1
2021-03-25 15:05:28.566,16046,16047,16047,1
2021-03-25 15:05:28.567,16046,16047,16047,1
2021-03-25 15:05:28.856,16046,16047,16047,1
2021-03-25 15:05:29.148,16045,16047,16046,1
2021-03-25 15:05:29.257,16045,16047,16047,1
2021-03-25 15:05:29.363,16045,16047,16045,1
2021-03-25 15:05:29.637,16045,16047,16045,1
2021-03-25 15:05:31.079,16045,16046,16045,2
2021-03-25 15:05:31.079,16045,16046,16045,1
2021-03-25 15:05:31.080,16045,16046,16045,3
2021-03-25 15:05:31.080,16045,16046,16045,1
2021-03-25 15:05:31.080,16045,16046,16045,1
2021-03-25 15:05:31.080,16045,16046,16045,1
2021-03-25 15:05:31.080,16045,16046,16045,1
2021-03-25 15:05:31.080,16045,16046,16045,1
2021-03-25 15:05:31.575,16045,16046,16046,2
2021-03-25 15:05:32.423,16045,16046,16046,1
2021-03-25 15:05:33.926,16045,16046,16045,1
2021-03-25 15:05:34.109,16044,16046,16046,1
2021-03-25 15:05:37.608,16045,16046,16045,1
2021-03-25 15:05:40.648,16045,16046,16046,1
2021-03-25 15:05:40.690,16045,16046,16046,1
2021-03-25 15:05:41.246,16046,16047,16046,1
2021-03-25 15:05:41.247,16046,16047,16046,1
2021-03-25 15:05:42.342,16046,16047,16046,1
2021-03-25 15:05:45.748,16046,16047,16047,1
2021-03-25 15:05:45.998,16046,16047,16047,1
2021-03-25 15:05:47.357,16046,16047,16047,3
2021-03-25 15:05:47.427,16046,16047,16047,3
2021-03-25 15:05:47.427,16046,16047,16047,2
2021-03-25 15:05:47.499,16047,16048,16048,3
2021-03-25 15:05:49.761,16047,16048,16048,3
2021-03-25 15:05:49.984,16047,16048,16048,1
2021-03-25 15:05:50.145,16047,16048,16047,2
2021-03-25 15:05:50.807,16046,16047,16047,1
2021-03-25 15:05:52.747,16046,16047,16047,1
2021-03-25 15:05:53.031,16046,16047,16047,1
2021-03-25 15:05:53.765,16046,16047,16047,2
2021-03-25 15:05:54.691,16046,16047,16047,1
2021-03-25 15:05:54.691,16046,16047,16048,4
2021-03-25 15:05:56.850,16047,16048,16048,1
2021-03-25 15:05:57.523,16047,16048,16048,1
2021-03-25 15:06:00.033,16047,16048,16048,2
2021-03-25 15:06:00.067,16047,16048,16048,1
2021-03-25 15:06:00.067,16047,16048,16048,2
2021-03-25 15:06:00.068,16047,16048,16048,2
2021-03-25 15:06:00.383,16047,16048,16048,1
2021-03-25 15:06:00.436,16047,16048,16048,1
2021-03-25 15:06:00.446,16047,16049,16049,1
2021-03-25 15:06:00.710,16047,16049,16049,1
2021-03-25 15:06:00.736,16047,16049,16047,1
2021-03-25 15:06:01.678,16047,16049,16048,2
2021-03-25 15:06:03.637,16047,16049,16047,1
2021-03-25 15:06:05.014,16047,16048,16047,2
2021-03-25 15:06:06.944,16047,16048,16047,1
2021-03-25 15:06:07.629,16047,16048,16047,1
2021-03-25 15:06:07.690,16047,16048,16048,1
2021-03-25 15:06:07.691,16047,16048,16048,1
2021-03-25 15:06:08.046,16047,16048,16047,1
2021-03-25 15:06:08.929,16047,16048,16047,1
2021-03-25 15:06:17.444,16046,16047,16047,1
2021-03-25 15:06:18.542,16046,16047,16046,7
2021-03-25 15:06:18.565,16045,16046,16046,1
2021-03-25 15:06:18.565,16045,16046,16046,1
2021-03-25 15:06:18.565,16045,16046,16046,1
2021-03-25 15:06:18.565,16045,16046,16047,1
2021-03-25 15:06:18.565,16045,16046,16047,1
2021-03-25 15:06:18.566,16045,16046,16047,1
2021-03-25 15:06:18.566,16045,16046,16047,1
2021-03-25 15:06:18.566,16045,16046,16047,1
2021-03-25 15:06:18.567,16045,16046,16048,1
2021-03-25 15:06:18.567,16045,16046,16047,1
2021-03-25 15:06:18.567,16045,16046,16048,1
2021-03-25 15:06:18.567,16045,16046,16048,1
2021-03-25 15:06:18.567,16045,16046,16048,1
2021-03-25 15:06:18.567,16045,16046,16047,1
2021-03-25 15:06:18.774,16045,16047,16047,2
2021-03-25 15:06:21.083,16045,16047,16047,1
2021-03-25 15:06:32.068,16046,16047,16047,2
2021-03-25 15:06:34.405,16047,16048,16047,1
2021-03-25 15:06:34.835,16047,16048,16047,1
2021-03-25 15:06:35.677,16046,16048,16046,1
2021-03-25 15:06:35.786,16046,16048,16046,1
2021-03-25 15:06:37.971,16046,16047,16047,1
2021-03-25 15:06:38.307,16047,16048,16047,1
2021-03-25 15:06:38.315,16047,16048,16048,1
2021-03-25 15:06:38.316,16047,16048,16048,1
2021-03-25 15:06:40.064,16047,16049,16047,1
2021-03-25 15:06:42.542,16047,16049,16047,1
2021-03-25 15:06:42.542,16047,16049,16046,1
2021-03-25 15:06:45.863,16046,16047,16046,1
2021-03-25 15:06:46.074,16046,16047,16047,1
2021-03-25 15:06:47.302,16047,16048,16047,1
2021-03-25 15:06:49.843,16046,16048,16046,2
2021-03-25 15:06:55.587,16045,16047,16045,1
2021-03-25 15:06:56.274,16045,16047,16045,22
2021-03-25 15:06:56.274,16045,16047,16045,3
2021-03-25 15:06:59.381,16044,16045,16045,1
2021-03-25 15:06:59.441,16044,16045,16045,1
2021-03-25 15:07:03.857,16045,16046,16045,1
2021-03-25 15:07:09.986,16045,16046,16045,1
2021-03-25 15:07:09.987,16045,16046,16045,1
2021-03-25 15:07:09.987,16045,16046,16045,1
2021-03-25 15:07:09.987,16045,16046,16045,1
2021-03-25 15:07:10.564,16045,16046,16045,1
2021-03-25 15:07:19.876,16045,16046,16045,2
2021-03-25 15:07:19.963,16045,16046,16045,6
2021-03-25 15:07:23.429,16044,16045,16045,2
2021-03-25 15:07:23.457,16044,16045,16045,1
2021-03-25 15:07:24.064,16044,16045,16044,1
2021-03-25 15:07:28.089,16044,16045,16045,1
2021-03-25 15:07:33.155,16044,16045,16044,6
2021-03-25 15:07:33.155,16044,16045,16044,5
2021-03-25 15:07:33.189,16043,16044,16043,1
2021-03-25 15:07:33.741,16043,16044,16043,1
2021-03-25 15:07:33.741,16043,16044,16043,2
2021-03-25 15:07:34.260,16043,16044,16043,3
2021-03-25 15:07:41.565,16043,16044,16044,1
2021-03-25 15:07:43.023,16043,16044,16044,1
2021-03-25 15:07:47.001,16043,16044,16044,1
2021-03-25 15:07:47.382,16043,16045,16043,1
2021-03-25 15:07:47.439,16043,16045,16043,1
2021-03-25 15:07:50.953,16043,16044,16043,2
2021-03-25 15:07:50.953,16043,16044,16042,1
2021-03-25 15:07:53.139,16043,16044,16043,1
2021-03-25 15:07:55.297,16043,16044,16043,1
2021-03-25 15:07:57.880,16043,16044,16043,1
2021-03-25 15:07:58.384,16043,16044,16044,1
2021-03-25 15:07:58.400,16043,16044,16044,2
2021-03-25 15:07:59.700,16043,16045,16043,1
2021-03-25 15:08:01.973,16043,16044,16043,1
2021-03-25 15:08:02.064,16043,16044,16043,1
2021-03-25 15:08:03.692,16043,16044,16043,1
2021-03-25 15:08:06.751,16043,16044,16044,1
2021-03-25 15:08:12.182,16043,16044,16043,1
2021-03-25 15:08:12.794,16043,16044,16044,1
2021-03-25 15:08:12.803,16043,16044,16045,10
2021-03-25 15:08:12.804,16043,16044,16046,10
2021-03-25 15:08:19.064,16045,16047,16045,1
2021-03-25 15:08:22.575,16044,16046,16044,3
2021-03-25 15:08:29.364,16043,16044,16044,1
2021-03-25 15:08:29.365,16043,16044,16044,1
2021-03-25 15:08:30.120,16044,16045,16044,1
2021-03-25 15:08:32.317,16044,16045,16044,1
2021-03-25 15:08:36.389,16044,16045,16044,1
2021-03-25 15:08:39.449,16044,16045,16045,1
2021-03-25 15:08:43.194,16044,16045,16045,1
2021-03-25 15:08:46.305,16045,16046,16045,1
2021-03-25 15:08:46.439,16045,16046,16045,1
2021-03-25 15:08:50.387,16045,16046,16045,1
2021-03-25 15:08:58.691,16045,16046,16045,5
2021-03-25 15:08:58.691,16045,16046,16045,4
2021-03-25 15:08:58.693,16045,16046,16045,5
2021-03-25 15:08:58.814,16045,16046,16045,1
2021-03-25 15:09:02.994,16045,16046,16045,1
2021-03-25 15:09:05.925,16045,16046,16045,2
2021-03-25 15:09:09.376,16045,16046,16045,1
2021-03-25 15:09:11.996,16045,16046,16046,1
2021-03-25 15:09:11.996,16045,16046,16046,2
2021-03-25 15:09:11.999,16045,16046,16047,5
2021-03-25 15:09:12.564,16047,16048,16047,1
2021-03-25 15:09:13.781,16047,16048,16047,1
2021-03-25 15:09:15.878,16046,16048,16046,1
2021-03-25 15:09:21.782,16045,16047,16045,1
2021-03-25 15:09:21.883,16045,16047,16046,1
2021-03-25 15:09:22.304,16045,16047,16047,1
2021-03-25 15:09:25.409,16046,16047,16046,2
2021-03-25 15:09:27.749,16045,16046,16046,2
2021-03-25 15:09:27.749,16045,16046,16046,1
2021-03-25 15:09:27.749,16045,16046,16046,1
2021-03-25 15:09:27.749,16045,16046,16046,1
2021-03-25 15:09:27.749,16045,16046,16046,1
2021-03-25 15:09:27.749,16045,16046,16046,1
2021-03-25 15:09:27.749,16045,16046,16046,1
2021-03-25 15:09:29.455,16045,16046,16046,1
2021-03-25 15:09:31.743,16046,16047,16046,1
2021-03-25 15:09:31.743,16046,16047,16046,1
2021-03-25 15:09:31.780,16046,16047,16045,2
2021-03-25 15:09:31.811,16046,16047,16045,2
2021-03-25 15:09:35.477,16045,16046,16045,12
2021-03-25 15:09:35.477,16045,16046,16045,1
2021-03-25 15:09:35.477,16045,16046,16045,1
2021-03-25 15:09:35.477,16045,16046,16045,1
2021-03-25 15:09:35.477,16045,16046,16045,1
2021-03-25 15:09:35.477,16045,16046,16045,1
2021-03-25 15:09:35.478,16045,16046,16045,1
2021-03-25 15:09:35.478,16045,16046,16045,1
2021-03-25 15:09:35.478,16045,16046,16045,2
2021-03-25 15:09:35.478,16045,16046,16045,3
2021-03-25 15:09:37.847,16043,16045,16045,1
2021-03-25 15:09:39.314,16045,16046,16045,1
2021-03-25 15:09:39.826,16045,16046,16045,1
2021-03-25 15:09:42.704,16045,16046,16045,1
2021-03-25 15:09:46.341,16045,16046,16045,1
2021-03-25 15:09:47.067,16043,16045,16045,4
2021-03-25 15:09:47.209,16045,16046,16045,1
2021-03-25 15:09:50.652,16045,16046,16045,1
2021-03-25 15:09:50.652,16045,16046,16045,3
2021-03-25 15:09:50.652,16045,16046,16045,1
2021-03-25 15:09:54.843,16045,16046,16045,1
2021-03-25 15:09:55.450,16045,16046,16045,1
2021-03-25 15:09:59.941,16045,16046,16046,2
2021-03-25 15:09:59.941,16045,16046,16046,1
2021-03-25 15:10:06.025,16046,16047,16046,1
2021-03-25 15:10:06.069,16045,16047,16047,1
2021-03-25 15:10:06.297,16045,16047,16047,4
2021-03-25 15:10:06.297,16045,16047,16048,6
2021-03-25 15:10:06.378,16046,16048,16045,6
2021-03-25 15:10:06.419,16046,16048,16045,6
2021-03-25 15:10:06.544,16045,16046,16045,2
2021-03-25 15:10:06.544,16045,16046,16045,1
2021-03-25 15:10:06.680,16044,16045,16044,1
2021-03-25 15:10:06.680,16044,16045,16043,5
2021-03-25 15:10:06.787,16043,16045,16045,1
2021-03-25 15:10:06.889,16043,16045,16045,1
2021-03-25 15:10:14.070,16044,16045,16044,1
2021-03-25 15:10:21.811,16044,16045,16044,1
2021-03-25 15:10:21.812,16044,16045,16044,6
2021-03-25 15:10:21.814,16044,16045,16044,2
2021-03-25 15:10:33.011,16043,16044,16044,1
2021-03-25 15:10:33.065,16043,16045,16045,1
2021-03-25 15:10:33.066,16043,16045,16045,1
2021-03-25 15:10:34.532,16044,16045,16044,1
2021-03-25 15:10:34.565,16043,16045,16045,1
2021-03-25 15:10:36.133,16043,16046,16044,1
2021-03-25 15:10:51.689,16044,16045,16044,1
2021-03-25 15:10:59.189,16043,16045,16044,1
2021-03-25 15:11:04.930,16043,16045,16043,3
2021-03-25 15:11:14.274,16043,16045,16043,2
2021-03-25 15:11:15.932,16042,16043,16043,1
2021-03-25 15:11:29.018,16042,16043,16043,1
2021-03-25 15:11:30.326,16042,16044,16042,1
2021-03-25 15:11:33.798,16042,16044,16042,5
2021-03-25 15:11:33.799,16042,16044,16042,3
2021-03-25 15:11:33.801,16042,16044,16042,4
2021-03-25 15:11:33.801,16042,16044,16042,1
2021-03-25 15:11:33.802,16042,16044,16042,1
2021-03-25 15:11:33.802,16042,16044,16042,1
2021-03-25 15:11:34.996,16041,16042,16042,1
2021-03-25 15:11:35.737,16041,16042,16041,11
2021-03-25 15:11:35.737,16041,16042,16041,2
2021-03-25 15:11:35.737,16041,16042,16041,1
2021-03-25 15:11:35.737,16041,16042,16041,1
2021-03-25 15:11:35.738,16041,16042,16041,1
2021-03-25 15:11:35.741,16041,16042,16041,11
2021-03-25 15:11:35.847,16040,16041,16040,1
2021-03-25 15:11:35.992,16040,16042,16040,3
2021-03-25 15:11:36.131,16040,16042,16042,1
2021-03-25 15:11:38.804,16042,16043,16042,1
2021-03-25 15:11:40.891,16041,16042,16041,1
2021-03-25 15:11:40.891,16041,16042,16040,4
2021-03-25 15:11:41.190,16040,16042,16042,1
2021-03-25 15:11:42.397,16040,16041,16040,12
2021-03-25 15:11:42.825,16039,16041,16041,1
2021-03-25 15:11:49.939,16040,16041,16041,1
2021-03-25 15:11:54.597,16041,16042,16041,1
2021-03-25 15:12:00.211,16040,16041,16040,1
2021-03-25 15:12:00.436,16039,16041,16039,3
2021-03-25 15:12:01.793,16040,16041,16040,1
2021-03-25 15:12:02.243,16039,16040,16039,5
2021-03-25 15:12:02.448,16039,16040,16039,1
2021-03-25 15:12:04.453,16039,16040,16039,1
2021-03-25 15:12:06.118,16039,16040,16039,1
2021-03-25 15:12:09.122,16039,16040,16040,1
2021-03-25 15:12:09.765,16040,16041,16040,1
2021-03-25 15:12:10.038,16040,16041,16040,1
2021-03-25 15:12:12.804,16040,16041,16040,1
2021-03-25 15:12:13.046,16040,16041,16040,1
2021-03-25 15:12:15.645,16040,16041,16040,2
2021-03-25 15:12:18.293,16040,16041,16041,3
2021-03-25 15:12:21.853,16041,16042,16041,1
2021-03-25 15:12:22.358,16040,16042,16041,1
2021-03-25 15:12:33.683,16040,16041,16040,1
2021-03-25 15:12:33.683,16040,16041,16040,1
2021-03-25 15:12:33.683,16040,16041,16040,1
2021-03-25 15:12:36.651,16039,16040,16040,1
2021-03-25 15:12:46.290,16040,16041,16040,1
2021-03-25 15:12:53.464,16040,16041,16040,1
2021-03-25 15:12:54.013,16040,16041,16040,1
2021-03-25 15:12:55.248,16040,16041,16041,1
2021-03-25 15:12:55.548,16040,16041,16040,2
2021-03-25 15:12:56.263,16040,16041,16041,1
2021-03-25 15:13:05.394,16040,16041,16041,8
2021-03-25 15:13:05.428,16040,16041,16041,5
2021-03-25 15:13:05.442,16040,16042,16040,1
2021-03-25 15:13:05.442,16040,16042,16040,2
2021-03-25 15:13:06.952,16040,16041,16041,1
2021-03-25 15:13:09.232,16041,16042,16042,1
2021-03-25 15:13:09.315,16041,16042,16041,1
2021-03-25 15:13:09.315,16041,16042,16041,1
2021-03-25 15:13:11.174,16041,16042,16041,1
2021-03-25 15:13:11.463,16041,16042,16041,1
2021-03-25 15:13:24.915,16041,16042,16041,1
2021-03-25 15:13:38.749,16041,16042,16042,1
2021-03-25 15:13:38.815,16041,16042,16041,1
2021-03-25 15:13:39.695,16041,16042,16041,1
2021-03-25 15:13:39.815,16041,16042,16041,1
2021-03-25 15:13:39.816,16041,16042,16041,1
2021-03-25 15:13:39.816,16041,16042,16041,1
2021-03-25 15:13:41.583,16041,16042,16041,1
2021-03-25 15:13:41.970,16041,16042,16041,2
2021-03-25 15:13:44.332,16041,16042,16042,4
2021-03-25 15:13:45.752,16041,16042,16041,3
2021-03-25 15:13:45.753,16041,16042,16041,2
2021-03-25 15:13:45.753,16041,16042,16041,4
2021-03-25 15:13:50.337,16040,16042,16041,1
2021-03-25 15:13:50.576,16040,16042,16042,1
2021-03-25 15:13:50.929,16040,16042,16040,11
2021-03-25 15:13:51.997,16039,16041,16041,1
2021-03-25 15:13:53.536,16039,16041,16039,1
2021-03-25 15:14:02.519,16039,16041,16039,1
2021-03-25 15:14:05.490,16039,16040,16039,1
2021-03-25 15:14:09.655,16039,16040,16040,1
2021-03-25 15:14:10.702,16040,16041,16040,1
2021-03-25 15:14:11.136,16040,16041,16040,1
2021-03-25 15:14:11.738,16040,16041,16040,2
2021-03-25 15:14:22.150,16040,16041,16040,1
2021-03-25 15:14:24.176,16040,16041,16041,1
2021-03-25 15:14:24.358,16040,16041,16040,1
2021-03-25 15:14:24.890,16039,16040,16040,1
2021-03-25 15:14:46.087,16040,16041,16040,1
2021-03-25 15:14:50.341,16040,16041,16040,1
2021-03-25 15:14:54.422,16040,16041,16041,1
2021-03-25 15:14:54.422,16040,16041,16041,1
2021-03-25 15:14:54.422,16040,16041,16041,4
2021-03-25 15:15:04.490,16041,16042,16041,1
2021-03-25 15:15:05.226,16040,16042,16042,2
2021-03-25 15:15:09.682,16041,16042,16042,9
2021-03-25 15:15:12.432,16041,16042,16042,1
2021-03-25 15:15:14.177,16041,16042,16042,1
2021-03-25 15:15:17.724,16041,16043,16043,3
2021-03-25 15:15:18.144,16042,16043,16042,1
2021-03-25 15:15:18.808,16042,16043,16042,2
2021-03-25 15:15:30.130,16042,16043,16043,1
2021-03-25 15:15:30.288,16042,16043,16042,1
2021-03-25 15:15:33.284,16042,16043,16042,2
2021-03-25 15:15:33.710,16041,16043,16043,13
2021-03-25 15:15:33.910,16043,16044,16043,1
2021-03-25 15:15:42.250,16043,16044,16043,1
2021-03-25 15:15:44.783,16042,16044,16044,1
2021-03-25 15:15:45.573,16042,16043,16043,1
2021-03-25 15:15:45.573,16042,16043,16044,1
2021-03-25 15:15:45.586,16042,16043,16044,1
2021-03-25 15:15:45.587,16042,16043,16044,1
2021-03-25 15:15:45.605,16042,16043,16044,2
2021-03-25 15:15:45.615,16042,16043,16044,2
2021-03-25 15:15:45.645,16042,16043,16045,1
2021-03-25 15:15:45.654,16042,16043,16045,2
2021-03-25 15:15:46.083,16042,16044,16044,3
2021-03-25 15:15:50.739,16043,16044,16043,2
2021-03-25 15:15:56.170,16042,16043,16043,1
2021-03-25 15:16:01.689,16043,16044,16043,1
2021-03-25 15:16:11.746,16043,16044,16044,1
2021-03-25 15:16:12.795,16043,16045,16043,1
2021-03-25 15:16:13.088,16043,16045,16043,2
2021-03-25 15:16:13.234,16043,16045,16043,1
2021-03-25 15:16:19.888,16043,16044,16043,2
2021-03-25 15:16:26.314,16042,16043,16042,11
2021-03-25 15:16:26.314,16042,16043,16042,4
2021-03-25 15:16:26.440,16041,16042,16042,1
2021-03-25 15:16:26.442,16041,16042,16043,1
2021-03-25 15:16:31.029,16041,16042,16042,1
2021-03-25 15:16:31.067,16041,16042,16042,1
2021-03-25 15:16:36.558,16041,16042,16042,1
2021-03-25 15:16:40.122,16041,16042,16042,1
2021-03-25 15:16:50.501,16041,16042,16042,4
2021-03-25 15:16:50.505,16041,16042,16043,3
2021-03-25 15:16:51.295,16042,16044,16042,1
2021-03-25 15:16:53.263,16042,16044,16042,1
2021-03-25 15:17:11.608,16041,16042,16041,1
2021-03-25 15:17:12.157,16041,16042,16041,2
2021-03-25 15:17:12.758,16041,16042,16041,1
2021-03-25 15:17:12.759,16041,16042,16041,1
2021-03-25 15:17:12.759,16041,16042,16041,2
2021-03-25 15:17:12.759,16041,16042,16041,5
2021-03-25 15:17:12.759,16041,16042,16041,3
2021-03-25 15:17:12.814,16040,16041,16041,1
2021-03-25 15:17:12.814,16040,16041,16042,2
2021-03-25 15:17:17.500,16040,16042,16042,1
2021-03-25 15:17:18.290,16040,16042,16040,3
2021-03-25 15:17:21.752,16040,16041,16040,1
2021-03-25 15:17:21.753,16040,16041,16040,1
2021-03-25 15:17:21.753,16040,16041,16040,3
2021-03-25 15:17:21.753,16040,16041,16040,1
2021-03-25 15:17:21.753,16040,16041,16040,8
2021-03-25 15:17:21.753,16040,16041,16040,1
2021-03-25 15:17:21.775,16040,16041,16039,12
2021-03-25 15:17:29.450,16038,16039,16039,1
2021-03-25 15:17:29.561,16038,16039,16039,1
2021-03-25 15:17:30.463,16039,16040,16039,7
2021-03-25 15:17:33.910,16038,16039,16038,1
2021-03-25 15:17:33.982,16038,16040,16038,2
2021-03-25 15:17:33.982,16038,16040,16038,1
2021-03-25 15:17:34.966,16038,16040,16039,1
2021-03-25 15:17:36.167,16038,16039,16039,1
2021-03-25 15:17:43.169,16039,16040,16039,1
2021-03-25 15:17:49.959,16039,16040,16039,1
2021-03-25 15:17:49.959,16039,16040,16039,1
2021-03-25 15:17:51.131,16039,16040,16039,1
2021-03-25 15:17:51.132,16039,16040,16039,1
2021-03-25 15:17:51.133,16039,16040,16039,1
2021-03-25 15:17:53.070,16038,16039,16039,1
2021-03-25 15:17:54.966,16038,16039,16038,1
2021-03-25 15:17:56.016,16038,16039,16039,1
2021-03-25 15:17:56.233,16038,16039,16038,8
2021-03-25 15:17:57.801,16037,16038,16038,1
2021-03-25 15:18:01.715,16037,16038,16037,6
2021-03-25 15:18:01.874,16036,16037,16037,1
2021-03-25 15:18:02.021,16036,16037,16036,1
2021-03-25 15:18:02.157,16036,16037,16036,1
2021-03-25 15:18:02.158,16036,16037,16036,1
2021-03-25 15:18:02.593,16036,16037,16037,1
2021-03-25 15:18:07.750,16036,16037,16036,13
2021-03-25 15:18:07.853,16035,16036,16035,1
2021-03-25 15:18:07.977,16035,16037,16035,1
2021-03-25 15:18:07.977,16035,16037,16035,1
2021-03-25 15:18:08.802,16035,16037,16035,1
2021-03-25 15:18:08.803,16035,16037,16035,1
2021-03-25 15:18:09.175,16035,16037,16035,1
2021-03-25 15:18:09.175,16035,16037,16035,1
2021-03-25 15:18:11.072,16035,16037,16036,1
2021-03-25 15:18:11.085,16035,16037,16035,1
2021-03-25 15:18:11.314,16035,16036,16036,1
2021-03-25 15:18:13.455,16035,16037,16035,1
2021-03-25 15:18:13.492,16035,16037,16035,1
2021-03-25 15:18:13.492,16035,16037,16035,2
2021-03-25 15:18:14.480,16035,16036,16035,1
2021-03-25 15:18:15.742,16034,16036,16034,1
2021-03-25 15:18:15.952,16034,16036,16034,1
2021-03-25 15:18:16.314,16034,16035,16035,1
2021-03-25 15:18:17.534,16035,16036,16035,2
2021-03-25 15:18:20.016,16035,16036,16035,1
2021-03-25 15:18:20.698,16035,16036,16035,3
2021-03-25 15:18:21.019,16035,16036,16036,1
2021-03-25 15:18:21.079,16035,16037,16035,1
2021-03-25 15:18:21.295,16035,16037,16035,3
2021-03-25 15:18:21.836,16036,16037,16036,1
2021-03-25 15:18:21.836,16036,16037,16035,2
2021-03-25 15:18:24.556,16034,16036,16035,1
2021-03-25 15:18:24.657,16034,16035,16035,2
2021-03-25 15:18:25.064,16035,16037,16035,1
2021-03-25 15:18:25.064,16035,16037,16034,2
2021-03-25 15:18:25.808,16035,16037,16035,3
2021-03-25 15:18:26.889,16034,16036,16035,3
2021-03-25 15:18:28.433,16035,16036,16036,3
2021-03-25 15:18:28.442,16035,16037,16035,1
2021-03-25 15:18:29.189,16035,16036,16035,1
2021-03-25 15:18:29.287,16035,16036,16035,1
2021-03-25 15:18:29.304,16035,16036,16035,11
2021-03-25 15:18:31.738,16035,16036,16035,1
2021-03-25 15:18:33.876,16034,16036,16034,1
2021-03-25 15:18:38.763,16035,16036,16036,1
2021-03-25 15:18:39.060,16035,16036,16035,1
2021-03-25 15:18:39.328,16034,16036,16036,1
2021-03-25 15:18:40.491,16034,16036,16036,3
2021-03-25 15:18:43.561,16035,16037,16035,2
2021-03-25 15:18:50.436,16035,16036,16035,1
2021-03-25 15:19:00.122,16035,16036,16036,2
2021-03-25 15:19:03.507,16036,16037,16037,1
2021-03-25 15:19:04.504,16036,16037,16036,1
2021-03-25 15:19:05.163,16036,16037,16037,1
2021-03-25 15:19:16.311,16035,16037,16035,2
2021-03-25 15:19:25.344,16036,16037,16036,1
2021-03-25 15:19:25.441,16035,16036,16035,1
2021-03-25 15:19:25.442,16035,16036,16035,1
2021-03-25 15:19:26.544,16035,16036,16035,4
2021-03-25 15:19:30.655,16034,16035,16035,1
2021-03-25 15:19:34.959,16035,16036,16035,1
2021-03-25 15:19:39.860,16035,16036,16035,1
2021-03-25 15:19:43.128,16035,16036,16035,1
2021-03-25 15:19:49.863,16035,16036,16036,1
2021-03-25 15:19:50.531,16035,16037,16035,7
2021-03-25 15:19:50.531,16035,16037,16034,3
2021-03-25 15:19:53.657,16035,16037,16035,1
2021-03-25 15:19:54.433,16034,16035,16035,1
2021-03-25 15:19:58.662,16034,16035,16035,1
2021-03-25 15:20:05.282,16035,16037,16037,2
2021-03-25 15:20:09.896,16036,16038,16038,3
2021-03-25 15:20:12.155,16037,16038,16037,1
2021-03-25 15:20:18.807,16037,16038,16038,5
2021-03-25 15:20:25.939,16037,16038,16038,1
2021-03-25 15:20:35.064,16037,16038,16038,1
2021-03-25 15:20:39.972,16037,16039,16039,3
2021-03-25 15:20:43.292,16037,16040,16038,1
2021-03-25 15:20:47.737,16039,16040,16039,1
2021-03-25 15:20:51.262,16038,16040,16040,2
2021-03-25 15:20:52.811,16038,16040,16040,1
2021-03-25 15:20:55.776,16038,16039,16039,1
2021-03-25 15:21:07.193,16039,16040,16039,1
2021-03-25 15:21:10.332,16038,16040,16038,1
2021-03-25 15:21:10.517,16038,16040,16038,2
2021-03-25 15:21:19.242,16038,16040,16038,1
2021-03-25 15:21:29.189,16038,16039,16039,1
2021-03-25 15:21:55.354,16038,16039,16038,1
2021-03-25 15:21:55.356,16038,16039,16038,6
2021-03-25 15:22:20.519,16038,16039,16039,1
2021-03-25 15:22:25.201,16038,16039,16039,1
2021-03-25 15:22:34.739,16038,16039,16039,1
2021-03-25 15:22:39.253,16038,16039,16038,1
2021-03-25 15:22:39.253,16038,16039,16038,1
2021-03-25 15:22:39.253,16038,16039,16038,1
2021-03-25 15:23:11.256,16037,16038,16038,1
2021-03-25 15:23:16.684,16037,16038,16037,1
2021-03-25 15:23:16.684,16037,16038,16037,1
2021-03-25 15:23:16.691,16036,16037,16036,1
2021-03-25 15:23:22.658,16035,16037,16035,1
2021-03-25 15:23:22.788,16035,16037,16035,1
2021-03-25 15:23:30.069,16035,16037,16035,1
2021-03-25 15:23:36.855,16035,16036,16035,1
2021-03-25 15:23:36.855,16035,16036,16035,1
2021-03-25 15:23:36.940,16034,16036,16034,1
2021-03-25 15:23:36.941,16034,16036,16034,1
2021-03-25 15:23:36.941,16034,16036,16034,1
2021-03-25 15:23:36.941,16034,16036,16034,1
2021-03-25 15:23:36.941,16034,16036,16033,1
2021-03-25 15:23:36.941,16034,16036,16033,1
2021-03-25 15:23:36.941,16034,16036,16033,1
2021-03-25 15:23:36.942,16034,16036,16033,1
2021-03-25 15:23:36.942,16034,16036,16033,1
2021-03-25 15:23:36.942,16034,16036,16033,1
2021-03-25 15:23:36.942,16034,16036,16033,1
2021-03-25 15:23:36.942,16034,16036,16033,1
2021-03-25 15:23:36.942,16034,16036,16033,1
2021-03-25 15:23:40.079,16033,16035,16035,1
2021-03-25 15:23:42.170,16033,16035,16033,1
2021-03-25 15:23:42.679,16033,16034,16033,1
2021-03-25 15:23:43.244,16033,16034,16033,2
2021-03-25 15:23:44.724,16032,16033,16033,2
2021-03-25 15:23:46.609,16033,16035,16033,1
2021-03-25 15:23:51.128,16033,16034,16034,1
2021-03-25 15:23:52.455,16033,16034,16033,1
2021-03-25 15:23:54.730,16033,16034,16033,1
2021-03-25 15:24:02.529,16033,16034,16034,2
2021-03-25 15:24:04.819,16034,16035,16035,1
2021-03-25 15:24:04.820,16034,16035,16035,1
2021-03-25 15:24:04.820,16034,16035,16035,1
2021-03-25 15:24:06.055,16034,16036,16034,3
2021-03-25 15:24:06.317,16034,16036,16034,1
2021-03-25 15:24:09.817,16034,16036,16034,1
2021-03-25 15:24:16.571,16034,16036,16034,1
2021-03-25 15:24:16.840,16034,16036,16034,1
2021-03-25 15:24:23.895,16034,16036,16035,1
2021-03-25 15:24:52.820,16035,16036,16036,1
2021-03-25 15:24:54.527,16035,16036,16035,1
2021-03-25 15:24:55.095,16035,16036,16036,9
2021-03-25 15:24:55.189,16035,16037,16037,2
2021-03-25 15:25:00.204,16035,16037,16035,1
2021-03-25 15:25:03.943,16035,16037,16035,1
2021-03-25 15:25:05.981,16034,16035,16035,1
2021-03-25 15:25:06.064,16034,16035,16035,1
2021-03-25 15:25:09.696,16034,16036,16035,1
2021-03-25 15:25:26.814,16034,16035,16035,1
2021-03-25 15:25:41.997,16036,16037,16036,1
2021-03-25 15:25:41.997,16036,16037,16035,1
2021-03-25 15:25:59.689,16035,16036,16036,1
2021-03-25 15:26:00.106,16035,16037,16035,1
2021-03-25 15:26:26.832,16035,16036,16035,1
2021-03-25 15:26:30.469,16035,16036,16035,2
2021-03-25 15:26:30.566,16034,16036,16034,1
2021-03-25 15:26:30.566,16034,16036,16034,1
2021-03-25 15:26:32.167,16034,16035,16035,1
2021-03-25 15:26:55.079,16034,16035,16034,2
2021-03-25 15:27:02.491,16034,16035,16035,2
2021-03-25 15:27:20.997,16034,16036,16034,1
2021-03-25 15:27:21.189,16033,16034,16034,4
2021-03-25 15:27:42.426,16034,16036,16034,1
2021-03-25 15:27:46.592,16033,16034,16034,1
2021-03-25 15:27:54.594,16033,16034,16033,1
2021-03-25 15:27:55.194,16033,16034,16034,1
2021-03-25 15:28:08.714,16033,16034,16034,4
2021-03-25 15:28:15.564,16033,16034,16033,1
2021-03-25 15:28:15.717,16033,16034,16033,1
2021-03-25 15:28:16.227,16033,16034,16033,2
2021-03-25 15:28:21.081,16033,16034,16033,4
2021-03-25 15:28:22.987,16032,16033,16033,1
2021-03-25 15:28:29.130,16032,16034,16033,1
2021-03-25 15:28:32.445,16032,16034,16032,1
2021-03-25 15:28:32.698,16032,16034,16032,2
2021-03-25 15:28:40.343,16032,16033,16032,1
2021-03-25 15:28:44.666,16032,16033,16033,1
2021-03-25 15:28:45.628,16032,16034,16032,1
2021-03-25 15:29:01.404,16033,16034,16034,1
2021-03-25 15:29:07.476,16033,16034,16033,1
2021-03-25 15:29:07.564,16033,16034,16033,1
2021-03-25 15:29:16.646,16033,16034,16033,1
2021-03-25 15:29:16.646,16033,16034,16033,1
2021-03-25 15:29:16.646,16033,16034,16033,2
2021-03-25 15:29:58.836,16033,16034,16033,2
2021-03-25 15:30:10.122,16032,16033,16032,9
2021-03-25 15:30:10.123,16032,16033,16032,2
2021-03-25 15:30:10.123,16032,16033,16032,1
2021-03-25 15:30:10.123,16032,16033,16032,1
2021-03-25 15:30:10.124,16032,16033,16032,2
2021-03-25 15:30:10.124,16032,16033,16031,4
2021-03-25 15:30:10.125,16032,16033,16031,4
2021-03-25 15:30:10.126,16032,16033,16031,1
2021-03-25 15:30:10.126,16032,16033,16031,1
2021-03-25 15:30:10.126,16032,16033,16031,1
2021-03-25 15:30:10.251,16030,16031,16030,1
2021-03-25 15:30:10.252,16030,16031,16030,1
2021-03-25 15:30:10.259,16030,16031,16030,1
2021-03-25 15:30:10.261,16030,16031,16030,1
2021-03-25 15:30:10.340,16030,16031,16030,2
2021-03-25 15:30:10.341,16030,16031,16030,13
2021-03-25 15:30:10.342,16030,16031,16030,2
2021-03-25 15:30:10.342,16030,16031,16030,1
2021-03-25 15:30:10.342,16030,16031,16030,1
2021-03-25 15:30:10.343,16030,16031,16030,2
2021-03-25 15:30:10.343,16030,16031,16030,3
2021-03-25 15:30:10.428,16030,16031,16030,1
2021-03-25 15:30:10.429,16030,16031,16030,1
2021-03-25 15:30:10.429,16030,16031,16030,1
2021-03-25 15:30:10.429,16030,16031,16030,1
2021-03-25 15:30:10.429,16030,16031,16030,7
2021-03-25 15:30:10.438,16029,16030,16029,1
2021-03-25 15:30:10.463,16029,16030,16029,1
2021-03-25 15:30:10.583,16029,16030,16029,1
2021-03-25 15:30:10.587,16029,16030,16029,1
2021-03-25 15:30:11.053,16029,16031,16029,1
2021-03-25 15:30:16.969,16029,16031,16029,1
2021-03-25 15:30:18.469,16029,16031,16029,2
2021-03-25 15:30:21.196,16030,16032,16030,1
2021-03-25 15:30:21.746,16030,16031,16030,2
2021-03-25 15:30:22.857,16030,16031,16031,1
2021-03-25 15:30:24.724,16030,16032,16030,2
2021-03-25 15:30:26.819,16030,16031,16031,1
2021-03-25 15:30:28.646,16031,16032,16031,1
2021-03-25 15:30:29.004,16030,16032,16030,1
2021-03-25 15:30:29.288,16030,16032,16030,1
2021-03-25 15:30:35.085,16029,16031,16029,1
2021-03-25 15:30:36.992,16030,16031,16030,1
2021-03-25 15:30:37.272,16030,16031,16030,2
2021-03-25 15:30:54.361,16030,16031,16030,1
2021-03-25 15:31:00.042,16029,16030,16030,1
2021-03-25 15:31:01.596,16029,16031,16029,1
2021-03-25 15:31:03.605,16030,16031,16030,1
2021-03-25 15:31:10.016,16029,16030,16029,1
2021-03-25 15:31:10.017,16029,16030,16029,1
2021-03-25 15:31:10.094,16029,16030,16029,1
2021-03-25 15:31:10.094,16029,16030,16029,5
2021-03-25 15:31:10.377,16028,16029,16028,1
2021-03-25 15:31:11.483,16028,16029,16028,1
2021-03-25 15:31:11.807,16028,16029,16029,1
2021-03-25 15:31:13.066,16028,16030,16028,5
2021-03-25 15:31:16.873,16028,16029,16029,1
2021-03-25 15:31:19.168,16028,16030,16029,1
2021-03-25 15:31:20.961,16029,16030,16029,3
2021-03-25 15:31:20.961,16029,16030,16028,2
2021-03-25 15:31:28.734,16028,16029,16029,1
2021-03-25 15:31:31.301,16028,16030,16028,5
2021-03-25 15:31:34.025,16028,16030,16028,1
2021-03-25 15:31:36.774,16028,16029,16028,1
2021-03-25 15:31:37.265,16028,16029,16028,1
2021-03-25 15:31:47.630,16028,16029,16028,5
2021-03-25 15:31:47.778,16028,16029,16028,1
2021-03-25 15:31:48.045,16028,16029,16028,1
2021-03-25 15:31:49.456,16028,16029,16029,1
2021-03-25 15:31:49.456,16028,16029,16029,1
2021-03-25 15:31:50.559,16029,16030,16030,4
2021-03-25 15:31:50.560,16029,16030,16030,1
2021-03-25 15:31:50.560,16029,16030,16030,5
2021-03-25 15:31:55.281,16030,16031,16030,1
2021-03-25 15:31:59.118,16030,16031,16031,1
2021-03-25 15:31:59.118,16030,16031,16031,2
2021-03-25 15:32:01.228,16030,16032,16032,1
2021-03-25 15:32:03.215,16031,16032,16032,1
2021-03-25 15:32:11.676,16031,16033,16033,1
2021-03-25 15:32:13.200,16033,16034,16033,1
2021-03-25 15:32:16.606,16032,16034,16034,1
2021-03-25 15:32:16.772,16032,16034,16034,2
2021-03-25 15:32:16.772,16032,16034,16035,1
2021-03-25 15:32:17.574,16034,16035,16034,1
2021-03-25 15:32:26.476,16033,16034,16033,2
2021-03-25 15:32:26.476,16033,16034,16032,3
2021-03-25 15:32:35.238,16032,16034,16034,1
2021-03-25 15:32:48.475,16033,16034,16034,1
2021-03-25 15:32:48.516,16033,16034,16035,2
2021-03-25 15:33:04.339,16033,16034,16034,1
2021-03-25 15:33:20.717,16033,16035,16035,1
2021-03-25 15:33:23.362,16033,16034,16034,1
2021-03-25 15:33:30.717,16033,16034,16033,1
2021-03-25 15:33:30.871,16032,16033,16032,1
2021-03-25 15:33:38.316,16033,16034,16033,1
2021-03-25 15:33:41.091,16032,16034,16034,1
2021-03-25 15:33:48.329,16032,16033,16032,1
2021-03-25 15:33:54.298,16032,16033,16032,1
2021-03-25 15:33:59.672,16032,16033,16033,1
2021-03-25 15:34:01.454,16032,16033,16032,1
2021-03-25 15:34:02.215,16032,16033,16032,2
2021-03-25 15:34:05.109,16032,16033,16033,2
2021-03-25 15:34:08.013,16032,16033,16032,1
2021-03-25 15:34:08.013,16032,16033,16032,22
2021-03-25 15:34:08.016,16032,16033,16031,1
2021-03-25 15:34:08.283,16030,16031,16030,1
2021-03-25 15:34:13.098,16030,16031,16030,1
2021-03-25 15:34:14.988,16030,16031,16030,1
2021-03-25 15:34:33.837,16031,16032,16031,1
2021-03-25 15:34:36.753,16031,16032,16031,1
2021-03-25 15:34:39.474,16030,16031,16030,3
2021-03-25 15:34:39.474,16030,16031,16029,1
2021-03-25 15:34:45.554,16030,16031,16030,1
2021-03-25 15:34:47.110,16030,16031,16030,1
2021-03-25 15:34:55.337,16030,16031,16030,1
2021-03-25 15:34:57.184,16030,16031,16030,1
2021-03-25 15:35:01.714,16030,16031,16030,1
2021-03-25 15:35:04.082,16030,16031,16030,1
2021-03-25 15:35:05.397,16029,16030,16030,1
2021-03-25 15:35:13.624,16029,16030,16029,1
2021-03-25 15:35:13.624,16029,16030,16029,4
2021-03-25 15:35:13.813,16028,16029,16028,1
2021-03-25 15:35:22.959,16028,16029,16028,1
2021-03-25 15:35:24.931,16028,16030,16028,1
2021-03-25 15:35:31.319,16028,16029,16029,1
2021-03-25 15:35:41.287,16029,16030,16030,1
2021-03-25 15:35:55.918,16029,16030,16030,1
2021-03-25 15:36:08.762,16029,16030,16030,1
2021-03-25 15:36:08.763,16029,16030,16030,5
2021-03-25 15:36:08.763,16029,16030,16030,2
2021-03-25 15:36:08.763,16029,16030,16030,2
2021-03-25 15:36:10.188,16030,16031,16030,1
2021-03-25 15:36:10.459,16030,16031,16030,1
2021-03-25 15:36:11.432,16030,16031,16030,1
2021-03-25 15:36:11.920,16029,16031,16030,1
2021-03-25 15:36:32.023,16029,16030,16029,1
2021-03-25 15:36:32.024,16029,16030,16029,1
2021-03-25 15:36:32.024,16029,16030,16029,1
2021-03-25 15:36:32.024,16029,16030,16029,1
2021-03-25 15:36:32.024,16029,16030,16029,1
2021-03-25 15:36:42.164,16029,16030,16029,1
2021-03-25 15:36:49.490,16029,16031,16029,1
2021-03-25 15:36:53.171,16030,16031,16031,2
2021-03-25 15:36:57.958,16030,16032,16030,1
2021-03-25 15:37:30.066,16030,16031,16031,1
2021-03-25 15:37:33.517,16031,16032,16032,1
2021-03-25 15:37:33.817,16031,16032,16032,1
2021-03-25 15:37:45.614,16031,16032,16032,3
2021-03-25 15:37:52.064,16032,16033,16033,1
2021-03-25 15:37:55.411,16032,16033,16033,1
2021-03-25 15:38:03.170,16032,16033,16033,1
2021-03-25 15:38:03.171,16032,16033,16033,1
2021-03-25 15:38:08.621,16032,16034,16034,1
2021-03-25 15:38:09.293,16033,16034,16034,1
2021-03-25 15:38:09.580,16033,16034,16033,1
2021-03-25 15:38:22.893,16033,16034,16033,1
2021-03-25 15:38:23.721,16033,16034,16034,1
2021-03-25 15:38:27.296,16033,16034,16033,1
2021-03-25 15:38:27.296,16033,16034,16033,2
2021-03-25 15:38:29.064,16032,16033,16033,1
2021-03-25 15:38:32.634,16032,16033,16032,2
2021-03-25 15:38:32.721,16031,16032,16031,1
2021-03-25 15:38:38.948,16031,16032,16031,1
2021-03-25 15:38:38.949,16031,16032,16031,3
2021-03-25 15:38:47.677,16031,16032,16031,1
2021-03-25 15:39:04.201,16031,16032,16031,1
2021-03-25 15:39:15.963,16030,16031,16031,1
2021-03-25 15:39:23.776,16031,16032,16032,1
2021-03-25 15:39:24.765,16032,16033,16033,1
2021-03-25 15:39:24.884,16032,16033,16033,11
2021-03-25 15:39:26.009,16032,16034,16034,1
2021-03-25 15:39:32.097,16033,16034,16034,1
2021-03-25 15:39:32.098,16033,16034,16034,1
2021-03-25 15:39:33.474,16033,16035,16035,1
2021-03-25 15:39:33.641,16033,16035,16035,3
2021-03-25 15:39:40.477,16033,16034,16034,1
2021-03-25 15:39:41.530,16033,16034,16034,3
2021-03-25 15:39:41.530,16033,16034,16035,1
2021-03-25 15:39:45.637,16033,16035,16035,1
2021-03-25 15:40:06.943,16034,16035,16035,1
2021-03-25 15:40:10.102,16034,16035,16035,10
2021-03-25 15:40:29.999,16035,16036,16035,1
2021-03-25 15:40:30.114,16035,16036,16036,1
2021-03-25 15:40:35.972,16035,16036,16036,1
2021-03-25 15:40:36.661,16035,16036,16036,1
2021-03-25 15:40:49.051,16035,16036,16035,1
2021-03-25 15:40:56.873,16035,16036,16035,1
2021-03-25 15:40:57.022,16034,16035,16034,1
2021-03-25 15:40:57.073,16034,16035,16034,1
2021-03-25 15:40:57.073,16034,16035,16034,2
2021-03-25 15:40:57.145,16034,16035,16033,1
2021-03-25 15:40:58.508,16033,16034,16034,1
2021-03-25 15:41:02.814,16033,16034,16033,1
2021-03-25 15:41:06.987,16033,16034,16033,1
2021-03-25 15:41:08.070,16032,16033,16032,1
2021-03-25 15:41:20.578,16031,16032,16031,3
2021-03-25 15:41:20.578,16031,16032,16031,1
2021-03-25 15:41:20.578,16031,16032,16031,1
2021-03-25 15:41:20.578,16031,16032,16031,1
2021-03-25 15:41:20.579,16031,16032,16031,2
2021-03-25 15:41:20.579,16031,16032,16031,1
2021-03-25 15:41:20.579,16031,16032,16031,12
2021-03-25 15:41:21.431,16030,16031,16031,1
2021-03-25 15:41:22.189,16030,16031,16030,1
2021-03-25 15:41:35.441,16030,16032,16030,1
2021-03-25 15:41:41.549,16030,16031,16031,1
2021-03-25 15:41:43.924,16031,16032,16032,1
2021-03-25 15:41:45.756,16032,16033,16032,1
2021-03-25 15:41:47.197,16032,16033,16032,1
2021-03-25 15:41:52.645,16032,16033,16033,1
2021-03-25 15:42:47.152,16031,16033,16033,2
2021-03-25 15:42:47.301,16031,16033,16032,1
2021-03-25 15:42:49.649,16031,16033,16033,2
2021-03-25 15:43:02.917,16032,16033,16033,2
2021-03-25 15:43:02.917,16032,16033,16034,1
2021-03-25 15:43:16.483,16032,16034,16032,1
2021-03-25 15:43:17.970,16033,16034,16034,4
2021-03-25 15:43:20.990,16033,16035,16033,1
2021-03-25 15:43:27.222,16034,16035,16034,1
2021-03-25 15:43:38.011,16033,16034,16033,1
2021-03-25 15:43:44.811,16032,16033,16032,1
2021-03-25 15:43:44.911,16031,16033,16031,1
2021-03-25 15:43:59.431,16031,16033,16032,1
2021-03-25 15:43:59.613,16031,16033,16031,1
2021-03-25 15:44:14.663,16031,16032,16032,2
2021-03-25 15:44:23.080,16031,16032,16032,1
2021-03-25 15:44:33.159,16031,16032,16032,2
2021-03-25 15:44:37.180,16032,16033,16033,5
2021-03-25 15:44:45.999,16033,16034,16034,1
2021-03-25 15:44:47.737,16033,16034,16034,1
2021-03-25 15:44:52.034,16034,16035,16034,1
2021-03-25 15:44:56.619,16033,16034,16034,1
2021-03-25 15:45:10.676,16033,16034,16034,1
2021-03-25 15:45:23.288,16034,16035,16035,9
2021-03-25 15:45:36.696,16035,16036,16035,1
2021-03-25 15:45:41.986,16035,16036,16036,1
2021-03-25 15:45:46.605,16035,16036,16035,2
2021-03-25 15:45:46.605,16035,16036,16035,1
2021-03-25 15:45:46.605,16035,16036,16035,1
2021-03-25 15:45:46.605,16035,16036,16035,2
2021-03-25 15:45:46.605,16035,16036,16035,1
2021-03-25 15:45:46.605,16035,16036,16035,1
2021-03-25 15:45:50.725,16034,16035,16035,1
2021-03-25 15:45:57.114,16034,16035,16035,1
2021-03-25 15:46:01.174,16034,16035,16035,1
2021-03-25 15:46:07.419,16034,16035,16035,3
2021-03-25 15:46:13.261,16035,16036,16035,1
2021-03-25 15:46:35.955,16035,16036,16036,5
2021-03-25 15:46:35.955,16035,16036,16036,1
2021-03-25 15:46:35.955,16035,16036,16036,3
2021-03-25 15:46:35.955,16035,16036,16036,1
2021-03-25 15:46:35.955,16035,16036,16036,4
2021-03-25 15:46:42.822,16036,16037,16036,2
2021-03-25 15:46:51.215,16036,16037,16036,1
2021-03-25 15:46:54.371,16035,16036,16036,1
2021-03-25 15:46:55.884,16035,16036,16035,1
2021-03-25 15:46:56.063,16034,16035,16034,1
2021-03-25 15:47:14.115,16035,16036,16035,1
2021-03-25 15:47:25.616,16035,16036,16036,2
2021-03-25 15:47:30.301,16035,16036,16036,2
2021-03-25 15:47:37.358,16035,16036,16036,1
2021-03-25 15:47:37.358,16035,16036,16036,1
2021-03-25 15:47:56.102,16036,16037,16037,1
2021-03-25 15:47:59.542,16036,16037,16036,1
2021-03-25 15:48:01.276,16036,16037,16037,1
2021-03-25 15:48:01.360,16036,16037,16037,1
2021-03-25 15:48:05.798,16036,16037,16036,1
2021-03-25 15:48:13.326,16036,16037,16036,1
2021-03-25 15:48:13.327,16036,16037,16036,3
2021-03-25 15:48:13.327,16036,16037,16036,1
2021-03-25 15:48:20.285,16034,16035,16034,1
2021-03-25 15:48:20.285,16034,16035,16034,1
2021-03-25 15:48:20.286,16034,16035,16034,14
2021-03-25 15:48:36.513,16033,16034,16033,1
2021-03-25 15:48:36.513,16033,16034,16033,1
2021-03-25 15:48:39.385,16032,16033,16032,1
2021-03-25 15:48:39.385,16032,16033,16032,1
2021-03-25 15:48:39.634,16032,16033,16032,1
2021-03-25 15:48:39.635,16032,16033,16032,1
2021-03-25 15:48:39.637,16032,16033,16032,1
2021-03-25 15:48:47.490,16031,16032,16031,1
2021-03-25 15:48:48.162,16031,16033,16032,1
2021-03-25 15:48:48.162,16031,16033,16032,1
2021-03-25 15:48:49.527,16031,16033,16032,1
2021-03-25 15:49:00.166,16031,16032,16032,1
2021-03-25 15:49:00.166,16031,16032,16032,2
2021-03-25 15:49:00.166,16031,16032,16032,3
2021-03-25 15:49:00.166,16031,16032,16032,1
2021-03-25 15:49:13.944,16032,16033,16033,13
2021-03-25 15:49:19.995,16033,16034,16034,1
2021-03-25 15:49:22.818,16033,16034,16033,1
2021-03-25 15:49:25.905,16033,16034,16034,1
2021-03-25 15:49:36.859,16034,16035,16034,1
2021-03-25 15:49:39.477,16032,16033,16033,2
2021-03-25 15:50:00.125,16032,16034,16032,2
2021-03-25 15:50:00.631,16031,16033,16031,1
2021-03-25 15:50:00.730,16031,16033,16031,1
2021-03-25 15:50:00.833,16031,16033,16031,1
2021-03-25 15:50:02.857,16031,16033,16031,1
2021-03-25 15:50:20.416,16031,16032,16031,1
2021-03-25 15:50:26.110,16031,16032,16031,1
2021-03-25 15:50:31.439,16030,16031,16030,6
2021-03-25 15:50:32.188,16029,16031,16029,1
2021-03-25 15:50:32.439,16029,16031,16029,2
2021-03-25 15:50:34.579,16029,16030,16029,3
2021-03-25 15:50:36.035,16028,16029,16028,2
2021-03-25 15:50:36.299,16028,16029,16029,1
2021-03-25 15:50:37.847,16028,16029,16029,1
2021-03-25 15:50:43.618,16028,16029,16028,1
2021-03-25 15:50:47.037,16028,16029,16028,1
2021-03-25 15:50:48.447,16028,16029,16029,1
2021-03-25 15:50:48.578,16028,16029,16028,5
2021-03-25 15:50:50.205,16028,16029,16028,1
2021-03-25 15:50:51.067,16028,16029,16028,2
2021-03-25 15:50:53.941,16027,16028,16028,2
2021-03-25 15:50:54.012,16027,16028,16027,1
2021-03-25 15:50:55.314,16027,16028,16028,1
2021-03-25 15:51:00.139,16027,16028,16027,1
2021-03-25 15:51:00.563,16027,16028,16028,1
2021-03-25 15:51:03.937,16027,16028,16028,1
2021-03-25 15:51:05.544,16027,16028,16028,7
2021-03-25 15:51:06.840,16028,16029,16028,3
2021-03-25 15:51:17.991,16027,16028,16028,1
2021-03-25 15:51:19.774,16027,16028,16027,3
2021-03-25 15:51:20.098,16027,16028,16027,3
2021-03-25 15:51:20.451,16027,16028,16027,3
2021-03-25 15:51:20.564,16027,16028,16027,6
2021-03-25 15:51:25.064,16027,16028,16027,1
2021-03-25 15:51:28.000,16027,16028,16028,1
2021-03-25 15:51:28.395,16027,16028,16027,4
2021-03-25 15:51:28.457,16027,16028,16027,4
2021-03-25 15:51:29.683,16026,16027,16027,1
2021-03-25 15:51:32.755,16026,16027,16027,1
2021-03-25 15:51:34.334,16026,16027,16027,2
2021-03-25 15:51:34.867,16026,16027,16026,3
2021-03-25 15:51:37.950,16026,16027,16027,1
2021-03-25 15:51:37.951,16026,16027,16027,6
2021-03-25 15:51:38.248,16027,16028,16027,4
2021-03-25 15:51:39.183,16026,16028,16026,2
2021-03-25 15:51:39.829,16026,16028,16026,1
2021-03-25 15:51:42.120,16027,16028,16027,1
2021-03-25 15:51:42.281,16027,16028,16027,1
2021-03-25 15:51:42.337,16026,16028,16026,2
2021-03-25 15:51:42.781,16026,16028,16026,1
2021-03-25 15:51:43.605,16026,16028,16026,1
2021-03-25 15:51:49.040,16027,16028,16027,1
2021-03-25 15:51:51.602,16027,16028,16027,1
2021-03-25 15:51:52.108,16027,16028,16027,1
2021-03-25 15:51:52.108,16027,16028,16026,2
2021-03-25 15:51:59.005,16026,16028,16028,1
2021-03-25 15:52:05.188,16027,16028,16027,1
2021-03-25 15:52:07.720,16027,16028,16028,1
2021-03-25 15:52:12.404,16027,16028,16028,1
2021-03-25 15:52:14.565,16028,16029,16028,1
2021-03-25 15:52:18.702,16028,16029,16028,1
2021-03-25 15:52:26.024,16027,16029,16028,1
2021-03-25 15:52:35.571,16028,16029,16029,1
2021-03-25 15:52:37.977,16028,16029,16028,1
2021-03-25 15:53:01.321,16028,16029,16029,1
2021-03-25 15:53:04.922,16028,16029,16028,1
2021-03-25 15:53:04.924,16028,16029,16028,1
2021-03-25 15:53:04.924,16028,16029,16028,2
2021-03-25 15:53:04.931,16028,16029,16028,2
2021-03-25 15:53:04.932,16028,16029,16028,1
2021-03-25 15:53:05.335,16027,16028,16028,1
2021-03-25 15:53:24.670,16028,16029,16029,4
2021-03-25 15:53:26.070,16029,16030,16029,1
2021-03-25 15:53:51.889,16029,16030,16030,2
2021-03-25 15:53:53.617,16029,16030,16030,3
2021-03-25 15:53:53.617,16029,16030,16030,1
2021-03-25 15:53:53.618,16029,16030,16030,3
2021-03-25 15:53:54.861,16030,16032,16030,1
2021-03-25 15:53:55.202,16030,16032,16030,1
2021-03-25 15:53:57.093,16030,16032,16030,1
2021-03-25 15:54:09.164,16029,16030,16030,1
2021-03-25 15:54:09.558,16029,16030,16029,2
2021-03-25 15:54:17.143,16029,16030,16030,1
2021-03-25 15:54:21.625,16029,16031,16031,1
2021-03-25 15:54:27.987,16030,16031,16031,1
2021-03-25 15:54:28.836,16030,16031,16031,1
2021-03-25 15:54:29.932,16030,16031,16031,1
2021-03-25 15:54:31.025,16030,16031,16031,1
2021-03-25 15:54:35.960,16030,16031,16031,1
2021-03-25 15:54:45.306,16030,16031,16031,1
2021-03-25 15:54:55.654,16030,16031,16031,2
2021-03-25 15:54:55.655,16030,16031,16031,2
2021-03-25 15:54:55.655,16030,16031,16031,1
2021-03-25 15:55:10.771,16031,16032,16031,2
2021-03-25 15:55:10.771,16031,16032,16030,1
2021-03-25 15:55:23.438,16029,16030,16029,1
2021-03-25 15:55:28.232,16029,16030,16030,1
2021-03-25 15:55:31.787,16029,16030,16029,2
2021-03-25 15:55:41.687,16029,16030,16029,1
2021-03-25 15:55:56.931,16028,16029,16028,1
2021-03-25 15:56:03.256,16028,16029,16028,1
2021-03-25 15:56:11.998,16028,16029,16028,1
2021-03-25 15:56:16.420,16028,16029,16028,1
2021-03-25 15:56:33.927,16028,16029,16029,1
2021-03-25 15:56:40.913,16028,16029,16028,1
2021-03-25 15:56:47.046,16028,16029,16028,1
2021-03-25 15:56:47.054,16028,16029,16028,1
2021-03-25 15:56:48.180,16028,16029,16028,1
2021-03-25 15:56:50.957,16028,16029,16028,2
2021-03-25 15:57:19.453,16027,16028,16027,1
2021-03-25 15:57:20.220,16027,16028,16028,1
2021-03-25 15:57:22.270,16027,16028,16027,3
2021-03-25 15:57:22.270,16027,16028,16027,1
2021-03-25 15:57:25.561,16026,16027,16026,1
2021-03-25 15:57:28.003,16026,16027,16026,1
2021-03-25 15:57:30.485,16026,16027,16026,1
2021-03-25 15:57:35.424,16026,16027,16027,1
2021-03-25 15:57:37.191,16026,16028,16026,1
2021-03-25 15:57:37.323,16026,16028,16026,1
2021-03-25 15:57:48.909,16027,16028,16027,1
2021-03-25 15:57:52.326,16027,16028,16027,1
2021-03-25 15:57:57.365,16027,16028,16027,1
2021-03-25 15:57:59.406,16027,16028,16028,3
2021-03-25 15:57:59.582,16028,16029,16028,1
2021-03-25 15:58:09.248,16027,16029,16027,1
2021-03-25 15:58:10.718,16027,16029,16027,1
2021-03-25 15:58:12.299,16027,16029,16027,1
2021-03-25 15:58:19.660,16027,16028,16028,1
2021-03-25 15:58:21.007,16027,16028,16027,1
2021-03-25 15:58:25.766,16027,16028,16027,1
2021-03-25 15:58:48.501,16027,16028,16028,2
2021-03-25 15:58:49.472,16028,16029,16029,1
2021-03-25 15:58:49.603,16028,16029,16029,3
2021-03-25 15:58:58.239,16029,16030,16029,3
2021-03-25 15:58:58.511,16029,16030,16029,3
2021-03-25 15:58:58.615,16028,16029,16029,1
2021-03-25 15:58:58.616,16028,16029,16029,1
2021-03-25 15:58:58.616,16028,16029,16029,1
2021-03-25 15:58:58.616,16028,16029,16029,1
2021-03-25 15:58:58.616,16028,16029,16029,1
2021-03-25 15:58:58.616,16028,16029,16029,2
2021-03-25 15:58:59.080,16029,16030,16030,1
2021-03-25 15:59:03.256,16029,16030,16030,1
2021-03-25 15:59:03.600,16029,16030,16030,1
2021-03-25 15:59:07.000,16029,16030,16030,2
2021-03-25 15:59:08.416,16029,16030,16030,1
2021-03-25 15:59:08.747,16028,16030,16028,1
2021-03-25 15:59:08.979,16028,16030,16030,1
2021-03-25 15:59:12.364,16028,16029,16029,1
2021-03-25 15:59:25.233,16028,16029,16028,1
2021-03-25 15:59:28.749,16028,16029,16029,1
2021-03-25 15:59:40.199,16028,16029,16029,1
2021-03-25 15:59:50.376,16028,16029,16028,5
2021-03-25 15:59:51.638,16027,16028,16028,1
2021-03-25 15:59:59.158,16027,16028,16027,5
2021-03-25 15:59:59.160,16027,16028,16026,13
2021-03-25 16:00:00.321,16025,16026,16025,1
2021-03-25 16:00:00.414,16025,16026,16025,21
2021-03-25 16:00:00.415,16025,16026,16024,14
2021-03-25 16:00:00.416,16025,16026,16024,1
2021-03-25 16:00:00.454,16023,16024,16023,2
2021-03-25 16:00:00.518,16023,16024,16023,1
2021-03-25 16:00:00.564,16023,16024,16024,1
2021-03-25 16:00:00.593,16023,16024,16023,1
2021-03-25 16:00:00.651,16023,16024,16024,2
2021-03-25 16:00:00.683,16023,16024,16023,1
2021-03-25 16:00:00.689,16023,16024,16024,2
2021-03-25 16:00:00.726,16023,16024,16023,2
2021-03-25 16:00:00.749,16023,16024,16023,1
2021-03-25 16:00:00.863,16023,16025,16023,1
2021-03-25 16:00:00.874,16023,16025,16022,1
2021-03-25 16:00:00.877,16023,16025,16022,1
2021-03-25 16:00:00.971,16022,16025,16022,2
2021-03-25 16:00:01.177,16022,16025,16022,1
2021-03-25 16:00:01.177,16022,16025,16022,1
2021-03-25 16:00:01.178,16022,16025,16022,1
2021-03-25 16:00:01.178,16022,16025,16022,1
2021-03-25 16:00:01.178,16022,16025,16022,1
2021-03-25 16:00:01.178,16022,16025,16022,1
2021-03-25 16:00:01.178,16022,16025,16022,1
2021-03-25 16:00:01.187,16022,16025,16022,2
2021-03-25 16:00:01.229,16021,16022,16021,1
2021-03-25 16:00:01.230,16021,16022,16021,1
2021-03-25 16:00:01.238,16021,16022,16021,1
2021-03-25 16:00:01.238,16021,16022,16021,1
2021-03-25 16:00:01.238,16021,16022,16021,11
2021-03-25 16:00:01.314,16020,16021,16021,1
2021-03-25 16:00:01.314,16020,16021,16022,1
2021-03-25 16:00:02.184,16020,16022,16020,1
2021-03-25 16:00:02.268,16020,16022,16020,1
2021-03-25 16:00:02.353,16020,16022,16020,4
2021-03-25 16:00:02.404,16020,16022,16020,1
2021-03-25 16:00:02.407,16020,16022,16020,4
2021-03-25 16:00:02.435,16020,16022,16020,1
2021-03-25 16:00:02.444,16020,16021,16020,1
2021-03-25 16:00:03.064,16021,16022,16022,2
2021-03-25 16:00:03.192,16021,16022,16022,5
2021-03-25 16:00:03.284,16021,16022,16021,1
2021-03-25 16:00:03.361,16021,16022,16021,2
2021-03-25 16:00:03.548,16020,16021,16021,1
2021-03-25 16:00:03.739,16020,16022,16020,1
2021-03-25 16:00:03.840,16020,16022,16020,1
2021-03-25 16:00:03.840,16020,16022,16020,3
2021-03-25 16:00:03.840,16020,16022,16020,1
2021-03-25 16:00:03.841,16020,16022,16020,4
2021-03-25 16:00:04.347,16020,16021,16020,2
2021-03-25 16:00:04.347,16020,16021,16020,2
2021-03-25 16:00:04.347,16020,16021,16020,1
2021-03-25 16:00:04.348,16020,16021,16020,5
2021-03-25 16:00:05.551,16020,16021,16020,2
2021-03-25 16:00:08.516,16021,16023,16021,3
2021-03-25 16:00:11.505,16022,16024,16022,3
2021-03-25 16:00:14.746,16021,16023,16021,1
2021-03-25 16:00:15.486,16021,16022,16021,1
2021-03-25 16:00:16.261,16020,16022,16021,1
2021-03-25 16:00:17.496,16021,16022,16021,2
2021-03-25 16:00:17.497,16021,16022,16021,1
2021-03-25 16:00:18.263,16020,16022,16020,1
2021-03-25 16:00:18.362,16020,16021,16020,5
2021-03-25 16:00:18.633,16019,16020,16019,1
2021-03-25 16:00:18.633,16019,16020,16019,1
2021-03-25 16:00:18.762,16018,16021,16021,1
2021-03-25 16:00:19.523,16018,16021,16018,1
2021-03-25 16:00:19.604,16018,16019,16018,1
2021-03-25 16:00:19.604,16018,16019,16018,1
2021-03-25 16:00:19.604,16018,16019,16018,1
2021-03-25 16:00:19.698,16018,16019,16018,1
2021-03-25 16:00:19.698,16018,16019,16018,1
2021-03-25 16:00:19.928,16018,16019,16018,1
2021-03-25 16:00:19.929,16018,16019,16018,1
2021-03-25 16:00:20.303,16019,16020,16019,1
2021-03-25 16:00:22.285,16019,16021,16019,1
2021-03-25 16:00:22.956,16019,16021,16019,1
2021-03-25 16:00:24.595,16020,16022,16020,1
2021-03-25 16:00:25.339,16020,16022,16020,1
2021-03-25 16:00:25.720,16019,16021,16021,1
2021-03-25 16:00:26.433,16020,16022,16020,5
2021-03-25 16:00:26.621,16020,16022,16020,1
2021-03-25 16:00:26.885,16020,16021,16020,1
2021-03-25 16:00:26.885,16020,16021,16019,1
2021-03-25 16:00:28.292,16020,16021,16020,1
2021-03-25 16:00:29.815,16020,16021,16020,1
2021-03-25 16:00:30.322,16020,16021,16020,6
2021-03-25 16:00:30.323,16020,16021,16020,1
2021-03-25 16:00:31.238,16019,16020,16020,1
2021-03-25 16:00:31.238,16019,16020,16020,1
2021-03-25 16:00:32.469,16019,16021,16019,1
2021-03-25 16:00:32.898,16019,16021,16020,1
2021-03-25 16:00:33.289,16020,16021,16020,1
2021-03-25 16:00:33.718,16019,16021,16020,1
2021-03-25 16:00:33.719,16019,16021,16020,5
2021-03-25 16:00:35.290,16019,16020,16019,2
2021-03-25 16:00:35.352,16019,16020,16020,1
2021-03-25 16:00:35.677,16019,16020,16020,3
2021-03-25 16:00:35.962,16019,16021,16019,1
2021-03-25 16:00:37.712,16019,16021,16019,1
2021-03-25 16:00:37.713,16019,16021,16019,1
2021-03-25 16:00:39.003,16018,16020,16020,2
2021-03-25 16:00:39.291,16019,16020,16020,1
2021-03-25 16:00:44.054,16020,16022,16021,1
2021-03-25 16:00:44.550,16021,16022,16022,5
2021-03-25 16:00:46.446,16023,16024,16023,2
2021-03-25 16:00:46.446,16023,16024,16022,2
2021-03-25 16:00:48.654,16022,16024,16022,3
2021-03-25 16:00:48.655,16022,16024,16022,7
2021-03-25 16:00:48.690,16022,16024,16022,1
2021-03-25 16:00:49.268,16022,16024,16024,1
2021-03-25 16:00:53.112,16023,16024,16024,2
2021-03-25 16:00:54.261,16023,16024,16024,1
2021-03-25 16:00:56.111,16023,16025,16025,1
2021-03-25 16:00:56.585,16023,16025,16025,1
2021-03-25 16:01:01.020,16024,16025,16024,1
2021-03-25 16:01:01.031,16024,16025,16024,1
2021-03-25 16:01:03.843,16023,16024,16023,1
2021-03-25 16:01:04.555,16022,16023,16023,1
2021-03-25 16:01:05.467,16022,16023,16023,1
2021-03-25 16:01:05.489,16022,16023,16023,1
2021-03-25 16:01:05.838,16023,16024,16023,1
2021-03-25 16:01:06.800,16022,16023,16022,1
2021-03-25 16:01:07.124,16022,16023,16022,1
2021-03-25 16:01:07.310,16021,16022,16021,1
2021-03-25 16:01:09.576,16021,16022,16022,1
2021-03-25 16:01:10.786,16021,16023,16021,1
2021-03-25 16:01:13.459,16020,16022,16021,1
2021-03-25 16:01:16.767,16020,16022,16021,1
2021-03-25 16:01:16.940,16020,16022,16021,1
2021-03-25 16:01:18.872,16020,16022,16021,1
2021-03-25 16:01:19.358,16020,16022,16022,2
2021-03-25 16:01:19.365,16020,16022,16020,1
2021-03-25 16:01:19.814,16020,16022,16020,2
2021-03-25 16:01:19.815,16020,16022,16020,1
2021-03-25 16:01:20.159,16020,16022,16020,1
2021-03-25 16:01:20.160,16020,16022,16020,1
2021-03-25 16:01:22.100,16020,16022,16021,1
2021-03-25 16:01:23.259,16021,16023,16021,1
2021-03-25 16:01:36.185,16020,16021,16020,1
2021-03-25 16:01:36.186,16020,16021,16020,1
2021-03-25 16:01:36.415,16020,16021,16020,2
2021-03-25 16:01:36.415,16020,16021,16019,1
2021-03-25 16:01:37.743,16019,16021,16020,1
2021-03-25 16:01:38.158,16020,16021,16020,1
2021-03-25 16:01:41.224,16019,16021,16019,1
2021-03-25 16:01:48.384,16020,16021,16020,1
2021-03-25 16:01:51.879,16020,16021,16021,12
2021-03-25 16:01:52.464,16021,16023,16021,3
2021-03-25 16:01:59.358,16021,16023,16021,2
2021-03-25 16:01:59.358,16021,16023,16020,1
2021-03-25 16:01:59.830,16020,16022,16020,2
2021-03-25 16:02:00.582,16020,16021,16021,11
2021-03-25 16:02:02.950,16021,16023,16021,1
2021-03-25 16:02:05.365,16020,16022,16021,1
2021-03-25 16:02:21.793,16020,16021,16021,2
2021-03-25 16:02:27.668,16021,16022,16022,3
2021-03-25 16:02:34.360,16021,16022,16021,3
2021-03-25 16:02:35.639,16020,16021,16021,1
2021-03-25 16:02:37.779,16020,16021,16020,2
2021-03-25 16:02:38.909,16020,16021,16021,1
2021-03-25 16:02:42.159,16020,16021,16021,8
2021-03-25 16:02:44.143,16021,16022,16021,1
2021-03-25 16:02:46.474,16021,16022,16022,6
2021-03-25 16:02:47.621,16021,16023,16022,1
2021-03-25 16:02:53.901,16021,16022,16021,3
2021-03-25 16:02:53.901,16021,16022,16021,1
2021-03-25 16:02:53.902,16021,16022,16021,2
2021-03-25 16:02:58.875,16021,16022,16021,1
2021-03-25 16:02:59.031,16021,16022,16022,1
2021-03-25 16:03:01.488,16021,16022,16021,1
2021-03-25 16:03:01.518,16021,16022,16020,1
2021-03-25 16:03:03.469,16020,16021,16020,1
2021-03-25 16:03:03.470,16020,16021,16020,1
2021-03-25 16:03:03.470,16020,16021,16020,8
2021-03-25 16:03:04.250,16019,16020,16019,11
2021-03-25 16:03:04.479,16018,16019,16018,1
2021-03-25 16:03:04.615,16018,16020,16018,4
2021-03-25 16:03:04.615,16018,16020,16018,1
2021-03-25 16:03:04.780,16018,16020,16018,4
2021-03-25 16:03:04.780,16018,16020,16018,3
2021-03-25 16:03:04.780,16018,16020,16017,1
2021-03-25 16:03:04.948,16018,16020,16018,2
2021-03-25 16:03:04.948,16018,16020,16017,4
2021-03-25 16:03:04.948,16018,16020,16018,1
2021-03-25 16:03:05.315,16017,16019,16017,6
2021-03-25 16:03:05.316,16017,16019,16017,1
2021-03-25 16:03:05.344,16017,16019,16016,6
2021-03-25 16:03:05.480,16016,16018,16016,2
2021-03-25 16:03:05.519,16016,16018,16017,1
2021-03-25 16:03:05.536,16016,16018,16016,1
2021-03-25 16:03:05.614,16016,16018,16016,6
2021-03-25 16:03:05.687,16016,16018,16016,1
2021-03-25 16:03:05.690,16016,16017,16016,4
2021-03-25 16:03:05.708,16016,16017,16016,1
2021-03-25 16:03:05.709,16016,16017,16016,3
2021-03-25 16:03:05.710,16016,16017,16016,1
2021-03-25 16:03:05.713,16016,16017,16015,1
2021-03-25 16:03:05.728,16016,16017,16015,1
2021-03-25 16:03:05.736,16016,16017,16015,2
2021-03-25 16:03:05.736,16016,16017,16015,1
2021-03-25 16:03:05.748,16016,16017,16015,1
2021-03-25 16:03:05.758,16016,16017,16015,1
2021-03-25 16:03:05.761,16016,16017,16015,1
2021-03-25 16:03:05.765,16016,16017,16015,3
2021-03-25 16:03:05.765,16016,16017,16015,5
2021-03-25 16:03:05.765,16016,16017,16015,1
2021-03-25 16:03:05.766,16016,16017,16015,3
2021-03-25 16:03:05.766,16016,16017,16014,1
2021-03-25 16:03:05.766,16016,16017,16014,1
2021-03-25 16:03:05.767,16016,16017,16014,1
2021-03-25 16:03:05.787,16016,16017,16014,1
2021-03-25 16:03:05.792,16016,16017,16013,1
2021-03-25 16:03:05.797,16016,16017,16013,1
2021-03-25 16:03:05.803,16016,16017,16013,3
2021-03-25 16:03:05.821,16013,16015,16013,1
2021-03-25 16:03:05.822,16013,16015,16013,1
2021-03-25 16:03:05.823,16013,16015,16012,1
2021-03-25 16:03:05.832,16013,16015,16012,1
2021-03-25 16:03:05.850,16013,16015,16012,1
2021-03-25 16:03:05.863,16013,16015,16012,1
2021-03-25 16:03:05.938,16013,16015,16012,1
2021-03-25 16:03:05.959,16012,16015,16013,1
2021-03-25 16:03:05.966,16012,16015,16013,1
2021-03-25 16:03:05.969,16012,16015,16012,2
2021-03-25 16:03:05.969,16012,16015,16012,1
2021-03-25 16:03:05.969,16012,16015,16012,1
2021-03-25 16:03:05.969,16012,16015,16012,1
2021-03-25 16:03:05.970,16012,16015,16012,1
2021-03-25 16:03:05.984,16012,16015,16012,2
2021-03-25 16:03:05.988,16012,16015,16012,1
2021-03-25 16:03:06.006,16012,16015,16011,1
2021-03-25 16:03:06.043,16012,16015,16011,1
2021-03-25 16:03:06.059,16012,16015,16011,1
2021-03-25 16:03:06.075,16011,16012,16011,5
2021-03-25 16:03:06.427,16011,16012,16011,1
2021-03-25 16:03:06.616,16011,16012,16012,2
2021-03-25 16:03:06.629,16011,16012,16012,1
2021-03-25 16:03:06.701,16011,16013,16013,1
2021-03-25 16:03:06.701,16011,16013,16013,1
2021-03-25 16:03:07.013,16013,16015,16013,1
2021-03-25 16:03:07.061,16013,16015,16015,3
2021-03-25 16:03:07.061,16013,16015,16016,2
2021-03-25 16:03:07.064,16014,16016,16014,1
2021-03-25 16:03:07.065,16014,16016,16014,1
2021-03-25 16:03:07.066,16014,16016,16014,1
2021-03-25 16:03:07.067,16014,16016,16014,1
2021-03-25 16:03:07.272,16013,16015,16013,1
2021-03-25 16:03:07.378,16013,16015,16013,1
2021-03-25 16:03:07.423,16013,16015,16013,1
2021-03-25 16:03:07.520,16013,16015,16013,1
2021-03-25 16:03:08.105,16012,16014,16014,1
2021-03-25 16:03:08.148,16012,16014,16012,1
2021-03-25 16:03:08.654,16012,16014,16012,1
2021-03-25 16:03:08.972,16013,16015,16013,2
2021-03-25 16:03:10.290,16014,16016,16014,1
2021-03-25 16:03:10.720,16014,16016,16016,1
2021-03-25 16:03:12.754,16015,16017,16015,1
2021-03-25 16:03:13.629,16014,16016,16016,2
2021-03-25 16:03:14.830,16014,16016,16016,2
2021-03-25 16:03:15.701,16014,16016,16014,3
2021-03-25 16:03:15.701,16014,16016,16014,1
2021-03-25 16:03:15.701,16014,16016,16014,1
2021-03-25 16:03:15.702,16014,16016,16014,1
2021-03-25 16:03:15.809,16014,16016,16014,1
2021-03-25 16:03:15.982,16012,16014,16012,1
2021-03-25 16:03:16.128,16012,16013,16013,1
2021-03-25 16:03:16.355,16012,16014,16012,9
2021-03-25 16:03:16.356,16012,16014,16011,14
2021-03-25 16:03:16.588,16010,16012,16011,1
2021-03-25 16:03:16.649,16010,16012,16012,1
2021-03-25 16:03:16.649,16010,16012,16011,1
2021-03-25 16:03:16.772,16010,16012,16012,1
2021-03-25 16:03:16.773,16010,16012,16011,1
2021-03-25 16:03:16.961,16010,16012,16011,1
2021-03-25 16:03:16.961,16010,16012,16011,1
2021-03-25 16:03:17.774,16010,16012,16011,1
2021-03-25 16:03:17.774,16010,16012,16011,2
2021-03-25 16:03:17.895,16010,16012,16012,1
2021-03-25 16:03:18.117,16010,16012,16011,1
2021-03-25 16:03:18.118,16010,16012,16011,1
2021-03-25 16:03:18.354,16010,16012,16011,1
2021-03-25 16:03:18.516,16010,16012,16011,1
2021-03-25 16:03:19.518,16010,16012,16012,1
2021-03-25 16:03:20.372,16010,16012,16012,1
2021-03-25 16:03:20.564,16011,16012,16012,1
2021-03-25 16:03:20.630,16011,16012,16013,2
2021-03-25 16:03:21.129,16012,16013,16013,2
2021-03-25 16:03:21.217,16012,16014,16014,1
2021-03-25 16:03:21.487,16013,16015,16013,1
2021-03-25 16:03:23.861,16014,16016,16014,1
2021-03-25 16:03:26.453,16014,16016,16014,4
2021-03-25 16:03:26.453,16014,16016,16013,1
2021-03-25 16:03:26.643,16013,16015,16014,9
2021-03-25 16:03:27.669,16013,16015,16013,2
2021-03-25 16:03:29.049,16013,16014,16013,1
2021-03-25 16:03:29.929,16012,16014,16012,1
2021-03-25 16:03:29.929,16012,16014,16012,1
2021-03-25 16:03:30.347,16011,16014,16012,1
2021-03-25 16:03:31.362,16012,16014,16012,1
2021-03-25 16:03:31.363,16012,16014,16012,2
2021-03-25 16:03:32.080,16012,16014,16012,1
2021-03-25 16:03:32.234,16012,16014,16012,2
2021-03-25 16:03:32.235,16012,16014,16012,7
2021-03-25 16:03:32.993,16012,16014,16014,3
2021-03-25 16:03:32.993,16012,16014,16015,3
2021-03-25 16:03:33.733,16012,16014,16012,2
2021-03-25 16:03:36.188,16012,16014,16014,1
2021-03-25 16:03:36.343,16012,16014,16012,1
2021-03-25 16:03:37.532,16012,16014,16012,2
2021-03-25 16:03:42.785,16013,16014,16014,4
2021-03-25 16:03:42.788,16013,16014,16014,2
2021-03-25 16:03:46.769,16013,16015,16015,6
2021-03-25 16:03:49.747,16014,16015,16015,1
2021-03-25 16:03:49.747,16014,16015,16015,2
2021-03-25 16:03:49.747,16014,16015,16015,1
2021-03-25 16:03:49.747,16014,16015,16015,6
2021-03-25 16:03:50.745,16015,16016,16016,3
2021-03-25 16:03:52.378,16016,16017,16016,1
2021-03-25 16:03:52.378,16016,16017,16015,1
2021-03-25 16:03:53.389,16015,16017,16017,1
2021-03-25 16:03:56.210,16016,16017,16016,1
2021-03-25 16:03:58.189,16015,16016,16015,1
2021-03-25 16:03:59.285,16014,16015,16014,1
2021-03-25 16:03:59.285,16014,16015,16013,3
2021-03-25 16:04:00.023,16013,16015,16014,1
2021-03-25 16:04:00.288,16013,16015,16015,2
2021-03-25 16:04:00.288,16013,16015,16015,3
2021-03-25 16:04:00.331,16014,16016,16016,3
2021-03-25 16:04:01.088,16013,16015,16015,1
2021-03-25 16:04:01.190,16013,16015,16013,1
2021-03-25 16:04:01.581,16013,16014,16013,1
2021-03-25 16:04:01.798,16012,16014,16014,1
2021-03-25 16:04:02.078,16012,16015,16012,1
2021-03-25 16:04:02.364,16012,16015,16012,2
2021-03-25 16:04:03.509,16012,16014,16012,1
2021-03-25 16:04:03.510,16012,16014,16012,1
2021-03-25 16:04:04.287,16012,16014,16012,4
2021-03-25 16:04:04.287,16012,16014,16012,1
2021-03-25 16:04:04.288,16012,16014,16012,1
2021-03-25 16:04:10.326,16012,16014,16012,1
2021-03-25 16:04:10.598,16012,16014,16012,1
2021-03-25 16:04:13.403,16012,16013,16012,1
2021-03-25 16:04:13.404,16012,16013,16012,1
2021-03-25 16:04:13.404,16012,16013,16012,1
2021-03-25 16:04:14.253,16011,16013,16013,1
2021-03-25 16:04:18.154,16011,16012,16012,2
2021-03-25 16:04:18.154,16011,16012,16013,4
2021-03-25 16:04:18.155,16011,16012,16013,1
2021-03-25 16:04:18.155,16011,16012,16013,1
2021-03-25 16:04:18.155,16011,16012,16013,1
2021-03-25 16:04:18.155,16011,16012,16013,1
2021-03-25 16:04:18.155,16011,16012,16013,13
2021-03-25 16:04:18.155,16011,16012,16013,1
2021-03-25 16:04:18.155,16011,16012,16013,1
2021-03-25 16:04:18.156,16011,16012,16013,1
2021-03-25 16:04:18.156,16011,16012,16013,1
2021-03-25 16:04:18.156,16011,16012,16013,1
2021-03-25 16:04:20.729,16012,16013,16012,1
2021-03-25 16:04:20.815,16011,16013,16011,1
2021-03-25 16:04:20.883,16011,16013,16011,1
2021-03-25 16:04:27.774,16011,16013,16013,1
2021-03-25 16:04:29.793,16012,16013,16013,1
2021-03-25 16:04:30.908,16013,16014,16013,1
2021-03-25 16:04:32.721,16013,16014,16014,1
2021-03-25 16:04:32.721,16013,16014,16014,2
2021-03-25 16:04:35.096,16014,16015,16015,1
2021-03-25 16:04:37.521,16015,16016,16016,1
2021-03-25 16:04:37.522,16015,16016,16016,1
2021-03-25 16:04:37.522,16015,16016,16016,1
2021-03-25 16:04:37.522,16015,16016,16016,2
2021-03-25 16:04:38.230,16015,16017,16015,1
2021-03-25 16:04:38.315,16015,16017,16015,1
2021-03-25 16:04:40.293,16014,16016,16016,2
2021-03-25 16:04:40.293,16014,16016,16016,1
2021-03-25 16:04:44.501,16014,16016,16016,1
2021-03-25 16:04:46.704,16015,16017,16015,1
2021-03-25 16:04:51.969,16015,16016,16016,1
2021-03-25 16:04:53.328,16015,16017,16017,1
2021-03-25 16:04:54.504,16015,16017,16017,1
2021-03-25 16:04:55.932,16015,16017,16016,1
2021-03-25 16:04:56.567,16016,16017,16017,9
2021-03-25 16:04:57.726,16017,16018,16018,2
2021-03-25 16:04:59.378,16017,16019,16017,1
2021-03-25 16:05:04.097,16017,16018,16017,1
2021-03-25 16:05:06.326,16016,16018,16016,2
2021-03-25 16:05:09.413,16016,16018,16017,1
2021-03-25 16:05:10.389,16015,16017,16017,1
2021-03-25 16:05:15.252,16015,16017,16017,1
2021-03-25 16:05:17.594,16017,16018,16018,3
2021-03-25 16:05:17.769,16018,16019,16018,1
2021-03-25 16:05:18.470,16017,16019,16019,1
2021-03-25 16:05:25.212,16018,16019,16019,1
2021-03-25 16:05:25.213,16018,16019,16019,10
2021-03-25 16:05:27.973,16018,16020,16018,1
2021-03-25 16:05:30.106,16019,16020,16020,1
2021-03-25 16:05:30.106,16019,16020,16020,1
2021-03-25 16:05:30.106,16019,16020,16020,12
2021-03-25 16:05:31.357,16020,16022,16020,1
2021-03-25 16:05:32.563,16020,16022,16022,1
2021-03-25 16:05:32.728,16020,16022,16022,2
2021-03-25 16:05:33.369,16021,16022,16021,1
2021-03-25 16:05:35.814,16020,16021,16020,1
2021-03-25 16:05:37.928,16019,16021,16021,1
2021-03-25 16:05:38.025,16019,16021,16021,1
2021-03-25 16:05:39.820,16019,16021,16021,1
2021-03-25 16:05:40.689,16020,16021,16020,7
2021-03-25 16:05:40.743,16020,16021,16020,2
2021-03-25 16:05:45.018,16020,16022,16021,1
2021-03-25 16:05:45.830,16019,16021,16021,2
2021-03-25 16:05:47.730,16019,16021,16021,1
2021-03-25 16:05:48.374,16019,16021,16021,1
2021-03-25 16:05:49.697,16019,16021,16021,1
2021-03-25 16:05:54.172,16021,16022,16022,8
2021-03-25 16:05:59.735,16021,16023,16023,4
2021-03-25 16:05:59.735,16021,16023,16023,1
2021-03-25 16:05:59.735,16021,16023,16023,3
2021-03-25 16:05:59.736,16021,16023,16023,1
2021-03-25 16:05:59.736,16021,16023,16023,1
2021-03-25 16:05:59.814,16023,16024,16024,1
2021-03-25 16:06:00.272,16023,16024,16023,1
2021-03-25 16:06:01.541,16023,16024,16023,1
2021-03-25 16:06:01.829,16022,16024,16024,1
2021-03-25 16:06:02.368,16022,16024,16024,1
2021-03-25 16:06:02.907,16021,16023,16022,3
2021-03-25 16:06:08.189,16021,16022,16021,3
2021-03-25 16:06:10.200,16020,16022,16020,2
2021-03-25 16:06:12.126,16020,16022,16020,2
2021-03-25 16:06:13.439,16021,16022,16022,1
2021-03-25 16:06:13.936,16021,16023,16021,2
2021-03-25 16:06:19.127,16021,16022,16022,1
2021-03-25 16:06:25.214,16022,16023,16023,1
2021-03-25 16:06:27.755,16022,16024,16022,1
2021-03-25 16:06:37.034,16022,16023,16023,1
2021-03-25 16:06:37.495,16022,16023,16022,1
2021-03-25 16:06:37.892,16022,16023,16023,1
2021-03-25 16:06:41.080,16022,16023,16022,1
2021-03-25 16:06:41.564,16021,16022,16022,1
2021-03-25 16:06:43.449,16021,16023,16023,1
2021-03-25 16:06:47.965,16021,16023,16023,2
2021-03-25 16:06:48.666,16021,16023,16023,2
2021-03-25 16:06:49.073,16021,16023,16023,1
2021-03-25 16:06:54.543,16021,16022,16022,1
2021-03-25 16:06:55.377,16021,16022,16021,2
2021-03-25 16:06:55.378,16021,16022,16021,1
2021-03-25 16:06:55.378,16021,16022,16021,1
2021-03-25 16:06:55.378,16021,16022,16021,1
2021-03-25 16:06:55.378,16021,16022,16021,1
2021-03-25 16:06:55.378,16021,16022,16021,1
2021-03-25 16:06:55.378,16021,16022,16021,3
2021-03-25 16:06:55.492,16020,16021,16021,1
2021-03-25 16:06:55.939,16020,16021,16021,1
2021-03-25 16:06:58.626,16020,16021,16020,1
2021-03-25 16:06:58.626,16020,16021,16020,1
2021-03-25 16:06:58.626,16020,16021,16020,1
2021-03-25 16:06:58.626,16020,16021,16020,3
2021-03-25 16:06:58.626,16020,16021,16020,1
2021-03-25 16:06:58.626,16020,16021,16020,1
2021-03-25 16:06:58.626,16020,16021,16020,4
2021-03-25 16:06:59.293,16019,16020,16020,2
2021-03-25 16:07:07.918,16019,16020,16020,1
2021-03-25 16:07:07.918,16019,16020,16020,1
2021-03-25 16:07:07.918,16019,16020,16020,2
2021-03-25 16:07:07.919,16019,16020,16020,2
2021-03-25 16:07:11.689,16019,16020,16020,1
2021-03-25 16:07:13.672,16019,16021,16020,1
2021-03-25 16:07:13.892,16019,16020,16020,1
2021-03-25 16:07:20.760,16019,16020,16019,5
2021-03-25 16:07:20.909,16018,16020,16019,1
2021-03-25 16:07:22.956,16018,16020,16020,1
2021-03-25 16:07:23.343,16020,16021,16020,1
2021-03-25 16:07:33.459,16019,16020,16020,2
2021-03-25 16:07:39.528,16020,16021,16021,1
2021-03-25 16:07:39.529,16020,16021,16021,1
2021-03-25 16:07:40.649,16021,16022,16021,2
2021-03-25 16:07:44.804,16019,16020,16020,1
2021-03-25 16:07:45.366,16019,16020,16019,1
2021-03-25 16:07:45.366,16019,16020,16019,1
2021-03-25 16:07:45.708,16019,16020,16020,1
2021-03-25 16:07:48.117,16020,16021,16021,5
2021-03-25 16:08:00.437,16020,16021,16020,1
2021-03-25 16:08:03.666,16020,16021,16021,1
2021-03-25 16:08:03.869,16020,16022,16022,4
2021-03-25 16:08:05.778,16021,16022,16022,1
2021-03-25 16:08:15.457,16021,16022,16021,1
2021-03-25 16:08:19.448,16021,16022,16022,1
2021-03-25 16:08:19.565,16021,16023,16021,1
2021-03-25 16:08:19.565,16021,16023,16021,1
2021-03-25 16:08:19.566,16021,16023,16021,1
2021-03-25 16:08:19.566,16021,16023,16021,1
2021-03-25 16:08:22.684,16022,16023,16023,1
2021-03-25 16:08:22.684,16022,16023,16023,1
2021-03-25 16:08:22.684,16022,16023,16023,1
2021-03-25 16:08:22.684,16022,16023,16023,1
2021-03-25 16:08:22.684,16022,16023,16023,1
2021-03-25 16:08:23.621,16023,16024,16023,1
2021-03-25 16:08:27.541,16023,16024,16023,2
2021-03-25 16:08:27.986,16023,16024,16024,2
2021-03-25 16:08:27.986,16023,16024,16024,4
2021-03-25 16:08:27.987,16023,16024,16024,1
2021-03-25 16:08:27.987,16023,16024,16024,1
2021-03-25 16:08:27.987,16023,16024,16024,4
2021-03-25 16:08:33.935,16023,16024,16024,1
2021-03-25 16:08:35.564,16023,16024,16024,1
2021-03-25 16:08:36.708,16023,16025,16024,2
2021-03-25 16:08:40.761,16023,16024,16024,1
2021-03-25 16:08:40.761,16023,16024,16025,3
2021-03-25 16:08:41.495,16023,16025,16025,4
2021-03-25 16:08:42.426,16023,16025,16025,1
2021-03-25 16:08:43.938,16024,16026,16026,3
2021-03-25 16:08:44.088,16024,16026,16026,2
2021-03-25 16:08:47.475,16024,16025,16025,1
2021-03-25 16:08:47.524,16024,16025,16024,1
2021-03-25 16:08:50.394,16024,16026,16026,3
2021-03-25 16:08:55.881,16024,16025,16025,1
2021-03-25 16:09:08.599,16024,16025,16025,1
2021-03-25 16:09:08.600,16024,16025,16025,1
2021-03-25 16:09:10.290,16024,16025,16025,1
2021-03-25 16:09:10.290,16024,16025,16025,1
2021-03-25 16:09:26.939,16024,16025,16025,1
2021-03-25 16:09:30.386,16025,16026,16025,1
2021-03-25 16:09:30.386,16025,16026,16025,2
2021-03-25 16:09:34.142,16024,16026,16026,1
2021-03-25 16:09:35.593,16025,16026,16025,2
2021-03-25 16:09:38.227,16025,16026,16026,12
2021-03-25 16:09:38.228,16025,16026,16026,1
2021-03-25 16:09:38.686,16025,16027,16027,1
2021-03-25 16:09:42.203,16025,16027,16027,1
2021-03-25 16:09:43.249,16025,16027,16027,1
2021-03-25 16:09:45.314,16025,16026,16026,1
2021-03-25 16:09:47.822,16025,16027,16027,1
2021-03-25 16:09:49.141,16025,16027,16027,1
2021-03-25 16:09:50.787,16025,16027,16026,1
2021-03-25 16:09:52.973,16025,16026,16025,1
2021-03-25 16:09:56.074,16025,16027,16027,2
2021-03-25 16:10:01.013,16025,16026,16026,1
2021-03-25 16:10:01.997,16025,16027,16027,1
2021-03-25 16:10:03.756,16026,16027,16026,1
2021-03-25 16:10:04.030,16025,16026,16025,2
2021-03-25 16:10:07.757,16025,16026,16025,1
2021-03-25 16:10:08.082,16024,16026,16026,3
2021-03-25 16:10:08.897,16024,16026,16026,1
2021-03-25 16:10:12.697,16024,16025,16025,1
2021-03-25 16:10:12.697,16024,16025,16026,1
2021-03-25 16:10:22.059,16025,16026,16026,1
2021-03-25 16:10:30.807,16025,16026,16025,4
2021-03-25 16:10:31.550,16024,16026,16025,1
2021-03-25 16:10:31.552,16024,16026,16025,1
2021-03-25 16:10:31.810,16024,16026,16026,1
2021-03-25 16:10:33.189,16025,16026,16026,1
2021-03-25 16:10:39.298,16025,16026,16026,1
2021-03-25 16:10:39.378,16025,16026,16026,1
2021-03-25 16:10:43.725,16025,16026,16026,1
2021-03-25 16:10:45.652,16025,16026,16026,1
2021-03-25 16:10:45.668,16025,16026,16027,1
2021-03-25 16:10:45.766,16026,16027,16027,1
2021-03-25 16:10:50.660,16025,16027,16027,1
2021-03-25 16:10:50.714,16025,16027,16026,1
2021-03-25 16:10:52.581,16025,16026,16025,1
2021-03-25 16:10:53.840,16025,16026,16026,2
2021-03-25 16:10:54.220,16026,16027,16026,1
2021-03-25 16:10:54.549,16025,16026,16026,1
2021-03-25 16:11:00.202,16025,16026,16026,1
2021-03-25 16:11:01.681,16025,16027,16025,1
2021-03-25 16:11:05.616,16026,16027,16027,1
2021-03-25 16:11:05.616,16026,16027,16027,5
2021-03-25 16:11:05.616,16026,16027,16027,1
2021-03-25 16:11:09.298,16027,16028,16028,2
2021-03-25 16:11:12.412,16027,16028,16028,2
2021-03-25 16:11:12.888,16027,16028,16028,2
2021-03-25 16:11:15.106,16027,16028,16028,1
2021-03-25 16:11:18.869,16027,16028,16028,2
2021-03-25 16:11:21.485,16027,16028,16028,1
2021-03-25 16:11:21.820,16027,16028,16028,1
2021-03-25 16:11:22.633,16028,16029,16028,1
2021-03-25 16:11:24.404,16027,16028,16028,1
2021-03-25 16:11:24.553,16027,16028,16028,1
2021-03-25 16:11:30.798,16027,16028,16028,5
2021-03-25 16:11:30.798,16027,16028,16028,1
2021-03-25 16:11:38.915,16027,16028,16028,1
2021-03-25 16:11:41.868,16027,16028,16028,2
2021-03-25 16:11:44.928,16028,16029,16029,4
2021-03-25 16:11:48.772,16028,16029,16029,1
2021-03-25 16:11:54.177,16028,16029,16029,1
2021-03-25 16:11:54.177,16028,16029,16029,1
2021-03-25 16:11:54.624,16028,16029,16029,2
2021-03-25 16:11:54.625,16028,16029,16029,1
2021-03-25 16:11:56.544,16028,16029,16029,2
2021-03-25 16:11:56.544,16028,16029,16029,1
2021-03-25 16:11:56.544,16028,16029,16029,8
2021-03-25 16:11:56.545,16028,16029,16029,2
2021-03-25 16:11:58.294,16029,16030,16030,1
2021-03-25 16:11:58.857,16029,16030,16029,5
2021-03-25 16:11:59.180,16028,16030,16030,1
2021-03-25 16:12:00.533,16029,16030,16029,2
2021-03-25 16:12:01.747,16029,16030,16029,2
2021-03-25 16:12:03.379,16028,16030,16030,1
2021-03-25 16:12:06.304,16028,16030,16029,1
2021-03-25 16:12:08.752,16028,16029,16029,1
2021-03-25 16:12:09.923,16029,16030,16029,1
2021-03-25 16:12:13.013,16029,16030,16030,1
2021-03-25 16:12:14.089,16029,16030,16030,1
2021-03-25 16:12:14.089,16029,16030,16030,1
2021-03-25 16:12:14.089,16029,16030,16030,3
2021-03-25 16:12:14.089,16029,16030,16030,1
2021-03-25 16:12:14.090,16029,16030,16030,2
2021-03-25 16:12:14.090,16029,16030,16030,2
2021-03-25 16:12:14.090,16029,16030,16030,1
2021-03-25 16:12:14.090,16029,16030,16030,15
2021-03-25 16:12:14.090,16029,16030,16030,7
2021-03-25 16:12:14.090,16029,16030,16030,4
2021-03-25 16:12:14.254,16030,16031,16031,2
2021-03-25 16:12:14.254,16030,16031,16031,1
2021-03-25 16:12:21.802,16030,16031,16031,1
2021-03-25 16:12:21.803,16030,16031,16031,1
2021-03-25 16:12:22.486,16030,16031,16031,1
2021-03-25 16:12:22.487,16030,16031,16031,1
2021-03-25 16:12:24.582,16030,16031,16031,1
2021-03-25 16:12:24.582,16030,16031,16031,1
2021-03-25 16:12:25.703,16030,16031,16031,2
2021-03-25 16:12:25.703,16030,16031,16031,1
2021-03-25 16:12:27.079,16030,16031,16031,2
2021-03-25 16:12:27.080,16030,16031,16031,1
2021-03-25 16:12:27.554,16030,16031,16031,1
2021-03-25 16:12:27.847,16030,16032,16031,1
2021-03-25 16:12:28.708,16031,16032,16031,1
2021-03-25 16:12:31.303,16031,16032,16031,2
2021-03-25 16:12:32.942,16031,16032,16031,1
2021-03-25 16:12:34.285,16030,16031,16031,2
2021-03-25 16:12:34.285,16030,16031,16032,3
2021-03-25 16:12:38.468,16031,16032,16032,1
2021-03-25 16:12:38.914,16031,16032,16031,1
2021-03-25 16:12:40.599,16030,16032,16031,2
2021-03-25 16:12:40.870,16030,16031,16031,1
2021-03-25 16:12:42.804,16030,16031,16031,1
2021-03-25 16:12:42.804,16030,16031,16031,1
2021-03-25 16:12:44.041,16030,16031,16031,1
2021-03-25 16:12:44.739,16030,16032,16031,1
2021-03-25 16:12:49.641,16031,16032,16032,1
2021-03-25 16:12:50.350,16030,16032,16030,1
2021-03-25 16:12:50.458,16030,16032,16031,1
2021-03-25 16:12:51.602,16030,16032,16031,1
2021-03-25 16:12:51.925,16030,16032,16031,1
2021-03-25 16:12:55.906,16030,16031,16031,2
2021-03-25 16:12:55.907,16030,16031,16031,1
2021-03-25 16:12:57.503,16030,16031,16030,1
2021-03-25 16:12:57.503,16030,16031,16030,1
2021-03-25 16:12:57.503,16030,16031,16030,3
2021-03-25 16:12:57.503,16030,16031,16030,3
2021-03-25 16:12:57.774,16029,16030,16030,2
2021-03-25 16:13:03.689,16030,16031,16030,1
2021-03-25 16:13:08.929,16030,16031,16030,3
2021-03-25 16:13:09.786,16029,16030,16030,1
2021-03-25 16:13:09.796,16029,16030,16029,1
2021-03-25 16:13:18.483,16029,16030,16030,2
2021-03-25 16:13:20.246,16030,16031,16030,1
2021-03-25 16:13:24.141,16030,16031,16030,1
2021-03-25 16:13:30.037,16030,16031,16030,1
2021-03-25 16:13:35.213,16030,16031,16031,1
2021-03-25 16:13:35.213,16030,16031,16031,1
2021-03-25 16:13:36.554,16030,16031,16031,3
2021-03-25 16:13:36.554,16030,16031,16031,2
2021-03-25 16:13:36.554,16030,16031,16031,2
2021-03-25 16:13:36.554,16030,16031,16031,1
2021-03-25 16:13:36.554,16030,16031,16031,2
2021-03-25 16:13:39.705,16030,16031,16031,1
2021-03-25 16:13:46.680,16030,16031,16031,3
2021-03-25 16:13:49.079,16030,16031,16031,1
2021-03-25 16:13:51.182,16031,16032,16031,1
2021-03-25 16:13:51.738,16031,16032,16031,2
2021-03-25 16:13:53.552,16031,16032,16031,4
2021-03-25 16:13:56.635,16030,16032,16032,2
2021-03-25 16:14:06.947,16031,16032,16032,1
2021-03-25 16:14:09.967,16031,16032,16031,1
2021-03-25 16:14:22.581,16031,16032,16031,1
2021-03-25 16:14:39.564,16030,16031,16030,7
2021-03-25 16:15:08.299,16029,16030,16030,1
2021-03-25 16:15:08.299,16029,16030,16030,3
2021-03-25 16:15:09.652,16030,16031,16031,2
2021-03-25 16:15:10.103,16031,16032,16032,2
2021-03-25 16:15:10.103,16031,16032,16032,2
2021-03-25 16:15:10.103,16031,16032,16032,1
2021-03-25 16:15:10.104,16031,16032,16032,1
2021-03-25 16:15:10.104,16031,16032,16032,4
2021-03-25 16:15:10.104,16031,16032,16032,3
2021-03-25 16:15:10.104,16031,16032,16032,2
2021-03-25 16:15:10.106,16031,16032,16033,1
2021-03-25 16:15:10.106,16031,16032,16033,1
2021-03-25 16:15:10.106,16031,16032,16033,1
2021-03-25 16:15:11.163,16032,16033,16033,1
2021-03-25 16:15:11.344,16032,16033,16032,1
2021-03-25 16:15:11.413,16032,16033,16033,1
2021-03-25 16:15:11.698,16032,16033,16033,3
2021-03-25 16:15:17.541,16032,16033,16033,1
2021-03-25 16:15:17.547,16032,16033,16033,1
2021-03-25 16:15:19.312,16032,16033,16033,1
2021-03-25 16:15:19.426,16032,16034,16033,1
2021-03-25 16:15:22.927,16031,16032,16032,1
2021-03-25 16:15:25.075,16031,16032,16031,1
2021-03-25 16:15:26.754,16031,16032,16032,1
2021-03-25 16:15:28.721,16031,16032,16032,1
2021-03-25 16:15:29.245,16031,16033,16033,2
2021-03-25 16:15:29.246,16031,16033,16033,1
2021-03-25 16:15:35.432,16033,16034,16033,1
2021-03-25 16:15:35.579,16033,16034,16033,1
2021-03-25 16:15:38.065,16033,16034,16034,1
2021-03-25 16:15:38.066,16033,16034,16034,1
2021-03-25 16:15:38.066,16033,16034,16034,1
2021-03-25 16:15:38.066,16033,16034,16034,1
2021-03-25 16:15:38.066,16033,16034,16034,8
2021-03-25 16:15:39.451,16033,16035,16033,1
2021-03-25 16:15:40.746,16034,16035,16034,1
2021-03-25 16:15:40.747,16034,16035,16034,1
2021-03-25 16:15:43.037,16033,16035,16034,1
2021-03-25 16:15:44.733,16033,16034,16034,1
2021-03-25 16:15:44.734,16033,16034,16034,1
2021-03-25 16:15:45.192,16033,16035,16034,1
2021-03-25 16:15:45.526,16033,16035,16034,1
2021-03-25 16:15:47.315,16034,16035,16034,1
2021-03-25 16:15:49.071,16033,16035,16035,1
2021-03-25 16:15:49.343,16033,16035,16035,3
2021-03-25 16:15:49.394,16033,16035,16035,1
2021-03-25 16:15:49.394,16033,16035,16035,1
2021-03-25 16:15:52.793,16034,16035,16035,4
2021-03-25 16:15:52.794,16034,16035,16035,1
2021-03-25 16:15:52.874,16034,16035,16034,1
2021-03-25 16:15:53.425,16033,16035,16035,4
2021-03-25 16:15:54.003,16034,16035,16035,1
2021-03-25 16:16:00.653,16034,16035,16035,1
2021-03-25 16:16:00.756,16034,16035,16035,1
2021-03-25 16:16:00.757,16034,16035,16035,1
2021-03-25 16:16:01.922,16034,16035,16035,1
2021-03-25 16:16:01.922,16034,16035,16035,1
2021-03-25 16:16:01.977,16034,16035,16034,1
2021-03-25 16:16:01.978,16034,16035,16034,1
2021-03-25 16:16:03.734,16034,16036,16034,1
2021-03-25 16:16:07.064,16033,16035,16035,2
2021-03-25 16:16:16.679,16033,16034,16033,2
2021-03-25 16:16:16.679,16033,16034,16033,16
2021-03-25 16:16:16.689,16031,16032,16031,1
2021-03-25 16:16:25.419,16031,16032,16032,1
2021-03-25 16:16:25.419,16031,16032,16032,2
2021-03-25 16:16:25.419,16031,16032,16032,1
2021-03-25 16:16:25.444,16032,16034,16034,1
2021-03-25 16:16:34.275,16032,16033,16033,2
2021-03-25 16:16:34.926,16032,16034,16034,1
2021-03-25 16:16:38.758,16032,16033,16033,1
2021-03-25 16:16:43.215,16033,16034,16033,1
2021-03-25 16:16:45.552,16033,16034,16033,2
2021-03-25 16:16:48.395,16033,16034,16033,1
2021-03-25 16:17:00.457,16032,16033,16032,1
2021-03-25 16:17:02.399,16032,16033,16032,1
