2019-11-13 15:00:00.073,11465,11466,11466,26
2019-11-13 15:00:00.493,11465,11466,11466,6
2019-11-13 15:00:00.573,11465,11466,11466,4
2019-11-13 15:00:00.928,11465,11467,11467,2
2019-11-13 15:00:01.000,11466,11467,11467,1
2019-11-13 15:00:01.387,11466,11467,11466,1
2019-11-13 15:00:01.993,11466,11467,11467,6
2019-11-13 15:00:02.101,11466,11467,11467,1
2019-11-13 15:00:02.101,11466,11467,11467,1
2019-11-13 15:00:02.102,11466,11467,11467,1
2019-11-13 15:00:06.519,11467,11468,11467,3
2019-11-13 15:00:07.084,11466,11468,11468,3
2019-11-13 15:00:10.456,11466,11467,11467,1
2019-11-13 15:00:10.920,11466,11468,11467,1
2019-11-13 15:00:11.978,11467,11468,11467,1
2019-11-13 15:00:12.267,11467,11468,11467,1
2019-11-13 15:00:14.819,11467,11468,11468,1
2019-11-13 15:00:16.227,11467,11468,11468,1
2019-11-13 15:00:16.361,11467,11468,11467,1
2019-11-13 15:00:16.664,11467,11468,11468,4
2019-11-13 15:00:17.435,11467,11468,11468,1
2019-11-13 15:00:17.565,11467,11468,11468,2
2019-11-13 15:00:17.726,11467,11468,11468,1
2019-11-13 15:00:17.872,11467,11468,11468,3
2019-11-13 15:00:17.932,11467,11468,11468,1
2019-11-13 15:00:17.976,11467,11468,11468,12
2019-11-13 15:00:17.976,11467,11468,11468,3
2019-11-13 15:00:18.101,11467,11468,11468,10
2019-11-13 15:00:18.101,11467,11468,11468,4
2019-11-13 15:00:21.913,11468,11469,11468,1
2019-11-13 15:00:21.991,11468,11469,11469,2
2019-11-13 15:00:23.339,11468,11469,11468,1
2019-11-13 15:00:23.834,11468,11469,11469,1
2019-11-13 15:00:25.348,11468,11469,11469,2
2019-11-13 15:00:26.020,11468,11469,11468,1
2019-11-13 15:00:26.405,11468,11469,11469,1
2019-11-13 15:00:27.236,11468,11469,11469,2
2019-11-13 15:00:27.983,11468,11469,11468,2
2019-11-13 15:00:28.438,11468,11469,11469,1
2019-11-13 15:00:28.786,11468,11469,11469,1
2019-11-13 15:00:29.011,11468,11469,11469,1
2019-11-13 15:00:29.573,11468,11469,11469,1
2019-11-13 15:00:30.783,11469,11470,11470,1
2019-11-13 15:00:32.057,11469,11470,11469,1
2019-11-13 15:00:35.503,11469,11470,11469,1
2019-11-13 15:00:36.660,11469,11470,11469,1
2019-11-13 15:00:38.189,11469,11470,11469,1
2019-11-13 15:00:41.575,11469,11470,11469,1
2019-11-13 15:00:42.074,11469,11470,11469,1
2019-11-13 15:00:43.312,11469,11470,11469,1
2019-11-13 15:00:46.271,11469,11470,11469,1
2019-11-13 15:00:50.581,11469,11470,11470,2
2019-11-13 15:00:56.409,11469,11470,11469,1
2019-11-13 15:01:00.105,11469,11470,11470,1
2019-11-13 15:01:00.179,11469,11470,11470,1
2019-11-13 15:01:02.219,11469,11470,11469,6
2019-11-13 15:01:02.566,11469,11470,11469,2
2019-11-13 15:01:03.601,11469,11470,11469,2
2019-11-13 15:01:06.413,11468,11469,11468,1
2019-11-13 15:01:06.613,11468,11469,11468,1
2019-11-13 15:01:06.814,11468,11469,11468,1
2019-11-13 15:01:09.897,11468,11469,11468,1
2019-11-13 15:01:10.246,11468,11469,11468,1
2019-11-13 15:01:10.351,11468,11469,11468,4
2019-11-13 15:01:12.151,11467,11468,11468,1
2019-11-13 15:01:15.204,11467,11468,11468,1
2019-11-13 15:01:18.413,11467,11468,11468,1
2019-11-13 15:01:25.771,11467,11468,11467,1
2019-11-13 15:01:31.351,11467,11468,11467,20
2019-11-13 15:01:33.181,11467,11468,11467,1
2019-11-13 15:01:35.086,11467,11468,11467,1
2019-11-13 15:01:35.703,11467,11468,11467,1
2019-11-13 15:01:37.370,11467,11468,11467,2
2019-11-13 15:01:37.745,11467,11468,11467,1
2019-11-13 15:01:39.616,11467,11468,11467,1
2019-11-13 15:01:40.110,11467,11468,11467,3
2019-11-13 15:01:44.769,11466,11467,11466,1
2019-11-13 15:01:48.472,11466,11467,11466,1
2019-11-13 15:01:51.332,11466,11467,11466,1
2019-11-13 15:01:53.038,11466,11467,11466,3
2019-11-13 15:01:55.489,11466,11467,11466,8
2019-11-13 15:01:55.996,11465,11466,11465,9
2019-11-13 15:01:56.165,11464,11465,11464,1
2019-11-13 15:01:59.452,11464,11465,11465,2
2019-11-13 15:02:01.351,11464,11465,11465,1
2019-11-13 15:02:02.377,11465,11466,11465,1
2019-11-13 15:02:03.018,11465,11466,11465,1
2019-11-13 15:02:04.350,11465,11466,11465,1
2019-11-13 15:02:08.150,11465,11466,11465,1
2019-11-13 15:02:09.311,11465,11466,11465,1
2019-11-13 15:02:16.110,11465,11466,11465,16
2019-11-13 15:02:19.500,11464,11465,11465,1
2019-11-13 15:02:20.489,11464,11465,11464,1
2019-11-13 15:02:21.954,11464,11465,11464,3
2019-11-13 15:02:22.472,11464,11465,11464,1
2019-11-13 15:02:25.726,11464,11465,11464,1
2019-11-13 15:02:25.726,11464,11465,11464,3
2019-11-13 15:02:25.768,11464,11465,11464,2
2019-11-13 15:02:25.851,11464,11465,11464,3
2019-11-13 15:02:25.851,11464,11465,11464,4
2019-11-13 15:02:27.132,11463,11464,11464,1
2019-11-13 15:02:31.858,11463,11464,11464,7
2019-11-13 15:02:34.910,11463,11464,11464,1
2019-11-13 15:02:36.226,11463,11464,11464,7
2019-11-13 15:02:40.262,11463,11464,11464,1
2019-11-13 15:02:41.832,11464,11465,11464,7
2019-11-13 15:02:46.072,11463,11464,11464,1
2019-11-13 15:02:47.867,11463,11464,11464,7
2019-11-13 15:02:53.135,11463,11464,11464,2
2019-11-13 15:02:55.889,11463,11464,11464,1
2019-11-13 15:02:56.490,11463,11464,11464,1
2019-11-13 15:02:58.040,11463,11464,11464,2
2019-11-13 15:02:59.132,11463,11464,11464,1
2019-11-13 15:03:05.326,11463,11464,11464,1
2019-11-13 15:03:05.470,11463,11464,11464,1
2019-11-13 15:03:10.155,11464,11465,11464,1
2019-11-13 15:03:18.851,11464,11465,11465,13
2019-11-13 15:03:18.976,11464,11465,11465,2
2019-11-13 15:03:18.976,11464,11465,11465,10
2019-11-13 15:03:18.976,11464,11465,11465,3
2019-11-13 15:03:18.976,11464,11465,11465,2
2019-11-13 15:03:18.976,11464,11465,11465,5
2019-11-13 15:03:20.679,11465,11466,11465,1
2019-11-13 15:03:26.569,11465,11466,11465,1
2019-11-13 15:03:26.725,11465,11466,11466,1
2019-11-13 15:03:34.804,11465,11466,11466,3
2019-11-13 15:03:35.900,11465,11466,11466,1
2019-11-13 15:03:37.869,11465,11466,11466,1
2019-11-13 15:03:39.598,11465,11466,11465,15
2019-11-13 15:03:41.697,11464,11465,11465,1
2019-11-13 15:03:48.697,11464,11465,11464,1
2019-11-13 15:04:05.113,11464,11465,11465,1
2019-11-13 15:04:05.372,11464,11465,11464,1
2019-11-13 15:04:06.258,11464,11465,11464,5
2019-11-13 15:04:12.863,11464,11465,11464,1
2019-11-13 15:04:13.011,11464,11465,11464,1
2019-11-13 15:04:13.169,11464,11465,11464,1
2019-11-13 15:04:17.676,11464,11465,11464,1
2019-11-13 15:04:21.377,11464,11465,11465,1
2019-11-13 15:04:23.817,11464,11465,11464,1
2019-11-13 15:04:38.528,11464,11465,11464,2
2019-11-13 15:04:39.505,11464,11465,11464,10
2019-11-13 15:04:40.138,11464,11465,11464,1
2019-11-13 15:04:45.981,11463,11464,11464,1
2019-11-13 15:04:51.714,11464,11465,11464,1
2019-11-13 15:05:15.612,11463,11464,11464,1
2019-11-13 15:05:22.024,11463,11464,11464,4
2019-11-13 15:05:25.910,11463,11464,11464,3
2019-11-13 15:05:28.150,11463,11464,11464,1
2019-11-13 15:05:34.025,11463,11464,11464,1
2019-11-13 15:05:50.581,11464,11465,11464,1
2019-11-13 15:05:53.275,11463,11464,11464,1
2019-11-13 15:06:00.041,11463,11464,11464,1
2019-11-13 15:06:02.237,11463,11464,11463,4
2019-11-13 15:06:02.360,11463,11464,11463,4
2019-11-13 15:06:07.193,11463,11464,11463,20
2019-11-13 15:06:07.635,11462,11463,11462,1
2019-11-13 15:06:07.781,11462,11463,11462,1
2019-11-13 15:06:09.032,11462,11463,11463,1
2019-11-13 15:06:12.874,11462,11463,11462,1
2019-11-13 15:06:23.225,11462,11463,11462,12
2019-11-13 15:06:29.325,11462,11463,11462,1
2019-11-13 15:06:34.365,11462,11463,11463,2
2019-11-13 15:06:35.715,11462,11463,11462,1
2019-11-13 15:06:41.648,11462,11463,11463,25
2019-11-13 15:06:41.695,11462,11463,11463,1
2019-11-13 15:06:41.727,11463,11464,11463,2
2019-11-13 15:06:41.909,11463,11464,11463,2
2019-11-13 15:06:45.291,11463,11464,11463,1
2019-11-13 15:06:45.291,11463,11464,11462,1
2019-11-13 15:07:00.761,11463,11464,11463,1
2019-11-13 15:07:06.140,11463,11464,11464,4
2019-11-13 15:07:06.227,11464,11465,11464,1
2019-11-13 15:07:16.799,11464,11465,11465,1
2019-11-13 15:07:18.153,11464,11465,11464,3
2019-11-13 15:07:18.153,11464,11465,11463,3
2019-11-13 15:07:41.945,11463,11464,11464,1
2019-11-13 15:07:43.487,11464,11465,11464,1
2019-11-13 15:07:55.567,11463,11464,11464,1
2019-11-13 15:07:59.988,11464,11465,11464,1
2019-11-13 15:08:07.541,11463,11464,11464,1
2019-11-13 15:08:36.899,11463,11464,11463,6
2019-11-13 15:08:46.003,11463,11464,11463,5
2019-11-13 15:08:49.959,11463,11464,11464,2
2019-11-13 15:08:49.976,11463,11464,11464,2
2019-11-13 15:08:55.042,11463,11465,11463,1
2019-11-13 15:10:00.674,11463,11464,11464,1
2019-11-13 15:10:03.810,11463,11464,11464,1
2019-11-13 15:10:10.381,11463,11464,11464,2
2019-11-13 15:10:10.487,11464,11465,11464,2
2019-11-13 15:10:12.557,11464,11465,11464,1
2019-11-13 15:10:31.410,11463,11464,11463,30
2019-11-13 15:10:39.209,11463,11464,11464,1
2019-11-13 15:10:39.621,11463,11464,11463,5
2019-11-13 15:10:40.775,11463,11464,11463,3
2019-11-13 15:10:45.477,11463,11464,11463,20
2019-11-13 15:10:45.520,11463,11464,11463,2
2019-11-13 15:10:45.601,11463,11464,11463,1
2019-11-13 15:10:50.959,11463,11464,11463,3
2019-11-13 15:11:02.241,11463,11464,11463,9
2019-11-13 15:11:02.351,11463,11464,11463,3
2019-11-13 15:11:02.476,11463,11464,11463,5
2019-11-13 15:11:04.103,11462,11463,11463,1
2019-11-13 15:11:06.837,11462,11463,11463,1
2019-11-13 15:11:08.678,11462,11463,11462,1
2019-11-13 15:11:08.805,11462,11463,11463,11
2019-11-13 15:11:13.635,11463,11464,11463,2
2019-11-13 15:11:18.563,11463,11464,11463,1
2019-11-13 15:11:49.217,11463,11464,11463,2
2019-11-13 15:11:53.617,11463,11464,11464,1
2019-11-13 15:12:00.690,11463,11464,11464,1
2019-11-13 15:12:00.690,11463,11464,11464,1
2019-11-13 15:12:00.691,11463,11464,11464,3
2019-11-13 15:12:00.851,11464,11465,11464,2
2019-11-13 15:12:00.901,11464,11465,11464,1
2019-11-13 15:12:05.224,11463,11464,11464,1
2019-11-13 15:12:10.160,11464,11465,11464,1
2019-11-13 15:12:10.160,11464,11465,11463,2
2019-11-13 15:12:15.155,11464,11465,11464,1
2019-11-13 15:12:40.534,11464,11465,11464,1
2019-11-13 15:12:42.798,11464,11465,11465,1
2019-11-13 15:12:47.916,11464,11465,11465,2
2019-11-13 15:12:48.894,11464,11465,11465,1
2019-11-13 15:12:53.772,11464,11465,11465,1
2019-11-13 15:12:59.067,11464,11465,11465,2
2019-11-13 15:13:01.859,11464,11465,11465,1
2019-11-13 15:13:07.476,11464,11465,11465,14
2019-11-13 15:13:07.601,11464,11465,11465,3
2019-11-13 15:13:07.852,11465,11466,11465,1
2019-11-13 15:13:14.518,11464,11466,11464,1
2019-11-13 15:13:18.487,11465,11466,11465,1
2019-11-13 15:13:42.301,11465,11466,11465,1
2019-11-13 15:13:46.109,11465,11466,11465,5
2019-11-13 15:14:03.939,11465,11466,11465,1
2019-11-13 15:14:04.955,11465,11466,11466,5
2019-11-13 15:14:09.249,11465,11466,11465,1
2019-11-13 15:14:15.610,11465,11466,11465,1
2019-11-13 15:14:19.795,11465,11466,11465,1
2019-11-13 15:14:42.858,11465,11466,11465,2
2019-11-13 15:14:56.800,11465,11466,11466,3
2019-11-13 15:15:05.601,11465,11466,11466,13
2019-11-13 15:15:05.726,11465,11466,11466,3
2019-11-13 15:15:05.726,11465,11466,11466,2
2019-11-13 15:15:07.156,11466,11467,11467,1
2019-11-13 15:15:09.728,11466,11467,11467,1
2019-11-13 15:15:11.690,11466,11467,11467,1
2019-11-13 15:15:13.226,11466,11467,11467,4
2019-11-13 15:15:13.237,11466,11467,11467,2
2019-11-13 15:15:13.348,11466,11467,11467,1
2019-11-13 15:15:14.795,11466,11467,11467,1
2019-11-13 15:15:14.987,11467,11468,11467,1
2019-11-13 15:15:18.741,11467,11468,11467,4
2019-11-13 15:15:18.819,11467,11468,11467,2
2019-11-13 15:15:24.073,11466,11467,11467,2
2019-11-13 15:15:31.498,11467,11468,11467,3
2019-11-13 15:15:36.210,11467,11468,11468,1
2019-11-13 15:15:39.102,11467,11468,11468,1
2019-11-13 15:15:45.042,11467,11468,11468,2
2019-11-13 15:15:45.149,11467,11468,11467,1
2019-11-13 15:15:45.892,11467,11468,11468,10
2019-11-13 15:15:45.976,11467,11468,11468,1
2019-11-13 15:15:45.976,11467,11468,11468,4
2019-11-13 15:15:45.977,11467,11468,11468,2
2019-11-13 15:15:49.085,11467,11468,11468,1
2019-11-13 15:15:53.840,11467,11468,11468,2
2019-11-13 15:16:03.644,11467,11468,11468,4
2019-11-13 15:16:03.738,11467,11468,11468,2
2019-11-13 15:16:07.636,11468,11469,11469,1
2019-11-13 15:16:11.002,11468,11469,11469,3
2019-11-13 15:16:14.365,11468,11469,11469,1
2019-11-13 15:16:22.308,11468,11469,11469,4
2019-11-13 15:16:26.637,11468,11469,11469,1
2019-11-13 15:16:28.494,11468,11469,11468,3
2019-11-13 15:16:35.888,11468,11469,11469,1
2019-11-13 15:16:39.399,11468,11469,11469,1
2019-11-13 15:16:41.694,11468,11469,11469,1
2019-11-13 15:16:46.757,11468,11469,11469,8
2019-11-13 15:16:54.076,11468,11469,11468,1
2019-11-13 15:16:57.771,11468,11469,11469,1
2019-11-13 15:17:00.484,11468,11469,11468,4
2019-11-13 15:17:03.440,11468,11469,11469,1
2019-11-13 15:17:20.976,11468,11469,11468,13
2019-11-13 15:17:26.231,11467,11468,11468,3
2019-11-13 15:17:28.682,11467,11468,11468,1
2019-11-13 15:17:47.276,11467,11468,11468,1
2019-11-13 15:17:48.820,11467,11468,11468,1
2019-11-13 15:17:53.599,11468,11469,11468,1
2019-11-13 15:17:53.797,11468,11469,11468,1
2019-11-13 15:18:02.054,11468,11469,11468,1
2019-11-13 15:18:10.260,11468,11469,11468,1
2019-11-13 15:18:13.993,11467,11468,11468,1
2019-11-13 15:18:19.921,11467,11468,11468,13
2019-11-13 15:18:31.742,11468,11469,11468,1
2019-11-13 15:18:47.946,11468,11469,11468,1
2019-11-13 15:18:58.804,11468,11469,11469,26
2019-11-13 15:18:58.899,11469,11470,11469,2
2019-11-13 15:19:08.945,11469,11470,11469,1
2019-11-13 15:19:11.164,11469,11470,11469,1
2019-11-13 15:19:13.702,11469,11470,11469,1
2019-11-13 15:19:15.570,11469,11470,11469,1
2019-11-13 15:19:20.246,11469,11470,11469,1
2019-11-13 15:19:21.037,11469,11470,11469,1
2019-11-13 15:19:23.436,11469,11470,11469,1
2019-11-13 15:19:24.691,11469,11470,11469,2
2019-11-13 15:19:29.396,11468,11469,11469,1
2019-11-13 15:19:33.162,11468,11469,11469,1
2019-11-13 15:19:36.160,11468,11469,11469,1
2019-11-13 15:19:36.291,11468,11469,11468,1
2019-11-13 15:19:55.749,11468,11469,11468,1
2019-11-13 15:20:00.266,11468,11469,11468,1
2019-11-13 15:20:01.791,11468,11469,11469,1
2019-11-13 15:20:02.275,11468,11469,11469,1
2019-11-13 15:20:02.283,11468,11469,11469,1
2019-11-13 15:20:03.051,11468,11469,11468,1
2019-11-13 15:20:04.017,11468,11469,11469,1
2019-11-13 15:20:06.678,11468,11469,11469,1
2019-11-13 15:20:06.679,11468,11469,11469,2
2019-11-13 15:20:06.726,11468,11469,11469,2
2019-11-13 15:20:07.667,11469,11470,11469,3
2019-11-13 15:20:20.180,11469,11470,11470,1
2019-11-13 15:20:20.953,11469,11470,11469,1
2019-11-13 15:20:22.398,11469,11470,11469,2
2019-11-13 15:20:46.982,11469,11470,11469,1
2019-11-13 15:20:47.327,11469,11470,11469,1
2019-11-13 15:20:51.912,11469,11470,11469,1
2019-11-13 15:20:53.449,11469,11470,11469,5
2019-11-13 15:20:59.842,11469,11470,11469,2
2019-11-13 15:21:03.883,11469,11470,11469,1
2019-11-13 15:21:27.115,11469,11470,11469,11
2019-11-13 15:21:27.982,11469,11470,11469,1
2019-11-13 15:21:27.982,11469,11470,11468,7
2019-11-13 15:21:31.765,11468,11469,11469,1
2019-11-13 15:21:49.310,11468,11469,11469,1
2019-11-13 15:22:02.163,11468,11469,11468,1
2019-11-13 15:22:04.252,11468,11469,11469,1
2019-11-13 15:22:08.797,11468,11469,11469,1
2019-11-13 15:22:12.721,11468,11469,11468,1
2019-11-13 15:22:28.553,11468,11469,11468,1
2019-11-13 15:22:47.958,11468,11469,11468,1
2019-11-13 15:23:13.297,11468,11469,11468,14
2019-11-13 15:23:13.351,11468,11469,11468,17
2019-11-13 15:23:13.540,11467,11468,11468,1
2019-11-13 15:23:58.601,11467,11468,11467,1
2019-11-13 15:23:58.601,11467,11468,11467,2
2019-11-13 15:23:58.601,11467,11468,11467,4
2019-11-13 15:23:58.726,11467,11468,11467,1
2019-11-13 15:23:58.726,11467,11468,11467,3
2019-11-13 15:23:58.726,11467,11468,11467,5
2019-11-13 15:23:58.726,11467,11468,11467,1
2019-11-13 15:23:58.727,11467,11468,11467,3
2019-11-13 15:23:58.727,11467,11468,11467,2
2019-11-13 15:23:58.727,11467,11468,11467,3
2019-11-13 15:23:58.972,11466,11467,11467,1
2019-11-13 15:24:32.803,11466,11467,11466,10
2019-11-13 15:24:35.126,11466,11467,11466,4
2019-11-13 15:25:03.709,11466,11467,11466,1
2019-11-13 15:25:07.859,11466,11467,11466,2
2019-11-13 15:25:10.174,11466,11467,11466,7
2019-11-13 15:25:12.119,11465,11466,11465,1
2019-11-13 15:25:17.624,11465,11466,11465,1
2019-11-13 15:25:27.244,11465,11466,11465,1
2019-11-13 15:25:38.188,11465,11466,11466,1
2019-11-13 15:25:41.708,11465,11466,11466,1
2019-11-13 15:25:42.237,11466,11467,11466,1
2019-11-13 15:25:43.173,11466,11467,11466,3
2019-11-13 15:25:47.943,11466,11467,11467,5
2019-11-13 15:25:49.204,11466,11467,11466,2
2019-11-13 15:25:52.855,11466,11467,11466,2
2019-11-13 15:25:55.098,11466,11467,11466,1
2019-11-13 15:25:57.766,11466,11467,11466,1
2019-11-13 15:25:57.766,11466,11467,11465,1
2019-11-13 15:25:58.449,11465,11466,11467,2
2019-11-13 15:26:19.170,11465,11466,11466,1
2019-11-13 15:26:22.851,11465,11466,11466,1
2019-11-13 15:27:21.299,11465,11466,11465,1
2019-11-13 15:27:27.380,11465,11466,11465,1
2019-11-13 15:27:30.285,11465,11466,11465,24
2019-11-13 15:27:41.793,11464,11465,11464,3
2019-11-13 15:27:51.523,11464,11465,11464,1
2019-11-13 15:28:09.442,11464,11465,11465,1
2019-11-13 15:28:09.987,11465,11466,11465,3
2019-11-13 15:28:11.509,11464,11466,11464,2
2019-11-13 15:28:21.509,11464,11465,11465,1
2019-11-13 15:28:30.093,11465,11466,11465,2
2019-11-13 15:28:31.142,11465,11466,11465,5
2019-11-13 15:28:31.573,11465,11466,11465,2
2019-11-13 15:28:33.125,11465,11466,11465,1
2019-11-13 15:28:33.187,11465,11466,11465,1
2019-11-13 15:28:37.501,11464,11465,11465,2
2019-11-13 15:28:49.829,11465,11466,11466,1
2019-11-13 15:28:51.439,11465,11466,11466,1
2019-11-13 15:28:52.233,11465,11466,11466,1
2019-11-13 15:28:59.987,11466,11467,11466,1
2019-11-13 15:29:13.002,11465,11467,11465,8
2019-11-13 15:30:01.226,11466,11467,11467,3
2019-11-13 15:30:01.672,11466,11467,11467,2
2019-11-13 15:30:01.727,11466,11467,11467,5
2019-11-13 15:30:01.851,11466,11467,11467,1
2019-11-13 15:30:01.851,11466,11467,11467,1
2019-11-13 15:30:02.084,11466,11467,11467,1
2019-11-13 15:30:02.192,11466,11467,11467,2
2019-11-13 15:30:10.514,11466,11467,11467,1
2019-11-13 15:30:10.673,11466,11467,11466,1
2019-11-13 15:30:13.120,11466,11467,11466,4
2019-11-13 15:30:20.006,11466,11467,11466,1
2019-11-13 15:30:20.457,11466,11467,11466,1
2019-11-13 15:30:32.211,11466,11467,11466,2
2019-11-13 15:30:43.745,11466,11467,11466,1
2019-11-13 15:31:13.360,11466,11467,11466,1
2019-11-13 15:31:24.298,11466,11467,11466,1
2019-11-13 15:31:26.464,11466,11467,11466,1
2019-11-13 15:31:26.464,11466,11467,11466,1
2019-11-13 15:31:26.465,11466,11467,11466,1
2019-11-13 15:31:26.476,11466,11467,11466,1
2019-11-13 15:31:26.476,11466,11467,11466,1
2019-11-13 15:31:36.479,11465,11466,11465,15
2019-11-13 15:31:42.254,11464,11466,11465,6
2019-11-13 15:31:47.739,11464,11465,11464,2
2019-11-13 15:31:47.741,11464,11465,11464,3
2019-11-13 15:31:51.528,11464,11465,11464,1
2019-11-13 15:31:52.452,11464,11465,11465,1
2019-11-13 15:32:24.628,11464,11465,11464,1
2019-11-13 15:32:43.488,11464,11465,11465,10
2019-11-13 15:32:43.601,11464,11465,11465,2
2019-11-13 15:32:55.862,11465,11466,11465,1
2019-11-13 15:32:56.005,11464,11466,11464,1
2019-11-13 15:33:08.348,11465,11466,11465,1
2019-11-13 15:33:24.584,11465,11466,11465,1
2019-11-13 15:33:43.794,11465,11466,11465,1
2019-11-13 15:33:48.976,11465,11466,11466,7
2019-11-13 15:33:49.101,11465,11466,11466,1
2019-11-13 15:33:51.486,11466,11467,11466,2
2019-11-13 15:33:59.074,11466,11467,11467,20
2019-11-13 15:33:59.123,11466,11467,11467,1
2019-11-13 15:34:15.306,11466,11467,11467,6
2019-11-13 15:35:09.726,11466,11467,11466,1
2019-11-13 15:35:09.851,11466,11467,11466,2
2019-11-13 15:35:25.085,11465,11466,11466,14
2019-11-13 15:35:25.102,11466,11467,11466,11
2019-11-13 15:35:27.831,11465,11466,11466,2
2019-11-13 15:35:43.735,11465,11466,11465,1
2019-11-13 15:36:06.782,11465,11466,11465,12
2019-11-13 15:36:21.279,11465,11466,11465,1
2019-11-13 15:36:21.351,11465,11466,11465,2
2019-11-13 15:36:26.437,11465,11466,11465,1
2019-11-13 15:36:39.414,11464,11465,11465,1
2019-11-13 15:36:48.357,11464,11465,11465,1
2019-11-13 15:37:09.669,11464,11465,11464,1
2019-11-13 15:37:14.041,11464,11465,11465,1
2019-11-13 15:37:14.101,11464,11465,11465,3
2019-11-13 15:37:18.854,11464,11465,11465,4
2019-11-13 15:37:31.257,11465,11466,11465,1
2019-11-13 15:37:53.278,11465,11466,11465,1
2019-11-13 15:39:33.087,11465,11466,11465,1
2019-11-13 15:39:33.816,11465,11466,11466,2
2019-11-13 15:39:33.935,11465,11466,11466,2
2019-11-13 15:39:34.008,11465,11466,11466,2
2019-11-13 15:39:35.930,11465,11466,11465,1
2019-11-13 15:39:38.438,11465,11466,11465,1
2019-11-13 15:39:48.956,11465,11466,11465,1
2019-11-13 15:39:57.250,11465,11466,11465,1
2019-11-13 15:39:57.601,11464,11465,11465,1
2019-11-13 15:40:03.910,11465,11466,11466,6
2019-11-13 15:40:04.334,11465,11466,11465,1
2019-11-13 15:40:23.948,11465,11466,11465,3
2019-11-13 15:40:27.069,11465,11466,11465,1
2019-11-13 15:40:33.680,11465,11466,11465,2
2019-11-13 15:40:34.602,11465,11466,11466,7
2019-11-13 15:40:34.726,11465,11466,11466,6
2019-11-13 15:40:34.726,11465,11466,11466,1
2019-11-13 15:40:43.660,11465,11466,11466,1
2019-11-13 15:40:45.844,11465,11466,11465,5
2019-11-13 15:41:02.302,11465,11466,11466,3
2019-11-13 15:41:04.680,11465,11466,11466,30
2019-11-13 15:41:11.122,11465,11466,11466,1
2019-11-13 15:41:11.256,11465,11466,11466,1
2019-11-13 15:41:12.701,11465,11466,11466,16
2019-11-13 15:41:12.852,11466,11467,11467,12
2019-11-13 15:41:18.845,11466,11467,11467,1
2019-11-13 15:41:18.846,11466,11467,11467,1
2019-11-13 15:41:23.418,11467,11468,11468,1
2019-11-13 15:41:23.509,11467,11468,11468,2
2019-11-13 15:41:38.387,11467,11468,11468,2
2019-11-13 15:41:38.387,11467,11468,11468,4
2019-11-13 15:41:38.388,11467,11468,11468,6
2019-11-13 15:41:44.402,11467,11468,11468,1
2019-11-13 15:42:40.743,11468,11469,11469,5
2019-11-13 15:42:41.106,11468,11469,11469,2
2019-11-13 15:42:48.974,11468,11469,11469,1
2019-11-13 15:43:12.570,11468,11469,11468,1
2019-11-13 15:43:25.376,11468,11469,11468,1
2019-11-13 15:43:33.921,11468,11469,11469,2
2019-11-13 15:43:40.567,11468,11469,11468,1
2019-11-13 15:43:58.069,11468,11469,11468,1
2019-11-13 15:44:03.747,11468,11469,11469,1
2019-11-13 15:44:19.011,11468,11469,11469,1
2019-11-13 15:44:49.693,11468,11469,11469,2
2019-11-13 15:45:04.809,11468,11469,11469,2
2019-11-13 15:45:05.163,11468,11469,11468,1
2019-11-13 15:45:05.544,11468,11469,11469,2
2019-11-13 15:45:09.796,11468,11469,11469,1
2019-11-13 15:45:25.147,11468,11469,11468,1
2019-11-13 15:45:37.085,11468,11469,11469,1
2019-11-13 15:45:39.956,11468,11469,11469,1
2019-11-13 15:45:40.110,11468,11469,11469,1
2019-11-13 15:45:44.372,11468,11469,11469,1
2019-11-13 15:45:46.177,11468,11469,11469,2
2019-11-13 15:45:46.522,11468,11469,11469,2
2019-11-13 15:45:46.530,11468,11469,11469,1
2019-11-13 15:45:46.961,11468,11469,11469,2
2019-11-13 15:45:48.048,11468,11469,11469,1
2019-11-13 15:45:48.325,11468,11469,11469,2
2019-11-13 15:45:53.218,11468,11469,11469,2
2019-11-13 15:46:00.457,11468,11469,11469,1
2019-11-13 15:46:17.874,11468,11469,11469,1
2019-11-13 15:46:30.877,11468,11469,11468,11
2019-11-13 15:46:30.976,11468,11469,11468,3
2019-11-13 15:46:30.976,11468,11469,11468,1
2019-11-13 15:46:30.976,11468,11469,11468,6
2019-11-13 15:47:29.740,11467,11468,11468,3
2019-11-13 15:47:31.310,11467,11468,11467,1
2019-11-13 15:47:44.394,11467,11468,11467,1
2019-11-13 15:47:57.187,11467,11468,11468,2
2019-11-13 15:48:29.121,11468,11469,11468,5
2019-11-13 15:48:29.121,11468,11469,11468,7
2019-11-13 15:48:58.777,11467,11468,11468,2
2019-11-13 15:49:18.514,11467,11468,11468,2
2019-11-13 15:49:20.678,11467,11468,11468,1
2019-11-13 15:49:21.206,11467,11468,11468,5
2019-11-13 15:49:22.679,11467,11468,11468,1
2019-11-13 15:49:26.401,11467,11468,11468,1
2019-11-13 15:49:50.608,11467,11468,11468,1
2019-11-13 15:50:00.844,11467,11468,11468,2
2019-11-13 15:50:02.146,11467,11468,11467,4
2019-11-13 15:50:51.014,11467,11468,11467,1
2019-11-13 15:51:26.429,11467,11468,11467,1
2019-11-13 15:52:46.664,11467,11468,11468,2
2019-11-13 15:52:46.664,11467,11468,11468,3
2019-11-13 15:52:46.664,11467,11468,11468,1
2019-11-13 15:52:46.665,11467,11468,11468,5
2019-11-13 15:52:46.706,11467,11468,11468,1
2019-11-13 15:53:08.890,11468,11469,11469,5
2019-11-13 15:53:15.184,11468,11469,11469,1
2019-11-13 15:53:20.277,11468,11469,11469,1
2019-11-13 15:53:23.285,11468,11469,11469,9
2019-11-13 15:53:23.351,11468,11469,11469,8
2019-11-13 15:53:23.351,11468,11469,11469,1
2019-11-13 15:53:23.476,11468,11469,11469,2
2019-11-13 15:53:26.145,11469,11470,11469,1
2019-11-13 15:53:29.990,11469,11470,11469,2
2019-11-13 15:53:35.212,11469,11470,11469,2
2019-11-13 15:53:36.426,11469,11470,11470,3
2019-11-13 15:53:36.721,11469,11470,11470,4
2019-11-13 15:53:36.865,11469,11470,11470,1
2019-11-13 15:53:36.882,11469,11470,11470,4
2019-11-13 15:53:36.936,11469,11470,11470,1
2019-11-13 15:53:37.303,11469,11470,11470,2
2019-11-13 15:53:37.330,11469,11470,11470,8
2019-11-13 15:53:40.018,11469,11470,11470,15
2019-11-13 15:53:40.226,11469,11470,11470,6
2019-11-13 15:53:40.226,11469,11470,11470,4
2019-11-13 15:53:40.351,11469,11470,11470,1
2019-11-13 15:53:40.351,11469,11470,11470,2
2019-11-13 15:53:40.352,11469,11470,11470,2
2019-11-13 15:53:40.352,11469,11470,11470,2
2019-11-13 15:53:46.388,11470,11471,11470,2
2019-11-13 15:53:51.058,11470,11471,11471,1
2019-11-13 15:53:51.410,11470,11471,11471,12
2019-11-13 15:53:51.410,11470,11471,11472,8
2019-11-13 15:53:51.601,11471,11472,11471,1
2019-11-13 15:53:51.652,11471,11472,11472,1
2019-11-13 15:53:51.957,11471,11472,11472,1
2019-11-13 15:53:52.152,11471,11472,11472,1
2019-11-13 15:53:54.536,11471,11472,11471,2
2019-11-13 15:53:58.467,11471,11472,11471,1
2019-11-13 15:53:58.559,11471,11472,11471,1
2019-11-13 15:54:01.463,11471,11472,11472,1
2019-11-13 15:54:02.310,11471,11472,11471,8
2019-11-13 15:54:02.321,11471,11472,11472,1
2019-11-13 15:54:02.470,11471,11472,11472,3
2019-11-13 15:54:04.039,11471,11472,11472,1
2019-11-13 15:54:04.700,11471,11472,11472,1
2019-11-13 15:54:05.683,11471,11472,11472,1
2019-11-13 15:54:06.191,11471,11472,11472,1
2019-11-13 15:54:08.471,11471,11472,11471,2
2019-11-13 15:54:16.171,11471,11472,11472,3
2019-11-13 15:54:19.770,11471,11472,11471,3
2019-11-13 15:54:21.927,11471,11472,11471,2
2019-11-13 15:54:25.001,11471,11472,11472,1
2019-11-13 15:54:29.987,11471,11472,11472,1
2019-11-13 15:54:35.493,11471,11472,11472,1
2019-11-13 15:54:36.550,11471,11472,11472,2
2019-11-13 15:54:37.700,11471,11472,11471,2
2019-11-13 15:54:43.611,11471,11472,11472,1
2019-11-13 15:54:45.725,11471,11472,11471,3
2019-11-13 15:54:48.168,11471,11472,11472,1
2019-11-13 15:54:48.376,11471,11472,11472,9
2019-11-13 15:54:49.024,11471,11472,11472,1
2019-11-13 15:54:50.286,11471,11472,11472,1
2019-11-13 15:54:50.518,11471,11472,11471,1
2019-11-13 15:54:50.704,11471,11472,11472,1
2019-11-13 15:54:51.361,11471,11472,11472,1
2019-11-13 15:54:51.704,11471,11472,11472,1
2019-11-13 15:55:07.142,11471,11472,11471,3
2019-11-13 15:55:13.195,11471,11472,11471,9
2019-11-13 15:55:16.241,11470,11471,11471,1
2019-11-13 15:55:19.424,11470,11471,11470,5
2019-11-13 15:55:19.793,11469,11470,11470,1
2019-11-13 15:55:21.341,11469,11470,11470,1
2019-11-13 15:55:37.714,11470,11471,11470,1
2019-11-13 15:55:42.139,11470,11471,11470,1
2019-11-13 15:55:47.745,11470,11471,11470,1
2019-11-13 15:55:59.618,11470,11471,11471,1
2019-11-13 15:56:01.551,11470,11471,11471,1
2019-11-13 15:56:02.793,11470,11471,11471,1
2019-11-13 15:56:07.807,11470,11471,11471,1
2019-11-13 15:56:11.417,11470,11471,11471,1
2019-11-13 15:56:15.660,11470,11471,11470,2
2019-11-13 15:56:15.660,11470,11471,11470,4
2019-11-13 15:56:15.660,11470,11471,11470,2
2019-11-13 15:56:15.661,11470,11471,11470,2
2019-11-13 15:56:15.661,11470,11471,11470,2
2019-11-13 15:56:15.661,11470,11471,11470,3
2019-11-13 15:56:15.661,11470,11471,11470,4
2019-11-13 15:56:20.072,11469,11470,11470,15
2019-11-13 15:56:24.104,11469,11470,11470,1
2019-11-13 15:56:43.502,11469,11470,11470,2
2019-11-13 15:56:45.138,11469,11471,11469,1
2019-11-13 15:56:48.986,11470,11471,11470,1
2019-11-13 15:57:06.010,11469,11470,11469,1
2019-11-13 15:57:06.199,11469,11470,11470,1
2019-11-13 15:57:21.339,11470,11471,11470,1
2019-11-13 15:57:31.727,11470,11471,11471,1
2019-11-13 15:57:32.328,11470,11471,11471,2
2019-11-13 15:57:47.535,11470,11471,11471,1
2019-11-13 15:58:07.460,11470,11471,11471,1
2019-11-13 15:58:07.535,11470,11471,11471,37
2019-11-13 15:58:07.746,11471,11472,11472,4
2019-11-13 15:58:08.808,11471,11472,11472,6
2019-11-13 15:58:08.859,11471,11473,11473,1
2019-11-13 15:58:08.866,11471,11473,11473,1
2019-11-13 15:58:08.866,11471,11473,11473,1
2019-11-13 15:58:08.866,11471,11473,11473,1
2019-11-13 15:58:08.867,11471,11473,11473,1
2019-11-13 15:58:08.873,11471,11473,11473,1
2019-11-13 15:58:09.022,11472,11473,11473,1
2019-11-13 15:58:09.045,11472,11473,11473,10
2019-11-13 15:58:09.059,11472,11473,11473,4
2019-11-13 15:58:09.121,11472,11473,11473,1
2019-11-13 15:58:09.141,11472,11473,11473,1
2019-11-13 15:58:09.449,11472,11473,11473,1
2019-11-13 15:58:15.691,11472,11473,11473,1
2019-11-13 15:58:17.896,11473,11474,11473,1
2019-11-13 15:58:20.339,11472,11473,11473,1
2019-11-13 15:58:23.601,11472,11473,11472,4
2019-11-13 15:58:23.621,11472,11473,11472,1
2019-11-13 15:58:30.133,11471,11472,11472,1
2019-11-13 15:58:30.232,11471,11472,11472,2
2019-11-13 15:58:33.099,11471,11472,11472,1
2019-11-13 15:58:33.576,11471,11472,11472,1
2019-11-13 15:58:52.657,11471,11472,11471,4
2019-11-13 15:59:02.118,11470,11471,11470,1
2019-11-13 15:59:02.798,11470,11471,11471,1
2019-11-13 15:59:05.496,11470,11471,11471,2
2019-11-13 15:59:08.451,11470,11471,11471,1
2019-11-13 15:59:11.105,11470,11471,11471,1
2019-11-13 15:59:11.488,11470,11471,11471,1
2019-11-13 15:59:11.868,11470,11471,11471,1
2019-11-13 15:59:12.417,11471,11472,11471,1
2019-11-13 15:59:12.417,11471,11472,11470,1
2019-11-13 15:59:31.620,11471,11472,11471,2
2019-11-13 15:59:33.607,11471,11472,11471,2
2019-11-13 16:00:01.560,11471,11472,11471,1
2019-11-13 16:00:01.831,11471,11472,11472,1
2019-11-13 16:00:01.831,11471,11472,11472,1
2019-11-13 16:00:02.005,11471,11472,11472,1
2019-11-13 16:00:02.580,11471,11472,11472,5
2019-11-13 16:00:02.582,11471,11472,11472,1
2019-11-13 16:00:03.351,11471,11472,11471,2
2019-11-13 16:00:03.393,11471,11472,11471,2
2019-11-13 16:00:04.676,11470,11471,11471,1
2019-11-13 16:00:09.954,11472,11473,11472,1
2019-11-13 16:00:15.483,11472,11473,11473,4
2019-11-13 16:00:15.483,11472,11473,11474,6
2019-11-13 16:00:15.621,11472,11474,11474,5
2019-11-13 16:00:15.621,11472,11474,11474,5
2019-11-13 16:00:15.837,11472,11474,11474,1
2019-11-13 16:00:15.905,11473,11474,11474,1
2019-11-13 16:00:15.924,11473,11474,11474,1
2019-11-13 16:00:16.019,11473,11474,11474,1
2019-11-13 16:00:16.039,11473,11474,11473,2
2019-11-13 16:00:16.220,11473,11474,11474,1
2019-11-13 16:00:16.392,11473,11474,11474,1
2019-11-13 16:00:16.682,11473,11474,11474,1
2019-11-13 16:00:16.698,11473,11474,11474,1
2019-11-13 16:00:16.838,11473,11474,11474,1
2019-11-13 16:00:16.848,11473,11474,11474,1
2019-11-13 16:00:16.875,11473,11474,11474,1
2019-11-13 16:00:17.524,11473,11474,11474,1
2019-11-13 16:00:17.575,11473,11474,11473,1
2019-11-13 16:00:18.641,11472,11474,11474,1
2019-11-13 16:00:23.287,11473,11474,11473,1
2019-11-13 16:00:24.620,11473,11474,11473,1
2019-11-13 16:00:25.580,11472,11474,11474,1
2019-11-13 16:00:44.409,11473,11474,11474,4
2019-11-13 16:00:51.032,11473,11474,11474,1
2019-11-13 16:00:56.864,11473,11474,11474,1
2019-11-13 16:01:01.208,11473,11474,11474,1
2019-11-13 16:01:04.874,11473,11474,11474,1
2019-11-13 16:01:08.603,11473,11474,11473,1
2019-11-13 16:01:08.734,11473,11474,11474,1
2019-11-13 16:01:08.734,11473,11474,11474,1
2019-11-13 16:01:08.734,11473,11474,11474,1
2019-11-13 16:01:08.734,11473,11474,11474,1
2019-11-13 16:01:08.740,11473,11474,11474,2
2019-11-13 16:01:08.745,11473,11474,11474,1
2019-11-13 16:01:08.745,11473,11474,11474,1
2019-11-13 16:01:08.745,11473,11474,11474,1
2019-11-13 16:01:08.746,11473,11474,11474,1
2019-11-13 16:01:08.747,11473,11474,11474,1
2019-11-13 16:01:08.851,11473,11474,11474,1
2019-11-13 16:01:08.851,11473,11474,11474,2
2019-11-13 16:01:08.851,11473,11474,11474,3
2019-11-13 16:01:08.851,11473,11474,11474,1
2019-11-13 16:01:08.851,11473,11474,11474,2
2019-11-13 16:01:09.198,11474,11475,11474,4
2019-11-13 16:01:09.394,11474,11475,11474,1
2019-11-13 16:01:09.538,11474,11475,11474,1
2019-11-13 16:01:09.822,11474,11475,11474,1
2019-11-13 16:01:11.598,11473,11475,11473,1
2019-11-13 16:01:11.863,11474,11475,11474,1
2019-11-13 16:01:18.907,11474,11475,11474,1
2019-11-13 16:01:19.733,11474,11475,11474,1
2019-11-13 16:01:26.583,11474,11475,11475,1
2019-11-13 16:01:26.622,11474,11475,11475,1
2019-11-13 16:01:26.642,11474,11475,11475,1
2019-11-13 16:01:26.646,11474,11475,11475,18
2019-11-13 16:01:26.652,11474,11475,11475,2
2019-11-13 16:01:26.655,11474,11475,11475,5
2019-11-13 16:01:26.848,11474,11475,11475,1
2019-11-13 16:01:26.909,11474,11475,11475,2
2019-11-13 16:01:26.988,11474,11475,11475,1
2019-11-13 16:01:27.012,11474,11475,11475,1
2019-11-13 16:01:27.768,11474,11475,11475,1
2019-11-13 16:01:27.932,11474,11475,11475,1
2019-11-13 16:01:31.718,11474,11475,11475,5
2019-11-13 16:01:34.487,11474,11475,11475,1
2019-11-13 16:01:36.404,11474,11475,11475,4
2019-11-13 16:01:37.252,11474,11475,11475,1
2019-11-13 16:01:38.192,11474,11475,11475,5
2019-11-13 16:01:41.021,11474,11475,11475,4
2019-11-13 16:01:44.073,11474,11475,11474,1
2019-11-13 16:01:46.849,11474,11475,11475,1
2019-11-13 16:01:50.590,11474,11475,11474,1
2019-11-13 16:01:52.804,11474,11475,11475,16
2019-11-13 16:01:58.222,11474,11475,11475,1
2019-11-13 16:01:58.339,11474,11475,11474,1
2019-11-13 16:01:58.533,11474,11475,11475,1
2019-11-13 16:01:59.072,11474,11475,11475,1
2019-11-13 16:02:03.404,11474,11475,11475,1
2019-11-13 16:02:03.707,11474,11475,11475,1
2019-11-13 16:02:16.950,11474,11475,11475,1
2019-11-13 16:02:17.255,11474,11475,11474,1
2019-11-13 16:02:17.359,11474,11475,11475,1
2019-11-13 16:02:17.362,11474,11475,11475,1
2019-11-13 16:02:19.235,11474,11475,11475,3
2019-11-13 16:02:32.636,11474,11475,11474,28
2019-11-13 16:02:34.829,11473,11474,11474,2
2019-11-13 16:02:36.222,11473,11474,11474,4
2019-11-13 16:02:37.741,11473,11474,11474,1
2019-11-13 16:02:38.455,11473,11474,11473,1
2019-11-13 16:02:43.450,11473,11474,11473,1
2019-11-13 16:02:45.370,11473,11474,11473,1
2019-11-13 16:02:49.525,11473,11474,11473,1
2019-11-13 16:02:50.101,11473,11474,11473,1
2019-11-13 16:02:50.101,11473,11474,11473,3
2019-11-13 16:02:50.102,11473,11474,11473,1
2019-11-13 16:02:52.284,11472,11473,11473,3
2019-11-13 16:03:02.704,11472,11473,11473,1
2019-11-13 16:03:05.633,11472,11473,11473,1
2019-11-13 16:03:10.303,11472,11473,11473,2
2019-11-13 16:03:10.360,11473,11474,11474,1
2019-11-13 16:03:10.361,11473,11474,11474,1
2019-11-13 16:03:10.363,11473,11474,11474,1
2019-11-13 16:03:10.370,11473,11474,11474,1
2019-11-13 16:03:10.377,11473,11474,11474,1
2019-11-13 16:03:14.656,11473,11474,11474,2
2019-11-13 16:03:26.658,11473,11474,11474,1
2019-11-13 16:03:35.121,11473,11474,11474,1
2019-11-13 16:03:42.465,11473,11474,11473,1
2019-11-13 16:03:49.789,11473,11474,11473,1
2019-11-13 16:03:53.046,11473,11474,11474,19
2019-11-13 16:03:53.352,11474,11475,11475,6
2019-11-13 16:03:53.968,11474,11475,11475,1
2019-11-13 16:04:00.816,11474,11475,11475,1
2019-11-13 16:04:00.816,11474,11475,11475,4
2019-11-13 16:04:00.816,11474,11475,11475,1
2019-11-13 16:04:00.851,11474,11475,11475,1
2019-11-13 16:04:00.851,11474,11475,11475,5
2019-11-13 16:04:00.855,11474,11475,11475,1
2019-11-13 16:04:02.478,11475,11476,11475,1
2019-11-13 16:04:02.655,11475,11476,11475,1
2019-11-13 16:04:05.923,11475,11476,11475,1
2019-11-13 16:04:08.022,11475,11476,11475,8
2019-11-13 16:04:11.300,11475,11476,11475,1
2019-11-13 16:04:17.692,11475,11476,11475,7
2019-11-13 16:04:23.593,11475,11476,11476,1
2019-11-13 16:04:23.610,11475,11476,11476,4
2019-11-13 16:04:23.629,11475,11476,11476,1
2019-11-13 16:04:23.677,11475,11476,11476,1
2019-11-13 16:04:24.237,11475,11476,11476,4
2019-11-13 16:04:24.332,11475,11476,11475,1
2019-11-13 16:04:28.452,11475,11476,11476,1
2019-11-13 16:04:29.093,11475,11476,11476,1
2019-11-13 16:04:35.797,11475,11476,11475,2
2019-11-13 16:04:41.742,11475,11476,11476,1
2019-11-13 16:04:43.697,11475,11476,11476,1
2019-11-13 16:04:44.664,11475,11476,11476,1
2019-11-13 16:04:44.937,11475,11476,11476,1
2019-11-13 16:04:47.471,11475,11476,11476,1
2019-11-13 16:04:47.857,11475,11476,11476,1
2019-11-13 16:04:48.794,11475,11476,11476,1
2019-11-13 16:04:49.209,11475,11476,11476,1
2019-11-13 16:04:50.169,11475,11476,11476,1
2019-11-13 16:04:51.127,11475,11476,11476,1
2019-11-13 16:04:51.127,11475,11476,11476,1
2019-11-13 16:04:51.774,11475,11476,11476,1
2019-11-13 16:04:53.092,11475,11476,11476,1
2019-11-13 16:04:53.614,11475,11476,11476,1
2019-11-13 16:04:54.522,11475,11476,11476,1
2019-11-13 16:04:57.582,11475,11476,11476,1
2019-11-13 16:04:58.008,11475,11476,11476,1
2019-11-13 16:04:58.812,11475,11476,11475,3
2019-11-13 16:04:59.258,11475,11476,11476,1
2019-11-13 16:04:59.814,11475,11476,11476,1
2019-11-13 16:04:59.814,11475,11476,11477,2
2019-11-13 16:04:59.920,11475,11477,11477,10
2019-11-13 16:04:59.927,11475,11477,11477,10
2019-11-13 16:04:59.930,11475,11477,11477,10
2019-11-13 16:04:59.939,11475,11477,11477,1
2019-11-13 16:04:59.942,11475,11477,11477,10
2019-11-13 16:04:59.973,11475,11477,11477,2
2019-11-13 16:04:59.976,11475,11477,11477,2
2019-11-13 16:04:59.986,11475,11477,11477,2
2019-11-13 16:05:00.046,11475,11477,11478,4
2019-11-13 16:05:00.054,11475,11477,11478,4
2019-11-13 16:05:00.105,11476,11478,11477,1
2019-11-13 16:05:00.105,11476,11478,11478,33
2019-11-13 16:05:00.110,11476,11478,11478,4
2019-11-13 16:05:00.118,11476,11478,11478,1
2019-11-13 16:05:00.128,11476,11478,11478,1
2019-11-13 16:05:00.130,11476,11478,11478,5
2019-11-13 16:05:00.148,11476,11478,11478,1
2019-11-13 16:05:00.155,11476,11478,11478,10
2019-11-13 16:05:00.170,11476,11478,11478,1
2019-11-13 16:05:00.185,11476,11478,11478,1
2019-11-13 16:05:00.187,11476,11478,11478,3
2019-11-13 16:05:00.187,11476,11478,11479,1
2019-11-13 16:05:00.198,11476,11478,11478,1
2019-11-13 16:05:00.227,11476,11478,11478,2
2019-11-13 16:05:00.230,11476,11478,11478,1
2019-11-13 16:05:00.243,11476,11478,11478,1
2019-11-13 16:05:00.243,11476,11478,11479,1
2019-11-13 16:05:00.275,11476,11478,11478,1
2019-11-13 16:05:00.275,11476,11478,11479,3
2019-11-13 16:05:00.320,11476,11478,11478,1
2019-11-13 16:05:00.361,11477,11478,11478,1
2019-11-13 16:05:00.361,11477,11478,11479,1
2019-11-13 16:05:00.365,11477,11478,11479,4
2019-11-13 16:05:00.368,11477,11478,11479,2
2019-11-13 16:05:00.374,11477,11478,11479,2
2019-11-13 16:05:00.378,11477,11478,11479,4
2019-11-13 16:05:00.381,11477,11478,11479,2
2019-11-13 16:05:00.393,11477,11478,11479,1
2019-11-13 16:05:00.430,11477,11478,11479,4
2019-11-13 16:05:00.439,11477,11478,11479,4
2019-11-13 16:05:00.472,11477,11478,11477,1
2019-11-13 16:05:00.476,11477,11478,11478,2
2019-11-13 16:05:00.509,11477,11478,11479,4
2019-11-13 16:05:00.549,11477,11478,11479,4
2019-11-13 16:05:00.591,11477,11478,11479,1
2019-11-13 16:05:00.659,11478,11479,11479,1
2019-11-13 16:05:00.692,11478,11479,11479,2
2019-11-13 16:05:00.739,11478,11479,11479,4
2019-11-13 16:05:00.786,11478,11479,11479,4
2019-11-13 16:05:00.858,11478,11479,11479,4
2019-11-13 16:05:01.045,11478,11479,11479,1
2019-11-13 16:05:01.641,11478,11479,11479,1
2019-11-13 16:05:01.697,11478,11479,11479,1
2019-11-13 16:05:01.751,11478,11479,11479,1
2019-11-13 16:05:01.781,11478,11479,11479,2
2019-11-13 16:05:02.034,11478,11479,11478,7
2019-11-13 16:05:02.285,11478,11479,11479,1
2019-11-13 16:05:03.986,11478,11479,11478,1
2019-11-13 16:05:07.940,11477,11478,11478,1
2019-11-13 16:05:09.940,11477,11478,11478,2
2019-11-13 16:05:15.637,11478,11479,11478,3
2019-11-13 16:05:20.828,11478,11479,11479,14
2019-11-13 16:05:20.851,11478,11479,11479,2
2019-11-13 16:05:20.979,11478,11479,11479,1
2019-11-13 16:05:21.988,11479,11480,11479,2
2019-11-13 16:05:22.189,11479,11480,11479,6
2019-11-13 16:05:22.710,11478,11479,11478,1
2019-11-13 16:05:23.937,11478,11479,11478,1
2019-11-13 16:05:24.851,11478,11479,11479,2
2019-11-13 16:05:24.976,11478,11479,11479,1
2019-11-13 16:05:25.681,11478,11480,11480,1
2019-11-13 16:05:25.756,11478,11480,11480,2
2019-11-13 16:05:25.757,11478,11480,11480,2
2019-11-13 16:05:25.790,11478,11480,11480,6
2019-11-13 16:05:25.979,11479,11480,11480,1
2019-11-13 16:05:25.979,11479,11480,11480,24
2019-11-13 16:05:25.983,11479,11480,11480,37
2019-11-13 16:05:26.102,11479,11480,11480,4
2019-11-13 16:05:26.102,11479,11480,11480,2
2019-11-13 16:05:26.229,11480,11481,11481,4
2019-11-13 16:05:26.235,11480,11481,11481,3
2019-11-13 16:05:26.378,11480,11481,11481,1
2019-11-13 16:05:26.387,11480,11481,11481,1
2019-11-13 16:05:26.405,11480,11481,11481,10
2019-11-13 16:05:26.786,11480,11481,11481,3
2019-11-13 16:05:28.007,11480,11481,11480,1
2019-11-13 16:05:29.226,11480,11481,11481,4
2019-11-13 16:05:29.351,11480,11481,11481,1
2019-11-13 16:05:29.351,11480,11481,11481,2
2019-11-13 16:05:29.680,11481,11482,11482,1
2019-11-13 16:05:29.686,11481,11482,11482,1
2019-11-13 16:05:29.933,11481,11482,11482,1
2019-11-13 16:05:29.940,11481,11482,11482,24
2019-11-13 16:05:29.940,11481,11482,11483,6
2019-11-13 16:05:29.950,11481,11482,11483,1
2019-11-13 16:05:30.164,11481,11483,11483,1
2019-11-13 16:05:30.189,11481,11483,11483,2
2019-11-13 16:05:30.238,11482,11483,11483,1
2019-11-13 16:05:30.256,11482,11483,11483,1
2019-11-13 16:05:30.433,11482,11483,11483,1
2019-11-13 16:05:30.638,11482,11483,11483,1
2019-11-13 16:05:30.657,11482,11483,11483,4
2019-11-13 16:05:31.334,11482,11483,11483,1
2019-11-13 16:05:31.997,11482,11483,11483,1
2019-11-13 16:05:32.268,11481,11483,11483,1
2019-11-13 16:05:32.579,11481,11482,11481,1
2019-11-13 16:05:32.789,11481,11482,11481,1
2019-11-13 16:05:33.302,11481,11482,11482,1
2019-11-13 16:05:33.656,11481,11482,11482,1
2019-11-13 16:05:35.260,11481,11482,11481,2
2019-11-13 16:05:37.353,11481,11482,11481,5
2019-11-13 16:05:37.512,11481,11482,11481,1
2019-11-13 16:05:37.669,11481,11482,11481,1
2019-11-13 16:05:39.317,11481,11482,11481,2
2019-11-13 16:05:39.317,11481,11482,11480,2
2019-11-13 16:05:40.958,11480,11481,11480,2
2019-11-13 16:05:42.784,11480,11481,11480,49
2019-11-13 16:05:42.851,11480,11481,11480,13
2019-11-13 16:05:42.851,11480,11481,11480,4
2019-11-13 16:05:42.851,11480,11481,11480,1
2019-11-13 16:05:42.851,11480,11481,11480,4
2019-11-13 16:05:42.852,11480,11481,11480,18
2019-11-13 16:05:42.852,11480,11481,11480,2
2019-11-13 16:05:42.852,11480,11481,11480,4
2019-11-13 16:05:43.101,11479,11480,11479,2
2019-11-13 16:05:44.650,11479,11480,11480,1
2019-11-13 16:05:44.762,11479,11480,11479,1
2019-11-13 16:05:50.270,11479,11480,11479,1
2019-11-13 16:05:52.045,11479,11480,11480,2
2019-11-13 16:05:56.037,11480,11481,11480,1
2019-11-13 16:05:56.293,11480,11481,11480,1
2019-11-13 16:05:57.553,11479,11480,11480,3
2019-11-13 16:06:02.021,11479,11480,11479,1
2019-11-13 16:06:02.250,11479,11480,11480,1
2019-11-13 16:06:02.326,11479,11480,11480,1
2019-11-13 16:06:03.136,11479,11480,11480,2
2019-11-13 16:06:03.353,11480,11481,11480,1
2019-11-13 16:06:03.504,11480,11481,11480,1
2019-11-13 16:06:03.711,11480,11481,11480,1
2019-11-13 16:06:05.783,11479,11480,11480,1
2019-11-13 16:06:06.153,11479,11480,11480,2
2019-11-13 16:06:07.174,11479,11480,11480,1
2019-11-13 16:06:10.017,11479,11480,11480,1
2019-11-13 16:06:10.727,11479,11480,11480,2
2019-11-13 16:06:14.087,11479,11480,11480,2
2019-11-13 16:06:14.978,11479,11480,11480,1
2019-11-13 16:06:15.228,11479,11480,11480,1
2019-11-13 16:06:16.291,11479,11480,11480,1
2019-11-13 16:06:20.781,11479,11480,11480,1
2019-11-13 16:06:24.482,11479,11480,11480,1
2019-11-13 16:06:28.552,11479,11480,11480,1
2019-11-13 16:06:32.122,11479,11480,11480,1
2019-11-13 16:06:35.986,11479,11480,11480,2
2019-11-13 16:06:41.479,11479,11480,11479,1
2019-11-13 16:06:46.856,11479,11480,11480,4
2019-11-13 16:06:48.332,11479,11480,11480,1
2019-11-13 16:06:52.879,11480,11481,11480,1
2019-11-13 16:06:54.781,11480,11481,11480,1
2019-11-13 16:06:54.872,11480,11481,11481,1
2019-11-13 16:06:55.286,11480,11481,11481,1
2019-11-13 16:06:56.178,11480,11481,11480,1
2019-11-13 16:06:57.206,11480,11481,11481,3
2019-11-13 16:06:59.462,11481,11482,11481,1
2019-11-13 16:07:05.614,11481,11482,11481,1
2019-11-13 16:07:15.223,11481,11482,11481,3
2019-11-13 16:07:18.609,11481,11482,11481,1
2019-11-13 16:07:22.152,11481,11482,11482,1
2019-11-13 16:07:22.296,11481,11482,11481,3
2019-11-13 16:07:22.729,11481,11482,11482,2
2019-11-13 16:07:22.754,11481,11482,11482,2
2019-11-13 16:07:22.779,11481,11482,11482,2
2019-11-13 16:07:22.805,11481,11482,11482,2
2019-11-13 16:07:22.830,11481,11482,11482,2
2019-11-13 16:07:22.967,11481,11482,11481,1
2019-11-13 16:07:27.041,11481,11482,11481,1
2019-11-13 16:07:28.652,11481,11482,11481,7
2019-11-13 16:07:28.726,11480,11481,11481,3
2019-11-13 16:07:29.577,11481,11482,11481,1
2019-11-13 16:07:31.660,11480,11481,11480,1
2019-11-13 16:07:33.028,11480,11481,11481,1
2019-11-13 16:07:37.226,11480,11481,11481,3
2019-11-13 16:07:38.265,11480,11481,11481,1
2019-11-13 16:07:38.267,11480,11481,11481,1
2019-11-13 16:07:39.759,11481,11482,11481,1
2019-11-13 16:07:48.144,11481,11482,11481,1
2019-11-13 16:07:49.182,11481,11482,11481,1
2019-11-13 16:07:51.546,11481,11482,11481,1
2019-11-13 16:07:51.854,11481,11482,11481,1
2019-11-13 16:07:55.787,11481,11482,11482,1
2019-11-13 16:08:02.300,11481,11482,11482,2
2019-11-13 16:08:02.437,11481,11482,11482,2
2019-11-13 16:08:02.900,11481,11482,11482,1
2019-11-13 16:08:11.422,11481,11482,11482,1
2019-11-13 16:08:11.895,11481,11482,11482,1
2019-11-13 16:08:12.616,11481,11482,11482,2
2019-11-13 16:08:16.394,11481,11482,11482,3
2019-11-13 16:08:18.065,11481,11482,11482,1
2019-11-13 16:08:18.986,11481,11482,11482,1
2019-11-13 16:08:19.397,11481,11482,11482,1
2019-11-13 16:08:20.685,11481,11482,11481,1
2019-11-13 16:08:30.833,11481,11482,11482,1
2019-11-13 16:08:37.889,11481,11482,11482,1
2019-11-13 16:08:38.106,11481,11482,11482,1
2019-11-13 16:08:42.633,11481,11482,11482,1
2019-11-13 16:08:44.306,11481,11482,11481,2
2019-11-13 16:08:49.559,11481,11482,11481,1
2019-11-13 16:08:50.954,11481,11482,11481,1
2019-11-13 16:08:58.897,11481,11482,11481,15
2019-11-13 16:09:01.600,11481,11482,11482,1
2019-11-13 16:09:04.142,11481,11482,11481,1
2019-11-13 16:09:05.133,11481,11482,11482,1
2019-11-13 16:09:12.159,11481,11482,11482,1
2019-11-13 16:09:16.592,11481,11482,11481,3
2019-11-13 16:09:17.839,11481,11482,11481,4
2019-11-13 16:09:17.851,11481,11482,11481,9
2019-11-13 16:09:17.851,11481,11482,11481,1
2019-11-13 16:09:17.874,11481,11482,11481,1
2019-11-13 16:09:20.719,11480,11481,11481,4
2019-11-13 16:09:21.330,11480,11481,11481,3
2019-11-13 16:09:23.101,11480,11481,11481,1
2019-11-13 16:09:24.661,11480,11481,11480,2
2019-11-13 16:09:26.369,11480,11481,11481,1
2019-11-13 16:09:29.106,11480,11481,11481,1
2019-11-13 16:09:35.621,11480,11481,11481,1
2019-11-13 16:09:39.584,11480,11481,11481,1
2019-11-13 16:09:40.728,11480,11481,11481,1
2019-11-13 16:09:42.237,11480,11481,11480,1
2019-11-13 16:09:43.437,11480,11481,11481,1
2019-11-13 16:09:48.116,11480,11481,11481,1
2019-11-13 16:09:48.252,11480,11481,11481,1
2019-11-13 16:09:53.408,11480,11481,11481,5
2019-11-13 16:09:56.973,11480,11481,11481,1
2019-11-13 16:10:00.986,11480,11481,11481,1
2019-11-13 16:10:02.548,11480,11481,11481,9
2019-11-13 16:10:02.979,11480,11481,11481,8
2019-11-13 16:10:04.991,11481,11482,11481,1
2019-11-13 16:10:05.550,11481,11482,11481,1
2019-11-13 16:10:07.861,11481,11482,11481,1
2019-11-13 16:10:08.234,11481,11482,11481,1
2019-11-13 16:10:15.479,11481,11482,11481,3
2019-11-13 16:10:19.599,11481,11482,11481,2
2019-11-13 16:10:22.639,11481,11482,11482,3
2019-11-13 16:10:22.644,11481,11482,11482,1
2019-11-13 16:10:24.486,11481,11482,11482,2
2019-11-13 16:10:24.511,11481,11482,11482,2
2019-11-13 16:10:24.537,11481,11482,11482,2
2019-11-13 16:10:24.562,11481,11482,11482,2
2019-11-13 16:10:24.588,11481,11482,11482,2
2019-11-13 16:10:30.382,11481,11482,11482,1
2019-11-13 16:10:42.461,11481,11482,11482,1
2019-11-13 16:10:45.183,11481,11482,11482,1
2019-11-13 16:10:49.675,11481,11482,11482,1
2019-11-13 16:10:52.856,11481,11482,11482,1
2019-11-13 16:10:58.442,11481,11482,11481,19
2019-11-13 16:10:58.601,11480,11481,11481,15
2019-11-13 16:11:00.226,11480,11481,11481,1
2019-11-13 16:11:00.351,11480,11481,11481,3
2019-11-13 16:11:00.487,11480,11481,11480,1
2019-11-13 16:11:04.367,11480,11481,11481,3
2019-11-13 16:11:09.665,11480,11481,11481,2
2019-11-13 16:11:09.667,11480,11481,11481,4
2019-11-13 16:11:09.668,11480,11481,11481,5
2019-11-13 16:11:09.669,11480,11481,11481,2
2019-11-13 16:11:09.673,11480,11481,11481,1
2019-11-13 16:11:09.674,11480,11481,11481,1
2019-11-13 16:11:15.702,11481,11482,11481,1
2019-11-13 16:11:17.855,11481,11482,11481,1
2019-11-13 16:11:19.294,11481,11482,11482,1
2019-11-13 16:11:22.502,11481,11482,11481,1
2019-11-13 16:11:26.569,11481,11482,11481,4
2019-11-13 16:11:26.726,11480,11481,11481,4
2019-11-13 16:11:26.726,11480,11481,11481,2
2019-11-13 16:11:26.976,11480,11481,11481,10
2019-11-13 16:11:28.854,11481,11482,11481,1
2019-11-13 16:11:32.562,11481,11482,11481,2
2019-11-13 16:11:33.673,11481,11482,11481,1
2019-11-13 16:11:35.156,11481,11482,11482,1
2019-11-13 16:11:45.033,11481,11482,11481,1
2019-11-13 16:11:49.534,11481,11482,11482,1
2019-11-13 16:11:50.033,11481,11482,11482,1
2019-11-13 16:11:50.528,11481,11482,11481,1
2019-11-13 16:11:51.151,11481,11482,11481,1
2019-11-13 16:12:01.623,11481,11482,11482,2
2019-11-13 16:12:02.104,11481,11482,11481,1
2019-11-13 16:12:02.527,11481,11482,11481,2
2019-11-13 16:12:02.942,11481,11482,11482,1
2019-11-13 16:12:03.108,11481,11482,11482,3
2019-11-13 16:12:20.144,11481,11482,11481,3
2019-11-13 16:12:23.788,11481,11482,11482,1
2019-11-13 16:12:25.983,11481,11482,11481,5
2019-11-13 16:12:26.328,11481,11482,11481,5
2019-11-13 16:12:27.106,11481,11482,11481,1
2019-11-13 16:12:29.386,11481,11482,11481,1
2019-11-13 16:12:30.709,11481,11482,11481,1
2019-11-13 16:12:34.360,11481,11482,11481,1
2019-11-13 16:12:36.775,11481,11482,11481,1
2019-11-13 16:12:41.845,11481,11482,11481,1
2019-11-13 16:12:44.945,11481,11482,11481,1
2019-11-13 16:12:46.168,11481,11482,11481,1
2019-11-13 16:12:46.226,11480,11481,11481,1
2019-11-13 16:12:57.167,11480,11481,11480,5
2019-11-13 16:13:13.544,11480,11481,11480,1
2019-11-13 16:13:15.723,11480,11481,11480,1
2019-11-13 16:13:22.184,11480,11481,11480,1
2019-11-13 16:13:39.953,11480,11481,11480,4
2019-11-13 16:13:43.687,11480,11481,11480,1
2019-11-13 16:13:46.727,11480,11481,11480,1
2019-11-13 16:13:49.814,11480,11481,11480,1
2019-11-13 16:13:53.542,11480,11481,11480,4
2019-11-13 16:13:54.067,11480,11481,11480,1
2019-11-13 16:13:56.333,11480,11481,11480,10
2019-11-13 16:13:57.993,11480,11481,11480,1
2019-11-13 16:13:58.479,11480,11481,11480,4
2019-11-13 16:13:58.602,11480,11481,11480,23
2019-11-13 16:13:58.851,11479,11480,11480,6
2019-11-13 16:13:58.875,11479,11480,11480,2
2019-11-13 16:13:59.221,11480,11481,11480,2
2019-11-13 16:13:59.226,11479,11480,11480,2
2019-11-13 16:13:59.226,11479,11480,11480,6
2019-11-13 16:13:59.851,11479,11480,11480,1
2019-11-13 16:14:01.405,11480,11481,11480,1
2019-11-13 16:14:01.405,11480,11481,11479,3
2019-11-13 16:14:01.512,11479,11481,11479,1
2019-11-13 16:14:02.351,11479,11480,11480,1
2019-11-13 16:14:03.976,11479,11480,11480,5
2019-11-13 16:14:04.101,11479,11480,11480,1
2019-11-13 16:14:04.121,11479,11480,11481,1
2019-11-13 16:14:07.488,11480,11481,11480,1
2019-11-13 16:14:07.601,11479,11480,11480,1
2019-11-13 16:14:10.726,11479,11480,11480,1
2019-11-13 16:14:17.353,11480,11481,11480,1
2019-11-13 16:14:34.909,11479,11481,11479,1
2019-11-13 16:14:35.925,11479,11481,11481,1
2019-11-13 16:14:37.226,11479,11480,11480,1
2019-11-13 16:14:47.218,11480,11481,11480,1
2019-11-13 16:14:47.873,11480,11481,11480,1
2019-11-13 16:14:50.326,11480,11481,11480,2
2019-11-13 16:14:52.160,11480,11481,11481,1
2019-11-13 16:14:53.142,11480,11481,11480,1
2019-11-13 16:14:54.629,11479,11481,11481,2
2019-11-13 16:15:05.226,11480,11481,11480,1
2019-11-13 16:15:05.351,11479,11480,11480,1
2019-11-13 16:15:05.578,11479,11481,11481,5
2019-11-13 16:15:05.618,11479,11481,11481,2
2019-11-13 16:15:05.628,11479,11481,11481,1
2019-11-13 16:15:05.635,11479,11481,11481,2
2019-11-13 16:15:05.895,11480,11481,11481,2
2019-11-13 16:15:05.989,11480,11481,11481,2
2019-11-13 16:15:10.638,11480,11481,11481,2
2019-11-13 16:15:13.190,11480,11481,11481,3
2019-11-13 16:15:13.232,11480,11481,11481,1
2019-11-13 16:15:13.244,11480,11481,11481,1
2019-11-13 16:15:16.042,11480,11481,11481,1
2019-11-13 16:15:21.992,11480,11481,11480,4
2019-11-13 16:15:22.736,11480,11481,11480,1
2019-11-13 16:15:23.495,11480,11481,11481,1
2019-11-13 16:15:35.505,11479,11481,11481,1
2019-11-13 16:15:41.108,11479,11480,11479,1
2019-11-13 16:15:41.640,11479,11480,11480,1
2019-11-13 16:16:04.256,11479,11480,11480,1
2019-11-13 16:16:18.851,11479,11480,11479,22
2019-11-13 16:16:18.853,11479,11480,11479,13
2019-11-13 16:17:09.351,11478,11479,11479,8
2019-11-13 16:17:13.944,11479,11480,11479,1
2019-11-13 16:17:15.587,11479,11480,11479,1
2019-11-13 16:17:23.606,11479,11480,11479,2
2019-11-13 16:17:24.861,11478,11479,11479,1
2019-11-13 16:17:31.714,11478,11479,11479,1
2019-11-13 16:17:50.047,11478,11479,11479,4
2019-11-13 16:17:51.979,11479,11480,11479,1
2019-11-13 16:17:57.818,11478,11480,11478,1
2019-11-13 16:17:59.258,11478,11479,11479,1
2019-11-13 16:18:04.408,11478,11479,11478,4
2019-11-13 16:18:04.477,11478,11479,11478,33
2019-11-13 16:18:10.562,11477,11478,11477,1
2019-11-13 16:18:12.463,11477,11478,11477,1
2019-11-13 16:18:12.483,11477,11478,11478,1
2019-11-13 16:18:12.486,11477,11478,11478,1
2019-11-13 16:18:12.495,11477,11478,11478,1
2019-11-13 16:18:12.740,11477,11478,11478,2
2019-11-13 16:18:16.703,11477,11478,11478,1
2019-11-13 16:18:23.241,11477,11478,11477,1
2019-11-13 16:18:25.142,11477,11478,11477,1
2019-11-13 16:18:25.179,11477,11478,11478,1
2019-11-13 16:18:26.540,11477,11478,11478,4
2019-11-13 16:18:26.601,11477,11478,11478,1
2019-11-13 16:18:36.213,11478,11479,11478,1
2019-11-13 16:18:41.295,11478,11479,11478,1
2019-11-13 16:18:43.351,11478,11479,11478,1
2019-11-13 16:18:45.467,11478,11479,11478,1
2019-11-13 16:18:45.928,11478,11479,11478,2
2019-11-13 16:18:56.882,11478,11479,11478,1
2019-11-13 16:19:25.014,11477,11478,11477,2
2019-11-13 16:19:25.803,11477,11478,11477,1
2019-11-13 16:19:36.771,11477,11478,11477,4
2019-11-13 16:19:40.380,11477,11478,11477,2
2019-11-13 16:19:40.491,11477,11478,11478,1
2019-11-13 16:19:40.938,11477,11478,11477,1
2019-11-13 16:19:41.186,11477,11478,11477,2
2019-11-13 16:19:43.713,11477,11478,11477,1
2019-11-13 16:19:54.601,11477,11478,11478,9
2019-11-13 16:19:59.049,11477,11479,11477,10
2019-11-13 16:19:59.974,11477,11478,11477,1
2019-11-13 16:20:02.600,11477,11478,11478,1
2019-11-13 16:20:04.128,11477,11478,11478,1
2019-11-13 16:20:17.552,11477,11478,11478,1
2019-11-13 16:20:17.615,11477,11478,11478,1
2019-11-13 16:20:17.615,11477,11478,11478,1
2019-11-13 16:20:17.618,11477,11478,11478,1
2019-11-13 16:20:17.624,11477,11478,11478,1
2019-11-13 16:20:21.349,11477,11478,11477,1
2019-11-13 16:20:22.358,11477,11478,11477,1
2019-11-13 16:20:23.821,11477,11478,11478,7
2019-11-13 16:20:29.181,11478,11479,11478,2
2019-11-13 16:20:54.345,11478,11479,11479,1
2019-11-13 16:21:01.397,11478,11479,11479,1
2019-11-13 16:21:03.802,11478,11479,11479,1
2019-11-13 16:21:05.788,11478,11479,11479,1
2019-11-13 16:21:05.861,11478,11479,11479,1
2019-11-13 16:21:05.864,11478,11479,11479,1
2019-11-13 16:21:08.323,11478,11479,11479,1
2019-11-13 16:21:08.643,11478,11479,11478,1
2019-11-13 16:21:26.223,11478,11479,11478,5
2019-11-13 16:21:29.658,11478,11479,11478,2
2019-11-13 16:21:29.726,11477,11478,11478,3
2019-11-13 16:21:41.546,11477,11478,11478,1
2019-11-13 16:21:57.080,11477,11478,11478,5
2019-11-13 16:22:02.209,11477,11478,11477,9
2019-11-13 16:22:02.517,11477,11478,11477,4
2019-11-13 16:22:29.095,11477,11478,11477,4
2019-11-13 16:22:34.107,11477,11478,11477,11
2019-11-13 16:22:34.226,11477,11478,11477,6
2019-11-13 16:22:34.351,11477,11478,11477,1
2019-11-13 16:22:35.595,11476,11477,11476,1
2019-11-13 16:22:35.688,11476,11477,11476,2
2019-11-13 16:22:38.175,11476,11477,11476,1
2019-11-13 16:22:41.877,11476,11477,11476,6
2019-11-13 16:22:46.374,11476,11477,11476,1
2019-11-13 16:22:50.566,11476,11477,11477,2
2019-11-13 16:23:06.944,11476,11477,11477,1
2019-11-13 16:23:51.929,11476,11477,11477,7
2019-11-13 16:23:51.976,11476,11477,11477,8
2019-11-13 16:23:52.451,11477,11478,11477,1
2019-11-13 16:24:01.455,11477,11478,11477,1
2019-11-13 16:24:02.070,11477,11478,11478,2
2019-11-13 16:24:19.339,11477,11478,11478,1
2019-11-13 16:24:19.357,11477,11478,11478,1
2019-11-13 16:24:19.361,11477,11478,11478,1
2019-11-13 16:24:19.374,11477,11478,11478,1
2019-11-13 16:24:33.538,11477,11478,11477,1
2019-11-13 16:24:45.857,11477,11478,11477,1
2019-11-13 16:24:55.696,11477,11478,11477,1
2019-11-13 16:24:58.010,11477,11478,11477,2
2019-11-13 16:25:25.012,11477,11478,11477,2
2019-11-13 16:25:26.457,11477,11478,11477,2
2019-11-13 16:25:35.733,11477,11478,11477,1
2019-11-13 16:25:35.873,11477,11478,11478,1
2019-11-13 16:25:44.051,11477,11478,11478,1
2019-11-13 16:25:52.816,11477,11478,11477,2
2019-11-13 16:25:53.598,11477,11478,11478,1
2019-11-13 16:26:02.310,11477,11478,11477,2
2019-11-13 16:26:10.748,11477,11478,11477,1
2019-11-13 16:26:20.701,11477,11478,11478,1
2019-11-13 16:26:20.726,11477,11478,11478,3
2019-11-13 16:26:20.738,11477,11478,11478,1
2019-11-13 16:26:20.739,11477,11478,11478,1
2019-11-13 16:26:20.747,11477,11478,11478,1
2019-11-13 16:26:22.800,11477,11478,11478,2
2019-11-13 16:26:22.800,11477,11478,11478,4
2019-11-13 16:26:22.800,11477,11478,11478,4
2019-11-13 16:26:22.851,11477,11478,11478,1
2019-11-13 16:26:22.851,11477,11478,11478,1
2019-11-13 16:26:23.429,11478,11479,11478,13
2019-11-13 16:26:26.938,11477,11478,11478,1
2019-11-13 16:26:26.958,11477,11478,11478,1
2019-11-13 16:26:40.193,11478,11479,11478,1
2019-11-13 16:26:47.887,11478,11479,11478,1
2019-11-13 16:26:53.613,11477,11478,11478,2
2019-11-13 16:26:58.296,11477,11478,11478,4
2019-11-13 16:26:58.808,11477,11478,11478,1
2019-11-13 16:27:00.332,11477,11478,11478,1
2019-11-13 16:27:10.026,11477,11478,11477,17
2019-11-13 16:27:10.366,11476,11477,11477,2
2019-11-13 16:27:10.480,11476,11477,11477,2
2019-11-13 16:27:10.486,11476,11477,11477,1
2019-11-13 16:27:10.486,11476,11477,11477,1
2019-11-13 16:27:11.304,11476,11477,11477,1
2019-11-13 16:28:07.767,11476,11477,11477,1
2019-11-13 16:28:18.545,11476,11477,11477,1
2019-11-13 16:28:44.632,11476,11477,11477,1
2019-11-13 16:28:54.506,11476,11477,11476,12
2019-11-13 16:28:54.726,11476,11477,11476,3
2019-11-13 16:29:02.453,11476,11477,11476,1
2019-11-13 16:29:03.476,11476,11477,11476,1
2019-11-13 16:29:03.601,11476,11477,11476,2
2019-11-13 16:29:03.745,11475,11477,11477,1
2019-11-13 16:29:03.859,11475,11476,11476,2
2019-11-13 16:29:03.941,11475,11476,11476,2
2019-11-13 16:29:08.761,11475,11476,11475,1
2019-11-13 16:29:08.918,11475,11476,11476,1
2019-11-13 16:29:09.140,11475,11476,11475,1
2019-11-13 16:29:16.085,11475,11476,11475,1
2019-11-13 16:29:19.433,11475,11476,11475,2
2019-11-13 16:29:23.990,11475,11476,11475,2
2019-11-13 16:29:25.512,11475,11476,11475,2
2019-11-13 16:29:28.759,11475,11476,11475,1
2019-11-13 16:29:34.153,11475,11476,11475,10
2019-11-13 16:29:36.015,11475,11476,11475,1
2019-11-13 16:29:36.409,11475,11476,11475,1
2019-11-13 16:29:36.409,11475,11476,11474,1
2019-11-13 16:29:36.921,11475,11476,11475,1
2019-11-13 16:29:42.291,11475,11476,11475,2
2019-11-13 16:29:46.319,11474,11475,11475,1
2019-11-13 16:29:55.116,11474,11475,11475,1
2019-11-13 16:29:55.253,11474,11475,11474,2
2019-11-13 16:29:57.296,11474,11475,11475,1
2019-11-13 16:30:01.371,11474,11475,11475,1
2019-11-13 16:30:01.526,11474,11475,11475,1
2019-11-13 16:30:01.989,11474,11475,11475,1
2019-11-13 16:30:02.202,11474,11475,11475,3
2019-11-13 16:30:12.018,11475,11476,11475,5
2019-11-13 16:30:12.109,11475,11476,11476,1
2019-11-13 16:30:12.113,11475,11476,11476,1
2019-11-13 16:30:13.381,11475,11476,11476,3
2019-11-13 16:30:19.617,11476,11477,11476,1
2019-11-13 16:30:23.004,11476,11477,11476,1
2019-11-13 16:30:26.247,11476,11477,11476,1
2019-11-13 16:30:28.092,11476,11477,11476,2
2019-11-13 16:30:29.384,11476,11477,11476,1
2019-11-13 16:30:29.725,11475,11476,11475,3
2019-11-13 16:30:29.803,11475,11476,11475,4
2019-11-13 16:30:30.252,11474,11475,11474,6
2019-11-13 16:30:34.484,11474,11475,11475,1
2019-11-13 16:30:55.790,11474,11475,11475,1
2019-11-13 16:31:02.302,11474,11475,11474,1
2019-11-13 16:31:06.935,11474,11475,11475,2
2019-11-13 16:31:16.038,11474,11475,11475,2
2019-11-13 16:31:17.753,11474,11475,11475,1
2019-11-13 16:31:20.164,11475,11476,11475,1
2019-11-13 16:31:20.461,11474,11475,11475,1
2019-11-13 16:31:22.859,11474,11475,11475,1
2019-11-13 16:31:23.993,11474,11475,11475,1
2019-11-13 16:31:25.664,11474,11475,11474,1
2019-11-13 16:31:32.105,11474,11475,11474,1
2019-11-13 16:31:37.562,11474,11475,11474,1
2019-11-13 16:31:43.003,11474,11475,11474,1
2019-11-13 16:31:43.958,11474,11475,11475,4
2019-11-13 16:31:56.717,11474,11475,11475,1
2019-11-13 16:32:02.218,11474,11475,11475,7
2019-11-13 16:32:12.874,11475,11476,11475,1
2019-11-13 16:32:18.874,11475,11476,11475,1
2019-11-13 16:32:19.526,11475,11476,11475,3
2019-11-13 16:32:19.526,11475,11476,11474,2
2019-11-13 16:32:56.693,11474,11475,11474,1
2019-11-13 16:33:02.367,11474,11475,11475,3
2019-11-13 16:33:12.158,11474,11475,11474,4
2019-11-13 16:33:16.990,11474,11475,11474,1
2019-11-13 16:33:27.406,11474,11475,11474,4
2019-11-13 16:33:32.038,11474,11475,11474,2
2019-11-13 16:33:40.183,11474,11475,11474,2
2019-11-13 16:33:44.773,11474,11475,11474,1
2019-11-13 16:33:52.426,11474,11475,11474,1
2019-11-13 16:34:02.323,11474,11475,11475,3
2019-11-13 16:34:06.769,11474,11475,11475,1
2019-11-13 16:34:25.810,11474,11475,11474,1
2019-11-13 16:34:36.026,11474,11475,11474,3
2019-11-13 16:34:48.229,11474,11475,11475,1
2019-11-13 16:34:51.743,11474,11475,11474,1
2019-11-13 16:35:02.167,11474,11475,11475,1
2019-11-13 16:35:03.930,11474,11475,11474,1
2019-11-13 16:35:08.609,11474,11475,11474,1
2019-11-13 16:35:33.659,11474,11475,11474,1
2019-11-13 16:35:47.725,11474,11475,11474,1
2019-11-13 16:35:49.342,11474,11475,11475,4
2019-11-13 16:35:58.301,11474,11475,11474,1
2019-11-13 16:35:58.746,11474,11475,11474,2
2019-11-13 16:36:01.560,11474,11475,11474,1
2019-11-13 16:36:02.318,11474,11475,11475,7
2019-11-13 16:36:08.952,11474,11475,11474,4
2019-11-13 16:36:33.343,11474,11475,11474,1
2019-11-13 16:36:50.410,11474,11475,11474,4
2019-11-13 16:36:51.033,11474,11475,11475,1
2019-11-13 16:36:56.888,11474,11475,11474,1
2019-11-13 16:37:02.292,11474,11475,11474,1
2019-11-13 16:37:18.811,11474,11475,11474,5
2019-11-13 16:37:21.806,11474,11475,11474,1
2019-11-13 16:38:08.866,11474,11475,11474,2
2019-11-13 16:38:38.509,11474,11475,11475,15
2019-11-13 16:39:02.270,11474,11475,11474,2
2019-11-13 16:39:13.435,11474,11475,11474,1
2019-11-13 16:39:18.511,11474,11475,11474,1
2019-11-13 16:39:20.546,11474,11475,11474,1
2019-11-13 16:39:24.516,11474,11475,11474,1
2019-11-13 16:39:24.683,11474,11475,11474,1
2019-11-13 16:39:25.703,11474,11475,11474,1
2019-11-13 16:39:47.142,11474,11475,11475,11
2019-11-13 16:39:52.634,11474,11475,11474,2
2019-11-13 16:40:05.206,11474,11475,11475,1
2019-11-13 16:40:20.372,11474,11475,11474,1
2019-11-13 16:40:29.609,11474,11475,11475,1
2019-11-13 16:40:58.030,11474,11475,11475,1
2019-11-13 16:41:02.414,11474,11475,11474,10
2019-11-13 16:41:02.730,11474,11475,11474,3
2019-11-13 16:41:02.851,11474,11475,11474,1
2019-11-13 16:41:03.373,11473,11474,11473,3
2019-11-13 16:41:03.380,11473,11474,11473,3
2019-11-13 16:41:03.528,11473,11474,11473,2
2019-11-13 16:41:03.628,11473,11474,11473,1
2019-11-13 16:41:20.745,11473,11474,11473,2
2019-11-13 16:41:29.043,11473,11474,11473,3
2019-11-13 16:41:31.499,11473,11474,11473,1
2019-11-13 16:41:47.883,11473,11474,11473,1
2019-11-13 16:41:48.971,11473,11474,11473,2
2019-11-13 16:41:49.731,11473,11474,11473,1
2019-11-13 16:41:55.673,11473,11474,11473,4
2019-11-13 16:41:56.242,11473,11474,11473,1
2019-11-13 16:41:56.821,11473,11474,11473,1
2019-11-13 16:41:56.821,11473,11474,11472,1
2019-11-13 16:41:56.895,11472,11474,11472,1
2019-11-13 16:42:11.611,11472,11473,11472,1
2019-11-13 16:42:14.256,11472,11473,11472,25
2019-11-13 16:42:14.484,11472,11473,11472,2
2019-11-13 16:42:21.877,11472,11473,11473,1
2019-11-13 16:42:25.546,11472,11473,11472,2
2019-11-13 16:42:28.813,11472,11473,11472,1
2019-11-13 16:42:28.820,11472,11473,11471,1
2019-11-13 16:42:28.882,11471,11473,11471,2
2019-11-13 16:42:33.781,11471,11473,11471,1
2019-11-13 16:42:35.750,11471,11473,11471,10
2019-11-13 16:42:37.292,11471,11472,11471,1
2019-11-13 16:42:46.877,11471,11473,11471,2
2019-11-13 16:42:49.190,11472,11473,11472,1
2019-11-13 16:42:57.423,11472,11473,11472,2
2019-11-13 16:43:02.049,11472,11473,11472,2
2019-11-13 16:43:17.076,11472,11473,11472,1
2019-11-13 16:43:24.908,11472,11473,11472,1
2019-11-13 16:43:31.398,11472,11473,11472,1
2019-11-13 16:43:32.129,11472,11473,11472,7
2019-11-13 16:43:39.690,11471,11472,11472,1
2019-11-13 16:43:42.750,11471,11472,11472,1
2019-11-13 16:43:43.694,11471,11472,11472,1
2019-11-13 16:43:43.695,11471,11472,11472,1
2019-11-13 16:43:43.695,11471,11472,11472,2
2019-11-13 16:43:43.836,11471,11472,11471,5
2019-11-13 16:43:57.012,11471,11472,11471,3
2019-11-13 16:44:00.401,11471,11472,11471,2
2019-11-13 16:44:09.801,11471,11472,11471,1
2019-11-13 16:44:11.088,11471,11472,11471,1
2019-11-13 16:44:12.571,11471,11472,11471,1
2019-11-13 16:44:22.429,11471,11472,11471,1
2019-11-13 16:44:27.329,11471,11472,11472,10
2019-11-13 16:44:31.026,11472,11473,11472,2
2019-11-13 16:44:42.108,11472,11473,11472,1
2019-11-13 16:44:42.804,11472,11473,11472,2
2019-11-13 16:44:44.029,11472,11473,11472,1
2019-11-13 16:44:51.190,11472,11473,11472,5
2019-11-13 16:45:03.272,11472,11473,11472,1
2019-11-13 16:45:08.387,11472,11473,11472,3
2019-11-13 16:45:08.504,11472,11473,11472,1
2019-11-13 16:45:08.744,11472,11473,11472,2
2019-11-13 16:45:13.601,11472,11473,11472,7
2019-11-13 16:45:13.726,11472,11473,11472,10
2019-11-13 16:45:13.726,11472,11473,11472,4
2019-11-13 16:45:13.851,11472,11473,11472,4
2019-11-13 16:45:13.851,11472,11473,11472,3
2019-11-13 16:45:14.549,11471,11472,11471,4
2019-11-13 16:45:17.512,11471,11472,11471,1
2019-11-13 16:45:22.900,11471,11472,11471,1
2019-11-13 16:45:28.202,11471,11472,11471,1
2019-11-13 16:45:30.525,11471,11472,11471,1
2019-11-13 16:45:30.601,11471,11472,11471,1
2019-11-13 16:45:30.707,11471,11472,11471,1
2019-11-13 16:45:30.726,11471,11472,11471,1
2019-11-13 16:45:30.727,11471,11472,11471,3
2019-11-13 16:45:31.219,11470,11471,11470,1
2019-11-13 16:45:31.226,11470,11471,11470,1
2019-11-13 16:45:31.298,11470,11471,11470,2
2019-11-13 16:45:31.313,11470,11471,11470,3
2019-11-13 16:45:31.316,11470,11471,11470,1
2019-11-13 16:45:31.352,11470,11471,11470,1
2019-11-13 16:45:31.454,11470,11471,11470,1
2019-11-13 16:45:31.475,11470,11471,11470,1
2019-11-13 16:45:31.476,11470,11471,11470,10
2019-11-13 16:45:31.476,11470,11471,11470,2
2019-11-13 16:45:31.476,11470,11471,11470,2
2019-11-13 16:45:31.684,11470,11471,11470,1
2019-11-13 16:45:32.047,11470,11471,11470,3
2019-11-13 16:45:42.887,11469,11470,11469,4
2019-11-13 16:45:47.650,11469,11470,11470,1
2019-11-13 16:45:50.688,11469,11470,11469,1
2019-11-13 16:45:51.412,11469,11470,11469,1
2019-11-13 16:45:53.892,11469,11470,11469,1
2019-11-13 16:45:58.083,11469,11470,11469,1
2019-11-13 16:45:58.128,11469,11470,11469,1
2019-11-13 16:46:00.749,11469,11470,11470,1
2019-11-13 16:46:01.345,11469,11470,11469,1
2019-11-13 16:46:04.786,11469,11470,11470,1
2019-11-13 16:46:07.770,11469,11470,11470,2
2019-11-13 16:46:10.199,11469,11470,11470,2
2019-11-13 16:46:10.839,11469,11470,11469,1
2019-11-13 16:46:11.335,11469,11470,11469,1
2019-11-13 16:46:15.437,11469,11470,11469,1
2019-11-13 16:46:16.782,11469,11470,11469,2
2019-11-13 16:46:19.466,11469,11470,11469,1
2019-11-13 16:46:21.086,11469,11470,11469,1
2019-11-13 16:46:25.234,11469,11470,11469,3
2019-11-13 16:46:25.311,11469,11470,11469,1
2019-11-13 16:46:25.877,11469,11470,11469,2
2019-11-13 16:46:28.877,11469,11470,11469,2
2019-11-13 16:46:35.926,11469,11470,11469,1
2019-11-13 16:46:36.701,11469,11470,11469,1
2019-11-13 16:46:37.888,11469,11470,11469,1
2019-11-13 16:46:38.127,11469,11470,11469,3
2019-11-13 16:46:38.795,11469,11470,11469,1
2019-11-13 16:46:39.267,11469,11470,11469,1
2019-11-13 16:46:39.427,11469,11470,11469,2
2019-11-13 16:46:43.028,11469,11470,11469,1
2019-11-13 16:46:48.605,11469,11470,11469,1
2019-11-13 16:46:50.343,11469,11470,11469,1
2019-11-13 16:46:53.904,11469,11470,11470,39
2019-11-13 16:46:53.904,11469,11470,11470,1
2019-11-13 16:46:54.095,11470,11471,11470,1
2019-11-13 16:47:02.476,11470,11471,11470,1
2019-11-13 16:47:24.018,11470,11471,11470,2
2019-11-13 16:47:25.685,11470,11471,11470,12
2019-11-13 16:47:37.037,11469,11470,11469,2
2019-11-13 16:47:45.081,11469,11470,11469,1
2019-11-13 16:47:45.213,11469,11470,11469,1
2019-11-13 16:47:45.316,11469,11470,11469,1
2019-11-13 16:47:47.963,11469,11470,11469,1
2019-11-13 16:47:48.829,11469,11470,11469,1
2019-11-13 16:47:50.291,11469,11470,11469,1
2019-11-13 16:47:50.425,11469,11470,11469,1
2019-11-13 16:47:54.970,11469,11470,11469,1
2019-11-13 16:48:03.951,11468,11469,11469,1
2019-11-13 16:48:04.510,11468,11469,11469,2
2019-11-13 16:48:05.134,11469,11470,11469,1
2019-11-13 16:48:12.206,11469,11470,11469,1
2019-11-13 16:48:19.345,11468,11470,11468,2
2019-11-13 16:48:19.345,11468,11470,11468,1
2019-11-13 16:48:19.345,11468,11470,11468,1
2019-11-13 16:48:19.351,11468,11469,11468,3
2019-11-13 16:48:19.351,11468,11469,11468,3
2019-11-13 16:48:19.402,11468,11469,11468,1
2019-11-13 16:48:21.852,11468,11469,11469,8
2019-11-13 16:48:44.610,11468,11469,11469,11
2019-11-13 16:48:45.806,11468,11469,11469,1
2019-11-13 16:48:57.823,11468,11469,11469,2
2019-11-13 16:48:58.101,11468,11469,11469,1
2019-11-13 16:49:23.154,11469,11470,11469,1
2019-11-13 16:49:37.085,11469,11470,11469,1
2019-11-13 16:49:56.399,11469,11470,11470,21
2019-11-13 16:49:56.484,11469,11471,11471,1
2019-11-13 16:49:56.485,11469,11471,11471,1
2019-11-13 16:49:56.487,11469,11471,11471,1
2019-11-13 16:49:56.494,11469,11471,11471,1
2019-11-13 16:49:56.495,11469,11471,11471,1
2019-11-13 16:49:56.495,11469,11471,11471,1
2019-11-13 16:49:56.496,11469,11471,11471,1
2019-11-13 16:49:56.496,11469,11471,11471,1
2019-11-13 16:49:56.497,11469,11471,11471,1
2019-11-13 16:49:56.498,11469,11471,11471,1
2019-11-13 16:49:56.517,11469,11471,11471,2
2019-11-13 16:49:56.517,11469,11471,11471,5
2019-11-13 16:49:56.517,11469,11471,11471,10
2019-11-13 16:49:56.605,11471,11472,11471,1
2019-11-13 16:49:56.605,11471,11472,11471,2
2019-11-13 16:50:02.186,11471,11472,11471,5
2019-11-13 16:50:09.149,11471,11472,11471,1
2019-11-13 16:50:12.095,11471,11472,11472,1
2019-11-13 16:50:19.719,11471,11472,11471,3
2019-11-13 16:50:19.719,11471,11472,11470,2
2019-11-13 16:50:29.273,11470,11472,11472,1
2019-11-13 16:50:51.274,11471,11472,11471,1
2019-11-13 16:50:51.657,11471,11472,11471,1
2019-11-13 16:51:01.442,11471,11472,11471,10
2019-11-13 16:51:01.471,11471,11472,11471,1
2019-11-13 16:51:01.472,11471,11472,11471,1
2019-11-13 16:51:01.849,11470,11471,11470,2
2019-11-13 16:51:01.951,11470,11471,11470,2
2019-11-13 16:51:05.806,11470,11471,11471,3
2019-11-13 16:51:13.383,11470,11472,11472,1
2019-11-13 16:51:38.087,11471,11472,11472,1
2019-11-13 16:51:38.540,11471,11472,11472,1
2019-11-13 16:51:41.169,11471,11472,11472,1
2019-11-13 16:51:44.938,11471,11472,11471,15
2019-11-13 16:51:47.337,11471,11472,11471,1
2019-11-13 16:51:55.486,11471,11472,11472,1
2019-11-13 16:52:01.458,11471,11472,11472,1
2019-11-13 16:52:01.629,11471,11472,11472,1
2019-11-13 16:52:02.153,11471,11472,11472,1
2019-11-13 16:52:02.321,11471,11472,11472,1
2019-11-13 16:52:02.940,11471,11472,11472,1
2019-11-13 16:52:03.007,11471,11473,11472,1
2019-11-13 16:52:04.840,11472,11473,11472,1
2019-11-13 16:52:07.479,11471,11472,11472,1
2019-11-13 16:52:24.851,11472,11473,11473,10
2019-11-13 16:52:24.976,11472,11473,11473,2
2019-11-13 16:52:33.747,11473,11474,11474,5
2019-11-13 16:52:34.822,11473,11474,11474,2
2019-11-13 16:52:34.877,11473,11474,11473,15
2019-11-13 16:52:41.219,11472,11473,11473,2
2019-11-13 16:52:41.219,11472,11473,11474,2
2019-11-13 16:52:50.414,11473,11474,11473,1
2019-11-13 16:52:51.242,11472,11473,11473,2
2019-11-13 16:52:51.521,11472,11473,11473,1
2019-11-13 16:52:54.486,11472,11473,11473,1
2019-11-13 16:52:55.124,11473,11474,11473,2
2019-11-13 16:53:07.196,11472,11473,11473,2
2019-11-13 16:53:16.226,11472,11473,11472,4
2019-11-13 16:53:22.246,11472,11473,11472,2
2019-11-13 16:53:22.246,11472,11473,11471,13
2019-11-13 16:53:23.341,11471,11472,11472,1
2019-11-13 16:53:58.469,11471,11472,11472,2
2019-11-13 16:54:04.863,11472,11473,11472,1
2019-11-13 16:54:12.017,11471,11472,11472,1
2019-11-13 16:54:45.984,11472,11473,11472,1
2019-11-13 16:54:56.493,11472,11473,11472,6
2019-11-13 16:55:04.971,11471,11472,11472,2
2019-11-13 16:55:05.349,11471,11472,11472,2
2019-11-13 16:55:45.187,11472,11473,11472,1
2019-11-13 16:55:49.469,11472,11473,11472,2
2019-11-13 16:56:26.447,11472,11473,11473,1
2019-11-13 16:56:49.721,11472,11473,11472,1
2019-11-13 16:57:12.094,11472,11473,11473,1
2019-11-13 16:57:36.352,11472,11473,11473,1
2019-11-13 16:57:49.183,11472,11473,11472,1
2019-11-13 16:58:13.319,11472,11473,11472,1
2019-11-13 16:58:16.108,11472,11473,11472,4
2019-11-13 16:59:04.997,11472,11473,11472,1
2019-11-13 16:59:07.378,11472,11473,11472,1
2019-11-13 16:59:07.378,11472,11473,11472,1
2019-11-13 16:59:07.378,11472,11473,11472,4
2019-11-13 16:59:07.378,11472,11473,11472,1
2019-11-13 16:59:07.420,11472,11473,11472,2
2019-11-13 16:59:07.420,11472,11473,11472,2
2019-11-13 16:59:32.083,11471,11472,11471,1
2019-11-13 16:59:32.190,11471,11472,11471,2
2019-11-13 16:59:32.393,11471,11472,11471,1
2019-11-13 16:59:35.440,11471,11472,11471,3
2019-11-13 16:59:35.726,11471,11472,11471,2
2019-11-13 16:59:40.040,11470,11472,11470,1
2019-11-13 16:59:47.736,11470,11471,11470,1
2019-11-13 17:00:08.038,11470,11471,11470,2
2019-11-13 17:00:26.968,11470,11471,11470,1
2019-11-13 17:00:29.963,11470,11471,11470,1
2019-11-13 17:00:33.241,11470,11471,11470,2
2019-11-13 17:00:34.330,11470,11471,11470,1
2019-11-13 17:00:34.534,11470,11471,11470,1
2019-11-13 17:00:36.735,11470,11471,11470,1
2019-11-13 17:00:40.805,11470,11471,11470,4
2019-11-13 17:00:42.987,11469,11470,11470,1
2019-11-13 17:00:55.699,11469,11470,11469,1
2019-11-13 17:01:01.041,11469,11470,11469,1
2019-11-13 17:01:01.042,11469,11470,11469,4
2019-11-13 17:01:01.043,11469,11470,11469,2
2019-11-13 17:01:01.044,11469,11470,11469,1
2019-11-13 17:01:01.044,11469,11470,11469,2
2019-11-13 17:01:01.044,11469,11470,11469,2
2019-11-13 17:01:01.045,11469,11470,11469,1
2019-11-13 17:01:01.045,11469,11470,11469,7
2019-11-13 17:01:01.150,11468,11469,11468,1
2019-11-13 17:01:01.150,11468,11469,11468,2
2019-11-13 17:01:01.228,11468,11469,11468,18
2019-11-13 17:01:01.351,11468,11469,11468,1
2019-11-13 17:01:03.980,11467,11468,11467,1
2019-11-13 17:01:04.126,11467,11468,11467,1
2019-11-13 17:01:04.301,11467,11468,11467,1
2019-11-13 17:01:04.351,11467,11468,11467,16
2019-11-13 17:01:04.601,11466,11467,11466,1
2019-11-13 17:01:04.601,11466,11467,11466,4
2019-11-13 17:01:04.768,11466,11467,11466,1
2019-11-13 17:01:04.770,11466,11467,11466,5
2019-11-13 17:01:04.814,11466,11467,11467,1
2019-11-13 17:01:04.843,11466,11467,11466,1
2019-11-13 17:01:04.851,11466,11467,11466,2
2019-11-13 17:01:04.978,11466,11467,11466,4
2019-11-13 17:01:06.706,11465,11466,11465,14
2019-11-13 17:01:06.751,11465,11466,11465,1
2019-11-13 17:01:06.852,11465,11466,11465,24
2019-11-13 17:01:06.862,11465,11466,11464,1
2019-11-13 17:01:07.237,11464,11465,11464,8
2019-11-13 17:01:07.604,11463,11464,11463,1
2019-11-13 17:01:07.822,11463,11464,11463,1
2019-11-13 17:01:09.208,11463,11464,11463,1
2019-11-13 17:01:12.468,11463,11464,11463,1
2019-11-13 17:01:12.477,11463,11464,11463,1
2019-11-13 17:01:13.043,11463,11464,11463,1
2019-11-13 17:01:15.324,11463,11464,11464,3
2019-11-13 17:01:15.644,11463,11464,11464,3
2019-11-13 17:01:15.778,11463,11465,11464,1
2019-11-13 17:01:20.444,11464,11465,11464,2
2019-11-13 17:01:23.879,11464,11465,11464,1
2019-11-13 17:01:24.049,11464,11465,11465,1
2019-11-13 17:01:24.062,11464,11465,11464,1
2019-11-13 17:01:24.894,11464,11465,11465,4
2019-11-13 17:01:24.895,11464,11465,11465,1
2019-11-13 17:01:24.895,11464,11465,11465,1
2019-11-13 17:01:29.266,11465,11466,11465,1
2019-11-13 17:01:29.968,11465,11467,11465,1
2019-11-13 17:01:34.046,11465,11466,11466,1
2019-11-13 17:01:35.082,11465,11466,11465,1
2019-11-13 17:01:41.155,11465,11466,11465,1
2019-11-13 17:01:44.849,11465,11466,11465,1
2019-11-13 17:01:48.187,11465,11466,11466,2
2019-11-13 17:01:49.673,11465,11466,11465,1
2019-11-13 17:01:49.896,11465,11466,11465,1
2019-11-13 17:01:53.937,11465,11466,11465,1
2019-11-13 17:01:55.150,11465,11466,11465,1
2019-11-13 17:01:57.075,11465,11466,11465,1
2019-11-13 17:01:57.602,11465,11466,11466,1
2019-11-13 17:02:00.120,11465,11466,11465,1
2019-11-13 17:02:03.779,11465,11466,11465,1
2019-11-13 17:02:08.813,11465,11466,11465,1
2019-11-13 17:02:10.501,11465,11466,11465,1
2019-11-13 17:02:15.486,11465,11466,11466,1
2019-11-13 17:02:16.872,11465,11466,11465,1
2019-11-13 17:02:18.542,11465,11466,11466,1
2019-11-13 17:02:22.216,11465,11466,11466,1
2019-11-13 17:02:23.577,11465,11466,11465,5
2019-11-13 17:02:33.130,11465,11466,11465,1
2019-11-13 17:02:38.138,11465,11466,11466,1
2019-11-13 17:02:40.260,11465,11466,11466,1
2019-11-13 17:02:41.633,11465,11466,11466,1
2019-11-13 17:02:47.115,11465,11466,11466,1
2019-11-13 17:02:52.719,11465,11466,11466,1
2019-11-13 17:02:54.397,11465,11466,11465,9
2019-11-13 17:02:54.397,11465,11466,11465,11
2019-11-13 17:02:54.397,11465,11466,11465,1
2019-11-13 17:02:56.633,11464,11465,11465,1
2019-11-13 17:03:05.524,11464,11465,11464,6
2019-11-13 17:03:12.013,11463,11464,11463,1
2019-11-13 17:03:12.890,11463,11464,11463,3
2019-11-13 17:03:15.260,11463,11464,11463,1
2019-11-13 17:03:16.616,11463,11464,11463,2
2019-11-13 17:03:17.079,11463,11464,11463,1
2019-11-13 17:03:17.080,11463,11464,11463,4
2019-11-13 17:03:17.080,11463,11464,11463,10
2019-11-13 17:03:17.080,11463,11464,11463,2
2019-11-13 17:03:18.414,11462,11463,11462,2
2019-11-13 17:03:18.495,11462,11463,11462,5
2019-11-13 17:03:18.541,11462,11463,11462,1
2019-11-13 17:03:18.560,11462,11463,11462,1
2019-11-13 17:03:18.709,11462,11463,11462,1
2019-11-13 17:03:18.710,11462,11463,11462,1
2019-11-13 17:03:18.839,11462,11463,11462,1
2019-11-13 17:03:19.047,11462,11463,11462,1
2019-11-13 17:03:19.054,11462,11463,11462,3
2019-11-13 17:03:19.250,11462,11463,11462,1
2019-11-13 17:03:19.414,11462,11463,11462,1
2019-11-13 17:03:20.637,11462,11463,11462,1
2019-11-13 17:03:20.642,11462,11463,11462,1
2019-11-13 17:03:20.789,11462,11463,11462,1
2019-11-13 17:03:20.830,11462,11463,11462,1
2019-11-13 17:03:20.852,11462,11463,11462,12
2019-11-13 17:03:21.970,11461,11462,11461,1
2019-11-13 17:03:22.196,11461,11462,11462,10
2019-11-13 17:03:22.520,11461,11462,11461,1
2019-11-13 17:03:22.522,11461,11462,11461,1
2019-11-13 17:03:23.615,11461,11462,11461,1
2019-11-13 17:03:23.739,11461,11462,11461,1
2019-11-13 17:03:24.136,11461,11462,11461,5
2019-11-13 17:03:25.006,11461,11462,11461,1
2019-11-13 17:03:25.385,11461,11462,11461,1
2019-11-13 17:03:25.463,11461,11462,11461,1
2019-11-13 17:03:25.853,11461,11462,11461,11
2019-11-13 17:03:26.807,11460,11461,11460,1
2019-11-13 17:03:26.884,11460,11461,11460,1
2019-11-13 17:03:26.884,11460,11461,11460,3
2019-11-13 17:03:26.884,11460,11461,11460,1
2019-11-13 17:03:26.886,11460,11461,11460,1
2019-11-13 17:03:26.921,11460,11461,11460,1
2019-11-13 17:03:26.960,11460,11461,11460,3
2019-11-13 17:03:27.397,11460,11461,11460,1
2019-11-13 17:03:28.092,11460,11461,11460,1
2019-11-13 17:03:28.153,11460,11461,11460,1
2019-11-13 17:03:28.179,11460,11461,11460,2
2019-11-13 17:03:28.329,11460,11461,11460,2
2019-11-13 17:03:28.475,11460,11461,11460,2
2019-11-13 17:03:28.597,11460,11461,11460,2
2019-11-13 17:03:28.725,11460,11461,11460,2
2019-11-13 17:03:28.828,11460,11461,11460,5
2019-11-13 17:03:28.867,11460,11461,11460,2
2019-11-13 17:03:28.994,11460,11461,11460,2
2019-11-13 17:03:29.000,11460,11461,11460,2
2019-11-13 17:03:29.101,11460,11461,11460,1
2019-11-13 17:03:32.833,11460,11461,11460,4
2019-11-13 17:03:33.439,11460,11461,11460,1
2019-11-13 17:03:33.927,11459,11460,11460,4
2019-11-13 17:03:35.697,11460,11461,11460,1
2019-11-13 17:03:35.865,11460,11461,11460,1
2019-11-13 17:03:36.077,11460,11461,11460,1
2019-11-13 17:03:37.393,11460,11461,11460,1
2019-11-13 17:03:38.197,11460,11461,11460,4
2019-11-13 17:03:38.372,11460,11461,11460,1
2019-11-13 17:03:38.638,11460,11461,11460,2
2019-11-13 17:03:38.682,11460,11461,11460,1
2019-11-13 17:03:39.982,11460,11461,11460,1
2019-11-13 17:03:41.195,11460,11461,11460,1
2019-11-13 17:03:41.517,11460,11461,11460,2
2019-11-13 17:03:41.875,11460,11461,11460,1
2019-11-13 17:03:42.294,11460,11461,11460,4
2019-11-13 17:03:44.188,11460,11461,11460,1
2019-11-13 17:03:44.924,11460,11461,11460,3
2019-11-13 17:03:45.484,11460,11461,11460,1
2019-11-13 17:03:46.252,11460,11461,11460,1
2019-11-13 17:03:46.438,11460,11461,11460,1
2019-11-13 17:03:46.911,11459,11461,11460,1
2019-11-13 17:03:47.221,11460,11461,11460,1
2019-11-13 17:03:49.404,11460,11461,11460,1
2019-11-13 17:03:49.404,11460,11461,11459,2
2019-11-13 17:03:49.517,11459,11461,11461,2
2019-11-13 17:03:49.518,11459,11461,11459,1
2019-11-13 17:03:49.528,11459,11461,11459,1
2019-11-13 17:03:50.001,11459,11460,11459,1
2019-11-13 17:03:51.402,11459,11460,11460,1
2019-11-13 17:03:52.846,11459,11460,11459,4
2019-11-13 17:03:52.913,11459,11460,11459,1
2019-11-13 17:03:56.220,11459,11460,11459,2
2019-11-13 17:03:56.757,11458,11459,11459,5
2019-11-13 17:03:57.977,11458,11459,11458,1
2019-11-13 17:03:58.124,11458,11459,11459,2
2019-11-13 17:03:58.149,11458,11459,11459,2
2019-11-13 17:03:58.174,11458,11459,11459,2
2019-11-13 17:03:58.200,11458,11459,11459,2
2019-11-13 17:03:58.445,11458,11459,11458,1
2019-11-13 17:03:59.293,11458,11459,11458,2
2019-11-13 17:03:59.655,11458,11459,11458,5
2019-11-13 17:03:59.753,11458,11459,11458,1
2019-11-13 17:03:59.778,11458,11459,11458,1
2019-11-13 17:04:00.501,11458,11459,11459,4
2019-11-13 17:04:00.577,11458,11459,11458,13
2019-11-13 17:04:01.477,11457,11458,11457,1
2019-11-13 17:04:01.692,11457,11458,11457,1
2019-11-13 17:04:02.816,11457,11458,11457,2
2019-11-13 17:04:03.007,11457,11458,11457,1
2019-11-13 17:04:03.159,11457,11458,11458,1
2019-11-13 17:04:04.288,11457,11458,11457,5
2019-11-13 17:04:06.851,11457,11458,11458,1
2019-11-13 17:04:06.879,11457,11458,11457,1
2019-11-13 17:04:07.474,11457,11458,11457,1
2019-11-13 17:04:07.710,11457,11458,11457,1
2019-11-13 17:04:07.879,11457,11458,11457,1
2019-11-13 17:04:08.713,11457,11458,11457,1
2019-11-13 17:04:09.590,11457,11458,11458,3
2019-11-13 17:04:09.601,11457,11458,11458,7
2019-11-13 17:04:09.920,11458,11459,11458,1
2019-11-13 17:04:10.727,11458,11459,11458,3
2019-11-13 17:04:12.703,11458,11459,11458,2
2019-11-13 17:04:16.006,11458,11459,11458,3
2019-11-13 17:04:16.656,11458,11459,11458,3
2019-11-13 17:04:19.631,11458,11459,11458,1
2019-11-13 17:04:19.931,11458,11459,11458,18
2019-11-13 17:04:20.036,11458,11459,11458,1
2019-11-13 17:04:22.116,11458,11459,11459,15
2019-11-13 17:04:22.116,11458,11459,11459,1
2019-11-13 17:04:22.117,11458,11459,11459,4
2019-11-13 17:04:22.227,11458,11459,11459,1
2019-11-13 17:04:22.227,11458,11459,11459,4
2019-11-13 17:04:22.227,11458,11459,11459,2
2019-11-13 17:04:22.227,11458,11459,11459,2
2019-11-13 17:04:22.227,11458,11459,11459,3
2019-11-13 17:04:22.227,11458,11459,11459,6
2019-11-13 17:04:22.227,11458,11459,11459,2
2019-11-13 17:04:22.227,11458,11459,11459,1
2019-11-13 17:04:22.269,11458,11459,11459,1
2019-11-13 17:04:22.351,11458,11459,11459,4
2019-11-13 17:04:22.351,11458,11459,11459,4
2019-11-13 17:04:22.351,11458,11459,11459,1
2019-11-13 17:04:22.352,11458,11459,11459,2
2019-11-13 17:04:22.352,11458,11459,11459,1
2019-11-13 17:04:22.352,11458,11459,11459,3
2019-11-13 17:04:22.352,11458,11459,11459,3
2019-11-13 17:04:22.352,11458,11459,11459,4
2019-11-13 17:04:22.352,11458,11459,11459,2
2019-11-13 17:04:22.422,11458,11459,11459,1
2019-11-13 17:04:22.476,11458,11459,11459,1
2019-11-13 17:04:22.476,11458,11459,11459,1
2019-11-13 17:04:22.476,11458,11459,11459,1
2019-11-13 17:04:22.477,11458,11459,11459,2
2019-11-13 17:04:25.367,11459,11460,11459,1
2019-11-13 17:04:27.750,11459,11460,11460,2
2019-11-13 17:04:29.375,11459,11460,11459,5
2019-11-13 17:04:31.403,11459,11460,11460,1
2019-11-13 17:04:35.538,11459,11460,11460,1
2019-11-13 17:04:36.094,11459,11460,11460,1
2019-11-13 17:04:46.814,11459,11460,11459,4
2019-11-13 17:04:46.814,11459,11460,11458,5
2019-11-13 17:04:49.781,11458,11459,11458,6
2019-11-13 17:04:50.575,11458,11459,11458,14
2019-11-13 17:04:50.575,11458,11459,11457,3
2019-11-13 17:04:54.227,11457,11458,11458,2
2019-11-13 17:04:55.390,11458,11459,11459,1
2019-11-13 17:04:55.737,11458,11459,11458,1
2019-11-13 17:04:57.047,11458,11459,11459,4
2019-11-13 17:05:04.234,11457,11458,11458,1
2019-11-13 17:05:05.057,11457,11458,11458,1
2019-11-13 17:05:07.404,11457,11458,11457,5
2019-11-13 17:05:07.476,11457,11458,11457,2
2019-11-13 17:05:07.700,11456,11457,11457,1
2019-11-13 17:05:10.144,11456,11457,11457,2
2019-11-13 17:05:10.935,11456,11457,11456,3
2019-11-13 17:05:11.185,11456,11457,11456,2
2019-11-13 17:05:11.473,11456,11457,11456,12
2019-11-13 17:05:12.057,11455,11456,11455,1
2019-11-13 17:05:13.339,11455,11456,11455,1
2019-11-13 17:05:13.382,11455,11456,11455,1
2019-11-13 17:05:13.445,11455,11456,11456,2
2019-11-13 17:05:14.025,11455,11456,11456,1
2019-11-13 17:05:15.835,11455,11456,11456,1
2019-11-13 17:05:15.880,11455,11457,11456,1
2019-11-13 17:05:17.990,11456,11457,11456,1
2019-11-13 17:05:17.992,11456,11457,11456,1
2019-11-13 17:05:18.778,11456,11457,11456,1
2019-11-13 17:05:18.778,11456,11457,11455,1
2019-11-13 17:05:19.257,11456,11457,11456,1
2019-11-13 17:05:19.257,11456,11457,11455,3
2019-11-13 17:05:20.378,11455,11456,11456,10
2019-11-13 17:05:20.818,11455,11456,11455,1
2019-11-13 17:05:21.943,11455,11456,11455,4
2019-11-13 17:05:22.628,11455,11456,11455,4
2019-11-13 17:05:24.488,11455,11456,11455,1
2019-11-13 17:05:24.876,11455,11456,11456,1
2019-11-13 17:05:26.453,11455,11456,11456,4
2019-11-13 17:05:27.004,11456,11457,11456,1
2019-11-13 17:05:27.533,11456,11457,11456,1
2019-11-13 17:05:27.565,11456,11457,11456,2
2019-11-13 17:05:27.803,11456,11457,11457,1
2019-11-13 17:05:28.242,11456,11457,11456,1
2019-11-13 17:05:28.963,11456,11457,11456,6
2019-11-13 17:05:30.015,11456,11457,11456,1
2019-11-13 17:05:33.976,11456,11457,11457,6
2019-11-13 17:05:34.227,11457,11458,11457,2
2019-11-13 17:05:34.391,11457,11458,11457,1
2019-11-13 17:05:37.042,11457,11458,11458,1
2019-11-13 17:05:37.407,11457,11458,11458,1
2019-11-13 17:05:37.407,11457,11458,11458,1
2019-11-13 17:05:37.407,11457,11458,11458,1
2019-11-13 17:05:37.407,11457,11458,11458,3
2019-11-13 17:05:37.423,11457,11458,11458,2
2019-11-13 17:05:37.428,11457,11458,11458,1
2019-11-13 17:05:40.135,11458,11459,11458,1
2019-11-13 17:05:40.665,11458,11459,11458,1
2019-11-13 17:05:40.817,11458,11459,11458,1
2019-11-13 17:05:40.843,11458,11459,11458,1
2019-11-13 17:05:43.838,11458,11459,11459,1
2019-11-13 17:05:50.080,11458,11459,11459,1
2019-11-13 17:05:51.538,11458,11459,11458,1
2019-11-13 17:05:54.585,11458,11459,11459,1
2019-11-13 17:05:55.343,11458,11459,11459,5
2019-11-13 17:05:55.343,11458,11459,11460,5
2019-11-13 17:05:59.328,11459,11460,11459,1
2019-11-13 17:05:59.328,11459,11460,11458,1
2019-11-13 17:06:00.503,11458,11459,11459,1
2019-11-13 17:06:03.288,11459,11460,11459,1
2019-11-13 17:06:10.097,11459,11460,11459,1
2019-11-13 17:06:10.405,11459,11460,11459,1
2019-11-13 17:06:13.804,11459,11460,11459,1
2019-11-13 17:06:20.203,11459,11460,11459,1
2019-11-13 17:06:21.701,11459,11460,11460,8
2019-11-13 17:06:25.743,11459,11460,11460,1
2019-11-13 17:06:28.309,11459,11460,11460,3
2019-11-13 17:06:31.045,11459,11460,11460,1
2019-11-13 17:06:38.148,11459,11460,11459,4
2019-11-13 17:06:42.525,11459,11460,11459,1
2019-11-13 17:06:46.804,11459,11460,11459,2
2019-11-13 17:06:53.686,11459,11460,11460,4
2019-11-13 17:07:00.604,11459,11460,11459,4
2019-11-13 17:07:02.427,11459,11460,11459,1
2019-11-13 17:07:02.816,11459,11460,11460,1
2019-11-13 17:07:03.576,11459,11460,11460,1
2019-11-13 17:07:05.126,11459,11460,11460,1
2019-11-13 17:07:06.195,11459,11460,11459,1
2019-11-13 17:07:07.186,11459,11460,11460,1
2019-11-13 17:07:10.712,11459,11460,11460,1
2019-11-13 17:07:10.782,11459,11460,11460,1
2019-11-13 17:07:12.371,11459,11460,11460,1
2019-11-13 17:07:19.816,11459,11460,11459,3
2019-11-13 17:07:22.239,11459,11460,11459,2
2019-11-13 17:07:24.054,11459,11460,11459,1
2019-11-13 17:07:24.314,11459,11460,11459,4
2019-11-13 17:07:25.878,11459,11460,11459,1
2019-11-13 17:07:26.664,11459,11460,11459,1
2019-11-13 17:07:27.329,11459,11460,11459,1
2019-11-13 17:07:33.857,11458,11459,11458,1
2019-11-13 17:07:37.180,11458,11459,11459,2
2019-11-13 17:07:38.111,11458,11459,11459,2
2019-11-13 17:07:40.833,11458,11459,11459,4
2019-11-13 17:07:40.833,11458,11459,11459,2
2019-11-13 17:07:43.380,11458,11460,11458,1
2019-11-13 17:07:47.677,11458,11459,11459,1
2019-11-13 17:08:02.626,11458,11459,11459,1
2019-11-13 17:08:08.840,11458,11459,11459,2
2019-11-13 17:08:12.865,11458,11459,11458,2
2019-11-13 17:08:15.408,11458,11459,11459,1
2019-11-13 17:08:18.608,11458,11459,11458,2
2019-11-13 17:08:31.154,11458,11459,11458,1
2019-11-13 17:08:31.976,11458,11459,11459,13
2019-11-13 17:08:32.101,11458,11459,11459,1
2019-11-13 17:08:35.614,11459,11460,11460,5
2019-11-13 17:08:35.851,11459,11460,11459,2
2019-11-13 17:08:35.868,11459,11460,11459,2
2019-11-13 17:08:35.876,11459,11460,11459,2
2019-11-13 17:08:35.902,11459,11460,11459,2
2019-11-13 17:08:35.927,11459,11460,11459,2
2019-11-13 17:08:35.953,11459,11460,11459,2
2019-11-13 17:08:35.977,11458,11460,11459,1
2019-11-13 17:08:35.995,11458,11460,11459,1
2019-11-13 17:08:40.079,11459,11460,11459,1
2019-11-13 17:08:42.136,11459,11460,11459,1
2019-11-13 17:08:53.381,11459,11460,11460,3
2019-11-13 17:08:54.710,11459,11460,11460,1
2019-11-13 17:08:57.754,11459,11460,11460,1
2019-11-13 17:09:05.771,11459,11460,11460,2
2019-11-13 17:09:13.012,11459,11460,11460,1
2019-11-13 17:09:20.297,11459,11460,11460,1
2019-11-13 17:09:21.432,11459,11460,11459,1
2019-11-13 17:09:22.819,11459,11460,11460,3
2019-11-13 17:09:27.455,11459,11460,11460,3
2019-11-13 17:09:35.131,11459,11460,11460,2
2019-11-13 17:09:44.111,11459,11460,11460,1
2019-11-13 17:09:54.391,11459,11460,11460,2
2019-11-13 17:10:01.997,11459,11460,11459,1
2019-11-13 17:10:03.017,11459,11460,11459,1
2019-11-13 17:10:04.117,11459,11460,11460,1
2019-11-13 17:10:11.998,11459,11460,11460,1
2019-11-13 17:10:12.449,11459,11460,11460,1
2019-11-13 17:10:26.871,11459,11460,11460,1
2019-11-13 17:10:44.043,11459,11460,11460,1
2019-11-13 17:10:51.600,11459,11460,11460,1
2019-11-13 17:10:57.900,11459,11460,11460,1
2019-11-13 17:11:31.623,11459,11460,11460,2
2019-11-13 17:11:53.305,11459,11460,11459,1
2019-11-13 17:11:57.488,11459,11460,11459,1
2019-11-13 17:11:59.860,11459,11460,11459,11
2019-11-13 17:12:05.577,11458,11459,11459,5
2019-11-13 17:12:10.055,11458,11459,11459,1
2019-11-13 17:12:14.282,11458,11459,11459,2
2019-11-13 17:12:15.113,11458,11459,11458,11
2019-11-13 17:12:15.226,11458,11459,11458,3
2019-11-13 17:12:15.226,11458,11459,11458,5
2019-11-13 17:12:15.226,11458,11459,11458,1
2019-11-13 17:12:15.226,11458,11459,11458,7
2019-11-13 17:12:22.504,11457,11458,11458,5
2019-11-13 17:12:24.638,11457,11458,11458,1
2019-11-13 17:12:26.685,11457,11458,11458,5
2019-11-13 17:12:28.035,11458,11459,11458,1
2019-11-13 17:12:32.607,11458,11459,11459,7
2019-11-13 17:12:33.004,11458,11459,11459,2
2019-11-13 17:12:35.314,11458,11459,11459,2
2019-11-13 17:12:36.851,11459,11460,11459,1
2019-11-13 17:12:39.977,11459,11460,11459,1
2019-11-13 17:12:40.101,11459,11460,11459,1
2019-11-13 17:12:42.070,11458,11459,11459,1
2019-11-13 17:12:42.878,11458,11459,11459,1
2019-11-13 17:12:45.692,11458,11459,11458,1
2019-11-13 17:12:47.496,11458,11459,11458,1
2019-11-13 17:12:52.918,11458,11459,11458,1
2019-11-13 17:12:54.593,11458,11459,11458,1
2019-11-13 17:12:55.914,11458,11459,11458,1
2019-11-13 17:12:56.602,11458,11459,11458,1
2019-11-13 17:12:58.435,11458,11459,11458,1
2019-11-13 17:13:03.567,11458,11459,11458,2
2019-11-13 17:13:10.402,11458,11459,11458,1
2019-11-13 17:13:20.913,11458,11459,11458,14
2019-11-13 17:13:24.163,11457,11458,11457,10
2019-11-13 17:13:24.418,11456,11457,11456,1
2019-11-13 17:13:24.439,11456,11457,11456,1
2019-11-13 17:13:24.477,11456,11457,11456,16
2019-11-13 17:13:24.536,11456,11457,11455,1
2019-11-13 17:13:24.749,11455,11456,11455,3
2019-11-13 17:13:24.851,11455,11456,11455,7
2019-11-13 17:13:25.090,11455,11456,11456,1
2019-11-13 17:13:25.661,11455,11456,11455,1
2019-11-13 17:13:26.445,11455,11456,11455,1
2019-11-13 17:13:26.703,11455,11456,11455,2
2019-11-13 17:13:26.890,11455,11456,11455,1
2019-11-13 17:13:37.185,11455,11456,11455,1
2019-11-13 17:13:39.179,11455,11456,11455,1
2019-11-13 17:13:41.363,11455,11456,11455,1
2019-11-13 17:13:43.814,11455,11456,11455,3
2019-11-13 17:13:44.274,11455,11456,11455,1
2019-11-13 17:13:45.452,11455,11456,11455,1
2019-11-13 17:13:47.860,11455,11456,11455,1
2019-11-13 17:13:47.997,11455,11456,11455,5
2019-11-13 17:13:48.667,11455,11456,11455,5
2019-11-13 17:13:53.831,11454,11455,11454,1
2019-11-13 17:13:53.877,11454,11455,11454,2
2019-11-13 17:13:53.904,11454,11455,11454,1
2019-11-13 17:13:53.953,11454,11455,11454,3
2019-11-13 17:13:55.253,11454,11455,11455,1
2019-11-13 17:13:55.833,11454,11455,11455,1
2019-11-13 17:13:57.189,11454,11455,11454,1
2019-11-13 17:13:57.627,11454,11455,11454,1
2019-11-13 17:13:59.177,11454,11455,11454,4
2019-11-13 17:13:59.681,11454,11455,11454,1
2019-11-13 17:14:01.235,11454,11455,11454,1
2019-11-13 17:14:01.269,11454,11455,11454,3
2019-11-13 17:14:01.269,11454,11455,11454,1
2019-11-13 17:14:01.269,11454,11455,11454,1
2019-11-13 17:14:01.269,11454,11455,11454,2
2019-11-13 17:14:01.270,11454,11455,11454,3
2019-11-13 17:14:01.270,11454,11455,11454,3
2019-11-13 17:14:01.270,11454,11455,11454,3
2019-11-13 17:14:01.270,11454,11455,11454,1
2019-11-13 17:14:01.270,11454,11455,11454,2
2019-11-13 17:14:01.271,11454,11455,11454,1
2019-11-13 17:14:01.271,11454,11455,11454,2
2019-11-13 17:14:01.875,11453,11454,11454,1
2019-11-13 17:14:03.389,11453,11454,11454,1
2019-11-13 17:14:04.191,11453,11454,11453,1
2019-11-13 17:14:04.255,11453,11454,11454,1
2019-11-13 17:14:04.256,11453,11454,11453,1
2019-11-13 17:14:04.277,11453,11454,11453,1
2019-11-13 17:14:04.309,11453,11454,11454,1
2019-11-13 17:14:04.391,11453,11454,11453,1
2019-11-13 17:14:05.863,11453,11454,11453,10
2019-11-13 17:14:05.980,11453,11454,11453,1
2019-11-13 17:14:05.984,11453,11454,11453,1
2019-11-13 17:14:06.168,11453,11454,11453,1
2019-11-13 17:14:06.876,11453,11454,11453,1
2019-11-13 17:14:07.138,11453,11454,11453,2
2019-11-13 17:14:07.709,11453,11454,11453,1
2019-11-13 17:14:08.050,11452,11454,11454,1
2019-11-13 17:14:08.571,11452,11453,11453,2
2019-11-13 17:14:08.891,11453,11454,11453,1
2019-11-13 17:14:09.094,11453,11454,11453,1
2019-11-13 17:14:10.380,11453,11454,11453,2
2019-11-13 17:14:10.742,11453,11454,11453,1
2019-11-13 17:14:11.855,11453,11454,11453,3
2019-11-13 17:14:12.230,11453,11454,11453,1
2019-11-13 17:14:12.633,11453,11454,11453,1
2019-11-13 17:14:12.639,11453,11454,11453,1
2019-11-13 17:14:12.735,11453,11454,11453,1
2019-11-13 17:14:13.775,11453,11454,11454,1
2019-11-13 17:14:15.584,11453,11454,11453,25
2019-11-13 17:14:15.584,11453,11454,11452,5
2019-11-13 17:14:15.601,11453,11454,11453,2
2019-11-13 17:14:15.731,11453,11454,11453,2
2019-11-13 17:14:15.734,11453,11454,11452,2
2019-11-13 17:14:15.734,11453,11454,11452,2
2019-11-13 17:14:15.738,11453,11454,11452,2
2019-11-13 17:14:16.127,11452,11453,11453,1
2019-11-13 17:14:16.414,11452,11453,11452,1
2019-11-13 17:14:16.439,11452,11453,11452,1
2019-11-13 17:14:16.477,11452,11453,11452,2
2019-11-13 17:14:16.480,11452,11453,11452,1
2019-11-13 17:14:16.487,11452,11453,11452,1
2019-11-13 17:14:18.002,11452,11453,11452,1
2019-11-13 17:14:18.040,11452,11453,11453,4
2019-11-13 17:14:18.729,11452,11453,11452,1
2019-11-13 17:14:18.729,11452,11453,11451,1
2019-11-13 17:14:19.040,11451,11453,11451,2
2019-11-13 17:14:19.059,11451,11453,11451,2
2019-11-13 17:14:19.100,11451,11453,11451,1
2019-11-13 17:14:19.109,11451,11453,11451,2
2019-11-13 17:14:19.676,11451,11453,11451,1
2019-11-13 17:14:19.702,11451,11453,11451,1
2019-11-13 17:14:19.749,11451,11453,11451,4
2019-11-13 17:14:19.752,11451,11453,11451,1
2019-11-13 17:14:19.773,11451,11453,11451,3
2019-11-13 17:14:19.799,11451,11453,11451,1
2019-11-13 17:14:19.895,11451,11453,11451,4
2019-11-13 17:14:19.999,11451,11453,11451,1
2019-11-13 17:14:21.918,11452,11453,11452,1
2019-11-13 17:14:22.046,11452,11453,11452,1
2019-11-13 17:14:22.150,11451,11453,11453,1
2019-11-13 17:14:23.182,11451,11453,11451,1
2019-11-13 17:14:25.350,11451,11452,11451,5
2019-11-13 17:14:25.716,11451,11452,11452,1
2019-11-13 17:14:27.708,11452,11453,11452,1
2019-11-13 17:14:30.084,11452,11453,11452,1
2019-11-13 17:14:37.047,11451,11452,11452,2
2019-11-13 17:14:37.455,11451,11452,11452,1
2019-11-13 17:14:38.754,11451,11452,11451,1
2019-11-13 17:14:38.836,11451,11452,11452,2
2019-11-13 17:14:40.002,11451,11452,11452,1
2019-11-13 17:14:42.885,11451,11452,11452,1
2019-11-13 17:14:45.510,11451,11452,11452,1
2019-11-13 17:14:46.614,11451,11452,11451,5
2019-11-13 17:14:47.684,11451,11452,11451,5
2019-11-13 17:14:48.853,11451,11452,11452,1
2019-11-13 17:14:51.104,11451,11452,11452,2
2019-11-13 17:14:54.165,11451,11452,11451,1
2019-11-13 17:14:55.585,11451,11452,11452,1
2019-11-13 17:14:55.846,11451,11452,11451,2
2019-11-13 17:14:56.483,11451,11452,11451,1
2019-11-13 17:14:56.577,11451,11452,11451,5
2019-11-13 17:14:56.628,11451,11452,11451,1
2019-11-13 17:14:57.483,11451,11452,11451,1
2019-11-13 17:14:59.545,11451,11452,11451,1
2019-11-13 17:14:59.563,11451,11452,11451,1
2019-11-13 17:15:02.286,11450,11451,11451,1
2019-11-13 17:15:02.714,11450,11451,11450,3
2019-11-13 17:15:02.750,11450,11451,11450,2
2019-11-13 17:15:02.974,11450,11451,11450,1
2019-11-13 17:15:03.077,11450,11451,11450,1
2019-11-13 17:15:03.694,11450,11451,11450,2
2019-11-13 17:15:03.736,11450,11451,11450,1
2019-11-13 17:15:03.996,11450,11451,11451,2
2019-11-13 17:15:07.096,11450,11451,11450,1
2019-11-13 17:15:07.973,11450,11451,11451,1
2019-11-13 17:15:10.223,11450,11451,11450,2
2019-11-13 17:15:11.248,11450,11451,11450,18
2019-11-13 17:15:12.010,11450,11451,11450,1
2019-11-13 17:15:12.453,11450,11451,11451,1
2019-11-13 17:15:13.667,11450,11451,11450,1
2019-11-13 17:15:14.066,11450,11451,11450,1
2019-11-13 17:15:16.231,11450,11451,11450,1
2019-11-13 17:15:19.778,11450,11451,11450,2
2019-11-13 17:15:20.703,11450,11451,11450,1
2019-11-13 17:15:20.703,11450,11451,11450,1
2019-11-13 17:15:20.703,11450,11451,11450,2
2019-11-13 17:15:20.703,11450,11451,11450,1
2019-11-13 17:15:20.704,11450,11451,11450,4
2019-11-13 17:15:20.704,11450,11451,11450,1
2019-11-13 17:15:20.704,11450,11451,11450,2
2019-11-13 17:15:21.806,11449,11450,11449,1
2019-11-13 17:15:21.998,11449,11450,11449,1
2019-11-13 17:15:22.098,11449,11450,11449,1
2019-11-13 17:15:22.137,11449,11450,11449,3
2019-11-13 17:15:22.185,11449,11450,11448,1
2019-11-13 17:15:22.199,11449,11450,11448,1
2019-11-13 17:15:22.719,11448,11449,11448,1
2019-11-13 17:15:23.197,11448,11449,11448,1
2019-11-13 17:15:24.082,11448,11449,11449,1
2019-11-13 17:15:24.403,11448,11449,11449,1
2019-11-13 17:15:25.875,11448,11449,11449,5
2019-11-13 17:15:27.358,11448,11449,11449,1
2019-11-13 17:15:27.732,11448,11449,11448,2
2019-11-13 17:15:28.980,11448,11449,11449,1
2019-11-13 17:15:30.381,11448,11449,11449,1
2019-11-13 17:15:31.300,11448,11449,11448,2
2019-11-13 17:15:32.251,11448,11449,11449,1
