2019-07-24 15:00:00.011,10800,10801,10800,28
2019-07-24 15:00:00.178,10800,10801,10800,1
2019-07-24 15:00:00.204,10800,10801,10800,1
2019-07-24 15:00:00.311,10800,10801,10801,1
2019-07-24 15:00:00.388,10800,10801,10801,2
2019-07-24 15:00:00.691,10800,10801,10800,1
2019-07-24 15:00:00.953,10800,10801,10800,1
2019-07-24 15:00:02.246,10800,10801,10801,1
2019-07-24 15:00:02.910,10800,10801,10801,2
2019-07-24 15:00:04.077,10800,10801,10801,1
2019-07-24 15:00:04.571,10800,10801,10801,2
2019-07-24 15:00:04.790,10800,10801,10800,2
2019-07-24 15:00:04.830,10800,10801,10801,1
2019-07-24 15:00:04.928,10800,10801,10800,2
2019-07-24 15:00:05.089,10800,10801,10800,2
2019-07-24 15:00:06.816,10800,10802,10802,3
2019-07-24 15:00:08.472,10801,10802,10801,1
2019-07-24 15:00:09.678,10801,10802,10801,1
2019-07-24 15:00:09.868,10801,10802,10802,1
2019-07-24 15:00:20.789,10801,10802,10802,3
2019-07-24 15:00:22.710,10801,10802,10801,2
2019-07-24 15:00:24.484,10801,10802,10801,1
2019-07-24 15:00:25.349,10801,10802,10801,2
2019-07-24 15:00:26.459,10801,10802,10801,1
2019-07-24 15:00:37.616,10801,10802,10801,6
2019-07-24 15:00:44.340,10801,10802,10801,1
2019-07-24 15:00:51.724,10801,10802,10801,1
2019-07-24 15:00:52.384,10801,10802,10801,1
2019-07-24 15:00:55.446,10801,10802,10802,6
2019-07-24 15:00:55.889,10801,10802,10801,1
2019-07-24 15:00:56.640,10801,10802,10801,1
2019-07-24 15:00:57.414,10801,10802,10801,1
2019-07-24 15:01:00.010,10801,10802,10802,2
2019-07-24 15:01:16.622,10801,10802,10801,3
2019-07-24 15:01:17.965,10801,10802,10802,3
2019-07-24 15:01:18.073,10801,10802,10802,7
2019-07-24 15:01:20.480,10802,10803,10802,1
2019-07-24 15:01:23.254,10801,10802,10802,1
2019-07-24 15:01:35.138,10801,10802,10802,1
2019-07-24 15:01:36.060,10801,10802,10802,1
2019-07-24 15:01:37.342,10801,10802,10801,3
2019-07-24 15:01:40.426,10801,10802,10802,1
2019-07-24 15:01:41.073,10801,10802,10802,7
2019-07-24 15:01:41.073,10801,10802,10802,4
2019-07-24 15:01:41.082,10801,10802,10802,1
2019-07-24 15:01:42.765,10802,10803,10802,1
2019-07-24 15:01:46.580,10802,10803,10803,7
2019-07-24 15:01:47.055,10803,10804,10803,1
2019-07-24 15:01:56.596,10803,10804,10804,1
2019-07-24 15:01:56.751,10803,10804,10804,4
2019-07-24 15:01:57.707,10803,10804,10804,1
2019-07-24 15:02:34.368,10804,10805,10805,1
2019-07-24 15:02:39.258,10804,10805,10804,5
2019-07-24 15:02:43.054,10804,10805,10804,5
2019-07-24 15:02:44.061,10804,10805,10804,5
2019-07-24 15:02:45.688,10804,10805,10804,2
2019-07-24 15:02:50.865,10803,10804,10803,1
2019-07-24 15:02:54.334,10803,10804,10803,1
2019-07-24 15:02:56.733,10803,10804,10804,1
2019-07-24 15:03:05.180,10803,10804,10803,2
2019-07-24 15:03:08.959,10803,10804,10804,1
2019-07-24 15:03:09.132,10803,10804,10804,1
2019-07-24 15:03:16.898,10803,10804,10804,7
2019-07-24 15:03:25.522,10804,10805,10804,3
2019-07-24 15:03:28.920,10804,10805,10805,1
2019-07-24 15:03:32.108,10804,10805,10804,2
2019-07-24 15:03:37.518,10804,10805,10804,4
2019-07-24 15:03:40.146,10804,10805,10804,2
2019-07-24 15:03:42.852,10803,10804,10804,1
2019-07-24 15:03:45.641,10803,10804,10803,1
2019-07-24 15:03:49.679,10803,10804,10804,1
2019-07-24 15:04:05.850,10803,10804,10804,5
2019-07-24 15:04:07.110,10803,10804,10804,3
2019-07-24 15:04:12.920,10804,10805,10804,2
2019-07-24 15:04:16.810,10804,10805,10804,1
2019-07-24 15:04:20.421,10804,10805,10804,3
2019-07-24 15:04:29.496,10803,10804,10804,1
2019-07-24 15:04:35.575,10803,10804,10803,1
2019-07-24 15:04:36.421,10803,10804,10804,3
2019-07-24 15:04:36.783,10803,10804,10804,2
2019-07-24 15:04:48.602,10803,10804,10803,3
2019-07-24 15:05:01.037,10803,10804,10803,1
2019-07-24 15:05:07.153,10803,10804,10803,2
2019-07-24 15:05:19.765,10803,10804,10803,1
2019-07-24 15:05:25.054,10803,10804,10803,2
2019-07-24 15:05:33.504,10803,10804,10804,2
2019-07-24 15:05:34.844,10803,10804,10803,5
2019-07-24 15:05:35.636,10803,10804,10803,1
2019-07-24 15:05:37.443,10803,10804,10804,3
2019-07-24 15:05:37.770,10803,10804,10804,1
2019-07-24 15:06:32.206,10803,10804,10803,1
2019-07-24 15:06:46.598,10803,10804,10803,4
2019-07-24 15:06:48.517,10803,10804,10803,1
2019-07-24 15:06:49.719,10803,10804,10803,17
2019-07-24 15:06:51.713,10802,10803,10802,2
2019-07-24 15:06:52.056,10802,10803,10802,2
2019-07-24 15:06:54.304,10802,10803,10802,5
2019-07-24 15:06:58.860,10801,10802,10801,1
2019-07-24 15:07:01.467,10801,10802,10801,1
2019-07-24 15:07:04.728,10801,10802,10801,2
2019-07-24 15:07:09.018,10801,10802,10801,1
2019-07-24 15:07:21.713,10801,10802,10802,1
2019-07-24 15:07:27.545,10801,10802,10801,2
2019-07-24 15:07:47.988,10801,10802,10801,1
2019-07-24 15:07:49.479,10801,10802,10801,2
2019-07-24 15:07:55.154,10801,10802,10802,1
2019-07-24 15:07:57.415,10801,10802,10802,2
2019-07-24 15:07:57.460,10801,10802,10802,1
2019-07-24 15:07:57.582,10801,10802,10802,8
2019-07-24 15:07:57.707,10801,10802,10802,8
2019-07-24 15:07:58.661,10802,10803,10802,1
2019-07-24 15:08:10.808,10802,10803,10802,1
2019-07-24 15:08:14.485,10802,10803,10802,1
2019-07-24 15:08:25.282,10802,10803,10802,3
2019-07-24 15:08:40.050,10802,10803,10802,17
2019-07-24 15:08:40.440,10801,10802,10802,2
2019-07-24 15:08:46.325,10801,10802,10802,1
2019-07-24 15:08:47.535,10801,10802,10801,1
2019-07-24 15:09:01.042,10801,10802,10802,5
2019-07-24 15:09:01.146,10801,10802,10801,1
2019-07-24 15:09:03.000,10801,10802,10801,1
2019-07-24 15:09:04.322,10801,10802,10801,1
2019-07-24 15:09:07.979,10801,10802,10801,1
2019-07-24 15:09:10.524,10801,10802,10801,2
2019-07-24 15:09:19.334,10801,10802,10801,1
2019-07-24 15:09:19.335,10801,10802,10801,1
2019-07-24 15:09:19.457,10801,10802,10801,14
2019-07-24 15:09:19.457,10801,10802,10801,6
2019-07-24 15:09:27.033,10800,10801,10801,1
2019-07-24 15:09:27.873,10800,10801,10800,1
2019-07-24 15:09:27.979,10800,10801,10800,8
2019-07-24 15:09:33.262,10800,10801,10800,15
2019-07-24 15:09:33.332,10800,10801,10800,6
2019-07-24 15:09:33.332,10800,10801,10800,1
2019-07-24 15:09:33.332,10800,10801,10800,2
2019-07-24 15:09:33.332,10800,10801,10800,2
2019-07-24 15:09:33.333,10800,10801,10800,7
2019-07-24 15:09:34.908,10799,10800,10799,5
2019-07-24 15:09:34.994,10799,10800,10799,2
2019-07-24 15:09:35.044,10799,10800,10799,1
2019-07-24 15:09:35.168,10799,10800,10799,3
2019-07-24 15:09:38.172,10799,10800,10799,1
2019-07-24 15:09:38.991,10799,10800,10799,1
2019-07-24 15:09:45.301,10799,10800,10799,3
2019-07-24 15:09:45.561,10799,10800,10799,5
2019-07-24 15:09:46.691,10799,10800,10799,1
2019-07-24 15:09:56.389,10799,10800,10799,2
2019-07-24 15:09:57.301,10799,10800,10799,4
2019-07-24 15:09:59.579,10798,10799,10799,1
2019-07-24 15:10:00.396,10798,10799,10799,1
2019-07-24 15:10:05.903,10798,10799,10799,1
2019-07-24 15:10:09.202,10798,10799,10798,5
2019-07-24 15:10:09.227,10798,10799,10798,6
2019-07-24 15:10:12.702,10798,10799,10798,5
2019-07-24 15:10:13.071,10798,10799,10798,3
2019-07-24 15:10:13.082,10798,10799,10798,1
2019-07-24 15:10:13.207,10798,10799,10798,1
2019-07-24 15:10:16.941,10798,10799,10798,8
2019-07-24 15:10:18.444,10798,10799,10798,1
2019-07-24 15:10:24.255,10798,10799,10798,1
2019-07-24 15:10:27.454,10798,10799,10798,1
2019-07-24 15:10:27.934,10798,10799,10798,1
2019-07-24 15:10:31.149,10798,10799,10798,1
2019-07-24 15:10:32.494,10798,10799,10798,2
2019-07-24 15:10:33.073,10797,10798,10797,1
2019-07-24 15:10:33.184,10797,10798,10797,1
2019-07-24 15:10:33.332,10797,10798,10797,1
2019-07-24 15:10:33.919,10797,10798,10798,1
2019-07-24 15:10:34.119,10797,10798,10797,1
2019-07-24 15:10:34.696,10797,10798,10798,1
2019-07-24 15:10:38.762,10797,10798,10798,1
2019-07-24 15:10:46.735,10797,10798,10798,1
2019-07-24 15:10:48.835,10797,10798,10797,1
2019-07-24 15:10:50.536,10797,10798,10798,7
2019-07-24 15:10:50.772,10797,10798,10797,2
2019-07-24 15:10:51.009,10797,10798,10797,4
2019-07-24 15:10:54.646,10797,10798,10797,5
2019-07-24 15:10:57.478,10797,10798,10797,1
2019-07-24 15:10:58.120,10797,10798,10797,2
2019-07-24 15:10:58.528,10797,10798,10797,8
2019-07-24 15:10:59.305,10797,10798,10797,1
2019-07-24 15:11:00.113,10797,10798,10797,1
2019-07-24 15:11:00.171,10797,10798,10797,1
2019-07-24 15:11:00.539,10797,10798,10797,1
2019-07-24 15:11:01.944,10797,10798,10797,1
2019-07-24 15:11:02.248,10797,10798,10797,1
2019-07-24 15:11:03.016,10797,10798,10798,1
2019-07-24 15:11:03.286,10797,10798,10797,5
2019-07-24 15:11:03.832,10797,10798,10798,10
2019-07-24 15:11:04.426,10797,10798,10798,1
2019-07-24 15:11:04.720,10797,10798,10798,1
2019-07-24 15:11:04.986,10797,10798,10797,1
2019-07-24 15:11:05.745,10797,10798,10797,1
2019-07-24 15:11:13.270,10797,10798,10797,1
2019-07-24 15:11:15.997,10797,10798,10797,1
2019-07-24 15:11:19.146,10797,10798,10798,2
2019-07-24 15:11:19.458,10797,10798,10798,3
2019-07-24 15:11:19.777,10797,10798,10798,10
2019-07-24 15:11:24.294,10797,10798,10797,12
2019-07-24 15:11:28.146,10797,10798,10797,7
2019-07-24 15:11:29.334,10797,10798,10797,1
2019-07-24 15:11:34.189,10797,10798,10798,6
2019-07-24 15:11:39.519,10797,10798,10798,1
2019-07-24 15:11:40.242,10797,10798,10798,1
2019-07-24 15:11:40.332,10797,10798,10798,9
2019-07-24 15:11:41.753,10798,10799,10798,2
2019-07-24 15:11:48.431,10798,10799,10798,1
2019-07-24 15:11:48.800,10798,10799,10798,1
2019-07-24 15:11:50.699,10798,10799,10798,2
2019-07-24 15:11:58.019,10798,10799,10799,1
2019-07-24 15:11:59.788,10798,10799,10798,1
2019-07-24 15:12:06.863,10798,10799,10798,2
2019-07-24 15:12:08.066,10798,10799,10798,1
2019-07-24 15:12:11.571,10798,10799,10799,1
2019-07-24 15:12:17.112,10798,10799,10799,1
2019-07-24 15:12:19.433,10798,10799,10799,5
2019-07-24 15:12:19.457,10798,10799,10799,8
2019-07-24 15:12:19.582,10798,10799,10799,1
2019-07-24 15:12:19.855,10798,10800,10800,5
2019-07-24 15:12:20.191,10799,10800,10800,1
2019-07-24 15:12:24.825,10798,10800,10798,1
2019-07-24 15:12:33.268,10799,10800,10799,1
2019-07-24 15:12:37.459,10798,10799,10799,1
2019-07-24 15:12:47.152,10798,10799,10798,1
2019-07-24 15:12:53.159,10798,10799,10799,1
2019-07-24 15:12:53.783,10798,10799,10799,1
2019-07-24 15:12:59.894,10798,10799,10799,1
2019-07-24 15:13:08.158,10798,10799,10799,2
2019-07-24 15:13:08.396,10798,10799,10799,1
2019-07-24 15:13:08.545,10798,10799,10799,2
2019-07-24 15:13:08.549,10798,10799,10799,1
2019-07-24 15:13:08.555,10798,10799,10799,1
2019-07-24 15:13:08.621,10798,10799,10799,1
2019-07-24 15:13:08.767,10798,10799,10799,1
2019-07-24 15:13:09.138,10798,10799,10799,2
2019-07-24 15:13:13.394,10798,10799,10799,1
2019-07-24 15:13:25.858,10798,10799,10799,2
2019-07-24 15:13:30.916,10798,10799,10799,1
2019-07-24 15:14:20.670,10798,10799,10799,1
2019-07-24 15:14:24.658,10798,10799,10799,1
2019-07-24 15:14:35.501,10798,10799,10798,3
2019-07-24 15:14:35.501,10798,10799,10799,2
2019-07-24 15:14:36.228,10798,10799,10799,1
2019-07-24 15:14:36.500,10798,10799,10798,1
2019-07-24 15:14:36.591,10798,10799,10798,1
2019-07-24 15:14:50.695,10798,10799,10798,1
2019-07-24 15:14:51.655,10798,10799,10798,1
2019-07-24 15:14:51.711,10798,10799,10799,1
2019-07-24 15:14:53.205,10798,10799,10798,1
2019-07-24 15:14:53.844,10798,10799,10798,1
2019-07-24 15:15:05.432,10798,10799,10798,1
2019-07-24 15:15:09.914,10798,10799,10798,10
2019-07-24 15:15:16.050,10798,10799,10798,1
2019-07-24 15:15:16.568,10798,10799,10798,1
2019-07-24 15:15:22.188,10798,10799,10799,4
2019-07-24 15:15:22.911,10798,10799,10799,2
2019-07-24 15:15:32.977,10798,10799,10799,10
2019-07-24 15:15:36.538,10798,10799,10799,24
2019-07-24 15:15:36.582,10799,10800,10799,1
2019-07-24 15:15:40.518,10798,10799,10799,1
2019-07-24 15:15:46.286,10798,10799,10799,2
2019-07-24 15:15:54.977,10798,10799,10798,1
2019-07-24 15:15:55.015,10798,10799,10799,1
2019-07-24 15:15:59.919,10798,10799,10798,3
2019-07-24 15:15:59.957,10798,10799,10798,22
2019-07-24 15:16:01.475,10797,10798,10798,1
2019-07-24 15:17:02.038,10798,10799,10799,1
2019-07-24 15:17:03.207,10798,10799,10798,2
2019-07-24 15:17:03.368,10798,10799,10798,2
2019-07-24 15:17:03.556,10798,10799,10798,2
2019-07-24 15:17:04.499,10798,10799,10798,8
2019-07-24 15:17:05.315,10798,10799,10798,1
2019-07-24 15:17:09.636,10798,10799,10798,1
2019-07-24 15:17:11.146,10798,10799,10798,2
2019-07-24 15:17:16.186,10798,10799,10798,1
2019-07-24 15:17:31.022,10798,10799,10798,1
2019-07-24 15:17:34.740,10798,10799,10798,3
2019-07-24 15:17:58.454,10798,10799,10798,5
2019-07-24 15:18:06.232,10798,10799,10798,5
2019-07-24 15:18:26.518,10797,10798,10798,3
2019-07-24 15:18:30.086,10798,10799,10798,1
2019-07-24 15:18:47.641,10798,10799,10798,1
2019-07-24 15:18:51.567,10798,10799,10798,1
2019-07-24 15:18:56.707,10797,10798,10798,1
2019-07-24 15:19:04.883,10798,10799,10798,2
2019-07-24 15:19:09.487,10797,10798,10798,1
2019-07-24 15:19:25.390,10798,10799,10798,1
2019-07-24 15:19:31.672,10797,10799,10797,1
2019-07-24 15:19:37.074,10798,10799,10798,1
2019-07-24 15:19:37.457,10797,10799,10799,2
2019-07-24 15:19:50.976,10798,10799,10798,1
2019-07-24 15:19:51.307,10797,10798,10798,1
2019-07-24 15:19:57.605,10797,10798,10798,5
2019-07-24 15:19:59.060,10797,10798,10797,20
2019-07-24 15:20:07.340,10797,10798,10797,2
2019-07-24 15:20:07.515,10797,10798,10797,1
2019-07-24 15:20:07.735,10797,10798,10797,7
2019-07-24 15:20:07.735,10797,10798,10796,5
2019-07-24 15:20:07.876,10796,10798,10796,1
2019-07-24 15:20:07.893,10796,10798,10796,1
2019-07-24 15:20:07.961,10796,10798,10796,1
2019-07-24 15:20:08.326,10796,10798,10796,2
2019-07-24 15:20:09.864,10796,10797,10796,2
2019-07-24 15:20:10.043,10796,10797,10797,1
2019-07-24 15:20:14.415,10796,10797,10797,2
2019-07-24 15:20:14.759,10796,10798,10798,1
2019-07-24 15:20:14.796,10796,10798,10798,1
2019-07-24 15:20:14.807,10796,10798,10798,3
2019-07-24 15:20:26.639,10796,10798,10796,15
2019-07-24 15:20:27.021,10796,10797,10796,4
2019-07-24 15:20:43.281,10796,10798,10796,1
2019-07-24 15:20:51.652,10796,10798,10796,1
2019-07-24 15:20:52.889,10796,10798,10796,1
2019-07-24 15:20:58.860,10796,10798,10796,1
2019-07-24 15:21:04.434,10797,10798,10797,1
2019-07-24 15:21:08.369,10797,10798,10797,1
2019-07-24 15:21:09.472,10796,10798,10798,1
2019-07-24 15:21:13.829,10796,10798,10798,1
2019-07-24 15:21:39.404,10797,10798,10798,1
2019-07-24 15:21:41.462,10797,10798,10797,1
2019-07-24 15:21:43.172,10797,10798,10798,4
2019-07-24 15:21:54.793,10797,10798,10797,1
2019-07-24 15:21:55.855,10797,10798,10797,3
2019-07-24 15:22:00.991,10797,10798,10798,1
2019-07-24 15:22:01.082,10797,10798,10798,22
2019-07-24 15:22:01.207,10797,10798,10798,2
2019-07-24 15:22:22.426,10797,10798,10798,1
2019-07-24 15:22:24.058,10798,10799,10798,1
2019-07-24 15:22:24.989,10797,10798,10798,1
2019-07-24 15:22:26.596,10798,10799,10798,1
2019-07-24 15:22:26.686,10798,10799,10797,1
2019-07-24 15:22:37.746,10798,10799,10798,1
2019-07-24 15:22:53.216,10797,10798,10798,1
2019-07-24 15:23:03.935,10797,10798,10797,2
2019-07-24 15:23:18.662,10797,10798,10797,3
2019-07-24 15:23:59.360,10797,10798,10797,2
2019-07-24 15:24:07.711,10797,10798,10797,1
2019-07-24 15:24:13.518,10797,10798,10797,30
2019-07-24 15:24:18.686,10796,10797,10797,1
2019-07-24 15:24:27.030,10796,10797,10797,1
2019-07-24 15:24:36.769,10796,10797,10797,1
2019-07-24 15:24:47.258,10796,10797,10797,4
2019-07-24 15:25:11.732,10796,10797,10797,2
2019-07-24 15:25:16.406,10796,10797,10797,1
2019-07-24 15:25:23.524,10796,10797,10797,1
2019-07-24 15:25:25.732,10796,10797,10797,1
2019-07-24 15:25:26.122,10796,10797,10797,1
2019-07-24 15:25:26.345,10796,10797,10796,1
2019-07-24 15:25:27.519,10796,10797,10797,1
2019-07-24 15:25:30.416,10796,10797,10796,1
2019-07-24 15:25:35.032,10796,10797,10796,2
2019-07-24 15:25:38.981,10796,10797,10796,1
2019-07-24 15:26:18.963,10796,10797,10796,1
2019-07-24 15:26:19.127,10796,10797,10796,3
2019-07-24 15:26:23.524,10796,10797,10797,4
2019-07-24 15:26:42.701,10796,10797,10796,1
2019-07-24 15:26:45.854,10796,10797,10796,2
2019-07-24 15:26:54.277,10796,10797,10796,2
2019-07-24 15:27:00.199,10796,10797,10797,2
2019-07-24 15:27:00.548,10796,10797,10796,1
2019-07-24 15:27:00.552,10796,10797,10796,2
2019-07-24 15:27:00.556,10796,10797,10796,2
2019-07-24 15:27:00.582,10796,10797,10796,7
2019-07-24 15:27:00.681,10796,10797,10796,2
2019-07-24 15:27:00.681,10796,10797,10796,2
2019-07-24 15:27:00.693,10796,10797,10796,9
2019-07-24 15:27:00.693,10796,10797,10796,9
2019-07-24 15:27:00.707,10796,10797,10796,5
2019-07-24 15:27:00.780,10796,10797,10795,1
2019-07-24 15:27:00.786,10796,10797,10795,1
2019-07-24 15:27:00.813,10796,10797,10795,2
2019-07-24 15:27:00.827,10796,10797,10795,1
2019-07-24 15:27:00.903,10795,10796,10795,1
2019-07-24 15:27:00.966,10795,10796,10795,3
2019-07-24 15:27:00.988,10795,10796,10795,1
2019-07-24 15:27:00.990,10795,10796,10795,1
2019-07-24 15:27:01.081,10795,10796,10795,1
2019-07-24 15:27:01.082,10795,10796,10795,1
2019-07-24 15:27:01.084,10795,10796,10795,1
2019-07-24 15:27:01.096,10795,10796,10795,1
2019-07-24 15:27:02.017,10795,10796,10795,1
2019-07-24 15:27:02.513,10795,10796,10796,1
2019-07-24 15:27:03.656,10795,10796,10795,1
2019-07-24 15:27:05.262,10795,10796,10795,2
2019-07-24 15:27:05.585,10795,10796,10795,2
2019-07-24 15:27:05.941,10795,10796,10795,2
2019-07-24 15:27:08.656,10795,10796,10795,1
2019-07-24 15:27:09.753,10795,10796,10795,2
2019-07-24 15:27:13.156,10795,10796,10795,4
2019-07-24 15:27:14.924,10795,10796,10795,1
2019-07-24 15:27:14.958,10795,10796,10795,13
2019-07-24 15:27:19.491,10794,10795,10794,3
2019-07-24 15:27:19.627,10794,10795,10795,2
2019-07-24 15:27:23.927,10794,10795,10795,1
2019-07-24 15:27:25.022,10794,10795,10795,2
2019-07-24 15:27:26.352,10795,10796,10795,1
2019-07-24 15:27:27.917,10794,10795,10795,1
2019-07-24 15:27:30.305,10794,10795,10795,1
2019-07-24 15:27:32.132,10794,10795,10794,1
2019-07-24 15:27:37.511,10794,10795,10794,2
2019-07-24 15:27:37.529,10794,10795,10794,1
2019-07-24 15:27:37.578,10794,10795,10794,1
2019-07-24 15:27:37.579,10794,10795,10794,3
2019-07-24 15:27:37.867,10794,10795,10794,2
2019-07-24 15:27:37.890,10794,10795,10794,1
2019-07-24 15:27:37.921,10794,10795,10794,1
2019-07-24 15:27:37.932,10794,10795,10794,1
2019-07-24 15:27:38.792,10794,10795,10794,2
2019-07-24 15:27:39.136,10794,10795,10794,2
2019-07-24 15:27:39.383,10794,10795,10794,2
2019-07-24 15:27:39.457,10794,10795,10794,2
2019-07-24 15:27:39.732,10794,10795,10794,2
2019-07-24 15:27:45.641,10794,10795,10794,3
2019-07-24 15:27:51.057,10794,10795,10794,1
2019-07-24 15:27:56.226,10794,10795,10794,5
2019-07-24 15:27:56.251,10794,10795,10795,10
2019-07-24 15:27:56.332,10794,10795,10795,4
2019-07-24 15:27:57.721,10795,10796,10795,2
2019-07-24 15:28:01.400,10795,10796,10795,1
2019-07-24 15:28:05.668,10795,10796,10795,1
2019-07-24 15:28:14.789,10794,10795,10795,6
2019-07-24 15:28:15.314,10794,10796,10794,3
2019-07-24 15:28:22.935,10794,10795,10795,5
2019-07-24 15:28:27.476,10794,10795,10794,1
2019-07-24 15:28:32.490,10794,10795,10794,1
2019-07-24 15:28:33.871,10794,10795,10795,1
2019-07-24 15:28:48.694,10794,10795,10795,1
2019-07-24 15:29:02.999,10794,10795,10795,1
2019-07-24 15:29:12.786,10794,10795,10795,3
2019-07-24 15:29:12.832,10794,10795,10795,7
2019-07-24 15:29:17.193,10794,10796,10796,1
2019-07-24 15:29:20.475,10795,10796,10795,1
2019-07-24 15:29:28.816,10795,10796,10795,1
2019-07-24 15:29:35.501,10795,10796,10796,2
2019-07-24 15:29:35.501,10795,10796,10796,1
2019-07-24 15:29:36.501,10795,10796,10796,1
2019-07-24 15:29:36.501,10795,10796,10796,1
2019-07-24 15:29:37.091,10795,10796,10795,5
2019-07-24 15:30:05.035,10795,10796,10795,2
2019-07-24 15:30:05.136,10795,10796,10795,2
2019-07-24 15:30:05.236,10795,10796,10795,2
2019-07-24 15:30:05.242,10795,10796,10795,1
2019-07-24 15:30:05.302,10795,10796,10795,2
2019-07-24 15:30:05.423,10795,10796,10795,1
2019-07-24 15:30:05.556,10795,10796,10795,8
2019-07-24 15:30:06.140,10795,10796,10795,2
2019-07-24 15:30:06.370,10795,10796,10796,1
2019-07-24 15:30:06.373,10795,10796,10796,3
2019-07-24 15:30:06.441,10795,10796,10795,1
2019-07-24 15:30:06.453,10795,10796,10795,1
2019-07-24 15:30:06.589,10795,10796,10795,2
2019-07-24 15:30:06.765,10795,10796,10795,2
2019-07-24 15:30:10.611,10795,10796,10795,5
2019-07-24 15:30:13.067,10794,10795,10795,1
2019-07-24 15:30:13.593,10794,10795,10795,1
2019-07-24 15:30:13.964,10794,10795,10795,1
2019-07-24 15:30:21.746,10794,10795,10794,2
2019-07-24 15:30:21.746,10794,10795,10794,2
2019-07-24 15:30:21.832,10794,10795,10794,17
2019-07-24 15:30:21.854,10794,10795,10793,5
2019-07-24 15:30:22.066,10793,10794,10793,1
2019-07-24 15:30:22.180,10793,10794,10793,1
2019-07-24 15:30:22.211,10793,10794,10793,1
2019-07-24 15:30:22.289,10793,10794,10793,1
2019-07-24 15:30:22.359,10793,10794,10793,1
2019-07-24 15:30:22.693,10793,10794,10793,1
2019-07-24 15:30:22.840,10793,10794,10793,1
2019-07-24 15:30:22.874,10793,10794,10793,2
2019-07-24 15:30:22.979,10793,10794,10793,1
2019-07-24 15:30:25.453,10793,10794,10793,1
2019-07-24 15:30:25.548,10793,10794,10793,1
2019-07-24 15:30:28.051,10793,10794,10793,1
2019-07-24 15:30:28.136,10793,10794,10793,1
2019-07-24 15:30:28.244,10793,10794,10793,1
2019-07-24 15:30:28.391,10793,10794,10794,1
2019-07-24 15:30:31.035,10793,10794,10793,1
2019-07-24 15:30:34.726,10793,10794,10793,9
2019-07-24 15:30:34.726,10793,10794,10793,5
2019-07-24 15:30:34.726,10793,10794,10793,4
2019-07-24 15:30:34.727,10793,10794,10793,2
2019-07-24 15:30:36.315,10792,10793,10793,1
2019-07-24 15:30:39.101,10792,10793,10793,1
2019-07-24 15:30:40.606,10792,10793,10793,2
2019-07-24 15:30:43.165,10792,10793,10793,1
2019-07-24 15:30:46.812,10792,10793,10793,2
2019-07-24 15:30:47.068,10792,10793,10793,16
2019-07-24 15:30:47.204,10793,10794,10793,2
2019-07-24 15:30:47.608,10793,10794,10793,1
2019-07-24 15:30:47.608,10793,10794,10792,19
2019-07-24 15:30:47.749,10792,10794,10792,2
2019-07-24 15:30:47.802,10792,10794,10792,1
2019-07-24 15:30:47.818,10792,10794,10792,1
2019-07-24 15:30:47.826,10792,10794,10792,1
2019-07-24 15:30:47.949,10792,10794,10792,1
2019-07-24 15:30:47.953,10792,10794,10792,12
2019-07-24 15:30:47.959,10792,10793,10792,24
2019-07-24 15:30:47.966,10792,10793,10792,12
2019-07-24 15:30:47.993,10792,10793,10792,2
2019-07-24 15:30:47.993,10792,10793,10792,1
2019-07-24 15:30:48.041,10792,10793,10792,1
2019-07-24 15:30:48.082,10792,10793,10792,5
2019-07-24 15:30:48.082,10792,10793,10792,4
2019-07-24 15:30:48.083,10792,10793,10792,2
2019-07-24 15:30:48.092,10792,10793,10791,1
2019-07-24 15:30:48.105,10792,10793,10791,6
2019-07-24 15:30:48.106,10792,10793,10791,5
2019-07-24 15:30:48.131,10792,10793,10791,3
2019-07-24 15:30:48.147,10792,10793,10791,4
2019-07-24 15:30:48.148,10792,10793,10791,4
2019-07-24 15:30:48.150,10792,10793,10791,1
2019-07-24 15:30:48.153,10792,10793,10791,1
2019-07-24 15:30:48.173,10792,10793,10791,17
2019-07-24 15:30:48.188,10792,10793,10791,1
2019-07-24 15:30:48.188,10792,10793,10790,1
2019-07-24 15:30:48.190,10792,10793,10790,3
2019-07-24 15:30:48.190,10792,10793,10790,1
2019-07-24 15:30:48.208,10790,10792,10790,6
2019-07-24 15:30:48.239,10790,10792,10790,1
2019-07-24 15:30:48.241,10790,10792,10790,1
2019-07-24 15:30:48.249,10790,10792,10790,1
2019-07-24 15:30:48.263,10790,10792,10790,1
2019-07-24 15:30:48.264,10790,10792,10790,2
2019-07-24 15:30:48.266,10790,10792,10790,1
2019-07-24 15:30:48.278,10790,10792,10790,1
2019-07-24 15:30:48.309,10790,10792,10790,10
2019-07-24 15:30:48.315,10790,10792,10790,2
2019-07-24 15:30:48.318,10790,10792,10790,2
2019-07-24 15:30:48.330,10790,10792,10790,1
2019-07-24 15:30:48.333,10790,10791,10790,1
2019-07-24 15:30:48.333,10790,10791,10790,2
2019-07-24 15:30:48.333,10790,10791,10790,2
2019-07-24 15:30:48.333,10790,10791,10790,1
2019-07-24 15:30:48.337,10790,10791,10790,4
2019-07-24 15:30:48.339,10790,10791,10790,1
2019-07-24 15:30:48.351,10790,10791,10790,1
2019-07-24 15:30:48.379,10790,10791,10790,1
2019-07-24 15:30:48.457,10790,10791,10790,1
2019-07-24 15:30:48.481,10790,10791,10790,3
2019-07-24 15:30:48.495,10790,10791,10790,1
2019-07-24 15:30:48.518,10790,10791,10790,17
2019-07-24 15:30:48.570,10790,10791,10789,2
2019-07-24 15:30:48.588,10789,10790,10790,5
2019-07-24 15:30:48.598,10789,10790,10789,2
2019-07-24 15:30:48.700,10789,10790,10789,1
2019-07-24 15:30:48.703,10789,10790,10789,1
2019-07-24 15:30:48.771,10789,10790,10789,3
2019-07-24 15:30:48.772,10789,10790,10789,4
2019-07-24 15:30:48.813,10789,10790,10788,1
2019-07-24 15:30:48.814,10789,10790,10788,2
2019-07-24 15:30:48.817,10789,10790,10788,1
2019-07-24 15:30:48.826,10789,10790,10788,1
2019-07-24 15:30:48.832,10788,10789,10789,7
2019-07-24 15:30:48.893,10788,10789,10788,6
2019-07-24 15:30:48.920,10788,10789,10788,12
2019-07-24 15:30:48.957,10788,10789,10789,3
2019-07-24 15:30:48.957,10788,10789,10789,1
2019-07-24 15:30:48.982,10788,10789,10788,2
2019-07-24 15:30:49.084,10788,10789,10789,2
2019-07-24 15:30:49.104,10788,10789,10788,2
2019-07-24 15:30:49.207,10788,10789,10789,1
2019-07-24 15:30:49.245,10788,10789,10789,1
2019-07-24 15:30:49.396,10789,10790,10790,1
2019-07-24 15:30:49.582,10789,10790,10790,1
2019-07-24 15:30:49.596,10789,10790,10789,1
2019-07-24 15:30:49.646,10789,10790,10789,1
2019-07-24 15:30:49.732,10789,10791,10789,1
2019-07-24 15:30:49.736,10789,10791,10789,1
2019-07-24 15:30:49.737,10789,10791,10789,1
2019-07-24 15:30:49.849,10789,10790,10789,1
2019-07-24 15:30:49.862,10789,10790,10789,1
2019-07-24 15:30:49.881,10789,10790,10789,1
2019-07-24 15:30:49.904,10789,10790,10789,4
2019-07-24 15:30:50.563,10789,10790,10789,1
2019-07-24 15:30:50.598,10789,10790,10789,5
2019-07-24 15:30:50.810,10789,10790,10789,5
2019-07-24 15:30:51.494,10789,10790,10789,1
2019-07-24 15:30:52.084,10789,10790,10789,1
2019-07-24 15:30:53.054,10789,10790,10790,2
2019-07-24 15:30:53.054,10789,10790,10790,1
2019-07-24 15:30:53.082,10789,10790,10790,2
2019-07-24 15:30:53.722,10789,10791,10789,1
2019-07-24 15:30:54.021,10789,10791,10789,1
2019-07-24 15:30:54.332,10789,10790,10790,1
2019-07-24 15:30:54.582,10789,10790,10790,1
2019-07-24 15:30:55.445,10789,10791,10789,1
2019-07-24 15:30:55.584,10789,10791,10791,1
2019-07-24 15:30:55.710,10789,10790,10790,1
2019-07-24 15:30:56.957,10789,10790,10790,1
2019-07-24 15:30:56.957,10789,10790,10790,1
2019-07-24 15:30:56.958,10789,10790,10790,1
2019-07-24 15:30:56.958,10789,10790,10790,1
2019-07-24 15:30:57.051,10789,10790,10789,1
2019-07-24 15:30:58.137,10789,10790,10789,1
2019-07-24 15:30:58.916,10789,10790,10789,9
2019-07-24 15:30:59.368,10789,10790,10790,1
2019-07-24 15:30:59.797,10789,10790,10789,1
2019-07-24 15:31:00.406,10789,10790,10790,1
2019-07-24 15:31:00.749,10789,10790,10790,1
2019-07-24 15:31:01.366,10789,10790,10789,1
2019-07-24 15:31:02.023,10789,10790,10789,2
2019-07-24 15:31:02.868,10789,10790,10789,5
2019-07-24 15:31:04.501,10789,10790,10789,16
2019-07-24 15:31:05.651,10788,10789,10789,1
2019-07-24 15:31:06.036,10788,10790,10790,1
2019-07-24 15:31:06.288,10788,10790,10790,1
2019-07-24 15:31:10.387,10788,10789,10788,2
2019-07-24 15:31:10.487,10788,10789,10788,5
2019-07-24 15:31:11.732,10788,10789,10788,1
2019-07-24 15:31:12.235,10788,10789,10789,1
2019-07-24 15:31:12.690,10788,10789,10788,1
2019-07-24 15:31:13.096,10788,10789,10788,1
2019-07-24 15:31:14.730,10788,10789,10788,1
2019-07-24 15:31:14.852,10788,10789,10788,1
2019-07-24 15:31:14.883,10788,10789,10788,5
2019-07-24 15:31:15.154,10788,10789,10788,2
2019-07-24 15:31:15.169,10788,10789,10788,5
2019-07-24 15:31:15.732,10788,10789,10788,3
2019-07-24 15:31:17.532,10787,10788,10788,1
2019-07-24 15:31:19.261,10787,10788,10788,1
2019-07-24 15:31:20.609,10788,10789,10788,1
2019-07-24 15:31:20.609,10788,10789,10787,49
2019-07-24 15:31:20.736,10787,10789,10787,1
2019-07-24 15:31:20.741,10787,10789,10787,1
2019-07-24 15:31:21.114,10787,10788,10787,1
2019-07-24 15:31:22.578,10787,10789,10788,1
2019-07-24 15:31:22.854,10787,10788,10788,1
2019-07-24 15:31:26.677,10788,10789,10788,1
2019-07-24 15:31:27.128,10787,10789,10789,1
2019-07-24 15:31:28.895,10788,10789,10788,1
2019-07-24 15:31:29.229,10788,10789,10788,1
2019-07-24 15:31:34.072,10788,10789,10788,1
2019-07-24 15:31:35.266,10788,10789,10789,4
2019-07-24 15:31:35.528,10788,10789,10788,5
2019-07-24 15:31:37.405,10788,10789,10788,1
2019-07-24 15:31:37.405,10788,10789,10787,3
2019-07-24 15:31:38.516,10788,10789,10788,8
2019-07-24 15:31:39.053,10787,10788,10788,1
2019-07-24 15:31:40.576,10787,10788,10788,1
2019-07-24 15:31:43.263,10787,10788,10788,1
2019-07-24 15:31:43.997,10787,10788,10787,10
2019-07-24 15:31:44.397,10787,10788,10787,10
2019-07-24 15:31:47.126,10787,10788,10787,10
2019-07-24 15:31:47.718,10787,10788,10787,1
2019-07-24 15:31:47.810,10787,10788,10787,1
2019-07-24 15:31:50.763,10787,10788,10787,5
2019-07-24 15:31:51.609,10787,10788,10788,1
2019-07-24 15:31:52.131,10787,10788,10787,10
2019-07-24 15:31:53.162,10787,10788,10787,1
2019-07-24 15:31:53.352,10787,10788,10788,1
2019-07-24 15:31:53.963,10787,10788,10787,12
2019-07-24 15:31:53.963,10787,10788,10786,5
2019-07-24 15:31:54.360,10786,10788,10787,5
2019-07-24 15:31:54.503,10787,10788,10787,1
2019-07-24 15:31:54.504,10787,10788,10786,1
2019-07-24 15:31:54.505,10787,10788,10786,1
2019-07-24 15:31:55.164,10786,10787,10787,1
2019-07-24 15:31:58.093,10786,10787,10786,2
2019-07-24 15:31:59.405,10786,10787,10786,1
2019-07-24 15:31:59.413,10786,10787,10786,1
2019-07-24 15:32:00.465,10786,10787,10786,1
2019-07-24 15:32:00.649,10786,10787,10786,20
2019-07-24 15:32:00.910,10786,10787,10787,5
2019-07-24 15:32:01.722,10786,10787,10786,2
2019-07-24 15:32:02.985,10786,10787,10786,6
2019-07-24 15:32:03.111,10785,10787,10785,2
2019-07-24 15:32:03.111,10785,10787,10785,1
2019-07-24 15:32:03.111,10785,10787,10785,2
2019-07-24 15:32:03.135,10785,10787,10785,1
2019-07-24 15:32:03.244,10785,10787,10786,1
2019-07-24 15:32:03.248,10785,10787,10785,2
2019-07-24 15:32:03.250,10785,10787,10785,2
2019-07-24 15:32:03.254,10785,10787,10785,1
2019-07-24 15:32:03.283,10785,10787,10785,1
2019-07-24 15:32:03.284,10785,10787,10785,2
2019-07-24 15:32:03.298,10785,10787,10785,2
2019-07-24 15:32:03.303,10785,10787,10785,4
2019-07-24 15:32:03.350,10785,10787,10785,2
2019-07-24 15:32:03.361,10785,10787,10785,1
2019-07-24 15:32:03.369,10785,10787,10785,2
2019-07-24 15:32:03.478,10785,10787,10785,1
2019-07-24 15:32:03.521,10785,10787,10785,2
2019-07-24 15:32:03.602,10785,10786,10785,1
2019-07-24 15:32:03.669,10785,10786,10785,1
2019-07-24 15:32:03.726,10785,10786,10785,1
2019-07-24 15:32:03.779,10785,10786,10785,1
2019-07-24 15:32:04.004,10785,10786,10785,2
2019-07-24 15:32:04.007,10785,10786,10785,2
2019-07-24 15:32:04.018,10785,10786,10785,1
2019-07-24 15:32:04.032,10785,10786,10785,1
2019-07-24 15:32:04.065,10785,10786,10786,2
2019-07-24 15:32:04.075,10785,10786,10785,1
2019-07-24 15:32:04.188,10785,10786,10785,1
2019-07-24 15:32:04.197,10785,10786,10785,1
2019-07-24 15:32:04.223,10785,10786,10785,1
2019-07-24 15:32:04.250,10785,10786,10785,1
2019-07-24 15:32:04.254,10785,10786,10785,1
2019-07-24 15:32:04.336,10785,10786,10785,2
2019-07-24 15:32:04.413,10785,10786,10785,1
2019-07-24 15:32:04.430,10785,10786,10785,1
2019-07-24 15:32:04.444,10785,10786,10785,1
2019-07-24 15:32:04.466,10785,10786,10785,1
2019-07-24 15:32:04.496,10785,10786,10785,1
2019-07-24 15:32:04.653,10785,10786,10785,4
2019-07-24 15:32:04.784,10785,10786,10785,1
2019-07-24 15:32:05.048,10785,10786,10785,1
2019-07-24 15:32:05.106,10785,10786,10785,1
2019-07-24 15:32:05.110,10785,10786,10785,1
2019-07-24 15:32:05.156,10785,10786,10785,1
2019-07-24 15:32:05.164,10785,10786,10785,1
2019-07-24 15:32:05.470,10785,10786,10785,1
2019-07-24 15:32:05.587,10785,10786,10785,1
2019-07-24 15:32:05.758,10785,10786,10785,1
2019-07-24 15:32:10.719,10785,10786,10785,1
2019-07-24 15:32:11.120,10785,10786,10785,1
2019-07-24 15:32:11.314,10785,10786,10786,2
2019-07-24 15:32:15.679,10785,10786,10785,20
2019-07-24 15:32:17.328,10785,10786,10785,1
2019-07-24 15:32:18.685,10785,10786,10786,1
2019-07-24 15:32:19.930,10785,10786,10785,1
2019-07-24 15:32:20.462,10785,10786,10785,1
2019-07-24 15:32:20.501,10785,10786,10786,13
2019-07-24 15:32:20.720,10786,10787,10786,1
2019-07-24 15:32:21.450,10786,10787,10786,1
2019-07-24 15:32:23.635,10786,10787,10787,3
2019-07-24 15:32:25.008,10786,10787,10786,1
2019-07-24 15:32:26.506,10785,10787,10787,2
2019-07-24 15:32:26.606,10785,10787,10787,3
2019-07-24 15:32:27.029,10786,10787,10787,1
2019-07-24 15:32:27.436,10785,10787,10787,2
2019-07-24 15:32:29.319,10785,10786,10786,2
2019-07-24 15:32:30.176,10785,10786,10785,1
2019-07-24 15:32:30.807,10785,10786,10785,1
2019-07-24 15:32:31.076,10785,10786,10786,1
2019-07-24 15:32:31.925,10785,10786,10786,1
2019-07-24 15:32:32.739,10785,10787,10787,1
2019-07-24 15:32:34.317,10786,10787,10786,1
2019-07-24 15:32:36.071,10786,10787,10786,3
2019-07-24 15:32:36.272,10786,10787,10787,1
2019-07-24 15:32:40.743,10786,10787,10787,1
2019-07-24 15:32:42.669,10786,10787,10787,1
2019-07-24 15:32:42.696,10786,10787,10787,2
2019-07-24 15:32:43.362,10786,10787,10786,2
2019-07-24 15:32:46.904,10786,10787,10786,2
2019-07-24 15:32:48.091,10786,10787,10786,4
2019-07-24 15:32:48.770,10786,10787,10787,1
2019-07-24 15:32:49.779,10786,10787,10787,8
2019-07-24 15:32:52.463,10787,10788,10787,2
2019-07-24 15:32:53.523,10787,10788,10787,1
2019-07-24 15:32:54.126,10787,10788,10787,1
2019-07-24 15:32:54.966,10787,10788,10787,1
2019-07-24 15:32:58.236,10787,10788,10787,2
2019-07-24 15:33:00.181,10787,10788,10787,1
2019-07-24 15:33:00.534,10787,10788,10787,3
2019-07-24 15:33:00.534,10787,10788,10787,2
2019-07-24 15:33:00.537,10787,10788,10787,1
2019-07-24 15:33:00.545,10787,10788,10787,5
2019-07-24 15:33:00.626,10786,10787,10786,1
2019-07-24 15:33:00.781,10786,10787,10786,2
2019-07-24 15:33:00.822,10786,10787,10786,1
2019-07-24 15:33:00.824,10786,10787,10786,1
2019-07-24 15:33:00.830,10786,10787,10786,1
2019-07-24 15:33:00.962,10786,10787,10786,3
2019-07-24 15:33:00.997,10786,10787,10786,1
2019-07-24 15:33:01.119,10786,10787,10786,1
2019-07-24 15:33:01.119,10786,10787,10786,1
2019-07-24 15:33:01.570,10786,10787,10787,1
2019-07-24 15:33:02.226,10786,10787,10787,2
2019-07-24 15:33:03.084,10786,10787,10786,4
2019-07-24 15:33:05.637,10786,10787,10787,1
2019-07-24 15:33:07.090,10786,10787,10786,1
2019-07-24 15:33:07.606,10786,10787,10786,4
2019-07-24 15:33:09.062,10786,10787,10786,3
2019-07-24 15:33:09.223,10786,10787,10787,11
2019-07-24 15:33:09.356,10787,10788,10787,1
2019-07-24 15:33:11.866,10787,10788,10788,1
2019-07-24 15:33:12.548,10787,10788,10787,2
2019-07-24 15:33:17.117,10787,10788,10787,1
2019-07-24 15:33:17.463,10787,10788,10787,1
2019-07-24 15:33:18.159,10787,10788,10787,9
2019-07-24 15:33:18.842,10786,10787,10787,1
2019-07-24 15:33:18.877,10786,10787,10787,1
2019-07-24 15:33:22.504,10786,10787,10787,1
2019-07-24 15:33:22.864,10786,10787,10786,5
2019-07-24 15:33:23.929,10786,10787,10787,1
2019-07-24 15:33:24.222,10786,10787,10787,1
2019-07-24 15:33:25.087,10787,10788,10787,1
2019-07-24 15:33:27.394,10787,10788,10787,2
2019-07-24 15:33:31.303,10786,10787,10786,1
2019-07-24 15:33:32.810,10786,10787,10787,1
2019-07-24 15:33:34.407,10786,10787,10787,1
2019-07-24 15:33:38.014,10786,10787,10787,1
2019-07-24 15:33:38.082,10786,10787,10787,7
2019-07-24 15:33:38.207,10786,10787,10787,2
2019-07-24 15:33:44.299,10787,10788,10787,1
2019-07-24 15:33:44.826,10787,10788,10787,1
2019-07-24 15:33:46.095,10787,10788,10787,1
2019-07-24 15:33:46.235,10787,10788,10787,1
2019-07-24 15:33:46.843,10787,10788,10787,3
2019-07-24 15:33:48.620,10787,10788,10787,1
2019-07-24 15:33:48.929,10787,10788,10787,1
2019-07-24 15:33:52.457,10787,10788,10788,4
2019-07-24 15:33:52.582,10787,10788,10788,18
2019-07-24 15:33:52.582,10787,10788,10788,4
2019-07-24 15:33:52.582,10787,10788,10788,9
2019-07-24 15:33:56.202,10788,10789,10789,1
2019-07-24 15:33:56.608,10788,10789,10789,1
2019-07-24 15:33:56.833,10788,10789,10788,10
2019-07-24 15:33:58.342,10788,10789,10789,1
2019-07-24 15:34:05.090,10788,10789,10789,1
2019-07-24 15:34:15.698,10788,10789,10788,1
2019-07-24 15:34:17.728,10788,10789,10788,2
2019-07-24 15:34:20.191,10788,10789,10788,3
2019-07-24 15:34:23.200,10788,10789,10788,1
2019-07-24 15:34:25.795,10788,10789,10788,1
2019-07-24 15:34:28.474,10788,10789,10789,1
2019-07-24 15:34:30.158,10788,10789,10788,5
2019-07-24 15:34:34.443,10788,10789,10789,2
2019-07-24 15:34:41.348,10788,10789,10788,2
2019-07-24 15:34:41.400,10788,10789,10789,3
2019-07-24 15:34:43.400,10788,10789,10789,1
2019-07-24 15:34:56.437,10788,10789,10789,1
2019-07-24 15:34:56.582,10788,10789,10789,5
2019-07-24 15:34:58.067,10788,10789,10788,4
2019-07-24 15:34:58.720,10788,10789,10788,1
2019-07-24 15:35:01.497,10788,10789,10789,1
2019-07-24 15:35:02.401,10788,10789,10789,1
2019-07-24 15:35:02.649,10788,10789,10788,1
2019-07-24 15:35:02.906,10788,10789,10788,1
2019-07-24 15:35:18.132,10788,10789,10788,1
2019-07-24 15:35:20.618,10788,10789,10788,1
2019-07-24 15:35:21.923,10788,10789,10789,4
2019-07-24 15:35:21.923,10788,10789,10789,1
2019-07-24 15:35:21.924,10788,10789,10789,9
2019-07-24 15:35:21.924,10788,10789,10789,1
2019-07-24 15:35:21.924,10788,10789,10789,2
2019-07-24 15:35:21.924,10788,10789,10789,2
2019-07-24 15:35:21.925,10788,10789,10789,4
2019-07-24 15:35:21.925,10788,10789,10789,3
2019-07-24 15:35:21.957,10788,10789,10789,1
2019-07-24 15:35:21.957,10788,10789,10789,4
2019-07-24 15:35:21.957,10788,10789,10789,4
2019-07-24 15:35:21.957,10788,10789,10789,1
2019-07-24 15:35:23.840,10789,10790,10790,1
2019-07-24 15:35:23.967,10789,10790,10790,1
2019-07-24 15:35:31.459,10789,10790,10789,2
2019-07-24 15:35:31.582,10789,10790,10789,8
2019-07-24 15:35:32.173,10788,10789,10788,1
2019-07-24 15:35:46.898,10789,10790,10790,1
2019-07-24 15:35:50.787,10789,10790,10790,5
2019-07-24 15:35:51.732,10789,10790,10790,1
2019-07-24 15:35:52.645,10789,10790,10790,1
2019-07-24 15:35:54.000,10789,10790,10789,1
2019-07-24 15:35:55.238,10789,10790,10789,1
2019-07-24 15:36:00.397,10789,10790,10789,1
2019-07-24 15:36:07.907,10789,10790,10789,1
2019-07-24 15:36:14.551,10789,10790,10790,5
2019-07-24 15:36:16.796,10789,10790,10789,1
2019-07-24 15:36:19.015,10789,10790,10790,1
2019-07-24 15:36:21.755,10789,10790,10789,3
2019-07-24 15:36:23.016,10789,10790,10789,1
2019-07-24 15:36:24.676,10788,10789,10789,1
2019-07-24 15:36:30.990,10789,10790,10790,1
2019-07-24 15:36:35.203,10789,10790,10790,5
2019-07-24 15:36:41.231,10789,10790,10790,3
2019-07-24 15:36:42.717,10789,10790,10790,1
2019-07-24 15:36:43.474,10789,10790,10790,1
2019-07-24 15:36:43.563,10789,10790,10790,3
2019-07-24 15:36:47.700,10789,10790,10790,1
2019-07-24 15:36:49.586,10789,10790,10789,1
2019-07-24 15:36:50.140,10789,10790,10789,1
2019-07-24 15:36:50.231,10789,10790,10790,1
2019-07-24 15:36:50.735,10789,10790,10789,1
2019-07-24 15:36:59.143,10789,10790,10789,6
2019-07-24 15:37:09.063,10789,10790,10790,1
2019-07-24 15:37:17.280,10789,10790,10789,1
2019-07-24 15:37:22.004,10789,10790,10790,1
2019-07-24 15:37:34.089,10789,10790,10789,1
2019-07-24 15:37:35.226,10789,10790,10789,2
2019-07-24 15:37:54.367,10789,10790,10789,1
2019-07-24 15:37:56.762,10789,10790,10789,1
2019-07-24 15:38:01.776,10789,10790,10789,1
2019-07-24 15:38:14.712,10789,10790,10790,1
2019-07-24 15:38:25.762,10789,10790,10790,4
2019-07-24 15:38:27.797,10789,10790,10790,1
2019-07-24 15:38:31.353,10789,10790,10790,1
2019-07-24 15:38:33.539,10789,10790,10790,3
2019-07-24 15:38:37.003,10789,10790,10789,2
2019-07-24 15:38:40.527,10789,10790,10790,1
2019-07-24 15:38:42.529,10789,10790,10790,2
2019-07-24 15:38:45.738,10789,10790,10790,2
2019-07-24 15:38:47.943,10789,10790,10790,1
2019-07-24 15:38:48.867,10789,10790,10790,5
2019-07-24 15:38:49.114,10789,10790,10790,1
2019-07-24 15:39:05.868,10789,10790,10790,1
2019-07-24 15:39:06.889,10789,10790,10789,1
2019-07-24 15:39:07.036,10789,10790,10789,1
2019-07-24 15:39:17.465,10789,10790,10790,2
2019-07-24 15:39:30.997,10789,10790,10790,1
2019-07-24 15:39:31.370,10789,10790,10789,10
2019-07-24 15:39:31.501,10789,10790,10789,1
2019-07-24 15:40:05.098,10789,10790,10789,8
2019-07-24 15:40:05.098,10789,10790,10789,6
2019-07-24 15:40:05.117,10789,10790,10789,1
2019-07-24 15:40:05.207,10789,10790,10789,8
2019-07-24 15:40:12.143,10788,10789,10788,2
2019-07-24 15:40:12.317,10788,10789,10788,2
2019-07-24 15:40:12.407,10788,10789,10788,2
2019-07-24 15:40:12.494,10788,10789,10788,2
2019-07-24 15:40:12.818,10788,10789,10789,1
2019-07-24 15:40:13.058,10788,10789,10788,3
2019-07-24 15:40:15.528,10788,10789,10789,5
2019-07-24 15:40:18.060,10788,10789,10788,1
2019-07-24 15:40:18.281,10788,10789,10788,1
2019-07-24 15:40:18.984,10788,10789,10789,2
2019-07-24 15:40:31.031,10788,10789,10789,1
2019-07-24 15:40:31.357,10788,10789,10789,2
2019-07-24 15:40:31.949,10788,10789,10789,2
2019-07-24 15:40:36.028,10788,10789,10789,2
2019-07-24 15:40:37.918,10788,10789,10789,2
2019-07-24 15:40:43.720,10788,10789,10789,1
2019-07-24 15:40:43.720,10788,10789,10789,1
2019-07-24 15:40:43.722,10788,10789,10789,1
2019-07-24 15:40:43.723,10788,10789,10789,1
2019-07-24 15:40:46.214,10788,10789,10789,1
2019-07-24 15:40:47.001,10788,10789,10788,2
2019-07-24 15:40:49.549,10788,10789,10789,1
2019-07-24 15:41:13.862,10788,10789,10789,1
2019-07-24 15:41:14.251,10788,10789,10788,8
2019-07-24 15:41:14.332,10788,10789,10788,22
2019-07-24 15:41:14.332,10788,10789,10788,4
2019-07-24 15:41:14.374,10788,10789,10788,1
2019-07-24 15:41:14.393,10788,10789,10789,1
2019-07-24 15:41:14.430,10788,10789,10788,1
2019-07-24 15:41:14.430,10788,10789,10788,1
2019-07-24 15:41:14.457,10788,10789,10788,2
2019-07-24 15:41:14.457,10788,10789,10788,2
2019-07-24 15:41:14.480,10788,10789,10788,1
2019-07-24 15:41:22.300,10787,10788,10788,1
2019-07-24 15:41:27.638,10787,10788,10788,9
2019-07-24 15:41:31.081,10788,10789,10788,1
2019-07-24 15:41:34.905,10788,10789,10788,1
2019-07-24 15:41:35.243,10788,10789,10788,1
2019-07-24 15:41:46.572,10788,10789,10788,1
2019-07-24 15:41:48.443,10788,10789,10788,3
2019-07-24 15:41:50.135,10788,10789,10788,3
2019-07-24 15:41:51.708,10788,10789,10788,1
2019-07-24 15:41:53.985,10788,10789,10788,10
2019-07-24 15:41:54.751,10788,10789,10788,1
2019-07-24 15:41:54.867,10788,10789,10788,1
2019-07-24 15:41:55.960,10787,10788,10788,1
2019-07-24 15:41:57.411,10788,10789,10788,1
2019-07-24 15:42:03.528,10788,10789,10788,4
2019-07-24 15:42:03.582,10788,10789,10788,1
2019-07-24 15:42:03.710,10788,10789,10788,1
2019-07-24 15:42:04.193,10787,10788,10787,1
2019-07-24 15:42:04.428,10787,10788,10788,1
2019-07-24 15:42:04.740,10787,10788,10787,3
2019-07-24 15:42:11.265,10787,10788,10788,3
2019-07-24 15:42:11.332,10787,10788,10788,1
2019-07-24 15:42:19.028,10788,10789,10788,5
2019-07-24 15:42:20.541,10788,10789,10788,3
2019-07-24 15:42:27.807,10788,10789,10788,1
2019-07-24 15:42:34.146,10788,10789,10788,1
2019-07-24 15:42:34.500,10788,10789,10788,2
2019-07-24 15:42:36.826,10788,10789,10788,1
2019-07-24 15:42:46.393,10788,10789,10788,1
2019-07-24 15:42:47.355,10788,10789,10788,6
2019-07-24 15:42:54.901,10788,10789,10788,1
2019-07-24 15:43:03.618,10788,10789,10788,1
2019-07-24 15:43:03.948,10788,10789,10789,1
2019-07-24 15:43:11.421,10788,10789,10788,1
2019-07-24 15:43:12.354,10788,10789,10789,1
2019-07-24 15:43:15.374,10788,10789,10789,1
2019-07-24 15:43:18.238,10788,10789,10788,1
2019-07-24 15:43:29.594,10788,10789,10788,1
2019-07-24 15:43:30.802,10788,10789,10789,1
2019-07-24 15:43:38.443,10788,10789,10788,1
2019-07-24 15:43:58.438,10788,10789,10788,1
2019-07-24 15:44:01.237,10788,10789,10788,1
2019-07-24 15:44:04.687,10788,10789,10788,2
2019-07-24 15:44:05.231,10788,10789,10788,17
2019-07-24 15:44:07.884,10787,10788,10788,1
2019-07-24 15:44:22.333,10787,10788,10788,1
2019-07-24 15:44:23.564,10787,10788,10787,1
2019-07-24 15:44:24.669,10787,10788,10788,1
2019-07-24 15:44:26.817,10787,10788,10788,1
2019-07-24 15:44:37.268,10787,10788,10787,1
2019-07-24 15:44:40.145,10787,10788,10788,10
2019-07-24 15:44:44.582,10787,10788,10787,10
2019-07-24 15:44:44.707,10787,10788,10787,1
2019-07-24 15:45:01.343,10787,10788,10787,1
2019-07-24 15:45:01.877,10787,10788,10787,1
2019-07-24 15:45:01.882,10787,10788,10787,1
2019-07-24 15:45:08.717,10787,10788,10787,1
2019-07-24 15:45:17.451,10787,10788,10788,23
2019-07-24 15:45:17.457,10787,10788,10788,6
2019-07-24 15:45:17.457,10787,10788,10788,1
2019-07-24 15:45:19.625,10788,10789,10789,1
2019-07-24 15:45:22.717,10787,10788,10788,1
2019-07-24 15:45:23.620,10787,10788,10788,1
2019-07-24 15:45:24.811,10787,10788,10788,1
2019-07-24 15:45:26.885,10787,10788,10788,1
2019-07-24 15:45:28.843,10787,10788,10788,1
2019-07-24 15:45:31.622,10787,10788,10787,1
2019-07-24 15:45:34.814,10787,10788,10788,1
2019-07-24 15:45:37.403,10787,10788,10788,1
2019-07-24 15:45:40.833,10787,10788,10788,1
2019-07-24 15:45:41.228,10787,10788,10787,1
2019-07-24 15:45:45.227,10787,10788,10787,1
2019-07-24 15:45:48.072,10787,10788,10788,5
2019-07-24 15:45:55.393,10788,10789,10789,20
2019-07-24 15:45:58.107,10788,10789,10789,1
2019-07-24 15:46:07.820,10788,10789,10789,1
2019-07-24 15:46:08.989,10788,10789,10789,1
2019-07-24 15:46:10.187,10788,10789,10789,1
2019-07-24 15:46:15.769,10788,10789,10789,3
2019-07-24 15:46:16.998,10788,10789,10789,10
2019-07-24 15:46:17.709,10788,10789,10789,1
2019-07-24 15:46:22.101,10789,10790,10789,1
2019-07-24 15:46:23.131,10789,10790,10790,1
2019-07-24 15:46:24.402,10789,10790,10789,3
2019-07-24 15:46:24.582,10789,10790,10789,1
2019-07-24 15:46:24.689,10789,10790,10789,1
2019-07-24 15:46:24.707,10789,10790,10789,1
2019-07-24 15:46:26.154,10788,10789,10789,1
2019-07-24 15:46:27.298,10788,10789,10789,1
2019-07-24 15:46:31.093,10788,10789,10789,2
2019-07-24 15:46:33.927,10788,10789,10788,1
2019-07-24 15:46:33.930,10788,10789,10788,2
2019-07-24 15:46:33.931,10788,10789,10788,4
2019-07-24 15:46:33.935,10788,10789,10788,1
2019-07-24 15:46:33.935,10788,10789,10788,1
2019-07-24 15:46:33.935,10788,10789,10788,1
2019-07-24 15:46:33.935,10788,10789,10788,1
2019-07-24 15:46:33.936,10788,10789,10788,14
2019-07-24 15:46:38.431,10787,10788,10788,1
2019-07-24 15:46:49.949,10787,10788,10788,1
2019-07-24 15:47:00.862,10787,10788,10788,2
2019-07-24 15:47:00.862,10787,10788,10788,3
2019-07-24 15:47:00.862,10787,10788,10788,3
2019-07-24 15:47:18.955,10788,10789,10789,4
2019-07-24 15:47:27.836,10788,10789,10789,1
2019-07-24 15:47:52.963,10788,10789,10789,1
2019-07-24 15:48:07.654,10788,10789,10789,24
2019-07-24 15:48:07.654,10788,10789,10789,11
2019-07-24 15:48:08.019,10789,10790,10789,2
2019-07-24 15:48:20.872,10789,10790,10790,2
2019-07-24 15:48:36.144,10789,10790,10790,1
2019-07-24 15:48:36.812,10789,10790,10790,1
2019-07-24 15:48:37.500,10789,10790,10790,17
2019-07-24 15:48:48.387,10790,10791,10790,1
2019-07-24 15:48:49.175,10790,10791,10791,4
2019-07-24 15:48:49.294,10790,10791,10791,1
2019-07-24 15:48:49.379,10790,10791,10791,3
2019-07-24 15:48:50.546,10790,10791,10791,1
2019-07-24 15:48:50.571,10790,10791,10790,1
2019-07-24 15:48:51.099,10790,10791,10791,2
2019-07-24 15:48:51.907,10790,10791,10790,1
2019-07-24 15:48:54.914,10790,10791,10791,1
2019-07-24 15:48:56.412,10790,10791,10790,1
2019-07-24 15:49:12.692,10790,10791,10791,2
2019-07-24 15:49:21.895,10790,10791,10791,5
2019-07-24 15:49:28.578,10790,10791,10791,2
2019-07-24 15:49:30.018,10790,10791,10791,1
2019-07-24 15:49:36.668,10790,10791,10791,1
2019-07-24 15:49:39.303,10790,10791,10791,1
2019-07-24 15:49:42.955,10790,10791,10791,1
2019-07-24 15:49:43.006,10790,10791,10791,10
2019-07-24 15:49:44.696,10790,10791,10791,7
2019-07-24 15:49:48.412,10790,10791,10791,3
2019-07-24 15:49:54.164,10790,10791,10791,2
2019-07-24 15:50:02.534,10790,10791,10790,5
2019-07-24 15:50:07.452,10790,10791,10791,14
2019-07-24 15:50:07.452,10790,10791,10791,1
2019-07-24 15:50:07.452,10790,10791,10791,5
2019-07-24 15:50:07.452,10790,10791,10791,4
2019-07-24 15:50:07.452,10790,10791,10791,1
2019-07-24 15:50:07.453,10790,10791,10791,1
2019-07-24 15:50:07.457,10790,10791,10791,3
2019-07-24 15:50:07.731,10791,10792,10792,4
2019-07-24 15:50:07.924,10791,10792,10791,2
2019-07-24 15:50:12.713,10791,10792,10792,1
2019-07-24 15:50:12.808,10791,10792,10791,2
2019-07-24 15:50:16.016,10791,10792,10792,1
2019-07-24 15:50:20.833,10791,10792,10791,1
2019-07-24 15:50:21.364,10791,10792,10791,5
2019-07-24 15:50:25.512,10791,10792,10791,1
2019-07-24 15:50:26.869,10791,10792,10791,1
2019-07-24 15:50:30.107,10791,10792,10792,5
2019-07-24 15:50:32.528,10791,10792,10792,1
2019-07-24 15:50:41.925,10791,10792,10791,3
2019-07-24 15:50:44.800,10791,10792,10791,1
2019-07-24 15:50:46.463,10790,10791,10790,1
2019-07-24 15:51:04.272,10790,10791,10791,1
2019-07-24 15:51:10.673,10790,10791,10791,1
2019-07-24 15:51:18.225,10790,10791,10791,1
2019-07-24 15:51:19.283,10790,10791,10791,2
2019-07-24 15:51:19.291,10790,10791,10791,1
2019-07-24 15:51:22.248,10790,10791,10791,1
2019-07-24 15:51:22.248,10790,10791,10791,2
2019-07-24 15:51:22.248,10790,10791,10791,1
2019-07-24 15:51:35.129,10791,10792,10791,1
2019-07-24 15:51:40.853,10791,10792,10791,3
2019-07-24 15:51:42.572,10791,10792,10791,1
2019-07-24 15:52:03.689,10791,10792,10792,1
2019-07-24 15:52:07.095,10791,10792,10791,1
2019-07-24 15:52:08.493,10791,10792,10792,1
2019-07-24 15:52:15.646,10791,10792,10792,1
2019-07-24 15:52:19.060,10791,10792,10792,9
2019-07-24 15:52:19.082,10791,10792,10792,4
2019-07-24 15:52:19.082,10791,10792,10792,8
2019-07-24 15:52:19.082,10791,10792,10792,2
2019-07-24 15:52:19.082,10791,10792,10792,2
2019-07-24 15:52:19.082,10791,10792,10792,1
2019-07-24 15:52:20.394,10792,10793,10792,2
2019-07-24 15:52:28.158,10792,10793,10792,1
2019-07-24 15:53:01.271,10792,10793,10793,1
2019-07-24 15:53:01.443,10792,10793,10793,2
2019-07-24 15:53:14.080,10792,10793,10793,1
2019-07-24 15:53:25.419,10792,10793,10793,1
2019-07-24 15:53:28.296,10792,10793,10793,2
2019-07-24 15:53:36.548,10792,10793,10792,1
2019-07-24 15:53:37.098,10792,10793,10793,5
2019-07-24 15:53:52.739,10792,10793,10792,2
2019-07-24 15:53:54.332,10792,10793,10793,1
2019-07-24 15:54:03.671,10792,10793,10792,1
2019-07-24 15:54:03.707,10792,10793,10792,17
2019-07-24 15:54:06.924,10791,10792,10792,1
2019-07-24 15:54:13.138,10791,10792,10792,1
2019-07-24 15:54:26.403,10791,10792,10792,1
2019-07-24 15:54:35.000,10791,10792,10791,2
2019-07-24 15:54:35.055,10791,10792,10791,3
2019-07-24 15:54:48.480,10791,10792,10792,1
2019-07-24 15:54:50.039,10791,10792,10792,2
2019-07-24 15:54:58.463,10791,10792,10792,2
2019-07-24 15:55:07.224,10791,10792,10792,4
2019-07-24 15:55:09.165,10791,10792,10792,1
2019-07-24 15:55:16.329,10791,10792,10792,5
2019-07-24 15:55:20.672,10791,10792,10792,1
2019-07-24 15:55:21.417,10791,10792,10792,1
2019-07-24 15:55:21.720,10792,10793,10792,1
2019-07-24 15:55:26.940,10792,10793,10793,3
2019-07-24 15:55:31.646,10792,10793,10792,4
2019-07-24 15:55:31.646,10792,10793,10792,4
2019-07-24 15:55:31.695,10792,10793,10792,5
2019-07-24 15:55:31.707,10792,10793,10792,2
2019-07-24 15:55:31.707,10792,10793,10792,3
2019-07-24 15:55:31.707,10792,10793,10792,3
2019-07-24 15:55:36.166,10791,10792,10792,2
2019-07-24 15:55:45.069,10791,10792,10792,1
2019-07-24 15:55:48.457,10791,10792,10791,1
2019-07-24 15:55:48.543,10791,10792,10791,2
2019-07-24 15:55:48.582,10791,10792,10791,17
2019-07-24 15:55:57.327,10790,10791,10791,3
2019-07-24 15:55:59.278,10791,10792,10791,1
2019-07-24 15:56:00.271,10791,10792,10791,1
2019-07-24 15:56:02.072,10791,10792,10791,1
2019-07-24 15:56:03.748,10791,10792,10791,2
2019-07-24 15:56:07.846,10791,10792,10791,1
2019-07-24 15:56:30.922,10790,10791,10791,1
2019-07-24 15:56:41.214,10791,10792,10791,2
2019-07-24 15:56:51.020,10791,10792,10791,3
2019-07-24 15:56:56.863,10791,10792,10791,1
2019-07-24 15:57:09.404,10791,10792,10792,3
2019-07-24 15:57:42.115,10791,10792,10792,1
2019-07-24 15:58:00.082,10791,10792,10792,12
2019-07-24 15:58:16.403,10791,10792,10792,1
2019-07-24 15:58:50.294,10792,10793,10792,1
2019-07-24 15:58:54.003,10792,10793,10792,1
2019-07-24 15:59:05.774,10792,10793,10792,10
2019-07-24 15:59:06.014,10791,10792,10792,1
2019-07-24 15:59:08.716,10791,10792,10792,1
2019-07-24 15:59:12.596,10791,10792,10792,1
2019-07-24 15:59:18.057,10791,10792,10792,2
2019-07-24 15:59:27.515,10791,10792,10792,1
2019-07-24 15:59:32.557,10791,10792,10792,2
2019-07-24 15:59:40.587,10791,10792,10792,1
2019-07-24 15:59:40.861,10792,10793,10792,1
2019-07-24 15:59:55.732,10791,10792,10792,5
2019-07-24 16:00:00.734,10792,10793,10791,2
2019-07-24 16:00:00.977,10791,10793,10791,6
2019-07-24 16:00:00.977,10791,10793,10791,1
2019-07-24 16:00:00.997,10791,10793,10791,2
2019-07-24 16:00:01.005,10791,10793,10791,1
2019-07-24 16:00:01.106,10791,10793,10792,1
2019-07-24 16:00:01.526,10791,10793,10791,5
2019-07-24 16:00:01.714,10791,10792,10791,2
2019-07-24 16:00:01.969,10791,10792,10791,1
2019-07-24 16:00:02.271,10791,10792,10791,2
2019-07-24 16:00:02.679,10791,10792,10791,1
2019-07-24 16:00:04.134,10791,10792,10792,3
2019-07-24 16:00:05.783,10791,10792,10792,3
2019-07-24 16:00:16.138,10792,10793,10792,2
2019-07-24 16:00:36.170,10792,10793,10792,1
2019-07-24 16:00:37.747,10792,10793,10793,1
2019-07-24 16:00:42.522,10792,10793,10793,1
2019-07-24 16:00:50.800,10792,10793,10793,1
2019-07-24 16:00:53.473,10792,10793,10793,3
2019-07-24 16:01:06.094,10792,10793,10793,2
2019-07-24 16:01:08.321,10792,10793,10793,1
2019-07-24 16:01:21.363,10792,10793,10793,5
2019-07-24 16:01:29.777,10792,10793,10793,1
2019-07-24 16:01:31.926,10792,10793,10793,1
2019-07-24 16:01:36.365,10792,10793,10793,1
2019-07-24 16:01:44.952,10792,10793,10793,1
2019-07-24 16:01:49.371,10792,10793,10793,1
2019-07-24 16:02:03.812,10792,10793,10792,1
2019-07-24 16:02:06.441,10792,10793,10793,1
2019-07-24 16:02:07.351,10792,10793,10792,2
2019-07-24 16:02:43.963,10792,10793,10792,2
2019-07-24 16:03:09.760,10792,10793,10793,1
2019-07-24 16:03:09.873,10792,10793,10793,1
2019-07-24 16:03:12.234,10792,10793,10793,1
2019-07-24 16:03:12.328,10792,10793,10793,1
2019-07-24 16:03:13.426,10792,10793,10793,1
2019-07-24 16:03:29.730,10792,10793,10793,1
2019-07-24 16:03:31.871,10792,10793,10793,1
2019-07-24 16:03:41.297,10792,10793,10792,6
2019-07-24 16:03:41.298,10792,10793,10792,4
2019-07-24 16:03:41.332,10792,10793,10792,1
2019-07-24 16:03:41.332,10792,10793,10792,1
2019-07-24 16:03:41.332,10792,10793,10792,2
2019-07-24 16:03:41.332,10792,10793,10792,4
2019-07-24 16:03:47.812,10792,10793,10792,1
2019-07-24 16:03:48.242,10792,10793,10792,1
2019-07-24 16:04:29.045,10792,10793,10793,1
2019-07-24 16:04:29.395,10792,10793,10792,3
2019-07-24 16:04:47.557,10792,10793,10792,1
2019-07-24 16:04:58.008,10792,10793,10793,1
2019-07-24 16:05:26.941,10792,10793,10792,1
2019-07-24 16:05:49.625,10792,10793,10792,1
2019-07-24 16:05:51.198,10792,10793,10792,1
2019-07-24 16:05:55.165,10792,10793,10792,1
2019-07-24 16:05:55.851,10792,10793,10792,1
2019-07-24 16:05:56.205,10792,10793,10792,10
2019-07-24 16:06:07.582,10791,10792,10792,1
2019-07-24 16:06:08.048,10792,10793,10793,1
2019-07-24 16:06:08.065,10792,10793,10793,1
2019-07-24 16:06:08.099,10792,10793,10793,3
2019-07-24 16:06:08.473,10792,10793,10792,1
2019-07-24 16:06:17.568,10792,10793,10793,5
2019-07-24 16:06:17.582,10792,10793,10793,2
2019-07-24 16:06:24.075,10792,10793,10793,2
2019-07-24 16:06:42.083,10792,10793,10793,4
2019-07-24 16:06:44.075,10792,10793,10792,1
2019-07-24 16:06:44.082,10792,10793,10792,1
2019-07-24 16:06:50.454,10792,10793,10792,2
2019-07-24 16:06:50.454,10792,10793,10792,1
2019-07-24 16:07:01.107,10791,10792,10792,1
2019-07-24 16:07:06.070,10791,10792,10792,3
2019-07-24 16:07:25.809,10791,10792,10792,1
2019-07-24 16:07:27.251,10791,10792,10791,1
2019-07-24 16:07:33.644,10791,10792,10792,10
2019-07-24 16:07:36.872,10791,10792,10792,2
2019-07-24 16:07:44.534,10791,10792,10792,1
2019-07-24 16:08:05.922,10791,10792,10792,3
2019-07-24 16:08:25.254,10791,10792,10792,5
2019-07-24 16:08:31.210,10791,10792,10792,1
2019-07-24 16:08:50.186,10791,10792,10792,3
2019-07-24 16:09:00.181,10792,10793,10792,1
2019-07-24 16:09:22.832,10791,10792,10791,10
2019-07-24 16:09:22.957,10791,10792,10791,1
2019-07-24 16:09:26.233,10790,10792,10792,1
2019-07-24 16:09:47.722,10791,10792,10792,1
2019-07-24 16:09:52.379,10791,10792,10791,1
2019-07-24 16:09:54.142,10791,10792,10791,1
2019-07-24 16:09:54.303,10791,10792,10791,1
2019-07-24 16:10:05.112,10791,10792,10791,2
2019-07-24 16:10:10.898,10791,10792,10790,3
2019-07-24 16:10:10.991,10790,10792,10790,1
2019-07-24 16:10:31.549,10790,10791,10790,1
2019-07-24 16:10:36.571,10790,10791,10791,1
2019-07-24 16:10:49.246,10790,10791,10790,1
2019-07-24 16:10:49.863,10790,10791,10790,1
2019-07-24 16:10:58.428,10790,10791,10790,2
2019-07-24 16:11:07.886,10790,10791,10790,1
2019-07-24 16:11:09.664,10790,10791,10791,1
2019-07-24 16:11:43.692,10790,10791,10791,2
2019-07-24 16:11:43.693,10790,10791,10791,1
2019-07-24 16:11:43.707,10790,10791,10791,1
2019-07-24 16:11:43.707,10790,10791,10791,1
2019-07-24 16:11:59.579,10791,10792,10791,1
2019-07-24 16:12:20.430,10791,10792,10792,2
2019-07-24 16:12:35.863,10791,10792,10792,5
2019-07-24 16:12:35.957,10791,10792,10792,1
2019-07-24 16:14:00.210,10792,10793,10793,1
2019-07-24 16:14:03.594,10792,10793,10792,1
2019-07-24 16:14:05.920,10792,10793,10792,1
2019-07-24 16:14:15.273,10792,10793,10792,1
2019-07-24 16:14:36.079,10792,10793,10793,1
2019-07-24 16:14:42.702,10792,10793,10792,3
2019-07-24 16:14:51.004,10792,10793,10792,3
2019-07-24 16:14:51.605,10792,10793,10792,3
2019-07-24 16:14:59.661,10792,10793,10792,1
2019-07-24 16:15:21.492,10792,10793,10792,1
2019-07-24 16:15:23.259,10792,10793,10792,1
2019-07-24 16:15:28.667,10792,10793,10792,1
2019-07-24 16:15:32.582,10792,10793,10792,1
2019-07-24 16:15:33.749,10792,10793,10792,1
2019-07-24 16:15:35.067,10792,10793,10792,1
2019-07-24 16:15:40.459,10792,10793,10792,1
2019-07-24 16:15:46.526,10792,10793,10792,1
2019-07-24 16:15:48.995,10792,10793,10792,1
2019-07-24 16:15:49.787,10792,10793,10792,1
2019-07-24 16:16:12.296,10792,10793,10792,5
2019-07-24 16:16:36.082,10791,10792,10792,6
2019-07-24 16:16:36.207,10791,10792,10792,1
2019-07-24 16:16:40.432,10792,10793,10792,1
2019-07-24 16:16:44.807,10792,10793,10792,1
2019-07-24 16:17:13.904,10792,10793,10792,5
2019-07-24 16:17:19.043,10791,10793,10792,1
2019-07-24 16:17:38.890,10792,10793,10792,1
2019-07-24 16:17:52.925,10792,10793,10792,1
2019-07-24 16:18:06.027,10791,10792,10791,3
2019-07-24 16:18:21.418,10791,10792,10791,1
2019-07-24 16:18:53.905,10791,10792,10791,1
2019-07-24 16:19:02.600,10791,10792,10791,1
2019-07-24 16:19:02.705,10791,10792,10791,1
2019-07-24 16:19:07.967,10791,10792,10791,6
2019-07-24 16:19:09.559,10791,10792,10791,5
2019-07-24 16:19:09.582,10791,10792,10791,6
2019-07-24 16:19:10.218,10790,10791,10791,1
2019-07-24 16:19:22.770,10791,10792,10791,1
2019-07-24 16:19:23.736,10791,10792,10791,1
2019-07-24 16:19:29.829,10790,10791,10791,1
2019-07-24 16:19:42.532,10791,10792,10791,1
2019-07-24 16:19:52.241,10791,10792,10791,1
2019-07-24 16:19:52.597,10790,10791,10791,2
2019-07-24 16:19:55.896,10791,10792,10791,1
2019-07-24 16:20:55.960,10791,10792,10792,1
2019-07-24 16:21:21.950,10791,10792,10792,1
2019-07-24 16:21:24.204,10791,10792,10792,3
2019-07-24 16:21:28.128,10791,10792,10792,1
2019-07-24 16:21:30.029,10791,10792,10792,1
2019-07-24 16:21:38.933,10791,10792,10792,1
2019-07-24 16:21:41.113,10791,10792,10792,1
2019-07-24 16:22:12.249,10791,10792,10791,1
2019-07-24 16:22:38.837,10791,10792,10791,2
2019-07-24 16:22:39.462,10791,10792,10792,1
2019-07-24 16:23:29.584,10791,10792,10791,1
2019-07-24 16:23:59.170,10791,10792,10791,11
2019-07-24 16:24:09.824,10791,10792,10791,1
2019-07-24 16:24:09.872,10791,10792,10791,11
2019-07-24 16:24:10.904,10791,10792,10791,1
2019-07-24 16:24:14.364,10791,10792,10791,1
2019-07-24 16:24:27.366,10791,10792,10791,2
2019-07-24 16:24:38.203,10791,10792,10791,3
2019-07-24 16:24:52.269,10791,10792,10791,1
2019-07-24 16:24:53.000,10791,10792,10791,1
2019-07-24 16:24:53.800,10791,10792,10791,1
2019-07-24 16:24:59.057,10791,10792,10792,1
2019-07-24 16:25:45.786,10791,10792,10791,1
2019-07-24 16:25:46.165,10791,10792,10791,1
2019-07-24 16:25:47.157,10791,10792,10792,1
2019-07-24 16:25:56.575,10791,10792,10791,1
2019-07-24 16:25:58.333,10791,10792,10792,1
2019-07-24 16:26:46.065,10791,10792,10791,3
2019-07-24 16:26:46.882,10791,10792,10792,1
2019-07-24 16:27:20.489,10791,10792,10792,1
2019-07-24 16:27:41.434,10791,10792,10792,1
2019-07-24 16:27:45.057,10791,10792,10792,1
2019-07-24 16:27:47.143,10791,10792,10792,3
2019-07-24 16:27:47.144,10791,10792,10792,1
2019-07-24 16:27:47.144,10791,10792,10792,4
2019-07-24 16:27:51.382,10792,10793,10793,1
2019-07-24 16:27:54.126,10792,10793,10793,1
2019-07-24 16:27:55.288,10792,10793,10792,1
2019-07-24 16:28:01.143,10792,10793,10792,1
2019-07-24 16:28:11.957,10792,10793,10792,1
2019-07-24 16:28:12.932,10792,10793,10792,1
2019-07-24 16:28:58.394,10792,10793,10792,1
2019-07-24 16:29:08.436,10792,10793,10792,1
2019-07-24 16:29:08.457,10792,10793,10792,1
2019-07-24 16:29:10.063,10792,10793,10792,1
2019-07-24 16:29:10.063,10792,10793,10792,1
2019-07-24 16:29:10.082,10792,10793,10792,1
2019-07-24 16:29:15.103,10792,10793,10793,1
2019-07-24 16:29:42.128,10792,10793,10793,10
2019-07-24 16:29:42.207,10792,10793,10793,3
2019-07-24 16:29:50.464,10792,10794,10792,1
2019-07-24 16:30:00.034,10793,10794,10793,1
2019-07-24 16:30:00.034,10793,10794,10792,2
2019-07-24 16:30:04.284,10792,10793,10792,3
2019-07-24 16:30:04.284,10792,10793,10792,2
2019-07-24 16:30:04.288,10792,10793,10792,2
2019-07-24 16:30:34.926,10792,10793,10792,1
2019-07-24 16:30:36.208,10792,10793,10792,1
2019-07-24 16:30:44.561,10791,10792,10792,3
2019-07-24 16:30:48.038,10792,10793,10793,1
2019-07-24 16:30:48.187,10792,10793,10793,1
2019-07-24 16:30:50.104,10792,10793,10793,1
2019-07-24 16:30:50.224,10792,10793,10793,1
2019-07-24 16:30:51.495,10792,10794,10793,1
2019-07-24 16:31:22.218,10793,10794,10793,2
2019-07-24 16:31:35.537,10792,10793,10793,5
2019-07-24 16:31:55.549,10792,10793,10793,2
2019-07-24 16:32:56.059,10792,10793,10792,9
2019-07-24 16:32:58.484,10791,10792,10792,1
2019-07-24 16:33:01.077,10791,10792,10792,1
2019-07-24 16:33:07.689,10791,10792,10792,1
2019-07-24 16:33:17.419,10791,10792,10792,1
2019-07-24 16:33:39.088,10791,10792,10791,4
2019-07-24 16:33:39.207,10791,10792,10791,10
2019-07-24 16:33:55.966,10790,10791,10790,2
2019-07-24 16:33:59.635,10790,10791,10790,1
2019-07-24 16:34:00.350,10790,10791,10790,30
2019-07-24 16:34:00.457,10790,10791,10790,2
2019-07-24 16:34:00.785,10790,10791,10790,1
2019-07-24 16:34:01.406,10790,10791,10790,1
2019-07-24 16:34:01.440,10790,10791,10790,2
2019-07-24 16:34:02.252,10789,10790,10789,1
2019-07-24 16:34:02.430,10789,10790,10789,1
2019-07-24 16:34:02.441,10789,10790,10789,1
2019-07-24 16:34:06.041,10789,10790,10789,1
2019-07-24 16:34:11.732,10789,10790,10789,1
2019-07-24 16:34:24.049,10789,10790,10789,1
2019-07-24 16:34:35.379,10789,10790,10789,7
2019-07-24 16:34:39.729,10789,10790,10790,1
2019-07-24 16:34:53.080,10789,10790,10790,8
2019-07-24 16:34:55.462,10790,10791,10791,1
2019-07-24 16:36:40.889,10790,10791,10790,2
2019-07-24 16:36:48.799,10790,10791,10790,1
2019-07-24 16:36:51.580,10790,10791,10790,1
2019-07-24 16:36:53.629,10790,10791,10790,3
2019-07-24 16:36:58.837,10790,10791,10790,1
2019-07-24 16:37:04.412,10790,10791,10790,1
2019-07-24 16:37:15.724,10790,10791,10790,1
2019-07-24 16:37:20.067,10790,10791,10790,4
2019-07-24 16:37:33.830,10789,10790,10790,5
2019-07-24 16:37:47.285,10789,10790,10790,3
2019-07-24 16:38:13.846,10789,10790,10790,1
2019-07-24 16:38:18.536,10789,10790,10790,1
2019-07-24 16:39:03.634,10789,10790,10789,2
2019-07-24 16:39:03.707,10789,10790,10789,4
2019-07-24 16:39:03.707,10789,10790,10789,2
2019-07-24 16:39:03.845,10789,10790,10789,2
2019-07-24 16:39:03.848,10789,10790,10789,1
2019-07-24 16:39:03.957,10789,10790,10789,1
2019-07-24 16:39:03.962,10789,10790,10789,1
2019-07-24 16:39:04.007,10789,10790,10789,1
2019-07-24 16:39:04.007,10789,10790,10789,2
2019-07-24 16:39:04.007,10789,10790,10789,1
2019-07-24 16:39:04.007,10789,10790,10789,1
2019-07-24 16:39:13.138,10788,10790,10788,1
2019-07-24 16:39:13.528,10788,10790,10788,1
2019-07-24 16:39:14.333,10788,10790,10790,1
2019-07-24 16:39:16.890,10788,10790,10788,1
2019-07-24 16:39:18.078,10788,10789,10788,3
2019-07-24 16:39:19.870,10788,10789,10788,1
2019-07-24 16:39:21.992,10788,10789,10788,4
2019-07-24 16:39:28.266,10788,10789,10788,3
2019-07-24 16:39:31.718,10788,10789,10789,1
2019-07-24 16:39:31.729,10788,10789,10788,1
2019-07-24 16:39:35.926,10788,10789,10788,1
2019-07-24 16:39:36.965,10788,10789,10789,1
2019-07-24 16:39:44.384,10788,10789,10789,1
2019-07-24 16:40:11.028,10788,10789,10788,1
2019-07-24 16:40:12.478,10788,10789,10788,1
2019-07-24 16:40:17.691,10788,10789,10788,1
2019-07-24 16:40:25.552,10788,10789,10788,1
2019-07-24 16:40:34.725,10788,10789,10789,1
2019-07-24 16:40:35.302,10788,10789,10788,1
2019-07-24 16:40:42.835,10788,10789,10788,1
2019-07-24 16:40:54.349,10788,10789,10788,1
2019-07-24 16:40:56.127,10788,10789,10789,1
2019-07-24 16:41:03.345,10788,10789,10788,1
2019-07-24 16:41:05.097,10788,10789,10789,10
2019-07-24 16:41:19.046,10788,10789,10789,1
2019-07-24 16:41:24.645,10788,10789,10788,1
2019-07-24 16:41:37.144,10788,10789,10788,30
2019-07-24 16:41:37.207,10788,10789,10788,1
2019-07-24 16:41:41.572,10788,10789,10788,3
2019-07-24 16:41:47.511,10788,10789,10788,1
2019-07-24 16:41:56.534,10788,10789,10788,1
2019-07-24 16:42:02.858,10788,10789,10788,3
2019-07-24 16:42:04.603,10788,10789,10788,1
2019-07-24 16:42:07.110,10788,10789,10788,1
2019-07-24 16:42:15.610,10788,10789,10788,1
2019-07-24 16:42:18.270,10788,10789,10788,4
2019-07-24 16:42:59.989,10788,10789,10788,20
2019-07-24 16:43:03.258,10788,10789,10788,4
2019-07-24 16:43:03.709,10787,10788,10788,1
2019-07-24 16:43:06.467,10788,10789,10788,1
2019-07-24 16:43:08.934,10788,10789,10788,1
2019-07-24 16:43:45.078,10788,10789,10788,9
2019-07-24 16:44:09.804,10787,10788,10788,1
2019-07-24 16:44:20.611,10787,10788,10788,1
2019-07-24 16:44:26.229,10787,10788,10787,30
2019-07-24 16:44:26.332,10787,10788,10787,1
2019-07-24 16:44:26.332,10787,10788,10787,2
2019-07-24 16:44:26.506,10787,10788,10787,1
2019-07-24 16:44:26.536,10787,10788,10787,1
2019-07-24 16:44:26.732,10787,10788,10787,1
2019-07-24 16:44:30.375,10787,10788,10788,1
2019-07-24 16:44:38.130,10787,10788,10788,1
2019-07-24 16:44:46.889,10787,10788,10788,1
2019-07-24 16:44:48.462,10787,10788,10787,1
2019-07-24 16:44:52.922,10787,10788,10787,4
2019-07-24 16:44:56.997,10787,10788,10787,2
2019-07-24 16:44:57.087,10787,10788,10787,1
2019-07-24 16:45:00.790,10787,10788,10787,3
2019-07-24 16:45:09.527,10787,10788,10787,1
2019-07-24 16:45:13.056,10787,10788,10787,1
2019-07-24 16:45:17.577,10787,10788,10787,5
2019-07-24 16:45:19.319,10787,10788,10787,1
2019-07-24 16:45:21.771,10787,10788,10788,1
2019-07-24 16:45:53.906,10787,10788,10788,4
2019-07-24 16:45:56.582,10787,10788,10788,17
2019-07-24 16:46:41.935,10788,10789,10789,3
2019-07-24 16:46:48.364,10788,10789,10789,1
2019-07-24 16:47:51.349,10788,10789,10788,2
2019-07-24 16:48:02.624,10788,10789,10788,1
2019-07-24 16:48:19.558,10788,10789,10789,1
2019-07-24 16:48:28.212,10788,10789,10789,1
2019-07-24 16:48:31.235,10788,10789,10789,2
2019-07-24 16:48:31.242,10788,10789,10789,10
2019-07-24 16:48:31.242,10788,10789,10789,2
2019-07-24 16:48:31.242,10788,10789,10789,4
2019-07-24 16:48:31.332,10788,10789,10789,1
2019-07-24 16:48:31.792,10789,10790,10788,1
2019-07-24 16:48:31.891,10788,10790,10790,1
2019-07-24 16:48:50.573,10789,10790,10790,1
2019-07-24 16:48:54.980,10789,10790,10789,1
2019-07-24 16:49:03.530,10789,10790,10789,1
2019-07-24 16:49:06.198,10789,10790,10789,1
2019-07-24 16:49:07.754,10789,10790,10790,41
2019-07-24 16:49:07.755,10789,10790,10790,1
2019-07-24 16:49:07.755,10789,10790,10790,2
2019-07-24 16:49:11.434,10790,10791,10790,1
2019-07-24 16:49:26.346,10790,10791,10790,1
2019-07-24 16:49:51.105,10790,10791,10790,1
2019-07-24 16:49:59.071,10790,10791,10790,1
2019-07-24 16:50:05.706,10790,10791,10790,4
2019-07-24 16:50:05.707,10790,10791,10790,1
2019-07-24 16:50:35.174,10789,10790,10790,1
2019-07-24 16:50:37.880,10789,10790,10790,1
2019-07-24 16:50:48.173,10789,10790,10790,1
2019-07-24 16:50:56.943,10789,10790,10790,1
2019-07-24 16:51:12.168,10789,10790,10790,1
2019-07-24 16:51:23.992,10789,10790,10790,1
2019-07-24 16:51:27.755,10789,10790,10790,2
2019-07-24 16:51:30.772,10789,10790,10790,1
2019-07-24 16:51:30.772,10789,10790,10790,1
2019-07-24 16:51:30.772,10789,10790,10790,4
2019-07-24 16:51:30.772,10789,10790,10790,1
2019-07-24 16:51:30.772,10789,10790,10790,1
2019-07-24 16:51:30.772,10789,10790,10790,1
2019-07-24 16:51:40.103,10790,10791,10790,1
2019-07-24 16:51:41.424,10790,10791,10790,5
2019-07-24 16:52:44.970,10790,10791,10791,5
2019-07-24 16:52:45.447,10790,10791,10791,1
2019-07-24 16:52:58.465,10790,10791,10791,1
2019-07-24 16:53:14.145,10790,10791,10791,1
2019-07-24 16:53:21.074,10790,10791,10791,1
2019-07-24 16:53:23.655,10790,10791,10791,3
2019-07-24 16:53:34.472,10790,10791,10791,1
2019-07-24 16:53:35.499,10790,10791,10791,1
2019-07-24 16:53:36.814,10790,10791,10791,4
2019-07-24 16:53:38.450,10790,10791,10791,3
2019-07-24 16:53:44.820,10790,10791,10791,1
2019-07-24 16:53:48.481,10790,10791,10791,1
2019-07-24 16:53:49.149,10790,10791,10791,3
2019-07-24 16:54:02.900,10791,10792,10791,1
2019-07-24 16:54:02.938,10791,10792,10791,1
2019-07-24 16:54:02.957,10791,10792,10791,1
2019-07-24 16:54:04.957,10791,10792,10791,1
2019-07-24 16:54:09.511,10791,10792,10791,13
2019-07-24 16:54:09.583,10790,10791,10790,1
2019-07-24 16:54:44.092,10790,10791,10790,2
2019-07-24 16:54:44.113,10790,10791,10790,2
2019-07-24 16:54:44.113,10790,10791,10790,4
2019-07-24 16:54:44.207,10790,10791,10790,4
2019-07-24 16:55:19.849,10789,10790,10790,1
2019-07-24 16:55:22.902,10789,10790,10790,1
2019-07-24 16:55:47.467,10789,10790,10790,7
2019-07-24 16:56:06.634,10790,10791,10790,1
2019-07-24 16:56:10.689,10790,10791,10790,2
2019-07-24 16:56:26.478,10790,10791,10790,2
2019-07-24 16:56:33.666,10789,10790,10790,1
2019-07-24 16:56:37.584,10789,10790,10790,2
2019-07-24 16:57:13.045,10789,10790,10790,1
2019-07-24 16:57:13.427,10789,10790,10789,1
2019-07-24 16:57:17.834,10789,10790,10790,1
2019-07-24 16:57:23.929,10790,10791,10790,1
2019-07-24 16:57:34.082,10789,10790,10790,2
2019-07-24 16:57:45.275,10790,10791,10791,1
2019-07-24 16:57:49.806,10790,10791,10790,1
2019-07-24 16:57:57.499,10790,10791,10790,1
2019-07-24 16:58:19.041,10790,10791,10790,1
2019-07-24 16:58:43.553,10790,10791,10791,1
2019-07-24 16:59:17.972,10790,10791,10791,1
2019-07-24 16:59:34.360,10790,10791,10791,1
2019-07-24 16:59:49.586,10790,10791,10791,6
2019-07-24 16:59:49.707,10790,10791,10791,9
2019-07-24 16:59:58.588,10791,10792,10791,1
2019-07-24 17:00:02.832,10791,10792,10791,1
2019-07-24 17:00:02.890,10791,10792,10791,1
2019-07-24 17:00:02.957,10791,10792,10791,4
2019-07-24 17:00:02.957,10791,10792,10791,4
2019-07-24 17:00:18.836,10790,10791,10791,2
2019-07-24 17:00:21.552,10790,10791,10791,1
2019-07-24 17:00:36.878,10790,10791,10791,1
2019-07-24 17:00:39.255,10791,10792,10791,1
2019-07-24 17:00:44.868,10791,10792,10792,3
2019-07-24 17:01:12.888,10791,10792,10792,1
2019-07-24 17:01:28.984,10791,10792,10792,1
2019-07-24 17:01:29.725,10791,10792,10791,1
2019-07-24 17:01:40.466,10791,10792,10791,1
2019-07-24 17:02:02.217,10791,10792,10791,1
2019-07-24 17:04:56.347,10791,10792,10791,1
2019-07-24 17:05:31.137,10791,10792,10792,1
2019-07-24 17:05:36.795,10791,10792,10792,1
2019-07-24 17:05:40.923,10791,10792,10792,1
2019-07-24 17:05:40.973,10791,10792,10792,1
2019-07-24 17:05:40.998,10791,10792,10792,39
2019-07-24 17:05:50.337,10792,10793,10793,1
2019-07-24 17:05:57.107,10792,10793,10792,3
2019-07-24 17:06:28.011,10792,10793,10792,1
2019-07-24 17:07:18.982,10792,10793,10793,4
2019-07-24 17:07:19.082,10792,10793,10793,11
2019-07-24 17:07:19.083,10792,10793,10793,7
2019-07-24 17:07:19.208,10793,10794,10793,11
2019-07-24 17:07:33.304,10793,10794,10794,32
2019-07-24 17:07:33.365,10793,10795,10795,2
2019-07-24 17:07:33.409,10793,10795,10795,1
2019-07-24 17:07:33.489,10794,10795,10795,1
2019-07-24 17:07:33.502,10794,10795,10794,1
2019-07-24 17:07:33.510,10794,10795,10794,2
2019-07-24 17:07:33.520,10794,10795,10794,2
2019-07-24 17:07:33.530,10794,10795,10795,1
2019-07-24 17:07:33.539,10794,10795,10795,4
2019-07-24 17:07:33.566,10794,10795,10795,3
2019-07-24 17:07:33.690,10794,10795,10794,2
2019-07-24 17:07:35.975,10794,10795,10794,2
2019-07-24 17:07:41.116,10794,10795,10794,1
2019-07-24 17:07:41.482,10794,10795,10795,1
2019-07-24 17:07:46.096,10794,10795,10794,2
2019-07-24 17:07:49.104,10794,10795,10795,1
2019-07-24 17:07:52.003,10794,10795,10794,1
2019-07-24 17:07:53.058,10794,10795,10795,1
2019-07-24 17:07:55.503,10794,10795,10794,7
2019-07-24 17:07:55.719,10794,10795,10794,1
2019-07-24 17:08:00.936,10794,10795,10794,1
2019-07-24 17:08:14.385,10794,10795,10795,1
2019-07-24 17:08:15.412,10794,10795,10795,1
2019-07-24 17:08:20.204,10794,10795,10795,1
2019-07-24 17:08:23.309,10794,10795,10795,1
2019-07-24 17:08:28.211,10794,10795,10795,1
2019-07-24 17:08:29.455,10794,10795,10795,2
2019-07-24 17:08:32.304,10794,10795,10795,1
2019-07-24 17:08:36.189,10794,10795,10795,2
2019-07-24 17:08:36.336,10794,10795,10795,1
2019-07-24 17:08:36.784,10794,10795,10795,1
2019-07-24 17:08:39.127,10794,10795,10795,4
2019-07-24 17:08:43.419,10794,10795,10795,16
2019-07-24 17:08:43.614,10794,10795,10795,4
2019-07-24 17:08:45.441,10794,10795,10795,1
2019-07-24 17:08:59.566,10794,10795,10795,1
2019-07-24 17:09:02.866,10794,10795,10795,3
2019-07-24 17:09:07.632,10794,10795,10795,2
2019-07-24 17:09:15.219,10794,10795,10795,1
2019-07-24 17:09:24.612,10794,10795,10795,1
2019-07-24 17:09:27.225,10794,10795,10795,7
2019-07-24 17:09:29.843,10794,10795,10795,1
2019-07-24 17:09:34.928,10794,10795,10795,1
2019-07-24 17:09:35.389,10794,10795,10795,1
2019-07-24 17:09:36.366,10794,10795,10795,2
2019-07-24 17:09:53.632,10795,10796,10795,1
2019-07-24 17:09:54.377,10795,10796,10796,5
2019-07-24 17:09:54.485,10795,10796,10796,1
2019-07-24 17:09:54.542,10795,10796,10796,1
2019-07-24 17:09:55.189,10795,10796,10796,1
2019-07-24 17:09:55.827,10795,10796,10795,1
2019-07-24 17:10:01.001,10795,10796,10795,1
2019-07-24 17:10:09.996,10795,10796,10796,1
2019-07-24 17:10:11.394,10795,10796,10796,1
2019-07-24 17:10:18.254,10795,10796,10796,2
2019-07-24 17:10:24.427,10795,10796,10796,1
2019-07-24 17:10:30.771,10795,10796,10796,3
2019-07-24 17:10:36.219,10795,10796,10796,41
2019-07-24 17:10:42.811,10796,10797,10797,5
2019-07-24 17:10:42.863,10796,10797,10797,1
2019-07-24 17:10:42.882,10796,10797,10797,1
2019-07-24 17:10:53.137,10796,10797,10797,8
2019-07-24 17:10:53.225,10796,10797,10797,12
2019-07-24 17:10:56.413,10796,10797,10796,3
2019-07-24 17:10:59.273,10796,10797,10797,1
2019-07-24 17:10:59.283,10796,10797,10796,1
2019-07-24 17:11:00.994,10796,10797,10796,2
2019-07-24 17:11:07.697,10795,10796,10795,3
2019-07-24 17:11:13.510,10795,10796,10796,1
2019-07-24 17:11:29.321,10795,10796,10795,1
2019-07-24 17:12:05.761,10795,10796,10795,1
2019-07-24 17:12:30.848,10795,10796,10795,1
2019-07-24 17:12:32.791,10795,10796,10795,1
2019-07-24 17:12:32.807,10795,10796,10795,1
2019-07-24 17:12:37.080,10795,10796,10795,1
2019-07-24 17:12:40.310,10795,10796,10795,1
2019-07-24 17:13:07.530,10795,10796,10795,1
2019-07-24 17:13:28.275,10795,10796,10796,5
2019-07-24 17:13:32.948,10795,10796,10795,1
2019-07-24 17:13:40.220,10795,10796,10796,5
2019-07-24 17:13:41.378,10795,10796,10796,1
2019-07-24 17:13:48.334,10795,10796,10796,14
2019-07-24 17:13:59.020,10796,10797,10797,1
2019-07-24 17:14:03.325,10796,10797,10797,1
2019-07-24 17:14:08.708,10796,10797,10797,1
2019-07-24 17:14:14.306,10796,10797,10797,1
2019-07-24 17:14:30.885,10796,10797,10797,1
2019-07-24 17:14:50.463,10796,10797,10797,1
2019-07-24 17:15:03.694,10796,10797,10796,1
2019-07-24 17:15:03.707,10796,10797,10796,1
2019-07-24 17:15:03.833,10796,10797,10796,15
2019-07-24 17:15:03.962,10795,10797,10796,1
2019-07-24 17:15:03.974,10795,10797,10796,1
2019-07-24 17:15:04.375,10795,10796,10796,1
2019-07-24 17:15:04.775,10795,10796,10796,1
2019-07-24 17:15:20.602,10795,10796,10796,1
2019-07-24 17:15:22.308,10795,10796,10796,1
2019-07-24 17:15:42.000,10795,10796,10796,1
2019-07-24 17:15:45.937,10795,10796,10796,2
2019-07-24 17:15:46.296,10795,10796,10796,1
2019-07-24 17:15:53.724,10795,10796,10795,1
2019-07-24 17:16:04.583,10795,10796,10795,1
2019-07-24 17:16:06.277,10795,10796,10795,1
2019-07-24 17:16:09.255,10795,10796,10795,1
2019-07-24 17:16:12.549,10795,10796,10795,1
2019-07-24 17:16:38.681,10795,10796,10796,5
2019-07-24 17:16:41.094,10795,10796,10796,1
2019-07-24 17:16:43.708,10795,10796,10796,1
2019-07-24 17:16:48.289,10795,10796,10796,1
2019-07-24 17:16:48.510,10795,10796,10796,1
2019-07-24 17:16:48.871,10795,10796,10796,5
2019-07-24 17:16:51.348,10795,10796,10796,1
2019-07-24 17:16:52.793,10795,10796,10796,2
2019-07-24 17:16:52.832,10795,10796,10796,1
2019-07-24 17:16:52.832,10795,10796,10796,1
2019-07-24 17:16:52.957,10795,10796,10796,1
2019-07-24 17:16:53.229,10795,10796,10796,1
2019-07-24 17:16:54.427,10796,10797,10796,1
2019-07-24 17:16:59.601,10795,10796,10796,1
2019-07-24 17:17:01.325,10796,10797,10796,1
2019-07-24 17:17:03.151,10795,10796,10796,1
2019-07-24 17:17:09.205,10796,10797,10796,3
2019-07-24 17:17:25.395,10795,10796,10796,1
2019-07-24 17:17:39.498,10795,10796,10796,1
2019-07-24 17:18:36.833,10795,10796,10795,1
2019-07-24 17:18:42.806,10795,10796,10795,2
2019-07-24 17:18:43.884,10795,10796,10796,1
2019-07-24 17:19:47.579,10795,10796,10795,1
2019-07-24 17:20:20.436,10795,10796,10795,1
2019-07-24 17:20:45.449,10795,10796,10795,1
2019-07-24 17:21:07.802,10795,10796,10796,1
2019-07-24 17:21:42.110,10795,10796,10795,1
2019-07-24 17:22:26.111,10795,10796,10795,1
2019-07-24 17:22:37.720,10795,10796,10795,1
2019-07-24 17:23:00.138,10795,10796,10796,1
2019-07-24 17:23:00.608,10795,10796,10796,1
2019-07-24 17:23:27.359,10795,10796,10796,1
2019-07-24 17:23:27.543,10795,10796,10796,1
2019-07-24 17:23:27.860,10795,10796,10796,1
2019-07-24 17:23:28.077,10795,10796,10796,1
2019-07-24 17:23:28.492,10795,10796,10796,1
2019-07-24 17:23:28.857,10795,10796,10796,1
2019-07-24 17:23:29.337,10795,10796,10796,1
2019-07-24 17:23:29.682,10795,10796,10796,1
2019-07-24 17:23:30.184,10795,10796,10796,1
2019-07-24 17:23:30.422,10795,10796,10796,1
2019-07-24 17:23:32.882,10795,10796,10796,1
2019-07-24 17:23:33.119,10795,10796,10796,1
2019-07-24 17:23:34.101,10795,10796,10796,1
2019-07-24 17:23:34.237,10795,10796,10796,3
2019-07-24 17:23:34.237,10795,10796,10796,1
2019-07-24 17:23:34.237,10795,10796,10796,3
2019-07-24 17:23:34.332,10795,10796,10796,2
2019-07-24 17:23:34.345,10795,10796,10796,1
2019-07-24 17:23:34.457,10795,10796,10796,2
2019-07-24 17:23:34.831,10795,10796,10796,1
2019-07-24 17:23:35.112,10795,10796,10796,1
2019-07-24 17:23:35.207,10795,10796,10796,1
2019-07-24 17:23:38.429,10796,10797,10796,1
2019-07-24 17:23:41.712,10796,10797,10796,1
2019-07-24 17:23:41.886,10795,10797,10796,1
2019-07-24 17:23:41.925,10795,10797,10796,1
2019-07-24 17:23:55.503,10795,10796,10795,3
2019-07-24 17:24:23.948,10795,10796,10795,2
2019-07-24 17:24:24.387,10795,10796,10796,1
2019-07-24 17:24:24.420,10795,10796,10796,1
2019-07-24 17:24:45.512,10795,10796,10796,1
2019-07-24 17:25:03.720,10795,10796,10796,1
2019-07-24 17:25:04.048,10795,10796,10796,1
2019-07-24 17:25:30.512,10795,10796,10796,1
2019-07-24 17:25:30.895,10795,10796,10796,1
2019-07-24 17:25:31.281,10795,10796,10796,1
2019-07-24 17:25:31.583,10795,10796,10796,1
2019-07-24 17:25:31.953,10795,10796,10796,1
2019-07-24 17:25:32.591,10795,10796,10796,1
2019-07-24 17:25:33.265,10795,10796,10796,1
2019-07-24 17:25:38.951,10795,10796,10796,1
2019-07-24 17:25:41.993,10795,10796,10796,1
2019-07-24 17:25:53.787,10795,10796,10796,1
2019-07-24 17:26:10.065,10796,10797,10797,1
2019-07-24 17:26:10.735,10796,10797,10797,2
2019-07-24 17:26:10.863,10796,10797,10796,1
2019-07-24 17:26:20.598,10796,10797,10797,1
2019-07-24 17:26:39.709,10796,10797,10797,1
2019-07-24 17:27:18.728,10796,10797,10797,1
2019-07-24 17:27:27.226,10796,10797,10796,1
2019-07-24 17:27:29.559,10796,10797,10797,3
2019-07-24 17:27:48.105,10796,10797,10797,1
2019-07-24 17:28:44.726,10796,10797,10796,1
2019-07-24 17:29:06.625,10796,10797,10797,1
2019-07-24 17:29:15.695,10796,10797,10797,5
2019-07-24 17:29:35.966,10796,10797,10797,1
2019-07-24 17:29:38.133,10796,10797,10797,5
2019-07-24 17:29:46.107,10796,10797,10797,1
2019-07-24 17:30:03.459,10796,10797,10796,1
2019-07-24 17:30:03.582,10796,10797,10796,1
2019-07-24 17:30:03.810,10796,10797,10797,1
2019-07-24 17:30:04.039,10796,10797,10797,1
2019-07-24 17:30:04.044,10796,10797,10797,3
2019-07-24 17:30:04.044,10796,10797,10797,2
2019-07-24 17:30:04.133,10796,10797,10797,1
2019-07-24 17:30:04.235,10796,10797,10797,1
2019-07-24 17:30:04.299,10796,10797,10797,1
2019-07-24 17:30:04.370,10796,10797,10797,1
2019-07-24 17:30:04.390,10796,10797,10797,1
2019-07-24 17:30:04.395,10796,10797,10797,2
2019-07-24 17:30:04.396,10796,10797,10797,3
2019-07-24 17:30:04.505,10796,10797,10797,1
2019-07-24 17:30:04.806,10796,10797,10797,1
2019-07-24 17:30:04.812,10796,10797,10797,1
2019-07-24 17:31:00.527,10796,10797,10796,1
2019-07-24 17:31:00.551,10796,10797,10796,1
2019-07-24 17:31:00.573,10796,10797,10796,1
2019-07-24 17:31:00.582,10796,10797,10796,7
2019-07-24 17:31:00.582,10796,10797,10796,4
2019-07-24 17:31:00.596,10796,10797,10796,1
2019-07-24 17:31:00.614,10796,10797,10796,1
2019-07-24 17:31:00.707,10796,10797,10796,17
2019-07-24 17:31:00.707,10796,10797,10796,2
2019-07-24 17:31:00.707,10796,10797,10796,3
2019-07-24 17:31:00.707,10796,10797,10796,3
2019-07-24 17:31:00.707,10796,10797,10796,1
2019-07-24 17:31:00.707,10796,10797,10796,4
2019-07-24 17:31:18.545,10795,10796,10796,1
2019-07-24 17:31:28.332,10795,10796,10795,1
2019-07-24 17:31:28.582,10795,10796,10795,1
2019-07-24 17:31:28.707,10795,10796,10795,1
2019-07-24 17:31:38.137,10795,10796,10795,10
2019-07-24 17:31:39.010,10795,10796,10795,2
2019-07-24 17:31:39.629,10795,10796,10795,1
2019-07-24 17:31:58.983,10794,10795,10795,3
2019-07-24 17:32:35.064,10794,10795,10795,1
2019-07-24 17:32:45.569,10794,10795,10794,1
2019-07-24 17:33:09.834,10794,10795,10795,2
2019-07-24 17:33:46.144,10794,10795,10794,4
2019-07-24 17:34:07.430,10794,10795,10794,1
2019-07-24 17:34:27.942,10794,10795,10794,1
2019-07-24 17:34:31.273,10794,10795,10794,2
2019-07-24 17:34:31.511,10794,10795,10794,2
2019-07-24 17:34:31.746,10794,10795,10794,1
2019-07-24 17:34:31.832,10793,10794,10794,1
2019-07-24 17:34:32.067,10794,10795,10794,1
2019-07-24 17:34:32.166,10794,10795,10794,1
2019-07-24 17:34:48.369,10794,10795,10794,1
2019-07-24 17:34:55.950,10794,10795,10794,2
2019-07-24 17:35:07.045,10794,10795,10794,1
2019-07-24 17:35:15.829,10794,10795,10795,22
2019-07-24 17:35:42.561,10795,10796,10795,1
2019-07-24 17:36:08.570,10795,10796,10795,1
2019-07-24 17:36:29.161,10794,10795,10795,2
2019-07-24 17:37:00.097,10795,10796,10795,1
2019-07-24 17:37:12.551,10795,10796,10795,1
2019-07-24 17:38:52.270,10794,10795,10794,2
2019-07-24 17:38:52.332,10794,10795,10794,1
2019-07-24 17:38:52.382,10794,10795,10794,1
2019-07-24 17:39:15.156,10793,10794,10794,1
2019-07-24 17:39:15.228,10793,10794,10794,1
2019-07-24 17:39:20.968,10794,10795,10794,3
2019-07-24 17:39:20.968,10794,10795,10793,2
2019-07-24 17:39:21.182,10793,10795,10793,1
2019-07-24 17:39:44.171,10793,10794,10793,3
2019-07-24 17:39:45.662,10793,10794,10793,1
2019-07-24 17:39:49.515,10793,10794,10793,1
2019-07-24 17:39:57.775,10793,10794,10793,1
2019-07-24 17:40:02.444,10793,10794,10793,1
2019-07-24 17:40:11.080,10793,10794,10793,1
2019-07-24 17:40:42.821,10793,10794,10793,1
2019-07-24 17:40:45.571,10793,10794,10793,3
2019-07-24 17:40:54.421,10793,10794,10793,1
2019-07-24 17:41:38.397,10793,10794,10794,1
2019-07-24 17:42:29.743,10793,10794,10793,1
2019-07-24 17:42:33.175,10793,10794,10794,1
2019-07-24 17:43:27.695,10793,10794,10794,1
2019-07-24 17:43:31.754,10793,10794,10794,1
2019-07-24 17:43:31.832,10793,10794,10794,1
2019-07-24 17:43:42.017,10793,10794,10793,1
2019-07-24 17:43:44.344,10793,10794,10793,10
2019-07-24 17:43:44.370,10793,10794,10793,1
2019-07-24 17:43:44.370,10793,10794,10793,1
2019-07-24 17:44:00.141,10792,10793,10793,4
2019-07-24 17:44:02.937,10792,10793,10793,5
2019-07-24 17:44:08.023,10792,10793,10793,2
2019-07-24 17:44:13.253,10793,10794,10793,2
2019-07-24 17:44:20.095,10792,10793,10793,1
2019-07-24 17:44:22.441,10793,10794,10793,1
2019-07-24 17:44:50.710,10792,10793,10793,1
2019-07-24 17:45:59.582,10792,10793,10792,1
2019-07-24 17:45:59.707,10792,10793,10792,1
2019-07-24 17:45:59.729,10792,10793,10792,1
2019-07-24 17:45:59.832,10792,10793,10792,1
2019-07-24 17:45:59.832,10792,10793,10792,1
2019-07-24 17:46:00.038,10792,10793,10792,1
2019-07-24 17:46:04.507,10792,10793,10792,2
2019-07-24 17:46:10.124,10792,10793,10792,1
2019-07-24 17:46:19.718,10792,10793,10792,1
2019-07-24 17:46:29.877,10792,10793,10792,1
2019-07-24 17:46:31.541,10792,10793,10792,1
2019-07-24 17:46:33.127,10792,10793,10792,1
2019-07-24 17:46:33.662,10792,10793,10792,1
2019-07-24 17:46:33.663,10792,10793,10792,1
2019-07-24 17:46:33.664,10792,10793,10792,1
2019-07-24 17:46:33.673,10792,10793,10792,17
2019-07-24 17:46:33.915,10791,10792,10791,2
2019-07-24 17:46:34.026,10791,10792,10791,2
2019-07-24 17:46:34.276,10791,10792,10791,1
2019-07-24 17:46:38.217,10791,10792,10791,4
2019-07-24 17:46:41.765,10791,10792,10791,1
2019-07-24 17:46:42.071,10791,10792,10791,2
2019-07-24 17:46:42.258,10791,10792,10791,1
2019-07-24 17:46:43.617,10791,10792,10791,1
2019-07-24 17:46:43.940,10791,10792,10791,1
2019-07-24 17:46:46.117,10791,10792,10791,1
2019-07-24 17:46:56.339,10791,10792,10791,1
2019-07-24 17:46:56.812,10791,10792,10791,1
2019-07-24 17:47:08.116,10791,10792,10791,1
2019-07-24 17:47:25.921,10791,10792,10791,1
2019-07-24 17:47:35.184,10791,10792,10792,3
2019-07-24 17:47:35.186,10791,10792,10792,2
2019-07-24 17:47:35.186,10791,10792,10792,2
2019-07-24 17:47:35.186,10791,10792,10792,3
2019-07-24 17:47:35.186,10791,10792,10792,1
2019-07-24 17:47:35.186,10791,10792,10792,3
2019-07-24 17:47:35.186,10791,10792,10792,1
2019-07-24 17:47:36.367,10792,10793,10792,1
2019-07-24 17:48:04.919,10792,10793,10793,2
2019-07-24 17:48:04.957,10792,10793,10793,2
2019-07-24 17:48:16.024,10792,10793,10792,1
2019-07-24 17:48:19.091,10792,10793,10792,1
2019-07-24 17:48:29.223,10792,10793,10793,1
2019-07-24 17:48:29.310,10792,10793,10793,1
2019-07-24 17:48:29.316,10792,10793,10793,3
2019-07-24 17:48:29.332,10792,10793,10793,4
2019-07-24 17:48:29.382,10792,10793,10793,2
2019-07-24 17:48:29.383,10792,10793,10793,1
2019-07-24 17:48:29.433,10792,10793,10793,3
2019-07-24 17:48:40.511,10793,10794,10793,1
2019-07-24 17:48:47.882,10793,10794,10794,1
2019-07-24 17:48:48.543,10793,10794,10794,2
2019-07-24 17:49:02.173,10793,10794,10794,1
2019-07-24 17:49:49.583,10793,10794,10794,1
2019-07-24 17:49:58.725,10793,10794,10794,1
2019-07-24 17:50:37.924,10793,10794,10793,5
2019-07-24 17:50:59.877,10793,10794,10793,2
2019-07-24 17:51:12.199,10793,10794,10793,1
2019-07-24 17:51:41.982,10793,10794,10793,1
2019-07-24 17:51:44.802,10793,10794,10793,2
2019-07-24 17:51:44.832,10793,10794,10793,7
2019-07-24 17:51:45.568,10792,10793,10792,1
2019-07-24 17:51:55.150,10792,10793,10793,1
2019-07-24 17:51:55.207,10792,10793,10793,1
2019-07-24 17:51:55.373,10792,10793,10793,1
2019-07-24 17:52:45.392,10793,10794,10793,3
2019-07-24 17:52:58.169,10793,10794,10794,1
2019-07-24 17:53:54.780,10793,10794,10793,2
2019-07-24 17:53:55.335,10793,10794,10793,1
2019-07-24 17:54:13.926,10793,10794,10793,2
2019-07-24 17:54:14.162,10793,10794,10793,2
2019-07-24 17:54:28.505,10792,10793,10793,5
2019-07-24 17:54:37.305,10792,10793,10793,1
2019-07-24 17:54:49.072,10792,10793,10793,1
2019-07-24 17:54:53.148,10792,10793,10793,1
2019-07-24 17:55:21.667,10792,10793,10793,1
2019-07-24 17:55:30.881,10792,10793,10793,1
2019-07-24 17:55:43.589,10792,10793,10793,2
2019-07-24 17:55:58.803,10792,10793,10793,1
2019-07-24 17:56:26.076,10792,10793,10793,1
2019-07-24 17:56:26.082,10792,10793,10793,1
2019-07-24 17:56:34.475,10792,10793,10793,3
2019-07-24 17:56:35.513,10793,10794,10793,5
2019-07-24 17:56:52.166,10793,10794,10793,1
2019-07-24 17:57:18.980,10793,10794,10794,1
2019-07-24 17:57:28.174,10793,10794,10793,3
2019-07-24 17:57:56.771,10793,10794,10794,1
2019-07-24 17:58:12.207,10793,10794,10794,1
2019-07-24 17:58:12.207,10793,10794,10794,1
2019-07-24 17:58:12.208,10793,10794,10794,2
2019-07-24 17:58:12.210,10793,10794,10794,18
2019-07-24 17:58:31.958,10794,10795,10795,10
2019-07-24 17:58:32.812,10794,10795,10795,10
2019-07-24 17:58:34.268,10794,10796,10795,2
2019-07-24 17:58:34.553,10795,10796,10795,2
2019-07-24 17:58:41.287,10795,10796,10795,1
2019-07-24 17:58:49.437,10795,10796,10796,1
2019-07-24 17:59:01.039,10795,10796,10796,1
2019-07-24 17:59:04.484,10795,10796,10795,6
2019-07-24 17:59:21.588,10795,10796,10795,1
2019-07-24 17:59:31.273,10795,10796,10795,1
2019-07-24 17:59:33.622,10795,10796,10795,2
2019-07-24 18:00:45.905,10795,10796,10795,4
2019-07-24 18:00:45.910,10795,10796,10795,3
2019-07-24 18:00:45.910,10795,10796,10795,5
2019-07-24 18:00:45.913,10795,10796,10795,2
2019-07-24 18:00:45.919,10795,10796,10795,1
2019-07-24 18:00:45.919,10795,10796,10795,2
2019-07-24 18:00:45.919,10795,10796,10795,1
2019-07-24 18:00:45.919,10795,10796,10795,1
2019-07-24 18:00:45.919,10795,10796,10795,1
2019-07-24 18:00:45.919,10795,10796,10795,1
2019-07-24 18:00:45.919,10795,10796,10795,1
2019-07-24 18:00:45.919,10795,10796,10795,2
2019-07-24 18:00:46.366,10794,10795,10794,4
2019-07-24 18:00:47.140,10794,10795,10795,1
2019-07-24 18:00:47.199,10794,10795,10795,5
2019-07-24 18:00:47.229,10794,10796,10794,1
2019-07-24 18:00:48.155,10795,10796,10795,1
2019-07-24 18:00:48.644,10794,10795,10794,1
2019-07-24 18:01:05.378,10794,10795,10794,1
2019-07-24 18:01:09.691,10794,10795,10795,1
2019-07-24 18:01:36.708,10794,10795,10795,1
2019-07-24 18:02:02.864,10794,10795,10795,3
2019-07-24 18:02:02.865,10794,10795,10795,2
2019-07-24 18:02:02.865,10794,10795,10795,1
2019-07-24 18:02:02.865,10794,10795,10795,5
2019-07-24 18:02:09.989,10795,10796,10795,1
2019-07-24 18:02:30.636,10795,10796,10795,1
2019-07-24 18:02:41.006,10795,10796,10795,1
2019-07-24 18:02:49.700,10794,10795,10795,1
2019-07-24 18:03:02.176,10795,10796,10795,1
2019-07-24 18:03:50.227,10795,10796,10795,1
2019-07-24 18:03:51.981,10795,10796,10795,6
2019-07-24 18:04:11.762,10795,10796,10795,1
2019-07-24 18:04:25.769,10795,10796,10795,1
2019-07-24 18:04:29.763,10795,10796,10795,1
2019-07-24 18:05:24.714,10795,10796,10795,1
2019-07-24 18:05:24.832,10795,10796,10795,1
2019-07-24 18:05:27.064,10795,10796,10796,1
2019-07-24 18:05:38.887,10795,10796,10796,1
2019-07-24 18:05:56.656,10795,10796,10796,4
2019-07-24 18:06:10.739,10795,10796,10796,1
2019-07-24 18:06:21.084,10795,10796,10796,1
2019-07-24 18:06:21.084,10795,10796,10796,1
2019-07-24 18:06:21.085,10795,10796,10796,1
2019-07-24 18:07:08.258,10795,10796,10796,1
2019-07-24 18:07:53.829,10795,10796,10795,1
2019-07-24 18:08:31.248,10795,10796,10795,2
2019-07-24 18:08:31.248,10795,10796,10795,1
2019-07-24 18:08:31.248,10795,10796,10795,1
2019-07-24 18:08:31.332,10795,10796,10795,2
2019-07-24 18:08:34.247,10795,10796,10795,1
2019-07-24 18:09:02.447,10795,10796,10796,3
2019-07-24 18:09:36.339,10795,10796,10796,4
2019-07-24 18:09:36.457,10795,10796,10796,12
2019-07-24 18:09:41.339,10796,10797,10797,4
2019-07-24 18:09:41.457,10796,10797,10797,7
2019-07-24 18:09:41.551,10796,10797,10797,1
2019-07-24 18:09:41.562,10796,10797,10797,1
2019-07-24 18:09:41.710,10796,10797,10796,2
2019-07-24 18:10:14.832,10796,10797,10796,5
2019-07-24 18:10:59.345,10796,10797,10797,2
2019-07-24 18:11:01.566,10796,10797,10796,1
2019-07-24 18:11:38.265,10796,10797,10797,4
2019-07-24 18:11:38.265,10796,10797,10797,1
2019-07-24 18:11:38.266,10796,10797,10797,1
2019-07-24 18:11:53.110,10796,10797,10797,1
2019-07-24 18:11:53.310,10796,10797,10797,1
2019-07-24 18:11:59.438,10796,10797,10797,1
2019-07-24 18:12:02.789,10796,10797,10797,1
2019-07-24 18:12:13.483,10796,10797,10797,4
2019-07-24 18:12:32.862,10796,10797,10796,6
2019-07-24 18:12:32.955,10796,10797,10796,1
2019-07-24 18:12:48.195,10796,10797,10796,1
2019-07-24 18:13:17.578,10796,10797,10796,1
2019-07-24 18:13:57.207,10796,10797,10796,3
2019-07-24 18:14:00.617,10796,10797,10796,1
2019-07-24 18:14:03.006,10796,10797,10797,4
2019-07-24 18:14:26.519,10796,10797,10796,1
2019-07-24 18:14:39.966,10796,10797,10796,1
2019-07-24 18:15:03.210,10795,10796,10796,1
2019-07-24 18:16:02.229,10795,10796,10796,6
2019-07-24 18:16:04.099,10795,10796,10795,1
2019-07-24 18:16:15.327,10795,10796,10795,1
2019-07-24 18:18:27.735,10795,10796,10795,1
2019-07-24 18:18:33.840,10795,10796,10795,1
2019-07-24 18:19:00.357,10795,10796,10795,1
2019-07-24 18:19:36.331,10795,10796,10795,1
2019-07-24 18:19:41.823,10795,10796,10795,1
2019-07-24 18:20:02.034,10795,10796,10795,1
2019-07-24 18:20:08.254,10795,10796,10795,10
2019-07-24 18:20:34.605,10794,10795,10795,2
2019-07-24 18:20:37.193,10794,10795,10795,1
2019-07-24 18:20:40.276,10794,10795,10795,1
2019-07-24 18:21:42.201,10794,10795,10795,6
2019-07-24 18:21:42.207,10794,10795,10795,2
2019-07-24 18:21:42.207,10794,10795,10795,1
2019-07-24 18:22:05.745,10795,10796,10795,1
2019-07-24 18:22:09.827,10795,10796,10795,1
2019-07-24 18:22:15.325,10795,10796,10795,2
2019-07-24 18:22:15.332,10795,10796,10795,5
2019-07-24 18:23:46.707,10794,10795,10795,1
2019-07-24 18:23:50.981,10794,10795,10795,2
2019-07-24 18:24:31.503,10794,10795,10794,1
2019-07-24 18:24:44.349,10794,10795,10794,1
2019-07-24 18:24:47.815,10794,10795,10795,8
2019-07-24 18:25:10.606,10794,10795,10795,1
2019-07-24 18:25:32.301,10794,10795,10795,1
2019-07-24 18:25:38.188,10794,10795,10795,1
2019-07-24 18:25:38.192,10794,10795,10795,1
2019-07-24 18:25:38.440,10795,10796,10795,1
2019-07-24 18:25:44.433,10795,10796,10795,2
2019-07-24 18:25:48.598,10794,10795,10794,1
2019-07-24 18:25:54.437,10794,10795,10795,3
2019-07-24 18:25:59.971,10794,10795,10795,1
2019-07-24 18:26:20.403,10795,10796,10795,1
2019-07-24 18:28:01.459,10795,10796,10796,1
2019-07-24 18:28:01.459,10795,10796,10796,2
2019-07-24 18:28:17.386,10795,10796,10796,1
2019-07-24 18:28:25.945,10795,10796,10796,10
2019-07-24 18:29:04.099,10796,10797,10796,2
2019-07-24 18:29:04.699,10795,10796,10796,2
2019-07-24 18:29:12.922,10795,10797,10796,1
2019-07-24 18:30:11.740,10795,10796,10796,1
2019-07-24 18:30:21.320,10795,10796,10796,1
2019-07-24 18:30:25.875,10795,10796,10796,2
2019-07-24 18:30:36.551,10795,10796,10796,1
2019-07-24 18:30:57.083,10795,10796,10795,2
2019-07-24 18:30:57.207,10795,10796,10795,14
2019-07-24 18:30:57.332,10795,10796,10795,1
2019-07-24 18:30:57.332,10795,10796,10795,18
2019-07-24 18:30:57.332,10795,10796,10795,4
2019-07-24 18:30:57.332,10795,10796,10795,1
2019-07-24 18:30:57.332,10795,10796,10795,2
2019-07-24 18:31:08.557,10794,10795,10795,1
2019-07-24 18:31:17.385,10795,10796,10795,3
2019-07-24 18:31:17.721,10795,10796,10795,1
2019-07-24 18:31:23.582,10795,10796,10795,1
2019-07-24 18:32:28.386,10795,10796,10795,1
2019-07-24 18:33:11.989,10795,10796,10796,1
2019-07-24 18:33:18.124,10795,10796,10796,1
2019-07-24 18:33:18.281,10795,10796,10796,1
2019-07-24 18:33:19.133,10795,10796,10796,1
2019-07-24 18:34:06.713,10795,10796,10796,3
2019-07-24 18:34:44.823,10795,10796,10796,1
2019-07-24 18:36:33.505,10795,10796,10795,1
2019-07-24 18:36:37.887,10795,10796,10796,1
2019-07-24 18:36:44.116,10795,10796,10796,1
2019-07-24 18:36:52.670,10795,10796,10796,1
2019-07-24 18:36:52.707,10795,10796,10796,3
2019-07-24 18:37:26.689,10796,10797,10797,2
2019-07-24 18:37:26.862,10796,10797,10797,4
2019-07-24 18:37:26.932,10796,10797,10797,4
2019-07-24 18:37:26.991,10796,10797,10797,4
2019-07-24 18:37:26.999,10796,10797,10797,4
2019-07-24 18:37:27.037,10796,10797,10797,4
2019-07-24 18:37:27.067,10796,10797,10797,4
2019-07-24 18:37:27.092,10796,10797,10797,1
2019-07-24 18:37:27.092,10796,10797,10798,3
2019-07-24 18:37:27.181,10796,10797,10798,4
2019-07-24 18:37:27.210,10796,10798,10798,4
2019-07-24 18:37:27.263,10796,10798,10798,1
2019-07-24 18:37:27.280,10796,10798,10798,4
2019-07-24 18:37:27.317,10796,10798,10798,4
2019-07-24 18:37:27.397,10796,10798,10798,1
2019-07-24 18:37:27.545,10796,10798,10798,1
2019-07-24 18:37:27.666,10796,10798,10798,1
2019-07-24 18:37:27.687,10796,10798,10798,1
2019-07-24 18:37:27.696,10796,10798,10798,1
2019-07-24 18:37:27.831,10796,10798,10798,2
2019-07-24 18:37:28.500,10796,10798,10798,1
2019-07-24 18:37:35.780,10796,10798,10798,2
2019-07-24 18:37:56.592,10797,10798,10798,1
2019-07-24 18:37:59.056,10797,10798,10798,1
2019-07-24 18:38:07.059,10797,10798,10798,29
2019-07-24 18:38:07.059,10797,10798,10799,5
2019-07-24 18:38:08.500,10798,10799,10799,1
2019-07-24 18:38:08.600,10798,10799,10799,1
2019-07-24 18:38:14.609,10798,10799,10799,1
2019-07-24 18:38:17.110,10798,10799,10799,27
2019-07-24 18:38:17.213,10798,10799,10799,1
2019-07-24 18:38:18.851,10798,10799,10799,14
2019-07-24 18:38:20.572,10798,10799,10799,3
2019-07-24 18:38:26.127,10798,10799,10799,10
2019-07-24 18:38:26.388,10798,10799,10799,2
2019-07-24 18:38:31.900,10798,10799,10798,1
2019-07-24 18:38:37.855,10798,10799,10799,1
2019-07-24 18:38:39.787,10798,10799,10799,8
2019-07-24 18:38:40.425,10798,10799,10798,1
2019-07-24 18:38:40.679,10798,10799,10799,2
2019-07-24 18:39:01.406,10798,10799,10798,1
2019-07-24 18:39:01.521,10798,10799,10799,1
2019-07-24 18:39:02.470,10798,10799,10799,3
2019-07-24 18:39:03.908,10798,10799,10799,1
2019-07-24 18:39:12.526,10798,10799,10798,1
2019-07-24 18:39:21.714,10798,10799,10798,2
2019-07-24 18:39:25.547,10798,10799,10799,1
2019-07-24 18:39:28.445,10798,10799,10799,4
2019-07-24 18:39:42.784,10798,10799,10799,1
2019-07-24 18:39:42.784,10798,10799,10799,4
2019-07-24 18:39:45.736,10799,10800,10799,1
2019-07-24 18:39:55.127,10799,10800,10799,1
2019-07-24 18:39:58.880,10799,10800,10799,1
2019-07-24 18:40:08.038,10798,10800,10800,1
2019-07-24 18:40:08.113,10798,10800,10800,1
2019-07-24 18:40:08.117,10798,10800,10800,1
2019-07-24 18:40:08.197,10798,10800,10800,3
2019-07-24 18:40:08.230,10798,10800,10800,1
2019-07-24 18:40:08.377,10798,10800,10798,2
2019-07-24 18:40:08.730,10798,10800,10800,1
2019-07-24 18:40:08.751,10798,10800,10800,1
2019-07-24 18:40:09.553,10798,10799,10799,1
2019-07-24 18:40:10.285,10799,10800,10799,2
2019-07-24 18:40:13.891,10799,10800,10799,2
2019-07-24 18:40:17.999,10798,10799,10799,1
2019-07-24 18:40:34.032,10798,10799,10799,4
2019-07-24 18:40:35.668,10798,10799,10799,3
2019-07-24 18:40:36.494,10798,10799,10799,1
2019-07-24 18:40:39.258,10798,10799,10799,1
2019-07-24 18:41:26.901,10798,10799,10798,2
2019-07-24 18:41:27.068,10798,10799,10798,2
2019-07-24 18:41:54.436,10798,10799,10798,5
2019-07-24 18:41:59.363,10798,10799,10798,2
2019-07-24 18:42:13.816,10798,10799,10798,1
2019-07-24 18:42:13.822,10798,10799,10798,1
2019-07-24 18:42:13.824,10798,10799,10798,1
2019-07-24 18:42:36.535,10797,10798,10797,1
2019-07-24 18:43:10.482,10797,10798,10798,2
2019-07-24 18:43:12.787,10797,10798,10798,1
2019-07-24 18:43:27.767,10797,10798,10798,1
2019-07-24 18:43:28.703,10797,10798,10798,3
2019-07-24 18:43:35.217,10798,10799,10798,1
2019-07-24 18:43:37.823,10798,10799,10798,2
2019-07-24 18:44:22.079,10798,10799,10798,1
2019-07-24 18:44:31.975,10798,10799,10798,1
2019-07-24 18:44:37.994,10798,10799,10799,2
2019-07-24 18:45:08.458,10798,10799,10799,4
2019-07-24 18:45:08.582,10798,10799,10799,13
2019-07-24 18:45:09.602,10799,10800,10800,4
2019-07-24 18:45:09.834,10799,10800,10800,4
2019-07-24 18:45:21.471,10799,10800,10799,1
2019-07-24 18:45:21.688,10798,10800,10799,1
2019-07-24 18:45:23.653,10798,10799,10799,1
2019-07-24 18:45:23.751,10798,10799,10799,2
2019-07-24 18:45:23.751,10798,10799,10800,18
2019-07-24 18:45:23.815,10798,10799,10798,1
2019-07-24 18:45:25.219,10798,10799,10799,1
2019-07-24 18:45:25.219,10798,10799,10799,1
2019-07-24 18:45:25.704,10799,10800,10799,1
2019-07-24 18:45:31.687,10799,10800,10799,2
2019-07-24 18:45:49.154,10799,10800,10800,2
2019-07-24 18:45:51.844,10799,10800,10800,2
2019-07-24 18:45:55.580,10799,10800,10800,5
2019-07-24 18:46:00.883,10799,10800,10800,4
2019-07-24 18:46:04.169,10799,10800,10800,1
2019-07-24 18:46:10.356,10799,10800,10800,1
2019-07-24 18:46:11.968,10799,10800,10800,1
2019-07-24 18:46:26.743,10799,10800,10800,3
2019-07-24 18:46:31.741,10799,10800,10800,1
2019-07-24 18:46:48.694,10799,10800,10800,1
2019-07-24 18:46:51.001,10799,10800,10800,1
