2021-12-21 15:00:00.038,17808,17809,17812,149,149
2021-12-21 15:00:00.203,17811,17812,17812,3,3
2021-12-21 15:00:00.313,17811,17813,17813,4,4
2021-12-21 15:00:00.400,17811,17813,17811,2,-2
2021-12-21 15:00:00.406,17811,17813,17812,1,1
2021-12-21 15:00:00.439,17811,17813,17811,7,-7
2021-12-21 15:00:00.439,17811,17813,17810,1,-1
2021-12-21 15:00:00.445,17811,17813,17813,2,2
2021-12-21 15:00:00.480,17811,17813,17813,4,4
2021-12-21 15:00:00.528,17811,17814,17814,2,2
2021-12-21 15:00:00.591,17811,17814,17813,1,1
2021-12-21 15:00:00.607,17811,17814,17814,3,3
2021-12-21 15:00:00.636,17811,17814,17811,2,-2
2021-12-21 15:00:00.785,17812,17814,17812,2,-2
2021-12-21 15:00:00.803,17812,17814,17814,6,6
2021-12-21 15:00:00.804,17812,17814,17814,1,1
2021-12-21 15:00:00.805,17812,17814,17812,2,-2
2021-12-21 15:00:00.839,17812,17814,17815,1,1
2021-12-21 15:00:00.902,17812,17813,17812,6,-6
2021-12-21 15:00:00.909,17812,17813,17812,1,-1
2021-12-21 15:00:00.983,17812,17813,17813,4,4
2021-12-21 15:00:00.983,17812,17813,17814,2,2
2021-12-21 15:00:01.146,17811,17813,17813,1,1
2021-12-21 15:00:01.150,17811,17813,17811,1,-1
2021-12-21 15:00:01.151,17811,17813,17810,8,-8
2021-12-21 15:00:01.151,17811,17813,17810,1,-1
2021-12-21 15:00:01.151,17811,17813,17809,14,-14
2021-12-21 15:00:01.160,17811,17813,17811,1,-1
2021-12-21 15:00:01.160,17811,17813,17812,1,1
2021-12-21 15:00:01.160,17811,17813,17811,2,-2
2021-12-21 15:00:01.172,17811,17813,17813,1,1
2021-12-21 15:00:01.228,17811,17813,17812,1,1
2021-12-21 15:00:01.228,17811,17813,17813,1,1
2021-12-21 15:00:01.241,17811,17813,17812,1,1
2021-12-21 15:00:01.241,17811,17813,17814,3,3
2021-12-21 15:00:01.268,17810,17813,17813,1,1
2021-12-21 15:00:01.268,17810,17813,17815,1,1
2021-12-21 15:00:01.280,17810,17813,17811,1,-1
2021-12-21 15:00:01.285,17810,17813,17812,1,1
2021-12-21 15:00:01.417,17810,17813,17813,2,2
2021-12-21 15:00:01.451,17810,17813,17811,1,-1
2021-12-21 15:00:01.619,17810,17813,17812,2,2
2021-12-21 15:00:01.637,17810,17813,17810,2,-2
2021-12-21 15:00:01.766,17809,17812,17812,1,1
2021-12-21 15:00:01.860,17809,17812,17812,1,1
2021-12-21 15:00:01.972,17810,17812,17813,1,1
2021-12-21 15:00:02.296,17811,17812,17812,1,1
2021-12-21 15:00:02.362,17811,17812,17811,1,-1
2021-12-21 15:00:02.363,17811,17812,17810,14,-14
2021-12-21 15:00:02.368,17811,17812,17810,1,-1
2021-12-21 15:00:02.368,17811,17812,17811,2,-2
2021-12-21 15:00:02.368,17811,17812,17812,2,2
2021-12-21 15:00:02.801,17810,17812,17810,1,-1
2021-12-21 15:00:02.802,17810,17812,17809,4,-4
2021-12-21 15:00:03.628,17809,17811,17811,2,2
2021-12-21 15:00:03.628,17809,17811,17812,1,1
2021-12-21 15:00:03.679,17809,17811,17809,1,-1
2021-12-21 15:00:04.805,17809,17811,17811,1,1
2021-12-21 15:00:04.868,17809,17811,17812,1,1
2021-12-21 15:00:05.240,17810,17812,17810,1,-1
2021-12-21 15:00:05.241,17810,17812,17809,5,-5
2021-12-21 15:00:05.280,17809,17810,17809,4,-4
2021-12-21 15:00:05.319,17809,17810,17809,1,-1
2021-12-21 15:00:05.319,17809,17810,17810,1,1
2021-12-21 15:00:05.320,17809,17810,17810,1,1
2021-12-21 15:00:05.320,17809,17810,17809,3,-3
2021-12-21 15:00:07.853,17809,17810,17809,1,-1
2021-12-21 15:00:07.853,17809,17810,17808,3,-3
2021-12-21 15:00:08.222,17808,17810,17810,1,1
2021-12-21 15:00:08.281,17808,17811,17811,1,1
2021-12-21 15:00:09.609,17809,17810,17809,1,-1
2021-12-21 15:00:09.609,17809,17810,17808,2,-2
2021-12-21 15:00:10.339,17808,17810,17810,1,1
2021-12-21 15:00:12.872,17808,17810,17809,1,1
2021-12-21 15:00:12.951,17808,17810,17808,1,-1
2021-12-21 15:00:13.711,17809,17810,17809,1,-1
2021-12-21 15:00:14.803,17808,17810,17810,1,1
2021-12-21 15:00:15.784,17808,17810,17810,1,1
2021-12-21 15:00:15.930,17808,17810,17810,2,2
2021-12-21 15:00:16.036,17809,17811,17811,2,2
2021-12-21 15:00:16.613,17809,17811,17809,1,-1
2021-12-21 15:00:16.775,17809,17811,17809,1,-1
2021-12-21 15:00:17.334,17810,17811,17810,1,-1
2021-12-21 15:00:17.340,17810,17811,17810,1,-1
2021-12-21 15:00:19.482,17810,17811,17810,1,-1
2021-12-21 15:00:20.013,17810,17811,17811,1,1
2021-12-21 15:00:20.741,17810,17811,17811,1,1
2021-12-21 15:00:21.077,17810,17812,17810,1,-1
2021-12-21 15:00:22.098,17810,17812,17810,1,-1
2021-12-21 15:00:23.341,17810,17811,17810,1,-1
2021-12-21 15:00:24.441,17809,17810,17809,1,-1
2021-12-21 15:00:24.469,17809,17810,17810,1,1
2021-12-21 15:00:26.205,17809,17810,17809,1,-1
2021-12-21 15:00:26.921,17809,17810,17809,1,-1
2021-12-21 15:00:27.237,17809,17810,17810,1,1
2021-12-21 15:00:28.035,17809,17810,17810,5,5
2021-12-21 15:00:29.128,17809,17810,17809,1,-1
2021-12-21 15:00:30.089,17808,17809,17809,1,1
2021-12-21 15:00:30.137,17808,17809,17809,1,1
2021-12-21 15:00:30.855,17808,17810,17810,1,1
2021-12-21 15:00:30.949,17808,17810,17810,1,1
2021-12-21 15:00:32.703,17809,17810,17809,2,-2
2021-12-21 15:00:32.725,17809,17810,17809,1,-1
2021-12-21 15:00:32.936,17808,17809,17808,1,-1
2021-12-21 15:00:33.006,17808,17809,17808,1,-1
2021-12-21 15:00:33.479,17808,17809,17809,1,1
2021-12-21 15:00:33.479,17808,17809,17810,4,4
2021-12-21 15:00:33.480,17808,17809,17810,5,5
2021-12-21 15:00:33.881,17808,17810,17810,1,1
2021-12-21 15:00:34.144,17808,17810,17810,1,1
2021-12-21 15:00:34.637,17810,17811,17810,5,-5
2021-12-21 15:00:36.024,17810,17811,17810,1,-1
2021-12-21 15:00:36.536,17810,17811,17810,1,-1
2021-12-21 15:00:36.906,17810,17811,17810,1,-1
2021-12-21 15:00:37.182,17810,17811,17810,1,-1
2021-12-21 15:00:38.516,17809,17810,17810,1,1
2021-12-21 15:00:38.972,17809,17810,17809,1,-1
2021-12-21 15:00:39.041,17809,17810,17809,1,-1
2021-12-21 15:00:39.823,17809,17810,17809,2,-2
2021-12-21 15:00:39.823,17809,17810,17808,3,-3
2021-12-21 15:00:41.088,17808,17810,17808,1,-1
2021-12-21 15:00:43.746,17808,17810,17808,2,-2
2021-12-21 15:00:44.292,17808,17809,17809,1,1
2021-12-21 15:00:45.295,17809,17810,17809,1,-1
2021-12-21 15:00:46.927,17809,17810,17809,1,-1
2021-12-21 15:00:53.155,17809,17810,17810,4,4
2021-12-21 15:00:53.155,17809,17810,17810,2,2
2021-12-21 15:00:53.156,17809,17810,17810,1,1
2021-12-21 15:00:55.796,17809,17811,17809,1,-1
2021-12-21 15:00:58.415,17809,17810,17809,2,-2
2021-12-21 15:00:58.807,17809,17810,17810,1,1
2021-12-21 15:00:58.831,17809,17810,17809,1,-1
2021-12-21 15:00:59.880,17809,17810,17810,1,1
2021-12-21 15:00:59.880,17809,17810,17811,1,1
2021-12-21 15:00:59.995,17809,17811,17811,1,1
2021-12-21 15:01:00.032,17809,17811,17809,1,-1
2021-12-21 15:01:00.037,17809,17811,17809,1,-1
2021-12-21 15:01:00.116,17809,17811,17810,1,1
2021-12-21 15:01:00.122,17809,17811,17811,1,1
2021-12-21 15:01:00.123,17809,17811,17811,1,1
2021-12-21 15:01:00.123,17809,17811,17811,1,1
2021-12-21 15:01:00.350,17809,17811,17811,2,2
2021-12-21 15:01:01.034,17810,17811,17810,1,-1
2021-12-21 15:01:01.364,17809,17811,17811,1,1
2021-12-21 15:01:02.562,17810,17811,17810,1,-1
2021-12-21 15:01:06.921,17809,17810,17809,1,-1
2021-12-21 15:01:08.871,17809,17810,17809,1,-1
2021-12-21 15:01:09.879,17809,17810,17809,1,-1
2021-12-21 15:01:09.968,17809,17810,17810,1,1
2021-12-21 15:01:09.969,17809,17810,17810,1,1
2021-12-21 15:01:14.252,17809,17810,17809,1,-1
2021-12-21 15:01:14.268,17809,17810,17809,1,-1
2021-12-21 15:01:16.619,17809,17810,17809,2,-2
2021-12-21 15:01:19.936,17809,17810,17809,1,-1
2021-12-21 15:01:20.142,17809,17810,17809,1,-1
2021-12-21 15:01:20.271,17808,17810,17808,5,-5
2021-12-21 15:01:20.899,17808,17809,17809,1,1
2021-12-21 15:01:21.187,17808,17809,17809,3,3
2021-12-21 15:01:21.310,17809,17810,17810,1,1
2021-12-21 15:01:23.383,17809,17810,17809,1,-1
2021-12-21 15:01:24.785,17809,17810,17810,1,1
2021-12-21 15:01:27.902,17809,17810,17810,1,1
2021-12-21 15:01:27.902,17809,17810,17810,2,2
2021-12-21 15:01:27.902,17809,17810,17810,1,1
2021-12-21 15:01:27.902,17809,17810,17810,1,1
2021-12-21 15:01:28.376,17810,17811,17810,1,-1
2021-12-21 15:01:28.704,17809,17811,17811,1,1
2021-12-21 15:01:30.342,17810,17811,17810,1,-1
2021-12-21 15:01:30.958,17810,17811,17810,1,-1
2021-12-21 15:01:31.095,17809,17810,17810,2,2
2021-12-21 15:01:35.254,17810,17811,17811,1,1
2021-12-21 15:01:35.285,17810,17811,17811,1,1
2021-12-21 15:01:35.286,17810,17811,17811,2,2
2021-12-21 15:01:35.286,17810,17811,17811,4,4
2021-12-21 15:01:37.322,17811,17812,17812,1,1
2021-12-21 15:01:37.354,17811,17812,17812,1,1
2021-12-21 15:01:37.422,17811,17812,17812,1,1
2021-12-21 15:01:37.625,17811,17812,17812,2,2
2021-12-21 15:01:37.625,17811,17812,17813,3,3
2021-12-21 15:01:38.203,17811,17812,17812,1,1
2021-12-21 15:01:38.203,17811,17812,17813,1,1
2021-12-21 15:01:38.693,17811,17812,17812,1,1
2021-12-21 15:01:38.729,17811,17812,17813,1,1
2021-12-21 15:01:39.774,17812,17813,17813,1,1
2021-12-21 15:01:40.552,17812,17813,17812,1,-1
2021-12-21 15:01:40.763,17812,17813,17812,2,-2
2021-12-21 15:01:41.688,17811,17812,17812,1,1
2021-12-21 15:01:44.210,17811,17812,17812,3,3
2021-12-21 15:01:46.766,17811,17812,17812,1,1
2021-12-21 15:01:49.362,17811,17812,17812,1,1
2021-12-21 15:01:49.486,17811,17812,17812,1,1
2021-12-21 15:01:50.066,17811,17812,17811,1,-1
2021-12-21 15:01:50.086,17811,17812,17812,1,1
2021-12-21 15:01:51.091,17811,17812,17812,3,3
2021-12-21 15:01:51.092,17811,17812,17812,2,2
2021-12-21 15:01:52.571,17811,17812,17812,1,1
2021-12-21 15:01:53.968,17811,17812,17812,2,2
2021-12-21 15:01:53.968,17811,17812,17811,7,-7
2021-12-21 15:01:55.309,17810,17811,17811,1,1
2021-12-21 15:01:55.510,17810,17811,17811,1,1
2021-12-21 15:01:58.053,17810,17811,17811,1,1
2021-12-21 15:01:59.617,17810,17811,17811,1,1
2021-12-21 15:02:00.718,17810,17811,17811,3,3
2021-12-21 15:02:01.691,17810,17811,17811,1,1
2021-12-21 15:02:01.928,17810,17811,17811,1,1
2021-12-21 15:02:02.553,17810,17811,17811,3,3
2021-12-21 15:02:03.273,17811,17812,17812,1,1
2021-12-21 15:02:04.718,17810,17811,17811,1,1
2021-12-21 15:02:04.828,17810,17811,17811,1,1
2021-12-21 15:02:10.015,17811,17812,17811,1,-1
2021-12-21 15:02:11.093,17811,17812,17811,2,-2
2021-12-21 15:02:12.482,17810,17812,17812,2,2
2021-12-21 15:02:13.541,17811,17812,17811,1,-1
2021-12-21 15:02:19.006,17811,17812,17811,1,-1
2021-12-21 15:02:19.006,17811,17812,17811,5,-5
2021-12-21 15:02:19.006,17811,17812,17811,3,-3
2021-12-21 15:02:20.553,17811,17812,17811,3,-3
2021-12-21 15:02:24.549,17810,17811,17811,1,1
2021-12-21 15:02:25.215,17810,17811,17811,1,1
2021-12-21 15:02:25.623,17810,17811,17811,3,3
2021-12-21 15:02:26.529,17810,17811,17810,6,-6
2021-12-21 15:02:26.529,17810,17811,17810,1,-1
2021-12-21 15:02:26.530,17810,17811,17810,9,-9
2021-12-21 15:02:26.535,17810,17811,17809,3,-3
2021-12-21 15:02:26.692,17808,17810,17808,1,-1
2021-12-21 15:02:28.636,17808,17809,17808,1,-1
2021-12-21 15:02:29.905,17808,17809,17809,1,1
2021-12-21 15:02:31.164,17808,17809,17808,1,-1
2021-12-21 15:02:32.008,17808,17809,17808,2,-2
2021-12-21 15:02:33.199,17807,17808,17807,1,-1
2021-12-21 15:02:33.480,17807,17808,17808,1,1
2021-12-21 15:02:34.453,17807,17808,17808,1,1
2021-12-21 15:02:35.752,17807,17808,17807,1,-1
2021-12-21 15:02:35.896,17807,17808,17807,4,-4
2021-12-21 15:02:36.307,17806,17807,17807,1,1
2021-12-21 15:02:36.337,17806,17807,17807,1,1
2021-12-21 15:02:38.947,17807,17808,17807,1,-1
2021-12-21 15:02:39.400,17806,17808,17806,1,-1
2021-12-21 15:02:39.538,17806,17808,17808,2,2
2021-12-21 15:02:42.605,17806,17808,17808,2,2
2021-12-21 15:02:42.605,17806,17808,17809,4,4
2021-12-21 15:02:46.094,17807,17808,17807,4,-4
2021-12-21 15:02:46.306,17806,17807,17807,1,1
2021-12-21 15:02:46.309,17806,17807,17807,1,1
2021-12-21 15:02:46.321,17806,17807,17807,1,1
2021-12-21 15:02:49.131,17806,17807,17807,1,1
2021-12-21 15:02:49.322,17806,17807,17807,1,1
2021-12-21 15:02:49.338,17806,17807,17807,1,1
2021-12-21 15:02:50.330,17807,17808,17807,1,-1
2021-12-21 15:02:51.319,17807,17808,17807,4,-4
2021-12-21 15:02:51.319,17807,17808,17806,13,-13
2021-12-21 15:02:51.319,17807,17808,17805,9,-9
2021-12-21 15:02:51.320,17807,17808,17805,6,-6
2021-12-21 15:02:51.536,17804,17805,17805,3,3
2021-12-21 15:02:52.735,17804,17805,17805,2,2
2021-12-21 15:02:53.118,17804,17805,17805,1,1
2021-12-21 15:02:53.834,17804,17805,17805,1,1
2021-12-21 15:02:55.904,17804,17805,17805,1,1
2021-12-21 15:02:57.861,17804,17805,17804,2,-2
2021-12-21 15:02:59.525,17804,17805,17804,1,-1
2021-12-21 15:02:59.717,17804,17805,17805,1,1
2021-12-21 15:03:00.069,17804,17805,17804,1,-1
2021-12-21 15:03:00.106,17804,17805,17804,2,-2
2021-12-21 15:03:00.528,17804,17805,17804,2,-2
2021-12-21 15:03:00.575,17804,17805,17804,1,-1
2021-12-21 15:03:00.664,17804,17805,17804,2,-2
2021-12-21 15:03:00.879,17803,17805,17803,1,-1
2021-12-21 15:03:00.908,17803,17805,17803,5,-5
2021-12-21 15:03:00.908,17803,17805,17802,6,-6
2021-12-21 15:03:00.908,17803,17805,17801,1,-1
2021-12-21 15:03:00.920,17803,17805,17802,1,-1
2021-12-21 15:03:01.595,17801,17802,17802,1,1
2021-12-21 15:03:02.079,17802,17804,17804,1,1
2021-12-21 15:03:02.216,17802,17804,17804,1,1
2021-12-21 15:03:02.601,17802,17804,17802,1,-1
2021-12-21 15:03:04.955,17803,17804,17803,2,-2
2021-12-21 15:03:09.798,17803,17804,17803,1,-1
2021-12-21 15:03:09.978,17803,17804,17804,1,1
2021-12-21 15:03:10.909,17803,17804,17804,1,1
2021-12-21 15:03:15.081,17803,17804,17803,1,-1
2021-12-21 15:03:15.206,17803,17804,17803,1,-1
2021-12-21 15:03:16.129,17803,17804,17804,2,2
2021-12-21 15:03:17.962,17803,17804,17804,1,1
2021-12-21 15:03:18.345,17803,17805,17805,1,1
2021-12-21 15:03:22.354,17804,17805,17805,9,9
2021-12-21 15:03:22.355,17804,17805,17806,1,1
2021-12-21 15:03:26.047,17805,17807,17807,1,1
2021-12-21 15:03:35.205,17806,17807,17806,2,-2
2021-12-21 15:03:40.515,17805,17806,17805,1,-1
2021-12-21 15:03:40.776,17805,17806,17806,5,5
2021-12-21 15:03:42.681,17805,17806,17806,2,2
2021-12-21 15:03:43.280,17806,17807,17807,1,1
2021-12-21 15:03:45.283,17806,17807,17806,3,-3
2021-12-21 15:03:45.283,17806,17807,17806,1,-1
2021-12-21 15:03:45.283,17806,17807,17806,2,-2
2021-12-21 15:03:45.283,17806,17807,17806,1,-1
2021-12-21 15:03:45.283,17806,17807,17806,1,-1
2021-12-21 15:03:45.283,17806,17807,17806,1,-1
2021-12-21 15:03:45.283,17806,17807,17806,4,-4
2021-12-21 15:03:45.456,17804,17806,17806,2,2
2021-12-21 15:03:45.953,17804,17806,17804,2,-2
2021-12-21 15:03:49.452,17805,17806,17805,1,-1
2021-12-21 15:03:54.357,17805,17806,17805,2,-2
2021-12-21 15:03:57.263,17805,17806,17805,2,-2
2021-12-21 15:03:59.012,17805,17806,17806,3,3
2021-12-21 15:03:59.012,17805,17806,17807,2,2
2021-12-21 15:03:59.661,17805,17807,17805,1,-1
2021-12-21 15:04:01.378,17805,17806,17805,11,-11
2021-12-21 15:04:05.395,17805,17806,17805,1,-1
2021-12-21 15:04:07.167,17805,17806,17805,15,-15
2021-12-21 15:04:07.379,17804,17805,17805,1,1
2021-12-21 15:04:07.996,17804,17805,17804,1,-1
2021-12-21 15:04:09.278,17804,17806,17806,2,2
2021-12-21 15:04:10.007,17805,17806,17805,1,-1
2021-12-21 15:04:10.970,17805,17806,17805,1,-1
2021-12-21 15:04:12.273,17805,17806,17805,1,-1
2021-12-21 15:04:13.706,17805,17806,17805,12,-12
2021-12-21 15:04:16.192,17804,17805,17805,2,2
2021-12-21 15:04:16.840,17804,17805,17805,1,1
2021-12-21 15:04:17.061,17804,17805,17804,5,-5
2021-12-21 15:04:17.094,17804,17805,17805,2,2
2021-12-21 15:04:17.094,17804,17805,17805,1,1
2021-12-21 15:04:20.522,17805,17806,17805,6,-6
2021-12-21 15:04:20.618,17805,17806,17806,5,5
2021-12-21 15:04:30.718,17806,17807,17807,1,1
2021-12-21 15:04:31.551,17806,17807,17806,1,-1
2021-12-21 15:04:31.865,17806,17807,17806,1,-1
2021-12-21 15:04:40.070,17806,17807,17807,1,1
2021-12-21 15:04:40.070,17806,17807,17807,1,1
2021-12-21 15:04:40.070,17806,17807,17807,1,1
2021-12-21 15:04:40.070,17806,17807,17807,1,1
2021-12-21 15:04:40.070,17806,17807,17807,1,1
2021-12-21 15:04:47.228,17807,17808,17807,1,-1
2021-12-21 15:04:51.541,17807,17808,17807,1,-1
2021-12-21 15:05:00.769,17806,17807,17806,1,-1
2021-12-21 15:05:03.846,17805,17806,17805,9,-9
2021-12-21 15:05:03.892,17804,17805,17805,2,2
2021-12-21 15:05:03.892,17804,17805,17806,3,3
2021-12-21 15:05:05.951,17804,17805,17805,1,1
2021-12-21 15:05:08.910,17805,17806,17805,1,-1
2021-12-21 15:05:09.385,17805,17806,17806,1,1
2021-12-21 15:05:13.762,17805,17806,17806,3,3
2021-12-21 15:05:13.762,17805,17806,17807,2,2
2021-12-21 15:05:15.522,17806,17807,17806,1,-1
2021-12-21 15:05:19.024,17805,17806,17806,1,1
2021-12-21 15:05:21.276,17805,17807,17807,5,5
2021-12-21 15:05:22.001,17805,17807,17807,1,1
2021-12-21 15:05:33.245,17806,17807,17806,1,-1
2021-12-21 15:05:33.492,17805,17807,17807,5,5
2021-12-21 15:05:38.732,17805,17807,17807,1,1
2021-12-21 15:05:43.149,17805,17807,17806,1,1
2021-12-21 15:05:48.204,17805,17807,17807,3,3
2021-12-21 15:05:48.204,17805,17807,17808,2,2
2021-12-21 15:06:00.529,17806,17807,17806,3,-3
2021-12-21 15:06:01.160,17806,17807,17806,5,-5
2021-12-21 15:06:01.160,17806,17807,17805,1,-1
2021-12-21 15:06:01.171,17806,17807,17807,1,1
2021-12-21 15:06:01.171,17806,17807,17808,4,4
2021-12-21 15:06:08.900,17806,17808,17808,1,1
2021-12-21 15:06:19.615,17807,17808,17808,1,1
2021-12-21 15:06:19.615,17807,17808,17808,1,1
2021-12-21 15:06:19.616,17807,17808,17808,1,1
2021-12-21 15:06:34.930,17808,17809,17809,1,1
2021-12-21 15:06:34.930,17808,17809,17809,1,1
2021-12-21 15:06:34.930,17808,17809,17809,1,1
2021-12-21 15:06:34.930,17808,17809,17809,3,3
2021-12-21 15:06:34.930,17808,17809,17809,1,1
2021-12-21 15:06:34.930,17808,17809,17809,1,1
2021-12-21 15:06:34.930,17808,17809,17809,1,1
2021-12-21 15:06:36.402,17808,17809,17809,1,1
2021-12-21 15:06:36.402,17808,17809,17809,1,1
2021-12-21 15:06:38.654,17808,17810,17810,1,1
2021-12-21 15:06:38.992,17808,17810,17810,1,1
2021-12-21 15:06:49.582,17808,17809,17809,1,1
2021-12-21 15:06:50.825,17809,17810,17810,1,1
2021-12-21 15:06:51.176,17809,17810,17810,1,1
2021-12-21 15:06:52.208,17809,17810,17810,1,1
2021-12-21 15:06:52.672,17809,17810,17809,1,-1
2021-12-21 15:06:54.943,17809,17810,17809,2,-2
2021-12-21 15:06:54.943,17809,17810,17809,1,-1
2021-12-21 15:06:54.943,17809,17810,17809,1,-1
2021-12-21 15:06:56.591,17808,17809,17808,1,-1
2021-12-21 15:06:59.954,17808,17809,17809,1,1
2021-12-21 15:06:59.975,17808,17809,17809,1,1
2021-12-21 15:07:00.211,17808,17809,17808,4,-4
2021-12-21 15:07:03.446,17807,17808,17807,1,-1
2021-12-21 15:07:06.124,17807,17808,17808,2,2
2021-12-21 15:07:15.283,17807,17809,17807,2,-2
2021-12-21 15:07:20.510,17807,17808,17807,2,-2
2021-12-21 15:07:33.263,17807,17808,17807,2,-2
2021-12-21 15:07:33.263,17807,17808,17806,2,-2
2021-12-21 15:07:38.307,17807,17808,17807,2,-2
2021-12-21 15:07:56.035,17807,17808,17808,1,1
2021-12-21 15:07:56.035,17807,17808,17808,1,1
2021-12-21 15:07:59.493,17807,17809,17808,1,1
2021-12-21 15:08:00.046,17808,17809,17808,1,-1
2021-12-21 15:08:00.562,17808,17809,17808,1,-1
2021-12-21 15:08:05.211,17808,17809,17808,1,-1
2021-12-21 15:08:07.142,17808,17809,17809,2,2
2021-12-21 15:08:12.914,17808,17809,17808,1,-1
2021-12-21 15:08:40.418,17808,17809,17809,1,1
2021-12-21 15:08:40.549,17808,17809,17808,2,-2
2021-12-21 15:08:47.023,17808,17809,17808,1,-1
2021-12-21 15:08:47.463,17808,17809,17808,1,-1
2021-12-21 15:08:51.403,17808,17809,17808,1,-1
2021-12-21 15:08:55.937,17808,17809,17808,1,-1
2021-12-21 15:08:57.173,17808,17809,17809,1,1
2021-12-21 15:08:57.173,17808,17809,17809,4,4
2021-12-21 15:08:57.173,17808,17809,17809,1,1
2021-12-21 15:08:57.174,17808,17809,17809,1,1
2021-12-21 15:08:57.174,17808,17809,17809,1,1
2021-12-21 15:08:57.174,17808,17809,17809,1,1
2021-12-21 15:08:57.174,17808,17809,17809,1,1
2021-12-21 15:08:57.174,17808,17809,17809,3,3
2021-12-21 15:09:00.070,17809,17810,17809,1,-1
2021-12-21 15:09:00.516,17809,17810,17809,1,-1
2021-12-21 15:09:03.306,17808,17809,17809,1,1
2021-12-21 15:09:06.237,17808,17809,17809,1,1
2021-12-21 15:09:08.391,17809,17810,17809,1,-1
2021-12-21 15:09:12.448,17809,17810,17809,1,-1
2021-12-21 15:09:17.865,17809,17810,17809,1,-1
2021-12-21 15:09:20.794,17809,17810,17810,1,1
2021-12-21 15:09:21.177,17809,17810,17810,1,1
2021-12-21 15:09:30.613,17808,17810,17810,1,1
2021-12-21 15:09:33.783,17809,17810,17809,1,-1
2021-12-21 15:09:48.671,17809,17810,17810,1,1
2021-12-21 15:09:48.967,17809,17810,17810,1,1
2021-12-21 15:09:50.265,17809,17810,17810,13,13
2021-12-21 15:09:50.266,17809,17810,17810,1,1
2021-12-21 15:09:53.834,17810,17811,17811,1,1
2021-12-21 15:09:54.221,17810,17811,17810,1,-1
2021-12-21 15:09:55.909,17810,17811,17811,1,1
2021-12-21 15:10:03.255,17810,17811,17811,1,1
2021-12-21 15:10:03.423,17810,17811,17811,3,3
2021-12-21 15:10:03.443,17810,17811,17811,1,1
2021-12-21 15:10:03.444,17810,17811,17811,1,1
2021-12-21 15:10:03.444,17810,17811,17812,4,4
2021-12-21 15:10:03.456,17810,17811,17812,1,1
2021-12-21 15:10:03.459,17810,17811,17812,1,1
2021-12-21 15:10:03.465,17810,17811,17812,1,1
2021-12-21 15:10:03.465,17810,17811,17811,1,1
2021-12-21 15:10:03.469,17810,17811,17812,1,1
2021-12-21 15:10:03.474,17810,17811,17812,1,1
2021-12-21 15:10:03.494,17810,17811,17812,1,1
2021-12-21 15:10:03.497,17810,17811,17813,1,1
2021-12-21 15:10:03.515,17811,17813,17813,1,1
2021-12-21 15:10:03.516,17811,17813,17813,1,1
2021-12-21 15:10:03.530,17811,17813,17813,1,1
2021-12-21 15:10:03.544,17811,17813,17813,1,1
2021-12-21 15:10:03.570,17811,17813,17813,1,1
2021-12-21 15:10:03.657,17811,17812,17811,1,-1
2021-12-21 15:10:03.658,17811,17812,17811,1,-1
2021-12-21 15:10:03.706,17811,17812,17810,1,-1
2021-12-21 15:10:03.786,17810,17812,17812,1,1
2021-12-21 15:10:03.839,17810,17812,17812,3,3
2021-12-21 15:10:04.220,17810,17812,17812,1,1
2021-12-21 15:10:04.419,17811,17812,17812,1,1
2021-12-21 15:10:05.225,17811,17812,17812,1,1
2021-12-21 15:10:05.777,17811,17812,17812,2,2
2021-12-21 15:10:05.778,17811,17812,17812,1,1
2021-12-21 15:10:05.778,17811,17812,17812,1,1
2021-12-21 15:10:05.826,17811,17812,17811,1,-1
2021-12-21 15:10:14.752,17811,17812,17812,1,1
2021-12-21 15:10:16.995,17811,17812,17812,1,1
2021-12-21 15:10:18.773,17811,17812,17812,1,1
2021-12-21 15:10:21.336,17811,17812,17812,1,1
2021-12-21 15:10:23.004,17811,17812,17812,1,1
2021-12-21 15:10:23.231,17811,17812,17812,1,1
2021-12-21 15:10:26.435,17811,17812,17812,2,2
2021-12-21 15:10:28.761,17811,17812,17811,1,-1
2021-12-21 15:10:37.435,17811,17812,17812,2,2
2021-12-21 15:10:38.516,17811,17812,17812,3,3
2021-12-21 15:10:41.285,17811,17812,17811,1,-1
2021-12-21 15:10:44.295,17811,17812,17811,1,-1
2021-12-21 15:10:45.404,17811,17812,17812,1,1
2021-12-21 15:10:48.867,17811,17812,17812,3,3
2021-12-21 15:10:52.846,17811,17812,17812,2,2
2021-12-21 15:10:54.432,17811,17812,17812,1,1
2021-12-21 15:10:58.195,17811,17812,17812,2,2
2021-12-21 15:10:58.492,17812,17813,17813,1,1
2021-12-21 15:11:00.084,17812,17813,17813,2,2
2021-12-21 15:11:00.088,17812,17813,17812,1,-1
2021-12-21 15:11:01.109,17812,17813,17812,1,-1
2021-12-21 15:11:02.370,17811,17812,17812,1,1
2021-12-21 15:11:03.816,17812,17813,17813,1,1
2021-12-21 15:11:05.758,17812,17813,17813,1,1
2021-12-21 15:11:06.589,17812,17813,17813,1,1
2021-12-21 15:11:10.531,17812,17813,17812,12,-12
2021-12-21 15:11:10.798,17811,17812,17812,1,1
2021-12-21 15:11:13.979,17811,17812,17812,1,1
2021-12-21 15:11:13.990,17811,17812,17812,1,1
2021-12-21 15:11:15.400,17811,17812,17811,8,-8
2021-12-21 15:11:21.898,17810,17811,17811,1,1
2021-12-21 15:11:27.613,17810,17811,17810,1,-1
2021-12-21 15:11:30.626,17810,17811,17810,7,-7
2021-12-21 15:11:30.627,17810,17811,17810,1,-1
2021-12-21 15:11:31.074,17809,17811,17811,3,3
2021-12-21 15:11:50.440,17810,17811,17811,1,1
2021-12-21 15:11:50.848,17811,17812,17811,1,-1
2021-12-21 15:11:56.125,17811,17812,17811,1,-1
2021-12-21 15:12:02.540,17810,17812,17812,9,9
2021-12-21 15:12:02.541,17810,17812,17812,1,1
2021-12-21 15:12:06.400,17810,17812,17812,1,1
2021-12-21 15:12:18.083,17811,17812,17811,4,-4
2021-12-21 15:12:22.799,17810,17811,17811,1,1
2021-12-21 15:12:31.245,17810,17811,17810,5,-5
2021-12-21 15:12:38.792,17810,17811,17811,2,2
2021-12-21 15:12:40.555,17810,17811,17810,1,-1
2021-12-21 15:12:48.193,17810,17811,17810,1,-1
2021-12-21 15:12:48.386,17810,17811,17811,2,2
2021-12-21 15:12:51.417,17810,17811,17810,1,-1
2021-12-21 15:12:55.646,17810,17811,17810,1,-1
2021-12-21 15:12:58.590,17810,17811,17811,3,3
2021-12-21 15:13:00.498,17810,17811,17810,1,-1
2021-12-21 15:13:11.588,17810,17811,17810,1,-1
2021-12-21 15:13:13.123,17810,17811,17811,1,1
2021-12-21 15:13:20.870,17810,17811,17810,2,-2
2021-12-21 15:13:43.312,17810,17811,17811,1,1
2021-12-21 15:13:47.905,17810,17811,17811,1,1
2021-12-21 15:13:48.755,17810,17811,17810,1,-1
2021-12-21 15:13:59.926,17810,17811,17811,1,1
2021-12-21 15:14:00.204,17810,17811,17811,1,1
2021-12-21 15:14:00.204,17810,17811,17811,4,4
2021-12-21 15:14:22.321,17811,17812,17811,5,-5
2021-12-21 15:14:37.800,17811,17812,17811,1,-1
2021-12-21 15:14:40.223,17811,17812,17811,1,-1
2021-12-21 15:14:41.990,17811,17812,17812,1,1
2021-12-21 15:15:03.064,17811,17812,17811,1,-1
2021-12-21 15:15:03.534,17811,17812,17811,1,-1
2021-12-21 15:15:03.893,17811,17812,17812,1,1
2021-12-21 15:15:11.864,17811,17812,17811,1,-1
2021-12-21 15:15:12.642,17811,17812,17812,1,1
2021-12-21 15:15:13.531,17811,17812,17812,4,4
2021-12-21 15:15:13.532,17811,17812,17812,2,2
2021-12-21 15:15:13.532,17811,17812,17812,1,1
2021-12-21 15:15:13.532,17811,17812,17812,1,1
2021-12-21 15:15:13.532,17811,17812,17812,1,1
2021-12-21 15:15:13.532,17811,17812,17812,1,1
2021-12-21 15:15:13.532,17811,17812,17812,9,9
2021-12-21 15:15:13.538,17811,17812,17813,2,2
2021-12-21 15:15:13.667,17812,17813,17813,3,3
2021-12-21 15:15:13.724,17812,17813,17813,1,1
2021-12-21 15:15:13.857,17812,17813,17813,5,5
2021-12-21 15:15:14.042,17812,17814,17814,3,3
2021-12-21 15:15:14.181,17812,17814,17814,6,6
2021-12-21 15:15:14.223,17812,17814,17814,1,1
2021-12-21 15:15:14.350,17812,17814,17814,1,1
2021-12-21 15:15:14.450,17812,17814,17812,1,-1
2021-12-21 15:15:14.795,17812,17813,17813,2,2
2021-12-21 15:15:15.546,17811,17813,17813,2,2
2021-12-21 15:15:28.232,17812,17813,17813,1,1
2021-12-21 15:15:30.505,17812,17813,17813,1,1
2021-12-21 15:15:38.543,17812,17813,17813,1,1
2021-12-21 15:15:38.547,17812,17813,17813,1,1
2021-12-21 15:15:38.761,17812,17813,17813,1,1
2021-12-21 15:15:40.580,17812,17813,17813,1,1
2021-12-21 15:15:40.676,17812,17813,17812,6,-6
2021-12-21 15:15:44.836,17811,17812,17812,1,1
2021-12-21 15:15:46.102,17811,17813,17812,1,1
2021-12-21 15:15:47.061,17811,17813,17812,1,1
2021-12-21 15:15:48.234,17811,17813,17813,1,1
2021-12-21 15:15:49.202,17811,17812,17812,1,1
2021-12-21 15:15:52.377,17811,17813,17812,1,1
2021-12-21 15:15:58.823,17812,17813,17813,1,1
2021-12-21 15:16:00.882,17812,17813,17812,1,-1
2021-12-21 15:16:04.319,17811,17812,17811,1,-1
2021-12-21 15:16:04.320,17811,17812,17811,5,-5
2021-12-21 15:16:04.344,17811,17812,17810,1,-1
2021-12-21 15:16:04.384,17810,17811,17810,1,-1
2021-12-21 15:16:04.384,17810,17811,17810,1,-1
2021-12-21 15:16:04.384,17810,17811,17810,1,-1
2021-12-21 15:16:04.386,17810,17811,17810,1,-1
2021-12-21 15:16:04.437,17810,17811,17811,1,1
2021-12-21 15:16:16.773,17811,17813,17811,2,-2
2021-12-21 15:16:18.325,17811,17812,17811,1,-1
2021-12-21 15:16:18.383,17811,17812,17811,1,-1
2021-12-21 15:16:18.384,17811,17812,17811,1,-1
2021-12-21 15:16:18.384,17811,17812,17811,1,-1
2021-12-21 15:16:18.384,17811,17812,17811,1,-1
2021-12-21 15:16:18.385,17811,17812,17811,1,-1
2021-12-21 15:16:18.387,17811,17812,17811,1,-1
2021-12-21 15:16:18.420,17811,17812,17810,1,-1
2021-12-21 15:16:20.782,17811,17812,17811,1,-1
2021-12-21 15:16:21.334,17811,17812,17811,1,-1
2021-12-21 15:16:22.005,17811,17812,17811,1,-1
2021-12-21 15:16:23.889,17811,17812,17811,1,-1
2021-12-21 15:16:25.158,17811,17812,17811,1,-1
2021-12-21 15:16:27.449,17811,17812,17811,1,-1
2021-12-21 15:16:28.101,17811,17812,17811,1,-1
2021-12-21 15:16:28.133,17811,17812,17811,1,-1
2021-12-21 15:16:28.133,17811,17812,17811,1,-1
2021-12-21 15:16:28.133,17811,17812,17811,1,-1
2021-12-21 15:16:28.134,17811,17812,17811,1,-1
2021-12-21 15:16:28.134,17811,17812,17811,1,-1
2021-12-21 15:16:28.135,17811,17812,17810,1,-1
2021-12-21 15:16:28.135,17811,17812,17811,1,-1
2021-12-21 15:16:29.322,17811,17812,17811,1,-1
2021-12-21 15:16:29.937,17811,17812,17811,1,-1
2021-12-21 15:16:32.401,17811,17812,17811,1,-1
2021-12-21 15:16:32.794,17811,17812,17811,1,-1
2021-12-21 15:16:33.538,17811,17812,17811,1,-1
2021-12-21 15:16:36.946,17811,17812,17811,1,-1
2021-12-21 15:16:37.255,17811,17812,17812,4,4
2021-12-21 15:16:37.258,17811,17813,17811,1,-1
2021-12-21 15:16:37.258,17811,17813,17811,1,-1
2021-12-21 15:16:37.260,17811,17813,17811,1,-1
2021-12-21 15:16:37.265,17811,17813,17811,1,-1
2021-12-21 15:16:37.265,17811,17813,17811,1,-1
2021-12-21 15:16:37.265,17811,17813,17811,1,-1
2021-12-21 15:16:37.265,17811,17813,17811,1,-1
2021-12-21 15:16:37.265,17811,17813,17810,1,-1
2021-12-21 15:16:37.266,17811,17813,17811,1,-1
2021-12-21 15:16:37.266,17811,17813,17811,1,-1
2021-12-21 15:16:38.510,17812,17813,17812,1,-1
2021-12-21 15:16:39.982,17812,17813,17812,1,-1
2021-12-21 15:16:39.982,17812,17813,17812,1,-1
2021-12-21 15:16:40.362,17812,17813,17812,1,-1
2021-12-21 15:16:41.106,17812,17813,17812,1,-1
2021-12-21 15:16:44.866,17811,17812,17811,1,-1
2021-12-21 15:16:45.246,17811,17812,17812,1,1
2021-12-21 15:16:46.990,17811,17812,17811,1,-1
2021-12-21 15:16:48.850,17811,17812,17812,2,2
2021-12-21 15:16:48.884,17811,17813,17811,1,-1
2021-12-21 15:16:48.884,17811,17813,17811,1,-1
2021-12-21 15:16:48.885,17811,17813,17811,1,-1
2021-12-21 15:16:48.885,17811,17813,17811,1,-1
2021-12-21 15:16:50.284,17812,17813,17812,1,-1
2021-12-21 15:16:50.284,17812,17813,17812,1,-1
2021-12-21 15:16:50.866,17810,17812,17812,3,3
2021-12-21 15:17:00.046,17812,17813,17812,1,-1
2021-12-21 15:17:00.454,17812,17813,17812,1,-1
2021-12-21 15:17:03.438,17811,17812,17812,1,1
2021-12-21 15:17:05.245,17811,17812,17811,1,-1
2021-12-21 15:17:06.360,17811,17812,17812,2,2
2021-12-21 15:17:09.921,17811,17812,17812,1,1
2021-12-21 15:17:12.818,17811,17812,17812,4,4
2021-12-21 15:17:12.905,17811,17813,17813,3,3
2021-12-21 15:17:13.198,17812,17813,17812,1,-1
2021-12-21 15:17:15.429,17811,17812,17812,1,1
2021-12-21 15:17:15.910,17812,17813,17812,1,-1
2021-12-21 15:17:16.892,17811,17812,17812,1,1
2021-12-21 15:17:17.509,17811,17812,17812,1,1
2021-12-21 15:17:18.745,17811,17812,17812,1,1
2021-12-21 15:17:19.825,17812,17813,17812,1,-1
2021-12-21 15:17:21.426,17812,17813,17812,1,-1
2021-12-21 15:17:22.069,17812,17813,17812,1,-1
2021-12-21 15:17:22.845,17812,17813,17812,1,-1
2021-12-21 15:17:23.929,17812,17813,17812,1,-1
2021-12-21 15:17:24.333,17812,17813,17812,1,-1
2021-12-21 15:17:33.933,17812,17813,17812,1,-1
2021-12-21 15:17:34.722,17812,17813,17812,1,-1
2021-12-21 15:17:36.274,17812,17813,17812,1,-1
2021-12-21 15:17:37.173,17812,17813,17812,1,-1
2021-12-21 15:17:38.201,17812,17813,17812,1,-1
2021-12-21 15:17:39.842,17812,17813,17812,1,-1
2021-12-21 15:17:41.033,17812,17813,17812,1,-1
2021-12-21 15:17:43.609,17812,17813,17812,1,-1
2021-12-21 15:17:43.887,17812,17813,17812,1,-1
2021-12-21 15:17:46.306,17812,17813,17812,1,-1
2021-12-21 15:17:47.890,17812,17813,17812,1,-1
2021-12-21 15:17:49.334,17812,17813,17812,1,-1
2021-12-21 15:17:52.966,17812,17813,17812,1,-1
2021-12-21 15:17:54.030,17812,17813,17812,1,-1
2021-12-21 15:17:55.174,17812,17813,17812,1,-1
2021-12-21 15:17:56.677,17812,17813,17813,5,5
2021-12-21 15:18:01.992,17812,17813,17812,1,-1
2021-12-21 15:18:03.794,17812,17813,17812,1,-1
2021-12-21 15:18:04.550,17812,17813,17812,1,-1
2021-12-21 15:18:05.454,17812,17813,17812,1,-1
2021-12-21 15:18:06.618,17812,17813,17812,5,-5
2021-12-21 15:18:06.618,17812,17813,17812,3,-3
2021-12-21 15:18:07.901,17811,17812,17811,1,-1
2021-12-21 15:18:11.152,17811,17812,17811,1,-1
2021-12-21 15:18:11.152,17811,17812,17811,5,-5
2021-12-21 15:18:11.153,17811,17812,17811,1,-1
2021-12-21 15:18:11.153,17811,17812,17811,5,-5
2021-12-21 15:18:12.337,17810,17811,17810,2,-2
2021-12-21 15:18:19.686,17810,17811,17810,1,-1
2021-12-21 15:18:21.633,17810,17811,17810,1,-1
2021-12-21 15:18:22.149,17810,17811,17810,1,-1
2021-12-21 15:18:23.925,17810,17811,17810,1,-1
2021-12-21 15:18:24.609,17810,17811,17810,1,-1
2021-12-21 15:18:26.417,17810,17811,17810,1,-1
2021-12-21 15:18:33.585,17810,17811,17810,1,-1
2021-12-21 15:18:34.949,17810,17811,17810,1,-1
2021-12-21 15:18:38.625,17810,17811,17810,1,-1
2021-12-21 15:18:40.707,17810,17811,17810,2,-2
2021-12-21 15:18:40.707,17810,17811,17810,2,-2
2021-12-21 15:18:48.610,17809,17810,17809,1,-1
2021-12-21 15:18:50.229,17809,17810,17809,1,-1
2021-12-21 15:18:50.230,17809,17810,17809,2,-2
2021-12-21 15:18:50.677,17809,17810,17809,1,-1
2021-12-21 15:18:51.229,17809,17810,17809,1,-1
2021-12-21 15:18:52.030,17809,17810,17809,1,-1
2021-12-21 15:18:52.030,17809,17810,17809,1,-1
2021-12-21 15:18:56.670,17808,17810,17810,1,1
2021-12-21 15:19:04.178,17808,17809,17808,1,-1
2021-12-21 15:19:05.549,17808,17809,17808,1,-1
2021-12-21 15:19:05.640,17808,17809,17809,1,1
2021-12-21 15:19:07.274,17808,17809,17808,1,-1
2021-12-21 15:19:07.554,17808,17809,17809,4,4
2021-12-21 15:19:07.856,17809,17810,17809,1,-1
2021-12-21 15:19:09.019,17809,17810,17809,1,-1
2021-12-21 15:19:09.134,17808,17809,17808,1,-1
2021-12-21 15:19:10.201,17808,17810,17808,1,-1
2021-12-21 15:19:13.174,17808,17809,17808,1,-1
2021-12-21 15:19:13.874,17808,17809,17808,1,-1
2021-12-21 15:19:15.157,17808,17809,17808,1,-1
2021-12-21 15:19:15.794,17808,17809,17808,1,-1
2021-12-21 15:19:17.166,17808,17809,17808,1,-1
2021-12-21 15:19:17.765,17808,17809,17808,1,-1
2021-12-21 15:19:17.879,17808,17809,17808,1,-1
2021-12-21 15:19:18.270,17808,17809,17808,1,-1
2021-12-21 15:19:23.594,17808,17809,17808,1,-1
2021-12-21 15:19:24.498,17808,17809,17808,1,-1
2021-12-21 15:19:24.547,17808,17809,17808,2,-2
2021-12-21 15:19:38.638,17807,17808,17807,1,-1
2021-12-21 15:19:39.693,17807,17808,17807,1,-1
2021-12-21 15:19:40.309,17807,17808,17807,1,-1
2021-12-21 15:19:41.685,17807,17808,17807,1,-1
2021-12-21 15:19:41.989,17807,17808,17807,1,-1
2021-12-21 15:19:44.177,17807,17808,17807,1,-1
2021-12-21 15:19:46.861,17807,17808,17807,1,-1
2021-12-21 15:19:47.297,17807,17808,17807,1,-1
2021-12-21 15:19:47.673,17807,17808,17807,1,-1
2021-12-21 15:19:48.537,17807,17808,17807,1,-1
2021-12-21 15:19:48.881,17807,17808,17807,1,-1
2021-12-21 15:19:49.107,17807,17808,17807,1,-1
2021-12-21 15:19:49.425,17807,17808,17807,1,-1
2021-12-21 15:19:49.997,17807,17808,17807,1,-1
2021-12-21 15:19:50.292,17806,17808,17806,1,-1
2021-12-21 15:19:53.069,17806,17807,17807,1,1
2021-12-21 15:19:53.584,17806,17807,17807,1,1
2021-12-21 15:19:55.144,17806,17807,17807,1,1
2021-12-21 15:19:59.933,17806,17807,17806,1,-1
2021-12-21 15:20:00.998,17806,17807,17806,10,-10
2021-12-21 15:20:03.839,17805,17806,17806,1,1
2021-12-21 15:20:04.670,17805,17806,17805,1,-1
2021-12-21 15:20:05.965,17805,17806,17805,1,-1
2021-12-21 15:20:05.966,17805,17806,17805,9,-9
2021-12-21 15:20:05.974,17805,17806,17804,3,-3
2021-12-21 15:20:06.037,17804,17805,17804,3,-3
2021-12-21 15:20:18.251,17804,17805,17804,1,-1
2021-12-21 15:20:21.589,17805,17806,17805,1,-1
2021-12-21 15:20:26.217,17804,17805,17805,1,1
2021-12-21 15:20:26.352,17804,17805,17805,1,1
2021-12-21 15:20:26.352,17804,17805,17805,1,1
2021-12-21 15:20:28.765,17805,17806,17805,5,-5
2021-12-21 15:20:31.600,17805,17806,17805,1,-1
2021-12-21 15:20:32.993,17805,17806,17805,1,-1
2021-12-21 15:20:33.471,17805,17806,17805,1,-1
2021-12-21 15:20:33.836,17805,17806,17805,1,-1
2021-12-21 15:20:36.832,17804,17805,17805,2,2
2021-12-21 15:20:36.832,17804,17805,17805,4,4
2021-12-21 15:20:47.712,17804,17805,17804,1,-1
2021-12-21 15:20:58.946,17804,17805,17804,1,-1
2021-12-21 15:20:59.581,17804,17805,17804,1,-1
2021-12-21 15:21:00.345,17804,17805,17804,1,-1
2021-12-21 15:21:00.820,17804,17805,17804,1,-1
2021-12-21 15:21:01.865,17804,17805,17804,1,-1
2021-12-21 15:21:03.689,17804,17805,17804,1,-1
2021-12-21 15:21:05.173,17804,17805,17804,2,-2
2021-12-21 15:21:07.499,17803,17805,17804,1,1
2021-12-21 15:21:08.260,17804,17805,17804,1,-1
2021-12-21 15:21:15.089,17803,17804,17804,1,1
2021-12-21 15:21:23.486,17803,17804,17804,1,1
2021-12-21 15:21:24.158,17803,17804,17803,1,-1
2021-12-21 15:21:28.582,17803,17804,17803,1,-1
2021-12-21 15:21:29.065,17803,17804,17803,1,-1
2021-12-21 15:21:30.665,17803,17804,17803,1,-1
2021-12-21 15:21:33.348,17803,17804,17803,6,-6
2021-12-21 15:21:35.715,17802,17804,17802,1,-1
2021-12-21 15:21:38.195,17802,17804,17802,3,-3
2021-12-21 15:21:38.592,17801,17802,17801,1,-1
2021-12-21 15:21:38.592,17801,17802,17801,5,-5
2021-12-21 15:21:38.745,17800,17801,17800,1,-1
2021-12-21 15:21:39.054,17800,17801,17800,1,-1
2021-12-21 15:21:45.461,17800,17801,17800,1,-1
2021-12-21 15:21:46.918,17800,17801,17800,1,-1
2021-12-21 15:21:47.673,17800,17801,17800,1,-1
2021-12-21 15:21:48.311,17800,17801,17800,2,-2
2021-12-21 15:21:48.633,17800,17801,17800,1,-1
2021-12-21 15:21:49.293,17800,17801,17800,1,-1
2021-12-21 15:21:49.769,17800,17801,17800,1,-1
2021-12-21 15:21:50.149,17800,17801,17800,1,-1
2021-12-21 15:21:50.821,17800,17801,17800,1,-1
2021-12-21 15:21:51.486,17800,17801,17800,1,-1
2021-12-21 15:21:51.670,17800,17801,17800,1,-1
2021-12-21 15:21:51.766,17800,17801,17800,1,-1
2021-12-21 15:21:53.010,17800,17801,17800,1,-1
2021-12-21 15:21:53.041,17800,17801,17800,4,-4
2021-12-21 15:21:53.362,17800,17801,17800,1,-1
2021-12-21 15:21:53.444,17800,17801,17800,4,-4
2021-12-21 15:21:54.190,17799,17800,17800,2,2
2021-12-21 15:21:54.711,17799,17801,17800,1,1
2021-12-21 15:21:56.406,17800,17801,17800,1,-1
2021-12-21 15:21:56.996,17799,17801,17800,1,1
2021-12-21 15:21:58.156,17800,17801,17800,1,-1
2021-12-21 15:21:58.441,17800,17801,17800,1,-1
2021-12-21 15:21:59.291,17800,17801,17801,5,5
2021-12-21 15:21:59.291,17800,17801,17801,6,6
2021-12-21 15:22:02.290,17800,17801,17801,1,1
2021-12-21 15:22:06.941,17800,17801,17800,1,-1
2021-12-21 15:22:08.839,17800,17801,17800,1,-1
2021-12-21 15:22:09.477,17800,17801,17800,1,-1
2021-12-21 15:22:09.977,17800,17801,17800,1,-1
2021-12-21 15:22:10.385,17800,17801,17800,1,-1
2021-12-21 15:22:10.767,17800,17801,17800,1,-1
2021-12-21 15:22:11.163,17800,17801,17800,1,-1
2021-12-21 15:22:11.413,17800,17801,17800,1,-1
2021-12-21 15:22:14.397,17799,17800,17800,2,2
2021-12-21 15:22:18.181,17799,17800,17800,1,1
2021-12-21 15:22:18.182,17799,17800,17800,1,1
2021-12-21 15:22:18.182,17799,17800,17800,1,1
2021-12-21 15:22:22.281,17800,17801,17800,1,-1
2021-12-21 15:22:22.414,17800,17801,17800,1,-1
2021-12-21 15:22:23.826,17799,17800,17800,1,1
2021-12-21 15:22:25.403,17800,17801,17801,2,2
2021-12-21 15:22:26.460,17801,17802,17802,1,1
2021-12-21 15:22:27.613,17802,17803,17802,1,-1
2021-12-21 15:22:29.949,17802,17803,17802,2,-2
2021-12-21 15:22:30.606,17801,17802,17801,1,-1
2021-12-21 15:22:37.978,17800,17802,17800,2,-2
2021-12-21 15:22:45.084,17801,17802,17801,1,-1
2021-12-21 15:22:48.227,17801,17802,17802,1,1
2021-12-21 15:22:48.570,17801,17802,17801,1,-1
2021-12-21 15:22:48.697,17801,17802,17801,1,-1
2021-12-21 15:22:50.431,17800,17801,17801,1,1
2021-12-21 15:22:50.480,17800,17801,17800,2,-2
2021-12-21 15:22:51.466,17800,17801,17801,1,1
2021-12-21 15:22:55.422,17800,17801,17801,1,1
2021-12-21 15:22:55.480,17800,17801,17801,1,1
2021-12-21 15:22:56.885,17800,17801,17801,1,1
2021-12-21 15:22:58.297,17800,17801,17800,1,-1
2021-12-21 15:22:59.045,17800,17801,17801,1,1
2021-12-21 15:22:59.474,17800,17801,17801,1,1
2021-12-21 15:22:59.553,17800,17802,17800,1,-1
2021-12-21 15:23:03.169,17800,17801,17801,1,1
2021-12-21 15:23:03.169,17800,17801,17801,1,1
2021-12-21 15:23:04.021,17801,17802,17801,1,-1
2021-12-21 15:23:04.099,17801,17802,17801,4,-4
2021-12-21 15:23:04.099,17801,17802,17800,1,-1
2021-12-21 15:23:15.150,17800,17801,17801,1,1
2021-12-21 15:23:15.151,17800,17801,17801,1,1
2021-12-21 15:23:23.829,17800,17801,17801,1,1
2021-12-21 15:23:29.717,17800,17801,17801,1,1
2021-12-21 15:23:31.866,17800,17801,17800,1,-1
2021-12-21 15:23:34.539,17800,17801,17801,1,1
2021-12-21 15:23:35.067,17800,17801,17801,1,1
2021-12-21 15:23:35.968,17800,17801,17801,1,1
2021-12-21 15:23:35.968,17800,17801,17801,2,2
2021-12-21 15:23:35.968,17800,17801,17801,5,5
2021-12-21 15:23:37.472,17800,17802,17801,1,1
2021-12-21 15:23:38.490,17800,17801,17800,1,-1
2021-12-21 15:23:39.950,17800,17801,17801,1,1
2021-12-21 15:23:40.458,17800,17801,17800,1,-1
2021-12-21 15:23:40.820,17800,17801,17801,1,1
2021-12-21 15:23:44.828,17800,17801,17801,1,1
2021-12-21 15:23:46.718,17801,17802,17802,22,22
2021-12-21 15:23:46.840,17802,17803,17803,5,5
2021-12-21 15:23:46.985,17802,17804,17804,3,3
2021-12-21 15:23:47.190,17803,17805,17805,1,1
2021-12-21 15:23:47.348,17803,17805,17805,5,5
2021-12-21 15:23:47.677,17803,17805,17805,4,4
2021-12-21 15:23:52.506,17803,17804,17803,1,-1
2021-12-21 15:23:54.477,17801,17803,17802,1,1
2021-12-21 15:24:07.654,17801,17803,17801,5,-5
2021-12-21 15:24:07.760,17800,17802,17800,2,-2
2021-12-21 15:24:08.776,17800,17802,17800,1,-1
2021-12-21 15:24:08.820,17800,17802,17802,1,1
2021-12-21 15:24:08.884,17800,17802,17800,1,-1
2021-12-21 15:24:08.885,17800,17802,17800,1,-1
2021-12-21 15:24:08.885,17800,17802,17800,1,-1
2021-12-21 15:24:12.562,17800,17801,17800,1,-1
2021-12-21 15:24:13.293,17800,17801,17800,1,-1
2021-12-21 15:24:13.829,17800,17801,17800,1,-1
2021-12-21 15:24:14.441,17800,17801,17800,1,-1
2021-12-21 15:24:14.671,17800,17801,17800,6,-6
2021-12-21 15:24:25.279,17799,17800,17799,1,-1
2021-12-21 15:24:25.414,17799,17800,17799,3,-3
2021-12-21 15:24:25.435,17799,17800,17799,1,-1
2021-12-21 15:24:25.513,17799,17800,17799,1,-1
2021-12-21 15:24:25.773,17799,17800,17799,4,-4
2021-12-21 15:24:38.120,17799,17800,17799,1,-1
2021-12-21 15:24:38.133,17799,17800,17799,1,-1
2021-12-21 15:24:38.134,17799,17800,17799,1,-1
2021-12-21 15:24:38.134,17799,17800,17798,1,-1
2021-12-21 15:24:38.135,17799,17800,17798,1,-1
2021-12-21 15:24:38.498,17799,17800,17799,1,-1
2021-12-21 15:24:44.043,17799,17800,17799,3,-3
2021-12-21 15:24:44.043,17799,17800,17798,1,-1
2021-12-21 15:24:44.134,17798,17800,17798,1,-1
2021-12-21 15:24:44.136,17798,17800,17798,1,-1
2021-12-21 15:24:45.023,17799,17800,17799,2,-2
2021-12-21 15:24:46.524,17799,17800,17799,1,-1
2021-12-21 15:24:47.548,17799,17800,17800,4,4
2021-12-21 15:24:47.634,17800,17802,17801,1,1
2021-12-21 15:24:47.928,17800,17802,17802,2,2
2021-12-21 15:25:18.894,17800,17802,17801,1,1
2021-12-21 15:25:20.538,17800,17802,17800,1,-1
2021-12-21 15:25:21.105,17799,17801,17801,2,2
2021-12-21 15:25:21.196,17800,17802,17802,4,4
2021-12-21 15:25:22.526,17801,17803,17802,1,1
2021-12-21 15:25:23.093,17801,17803,17803,8,8
2021-12-21 15:25:24.422,17802,17804,17804,2,2
2021-12-21 15:25:27.556,17803,17804,17804,2,2
2021-12-21 15:25:28.563,17803,17804,17804,1,1
2021-12-21 15:25:30.859,17802,17804,17803,1,1
2021-12-21 15:25:38.129,17802,17804,17802,10,-10
2021-12-21 15:25:40.622,17801,17803,17803,1,1
2021-12-21 15:25:42.565,17801,17802,17801,1,-1
2021-12-21 15:25:44.309,17800,17801,17800,1,-1
2021-12-21 15:25:46.893,17800,17801,17801,1,1
2021-12-21 15:25:50.157,17800,17802,17800,1,-1
2021-12-21 15:26:04.174,17799,17800,17799,1,-1
2021-12-21 15:26:08.440,17799,17800,17799,1,-1
2021-12-21 15:26:15.718,17799,17800,17800,1,1
2021-12-21 15:26:16.601,17800,17801,17800,1,-1
2021-12-21 15:26:18.493,17800,17801,17800,1,-1
2021-12-21 15:26:21.795,17799,17800,17799,4,-4
2021-12-21 15:26:26.959,17799,17800,17799,1,-1
2021-12-21 15:26:28.142,17798,17800,17798,2,-2
2021-12-21 15:26:37.021,17799,17800,17800,3,3
2021-12-21 15:26:38.416,17800,17801,17800,1,-1
2021-12-21 15:26:41.562,17800,17801,17800,1,-1
2021-12-21 15:26:49.984,17799,17800,17800,2,2
2021-12-21 15:26:50.115,17800,17801,17801,1,1
2021-12-21 15:26:56.329,17800,17802,17800,1,-1
2021-12-21 15:27:13.530,17800,17802,17800,3,-3
2021-12-21 15:27:13.530,17800,17802,17799,3,-3
2021-12-21 15:27:18.086,17799,17801,17799,3,-3
2021-12-21 15:27:28.851,17800,17801,17801,2,2
2021-12-21 15:27:30.058,17801,17802,17802,3,3
2021-12-21 15:28:18.539,17801,17802,17802,1,1
2021-12-21 15:28:22.198,17801,17802,17802,2,2
2021-12-21 15:28:23.691,17802,17803,17803,11,11
2021-12-21 15:28:24.099,17802,17804,17804,1,1
2021-12-21 15:28:26.056,17803,17804,17804,3,3
2021-12-21 15:28:33.295,17803,17804,17804,1,1
2021-12-21 15:28:43.929,17804,17805,17804,1,-1
2021-12-21 15:28:44.489,17804,17805,17804,1,-1
2021-12-21 15:28:44.989,17804,17805,17804,1,-1
2021-12-21 15:28:46.377,17804,17805,17804,1,-1
2021-12-21 15:28:46.876,17804,17805,17805,1,1
2021-12-21 15:28:49.982,17804,17805,17804,1,-1
2021-12-21 15:28:55.930,17803,17804,17804,1,1
2021-12-21 15:29:07.211,17803,17804,17803,3,-3
2021-12-21 15:29:13.732,17803,17804,17804,1,1
2021-12-21 15:29:13.733,17803,17804,17804,1,1
2021-12-21 15:29:17.020,17804,17805,17805,5,5
2021-12-21 15:29:36.396,17805,17806,17805,1,-1
2021-12-21 15:29:36.509,17804,17806,17804,1,-1
2021-12-21 15:29:37.645,17804,17806,17805,1,1
2021-12-21 15:29:37.758,17804,17806,17804,1,-1
2021-12-21 15:29:44.881,17805,17806,17806,9,9
2021-12-21 15:29:48.356,17806,17807,17807,5,5
2021-12-21 15:29:53.028,17806,17808,17808,3,3
2021-12-21 15:29:54.188,17806,17808,17808,1,1
2021-12-21 15:30:01.427,17807,17808,17807,1,-1
2021-12-21 15:30:01.765,17805,17807,17805,1,-1
2021-12-21 15:30:02.060,17805,17807,17805,2,-2
2021-12-21 15:30:09.038,17805,17806,17805,1,-1
2021-12-21 15:30:10.277,17805,17806,17805,1,-1
2021-12-21 15:30:11.273,17805,17806,17805,1,-1
2021-12-21 15:30:15.274,17804,17805,17804,1,-1
2021-12-21 15:30:16.217,17804,17805,17804,1,-1
2021-12-21 15:30:19.842,17804,17805,17804,1,-1
2021-12-21 15:30:20.217,17804,17805,17804,1,-1
2021-12-21 15:30:20.445,17804,17805,17805,1,1
2021-12-21 15:30:20.657,17804,17806,17804,1,-1
2021-12-21 15:30:23.552,17804,17805,17804,2,-2
2021-12-21 15:30:24.240,17804,17805,17804,1,-1
2021-12-21 15:30:24.265,17804,17805,17804,1,-1
2021-12-21 15:30:25.341,17804,17805,17804,1,-1
2021-12-21 15:30:25.606,17804,17805,17804,4,-4
2021-12-21 15:30:28.277,17803,17804,17804,1,1
2021-12-21 15:30:34.257,17803,17804,17803,1,-1
2021-12-21 15:30:35.817,17803,17804,17803,1,-1
2021-12-21 15:30:36.209,17803,17804,17803,1,-1
2021-12-21 15:30:36.809,17803,17804,17803,1,-1
2021-12-21 15:30:39.425,17803,17804,17803,1,-1
2021-12-21 15:30:40.202,17803,17804,17804,3,3
2021-12-21 15:30:48.325,17803,17804,17803,1,-1
2021-12-21 15:30:49.033,17803,17804,17803,1,-1
2021-12-21 15:30:50.537,17803,17804,17803,1,-1
2021-12-21 15:30:51.133,17803,17804,17803,1,-1
2021-12-21 15:30:51.661,17803,17804,17803,1,-1
2021-12-21 15:30:52.177,17803,17804,17803,1,-1
2021-12-21 15:30:52.718,17803,17804,17803,1,-1
2021-12-21 15:30:53.009,17803,17804,17803,1,-1
2021-12-21 15:30:53.009,17803,17804,17803,1,-1
2021-12-21 15:30:53.009,17803,17804,17803,14,-14
2021-12-21 15:30:57.174,17802,17803,17802,4,-4
2021-12-21 15:30:59.232,17801,17802,17801,1,-1
2021-12-21 15:31:00.315,17800,17801,17801,1,1
2021-12-21 15:31:01.457,17800,17801,17801,1,1
2021-12-21 15:31:12.177,17800,17801,17801,1,1
2021-12-21 15:31:19.828,17801,17802,17801,1,-1
2021-12-21 15:31:19.828,17801,17802,17801,1,-1
2021-12-21 15:31:19.893,17800,17801,17801,1,1
2021-12-21 15:31:19.893,17800,17801,17802,1,1
2021-12-21 15:31:31.034,17801,17802,17802,1,1
2021-12-21 15:31:44.695,17802,17803,17802,1,-1
2021-12-21 15:31:49.434,17801,17802,17802,1,1
2021-12-21 15:31:58.388,17802,17803,17802,1,-1
2021-12-21 15:31:58.499,17802,17803,17802,1,-1
2021-12-21 15:32:06.217,17802,17803,17803,2,2
2021-12-21 15:32:15.669,17803,17804,17804,5,5
2021-12-21 15:32:20.742,17804,17805,17804,1,-1
2021-12-21 15:32:22.665,17804,17805,17804,1,-1
2021-12-21 15:32:22.977,17803,17805,17804,1,1
2021-12-21 15:32:23.685,17803,17804,17803,1,-1
2021-12-21 15:32:24.945,17803,17804,17803,1,-1
2021-12-21 15:32:25.441,17803,17804,17803,1,-1
2021-12-21 15:32:26.325,17803,17804,17803,1,-1
2021-12-21 15:32:26.651,17803,17804,17804,2,2
2021-12-21 15:32:26.651,17803,17804,17805,1,1
2021-12-21 15:32:26.813,17803,17805,17803,1,-1
2021-12-21 15:32:27.925,17804,17805,17804,1,-1
2021-12-21 15:32:29.003,17804,17805,17804,1,-1
2021-12-21 15:32:32.590,17803,17804,17804,1,1
2021-12-21 15:32:36.225,17803,17804,17803,1,-1
2021-12-21 15:32:36.770,17802,17804,17803,1,1
2021-12-21 15:32:38.613,17802,17803,17802,1,-1
2021-12-21 15:32:45.669,17802,17803,17802,1,-1
2021-12-21 15:32:46.186,17802,17803,17802,1,-1
2021-12-21 15:32:47.673,17802,17803,17802,1,-1
2021-12-21 15:32:50.229,17802,17803,17802,1,-1
2021-12-21 15:32:51.374,17802,17803,17802,1,-1
2021-12-21 15:32:53.532,17802,17803,17803,1,1
2021-12-21 15:32:59.756,17802,17803,17802,1,-1
2021-12-21 15:32:59.756,17802,17803,17802,1,-1
2021-12-21 15:32:59.756,17802,17803,17802,1,-1
2021-12-21 15:33:01.740,17801,17802,17801,1,-1
2021-12-21 15:33:10.941,17801,17802,17801,1,-1
2021-12-21 15:33:12.097,17801,17802,17801,1,-1
2021-12-21 15:33:12.665,17801,17802,17801,1,-1
2021-12-21 15:33:14.001,17801,17802,17801,1,-1
2021-12-21 15:33:14.161,17801,17802,17801,1,-1
2021-12-21 15:33:21.371,17800,17801,17800,3,-3
2021-12-21 15:33:25.504,17800,17801,17800,1,-1
2021-12-21 15:33:33.227,17800,17801,17800,2,-2
2021-12-21 15:33:41.391,17800,17801,17800,1,-1
2021-12-21 15:33:42.293,17800,17801,17800,1,-1
2021-12-21 15:33:42.293,17800,17801,17800,2,-2
2021-12-21 15:33:46.645,17799,17800,17799,3,-3
2021-12-21 15:33:47.160,17799,17800,17799,2,-2
2021-12-21 15:33:47.160,17799,17800,17799,2,-2
2021-12-21 15:33:47.160,17799,17800,17799,1,-1
2021-12-21 15:33:47.160,17799,17800,17799,1,-1
2021-12-21 15:33:47.160,17799,17800,17799,2,-2
2021-12-21 15:33:58.391,17798,17799,17798,10,-10
2021-12-21 15:33:59.450,17798,17799,17798,1,-1
2021-12-21 15:34:01.393,17797,17798,17797,5,-5
2021-12-21 15:34:02.986,17797,17798,17797,8,-8
2021-12-21 15:34:02.987,17797,17798,17796,7,-7
2021-12-21 15:34:03.043,17796,17797,17796,1,-1
2021-12-21 15:34:03.077,17796,17797,17796,1,-1
2021-12-21 15:34:03.087,17796,17797,17796,13,-13
2021-12-21 15:34:03.088,17796,17797,17796,1,-1
2021-12-21 15:34:03.088,17796,17797,17795,1,-1
2021-12-21 15:34:03.089,17796,17797,17795,1,-1
2021-12-21 15:34:03.089,17796,17797,17795,1,-1
2021-12-21 15:34:03.141,17795,17796,17795,1,-1
2021-12-21 15:34:03.226,17795,17796,17795,2,-2
2021-12-21 15:34:04.461,17796,17797,17797,1,1
2021-12-21 15:34:04.480,17796,17797,17797,1,1
2021-12-21 15:34:18.068,17797,17798,17798,1,1
2021-12-21 15:34:21.961,17797,17798,17797,1,-1
2021-12-21 15:34:22.442,17796,17797,17797,1,1
2021-12-21 15:34:23.504,17796,17797,17797,1,1
2021-12-21 15:34:24.686,17796,17798,17798,1,1
2021-12-21 15:34:30.140,17796,17798,17798,1,1
2021-12-21 15:34:36.544,17796,17797,17797,1,1
2021-12-21 15:34:38.721,17796,17797,17797,1,1
2021-12-21 15:34:40.965,17796,17797,17797,1,1
2021-12-21 15:34:41.106,17796,17798,17796,1,-1
2021-12-21 15:34:44.976,17797,17799,17799,1,1
2021-12-21 15:34:58.419,17798,17799,17798,2,-2
2021-12-21 15:35:03.248,17798,17799,17798,2,-2
2021-12-21 15:35:03.422,17797,17798,17797,1,-1
2021-12-21 15:35:03.450,17797,17798,17797,1,-1
2021-12-21 15:35:03.463,17797,17798,17796,1,-1
2021-12-21 15:35:03.904,17796,17798,17798,1,1
2021-12-21 15:35:22.072,17798,17799,17798,1,-1
2021-12-21 15:35:24.924,17796,17798,17798,1,1
2021-12-21 15:35:25.989,17796,17798,17798,1,1
2021-12-21 15:36:10.073,17796,17797,17797,1,1
2021-12-21 15:36:11.112,17796,17797,17797,1,1
2021-12-21 15:36:11.134,17797,17798,17797,1,-1
2021-12-21 15:36:11.136,17797,17798,17796,1,-1
2021-12-21 15:36:15.086,17797,17798,17798,1,1
2021-12-21 15:36:25.946,17797,17798,17797,2,-2
2021-12-21 15:36:35.453,17796,17797,17796,1,-1
2021-12-21 15:36:35.510,17796,17797,17796,1,-1
2021-12-21 15:36:35.773,17796,17797,17796,5,-5
2021-12-21 15:36:35.965,17796,17797,17796,1,-1
2021-12-21 15:36:36.507,17796,17797,17797,1,1
2021-12-21 15:36:36.681,17796,17797,17796,1,-1
2021-12-21 15:36:40.502,17795,17796,17795,1,-1
2021-12-21 15:36:40.509,17795,17796,17795,1,-1
2021-12-21 15:36:40.627,17795,17796,17795,2,-2
2021-12-21 15:36:44.641,17795,17796,17795,1,-1
2021-12-21 15:36:45.153,17795,17796,17795,1,-1
2021-12-21 15:36:45.869,17795,17796,17795,1,-1
2021-12-21 15:36:46.797,17795,17796,17795,1,-1
2021-12-21 15:36:47.305,17795,17796,17795,1,-1
2021-12-21 15:36:47.813,17795,17796,17795,1,-1
2021-12-21 15:36:48.680,17795,17796,17795,2,-2
2021-12-21 15:36:51.005,17795,17796,17795,1,-1
2021-12-21 15:36:51.965,17795,17796,17795,1,-1
2021-12-21 15:36:52.381,17795,17796,17795,1,-1
2021-12-21 15:36:52.941,17795,17796,17795,1,-1
2021-12-21 15:36:53.645,17795,17796,17795,1,-1
2021-12-21 15:36:55.221,17795,17796,17795,1,-1
2021-12-21 15:36:56.249,17795,17796,17795,1,-1
2021-12-21 15:36:56.809,17795,17796,17795,1,-1
2021-12-21 15:36:57.357,17795,17796,17795,1,-1
2021-12-21 15:36:59.515,17795,17796,17796,1,1
2021-12-21 15:36:59.517,17795,17796,17796,2,2
2021-12-21 15:36:59.518,17795,17796,17796,1,1
2021-12-21 15:36:59.518,17795,17796,17796,1,1
2021-12-21 15:36:59.518,17795,17796,17796,3,3
2021-12-21 15:37:00.929,17796,17797,17797,1,1
2021-12-21 15:37:14.233,17796,17797,17796,1,-1
2021-12-21 15:37:33.465,17795,17796,17795,1,-1
2021-12-21 15:37:33.690,17795,17796,17795,1,-1
2021-12-21 15:37:35.685,17795,17796,17795,1,-1
2021-12-21 15:37:36.301,17795,17796,17795,1,-1
2021-12-21 15:37:36.881,17795,17796,17795,1,-1
2021-12-21 15:37:37.401,17795,17796,17795,1,-1
2021-12-21 15:37:40.543,17795,17796,17795,1,-1
2021-12-21 15:37:42.686,17794,17795,17795,2,2
2021-12-21 15:37:43.545,17795,17796,17795,1,-1
2021-12-21 15:37:44.357,17795,17796,17795,1,-1
2021-12-21 15:37:44.993,17795,17796,17795,1,-1
2021-12-21 15:37:45.705,17795,17796,17795,1,-1
2021-12-21 15:37:46.715,17795,17796,17795,1,-1
2021-12-21 15:37:53.765,17795,17796,17795,1,-1
2021-12-21 15:37:54.454,17794,17795,17795,1,1
2021-12-21 15:37:55.928,17794,17795,17795,1,1
2021-12-21 15:37:58.263,17795,17796,17795,1,-1
2021-12-21 15:38:02.720,17795,17796,17796,1,1
2021-12-21 15:38:08.426,17795,17796,17796,1,1
2021-12-21 15:38:08.532,17795,17796,17796,1,1
2021-12-21 15:38:09.943,17795,17796,17795,2,-2
2021-12-21 15:38:15.101,17795,17796,17796,1,1
2021-12-21 15:38:27.822,17795,17796,17796,1,1
2021-12-21 15:38:34.524,17796,17797,17796,1,-1
2021-12-21 15:38:40.572,17796,17797,17796,1,-1
2021-12-21 15:39:02.580,17796,17797,17797,7,7
2021-12-21 15:39:07.106,17797,17798,17798,1,1
2021-12-21 15:39:07.107,17797,17798,17798,1,1
2021-12-21 15:39:07.216,17797,17799,17797,1,-1
2021-12-21 15:39:11.218,17797,17798,17798,1,1
2021-12-21 15:39:11.281,17797,17798,17797,1,-1
2021-12-21 15:39:12.274,17797,17798,17797,1,-1
2021-12-21 15:39:15.273,17797,17798,17798,1,1
2021-12-21 15:39:25.311,17798,17799,17799,1,1
2021-12-21 15:39:25.404,17798,17799,17799,2,2
2021-12-21 15:39:25.404,17798,17799,17800,2,2
2021-12-21 15:39:25.569,17798,17800,17800,1,1
2021-12-21 15:39:31.104,17798,17799,17799,1,1
2021-12-21 15:39:31.859,17798,17799,17799,1,1
2021-12-21 15:39:47.444,17799,17800,17799,1,-1
2021-12-21 15:39:47.844,17799,17800,17799,1,-1
2021-12-21 15:39:47.953,17798,17799,17799,1,1
2021-12-21 15:39:54.286,17799,17800,17799,1,-1
2021-12-21 15:40:00.235,17799,17800,17799,1,-1
2021-12-21 15:40:10.816,17799,17800,17800,1,1
2021-12-21 15:40:20.571,17799,17800,17799,1,-1
2021-12-21 15:40:23.013,17798,17800,17800,3,3
2021-12-21 15:40:24.371,17798,17799,17799,1,1
2021-12-21 15:40:24.427,17798,17799,17798,2,-2
2021-12-21 15:40:34.716,17797,17798,17798,1,1
2021-12-21 15:40:38.369,17797,17798,17797,2,-2
2021-12-21 15:40:43.076,17796,17798,17797,2,2
2021-12-21 15:41:00.542,17797,17798,17797,2,-2
2021-12-21 15:41:11.595,17796,17797,17796,2,-2
2021-12-21 15:41:20.527,17796,17797,17796,2,-2
2021-12-21 15:41:22.203,17796,17797,17796,1,-1
2021-12-21 15:41:22.203,17796,17797,17796,2,-2
2021-12-21 15:41:25.510,17795,17796,17795,3,-3
2021-12-21 15:41:25.512,17795,17796,17795,1,-1
2021-12-21 15:41:25.743,17794,17796,17794,2,-2
2021-12-21 15:41:29.044,17794,17796,17796,1,1
2021-12-21 15:41:34.035,17795,17796,17795,1,-1
2021-12-21 15:41:34.040,17795,17796,17795,1,-1
2021-12-21 15:41:39.269,17795,17796,17795,1,-1
2021-12-21 15:41:47.882,17794,17795,17795,1,1
2021-12-21 15:41:58.426,17794,17795,17795,1,1
2021-12-21 15:42:00.178,17794,17795,17795,1,1
2021-12-21 15:42:00.536,17794,17795,17794,1,-1
2021-12-21 15:42:00.739,17794,17795,17794,2,-2
2021-12-21 15:42:01.427,17794,17795,17794,1,-1
2021-12-21 15:42:01.427,17794,17795,17794,1,-1
2021-12-21 15:42:01.427,17794,17795,17794,4,-4
2021-12-21 15:42:01.427,17794,17795,17794,1,-1
2021-12-21 15:42:01.427,17794,17795,17794,1,-1
2021-12-21 15:42:01.427,17794,17795,17794,1,-1
2021-12-21 15:42:01.427,17794,17795,17794,2,-2
2021-12-21 15:42:01.572,17793,17794,17794,1,1
2021-12-21 15:42:10.112,17793,17794,17794,3,3
2021-12-21 15:42:10.113,17793,17794,17794,2,2
2021-12-21 15:42:10.113,17793,17794,17794,2,2
2021-12-21 15:42:10.113,17793,17794,17794,1,1
2021-12-21 15:42:20.539,17794,17795,17794,1,-1
2021-12-21 15:42:22.280,17794,17795,17794,1,-1
2021-12-21 15:42:22.280,17794,17795,17793,1,-1
2021-12-21 15:42:25.957,17793,17795,17794,1,1
2021-12-21 15:42:29.134,17793,17795,17793,2,-2
2021-12-21 15:42:34.308,17794,17795,17795,1,1
2021-12-21 15:42:37.811,17794,17795,17795,1,1
2021-12-21 15:42:39.992,17794,17795,17795,1,1
2021-12-21 15:42:40.550,17794,17795,17794,1,-1
2021-12-21 15:42:41.907,17794,17795,17794,1,-1
2021-12-21 15:42:49.295,17794,17795,17795,3,3
2021-12-21 15:43:17.423,17796,17798,17796,1,-1
2021-12-21 15:43:17.423,17796,17798,17795,1,-1
2021-12-21 15:43:20.500,17796,17797,17796,2,-2
2021-12-21 15:43:20.586,17795,17797,17796,1,1
2021-12-21 15:43:24.762,17796,17798,17796,2,-2
2021-12-21 15:43:27.838,17796,17797,17796,2,-2
2021-12-21 15:43:32.315,17796,17797,17796,2,-2
2021-12-21 15:43:50.083,17796,17798,17797,1,1
2021-12-21 15:44:04.235,17797,17798,17797,1,-1
2021-12-21 15:44:06.349,17797,17798,17798,1,1
2021-12-21 15:44:15.069,17797,17798,17798,5,5
2021-12-21 15:44:21.572,17798,17799,17798,1,-1
2021-12-21 15:44:24.674,17797,17798,17798,2,2
2021-12-21 15:44:40.111,17798,17799,17798,3,-3
2021-12-21 15:45:00.431,17797,17798,17797,2,-2
2021-12-21 15:45:00.431,17797,17798,17797,1,-1
2021-12-21 15:45:03.812,17796,17797,17797,2,2
2021-12-21 15:45:03.859,17796,17797,17797,1,1
2021-12-21 15:45:13.795,17796,17797,17796,2,-2
2021-12-21 15:45:13.795,17796,17797,17796,2,-2
2021-12-21 15:45:15.282,17795,17796,17795,3,-3
2021-12-21 15:45:15.283,17795,17796,17795,2,-2
2021-12-21 15:45:23.666,17794,17795,17795,1,1
2021-12-21 15:45:40.607,17795,17796,17795,2,-2
2021-12-21 15:45:45.531,17795,17796,17795,1,-1
2021-12-21 15:46:00.755,17795,17796,17795,1,-1
2021-12-21 15:46:03.030,17795,17796,17795,2,-2
2021-12-21 15:46:11.398,17795,17796,17796,4,4
2021-12-21 15:46:26.241,17795,17796,17796,1,1
2021-12-21 15:46:55.545,17796,17797,17796,1,-1
2021-12-21 15:47:05.902,17795,17796,17795,1,-1
2021-12-21 15:47:05.902,17795,17796,17795,2,-2
2021-12-21 15:47:05.902,17795,17796,17795,3,-3
2021-12-21 15:47:18.230,17795,17796,17795,1,-1
2021-12-21 15:47:25.540,17794,17795,17794,1,-1
2021-12-21 15:47:25.540,17794,17795,17794,1,-1
2021-12-21 15:47:25.862,17794,17795,17794,6,-6
2021-12-21 15:47:25.862,17794,17795,17794,1,-1
2021-12-21 15:47:32.444,17793,17794,17793,1,-1
2021-12-21 15:47:32.642,17793,17794,17793,2,-2
2021-12-21 15:47:32.715,17793,17794,17793,2,-2
2021-12-21 15:47:34.633,17792,17794,17794,1,1
2021-12-21 15:47:43.236,17793,17794,17794,1,1
2021-12-21 15:47:51.810,17793,17795,17795,1,1
2021-12-21 15:47:57.470,17795,17797,17797,1,1
2021-12-21 15:48:02.359,17796,17797,17796,1,-1
2021-12-21 15:48:02.838,17795,17796,17796,1,1
2021-12-21 15:48:03.610,17795,17796,17796,3,3
2021-12-21 15:48:07.731,17795,17796,17795,4,-4
2021-12-21 15:48:11.178,17794,17795,17795,1,1
2021-12-21 15:48:16.772,17794,17795,17795,1,1
2021-12-21 15:48:19.030,17794,17795,17794,2,-2
2021-12-21 15:48:23.917,17794,17795,17794,2,-2
2021-12-21 15:48:24.903,17793,17794,17793,4,-4
2021-12-21 15:48:31.762,17792,17794,17792,1,-1
2021-12-21 15:48:32.087,17792,17794,17792,4,-4
2021-12-21 15:48:33.976,17792,17794,17794,1,1
2021-12-21 15:48:39.792,17792,17793,17793,2,2
2021-12-21 15:48:43.810,17792,17794,17792,1,-1
2021-12-21 15:48:46.876,17792,17794,17792,2,-2
2021-12-21 15:48:59.664,17793,17794,17793,1,-1
2021-12-21 15:49:02.472,17792,17793,17792,2,-2
2021-12-21 15:49:02.899,17792,17793,17792,1,-1
2021-12-21 15:49:02.969,17792,17793,17792,1,-1
2021-12-21 15:49:02.994,17792,17793,17792,1,-1
2021-12-21 15:49:04.031,17792,17793,17792,1,-1
2021-12-21 15:49:10.648,17792,17793,17793,3,3
2021-12-21 15:49:12.430,17793,17794,17793,1,-1
2021-12-21 15:49:15.340,17793,17794,17793,1,-1
2021-12-21 15:49:18.384,17793,17794,17794,1,1
2021-12-21 15:49:21.668,17793,17794,17793,2,-2
2021-12-21 15:49:38.640,17793,17794,17794,3,3
2021-12-21 15:49:45.481,17794,17795,17795,8,8
2021-12-21 15:49:45.722,17795,17797,17795,1,-1
2021-12-21 15:49:56.819,17795,17796,17796,1,1
2021-12-21 15:50:10.323,17795,17796,17796,2,2
2021-12-21 15:50:14.149,17796,17797,17797,1,1
2021-12-21 15:50:16.518,17796,17797,17797,1,1
2021-12-21 15:50:20.538,17796,17797,17797,1,1
2021-12-21 15:50:26.233,17796,17798,17798,4,4
2021-12-21 15:50:31.643,17796,17797,17797,1,1
2021-12-21 15:50:36.542,17796,17798,17798,1,1
2021-12-21 15:51:00.561,17796,17797,17797,3,3
2021-12-21 15:51:02.152,17796,17797,17796,1,-1
2021-12-21 15:51:15.080,17793,17795,17793,2,-2
2021-12-21 15:51:29.396,17794,17795,17794,1,-1
2021-12-21 15:51:29.396,17794,17795,17794,1,-1
2021-12-21 15:51:50.781,17794,17795,17794,1,-1
2021-12-21 15:52:05.435,17793,17794,17793,6,-6
2021-12-21 15:52:06.299,17792,17793,17792,1,-1
2021-12-21 15:52:06.530,17792,17793,17792,2,-2
2021-12-21 15:52:06.589,17792,17793,17792,2,-2
2021-12-21 15:52:06.603,17792,17793,17792,2,-2
2021-12-21 15:52:07.424,17792,17793,17792,2,-2
2021-12-21 15:52:07.425,17792,17793,17792,2,-2
2021-12-21 15:52:12.502,17791,17792,17792,2,2
2021-12-21 15:52:18.179,17792,17793,17792,1,-1
2021-12-21 15:52:29.096,17792,17793,17792,5,-5
2021-12-21 15:52:30.887,17792,17793,17792,1,-1
2021-12-21 15:52:38.444,17792,17793,17793,2,2
2021-12-21 15:52:39.797,17793,17794,17793,1,-1
2021-12-21 15:52:43.681,17793,17794,17794,1,1
2021-12-21 15:52:44.021,17793,17794,17794,2,2
2021-12-21 15:52:44.021,17793,17794,17795,3,3
2021-12-21 15:52:56.133,17794,17795,17794,2,-2
2021-12-21 15:52:56.138,17794,17795,17795,1,1
2021-12-21 15:53:03.407,17793,17794,17793,2,-2
2021-12-21 15:53:03.408,17793,17794,17792,1,-1
2021-12-21 15:53:03.901,17792,17794,17794,1,1
2021-12-21 15:53:10.991,17792,17793,17793,1,1
2021-12-21 15:53:14.976,17793,17794,17793,4,-4
2021-12-21 15:53:35.280,17794,17795,17794,2,-2
2021-12-21 15:53:46.207,17794,17795,17794,2,-2
2021-12-21 15:53:51.934,17794,17795,17795,1,1
2021-12-21 15:53:51.934,17794,17795,17795,1,1
2021-12-21 15:53:51.934,17794,17795,17795,1,1
2021-12-21 15:53:52.058,17794,17796,17794,1,-1
2021-12-21 15:53:58.495,17795,17796,17795,2,-2
2021-12-21 15:53:59.495,17795,17796,17795,1,-1
2021-12-21 15:53:59.495,17795,17796,17794,1,-1
2021-12-21 15:54:08.114,17794,17795,17795,1,1
2021-12-21 15:54:14.771,17795,17796,17796,1,1
2021-12-21 15:54:15.387,17795,17796,17796,5,5
2021-12-21 15:54:24.946,17796,17797,17796,1,-1
2021-12-21 15:54:26.289,17796,17797,17797,2,2
2021-12-21 15:54:29.029,17796,17797,17796,1,-1
2021-12-21 15:54:29.068,17796,17797,17796,1,-1
2021-12-21 15:54:33.326,17795,17796,17795,2,-2
2021-12-21 15:54:34.151,17794,17796,17794,2,-2
2021-12-21 15:54:49.262,17794,17796,17796,1,1
2021-12-21 15:55:03.867,17793,17795,17794,1,1
2021-12-21 15:55:15.145,17794,17795,17794,1,-1
2021-12-21 15:55:30.629,17793,17794,17793,1,-1
2021-12-21 15:55:30.630,17793,17794,17793,4,-4
2021-12-21 15:55:30.630,17793,17794,17793,4,-4
2021-12-21 15:55:36.769,17792,17794,17792,3,-3
2021-12-21 15:55:41.008,17792,17793,17792,2,-2
2021-12-21 15:55:41.361,17792,17793,17792,3,-3
2021-12-21 15:55:41.534,17791,17793,17791,2,-2
2021-12-21 15:55:41.672,17791,17793,17791,2,-2
2021-12-21 15:55:41.814,17791,17793,17791,1,-1
2021-12-21 15:55:42.058,17791,17793,17791,1,-1
2021-12-21 15:55:42.072,17791,17793,17791,2,-2
2021-12-21 15:55:42.233,17791,17793,17791,2,-2
2021-12-21 15:55:42.336,17791,17793,17791,2,-2
2021-12-21 15:55:42.357,17791,17793,17791,2,-2
2021-12-21 15:55:42.449,17791,17793,17791,1,-1
2021-12-21 15:55:42.506,17791,17793,17792,1,1
2021-12-21 15:55:42.517,17791,17793,17791,1,-1
2021-12-21 15:55:46.515,17791,17792,17791,4,-4
2021-12-21 15:55:47.893,17791,17792,17792,1,1
2021-12-21 15:55:52.127,17791,17792,17792,2,2
2021-12-21 15:55:52.127,17791,17792,17793,1,1
2021-12-21 15:55:55.715,17792,17793,17793,1,1
2021-12-21 15:55:59.342,17793,17794,17793,1,-1
2021-12-21 15:55:59.664,17793,17794,17794,1,1
2021-12-21 15:55:59.664,17793,17794,17795,1,1
2021-12-21 15:56:15.671,17794,17796,17796,3,3
2021-12-21 15:56:31.286,17794,17796,17796,1,1
2021-12-21 15:56:32.271,17794,17795,17795,1,1
2021-12-21 15:56:33.192,17795,17796,17796,8,8
2021-12-21 15:56:47.390,17796,17797,17797,1,1
2021-12-21 15:56:48.180,17796,17797,17796,1,-1
2021-12-21 15:56:49.006,17796,17797,17796,1,-1
2021-12-21 15:57:00.532,17795,17796,17795,2,-2
2021-12-21 15:57:34.235,17795,17796,17795,1,-1
2021-12-21 15:57:34.236,17795,17796,17795,1,-1
2021-12-21 15:57:34.236,17795,17796,17795,1,-1
2021-12-21 15:57:34.236,17795,17796,17795,1,-1
2021-12-21 15:57:41.138,17795,17796,17795,1,-1
2021-12-21 15:57:42.967,17795,17796,17795,1,-1
2021-12-21 15:57:57.120,17794,17795,17794,2,-2
2021-12-21 15:58:08.158,17793,17794,17794,1,1
2021-12-21 15:58:08.158,17793,17794,17794,1,1
2021-12-21 15:58:08.912,17793,17795,17795,1,1
2021-12-21 15:58:19.218,17793,17795,17795,1,1
2021-12-21 15:58:40.266,17794,17796,17794,1,-1
2021-12-21 15:58:41.497,17794,17796,17796,1,1
2021-12-21 15:58:47.997,17795,17796,17795,1,-1
2021-12-21 15:58:55.232,17795,17796,17796,1,1
2021-12-21 15:59:03.075,17795,17796,17796,1,1
2021-12-21 15:59:08.278,17796,17797,17796,1,-1
2021-12-21 15:59:09.348,17796,17797,17796,1,-1
2021-12-21 15:59:12.768,17796,17797,17796,1,-1
2021-12-21 15:59:13.482,17796,17797,17796,1,-1
2021-12-21 15:59:27.295,17794,17795,17795,1,1
2021-12-21 15:59:29.310,17794,17795,17795,1,1
2021-12-21 15:59:29.320,17794,17795,17795,1,1
2021-12-21 15:59:34.050,17795,17796,17795,1,-1
2021-12-21 15:59:50.602,17795,17796,17795,1,-1
2021-12-21 15:59:53.991,17795,17796,17796,1,1
2021-12-21 15:59:55.223,17796,17797,17797,1,1
2021-12-21 15:59:55.223,17796,17797,17797,2,2
2021-12-21 15:59:55.223,17796,17797,17797,2,2
2021-12-21 15:59:55.475,17797,17798,17798,8,8
2021-12-21 15:59:59.158,17798,17799,17798,4,-4
2021-12-21 15:59:59.377,17797,17798,17798,1,1
2021-12-21 15:59:59.491,17797,17798,17797,6,-6
2021-12-21 15:59:59.492,17797,17798,17796,5,-5
2021-12-21 16:00:00.155,17796,17797,17796,2,-2
2021-12-21 16:00:00.268,17795,17796,17795,2,-2
2021-12-21 16:00:00.268,17795,17796,17795,4,-4
2021-12-21 16:00:00.428,17794,17795,17794,1,-1
2021-12-21 16:00:00.488,17794,17795,17793,1,-1
2021-12-21 16:00:00.488,17794,17795,17792,1,-1
2021-12-21 16:00:00.519,17792,17794,17792,2,-2
2021-12-21 16:00:00.528,17792,17794,17792,1,-1
2021-12-21 16:00:00.538,17792,17794,17792,3,-3
2021-12-21 16:00:00.599,17792,17794,17792,2,-2
2021-12-21 16:00:00.776,17791,17793,17792,1,1
2021-12-21 16:00:00.779,17791,17793,17794,1,1
2021-12-21 16:00:01.029,17792,17794,17792,5,-5
2021-12-21 16:00:01.457,17792,17794,17794,1,1
2021-12-21 16:00:01.559,17792,17794,17792,3,-3
2021-12-21 16:00:01.663,17791,17792,17792,1,1
2021-12-21 16:00:01.688,17791,17792,17792,4,4
2021-12-21 16:00:01.688,17791,17792,17792,1,1
2021-12-21 16:00:01.688,17791,17792,17792,10,10
2021-12-21 16:00:01.688,17791,17792,17792,6,6
2021-12-21 16:00:01.689,17791,17792,17792,12,12
2021-12-21 16:00:01.689,17791,17792,17792,1,1
2021-12-21 16:00:01.689,17791,17792,17792,4,4
2021-12-21 16:00:01.689,17791,17792,17792,2,2
2021-12-21 16:00:01.848,17792,17794,17792,3,-3
2021-12-21 16:00:01.877,17792,17794,17791,5,-5
2021-12-21 16:00:02.345,17791,17793,17791,5,-5
2021-12-21 16:00:02.345,17791,17793,17790,3,-3
2021-12-21 16:00:02.439,17790,17792,17790,4,-4
2021-12-21 16:00:02.481,17790,17792,17790,1,-1
2021-12-21 16:00:02.691,17790,17792,17790,1,-1
2021-12-21 16:00:02.862,17790,17792,17791,1,1
2021-12-21 16:00:03.797,17790,17791,17790,1,-1
2021-12-21 16:00:03.829,17790,17791,17790,1,-1
2021-12-21 16:00:04.501,17790,17792,17790,1,-1
2021-12-21 16:00:04.501,17790,17792,17790,1,-1
2021-12-21 16:00:04.501,17790,17792,17790,1,-1
2021-12-21 16:00:04.501,17790,17792,17790,1,-1
2021-12-21 16:00:04.501,17790,17792,17790,5,-5
2021-12-21 16:00:04.501,17790,17792,17790,3,-3
2021-12-21 16:00:04.502,17790,17792,17790,1,-1
2021-12-21 16:00:04.502,17790,17792,17790,1,-1
2021-12-21 16:00:04.502,17790,17792,17790,1,-1
2021-12-21 16:00:04.502,17790,17792,17790,5,-5
2021-12-21 16:00:05.285,17789,17791,17789,1,-1
2021-12-21 16:00:05.469,17789,17791,17789,1,-1
2021-12-21 16:00:07.424,17789,17790,17789,1,-1
2021-12-21 16:00:11.175,17789,17790,17789,1,-1
2021-12-21 16:00:11.176,17789,17790,17789,1,-1
2021-12-21 16:00:11.176,17789,17790,17789,4,-4
2021-12-21 16:00:12.157,17788,17789,17788,2,-2
2021-12-21 16:00:12.158,17788,17789,17788,1,-1
2021-12-21 16:00:12.158,17788,17789,17788,10,-10
2021-12-21 16:00:12.159,17788,17789,17787,1,-1
2021-12-21 16:00:12.382,17787,17788,17787,1,-1
2021-12-21 16:00:12.385,17787,17788,17787,1,-1
2021-12-21 16:00:12.681,17787,17788,17787,1,-1
2021-12-21 16:00:12.681,17787,17788,17787,11,-11
2021-12-21 16:00:12.682,17787,17788,17786,1,-1
2021-12-21 16:00:15.410,17786,17787,17786,7,-7
2021-12-21 16:00:15.410,17786,17787,17786,13,-13
2021-12-21 16:00:15.410,17786,17787,17786,5,-5
2021-12-21 16:00:15.410,17786,17787,17786,7,-7
2021-12-21 16:00:16.041,17785,17787,17785,1,-1
2021-12-21 16:00:16.149,17785,17787,17785,1,-1
2021-12-21 16:00:16.155,17785,17787,17785,1,-1
2021-12-21 16:00:16.515,17785,17786,17785,1,-1
2021-12-21 16:00:16.561,17785,17786,17785,1,-1
2021-12-21 16:00:16.614,17785,17786,17785,1,-1
2021-12-21 16:00:17.120,17785,17786,17785,1,-1
2021-12-21 16:00:17.308,17785,17786,17786,1,1
2021-12-21 16:00:18.348,17786,17787,17787,1,1
2021-12-21 16:00:19.451,17786,17788,17786,2,-2
2021-12-21 16:00:20.091,17787,17788,17788,1,1
2021-12-21 16:00:20.593,17786,17788,17788,2,2
2021-12-21 16:00:21.103,17787,17788,17787,1,-1
2021-12-21 16:00:21.103,17787,17788,17786,4,-4
2021-12-21 16:00:21.104,17787,17788,17785,2,-2
2021-12-21 16:00:21.104,17787,17788,17785,10,-10
2021-12-21 16:00:21.195,17785,17786,17786,1,1
2021-12-21 16:00:21.398,17785,17786,17786,2,2
2021-12-21 16:00:21.609,17785,17787,17786,1,1
2021-12-21 16:00:21.928,17785,17787,17785,3,-3
2021-12-21 16:00:22.594,17785,17786,17784,8,-8
2021-12-21 16:00:22.594,17785,17786,17784,1,-1
2021-12-21 16:00:22.594,17785,17786,17785,1,-1
2021-12-21 16:00:22.594,17785,17786,17784,1,-1
2021-12-21 16:00:22.594,17785,17786,17784,1,-1
2021-12-21 16:00:22.595,17785,17786,17784,2,-2
2021-12-21 16:00:22.595,17785,17786,17784,2,-2
2021-12-21 16:00:22.596,17785,17786,17783,1,-1
2021-12-21 16:00:22.610,17785,17786,17783,4,-4
2021-12-21 16:00:22.610,17785,17786,17783,7,-7
2021-12-21 16:00:22.611,17785,17786,17783,5,-5
2021-12-21 16:00:22.611,17785,17786,17782,1,-1
2021-12-21 16:00:22.612,17785,17786,17782,1,-1
2021-12-21 16:00:22.612,17785,17786,17782,1,-1
2021-12-21 16:00:22.612,17785,17786,17782,1,-1
2021-12-21 16:00:22.636,17782,17783,17783,1,1
2021-12-21 16:00:22.636,17782,17783,17784,5,5
2021-12-21 16:00:22.636,17782,17783,17784,1,1
2021-12-21 16:00:22.637,17782,17783,17783,2,2
2021-12-21 16:00:22.637,17782,17783,17783,1,1
2021-12-21 16:00:22.637,17782,17783,17784,1,1
2021-12-21 16:00:22.638,17782,17783,17784,1,1
2021-12-21 16:00:22.642,17782,17783,17783,2,2
2021-12-21 16:00:22.738,17782,17783,17782,4,-4
2021-12-21 16:00:22.738,17782,17783,17781,3,-3
2021-12-21 16:00:22.739,17782,17783,17781,6,-6
2021-12-21 16:00:22.756,17781,17784,17781,1,-1
2021-12-21 16:00:22.865,17781,17784,17782,1,-1
2021-12-21 16:00:22.892,17782,17784,17782,1,-1
2021-12-21 16:00:22.934,17782,17784,17782,1,-1
2021-12-21 16:00:22.982,17782,17784,17782,1,-1
2021-12-21 16:00:22.982,17782,17784,17782,2,-2
2021-12-21 16:00:23.034,17782,17784,17782,1,-1
2021-12-21 16:00:23.104,17782,17784,17781,1,-1
2021-12-21 16:00:23.105,17782,17784,17781,2,-2
2021-12-21 16:00:23.244,17781,17783,17782,2,2
2021-12-21 16:00:23.244,17781,17783,17781,4,-4
2021-12-21 16:00:23.244,17781,17783,17782,1,1
2021-12-21 16:00:23.260,17781,17782,17782,1,1
2021-12-21 16:00:23.284,17781,17782,17782,2,2
2021-12-21 16:00:23.288,17781,17782,17782,2,2
2021-12-21 16:00:23.288,17781,17782,17782,1,1
2021-12-21 16:00:23.311,17781,17782,17781,1,-1
2021-12-21 16:00:23.311,17781,17782,17781,2,-2
2021-12-21 16:00:23.312,17781,17782,17781,1,-1
2021-12-21 16:00:23.330,17781,17782,17781,1,-1
2021-12-21 16:00:23.330,17781,17782,17780,5,-5
2021-12-21 16:00:23.402,17780,17782,17781,2,2
2021-12-21 16:00:23.403,17780,17782,17780,2,-2
2021-12-21 16:00:23.403,17780,17782,17781,36,36
2021-12-21 16:00:23.403,17780,17782,17781,1,1
2021-12-21 16:00:23.403,17780,17782,17781,1,1
2021-12-21 16:00:23.450,17780,17782,17781,3,3
2021-12-21 16:00:23.487,17780,17782,17781,1,1
2021-12-21 16:00:23.499,17780,17782,17781,1,1
2021-12-21 16:00:23.504,17780,17782,17781,1,1
2021-12-21 16:00:23.507,17781,17783,17782,1,1
2021-12-21 16:00:23.510,17781,17783,17781,1,-1
2021-12-21 16:00:23.536,17781,17783,17781,1,-1
2021-12-21 16:00:23.579,17781,17783,17781,6,-6
2021-12-21 16:00:23.580,17781,17783,17780,2,-2
2021-12-21 16:00:23.580,17781,17783,17781,1,-1
2021-12-21 16:00:23.580,17781,17783,17780,1,-1
2021-12-21 16:00:23.604,17781,17783,17780,1,-1
2021-12-21 16:00:23.613,17781,17783,17780,1,-1
2021-12-21 16:00:23.659,17780,17781,17780,1,-1
2021-12-21 16:00:24.010,17781,17783,17781,1,-1
2021-12-21 16:00:24.243,17781,17783,17781,1,-1
2021-12-21 16:00:24.245,17781,17783,17781,1,-1
2021-12-21 16:00:24.295,17781,17783,17781,1,-1
2021-12-21 16:00:24.914,17782,17783,17783,1,1
2021-12-21 16:00:25.158,17781,17783,17781,1,-1
2021-12-21 16:00:25.158,17781,17783,17781,1,-1
2021-12-21 16:00:25.184,17781,17783,17780,1,-1
2021-12-21 16:00:25.219,17781,17783,17780,1,-1
2021-12-21 16:00:26.288,17781,17782,17782,1,1
2021-12-21 16:00:26.446,17781,17783,17781,1,-1
2021-12-21 16:00:26.481,17781,17783,17783,1,1
2021-12-21 16:00:26.510,17781,17783,17783,1,1
2021-12-21 16:00:27.271,17781,17783,17781,1,-1
2021-12-21 16:00:27.482,17781,17783,17782,1,1
2021-12-21 16:00:27.749,17781,17783,17782,1,1
2021-12-21 16:00:27.893,17781,17782,17782,1,1
2021-12-21 16:00:28.521,17781,17782,17781,7,-7
2021-12-21 16:00:28.521,17781,17782,17781,1,-1
2021-12-21 16:00:28.521,17781,17782,17781,1,-1
2021-12-21 16:00:28.638,17781,17782,17782,1,1
2021-12-21 16:00:29.673,17781,17782,17782,3,3
2021-12-21 16:00:29.674,17781,17782,17782,7,7
2021-12-21 16:00:29.674,17781,17782,17781,1,-1
2021-12-21 16:00:29.674,17781,17782,17781,1,-1
2021-12-21 16:00:30.615,17782,17783,17782,1,-1
2021-12-21 16:00:31.030,17782,17783,17783,1,1
2021-12-21 16:00:31.728,17783,17785,17783,1,-1
2021-12-21 16:00:32.783,17782,17784,17783,1,1
2021-12-21 16:00:34.985,17783,17784,17784,1,1
2021-12-21 16:00:35.443,17784,17785,17784,1,-1
2021-12-21 16:00:36.298,17784,17785,17785,2,2
2021-12-21 16:00:40.695,17784,17786,17785,2,2
2021-12-21 16:00:40.883,17785,17786,17785,1,-1
2021-12-21 16:00:40.884,17785,17786,17785,2,-2
2021-12-21 16:00:43.367,17784,17786,17786,3,3
2021-12-21 16:00:47.702,17785,17786,17786,3,3
2021-12-21 16:00:50.125,17786,17787,17786,3,-3
2021-12-21 16:00:50.496,17785,17787,17787,1,1
2021-12-21 16:00:50.736,17786,17787,17787,2,2
2021-12-21 16:00:53.252,17786,17787,17786,2,-2
2021-12-21 16:00:53.252,17786,17787,17785,1,-1
2021-12-21 16:00:53.969,17785,17786,17786,1,1
2021-12-21 16:00:54.627,17785,17787,17785,4,-4
2021-12-21 16:00:54.741,17784,17787,17787,1,1
2021-12-21 16:00:56.350,17786,17787,17786,1,-1
2021-12-21 16:00:56.481,17786,17787,17787,2,2
2021-12-21 16:00:57.481,17786,17787,17787,1,1
2021-12-21 16:00:59.640,17786,17787,17786,1,-1
2021-12-21 16:01:00.654,17784,17786,17787,2,2
2021-12-21 16:01:01.264,17785,17787,17787,5,5
2021-12-21 16:01:01.385,17785,17787,17785,1,-1
2021-12-21 16:01:01.775,17785,17786,17785,1,-1
2021-12-21 16:01:06.988,17786,17787,17786,1,-1
2021-12-21 16:01:08.424,17786,17787,17786,1,-1
2021-12-21 16:01:08.509,17786,17787,17786,1,-1
2021-12-21 16:01:08.509,17786,17787,17785,1,-1
2021-12-21 16:01:08.509,17786,17787,17785,1,-1
2021-12-21 16:01:08.509,17786,17787,17786,1,-1
2021-12-21 16:01:15.790,17786,17787,17787,3,3
2021-12-21 16:01:15.955,17787,17788,17788,3,3
2021-12-21 16:01:16.047,17787,17788,17787,1,-1
2021-12-21 16:01:16.573,17786,17788,17787,1,1
2021-12-21 16:01:16.573,17786,17788,17787,1,1
2021-12-21 16:01:16.586,17786,17788,17787,2,2
2021-12-21 16:01:16.805,17786,17788,17787,1,1
2021-12-21 16:01:17.302,17786,17788,17787,1,1
2021-12-21 16:01:17.318,17786,17788,17787,1,1
2021-12-21 16:01:17.384,17785,17787,17785,1,-1
2021-12-21 16:01:17.384,17785,17787,17785,1,-1
2021-12-21 16:01:17.386,17785,17787,17785,1,-1
2021-12-21 16:01:17.689,17785,17787,17785,1,-1
2021-12-21 16:01:19.411,17786,17788,17786,1,-1
2021-12-21 16:01:20.566,17786,17787,17786,1,-1
2021-12-21 16:01:23.548,17785,17786,17786,2,2
2021-12-21 16:01:28.173,17785,17786,17786,1,1
2021-12-21 16:01:28.685,17785,17786,17785,4,-4
2021-12-21 16:01:29.210,17783,17785,17785,1,1
2021-12-21 16:01:29.258,17784,17786,17784,1,-1
2021-12-21 16:01:29.259,17784,17786,17783,1,-1
2021-12-21 16:01:29.259,17784,17786,17783,1,-1
2021-12-21 16:01:29.262,17784,17786,17785,3,3
2021-12-21 16:01:29.267,17784,17786,17786,5,5
2021-12-21 16:01:31.260,17785,17786,17785,1,-1
2021-12-21 16:01:32.417,17783,17785,17785,1,1
2021-12-21 16:01:34.868,17783,17785,17783,7,-7
2021-12-21 16:01:38.338,17783,17784,17783,1,-1
2021-12-21 16:01:40.538,17783,17784,17783,5,-5
2021-12-21 16:01:42.096,17783,17784,17783,1,-1
2021-12-21 16:01:45.614,17783,17784,17783,1,-1
2021-12-21 16:01:47.017,17782,17783,17783,5,5
2021-12-21 16:01:47.191,17782,17783,17783,1,1
2021-12-21 16:01:47.813,17783,17784,17784,1,1
2021-12-21 16:01:48.252,17783,17784,17783,2,-2
2021-12-21 16:01:48.259,17783,17784,17783,1,-1
2021-12-21 16:01:50.549,17783,17784,17784,10,10
2021-12-21 16:01:52.970,17784,17785,17785,1,1
2021-12-21 16:01:52.971,17784,17785,17785,2,2
2021-12-21 16:01:53.604,17784,17786,17784,1,-1
2021-12-21 16:02:00.549,17784,17785,17784,1,-1
2021-12-21 16:02:01.292,17784,17785,17784,2,-2
2021-12-21 16:02:03.430,17784,17785,17785,2,2
2021-12-21 16:02:03.430,17784,17785,17786,1,1
2021-12-21 16:02:06.202,17784,17785,17784,2,-2
2021-12-21 16:02:06.487,17784,17785,17784,4,-4
2021-12-21 16:02:06.487,17784,17785,17784,1,-1
2021-12-21 16:02:06.929,17783,17785,17785,1,1
2021-12-21 16:02:09.916,17783,17784,17783,1,-1
2021-12-21 16:02:10.197,17782,17784,17782,1,-1
2021-12-21 16:02:10.198,17782,17784,17782,4,-4
2021-12-21 16:02:10.198,17782,17784,17782,1,-1
2021-12-21 16:02:12.245,17781,17783,17783,1,1
2021-12-21 16:02:12.319,17782,17783,17783,1,1
2021-12-21 16:02:13.330,17782,17783,17782,2,-2
2021-12-21 16:02:13.752,17781,17782,17781,1,-1
2021-12-21 16:02:13.875,17781,17783,17781,2,-2
2021-12-21 16:02:15.052,17781,17783,17781,2,-2
2021-12-21 16:02:16.173,17782,17783,17782,1,-1
2021-12-21 16:02:16.747,17782,17783,17782,1,-1
2021-12-21 16:02:17.173,17781,17782,17782,1,1
2021-12-21 16:02:17.969,17781,17783,17783,1,1
2021-12-21 16:02:19.559,17781,17782,17781,5,-5
2021-12-21 16:02:19.839,17780,17781,17780,1,-1
2021-12-21 16:02:20.166,17780,17781,17780,26,-26
2021-12-21 16:02:20.167,17780,17781,17779,1,-1
2021-12-21 16:02:20.270,17779,17780,17779,1,-1
2021-12-21 16:02:20.332,17779,17780,17779,3,-3
2021-12-21 16:02:20.332,17779,17780,17778,1,-1
2021-12-21 16:02:20.390,17778,17779,17778,5,-5
2021-12-21 16:02:20.391,17778,17779,17778,1,-1
2021-12-21 16:02:20.526,17778,17780,17778,1,-1
2021-12-21 16:02:20.570,17778,17780,17778,1,-1
2021-12-21 16:02:20.575,17778,17780,17778,1,-1
2021-12-21 16:02:20.939,17778,17779,17778,1,-1
2021-12-21 16:02:20.969,17778,17779,17779,1,1
2021-12-21 16:02:21.110,17778,17780,17779,2,2
2021-12-21 16:02:21.180,17778,17780,17778,5,-5
2021-12-21 16:02:21.212,17778,17780,17780,1,1
2021-12-21 16:02:21.326,17778,17780,17778,3,-3
2021-12-21 16:02:21.484,17778,17780,17778,3,-3
2021-12-21 16:02:21.874,17778,17779,17780,1,1
2021-12-21 16:02:21.922,17778,17780,17778,3,-3
2021-12-21 16:02:21.940,17778,17780,17778,3,-3
2021-12-21 16:02:22.278,17778,17780,17780,1,1
2021-12-21 16:02:23.012,17778,17780,17778,2,-2
2021-12-21 16:02:23.252,17778,17780,17778,1,-1
2021-12-21 16:02:23.422,17778,17780,17778,1,-1
2021-12-21 16:02:23.559,17778,17780,17778,1,-1
2021-12-21 16:02:23.680,17778,17780,17778,1,-1
2021-12-21 16:02:24.617,17779,17780,17780,1,1
2021-12-21 16:02:24.734,17779,17780,17780,2,2
2021-12-21 16:02:25.464,17779,17781,17779,5,-5
2021-12-21 16:02:25.475,17779,17781,17778,11,-11
2021-12-21 16:02:25.475,17779,17781,17777,14,-14
2021-12-21 16:02:25.534,17777,17779,17779,1,1
2021-12-21 16:02:25.929,17778,17779,17779,1,1
2021-12-21 16:02:26.047,17778,17779,17778,1,-1
2021-12-21 16:02:27.085,17778,17779,17779,1,1
2021-12-21 16:02:29.384,17778,17779,17779,1,1
2021-12-21 16:02:29.673,17778,17780,17780,1,1
2021-12-21 16:02:30.116,17779,17780,17779,1,-1
2021-12-21 16:02:34.630,17778,17780,17778,1,-1
2021-12-21 16:02:34.631,17778,17779,17778,1,-1
2021-12-21 16:02:34.632,17778,17779,17778,2,-2
2021-12-21 16:02:34.683,17778,17779,17778,2,-2
2021-12-21 16:02:34.684,17778,17779,17777,1,-1
2021-12-21 16:02:34.714,17778,17779,17778,1,-1
2021-12-21 16:02:35.262,17778,17779,17779,1,1
2021-12-21 16:02:36.403,17778,17779,17778,1,-1
2021-12-21 16:02:37.307,17777,17778,17778,1,1
2021-12-21 16:02:37.964,17777,17778,17778,1,1
2021-12-21 16:02:37.964,17777,17778,17779,1,1
2021-12-21 16:02:38.020,17778,17779,17779,1,1
2021-12-21 16:02:39.252,17778,17779,17778,1,-1
2021-12-21 16:02:39.513,17777,17779,17777,2,-2
2021-12-21 16:02:43.524,17777,17778,17777,1,-1
2021-12-21 16:02:44.151,17777,17778,17778,1,1
2021-12-21 16:02:44.151,17777,17778,17779,7,7
2021-12-21 16:02:44.919,17778,17779,17778,1,-1
2021-12-21 16:02:46.784,17778,17779,17779,2,2
2021-12-21 16:02:47.669,17779,17780,17780,2,2
2021-12-21 16:02:47.669,17779,17780,17780,4,4
2021-12-21 16:02:47.669,17779,17780,17780,1,1
2021-12-21 16:02:47.669,17779,17780,17780,2,2
2021-12-21 16:02:47.670,17779,17780,17780,1,1
2021-12-21 16:02:47.670,17779,17780,17780,1,1
2021-12-21 16:02:47.670,17779,17780,17780,1,1
2021-12-21 16:02:47.819,17780,17781,17781,2,2
2021-12-21 16:02:48.453,17780,17782,17780,1,-1
2021-12-21 16:02:48.915,17780,17781,17781,1,1
2021-12-21 16:02:48.916,17780,17781,17781,1,1
2021-12-21 16:02:54.229,17781,17782,17781,2,-2
2021-12-21 16:02:57.716,17780,17781,17781,1,1
2021-12-21 16:03:00.548,17780,17781,17780,1,-1
2021-12-21 16:03:00.911,17780,17781,17780,2,-2
2021-12-21 16:03:00.911,17780,17781,17779,1,-1
2021-12-21 16:03:00.926,17780,17781,17779,3,-3
2021-12-21 16:03:01.036,17779,17781,17779,3,-3
2021-12-21 16:03:01.065,17779,17781,17778,3,-3
2021-12-21 16:03:01.133,17778,17780,17778,1,-1
2021-12-21 16:03:01.134,17778,17780,17778,1,-1
2021-12-21 16:03:01.135,17778,17780,17778,1,-1
2021-12-21 16:03:01.135,17778,17780,17778,1,-1
2021-12-21 16:03:01.211,17778,17780,17778,3,-3
2021-12-21 16:03:01.211,17778,17780,17777,3,-3
2021-12-21 16:03:01.316,17777,17779,17777,4,-4
2021-12-21 16:03:01.319,17777,17779,17777,4,-4
2021-12-21 16:03:01.359,17777,17779,17777,4,-4
2021-12-21 16:03:01.359,17777,17779,17777,4,-4
2021-12-21 16:03:01.359,17777,17779,17776,2,-2
2021-12-21 16:03:01.527,17777,17778,17777,1,-1
2021-12-21 16:03:01.631,17777,17778,17777,1,-1
2021-12-21 16:03:02.011,17777,17778,17777,1,-1
2021-12-21 16:03:02.022,17777,17778,17776,6,-6
2021-12-21 16:03:02.220,17776,17778,17776,1,-1
2021-12-21 16:03:05.126,17777,17778,17777,3,-3
2021-12-21 16:03:06.335,17777,17778,17778,1,1
2021-12-21 16:03:06.595,17777,17779,17777,1,-1
2021-12-21 16:03:09.228,17779,17781,17779,1,-1
2021-12-21 16:03:09.258,17778,17781,17778,1,-1
2021-12-21 16:03:09.259,17778,17781,17778,1,-1
2021-12-21 16:03:09.259,17778,17781,17779,1,-1
2021-12-21 16:03:09.259,17778,17781,17778,1,-1
2021-12-21 16:03:09.259,17778,17781,17778,1,-1
2021-12-21 16:03:09.259,17778,17781,17779,1,-1
2021-12-21 16:03:09.259,17778,17781,17779,1,-1
2021-12-21 16:03:09.259,17778,17781,17778,1,-1
2021-12-21 16:03:09.260,17778,17781,17778,1,-1
2021-12-21 16:03:09.260,17778,17781,17778,1,-1
2021-12-21 16:03:09.260,17778,17781,17778,1,-1
2021-12-21 16:03:09.260,17778,17781,17778,1,-1
2021-12-21 16:03:09.261,17778,17781,17777,1,-1
2021-12-21 16:03:09.261,17778,17781,17777,1,-1
2021-12-21 16:03:09.261,17778,17781,17777,1,-1
2021-12-21 16:03:09.261,17778,17781,17777,1,-1
2021-12-21 16:03:09.827,17778,17780,17780,1,1
2021-12-21 16:03:12.335,17778,17780,17779,1,1
2021-12-21 16:03:14.380,17778,17779,17779,1,1
2021-12-21 16:03:14.744,17778,17779,17778,1,-1
2021-12-21 16:03:14.896,17777,17779,17779,1,1
2021-12-21 16:03:16.761,17778,17780,17778,1,-1
2021-12-21 16:03:19.430,17778,17780,17780,1,1
2021-12-21 16:03:19.508,17778,17780,17778,1,-1
2021-12-21 16:03:19.509,17778,17780,17778,1,-1
2021-12-21 16:03:19.509,17778,17780,17778,1,-1
2021-12-21 16:03:19.509,17778,17780,17778,1,-1
2021-12-21 16:03:19.510,17778,17780,17778,1,-1
2021-12-21 16:03:19.681,17778,17779,17778,1,-1
2021-12-21 16:03:24.188,17778,17779,17778,1,-1
2021-12-21 16:03:24.334,17778,17779,17779,1,1
2021-12-21 16:03:27.428,17778,17779,17779,6,6
2021-12-21 16:03:32.538,17778,17780,17780,1,1
2021-12-21 16:03:32.634,17778,17780,17778,1,-1
2021-12-21 16:03:32.635,17778,17780,17778,1,-1
2021-12-21 16:03:32.636,17778,17780,17778,1,-1
2021-12-21 16:03:32.636,17778,17780,17778,1,-1
2021-12-21 16:03:32.636,17778,17780,17778,1,-1
2021-12-21 16:03:32.919,17778,17779,17779,1,1
2021-12-21 16:03:33.434,17778,17779,17779,5,5
2021-12-21 16:03:33.781,17778,17779,17778,1,-1
2021-12-21 16:03:34.613,17778,17779,17778,1,-1
2021-12-21 16:03:35.618,17778,17780,17778,1,-1
2021-12-21 16:03:39.898,17778,17780,17780,1,1
2021-12-21 16:03:41.555,17778,17780,17780,1,1
2021-12-21 16:03:41.633,17778,17780,17778,1,-1
2021-12-21 16:03:41.713,17778,17780,17780,5,5
2021-12-21 16:03:41.960,17778,17780,17778,1,-1
2021-12-21 16:03:47.851,17779,17780,17780,2,2
2021-12-21 16:03:47.852,17779,17780,17780,2,2
2021-12-21 16:03:47.852,17779,17780,17780,2,2
2021-12-21 16:03:55.635,17780,17781,17780,1,-1
2021-12-21 16:03:55.759,17780,17781,17780,1,-1
2021-12-21 16:03:59.723,17780,17781,17780,1,-1
2021-12-21 16:04:00.180,17780,17781,17780,2,-2
2021-12-21 16:04:01.369,17780,17781,17781,4,4
2021-12-21 16:04:02.944,17780,17781,17781,1,1
2021-12-21 16:04:10.652,17780,17781,17781,1,1
2021-12-21 16:04:14.575,17780,17781,17780,2,-2
2021-12-21 16:04:15.339,17779,17780,17779,1,-1
2021-12-21 16:04:18.002,17778,17780,17780,1,1
2021-12-21 16:04:35.606,17778,17780,17780,2,2
2021-12-21 16:04:36.822,17779,17781,17779,1,-1
2021-12-21 16:04:43.542,17779,17780,17779,1,-1
2021-12-21 16:04:43.653,17778,17779,17779,1,1
2021-12-21 16:04:48.525,17778,17779,17779,1,1
2021-12-21 16:04:49.046,17778,17780,17778,1,-1
2021-12-21 16:04:49.940,17779,17780,17780,4,4
2021-12-21 16:04:50.449,17780,17781,17781,2,2
2021-12-21 16:04:52.975,17780,17781,17781,1,1
2021-12-21 16:04:52.975,17780,17781,17782,1,1
2021-12-21 16:04:53.021,17780,17782,17780,1,-1
2021-12-21 16:04:58.253,17780,17781,17781,1,1
2021-12-21 16:04:58.527,17780,17781,17781,2,2
2021-12-21 16:04:58.527,17780,17781,17781,1,1
2021-12-21 16:04:58.527,17780,17781,17781,10,10
2021-12-21 16:05:00.553,17781,17782,17781,3,-3
2021-12-21 16:05:00.793,17781,17782,17781,1,-1
2021-12-21 16:05:00.893,17780,17782,17780,1,-1
2021-12-21 16:05:01.086,17780,17782,17780,1,-1
2021-12-21 16:05:01.103,17780,17782,17780,1,-1
2021-12-21 16:05:01.119,17780,17782,17780,1,-1
2021-12-21 16:05:01.288,17780,17782,17780,1,-1
2021-12-21 16:05:01.834,17780,17782,17780,1,-1
2021-12-21 16:05:02.894,17779,17781,17781,1,1
2021-12-21 16:05:04.146,17780,17782,17780,1,-1
2021-12-21 16:05:10.840,17780,17781,17781,1,1
2021-12-21 16:05:11.534,17780,17781,17780,1,-1
2021-12-21 16:05:11.534,17780,17781,17780,1,-1
2021-12-21 16:05:11.691,17780,17781,17780,1,-1
2021-12-21 16:05:11.745,17780,17781,17780,1,-1
2021-12-21 16:05:12.008,17779,17780,17779,2,-2
2021-12-21 16:05:14.020,17779,17781,17779,1,-1
2021-12-21 16:05:16.868,17779,17780,17780,4,4
2021-12-21 16:05:16.869,17779,17780,17780,1,1
2021-12-21 16:05:18.017,17779,17780,17780,2,2
2021-12-21 16:05:18.717,17779,17780,17780,2,2
2021-12-21 16:05:20.543,17779,17780,17779,3,-3
2021-12-21 16:05:21.359,17779,17780,17779,1,-1
2021-12-21 16:05:21.360,17779,17780,17779,1,-1
2021-12-21 16:05:22.005,17778,17780,17778,1,-1
2021-12-21 16:05:26.327,17778,17779,17779,1,1
2021-12-21 16:05:26.327,17778,17779,17780,2,2
2021-12-21 16:05:26.970,17779,17780,17780,1,1
2021-12-21 16:05:27.493,17779,17780,17779,1,-1
2021-12-21 16:05:27.871,17779,17780,17779,1,-1
2021-12-21 16:05:27.871,17779,17780,17779,1,-1
2021-12-21 16:05:29.189,17779,17780,17780,1,1
2021-12-21 16:05:29.189,17779,17780,17780,1,1
2021-12-21 16:05:29.876,17780,17781,17780,1,-1
2021-12-21 16:05:39.009,17779,17780,17780,1,1
2021-12-21 16:05:39.009,17779,17780,17780,1,1
2021-12-21 16:05:42.060,17779,17780,17780,1,1
2021-12-21 16:05:53.806,17780,17781,17780,1,-1
2021-12-21 16:05:58.337,17780,17782,17781,1,1
2021-12-21 16:05:59.515,17780,17782,17782,2,2
2021-12-21 16:06:00.523,17781,17782,17782,2,2
2021-12-21 16:06:00.539,17781,17782,17782,2,2
2021-12-21 16:06:00.703,17781,17783,17783,2,2
2021-12-21 16:06:01.309,17781,17783,17783,3,3
2021-12-21 16:06:02.009,17781,17783,17783,2,2
2021-12-21 16:06:02.022,17781,17783,17781,1,-1
2021-12-21 16:06:02.027,17781,17783,17781,1,-1
2021-12-21 16:06:04.704,17781,17782,17782,2,2
2021-12-21 16:06:09.593,17781,17783,17783,1,1
2021-12-21 16:06:09.808,17781,17783,17783,1,1
2021-12-21 16:06:12.855,17781,17783,17783,1,1
2021-12-21 16:06:12.855,17781,17783,17784,1,1
2021-12-21 16:06:14.486,17781,17783,17783,2,2
2021-12-21 16:06:15.811,17782,17784,17784,2,2
2021-12-21 16:06:15.904,17783,17784,17783,1,-1
2021-12-21 16:06:25.311,17783,17784,17784,1,1
2021-12-21 16:06:32.974,17783,17784,17784,1,1
2021-12-21 16:06:34.607,17783,17784,17784,2,2
2021-12-21 16:06:37.667,17784,17785,17784,2,-2
2021-12-21 16:06:39.994,17784,17785,17784,1,-1
2021-12-21 16:06:40.829,17784,17785,17784,1,-1
2021-12-21 16:06:42.667,17784,17785,17785,1,1
2021-12-21 16:06:42.668,17784,17785,17785,2,2
2021-12-21 16:06:42.739,17784,17785,17786,1,1
2021-12-21 16:06:42.850,17785,17786,17785,1,-1
2021-12-21 16:06:43.309,17784,17786,17786,1,1
2021-12-21 16:06:43.833,17784,17786,17786,1,1
2021-12-21 16:06:44.138,17785,17786,17786,1,1
2021-12-21 16:06:45.350,17785,17786,17786,5,5
2021-12-21 16:06:48.891,17786,17787,17786,1,-1
2021-12-21 16:06:49.976,17785,17786,17785,1,-1
2021-12-21 16:06:49.977,17785,17786,17785,1,-1
2021-12-21 16:06:51.268,17783,17785,17783,5,-5
2021-12-21 16:06:52.321,17783,17784,17783,1,-1
2021-12-21 16:06:52.321,17783,17784,17783,3,-3
2021-12-21 16:06:52.321,17783,17784,17783,1,-1
2021-12-21 16:06:52.322,17783,17784,17783,2,-2
2021-12-21 16:07:00.886,17782,17784,17784,1,1
2021-12-21 16:07:03.506,17783,17785,17785,1,1
2021-12-21 16:07:04.701,17783,17785,17785,1,1
2021-12-21 16:07:06.578,17784,17785,17784,1,-1
2021-12-21 16:07:08.658,17783,17785,17785,1,1
2021-12-21 16:07:09.508,17782,17784,17784,1,1
2021-12-21 16:07:13.527,17782,17784,17784,1,1
2021-12-21 16:07:26.410,17783,17784,17784,1,1
2021-12-21 16:07:27.514,17783,17784,17783,3,-3
2021-12-21 16:07:32.850,17783,17784,17783,1,-1
2021-12-21 16:07:34.352,17783,17784,17783,1,-1
2021-12-21 16:07:35.648,17782,17783,17782,1,-1
2021-12-21 16:07:39.373,17782,17783,17782,1,-1
2021-12-21 16:07:39.896,17781,17782,17782,1,1
2021-12-21 16:07:39.896,17781,17782,17783,2,2
2021-12-21 16:07:41.712,17781,17782,17781,1,-1
2021-12-21 16:07:42.737,17781,17782,17781,1,-1
2021-12-21 16:07:46.558,17781,17782,17781,1,-1
2021-12-21 16:07:49.821,17781,17782,17781,1,-1
2021-12-21 16:07:50.770,17780,17781,17781,1,1
2021-12-21 16:07:52.727,17781,17782,17781,1,-1
2021-12-21 16:07:55.280,17780,17782,17780,3,-3
2021-12-21 16:07:58.143,17780,17782,17781,1,1
2021-12-21 16:08:00.606,17780,17782,17780,1,-1
2021-12-21 16:08:01.456,17780,17782,17780,1,-1
2021-12-21 16:08:03.605,17780,17781,17780,1,-1
2021-12-21 16:08:03.606,17780,17781,17779,1,-1
2021-12-21 16:08:04.398,17779,17781,17780,1,1
2021-12-21 16:08:04.775,17779,17781,17779,1,-1
2021-12-21 16:08:09.173,17779,17780,17780,2,2
2021-12-21 16:08:12.839,17779,17781,17781,2,2
2021-12-21 16:08:15.524,17780,17781,17780,3,-3
2021-12-21 16:08:16.572,17779,17781,17779,1,-1
2021-12-21 16:08:20.542,17780,17781,17780,1,-1
2021-12-21 16:08:22.093,17780,17781,17780,1,-1
2021-12-21 16:08:25.934,17780,17781,17780,1,-1
2021-12-21 16:08:27.705,17779,17780,17779,1,-1
2021-12-21 16:08:29.096,17779,17780,17780,1,1
2021-12-21 16:08:30.044,17779,17780,17780,1,1
2021-12-21 16:08:37.294,17779,17780,17779,1,-1
2021-12-21 16:08:40.555,17779,17780,17779,3,-3
2021-12-21 16:08:43.663,17779,17780,17780,2,2
2021-12-21 16:08:45.463,17779,17780,17780,9,9
2021-12-21 16:08:45.463,17779,17780,17780,5,5
2021-12-21 16:08:48.099,17780,17781,17781,5,5
2021-12-21 16:08:51.774,17780,17782,17781,1,1
2021-12-21 16:08:51.774,17780,17782,17781,3,3
2021-12-21 16:08:54.330,17780,17782,17780,6,-6
2021-12-21 16:08:54.375,17780,17782,17781,1,1
2021-12-21 16:08:55.768,17780,17781,17780,2,-2
2021-12-21 16:08:55.801,17780,17781,17781,2,2
2021-12-21 16:09:00.538,17780,17781,17780,3,-3
2021-12-21 16:09:00.973,17779,17781,17779,1,-1
2021-12-21 16:09:01.260,17779,17781,17779,1,-1
2021-12-21 16:09:04.442,17779,17781,17779,1,-1
2021-12-21 16:09:05.981,17779,17780,17779,1,-1
2021-12-21 16:09:07.973,17779,17780,17779,1,-1
2021-12-21 16:09:08.872,17779,17780,17779,1,-1
2021-12-21 16:09:10.282,17779,17780,17780,1,1
2021-12-21 16:09:15.130,17779,17780,17779,3,-3
2021-12-21 16:09:18.923,17779,17780,17779,1,-1
2021-12-21 16:09:25.681,17779,17780,17779,1,-1
2021-12-21 16:09:25.848,17779,17780,17779,2,-2
2021-12-21 16:09:28.577,17778,17779,17778,1,-1
2021-12-21 16:09:36.205,17778,17779,17779,1,1
2021-12-21 16:09:36.346,17779,17780,17779,1,-1
2021-12-21 16:09:39.180,17778,17779,17779,1,1
2021-12-21 16:09:42.637,17778,17779,17779,1,1
2021-12-21 16:09:44.924,17779,17780,17780,4,4
2021-12-21 16:09:44.924,17779,17780,17780,3,3
2021-12-21 16:09:53.379,17780,17782,17782,1,1
2021-12-21 16:09:55.210,17780,17781,17780,1,-1
2021-12-21 16:10:00.197,17780,17781,17781,1,1
2021-12-21 16:10:00.197,17780,17781,17781,1,1
2021-12-21 16:10:03.452,17781,17782,17781,1,-1
2021-12-21 16:10:11.818,17780,17781,17781,1,1
2021-12-21 16:10:24.407,17780,17781,17780,1,-1
2021-12-21 16:10:27.291,17780,17781,17781,1,1
2021-12-21 16:10:27.652,17780,17781,17781,1,1
2021-12-21 16:10:28.110,17781,17782,17781,1,-1
2021-12-21 16:10:28.325,17781,17782,17781,1,-1
2021-12-21 16:10:29.560,17780,17781,17781,1,1
2021-12-21 16:10:31.195,17780,17781,17780,3,-3
2021-12-21 16:10:31.195,17780,17781,17780,3,-3
2021-12-21 16:10:31.491,17779,17780,17779,1,-1
2021-12-21 16:10:31.579,17779,17780,17779,1,-1
2021-12-21 16:10:37.051,17778,17779,17778,2,-2
2021-12-21 16:10:37.051,17778,17779,17778,1,-1
2021-12-21 16:10:37.051,17778,17779,17778,2,-2
2021-12-21 16:10:37.051,17778,17779,17778,3,-3
2021-12-21 16:10:37.052,17778,17779,17778,11,-11
2021-12-21 16:10:39.063,17777,17778,17777,3,-3
2021-12-21 16:10:40.135,17777,17778,17777,13,-13
2021-12-21 16:10:40.136,17777,17778,17776,1,-1
2021-12-21 16:10:40.136,17777,17778,17776,2,-2
2021-12-21 16:10:40.387,17776,17777,17776,2,-2
2021-12-21 16:10:40.576,17776,17777,17776,1,-1
2021-12-21 16:10:40.712,17776,17777,17776,1,-1
2021-12-21 16:10:43.230,17776,17777,17776,1,-1
2021-12-21 16:10:43.873,17776,17777,17777,1,1
2021-12-21 16:10:43.914,17776,17777,17776,1,-1
2021-12-21 16:10:45.657,17776,17777,17777,1,1
2021-12-21 16:10:47.811,17776,17777,17777,3,3
2021-12-21 16:10:48.279,17777,17778,17778,2,2
2021-12-21 16:10:49.509,17777,17779,17779,1,1
2021-12-21 16:10:55.392,17778,17779,17779,2,2
2021-12-21 16:10:59.539,17779,17780,17780,1,1
2021-12-21 16:11:00.964,17780,17782,17780,1,-1
2021-12-21 16:11:05.994,17780,17781,17781,1,1
2021-12-21 16:11:06.157,17780,17782,17780,5,-5
2021-12-21 16:11:13.582,17779,17780,17779,1,-1
2021-12-21 16:11:13.928,17779,17780,17780,1,1
2021-12-21 16:11:17.083,17779,17780,17779,1,-1
2021-12-21 16:11:17.083,17779,17780,17779,1,-1
2021-12-21 16:11:26.956,17778,17779,17779,1,1
2021-12-21 16:11:26.956,17778,17779,17779,1,1
2021-12-21 16:11:26.956,17778,17779,17779,7,7
2021-12-21 16:11:26.956,17778,17779,17779,4,4
2021-12-21 16:11:26.956,17778,17779,17779,2,2
2021-12-21 16:11:28.598,17779,17780,17780,3,3
2021-12-21 16:11:29.989,17780,17781,17781,1,1
2021-12-21 16:11:31.193,17781,17782,17781,5,-5
2021-12-21 16:11:31.193,17781,17782,17780,10,-10
2021-12-21 16:11:33.924,17780,17781,17781,1,1
2021-12-21 16:11:37.407,17780,17782,17781,1,1
2021-12-21 16:11:38.334,17780,17781,17781,4,4
2021-12-21 16:11:42.315,17781,17782,17782,2,2
2021-12-21 16:11:42.317,17781,17782,17782,2,2
2021-12-21 16:11:42.317,17781,17782,17782,1,1
2021-12-21 16:11:42.317,17781,17782,17782,17,17
2021-12-21 16:11:42.472,17782,17783,17783,2,2
2021-12-21 16:11:44.063,17782,17783,17782,1,-1
2021-12-21 16:11:44.210,17782,17783,17783,1,1
2021-12-21 16:11:51.874,17782,17783,17782,2,-2
2021-12-21 16:11:51.874,17782,17783,17781,10,-10
2021-12-21 16:11:51.875,17782,17783,17781,1,-1
2021-12-21 16:11:51.875,17782,17783,17781,3,-3
2021-12-21 16:11:51.875,17782,17783,17780,1,-1
2021-12-21 16:11:52.240,17780,17781,17781,2,2
2021-12-21 16:11:53.425,17780,17781,17780,1,-1
2021-12-21 16:11:53.425,17780,17781,17780,1,-1
2021-12-21 16:11:59.105,17779,17780,17781,2,2
2021-12-21 16:12:03.290,17778,17780,17780,1,1
2021-12-21 16:12:04.945,17778,17780,17778,1,-1
2021-12-21 16:12:08.221,17778,17779,17778,1,-1
2021-12-21 16:12:08.221,17778,17779,17778,1,-1
2021-12-21 16:12:11.417,17777,17778,17777,2,-2
2021-12-21 16:12:13.462,17777,17778,17777,2,-2
2021-12-21 16:12:21.072,17777,17778,17778,1,1
2021-12-21 16:12:21.072,17777,17778,17778,8,8
2021-12-21 16:12:21.072,17777,17778,17778,4,4
2021-12-21 16:12:21.072,17777,17778,17778,2,2
2021-12-21 16:12:23.045,17777,17779,17779,2,2
2021-12-21 16:12:23.695,17778,17780,17780,2,2
2021-12-21 16:12:25.598,17778,17779,17779,2,2
2021-12-21 16:12:26.292,17777,17779,17777,1,-1
2021-12-21 16:12:31.190,17778,17779,17779,2,2
2021-12-21 16:12:31.591,17778,17779,17779,2,2
2021-12-21 16:12:32.666,17778,17779,17779,2,2
2021-12-21 16:12:33.570,17778,17780,17780,20,20
2021-12-21 16:12:41.389,17779,17780,17779,1,-1
2021-12-21 16:12:45.777,17778,17779,17778,2,-2
2021-12-21 16:12:46.522,17777,17778,17778,1,1
2021-12-21 16:12:46.578,17777,17778,17777,2,-2
2021-12-21 16:12:47.839,17777,17778,17778,1,1
2021-12-21 16:12:55.528,17777,17778,17778,1,1
2021-12-21 16:12:58.300,17777,17778,17777,16,-16
2021-12-21 16:12:58.300,17777,17778,17776,23,-23
2021-12-21 16:12:58.300,17777,17778,17775,14,-14
2021-12-21 16:12:58.303,17777,17778,17776,3,-3
2021-12-21 16:12:58.484,17775,17777,17775,5,-5
2021-12-21 16:12:58.504,17775,17777,17775,1,-1
2021-12-21 16:12:58.510,17775,17777,17775,5,-5
2021-12-21 16:12:58.533,17775,17777,17775,5,-5
2021-12-21 16:12:58.556,17775,17777,17775,5,-5
2021-12-21 16:12:58.953,17775,17776,17775,1,-1
2021-12-21 16:12:59.051,17775,17776,17776,1,1
2021-12-21 16:12:59.275,17775,17777,17777,10,10
2021-12-21 16:13:04.201,17777,17778,17777,1,-1
2021-12-21 16:13:07.507,17776,17778,17777,1,1
2021-12-21 16:13:13.252,17777,17778,17778,5,5
2021-12-21 16:13:13.252,17777,17778,17778,2,2
2021-12-21 16:13:13.252,17777,17778,17778,1,1
2021-12-21 16:13:13.252,17777,17778,17778,2,2
2021-12-21 16:13:20.721,17778,17779,17779,1,1
2021-12-21 16:13:41.599,17778,17779,17779,2,2
2021-12-21 16:13:45.218,17778,17779,17779,2,2
2021-12-21 16:13:45.218,17778,17779,17779,12,12
2021-12-21 16:13:45.219,17778,17779,17780,1,1
2021-12-21 16:13:45.220,17778,17779,17780,1,1
2021-12-21 16:13:45.220,17778,17779,17780,1,1
2021-12-21 16:13:45.220,17778,17779,17780,1,1
2021-12-21 16:13:45.220,17778,17779,17780,2,2
2021-12-21 16:13:45.224,17778,17779,17781,1,1
2021-12-21 16:14:03.937,17780,17782,17782,2,2
2021-12-21 16:14:10.887,17781,17782,17781,1,-1
2021-12-21 16:14:24.202,17779,17781,17781,1,1
2021-12-21 16:14:28.037,17780,17781,17781,1,1
2021-12-21 16:14:44.111,17780,17781,17781,1,1
2021-12-21 16:14:44.111,17780,17781,17782,1,1
2021-12-21 16:14:55.315,17781,17782,17782,2,2
2021-12-21 16:14:59.286,17781,17782,17781,2,-2
2021-12-21 16:14:59.587,17780,17782,17782,1,1
2021-12-21 16:15:17.763,17780,17781,17781,1,1
2021-12-21 16:15:17.890,17780,17781,17780,1,-1
2021-12-21 16:15:17.890,17780,17781,17780,1,-1
2021-12-21 16:15:17.893,17780,17781,17780,1,-1
2021-12-21 16:15:17.893,17780,17781,17780,1,-1
