2024-04-22 15:00:00.034,19555,19559,19559,65,65
2024-04-22 15:00:00.054,19555,19559,19559,3,3
2024-04-22 15:00:00.079,19555,19559,19559,1,1
2024-04-22 15:00:00.080,19555,19559,19556,1,-1
2024-04-22 15:00:00.103,19556,19560,19560,6,6
2024-04-22 15:00:00.119,19556,19560,19561,4,4
2024-04-22 15:00:00.289,19559,19562,19559,1,-1
2024-04-22 15:00:00.343,19559,19562,19559,1,-1
2024-04-22 15:00:00.344,19559,19562,19562,2,2
2024-04-22 15:00:00.404,19559,19562,19559,2,-2
2024-04-22 15:00:00.415,19559,19562,19562,2,2
2024-04-22 15:00:00.462,19559,19562,19562,2,2
2024-04-22 15:00:00.471,19559,19562,19563,1,1
2024-04-22 15:00:00.497,19559,19562,19563,2,2
2024-04-22 15:00:00.665,19561,19564,19564,1,1
2024-04-22 15:00:00.677,19561,19564,19564,1,1
2024-04-22 15:00:00.698,19561,19564,19564,1,1
2024-04-22 15:00:00.760,19561,19564,19562,1,-1
2024-04-22 15:00:00.768,19562,19565,19562,1,-1
2024-04-22 15:00:00.779,19562,19565,19561,1,-1
2024-04-22 15:00:00.817,19562,19565,19563,2,-2
2024-04-22 15:00:00.843,19562,19565,19563,2,-2
2024-04-22 15:00:00.843,19562,19565,19564,3,3
2024-04-22 15:00:00.853,19562,19565,19565,1,1
2024-04-22 15:00:00.855,19562,19565,19565,1,1
2024-04-22 15:00:00.878,19562,19565,19566,1,1
2024-04-22 15:00:00.946,19563,19566,19566,2,2
2024-04-22 15:00:01.015,19564,19566,19566,4,4
2024-04-22 15:00:01.043,19564,19566,19564,2,-2
2024-04-22 15:00:01.045,19564,19566,19563,1,-1
2024-04-22 15:00:01.046,19564,19566,19563,1,-1
2024-04-22 15:00:01.047,19564,19566,19563,1,-1
2024-04-22 15:00:01.051,19564,19566,19563,1,-1
2024-04-22 15:00:01.052,19564,19566,19563,2,-2
2024-04-22 15:00:01.072,19564,19566,19563,2,-2
2024-04-22 15:00:01.087,19564,19566,19562,5,-5
2024-04-22 15:00:01.087,19564,19566,19561,3,-3
2024-04-22 15:00:01.160,19561,19563,19563,2,2
2024-04-22 15:00:01.225,19561,19563,19561,1,-1
2024-04-22 15:00:01.227,19561,19563,19561,1,-1
2024-04-22 15:00:01.488,19561,19564,19561,3,-3
2024-04-22 15:00:01.489,19561,19564,19563,3,3
2024-04-22 15:00:01.490,19561,19564,19563,1,1
2024-04-22 15:00:01.491,19561,19564,19561,1,-1
2024-04-22 15:00:02.093,19560,19562,19562,2,2
2024-04-22 15:00:02.223,19560,19562,19563,4,4
2024-04-22 15:00:02.223,19560,19562,19562,6,6
2024-04-22 15:00:02.225,19560,19562,19562,3,3
2024-04-22 15:00:02.594,19560,19561,19560,1,-1
2024-04-22 15:00:02.594,19560,19561,19559,5,-5
2024-04-22 15:00:02.798,19559,19561,19561,1,1
2024-04-22 15:00:03.246,19558,19560,19558,9,-9
2024-04-22 15:00:03.266,19556,19558,19558,2,2
2024-04-22 15:00:03.521,19556,19559,19556,2,-2
2024-04-22 15:00:03.661,19556,19559,19559,2,2
2024-04-22 15:00:03.897,19556,19559,19559,2,2
2024-04-22 15:00:04.947,19555,19558,19558,2,2
2024-04-22 15:00:05.875,19555,19558,19557,1,1
2024-04-22 15:00:06.057,19557,19558,19557,2,-2
2024-04-22 15:00:06.315,19557,19558,19558,5,5
2024-04-22 15:00:06.315,19557,19558,19559,4,4
2024-04-22 15:00:06.336,19557,19558,19559,1,1
2024-04-22 15:00:06.336,19557,19558,19558,2,2
2024-04-22 15:00:06.336,19557,19558,19558,1,1
2024-04-22 15:00:06.347,19557,19558,19558,1,1
2024-04-22 15:00:06.359,19557,19558,19558,1,1
2024-04-22 15:00:07.220,19558,19560,19560,1,1
2024-04-22 15:00:07.220,19558,19560,19560,2,2
2024-04-22 15:00:07.336,19559,19561,19559,5,-5
2024-04-22 15:00:07.819,19558,19560,19557,1,-1
2024-04-22 15:00:07.819,19558,19560,19556,3,-3
2024-04-22 15:00:07.819,19558,19560,19555,1,-1
2024-04-22 15:00:08.336,19557,19559,19558,4,-4
2024-04-22 15:00:08.698,19557,19558,19558,2,2
2024-04-22 15:00:09.336,19557,19559,19557,3,-3
2024-04-22 15:00:10.336,19557,19558,19556,3,-3
2024-04-22 15:00:10.337,19557,19558,19556,1,-1
2024-04-22 15:00:11.336,19555,19556,19555,3,-3
2024-04-22 15:00:11.336,19555,19556,19554,1,-1
2024-04-22 15:00:11.336,19555,19556,19554,4,-4
2024-04-22 15:00:11.357,19555,19556,19553,4,-4
2024-04-22 15:00:11.385,19555,19556,19553,5,-5
2024-04-22 15:00:11.442,19552,19554,19552,1,-1
2024-04-22 15:00:11.764,19552,19553,19553,1,1
2024-04-22 15:00:11.764,19552,19553,19553,1,1
2024-04-22 15:00:12.275,19554,19556,19556,1,1
2024-04-22 15:00:12.354,19554,19556,19556,1,1
2024-04-22 15:00:12.355,19554,19556,19556,2,2
2024-04-22 15:00:12.357,19554,19556,19556,3,3
2024-04-22 15:00:12.650,19554,19556,19554,1,-1
2024-04-22 15:00:12.726,19554,19556,19554,2,-2
2024-04-22 15:00:13.317,19554,19555,19555,1,1
2024-04-22 15:00:13.490,19555,19556,19556,1,1
2024-04-22 15:00:13.875,19555,19556,19556,2,2
2024-04-22 15:00:14.242,19555,19556,19555,1,-1
2024-04-22 15:00:15.743,19554,19556,19554,1,-1
2024-04-22 15:00:15.920,19554,19556,19554,3,-3
2024-04-22 15:00:16.915,19555,19556,19556,1,1
2024-04-22 15:00:17.195,19555,19556,19555,2,-2
2024-04-22 15:00:17.314,19555,19556,19556,1,1
2024-04-22 15:00:17.936,19555,19557,19555,2,-2
2024-04-22 15:00:17.936,19555,19557,19554,1,-1
2024-04-22 15:00:18.691,19555,19557,19555,1,-1
2024-04-22 15:00:18.731,19555,19557,19555,1,-1
2024-04-22 15:00:19.173,19555,19556,19555,1,-1
2024-04-22 15:00:19.669,19555,19556,19556,1,1
2024-04-22 15:00:19.735,19555,19556,19555,1,-1
2024-04-22 15:00:20.222,19554,19556,19555,1,-1
2024-04-22 15:00:20.919,19555,19556,19555,1,-1
2024-04-22 15:00:21.183,19555,19556,19556,5,5
2024-04-22 15:00:21.183,19555,19556,19556,3,3
2024-04-22 15:00:21.184,19555,19556,19556,1,1
2024-04-22 15:00:21.356,19556,19557,19556,1,-1
2024-04-22 15:00:21.431,19555,19557,19556,1,-1
2024-04-22 15:00:21.825,19556,19557,19557,1,1
2024-04-22 15:00:21.826,19556,19557,19557,1,1
2024-04-22 15:00:21.880,19556,19557,19557,1,1
2024-04-22 15:00:22.616,19556,19558,19556,1,-1
2024-04-22 15:00:25.210,19556,19558,19556,9,-9
2024-04-22 15:00:25.210,19556,19558,19555,1,-1
2024-04-22 15:00:25.358,19555,19557,19557,1,1
2024-04-22 15:00:25.844,19556,19558,19557,1,1
2024-04-22 15:00:26.581,19556,19558,19556,1,-1
2024-04-22 15:00:26.629,19556,19558,19556,1,-1
2024-04-22 15:00:27.554,19556,19558,19556,9,-9
2024-04-22 15:00:27.554,19556,19558,19556,2,-2
2024-04-22 15:00:29.408,19557,19558,19557,1,-1
2024-04-22 15:00:29.717,19556,19558,19557,1,-1
2024-04-22 15:00:29.717,19556,19558,19557,2,-2
2024-04-22 15:00:29.717,19556,19558,19557,1,-1
2024-04-22 15:00:30.719,19556,19558,19556,1,-1
2024-04-22 15:00:33.935,19557,19558,19557,1,-1
2024-04-22 15:00:34.551,19556,19558,19558,1,1
2024-04-22 15:00:34.572,19556,19558,19557,1,1
2024-04-22 15:00:34.572,19556,19558,19556,4,-4
2024-04-22 15:00:35.349,19557,19558,19558,5,5
2024-04-22 15:00:35.373,19557,19558,19557,1,-1
2024-04-22 15:00:35.926,19556,19558,19557,2,-2
2024-04-22 15:00:37.040,19557,19558,19557,1,-1
2024-04-22 15:00:37.162,19557,19558,19557,1,-1
2024-04-22 15:00:37.198,19557,19558,19557,1,-1
2024-04-22 15:00:37.201,19557,19558,19557,1,-1
2024-04-22 15:00:37.585,19556,19557,19557,1,1
2024-04-22 15:00:37.623,19556,19557,19557,1,1
2024-04-22 15:00:37.736,19556,19557,19556,1,-1
2024-04-22 15:00:37.736,19556,19557,19556,2,-2
2024-04-22 15:00:37.736,19556,19557,19556,8,-8
2024-04-22 15:00:37.736,19556,19557,19556,3,-3
2024-04-22 15:00:37.736,19556,19557,19556,6,-6
2024-04-22 15:00:37.736,19556,19557,19556,3,-3
2024-04-22 15:00:37.736,19556,19557,19555,1,-1
2024-04-22 15:00:37.737,19556,19557,19555,3,-3
2024-04-22 15:00:37.737,19556,19557,19555,2,-2
2024-04-22 15:00:37.759,19556,19557,19556,5,-5
2024-04-22 15:00:37.963,19554,19556,19554,1,-1
2024-04-22 15:00:37.964,19554,19556,19554,1,-1
2024-04-22 15:00:37.966,19554,19556,19553,1,-1
2024-04-22 15:00:37.967,19554,19556,19553,1,-1
2024-04-22 15:00:38.646,19553,19554,19554,5,5
2024-04-22 15:00:39.388,19553,19555,19553,1,-1
2024-04-22 15:00:40.211,19554,19555,19555,8,8
2024-04-22 15:00:40.570,19554,19555,19555,1,1
2024-04-22 15:00:40.570,19554,19555,19556,2,2
2024-04-22 15:00:42.447,19554,19555,19554,1,-1
2024-04-22 15:00:42.778,19553,19555,19553,1,-1
2024-04-22 15:00:44.973,19553,19555,19553,1,-1
2024-04-22 15:00:46.208,19553,19554,19553,1,-1
2024-04-22 15:00:46.413,19553,19555,19553,3,-3
2024-04-22 15:00:46.560,19553,19555,19553,1,-1
2024-04-22 15:00:46.801,19553,19555,19552,2,-2
2024-04-22 15:00:46.801,19553,19555,19553,3,-3
2024-04-22 15:00:47.176,19552,19554,19552,1,-1
2024-04-22 15:00:49.222,19551,19553,19551,1,-1
2024-04-22 15:00:50.839,19551,19553,19551,3,-3
2024-04-22 15:00:51.166,19550,19552,19550,1,-1
2024-04-22 15:00:51.226,19550,19552,19550,1,-1
2024-04-22 15:00:51.650,19550,19552,19552,1,1
2024-04-22 15:00:52.916,19550,19552,19552,1,1
2024-04-22 15:00:53.626,19550,19552,19552,1,1
2024-04-22 15:00:53.626,19550,19552,19552,1,1
2024-04-22 15:00:53.892,19551,19553,19551,2,-2
2024-04-22 15:00:54.686,19551,19552,19551,1,-1
2024-04-22 15:00:54.686,19551,19552,19550,1,-1
2024-04-22 15:00:54.724,19551,19552,19550,2,-2
2024-04-22 15:00:54.964,19550,19552,19552,1,1
2024-04-22 15:00:56.217,19550,19552,19550,1,-1
2024-04-22 15:00:58.985,19550,19551,19551,1,1
2024-04-22 15:00:59.203,19550,19551,19550,1,-1
2024-04-22 15:00:59.923,19550,19551,19551,1,1
2024-04-22 15:00:59.923,19550,19551,19551,2,2
2024-04-22 15:00:59.924,19550,19551,19551,1,1
2024-04-22 15:00:59.934,19550,19551,19550,1,-1
2024-04-22 15:00:59.937,19550,19551,19552,2,2
2024-04-22 15:00:59.959,19550,19551,19550,1,-1
2024-04-22 15:01:00.185,19550,19552,19552,2,2
2024-04-22 15:01:00.185,19550,19552,19552,3,3
2024-04-22 15:01:00.186,19550,19552,19553,4,4
2024-04-22 15:01:00.187,19550,19552,19553,2,2
2024-04-22 15:01:00.188,19550,19552,19554,1,1
2024-04-22 15:01:00.188,19550,19552,19554,3,3
2024-04-22 15:01:00.188,19550,19552,19554,2,2
2024-04-22 15:01:00.211,19550,19552,19553,1,1
2024-04-22 15:01:00.211,19550,19552,19553,1,1
2024-04-22 15:01:00.212,19550,19552,19553,1,1
2024-04-22 15:01:00.289,19553,19554,19554,1,1
2024-04-22 15:01:00.290,19553,19554,19553,1,-1
2024-04-22 15:01:00.340,19553,19554,19553,1,-1
2024-04-22 15:01:00.741,19552,19554,19554,1,1
2024-04-22 15:01:00.856,19552,19554,19554,1,1
2024-04-22 15:01:01.897,19553,19554,19554,1,1
2024-04-22 15:01:01.897,19553,19554,19555,10,10
2024-04-22 15:01:01.939,19553,19554,19556,1,1
2024-04-22 15:01:01.939,19553,19554,19556,3,3
2024-04-22 15:01:01.939,19553,19554,19556,1,1
2024-04-22 15:01:01.939,19553,19554,19556,2,2
2024-04-22 15:01:01.939,19553,19554,19556,1,1
2024-04-22 15:01:01.939,19553,19554,19556,7,7
2024-04-22 15:01:01.940,19553,19554,19557,4,4
2024-04-22 15:01:01.940,19553,19554,19557,2,2
2024-04-22 15:01:01.940,19553,19554,19556,1,1
2024-04-22 15:01:01.940,19553,19554,19556,1,1
2024-04-22 15:01:02.016,19556,19558,19558,1,1
2024-04-22 15:01:02.278,19556,19558,19556,4,-4
2024-04-22 15:01:02.438,19556,19558,19556,1,-1
2024-04-22 15:01:03.136,19556,19558,19556,5,-5
2024-04-22 15:01:04.016,19556,19558,19556,1,-1
2024-04-22 15:01:04.259,19556,19558,19558,1,1
2024-04-22 15:01:04.349,19556,19558,19558,8,8
2024-04-22 15:01:04.350,19556,19558,19558,1,1
2024-04-22 15:01:04.352,19556,19558,19559,2,2
2024-04-22 15:01:04.353,19556,19558,19559,7,7
2024-04-22 15:01:04.354,19556,19558,19560,4,4
2024-04-22 15:01:04.354,19556,19558,19560,1,1
2024-04-22 15:01:04.354,19556,19558,19560,6,6
2024-04-22 15:01:04.399,19560,19562,19562,5,5
2024-04-22 15:01:04.400,19560,19562,19563,4,4
2024-04-22 15:01:04.401,19560,19562,19563,2,2
2024-04-22 15:01:04.402,19560,19562,19564,1,1
2024-04-22 15:01:04.403,19560,19562,19564,7,7
2024-04-22 15:01:04.404,19560,19562,19565,1,1
2024-04-22 15:01:04.404,19560,19562,19565,2,2
2024-04-22 15:01:04.404,19560,19562,19565,1,1
2024-04-22 15:01:04.544,19564,19566,19564,4,-4
2024-04-22 15:01:04.594,19564,19566,19564,1,-1
2024-04-22 15:01:05.637,19563,19565,19563,1,-1
2024-04-22 15:01:05.964,19563,19565,19563,1,-1
2024-04-22 15:01:05.994,19563,19565,19563,1,-1
2024-04-22 15:01:06.231,19563,19565,19565,1,1
2024-04-22 15:01:06.915,19563,19564,19563,1,-1
2024-04-22 15:01:07.028,19562,19564,19564,1,1
2024-04-22 15:01:07.173,19562,19564,19565,1,1
2024-04-22 15:01:07.274,19563,19565,19563,2,-2
2024-04-22 15:01:07.313,19563,19565,19564,3,-3
2024-04-22 15:01:07.836,19563,19565,19565,2,2
2024-04-22 15:01:08.348,19564,19566,19566,1,1
2024-04-22 15:01:08.681,19564,19566,19564,2,-2
2024-04-22 15:01:08.685,19564,19566,19564,2,-2
2024-04-22 15:01:08.987,19563,19565,19565,3,3
2024-04-22 15:01:09.479,19564,19565,19565,1,1
2024-04-22 15:01:09.522,19565,19566,19566,3,3
2024-04-22 15:01:09.815,19566,19567,19566,1,-1
2024-04-22 15:01:10.173,19565,19567,19567,3,3
2024-04-22 15:01:10.174,19565,19567,19567,1,1
2024-04-22 15:01:10.230,19565,19567,19566,1,1
2024-04-22 15:01:10.367,19566,19568,19568,2,2
2024-04-22 15:01:10.380,19566,19568,19566,1,-1
2024-04-22 15:01:10.460,19566,19568,19568,1,1
2024-04-22 15:01:10.926,19566,19568,19568,1,1
2024-04-22 15:01:11.073,19566,19568,19566,1,-1
2024-04-22 15:01:11.237,19566,19568,19567,2,-2
2024-04-22 15:01:11.358,19566,19568,19569,3,3
2024-04-22 15:01:11.772,19567,19569,19567,1,-1
2024-04-22 15:01:11.796,19567,19569,19567,1,-1
2024-04-22 15:01:11.883,19567,19569,19569,1,1
2024-04-22 15:01:11.977,19567,19569,19567,3,-3
2024-04-22 15:01:12.052,19566,19568,19566,1,-1
2024-04-22 15:01:13.125,19567,19569,19567,1,-1
2024-04-22 15:01:14.298,19566,19567,19566,1,-1
2024-04-22 15:01:14.298,19566,19567,19566,2,-2
2024-04-22 15:01:14.479,19565,19567,19565,1,-1
2024-04-22 15:01:15.041,19565,19567,19567,1,1
2024-04-22 15:01:15.351,19565,19567,19567,5,5
2024-04-22 15:01:15.940,19565,19567,19567,2,2
2024-04-22 15:01:15.940,19565,19567,19567,2,2
2024-04-22 15:01:15.965,19565,19567,19567,3,3
2024-04-22 15:01:16.384,19566,19568,19568,5,5
2024-04-22 15:01:16.390,19567,19569,19569,1,1
2024-04-22 15:01:16.634,19568,19569,19569,1,1
2024-04-22 15:01:16.665,19568,19569,19568,1,-1
2024-04-22 15:01:17.068,19567,19569,19569,2,2
2024-04-22 15:01:17.235,19567,19569,19569,1,1
2024-04-22 15:01:17.614,19568,19569,19569,2,2
2024-04-22 15:01:17.869,19569,19570,19569,4,-4
2024-04-22 15:01:17.938,19568,19570,19568,3,-3
2024-04-22 15:01:18.655,19569,19570,19570,1,1
2024-04-22 15:01:18.766,19569,19570,19570,1,1
2024-04-22 15:01:18.766,19569,19570,19570,1,1
2024-04-22 15:01:18.766,19569,19570,19570,9,9
2024-04-22 15:01:18.959,19570,19571,19570,1,-1
2024-04-22 15:01:18.960,19570,19571,19570,2,-2
2024-04-22 15:01:19.022,19569,19571,19568,1,-1
2024-04-22 15:01:19.095,19569,19571,19568,1,-1
2024-04-22 15:01:19.237,19568,19570,19570,1,1
2024-04-22 15:01:20.004,19569,19570,19569,2,-2
2024-04-22 15:01:20.241,19567,19569,19569,8,8
2024-04-22 15:01:20.768,19568,19570,19570,2,2
2024-04-22 15:01:20.830,19568,19570,19569,1,1
2024-04-22 15:01:20.919,19568,19570,19569,1,1
2024-04-22 15:01:21.580,19568,19570,19568,1,-1
2024-04-22 15:01:22.165,19567,19568,19567,4,-4
2024-04-22 15:01:22.166,19567,19568,19567,2,-2
2024-04-22 15:01:22.342,19566,19567,19566,1,-1
2024-04-22 15:01:22.356,19566,19567,19566,1,-1
2024-04-22 15:01:22.675,19565,19566,19565,1,-1
2024-04-22 15:01:22.676,19565,19566,19565,2,-2
2024-04-22 15:01:22.764,19564,19565,19564,1,-1
2024-04-22 15:01:22.813,19564,19565,19564,1,-1
2024-04-22 15:01:22.821,19564,19565,19564,1,-1
2024-04-22 15:01:22.926,19564,19565,19565,3,3
2024-04-22 15:01:23.113,19564,19566,19566,1,1
2024-04-22 15:01:23.277,19565,19566,19565,1,-1
2024-04-22 15:01:24.856,19564,19565,19565,1,1
2024-04-22 15:01:27.493,19564,19565,19564,1,-1
2024-04-22 15:01:27.494,19564,19565,19564,3,-3
2024-04-22 15:01:27.676,19563,19564,19563,3,-3
2024-04-22 15:01:28.211,19562,19564,19564,1,1
2024-04-22 15:01:28.265,19562,19564,19564,1,1
2024-04-22 15:01:28.498,19562,19564,19564,1,1
2024-04-22 15:01:28.852,19562,19564,19564,1,1
2024-04-22 15:01:28.854,19562,19564,19564,5,5
2024-04-22 15:01:29.122,19563,19565,19565,5,5
2024-04-22 15:01:30.047,19563,19565,19565,1,1
2024-04-22 15:01:30.047,19563,19565,19565,9,9
2024-04-22 15:01:30.049,19563,19565,19566,1,1
2024-04-22 15:01:30.232,19566,19568,19567,1,1
2024-04-22 15:01:30.795,19565,19567,19567,1,1
2024-04-22 15:01:30.980,19565,19567,19567,3,3
2024-04-22 15:01:30.982,19565,19567,19568,1,1
2024-04-22 15:01:31.036,19567,19569,19569,1,1
2024-04-22 15:01:31.726,19567,19569,19567,1,-1
2024-04-22 15:01:31.750,19567,19569,19567,4,-4
2024-04-22 15:01:31.794,19567,19568,19567,1,-1
2024-04-22 15:01:32.077,19566,19568,19568,1,1
2024-04-22 15:01:32.190,19567,19569,19567,3,-3
2024-04-22 15:01:32.282,19567,19569,19569,1,1
2024-04-22 15:01:33.556,19566,19568,19568,1,1
2024-04-22 15:01:33.853,19566,19568,19568,1,1
2024-04-22 15:01:34.357,19567,19568,19568,1,1
2024-04-22 15:01:34.429,19567,19569,19569,2,2
2024-04-22 15:01:34.542,19568,19569,19568,1,-1
2024-04-22 15:01:34.889,19567,19569,19569,1,1
2024-04-22 15:01:35.423,19567,19568,19568,1,1
2024-04-22 15:01:35.843,19567,19569,19567,4,-4
2024-04-22 15:01:35.899,19566,19568,19566,1,-1
2024-04-22 15:01:39.094,19565,19567,19565,3,-3
2024-04-22 15:01:40.270,19566,19567,19566,1,-1
2024-04-22 15:01:41.509,19566,19567,19566,3,-3
2024-04-22 15:01:42.754,19566,19567,19566,3,-3
2024-04-22 15:01:42.970,19566,19567,19566,1,-1
2024-04-22 15:01:42.970,19566,19567,19565,1,-1
2024-04-22 15:01:43.619,19565,19567,19565,1,-1
2024-04-22 15:01:43.666,19564,19565,19565,5,5
2024-04-22 15:01:45.397,19565,19567,19567,2,2
2024-04-22 15:01:45.397,19565,19567,19567,1,1
2024-04-22 15:01:45.422,19565,19567,19567,1,1
2024-04-22 15:01:45.539,19567,19568,19567,1,-1
2024-04-22 15:01:48.457,19565,19566,19565,1,-1
2024-04-22 15:01:48.516,19565,19566,19566,1,1
2024-04-22 15:01:48.516,19565,19566,19566,1,1
2024-04-22 15:01:51.453,19565,19566,19566,1,1
2024-04-22 15:01:51.896,19565,19566,19565,1,-1
2024-04-22 15:01:52.570,19565,19566,19565,1,-1
2024-04-22 15:01:52.663,19565,19566,19565,1,-1
2024-04-22 15:01:52.944,19564,19566,19564,1,-1
2024-04-22 15:01:54.358,19565,19566,19566,1,1
2024-04-22 15:01:54.511,19565,19566,19566,2,2
2024-04-22 15:01:54.511,19565,19566,19566,1,1
2024-04-22 15:01:54.511,19565,19566,19566,1,1
2024-04-22 15:01:55.646,19566,19567,19566,1,-1
2024-04-22 15:01:55.737,19566,19567,19566,1,-1
2024-04-22 15:01:55.987,19566,19567,19567,4,4
2024-04-22 15:01:55.988,19566,19567,19567,1,1
2024-04-22 15:01:56.063,19567,19568,19567,1,-1
2024-04-22 15:01:56.153,19567,19568,19567,1,-1
2024-04-22 15:01:56.856,19567,19568,19568,3,3
2024-04-22 15:01:56.856,19567,19568,19568,1,1
2024-04-22 15:01:56.857,19567,19568,19568,2,2
2024-04-22 15:01:57.288,19568,19569,19568,1,-1
2024-04-22 15:01:57.983,19567,19569,19568,1,-1
2024-04-22 15:01:57.983,19567,19569,19567,6,-6
2024-04-22 15:01:58.146,19566,19568,19568,1,1
2024-04-22 15:01:58.265,19566,19568,19568,1,1
2024-04-22 15:01:59.043,19567,19568,19567,1,-1
2024-04-22 15:01:59.959,19566,19568,19566,3,-3
2024-04-22 15:02:00.641,19567,19569,19569,2,2
2024-04-22 15:02:00.767,19568,19569,19569,1,1
2024-04-22 15:02:00.767,19568,19569,19569,1,1
2024-04-22 15:02:00.770,19568,19569,19569,1,1
2024-04-22 15:02:01.270,19568,19569,19568,3,-3
2024-04-22 15:02:01.391,19568,19569,19569,1,1
2024-04-22 15:02:01.391,19568,19569,19569,1,1
2024-04-22 15:02:01.840,19568,19569,19568,1,-1
2024-04-22 15:02:02.512,19568,19569,19568,1,-1
2024-04-22 15:02:03.918,19567,19568,19567,4,-4
2024-04-22 15:02:03.918,19567,19568,19567,2,-2
2024-04-22 15:02:03.918,19567,19568,19567,3,-3
2024-04-22 15:02:04.407,19566,19568,19568,2,2
2024-04-22 15:02:04.407,19566,19568,19568,1,1
2024-04-22 15:02:06.336,19566,19567,19566,1,-1
2024-04-22 15:02:06.850,19565,19567,19567,1,1
2024-04-22 15:02:07.568,19565,19566,19566,1,1
2024-04-22 15:02:07.640,19565,19567,19567,1,1
2024-04-22 15:02:07.640,19565,19567,19567,1,1
2024-04-22 15:02:07.641,19565,19567,19567,1,1
2024-04-22 15:02:10.225,19565,19566,19565,2,-2
2024-04-22 15:02:10.225,19565,19566,19565,2,-2
2024-04-22 15:02:10.225,19565,19566,19565,1,-1
2024-04-22 15:02:10.341,19564,19565,19564,1,-1
2024-04-22 15:02:10.776,19563,19565,19563,2,-2
2024-04-22 15:02:10.890,19563,19565,19565,1,1
2024-04-22 15:02:11.482,19563,19565,19565,5,5
2024-04-22 15:02:11.650,19563,19565,19565,1,1
2024-04-22 15:02:14.968,19563,19565,19563,1,-1
2024-04-22 15:02:17.105,19563,19565,19563,10,-10
2024-04-22 15:02:18.878,19561,19562,19563,1,1
2024-04-22 15:02:18.884,19561,19562,19562,1,1
2024-04-22 15:02:18.886,19562,19563,19562,6,-6
2024-04-22 15:02:18.886,19561,19562,19562,2,2
2024-04-22 15:02:18.891,19561,19562,19562,1,1
2024-04-22 15:02:19.587,19561,19563,19562,1,1
2024-04-22 15:02:20.031,19562,19563,19563,1,1
2024-04-22 15:02:20.220,19562,19563,19563,7,7
2024-04-22 15:02:20.221,19562,19563,19563,1,1
2024-04-22 15:02:20.221,19562,19563,19563,1,1
2024-04-22 15:02:20.695,19562,19564,19564,3,3
2024-04-22 15:02:20.934,19563,19565,19562,1,-1
2024-04-22 15:02:22.812,19562,19564,19562,2,-2
2024-04-22 15:02:24.485,19562,19564,19562,1,-1
2024-04-22 15:02:24.664,19562,19564,19562,1,-1
2024-04-22 15:02:25.295,19562,19564,19561,1,-1
2024-04-22 15:02:25.295,19562,19564,19562,6,-6
2024-04-22 15:02:25.456,19562,19563,19562,1,-1
2024-04-22 15:02:25.457,19562,19563,19562,1,-1
2024-04-22 15:02:25.539,19561,19562,19562,1,1
2024-04-22 15:02:25.540,19561,19562,19562,2,2
2024-04-22 15:02:26.058,19562,19564,19563,1,1
2024-04-22 15:02:26.238,19562,19564,19563,1,1
2024-04-22 15:02:26.358,19562,19564,19562,1,-1
2024-04-22 15:02:26.407,19562,19563,19563,1,1
2024-04-22 15:02:26.651,19562,19563,19562,8,-8
2024-04-22 15:02:26.694,19562,19563,19562,3,-3
2024-04-22 15:02:27.694,19561,19562,19561,1,-1
2024-04-22 15:02:27.766,19561,19562,19562,1,1
2024-04-22 15:02:27.766,19561,19562,19562,1,1
2024-04-22 15:02:27.766,19561,19562,19562,1,1
2024-04-22 15:02:27.766,19561,19562,19562,1,1
2024-04-22 15:02:27.766,19561,19562,19562,1,1
2024-04-22 15:02:28.342,19561,19562,19562,2,2
2024-04-22 15:02:28.342,19561,19562,19562,3,3
2024-04-22 15:02:28.342,19561,19562,19562,9,9
2024-04-22 15:02:28.342,19561,19562,19562,1,1
2024-04-22 15:02:28.342,19561,19562,19562,1,1
2024-04-22 15:02:28.342,19561,19562,19562,1,1
2024-04-22 15:02:28.342,19561,19562,19562,1,1
2024-04-22 15:02:28.343,19561,19562,19563,1,1
2024-04-22 15:02:28.343,19561,19562,19563,1,1
2024-04-22 15:02:28.390,19562,19563,19563,1,1
2024-04-22 15:02:28.390,19562,19563,19563,1,1
2024-04-22 15:02:28.458,19562,19563,19563,1,1
2024-04-22 15:02:30.661,19563,19564,19563,7,-7
2024-04-22 15:02:30.726,19563,19564,19563,8,-8
2024-04-22 15:02:30.776,19563,19564,19563,1,-1
2024-04-22 15:02:32.715,19562,19563,19562,2,-2
2024-04-22 15:02:33.386,19561,19562,19561,1,-1
2024-04-22 15:02:33.600,19560,19561,19561,7,7
2024-04-22 15:02:33.600,19560,19561,19562,13,13
2024-04-22 15:02:36.150,19561,19563,19561,5,-5
2024-04-22 15:02:36.626,19561,19562,19562,3,3
2024-04-22 15:02:37.695,19561,19563,19563,5,5
2024-04-22 15:02:37.981,19561,19563,19561,9,-9
2024-04-22 15:02:39.438,19560,19561,19560,2,-2
2024-04-22 15:02:40.212,19560,19561,19561,8,8
2024-04-22 15:02:40.604,19560,19562,19561,1,1
2024-04-22 15:02:42.235,19561,19562,19561,3,-3
2024-04-22 15:02:42.516,19560,19562,19560,1,-1
2024-04-22 15:02:42.960,19560,19562,19562,1,1
2024-04-22 15:02:44.886,19560,19561,19560,1,-1
2024-04-22 15:02:44.886,19560,19561,19560,4,-4
2024-04-22 15:02:44.886,19560,19561,19560,2,-2
2024-04-22 15:02:45.044,19559,19560,19559,4,-4
2024-04-22 15:02:45.562,19558,19559,19559,1,1
2024-04-22 15:02:45.601,19558,19559,19558,2,-2
2024-04-22 15:02:47.794,19557,19558,19557,1,-1
2024-04-22 15:02:47.946,19556,19557,19556,1,-1
2024-04-22 15:02:48.063,19555,19556,19555,5,-5
2024-04-22 15:02:48.246,19555,19557,19555,2,-2
2024-04-22 15:02:48.663,19554,19556,19554,1,-1
2024-04-22 15:02:49.623,19554,19556,19556,1,1
2024-04-22 15:02:50.200,19554,19556,19554,1,-1
2024-04-22 15:02:51.567,19554,19555,19554,1,-1
2024-04-22 15:02:53.100,19553,19555,19553,2,-2
2024-04-22 15:02:53.863,19553,19555,19555,1,1
2024-04-22 15:02:53.865,19553,19555,19555,1,1
2024-04-22 15:02:55.945,19553,19554,19554,6,6
2024-04-22 15:02:56.839,19553,19554,19554,3,3
2024-04-22 15:02:57.042,19554,19555,19555,1,1
2024-04-22 15:02:57.042,19554,19555,19555,1,1
2024-04-22 15:02:57.219,19554,19556,19554,1,-1
2024-04-22 15:02:57.712,19553,19555,19555,1,1
2024-04-22 15:02:58.651,19553,19554,19554,1,1
2024-04-22 15:02:58.651,19553,19554,19554,1,1
2024-04-22 15:02:58.651,19553,19554,19554,2,2
2024-04-22 15:02:59.048,19553,19555,19553,2,-2
2024-04-22 15:02:59.918,19553,19555,19555,1,1
2024-04-22 15:03:00.068,19553,19555,19555,1,1
2024-04-22 15:03:00.071,19553,19555,19555,1,1
2024-04-22 15:03:00.140,19553,19555,19555,1,1
2024-04-22 15:03:00.140,19553,19555,19555,1,1
2024-04-22 15:03:06.016,19554,19555,19554,9,-9
2024-04-22 15:03:06.016,19554,19555,19554,1,-1
2024-04-22 15:03:06.020,19554,19555,19553,1,-1
2024-04-22 15:03:06.020,19554,19555,19553,1,-1
2024-04-22 15:03:06.890,19554,19555,19555,1,1
2024-04-22 15:03:06.890,19554,19555,19555,4,4
2024-04-22 15:03:06.913,19554,19555,19555,1,1
2024-04-22 15:03:07.301,19554,19556,19554,5,-5
2024-04-22 15:03:07.391,19554,19556,19556,1,1
2024-04-22 15:03:07.392,19554,19556,19556,1,1
2024-04-22 15:03:07.508,19554,19556,19556,1,1
2024-04-22 15:03:08.668,19555,19556,19556,3,3
2024-04-22 15:03:09.477,19555,19557,19557,1,1
2024-04-22 15:03:09.583,19555,19557,19555,1,-1
2024-04-22 15:03:09.817,19555,19557,19557,1,1
2024-04-22 15:03:10.478,19555,19556,19555,1,-1
2024-04-22 15:03:11.073,19554,19556,19556,1,1
2024-04-22 15:03:16.004,19556,19557,19555,11,-11
2024-04-22 15:03:16.004,19556,19557,19556,4,-4
2024-04-22 15:03:16.590,19554,19555,19554,1,-1
2024-04-22 15:03:18.594,19554,19555,19555,1,1
2024-04-22 15:03:20.216,19554,19555,19555,5,5
2024-04-22 15:03:20.268,19555,19556,19556,1,1
2024-04-22 15:03:20.268,19555,19556,19556,1,1
2024-04-22 15:03:26.821,19554,19555,19554,3,-3
2024-04-22 15:03:27.769,19553,19554,19554,1,1
2024-04-22 15:03:27.895,19553,19554,19554,1,1
2024-04-22 15:03:30.741,19553,19554,19553,1,-1
2024-04-22 15:03:31.210,19553,19555,19553,2,-2
2024-04-22 15:03:31.951,19552,19554,19552,2,-2
2024-04-22 15:03:38.351,19552,19553,19552,5,-5
2024-04-22 15:03:38.437,19551,19553,19553,1,1
2024-04-22 15:03:38.579,19552,19553,19552,1,-1
2024-04-22 15:03:40.208,19551,19552,19552,1,1
2024-04-22 15:03:40.757,19551,19552,19552,1,1
2024-04-22 15:03:40.916,19551,19552,19552,1,1
2024-04-22 15:03:42.726,19552,19553,19553,2,2
2024-04-22 15:03:42.750,19552,19553,19553,1,1
2024-04-22 15:03:42.754,19552,19553,19553,1,1
2024-04-22 15:03:42.855,19552,19554,19554,3,3
2024-04-22 15:03:46.748,19553,19555,19553,1,-1
2024-04-22 15:03:51.885,19553,19554,19554,2,2
2024-04-22 15:03:55.549,19553,19554,19554,1,1
2024-04-22 15:03:57.514,19554,19555,19555,1,1
2024-04-22 15:03:58.328,19554,19555,19555,3,3
2024-04-22 15:04:01.636,19554,19556,19556,1,1
2024-04-22 15:04:04.587,19554,19555,19554,1,-1
2024-04-22 15:04:04.588,19554,19555,19554,1,-1
2024-04-22 15:04:04.588,19554,19555,19554,1,-1
2024-04-22 15:04:04.588,19554,19555,19554,6,-6
2024-04-22 15:04:04.588,19554,19555,19554,1,-1
2024-04-22 15:04:05.563,19553,19554,19554,3,3
2024-04-22 15:04:05.982,19553,19554,19554,1,1
2024-04-22 15:04:06.466,19553,19554,19553,1,-1
2024-04-22 15:04:06.467,19553,19554,19553,2,-2
2024-04-22 15:04:06.467,19553,19554,19553,1,-1
2024-04-22 15:04:06.467,19553,19554,19553,2,-2
2024-04-22 15:04:06.467,19553,19554,19553,1,-1
2024-04-22 15:04:06.467,19553,19554,19553,1,-1
2024-04-22 15:04:06.611,19552,19553,19553,1,1
2024-04-22 15:04:06.613,19552,19553,19553,1,1
2024-04-22 15:04:10.135,19552,19553,19553,1,1
2024-04-22 15:04:10.136,19552,19553,19553,1,1
2024-04-22 15:04:10.402,19552,19553,19553,1,1
2024-04-22 15:04:10.693,19553,19554,19554,1,1
2024-04-22 15:04:10.693,19553,19554,19553,1,-1
2024-04-22 15:04:10.693,19553,19554,19553,2,-2
2024-04-22 15:04:13.079,19554,19555,19555,1,1
2024-04-22 15:04:13.079,19554,19555,19555,1,1
2024-04-22 15:04:13.569,19555,19556,19555,1,-1
2024-04-22 15:04:14.053,19555,19556,19555,2,-2
2024-04-22 15:04:14.433,19555,19556,19555,3,-3
2024-04-22 15:04:15.678,19554,19556,19554,3,-3
2024-04-22 15:04:18.278,19555,19556,19555,1,-1
2024-04-22 15:04:19.442,19555,19556,19556,1,1
2024-04-22 15:04:20.226,19555,19556,19556,2,2
2024-04-22 15:04:26.018,19555,19556,19556,2,2
2024-04-22 15:04:26.947,19556,19557,19557,3,3
2024-04-22 15:04:30.556,19556,19558,19558,9,9
2024-04-22 15:04:30.556,19556,19558,19559,1,1
2024-04-22 15:04:30.734,19557,19559,19559,9,9
2024-04-22 15:04:30.734,19557,19559,19560,4,4
2024-04-22 15:04:30.736,19557,19559,19560,2,2
2024-04-22 15:04:30.736,19557,19559,19560,2,2
2024-04-22 15:04:30.902,19558,19560,19560,5,5
2024-04-22 15:04:30.923,19558,19560,19560,8,8
2024-04-22 15:04:30.923,19558,19560,19561,5,5
2024-04-22 15:04:31.129,19558,19560,19560,9,9
2024-04-22 15:04:31.129,19558,19560,19561,4,4
2024-04-22 15:04:31.197,19559,19561,19559,1,-1
2024-04-22 15:04:32.251,19558,19560,19559,4,-4
2024-04-22 15:04:34.578,19559,19561,19561,3,3
2024-04-22 15:04:34.620,19559,19561,19561,1,1
2024-04-22 15:04:34.738,19559,19561,19561,7,7
2024-04-22 15:04:40.236,19561,19562,19562,8,8
2024-04-22 15:04:40.237,19561,19562,19562,3,3
2024-04-22 15:04:40.237,19561,19562,19562,1,1
2024-04-22 15:04:40.878,19562,19563,19563,1,1
2024-04-22 15:04:41.048,19562,19563,19563,1,1
2024-04-22 15:04:41.754,19562,19563,19562,1,-1
2024-04-22 15:04:41.860,19562,19563,19563,4,4
2024-04-22 15:04:41.864,19562,19563,19563,1,1
2024-04-22 15:04:42.701,19562,19564,19564,1,1
2024-04-22 15:04:42.877,19562,19564,19564,1,1
2024-04-22 15:04:42.987,19562,19564,19564,5,5
2024-04-22 15:04:44.172,19562,19564,19564,1,1
2024-04-22 15:04:44.993,19563,19564,19563,1,-1
2024-04-22 15:04:47.128,19562,19563,19562,2,-2
2024-04-22 15:04:47.129,19562,19563,19562,1,-1
2024-04-22 15:04:47.237,19561,19563,19562,1,-1
2024-04-22 15:04:47.496,19561,19562,19561,2,-2
2024-04-22 15:04:47.611,19560,19561,19561,1,1
2024-04-22 15:04:48.656,19560,19561,19561,2,2
2024-04-22 15:04:53.471,19560,19561,19560,1,-1
2024-04-22 15:04:55.849,19559,19560,19560,6,6
2024-04-22 15:04:55.849,19559,19560,19560,2,2
2024-04-22 15:05:00.395,19559,19560,19560,1,1
2024-04-22 15:05:00.681,19560,19561,19561,1,1
2024-04-22 15:05:00.926,19560,19561,19561,1,1
2024-04-22 15:05:00.936,19560,19561,19561,1,1
2024-04-22 15:05:04.181,19559,19560,19561,5,5
2024-04-22 15:05:04.181,19559,19560,19560,1,1
2024-04-22 15:05:05.317,19561,19562,19561,1,-1
2024-04-22 15:05:05.419,19561,19562,19561,1,-1
2024-04-22 15:05:06.128,19561,19562,19561,2,-2
2024-04-22 15:05:06.199,19560,19562,19560,4,-4
2024-04-22 15:05:06.568,19559,19560,19560,2,2
2024-04-22 15:05:06.924,19559,19561,19561,9,9
2024-04-22 15:05:06.924,19559,19561,19562,4,4
2024-04-22 15:05:11.214,19560,19561,19561,2,2
2024-04-22 15:05:11.749,19561,19562,19562,1,1
2024-04-22 15:05:12.864,19562,19563,19563,3,3
2024-04-22 15:05:12.887,19562,19563,19563,1,1
2024-04-22 15:05:16.185,19562,19563,19563,2,2
2024-04-22 15:05:17.528,19562,19563,19563,1,1
2024-04-22 15:05:17.528,19562,19563,19564,4,4
2024-04-22 15:05:20.136,19562,19563,19563,1,1
2024-04-22 15:05:20.136,19562,19563,19563,1,1
2024-04-22 15:05:24.220,19563,19564,19563,1,-1
2024-04-22 15:05:24.220,19563,19564,19563,1,-1
2024-04-22 15:05:24.221,19563,19564,19563,1,-1
2024-04-22 15:05:24.222,19563,19564,19563,3,-3
2024-04-22 15:05:24.361,19562,19563,19563,1,1
2024-04-22 15:05:25.115,19562,19563,19562,5,-5
2024-04-22 15:05:25.220,19561,19563,19561,1,-1
2024-04-22 15:05:26.175,19562,19563,19562,1,-1
2024-04-22 15:05:26.360,19561,19563,19562,1,-1
2024-04-22 15:05:32.042,19562,19563,19563,6,6
2024-04-22 15:05:32.042,19562,19563,19563,1,1
2024-04-22 15:05:39.564,19563,19564,19564,1,1
2024-04-22 15:05:39.629,19563,19564,19564,1,1
2024-04-22 15:05:39.629,19563,19564,19564,1,1
2024-04-22 15:05:39.630,19563,19564,19564,8,8
2024-04-22 15:05:39.630,19563,19564,19564,1,1
2024-04-22 15:05:39.654,19564,19565,19564,1,-1
2024-04-22 15:05:40.230,19564,19565,19565,8,8
2024-04-22 15:05:40.231,19564,19565,19565,2,2
2024-04-22 15:05:40.231,19564,19565,19565,10,10
2024-04-22 15:05:40.233,19564,19565,19566,2,2
2024-04-22 15:05:40.233,19564,19565,19566,1,1
2024-04-22 15:05:40.266,19565,19566,19566,1,1
2024-04-22 15:05:40.389,19565,19566,19566,2,2
2024-04-22 15:05:42.544,19566,19567,19566,1,-1
2024-04-22 15:05:42.737,19565,19567,19566,1,-1
2024-04-22 15:05:42.738,19565,19567,19566,6,-6
2024-04-22 15:05:42.740,19565,19567,19566,1,-1
2024-04-22 15:05:43.628,19565,19566,19566,1,1
2024-04-22 15:05:44.041,19565,19566,19566,1,1
2024-04-22 15:05:44.491,19565,19566,19566,1,1
2024-04-22 15:05:45.519,19566,19567,19566,2,-2
2024-04-22 15:05:45.519,19566,19567,19566,1,-1
2024-04-22 15:05:45.519,19566,19567,19566,1,-1
2024-04-22 15:05:45.562,19566,19567,19565,2,-2
2024-04-22 15:05:45.736,19564,19565,19565,1,1
2024-04-22 15:05:45.737,19564,19565,19565,1,1
2024-04-22 15:05:45.772,19564,19566,19565,1,1
2024-04-22 15:05:46.101,19564,19566,19564,4,-4
2024-04-22 15:05:46.203,19563,19565,19565,4,4
2024-04-22 15:05:46.237,19563,19565,19564,1,1
2024-04-22 15:05:47.477,19563,19565,19565,1,1
2024-04-22 15:05:48.815,19563,19565,19563,5,-5
2024-04-22 15:05:54.244,19563,19564,19564,1,1
2024-04-22 15:05:56.077,19563,19564,19563,1,-1
2024-04-22 15:05:59.006,19563,19564,19563,2,-2
2024-04-22 15:05:59.709,19562,19564,19562,5,-5
2024-04-22 15:05:59.936,19561,19563,19563,1,1
2024-04-22 15:06:01.386,19561,19563,19561,1,-1
2024-04-22 15:06:03.242,19561,19562,19562,4,4
2024-04-22 15:06:03.938,19561,19562,19562,16,16
2024-04-22 15:06:03.939,19561,19562,19562,4,4
2024-04-22 15:06:05.055,19561,19563,19561,3,-3
2024-04-22 15:06:11.062,19562,19563,19562,3,-3
2024-04-22 15:06:11.464,19562,19563,19562,2,-2
2024-04-22 15:06:11.611,19561,19563,19562,1,-1
2024-04-22 15:06:11.613,19561,19563,19562,1,-1
2024-04-22 15:06:12.240,19561,19563,19563,1,1
2024-04-22 15:06:12.266,19561,19563,19563,1,1
2024-04-22 15:06:12.793,19561,19563,19561,2,-2
2024-04-22 15:06:17.491,19561,19562,19562,1,1
2024-04-22 15:06:17.556,19561,19563,19563,5,5
2024-04-22 15:06:17.803,19561,19563,19561,1,-1
2024-04-22 15:06:25.560,19561,19562,19562,1,1
2024-04-22 15:06:25.560,19561,19562,19563,1,1
2024-04-22 15:06:26.267,19561,19562,19561,4,-4
2024-04-22 15:06:27.468,19560,19562,19560,8,-8
2024-04-22 15:06:27.610,19559,19561,19560,1,-1
2024-04-22 15:06:34.653,19561,19562,19562,2,2
2024-04-22 15:06:45.014,19561,19562,19562,1,1
2024-04-22 15:06:48.355,19561,19562,19562,2,2
2024-04-22 15:06:52.244,19561,19562,19561,1,-1
2024-04-22 15:06:52.245,19561,19562,19561,3,-3
2024-04-22 15:06:52.245,19561,19562,19561,6,-6
2024-04-22 15:06:52.361,19560,19561,19561,1,1
2024-04-22 15:06:52.418,19559,19561,19561,1,1
2024-04-22 15:06:52.652,19560,19561,19560,1,-1
2024-04-22 15:06:55.261,19559,19561,19561,1,1
2024-04-22 15:06:56.336,19559,19561,19560,7,7
2024-04-22 15:06:56.520,19559,19561,19559,2,-2
2024-04-22 15:07:02.454,19559,19560,19560,1,1
2024-04-22 15:07:02.455,19559,19560,19560,1,1
2024-04-22 15:07:02.455,19559,19560,19560,6,6
2024-04-22 15:07:02.455,19559,19560,19561,10,10
2024-04-22 15:07:02.456,19559,19560,19560,4,4
2024-04-22 15:07:02.457,19559,19560,19561,2,2
2024-04-22 15:07:02.459,19559,19560,19561,6,6
2024-04-22 15:07:02.461,19559,19560,19562,3,3
2024-04-22 15:07:02.464,19559,19560,19562,1,1
2024-04-22 15:07:02.465,19559,19560,19562,1,1
2024-04-22 15:07:02.490,19559,19560,19562,1,1
2024-04-22 15:07:02.490,19559,19560,19562,1,1
2024-04-22 15:07:02.490,19559,19560,19562,1,1
2024-04-22 15:07:02.491,19559,19560,19561,1,1
2024-04-22 15:07:02.750,19561,19562,19562,1,1
2024-04-22 15:07:02.846,19561,19562,19562,2,2
2024-04-22 15:07:03.221,19562,19563,19563,5,5
2024-04-22 15:07:03.481,19563,19564,19564,2,2
2024-04-22 15:07:03.481,19563,19564,19564,5,5
2024-04-22 15:07:04.323,19564,19565,19564,4,-4
2024-04-22 15:07:04.486,19563,19565,19565,3,3
2024-04-22 15:07:05.281,19564,19565,19564,1,-1
2024-04-22 15:07:07.748,19564,19565,19565,1,1
2024-04-22 15:07:07.882,19564,19565,19564,1,-1
2024-04-22 15:07:08.227,19564,19565,19564,1,-1
2024-04-22 15:07:08.227,19564,19565,19564,1,-1
2024-04-22 15:07:10.058,19564,19565,19565,1,1
2024-04-22 15:07:11.873,19564,19565,19564,2,-2
2024-04-22 15:07:12.046,19564,19565,19564,1,-1
2024-04-22 15:07:14.128,19563,19565,19564,1,-1
2024-04-22 15:07:18.406,19563,19564,19564,1,1
2024-04-22 15:07:19.998,19563,19564,19563,3,-3
2024-04-22 15:07:20.083,19562,19564,19564,1,1
2024-04-22 15:07:20.217,19563,19564,19563,1,-1
2024-04-22 15:07:22.304,19563,19564,19563,1,-1
2024-04-22 15:07:22.485,19562,19563,19563,1,1
2024-04-22 15:07:28.201,19562,19563,19562,2,-2
2024-04-22 15:07:28.361,19561,19562,19562,1,1
2024-04-22 15:07:31.912,19561,19562,19562,1,1
2024-04-22 15:07:31.912,19561,19562,19562,4,4
2024-04-22 15:07:31.912,19561,19562,19562,2,2
2024-04-22 15:07:33.516,19561,19563,19561,1,-1
2024-04-22 15:07:35.603,19560,19562,19562,1,1
2024-04-22 15:07:36.078,19561,19563,19561,1,-1
2024-04-22 15:07:40.024,19560,19561,19560,1,-1
2024-04-22 15:07:40.235,19559,19560,19560,1,1
2024-04-22 15:07:46.376,19559,19560,19559,1,-1
2024-04-22 15:07:48.891,19560,19561,19560,1,-1
2024-04-22 15:07:48.979,19560,19561,19560,1,-1
2024-04-22 15:07:49.846,19559,19561,19560,1,-1
2024-04-22 15:07:51.364,19559,19560,19559,1,-1
2024-04-22 15:07:51.364,19559,19560,19559,1,-1
2024-04-22 15:07:51.364,19559,19560,19559,8,-8
2024-04-22 15:07:51.488,19558,19559,19558,1,-1
2024-04-22 15:07:51.488,19558,19559,19558,4,-4
2024-04-22 15:07:51.488,19558,19559,19558,3,-3
2024-04-22 15:07:53.981,19557,19558,19557,5,-5
2024-04-22 15:07:56.352,19556,19557,19556,1,-1
2024-04-22 15:07:56.452,19556,19557,19556,1,-1
2024-04-22 15:07:59.178,19556,19557,19556,7,-7
2024-04-22 15:08:00.479,19555,19556,19555,2,-2
2024-04-22 15:08:00.479,19555,19556,19555,3,-3
2024-04-22 15:08:00.480,19555,19556,19555,2,-2
2024-04-22 15:08:00.553,19554,19555,19555,1,1
2024-04-22 15:08:00.860,19555,19556,19556,1,1
2024-04-22 15:08:00.861,19555,19556,19556,3,3
2024-04-22 15:08:01.174,19555,19556,19556,9,9
2024-04-22 15:08:01.198,19555,19556,19557,2,2
2024-04-22 15:08:02.496,19557,19558,19557,1,-1
2024-04-22 15:08:03.719,19557,19558,19558,3,3
2024-04-22 15:08:03.746,19557,19558,19558,1,1
2024-04-22 15:08:06.027,19557,19559,19557,2,-2
2024-04-22 15:08:12.844,19557,19558,19557,1,-1
2024-04-22 15:08:13.675,19557,19558,19558,1,1
2024-04-22 15:08:13.762,19557,19558,19557,1,-1
2024-04-22 15:08:14.351,19557,19558,19557,2,-2
2024-04-22 15:08:14.485,19556,19557,19557,1,1
2024-04-22 15:08:22.418,19557,19558,19557,1,-1
2024-04-22 15:08:23.089,19557,19558,19557,1,-1
2024-04-22 15:08:23.893,19557,19558,19557,1,-1
2024-04-22 15:08:25.078,19557,19558,19557,1,-1
2024-04-22 15:08:26.916,19557,19558,19558,5,5
2024-04-22 15:08:26.939,19557,19558,19558,1,1
2024-04-22 15:08:27.116,19558,19559,19559,1,1
2024-04-22 15:08:30.821,19558,19560,19558,1,-1
2024-04-22 15:08:31.667,19558,19560,19558,1,-1
2024-04-22 15:08:37.977,19558,19560,19558,1,-1
2024-04-22 15:08:43.945,19559,19560,19559,1,-1
2024-04-22 15:08:51.018,19559,19560,19559,1,-1
2024-04-22 15:08:59.546,19558,19559,19558,1,-1
2024-04-22 15:08:59.567,19558,19559,19558,6,-6
2024-04-22 15:08:59.943,19558,19559,19559,1,1
2024-04-22 15:09:02.966,19558,19559,19559,9,9
2024-04-22 15:09:02.989,19558,19559,19559,1,1
2024-04-22 15:09:03.262,19559,19560,19560,4,4
2024-04-22 15:09:03.262,19559,19560,19560,2,2
2024-04-22 15:09:03.262,19559,19560,19560,1,1
2024-04-22 15:09:07.431,19559,19560,19560,1,1
2024-04-22 15:09:11.066,19560,19561,19561,1,1
2024-04-22 15:09:11.140,19560,19561,19561,1,1
2024-04-22 15:09:12.862,19560,19561,19560,1,-1
2024-04-22 15:09:16.823,19560,19561,19560,1,-1
2024-04-22 15:09:16.986,19559,19560,19560,1,1
2024-04-22 15:09:17.467,19559,19560,19559,4,-4
2024-04-22 15:09:17.608,19558,19559,19559,1,1
2024-04-22 15:09:17.793,19558,19559,19558,3,-3
2024-04-22 15:09:21.119,19559,19561,19560,1,-1
2024-04-22 15:09:21.159,19559,19561,19561,1,1
2024-04-22 15:09:21.159,19559,19561,19561,1,1
2024-04-22 15:09:27.808,19561,19562,19562,4,4
2024-04-22 15:09:27.831,19561,19562,19562,1,1
2024-04-22 15:09:29.451,19562,19563,19563,1,1
2024-04-22 15:09:29.451,19562,19563,19563,1,1
2024-04-22 15:09:31.752,19563,19564,19563,1,-1
2024-04-22 15:09:34.194,19563,19564,19563,1,-1
2024-04-22 15:09:34.369,19562,19563,19563,1,1
2024-04-22 15:09:38.261,19563,19564,19563,1,-1
2024-04-22 15:09:38.360,19562,19563,19563,1,1
2024-04-22 15:09:41.807,19562,19563,19562,2,-2
2024-04-22 15:09:46.292,19559,19561,19561,1,1
2024-04-22 15:09:47.034,19559,19561,19559,1,-1
2024-04-22 15:09:47.140,19559,19561,19561,1,1
2024-04-22 15:09:47.140,19559,19561,19561,1,1
2024-04-22 15:09:50.229,19559,19561,19561,1,1
2024-04-22 15:10:00.436,19559,19560,19559,1,-1
2024-04-22 15:10:00.635,19559,19560,19560,1,1
2024-04-22 15:10:01.097,19559,19560,19560,1,1
2024-04-22 15:10:01.422,19559,19560,19559,1,-1
2024-04-22 15:10:02.205,19558,19559,19559,1,1
2024-04-22 15:10:03.779,19558,19559,19559,1,1
2024-04-22 15:10:03.896,19558,19559,19559,1,1
2024-04-22 15:10:03.896,19558,19559,19559,1,1
2024-04-22 15:10:03.896,19558,19559,19559,15,15
2024-04-22 15:10:11.837,19559,19560,19559,1,-1
2024-04-22 15:10:12.953,19559,19560,19560,1,1
2024-04-22 15:10:13.759,19559,19560,19559,1,-1
2024-04-22 15:10:17.336,19559,19560,19560,2,2
2024-04-22 15:10:17.337,19559,19560,19560,1,1
2024-04-22 15:10:17.337,19559,19560,19560,5,5
2024-04-22 15:10:17.337,19559,19560,19560,6,6
2024-04-22 15:10:19.992,19559,19560,19560,1,1
2024-04-22 15:10:23.347,19559,19560,19560,1,1
2024-04-22 15:10:25.891,19559,19560,19559,7,-7
2024-04-22 15:10:26.238,19558,19559,19559,2,2
2024-04-22 15:10:26.728,19558,19559,19559,1,1
2024-04-22 15:10:38.366,19559,19560,19559,1,-1
2024-04-22 15:10:38.880,19559,19560,19559,1,-1
2024-04-22 15:10:38.880,19559,19560,19559,2,-2
2024-04-22 15:10:40.317,19558,19559,19558,5,-5
2024-04-22 15:10:42.379,19557,19558,19557,1,-1
2024-04-22 15:10:43.484,19556,19557,19556,2,-2
2024-04-22 15:10:45.522,19555,19557,19555,1,-1
2024-04-22 15:10:47.673,19555,19556,19555,4,-4
2024-04-22 15:10:47.673,19555,19556,19555,2,-2
2024-04-22 15:10:47.673,19555,19556,19555,1,-1
2024-04-22 15:10:47.744,19555,19556,19553,2,-2
2024-04-22 15:10:47.775,19553,19555,19555,7,7
2024-04-22 15:10:47.776,19553,19555,19555,2,2
2024-04-22 15:10:47.794,19553,19555,19555,3,3
2024-04-22 15:10:50.981,19554,19555,19554,1,-1
2024-04-22 15:10:51.077,19554,19555,19554,1,-1
2024-04-22 15:10:53.780,19554,19555,19555,2,2
2024-04-22 15:10:54.587,19554,19555,19554,1,-1
2024-04-22 15:10:54.736,19553,19554,19554,1,1
2024-04-22 15:10:55.466,19553,19554,19553,2,-2
2024-04-22 15:10:55.466,19553,19554,19553,2,-2
2024-04-22 15:10:55.466,19553,19554,19553,1,-1
2024-04-22 15:10:55.466,19553,19554,19553,3,-3
2024-04-22 15:10:55.789,19552,19553,19552,1,-1
2024-04-22 15:10:55.789,19552,19553,19552,7,-7
2024-04-22 15:10:55.790,19552,19553,19552,4,-4
2024-04-22 15:10:55.790,19552,19553,19552,1,-1
2024-04-22 15:10:55.790,19552,19553,19552,2,-2
2024-04-22 15:10:55.790,19552,19553,19552,1,-1
2024-04-22 15:10:55.790,19552,19553,19552,1,-1
2024-04-22 15:10:55.790,19552,19553,19552,1,-1
2024-04-22 15:10:55.938,19551,19552,19551,1,-1
2024-04-22 15:10:56.095,19551,19552,19551,1,-1
2024-04-22 15:10:56.122,19551,19552,19551,1,-1
2024-04-22 15:10:57.194,19550,19552,19550,1,-1
2024-04-22 15:10:57.309,19550,19551,19550,5,-5
2024-04-22 15:10:57.310,19550,19551,19550,1,-1
2024-04-22 15:10:57.310,19550,19551,19550,4,-4
2024-04-22 15:10:57.310,19550,19551,19550,1,-1
2024-04-22 15:10:57.310,19550,19551,19550,1,-1
2024-04-22 15:10:57.310,19550,19551,19550,3,-3
2024-04-22 15:10:57.310,19550,19551,19550,5,-5
2024-04-22 15:10:57.380,19550,19551,19550,2,-2
2024-04-22 15:10:57.381,19550,19551,19549,1,-1
2024-04-22 15:10:57.499,19549,19551,19550,4,-4
2024-04-22 15:10:57.584,19550,19552,19549,1,-1
2024-04-22 15:11:01.110,19549,19551,19550,1,-1
2024-04-22 15:11:02.151,19550,19551,19550,2,-2
2024-04-22 15:11:02.266,19549,19551,19549,1,-1
2024-04-22 15:11:02.266,19549,19551,19549,1,-1
2024-04-22 15:11:04.474,19549,19551,19549,1,-1
2024-04-22 15:11:05.589,19549,19550,19549,2,-2
2024-04-22 15:11:05.909,19549,19550,19550,1,1
2024-04-22 15:11:06.064,19549,19550,19549,2,-2
2024-04-22 15:11:06.181,19549,19550,19550,1,1
2024-04-22 15:11:09.072,19548,19549,19549,1,1
2024-04-22 15:11:09.460,19548,19549,19548,1,-1
2024-04-22 15:11:09.989,19548,19549,19548,7,-7
2024-04-22 15:11:10.052,19547,19548,19547,1,-1
2024-04-22 15:11:10.111,19547,19548,19548,1,1
2024-04-22 15:11:10.212,19547,19548,19547,2,-2
2024-04-22 15:11:11.463,19547,19548,19547,1,-1
2024-04-22 15:11:12.069,19547,19548,19547,1,-1
2024-04-22 15:11:12.277,19547,19548,19548,1,1
2024-04-22 15:11:12.453,19547,19548,19547,1,-1
2024-04-22 15:11:12.993,19547,19548,19547,2,-2
2024-04-22 15:11:13.266,19547,19548,19547,1,-1
2024-04-22 15:11:13.375,19547,19548,19547,1,-1
2024-04-22 15:11:13.486,19547,19548,19547,1,-1
2024-04-22 15:11:13.512,19547,19548,19548,4,4
2024-04-22 15:11:13.513,19547,19548,19548,1,1
2024-04-22 15:11:13.941,19548,19549,19548,1,-1
2024-04-22 15:11:13.951,19548,19549,19548,1,-1
2024-04-22 15:11:15.119,19548,19549,19547,7,-7
2024-04-22 15:11:15.217,19547,19549,19547,1,-1
2024-04-22 15:11:18.052,19548,19549,19549,1,1
2024-04-22 15:11:18.052,19548,19549,19549,6,6
2024-04-22 15:11:18.052,19548,19549,19549,1,1
2024-04-22 15:11:18.078,19548,19549,19549,1,1
2024-04-22 15:11:19.218,19549,19550,19550,1,1
2024-04-22 15:11:19.218,19549,19550,19550,1,1
2024-04-22 15:11:19.218,19549,19550,19550,2,2
2024-04-22 15:11:19.218,19549,19550,19550,1,1
2024-04-22 15:11:19.218,19549,19550,19550,8,8
2024-04-22 15:11:19.355,19550,19551,19550,2,-2
2024-04-22 15:11:20.152,19550,19551,19550,1,-1
2024-04-22 15:11:23.863,19549,19550,19550,1,1
2024-04-22 15:11:24.545,19549,19550,19549,1,-1
2024-04-22 15:11:28.568,19548,19549,19548,4,-4
2024-04-22 15:11:28.925,19547,19548,19547,1,-1
2024-04-22 15:11:28.926,19547,19548,19547,1,-1
2024-04-22 15:11:28.926,19547,19548,19547,4,-4
2024-04-22 15:11:29.802,19546,19548,19546,1,-1
2024-04-22 15:11:33.679,19546,19547,19547,2,2
2024-04-22 15:11:33.782,19548,19549,19548,2,-2
2024-04-22 15:11:33.783,19548,19549,19549,2,2
2024-04-22 15:11:33.815,19548,19549,19548,1,-1
2024-04-22 15:11:33.816,19548,19549,19548,1,-1
2024-04-22 15:11:33.929,19548,19549,19548,3,-3
2024-04-22 15:11:34.557,19548,19549,19548,1,-1
2024-04-22 15:11:36.724,19548,19549,19549,1,1
2024-04-22 15:11:36.725,19548,19549,19549,1,1
2024-04-22 15:11:38.166,19549,19550,19549,1,-1
2024-04-22 15:11:38.577,19548,19550,19548,2,-2
2024-04-22 15:11:40.228,19549,19550,19550,3,3
2024-04-22 15:11:40.597,19550,19551,19550,1,-1
2024-04-22 15:11:42.303,19550,19551,19551,1,1
2024-04-22 15:11:43.543,19549,19551,19551,6,6
2024-04-22 15:11:47.127,19549,19550,19549,6,-6
2024-04-22 15:11:56.410,19548,19549,19548,5,-5
2024-04-22 15:11:59.148,19547,19548,19548,1,1
2024-04-22 15:11:59.148,19547,19548,19549,2,2
2024-04-22 15:12:00.096,19548,19549,19549,3,3
2024-04-22 15:12:00.215,19548,19549,19549,3,3
2024-04-22 15:12:00.216,19548,19549,19549,1,1
2024-04-22 15:12:00.329,19549,19550,19549,1,-1
2024-04-22 15:12:06.524,19548,19549,19549,1,1
2024-04-22 15:12:09.282,19548,19549,19549,4,4
2024-04-22 15:12:09.282,19548,19549,19549,1,1
2024-04-22 15:12:09.282,19548,19549,19549,1,1
2024-04-22 15:12:09.282,19548,19549,19549,3,3
2024-04-22 15:12:10.095,19549,19550,19549,1,-1
2024-04-22 15:12:12.247,19548,19550,19550,1,1
2024-04-22 15:12:12.305,19548,19550,19548,1,-1
2024-04-22 15:12:12.305,19548,19550,19548,1,-1
2024-04-22 15:12:12.514,19547,19548,19548,1,1
2024-04-22 15:12:13.278,19547,19548,19547,1,-1
2024-04-22 15:12:14.171,19546,19547,19546,6,-6
2024-04-22 15:12:14.172,19546,19547,19546,1,-1
2024-04-22 15:12:14.172,19546,19547,19546,4,-4
2024-04-22 15:12:14.193,19546,19547,19546,5,-5
2024-04-22 15:12:14.350,19545,19547,19545,1,-1
2024-04-22 15:12:14.593,19545,19547,19545,1,-1
2024-04-22 15:12:15.337,19545,19547,19545,1,-1
2024-04-22 15:12:18.651,19546,19548,19546,2,-2
2024-04-22 15:12:20.213,19547,19548,19548,1,1
2024-04-22 15:12:23.806,19547,19548,19547,1,-1
2024-04-22 15:12:24.801,19545,19546,19546,1,1
2024-04-22 15:12:27.192,19545,19546,19545,1,-1
2024-04-22 15:12:27.192,19545,19546,19545,1,-1
2024-04-22 15:12:27.193,19545,19546,19545,2,-2
2024-04-22 15:12:27.193,19545,19546,19545,1,-1
2024-04-22 15:12:27.274,19544,19545,19544,1,-1
2024-04-22 15:12:27.409,19544,19545,19544,1,-1
2024-04-22 15:12:27.456,19544,19545,19545,2,2
2024-04-22 15:12:28.855,19545,19546,19545,1,-1
2024-04-22 15:12:31.601,19544,19545,19544,4,-4
2024-04-22 15:12:33.643,19544,19545,19544,1,-1
2024-04-22 15:12:37.199,19543,19544,19544,1,1
2024-04-22 15:12:37.401,19543,19544,19544,5,5
2024-04-22 15:12:37.401,19543,19544,19544,6,6
2024-04-22 15:12:37.674,19544,19545,19545,1,1
2024-04-22 15:12:37.674,19544,19545,19545,1,1
2024-04-22 15:12:37.696,19544,19545,19545,1,1
2024-04-22 15:12:38.169,19545,19546,19546,1,1
2024-04-22 15:12:38.747,19545,19547,19546,1,1
2024-04-22 15:12:38.747,19545,19547,19545,2,-2
2024-04-22 15:12:40.419,19544,19546,19544,2,-2
2024-04-22 15:12:43.806,19544,19545,19544,1,-1
2024-04-22 15:12:44.223,19543,19545,19543,1,-1
2024-04-22 15:12:47.214,19543,19545,19543,1,-1
2024-04-22 15:12:49.458,19543,19544,19543,2,-2
2024-04-22 15:12:49.458,19543,19544,19543,1,-1
2024-04-22 15:12:49.458,19543,19544,19543,4,-4
2024-04-22 15:12:50.114,19542,19543,19542,2,-2
2024-04-22 15:12:50.114,19542,19543,19542,1,-1
2024-04-22 15:12:50.386,19541,19542,19542,1,1
2024-04-22 15:12:52.937,19541,19542,19542,1,1
2024-04-22 15:12:53.097,19541,19542,19542,1,1
2024-04-22 15:12:53.097,19541,19542,19543,1,1
2024-04-22 15:12:54.503,19541,19542,19542,1,1
2024-04-22 15:12:56.205,19542,19543,19543,4,4
2024-04-22 15:12:57.846,19542,19543,19543,1,1
2024-04-22 15:12:57.932,19542,19543,19543,4,4
2024-04-22 15:13:00.103,19542,19544,19542,3,-3
2024-04-22 15:13:03.179,19543,19544,19543,1,-1
2024-04-22 15:13:04.664,19542,19543,19543,1,1
2024-04-22 15:13:06.662,19543,19545,19543,3,-3
2024-04-22 15:13:07.711,19543,19545,19545,1,1
2024-04-22 15:13:08.134,19543,19545,19543,1,-1
2024-04-22 15:13:09.409,19542,19544,19542,3,-3
2024-04-22 15:13:10.878,19543,19544,19543,1,-1
2024-04-22 15:13:12.599,19542,19543,19542,9,-9
2024-04-22 15:13:12.599,19542,19543,19542,1,-1
2024-04-22 15:13:12.600,19542,19543,19542,2,-2
2024-04-22 15:13:13.315,19541,19542,19542,1,1
2024-04-22 15:13:14.708,19541,19542,19541,1,-1
2024-04-22 15:13:15.127,19541,19542,19541,1,-1
2024-04-22 15:13:16.515,19541,19542,19541,1,-1
2024-04-22 15:13:17.398,19541,19542,19541,1,-1
2024-04-22 15:13:17.999,19541,19542,19542,1,1
2024-04-22 15:13:18.723,19541,19542,19541,1,-1
2024-04-22 15:13:19.769,19541,19542,19541,1,-1
2024-04-22 15:13:21.167,19541,19542,19541,2,-2
2024-04-22 15:13:22.228,19540,19541,19540,4,-4
2024-04-22 15:13:22.228,19540,19541,19540,1,-1
2024-04-22 15:13:22.259,19540,19541,19539,3,-3
2024-04-22 15:13:23.273,19539,19540,19539,1,-1
2024-04-22 15:13:24.759,19539,19540,19539,1,-1
2024-04-22 15:13:25.148,19539,19540,19540,1,1
2024-04-22 15:13:27.339,19539,19540,19540,1,1
2024-04-22 15:13:27.339,19539,19540,19540,1,1
2024-04-22 15:13:27.339,19539,19540,19540,1,1
2024-04-22 15:13:27.869,19539,19540,19540,1,1
2024-04-22 15:13:27.998,19539,19540,19539,1,-1
2024-04-22 15:13:29.203,19539,19540,19540,1,1
2024-04-22 15:13:31.282,19539,19540,19539,1,-1
2024-04-22 15:13:31.457,19539,19540,19539,1,-1
2024-04-22 15:13:31.744,19538,19540,19539,1,-1
2024-04-22 15:13:31.980,19538,19539,19538,1,-1
2024-04-22 15:13:32.141,19538,19539,19538,1,-1
2024-04-22 15:13:32.517,19538,19539,19538,1,-1
2024-04-22 15:13:34.188,19538,19539,19538,1,-1
2024-04-22 15:13:34.188,19538,19539,19538,1,-1
2024-04-22 15:13:34.188,19538,19539,19538,2,-2
2024-04-22 15:13:34.188,19538,19539,19538,2,-2
2024-04-22 15:13:34.188,19538,19539,19538,1,-1
2024-04-22 15:13:34.189,19538,19539,19538,4,-4
2024-04-22 15:13:34.206,19538,19539,19539,4,4
2024-04-22 15:13:34.206,19538,19539,19538,1,-1
2024-04-22 15:13:34.653,19538,19539,19538,1,-1
2024-04-22 15:13:35.148,19538,19539,19538,1,-1
2024-04-22 15:13:35.962,19538,19539,19539,1,1
2024-04-22 15:13:36.050,19538,19539,19539,1,1
2024-04-22 15:13:36.154,19538,19539,19539,2,2
2024-04-22 15:13:36.154,19538,19539,19539,1,1
2024-04-22 15:13:36.154,19538,19539,19539,1,1
2024-04-22 15:13:36.175,19538,19539,19539,1,1
2024-04-22 15:13:36.917,19539,19540,19539,1,-1
2024-04-22 15:13:37.550,19539,19540,19539,1,-1
2024-04-22 15:13:40.825,19539,19540,19539,1,-1
2024-04-22 15:13:40.978,19539,19540,19539,1,-1
2024-04-22 15:13:41.175,19539,19540,19540,2,2
2024-04-22 15:13:41.175,19539,19540,19540,3,3
2024-04-22 15:13:41.799,19539,19540,19540,1,1
2024-04-22 15:13:42.207,19540,19541,19540,1,-1
2024-04-22 15:13:42.421,19540,19541,19540,2,-2
2024-04-22 15:13:42.421,19540,19541,19541,2,2
2024-04-22 15:13:43.920,19540,19542,19540,1,-1
2024-04-22 15:13:45.274,19540,19541,19541,1,1
2024-04-22 15:13:51.407,19539,19540,19540,1,1
2024-04-22 15:13:51.651,19540,19541,19540,1,-1
2024-04-22 15:13:52.004,19540,19541,19540,1,-1
2024-04-22 15:13:52.004,19540,19541,19540,1,-1
2024-04-22 15:13:56.901,19539,19540,19540,1,1
2024-04-22 15:13:57.205,19539,19540,19540,4,4
2024-04-22 15:13:57.205,19539,19540,19540,1,1
2024-04-22 15:13:57.205,19539,19540,19540,2,2
2024-04-22 15:13:57.289,19540,19541,19540,1,-1
2024-04-22 15:13:58.742,19540,19541,19540,1,-1
2024-04-22 15:13:59.441,19539,19541,19539,5,-5
2024-04-22 15:14:05.552,19539,19540,19540,1,1
2024-04-22 15:14:05.553,19539,19540,19540,2,2
2024-04-22 15:14:05.660,19540,19541,19540,1,-1
2024-04-22 15:14:05.808,19540,19541,19540,1,-1
2024-04-22 15:14:06.025,19540,19541,19541,1,1
2024-04-22 15:14:06.025,19540,19541,19541,3,3
2024-04-22 15:14:06.141,19541,19542,19542,1,1
2024-04-22 15:14:06.141,19541,19542,19542,1,1
2024-04-22 15:14:07.477,19541,19542,19542,1,1
2024-04-22 15:14:16.504,19540,19542,19542,1,1
2024-04-22 15:14:16.731,19541,19543,19541,1,-1
2024-04-22 15:14:17.482,19540,19542,19542,2,2
2024-04-22 15:14:18.458,19540,19541,19540,2,-2
2024-04-22 15:14:18.620,19539,19540,19541,1,1
2024-04-22 15:14:23.941,19540,19541,19540,1,-1
2024-04-22 15:14:26.202,19539,19540,19540,2,2
2024-04-22 15:14:30.415,19539,19540,19539,11,-11
2024-04-22 15:14:32.214,19538,19539,19539,4,4
2024-04-22 15:14:32.214,19538,19539,19539,1,1
2024-04-22 15:14:32.214,19538,19539,19539,1,1
2024-04-22 15:14:32.214,19538,19539,19539,2,2
2024-04-22 15:14:32.214,19538,19539,19539,7,7
2024-04-22 15:14:32.214,19538,19539,19539,1,1
2024-04-22 15:14:32.214,19538,19539,19539,4,4
2024-04-22 15:14:32.215,19538,19539,19540,1,1
2024-04-22 15:14:32.215,19538,19539,19540,1,1
2024-04-22 15:14:35.291,19538,19540,19540,1,1
2024-04-22 15:14:41.250,19539,19540,19540,3,3
2024-04-22 15:14:41.252,19539,19540,19540,1,1
2024-04-22 15:14:41.252,19539,19540,19540,1,1
2024-04-22 15:14:41.252,19539,19540,19540,1,1
2024-04-22 15:14:41.252,19539,19540,19540,1,1
2024-04-22 15:14:41.252,19539,19540,19540,1,1
2024-04-22 15:14:41.489,19540,19541,19540,1,-1
2024-04-22 15:14:41.489,19540,19541,19540,1,-1
2024-04-22 15:14:41.902,19540,19541,19540,1,-1
2024-04-22 15:14:42.210,19539,19541,19539,3,-3
2024-04-22 15:14:46.271,19538,19540,19538,2,-2
2024-04-22 15:14:50.092,19538,19539,19538,3,-3
2024-04-22 15:14:50.092,19538,19539,19538,2,-2
2024-04-22 15:14:50.092,19538,19539,19538,1,-1
2024-04-22 15:14:50.092,19538,19539,19538,4,-4
2024-04-22 15:14:50.718,19536,19538,19538,3,3
2024-04-22 15:14:52.192,19536,19537,19536,1,-1
2024-04-22 15:14:52.286,19536,19537,19536,1,-1
2024-04-22 15:14:52.299,19536,19537,19536,1,-1
2024-04-22 15:14:52.364,19536,19537,19536,1,-1
2024-04-22 15:14:52.741,19536,19537,19536,1,-1
2024-04-22 15:14:52.741,19536,19537,19535,1,-1
2024-04-22 15:14:52.774,19535,19536,19535,1,-1
2024-04-22 15:14:52.838,19535,19536,19535,4,-4
2024-04-22 15:14:52.880,19535,19536,19537,2,2
2024-04-22 15:14:52.999,19535,19537,19537,2,2
2024-04-22 15:14:53.007,19535,19537,19537,2,2
2024-04-22 15:14:53.022,19535,19537,19537,2,2
2024-04-22 15:14:53.025,19535,19537,19537,2,2
2024-04-22 15:14:53.065,19535,19537,19535,1,-1
2024-04-22 15:14:53.079,19535,19537,19537,2,2
2024-04-22 15:14:53.084,19535,19537,19537,2,2
2024-04-22 15:14:53.237,19535,19537,19535,1,-1
2024-04-22 15:14:54.147,19536,19537,19536,1,-1
2024-04-22 15:14:54.463,19536,19537,19536,1,-1
2024-04-22 15:14:57.726,19535,19537,19537,1,1
2024-04-22 15:14:57.933,19535,19537,19536,1,1
2024-04-22 15:14:58.924,19535,19536,19536,1,1
2024-04-22 15:14:58.924,19535,19536,19536,1,1
2024-04-22 15:14:59.999,19535,19537,19536,3,3
2024-04-22 15:15:00.698,19536,19537,19537,1,1
2024-04-22 15:15:00.698,19536,19537,19537,4,4
2024-04-22 15:15:00.698,19536,19537,19537,2,2
2024-04-22 15:15:01.016,19538,19539,19538,1,-1
2024-04-22 15:15:01.141,19537,19539,19539,1,1
2024-04-22 15:15:01.897,19537,19538,19538,1,1
2024-04-22 15:15:01.898,19537,19538,19538,1,1
2024-04-22 15:15:02.475,19538,19540,19540,1,1
2024-04-22 15:15:07.413,19538,19539,19538,1,-1
2024-04-22 15:15:07.413,19538,19539,19537,1,-1
2024-04-22 15:15:10.243,19537,19538,19537,1,-1
2024-04-22 15:15:10.266,19536,19537,19537,1,1
2024-04-22 15:15:11.009,19536,19537,19537,1,1
2024-04-22 15:15:12.081,19536,19537,19537,1,1
2024-04-22 15:15:12.153,19536,19537,19537,1,1
2024-04-22 15:15:12.393,19536,19537,19537,1,1
2024-04-22 15:15:13.290,19536,19537,19537,1,1
2024-04-22 15:15:13.764,19536,19537,19537,1,1
2024-04-22 15:15:13.764,19536,19537,19537,2,2
2024-04-22 15:15:15.633,19536,19537,19537,1,1
2024-04-22 15:15:18.372,19536,19537,19536,1,-1
2024-04-22 15:15:18.849,19536,19537,19537,1,1
2024-04-22 15:15:23.679,19536,19538,19536,1,-1
2024-04-22 15:15:27.374,19536,19538,19536,1,-1
2024-04-22 15:15:28.523,19536,19538,19536,1,-1
2024-04-22 15:15:33.668,19537,19538,19537,1,-1
2024-04-22 15:15:34.788,19536,19538,19536,1,-1
2024-04-22 15:15:37.597,19536,19537,19536,1,-1
2024-04-22 15:15:37.598,19536,19537,19536,1,-1
2024-04-22 15:15:37.598,19536,19537,19536,1,-1
2024-04-22 15:15:40.007,19536,19537,19536,1,-1
2024-04-22 15:15:40.513,19536,19538,19536,1,-1
2024-04-22 15:15:40.833,19535,19537,19535,1,-1
2024-04-22 15:15:41.422,19535,19537,19537,1,1
2024-04-22 15:15:42.845,19536,19537,19536,2,-2
2024-04-22 15:15:44.985,19535,19537,19535,13,-13
2024-04-22 15:15:44.986,19535,19537,19535,2,-2
2024-04-22 15:15:45.703,19534,19535,19534,1,-1
2024-04-22 15:15:45.790,19534,19535,19535,1,1
2024-04-22 15:15:45.876,19534,19535,19534,5,-5
2024-04-22 15:15:45.876,19534,19535,19534,1,-1
2024-04-22 15:15:46.365,19533,19534,19533,5,-5
2024-04-22 15:15:46.365,19533,19534,19533,2,-2
2024-04-22 15:15:46.528,19532,19533,19532,5,-5
2024-04-22 15:15:46.563,19532,19533,19532,2,-2
2024-04-22 15:15:46.634,19532,19533,19532,3,-3
2024-04-22 15:15:46.634,19532,19533,19531,2,-2
2024-04-22 15:15:46.826,19531,19533,19530,2,-2
2024-04-22 15:15:46.971,19530,19532,19532,3,3
2024-04-22 15:15:47.009,19530,19532,19532,3,3
2024-04-22 15:15:48.470,19531,19532,19532,1,1
2024-04-22 15:15:48.470,19531,19532,19532,1,1
2024-04-22 15:15:48.470,19531,19532,19532,1,1
2024-04-22 15:15:48.663,19532,19533,19532,5,-5
2024-04-22 15:15:49.987,19532,19533,19532,9,-9
2024-04-22 15:15:49.987,19532,19533,19531,6,-6
2024-04-22 15:15:50.569,19532,19533,19533,1,1
2024-04-22 15:15:50.836,19533,19534,19533,2,-2
2024-04-22 15:15:50.842,19533,19534,19532,1,-1
2024-04-22 15:15:54.262,19532,19533,19532,1,-1
2024-04-22 15:15:55.051,19532,19533,19532,4,-4
2024-04-22 15:15:56.120,19532,19533,19532,1,-1
2024-04-22 15:15:56.253,19532,19533,19533,1,1
2024-04-22 15:15:57.194,19532,19533,19533,3,3
2024-04-22 15:15:57.194,19532,19533,19532,2,-2
2024-04-22 15:15:58.034,19532,19534,19532,1,-1
2024-04-22 15:15:59.513,19533,19534,19534,1,1
2024-04-22 15:15:59.928,19533,19535,19533,2,-2
2024-04-22 15:16:00.152,19533,19535,19535,2,2
2024-04-22 15:16:00.980,19533,19535,19533,1,-1
2024-04-22 15:16:02.374,19533,19535,19533,5,-5
2024-04-22 15:16:04.364,19534,19536,19534,1,-1
2024-04-22 15:16:08.483,19534,19535,19535,2,2
2024-04-22 15:16:09.048,19535,19537,19535,1,-1
2024-04-22 15:16:11.119,19536,19538,19538,2,2
2024-04-22 15:16:14.466,19535,19537,19537,1,1
2024-04-22 15:16:15.538,19534,19536,19536,1,1
2024-04-22 15:16:19.476,19533,19534,19534,3,3
2024-04-22 15:16:20.316,19533,19535,19534,1,1
2024-04-22 15:16:32.422,19534,19535,19535,11,11
2024-04-22 15:16:32.445,19534,19535,19536,1,1
2024-04-22 15:16:43.317,19537,19538,19538,4,4
2024-04-22 15:16:43.391,19538,19539,19539,1,1
2024-04-22 15:16:43.392,19538,19539,19540,1,1
2024-04-22 15:16:43.392,19538,19539,19540,1,1
2024-04-22 15:16:43.392,19538,19539,19540,1,1
2024-04-22 15:16:43.408,19538,19539,19540,2,2
2024-04-22 15:16:51.436,19539,19540,19540,1,1
2024-04-22 15:16:51.438,19539,19540,19540,2,2
2024-04-22 15:16:59.650,19541,19542,19542,4,4
2024-04-22 15:16:59.651,19541,19542,19542,2,2
2024-04-22 15:16:59.651,19541,19542,19542,4,4
2024-04-22 15:17:02.585,19542,19543,19543,2,2
2024-04-22 15:17:04.592,19542,19544,19544,1,1
2024-04-22 15:17:06.061,19543,19544,19543,1,-1
2024-04-22 15:17:06.417,19542,19543,19543,1,1
2024-04-22 15:17:07.279,19542,19543,19543,1,1
2024-04-22 15:17:09.187,19543,19545,19543,1,-1
2024-04-22 15:17:09.560,19543,19545,19543,1,-1
2024-04-22 15:17:09.583,19543,19545,19543,2,-2
2024-04-22 15:17:09.610,19543,19545,19543,2,-2
2024-04-22 15:17:09.631,19543,19545,19542,10,-10
2024-04-22 15:17:09.631,19543,19545,19543,6,-6
2024-04-22 15:17:09.664,19542,19544,19542,4,-4
2024-04-22 15:17:09.874,19541,19543,19543,5,5
2024-04-22 15:17:10.420,19542,19544,19544,1,1
2024-04-22 15:17:15.537,19541,19543,19543,1,1
2024-04-22 15:17:19.825,19541,19543,19542,1,1
2024-04-22 15:17:22.392,19541,19542,19541,1,-1
2024-04-22 15:17:22.530,19541,19542,19541,2,-2
2024-04-22 15:17:24.269,19541,19542,19541,1,-1
2024-04-22 15:17:25.790,19540,19541,19540,3,-3
2024-04-22 15:17:26.478,19539,19541,19541,2,2
2024-04-22 15:17:30.665,19540,19541,19540,1,-1
2024-04-22 15:17:30.892,19540,19541,19540,1,-1
2024-04-22 15:17:32.424,19540,19541,19540,1,-1
2024-04-22 15:17:35.762,19539,19540,19540,1,1
2024-04-22 15:17:38.149,19539,19540,19539,3,-3
2024-04-22 15:17:39.443,19539,19540,19540,1,1
2024-04-22 15:17:39.515,19539,19540,19540,1,1
2024-04-22 15:17:48.699,19538,19539,19539,5,5
2024-04-22 15:17:49.699,19538,19540,19540,1,1
2024-04-22 15:18:00.468,19539,19540,19540,1,1
2024-04-22 15:18:01.491,19539,19540,19540,1,1
2024-04-22 15:18:01.770,19540,19541,19541,1,1
2024-04-22 15:18:03.480,19541,19542,19542,1,1
2024-04-22 15:18:08.822,19541,19542,19542,1,1
2024-04-22 15:18:10.256,19541,19542,19541,1,-1
2024-04-22 15:18:14.901,19540,19541,19541,1,1
2024-04-22 15:18:15.029,19541,19542,19541,6,-6
2024-04-22 15:18:21.493,19540,19541,19540,1,-1
2024-04-22 15:18:22.448,19539,19540,19540,1,1
2024-04-22 15:18:24.076,19539,19540,19539,1,-1
2024-04-22 15:18:26.130,19538,19539,19539,9,9
2024-04-22 15:18:26.130,19538,19539,19540,3,3
2024-04-22 15:18:29.433,19538,19539,19539,1,1
2024-04-22 15:18:30.471,19538,19539,19538,2,-2
2024-04-22 15:18:32.519,19537,19538,19537,1,-1
2024-04-22 15:18:32.520,19537,19538,19537,2,-2
2024-04-22 15:18:33.135,19536,19538,19536,1,-1
2024-04-22 15:18:46.950,19536,19537,19536,1,-1
2024-04-22 15:18:48.858,19536,19537,19536,1,-1
2024-04-22 15:18:57.879,19536,19537,19536,2,-2
2024-04-22 15:18:58.751,19535,19536,19535,1,-1
2024-04-22 15:18:59.276,19534,19535,19534,2,-2
2024-04-22 15:18:59.609,19533,19535,19535,2,2
2024-04-22 15:19:00.074,19534,19535,19535,1,1
2024-04-22 15:19:00.441,19534,19536,19534,4,-4
2024-04-22 15:19:00.605,19533,19535,19535,1,1
2024-04-22 15:19:08.472,19534,19535,19535,7,7
2024-04-22 15:19:11.913,19535,19536,19536,1,1
2024-04-22 15:19:14.771,19535,19537,19537,1,1
2024-04-22 15:19:18.859,19535,19536,19536,1,1
2024-04-22 15:19:22.986,19535,19536,19536,1,1
2024-04-22 15:19:29.894,19535,19536,19536,1,1
2024-04-22 15:19:30.185,19535,19536,19536,1,1
2024-04-22 15:19:36.412,19536,19537,19536,1,-1
2024-04-22 15:19:36.938,19536,19537,19536,1,-1
2024-04-22 15:19:40.386,19535,19536,19536,5,5
2024-04-22 15:19:47.246,19536,19537,19536,1,-1
2024-04-22 15:19:47.405,19535,19536,19535,1,-1
2024-04-22 15:19:47.459,19535,19536,19535,1,-1
2024-04-22 15:19:50.578,19534,19535,19534,2,-2
2024-04-22 15:19:54.206,19534,19535,19535,9,9
2024-04-22 15:19:56.027,19536,19537,19537,1,1
2024-04-22 15:19:56.028,19536,19537,19537,2,2
2024-04-22 15:19:57.453,19537,19538,19538,1,1
2024-04-22 15:20:01.060,19538,19539,19539,1,1
2024-04-22 15:20:01.304,19538,19540,19540,1,1
2024-04-22 15:20:03.371,19537,19539,19539,1,1
2024-04-22 15:20:11.920,19538,19539,19538,2,-2
2024-04-22 15:20:11.921,19538,19539,19538,5,-5
2024-04-22 15:20:12.008,19538,19539,19538,1,-1
2024-04-22 15:20:13.000,19537,19538,19537,1,-1
2024-04-22 15:20:13.518,19537,19538,19537,1,-1
2024-04-22 15:20:22.621,19538,19539,19539,1,1
2024-04-22 15:20:23.189,19539,19540,19540,1,1
2024-04-22 15:20:23.189,19539,19540,19540,2,2
2024-04-22 15:20:23.189,19539,19540,19540,2,2
2024-04-22 15:20:31.762,19539,19540,19540,1,1
2024-04-22 15:20:35.751,19539,19540,19540,1,1
2024-04-22 15:20:39.919,19538,19540,19540,1,1
2024-04-22 15:20:44.945,19539,19540,19540,4,4
2024-04-22 15:20:44.946,19539,19540,19540,1,1
2024-04-22 15:20:44.946,19539,19540,19540,1,1
2024-04-22 15:20:44.948,19539,19540,19540,1,1
2024-04-22 15:20:44.956,19539,19540,19540,1,1
2024-04-22 15:20:44.960,19539,19540,19540,1,1
2024-04-22 15:20:44.968,19539,19540,19540,2,2
2024-04-22 15:20:44.969,19539,19540,19540,1,1
2024-04-22 15:20:44.969,19539,19540,19540,7,7
2024-04-22 15:20:44.969,19539,19540,19540,1,1
2024-04-22 15:20:50.489,19539,19541,19540,1,1
2024-04-22 15:20:50.856,19539,19540,19540,1,1
2024-04-22 15:20:56.215,19539,19540,19539,2,-2
2024-04-22 15:20:59.396,19539,19540,19539,1,-1
2024-04-22 15:21:02.989,19538,19539,19539,1,1
2024-04-22 15:21:03.195,19538,19539,19539,6,6
2024-04-22 15:21:10.088,19539,19540,19540,1,1
2024-04-22 15:21:10.089,19539,19540,19540,1,1
2024-04-22 15:21:10.111,19539,19540,19540,1,1
2024-04-22 15:21:20.445,19538,19540,19539,1,1
2024-04-22 15:21:29.203,19538,19539,19538,2,-2
2024-04-22 15:21:29.203,19538,19539,19538,1,-1
2024-04-22 15:21:30.769,19537,19538,19537,1,-1
2024-04-22 15:21:31.345,19537,19538,19537,5,-5
2024-04-22 15:21:31.345,19537,19538,19537,1,-1
2024-04-22 15:21:34.264,19536,19537,19536,1,-1
2024-04-22 15:21:34.265,19536,19537,19536,3,-3
2024-04-22 15:21:36.832,19534,19535,19534,1,-1
2024-04-22 15:21:36.832,19534,19535,19534,3,-3
2024-04-22 15:21:39.113,19533,19535,19533,2,-2
2024-04-22 15:21:40.142,19532,19534,19534,1,1
2024-04-22 15:21:41.766,19532,19534,19534,3,3
2024-04-22 15:21:48.296,19534,19535,19535,1,1
2024-04-22 15:21:48.318,19534,19535,19535,1,1
2024-04-22 15:21:55.055,19535,19537,19536,3,3
2024-04-22 15:21:57.431,19535,19537,19537,5,5
2024-04-22 15:21:57.939,19536,19538,19537,1,1
2024-04-22 15:21:58.817,19536,19538,19536,2,-2
2024-04-22 15:22:07.298,19536,19537,19537,1,1
2024-04-22 15:22:07.298,19536,19537,19538,1,1
2024-04-22 15:22:13.036,19536,19537,19536,1,-1
2024-04-22 15:22:13.036,19536,19537,19536,1,-1
2024-04-22 15:22:13.045,19536,19537,19535,1,-1
2024-04-22 15:22:13.138,19535,19536,19535,1,-1
2024-04-22 15:22:13.314,19534,19536,19536,5,5
2024-04-22 15:22:20.235,19534,19535,19534,1,-1
2024-04-22 15:22:26.606,19534,19535,19535,1,1
2024-04-22 15:22:26.606,19534,19535,19535,3,3
2024-04-22 15:22:28.028,19534,19536,19534,1,-1
2024-04-22 15:22:34.745,19534,19535,19534,1,-1
2024-04-22 15:22:36.252,19534,19535,19534,3,-3
2024-04-22 15:22:41.878,19534,19535,19534,3,-3
2024-04-22 15:22:42.146,19534,19535,19535,1,1
2024-04-22 15:23:00.930,19535,19536,19535,5,-5
2024-04-22 15:23:03.842,19535,19536,19535,1,-1
2024-04-22 15:23:04.430,19535,19536,19536,1,1
2024-04-22 15:23:04.430,19535,19536,19536,4,4
2024-04-22 15:23:04.435,19535,19536,19537,1,1
2024-04-22 15:23:11.972,19537,19538,19538,1,1
2024-04-22 15:23:11.972,19537,19538,19538,1,1
2024-04-22 15:23:13.400,19538,19539,19538,1,-1
2024-04-22 15:23:21.739,19534,19536,19534,1,-1
2024-04-22 15:23:21.785,19534,19535,19534,1,-1
2024-04-22 15:23:24.603,19534,19535,19534,2,-2
2024-04-22 15:23:27.390,19533,19535,19533,2,-2
2024-04-22 15:23:28.439,19533,19535,19534,1,-1
2024-04-22 15:23:30.267,19534,19535,19534,1,-1
2024-04-22 15:23:31.772,19533,19534,19533,1,-1
2024-04-22 15:23:34.412,19532,19533,19532,8,-8
2024-04-22 15:23:34.412,19532,19533,19532,1,-1
2024-04-22 15:23:34.412,19532,19533,19532,2,-2
2024-04-22 15:23:34.413,19532,19533,19532,1,-1
2024-04-22 15:23:34.413,19532,19533,19532,1,-1
2024-04-22 15:23:34.413,19532,19533,19532,1,-1
2024-04-22 15:23:39.946,19531,19532,19532,1,1
2024-04-22 15:23:39.947,19531,19532,19532,1,1
2024-04-22 15:23:39.947,19531,19532,19532,2,2
2024-04-22 15:23:43.455,19531,19532,19532,1,1
2024-04-22 15:23:43.491,19531,19532,19531,2,-2
2024-04-22 15:23:43.779,19532,19533,19533,1,1
2024-04-22 15:23:44.015,19532,19533,19533,1,1
2024-04-22 15:23:50.344,19533,19534,19533,1,-1
2024-04-22 15:23:52.012,19533,19534,19534,1,1
2024-04-22 15:23:52.968,19533,19535,19533,10,-10
2024-04-22 15:23:52.968,19533,19535,19532,1,-1
2024-04-22 15:23:55.821,19533,19534,19533,2,-2
2024-04-22 15:23:55.822,19533,19534,19532,1,-1
2024-04-22 15:23:58.010,19531,19532,19531,1,-1
2024-04-22 15:23:58.693,19531,19532,19531,1,-1
2024-04-22 15:23:59.809,19531,19532,19530,2,-2
2024-04-22 15:23:59.809,19531,19532,19531,2,-2
2024-04-22 15:24:02.084,19530,19532,19531,1,-1
2024-04-22 15:24:02.511,19530,19532,19530,2,-2
2024-04-22 15:24:02.932,19530,19532,19532,1,1
2024-04-22 15:24:04.207,19532,19533,19533,1,1
2024-04-22 15:24:04.207,19532,19533,19533,1,1
2024-04-22 15:24:04.751,19533,19534,19533,1,-1
2024-04-22 15:24:09.609,19531,19533,19533,1,1
2024-04-22 15:24:14.093,19531,19532,19532,1,1
2024-04-22 15:24:17.201,19532,19533,19532,1,-1
2024-04-22 15:24:20.134,19532,19533,19532,1,-1
2024-04-22 15:24:21.481,19532,19533,19533,11,11
2024-04-22 15:24:21.505,19532,19533,19533,1,1
2024-04-22 15:24:21.655,19533,19534,19534,1,1
2024-04-22 15:24:25.188,19534,19535,19534,1,-1
2024-04-22 15:24:25.271,19534,19535,19534,3,-3
2024-04-22 15:24:32.898,19534,19535,19535,2,2
2024-04-22 15:24:33.034,19534,19536,19536,1,1
2024-04-22 15:24:37.566,19534,19535,19534,3,-3
2024-04-22 15:24:37.573,19534,19535,19533,1,-1
2024-04-22 15:24:41.349,19532,19533,19533,1,1
2024-04-22 15:24:42.902,19532,19533,19532,1,-1
2024-04-22 15:24:42.902,19532,19533,19532,1,-1
2024-04-22 15:24:42.931,19532,19533,19531,1,-1
2024-04-22 15:24:47.883,19531,19532,19532,1,1
2024-04-22 15:24:48.493,19531,19532,19532,1,1
2024-04-22 15:24:55.402,19531,19532,19531,1,-1
2024-04-22 15:24:55.402,19531,19532,19531,2,-2
2024-04-22 15:24:55.402,19531,19532,19531,1,-1
2024-04-22 15:24:55.402,19531,19532,19531,2,-2
2024-04-22 15:24:55.402,19531,19532,19531,2,-2
2024-04-22 15:24:55.403,19531,19532,19531,1,-1
2024-04-22 15:24:55.581,19530,19532,19532,4,4
2024-04-22 15:24:57.362,19530,19532,19532,2,2
2024-04-22 15:24:58.603,19530,19531,19531,1,1
2024-04-22 15:24:59.879,19531,19532,19532,3,3
2024-04-22 15:25:00.376,19531,19533,19531,3,-3
2024-04-22 15:25:03.107,19531,19533,19532,2,-2
2024-04-22 15:25:03.141,19532,19533,19533,1,1
2024-04-22 15:25:03.141,19532,19533,19533,1,1
2024-04-22 15:25:09.053,19534,19535,19535,2,2
2024-04-22 15:25:09.053,19534,19535,19535,3,3
2024-04-22 15:25:09.096,19534,19535,19536,1,1
2024-04-22 15:25:09.156,19536,19537,19536,8,-8
2024-04-22 15:25:09.156,19536,19537,19536,1,-1
2024-04-22 15:25:09.441,19534,19536,19534,1,-1
2024-04-22 15:25:09.527,19533,19534,19534,1,1
2024-04-22 15:25:28.813,19532,19533,19532,1,-1
2024-04-22 15:25:29.039,19532,19533,19532,1,-1
2024-04-22 15:25:29.042,19532,19533,19531,1,-1
2024-04-22 15:25:29.110,19532,19533,19531,1,-1
2024-04-22 15:25:31.388,19532,19534,19534,1,1
2024-04-22 15:25:31.407,19532,19534,19534,1,1
2024-04-22 15:25:31.408,19532,19534,19534,2,2
2024-04-22 15:25:34.895,19533,19534,19534,4,4
2024-04-22 15:25:36.438,19534,19535,19535,1,1
2024-04-22 15:25:36.439,19534,19535,19535,1,1
2024-04-22 15:25:36.439,19534,19535,19535,2,2
2024-04-22 15:25:39.455,19533,19535,19533,1,-1
2024-04-22 15:25:56.294,19533,19534,19533,1,-1
2024-04-22 15:26:03.249,19531,19532,19532,1,1
2024-04-22 15:26:05.752,19531,19532,19532,2,2
2024-04-22 15:26:08.857,19531,19533,19532,1,1
2024-04-22 15:26:13.495,19532,19534,19534,1,1
2024-04-22 15:26:19.784,19534,19535,19535,1,1
2024-04-22 15:26:20.214,19534,19535,19534,1,-1
2024-04-22 15:26:20.439,19534,19535,19534,1,-1
2024-04-22 15:26:25.137,19532,19534,19534,1,1
2024-04-22 15:26:26.416,19533,19534,19533,1,-1
2024-04-22 15:26:27.065,19533,19534,19533,1,-1
2024-04-22 15:26:33.819,19533,19534,19533,3,-3
2024-04-22 15:26:37.834,19532,19533,19533,2,2
2024-04-22 15:26:41.003,19533,19534,19533,3,-3
2024-04-22 15:26:42.229,19532,19534,19532,3,-3
2024-04-22 15:26:43.438,19532,19533,19532,1,-1
2024-04-22 15:26:46.366,19531,19532,19531,1,-1
2024-04-22 15:26:53.155,19530,19531,19531,1,1
2024-04-22 15:26:58.782,19531,19532,19532,1,1
2024-04-22 15:26:58.782,19531,19532,19532,1,1
2024-04-22 15:26:58.799,19531,19532,19533,1,1
2024-04-22 15:26:58.799,19531,19532,19533,1,1
2024-04-22 15:26:59.977,19533,19534,19533,1,-1
2024-04-22 15:27:00.118,19533,19534,19534,1,1
2024-04-22 15:27:00.159,19534,19535,19534,1,-1
2024-04-22 15:27:12.883,19533,19534,19534,5,5
2024-04-22 15:27:13.028,19533,19534,19534,1,1
2024-04-22 15:27:13.461,19533,19535,19533,1,-1
2024-04-22 15:27:14.391,19533,19535,19535,1,1
2024-04-22 15:27:20.323,19534,19535,19534,1,-1
2024-04-22 15:27:20.325,19534,19535,19533,2,-2
2024-04-22 15:27:20.497,19532,19534,19532,1,-1
2024-04-22 15:27:30.891,19532,19534,19533,2,-2
2024-04-22 15:27:34.654,19533,19534,19534,1,1
2024-04-22 15:27:35.860,19533,19534,19534,2,2
2024-04-22 15:27:43.323,19533,19535,19533,2,-2
2024-04-22 15:27:52.930,19533,19534,19534,1,1
2024-04-22 15:28:01.976,19533,19534,19534,1,1
2024-04-22 15:28:01.977,19533,19534,19534,1,1
2024-04-22 15:28:01.977,19533,19534,19534,1,1
2024-04-22 15:28:02.393,19534,19535,19535,2,2
2024-04-22 15:28:02.394,19534,19535,19535,12,12
2024-04-22 15:28:03.185,19535,19536,19536,1,1
2024-04-22 15:28:03.185,19535,19536,19536,5,5
2024-04-22 15:28:13.904,19535,19537,19535,1,-1
2024-04-22 15:28:20.221,19535,19536,19535,1,-1
2024-04-22 15:28:21.505,19534,19535,19534,5,-5
2024-04-22 15:28:25.537,19533,19534,19533,4,-4
2024-04-22 15:28:25.538,19533,19534,19532,5,-5
2024-04-22 15:28:25.821,19531,19532,19531,1,-1
2024-04-22 15:28:25.922,19531,19532,19531,1,-1
2024-04-22 15:28:26.778,19531,19532,19532,1,1
2024-04-22 15:28:29.573,19531,19533,19531,1,-1
2024-04-22 15:28:30.172,19531,19532,19531,1,-1
2024-04-22 15:28:30.929,19530,19531,19531,1,1
2024-04-22 15:28:33.840,19531,19532,19532,1,1
2024-04-22 15:28:33.840,19531,19532,19532,1,1
2024-04-22 15:28:33.931,19531,19533,19531,1,-1
2024-04-22 15:28:37.569,19531,19533,19533,1,1
2024-04-22 15:28:40.876,19532,19533,19532,1,-1
2024-04-22 15:28:42.199,19531,19533,19533,1,1
2024-04-22 15:28:44.098,19531,19533,19531,1,-1
2024-04-22 15:28:44.098,19531,19533,19531,3,-3
2024-04-22 15:28:50.354,19530,19531,19530,1,-1
2024-04-22 15:28:51.865,19530,19531,19531,1,1
2024-04-22 15:28:54.165,19530,19531,19530,1,-1
2024-04-22 15:28:57.439,19530,19531,19530,1,-1
2024-04-22 15:28:57.606,19530,19531,19530,1,-1
2024-04-22 15:28:58.151,19530,19531,19531,1,1
2024-04-22 15:28:58.151,19530,19531,19531,1,1
2024-04-22 15:28:58.151,19530,19531,19531,4,4
2024-04-22 15:28:58.305,19530,19532,19530,1,-1
2024-04-22 15:28:58.540,19530,19532,19530,1,-1
2024-04-22 15:29:00.758,19530,19531,19530,4,-4
2024-04-22 15:29:01.194,19529,19530,19529,2,-2
2024-04-22 15:29:01.255,19529,19530,19529,3,-3
2024-04-22 15:29:01.255,19529,19530,19529,3,-3
2024-04-22 15:29:01.255,19529,19530,19529,6,-6
2024-04-22 15:29:02.221,19528,19529,19528,15,-15
2024-04-22 15:29:02.276,19527,19528,19527,1,-1
2024-04-22 15:29:02.277,19527,19528,19527,1,-1
2024-04-22 15:29:02.513,19526,19527,19527,1,1
2024-04-22 15:29:02.538,19526,19527,19526,4,-4
2024-04-22 15:29:02.744,19526,19527,19526,2,-2
2024-04-22 15:29:03.410,19526,19528,19526,1,-1
2024-04-22 15:29:05.598,19528,19529,19529,2,2
2024-04-22 15:29:06.841,19527,19529,19527,5,-5
2024-04-22 15:29:06.903,19527,19528,19528,9,9
2024-04-22 15:29:15.030,19528,19529,19528,1,-1
2024-04-22 15:29:15.030,19528,19529,19527,4,-4
2024-04-22 15:29:16.304,19527,19529,19529,1,1
2024-04-22 15:29:19.267,19527,19528,19528,1,1
2024-04-22 15:29:19.400,19528,19529,19528,3,-3
2024-04-22 15:29:19.860,19528,19529,19528,1,-1
2024-04-22 15:29:19.861,19528,19529,19528,1,-1
2024-04-22 15:29:23.156,19528,19529,19528,4,-4
2024-04-22 15:29:24.058,19527,19528,19527,2,-2
2024-04-22 15:29:25.927,19526,19527,19527,1,1
2024-04-22 15:29:25.928,19526,19527,19527,2,2
2024-04-22 15:29:25.928,19526,19527,19527,3,3
2024-04-22 15:29:33.745,19526,19528,19528,3,3
2024-04-22 15:29:35.033,19527,19528,19528,1,1
2024-04-22 15:29:35.227,19528,19529,19528,1,-1
2024-04-22 15:29:35.227,19528,19529,19529,2,2
2024-04-22 15:29:35.250,19528,19529,19528,1,-1
2024-04-22 15:29:40.367,19528,19529,19528,1,-1
2024-04-22 15:29:46.236,19527,19529,19528,1,-1
2024-04-22 15:29:47.931,19527,19528,19528,5,5
2024-04-22 15:29:49.779,19528,19529,19529,2,2
2024-04-22 15:29:51.483,19528,19529,19529,1,1
2024-04-22 15:29:57.398,19528,19529,19528,1,-1
2024-04-22 15:30:00.219,19528,19529,19528,1,-1
2024-04-22 15:30:00.220,19528,19529,19528,3,-3
2024-04-22 15:30:00.435,19527,19529,19527,1,-1
2024-04-22 15:30:00.492,19527,19529,19527,7,-7
2024-04-22 15:30:00.494,19527,19529,19527,3,-3
2024-04-22 15:30:00.505,19527,19529,19526,1,-1
2024-04-22 15:30:02.035,19526,19528,19528,1,1
2024-04-22 15:30:03.069,19526,19528,19526,10,-10
2024-04-22 15:30:05.330,19525,19527,19525,1,-1
2024-04-22 15:30:05.330,19525,19527,19525,2,-2
2024-04-22 15:30:05.330,19525,19527,19525,1,-1
2024-04-22 15:30:05.330,19525,19527,19525,13,-13
2024-04-22 15:30:05.418,19524,19525,19524,1,-1
2024-04-22 15:30:05.418,19524,19525,19525,2,2
2024-04-22 15:30:05.534,19524,19525,19524,1,-1
2024-04-22 15:30:05.534,19524,19525,19524,1,-1
2024-04-22 15:30:07.669,19524,19525,19525,1,1
2024-04-22 15:30:07.670,19524,19525,19525,1,1
2024-04-22 15:30:13.919,19524,19526,19524,13,-13
2024-04-22 15:30:13.920,19524,19526,19524,2,-2
2024-04-22 15:30:14.778,19523,19524,19524,1,1
2024-04-22 15:30:14.937,19523,19524,19523,15,-15
2024-04-22 15:30:15.791,19523,19524,19523,13,-13
2024-04-22 15:30:15.792,19523,19524,19523,2,-2
2024-04-22 15:30:15.811,19523,19524,19523,7,-7
2024-04-22 15:30:17.322,19523,19524,19523,1,-1
2024-04-22 15:30:17.322,19523,19524,19522,1,-1
2024-04-22 15:30:17.503,19522,19524,19522,1,-1
2024-04-22 15:30:19.123,19522,19524,19522,2,-2
2024-04-22 15:30:19.375,19522,19524,19522,6,-6
2024-04-22 15:30:20.364,19521,19523,19521,1,-1
2024-04-22 15:30:20.406,19521,19522,19521,6,-6
2024-04-22 15:30:20.460,19521,19522,19521,1,-1
2024-04-22 15:30:22.266,19520,19521,19520,2,-2
2024-04-22 15:30:22.266,19520,19521,19520,4,-4
2024-04-22 15:30:22.471,19519,19520,19519,1,-1
2024-04-22 15:30:22.569,19519,19520,19519,1,-1
2024-04-22 15:30:22.569,19519,19520,19519,1,-1
2024-04-22 15:30:22.570,19519,19520,19519,1,-1
2024-04-22 15:30:22.587,19519,19520,19518,3,-3
2024-04-22 15:30:22.710,19518,19519,19518,1,-1
2024-04-22 15:30:22.769,19518,19519,19518,1,-1
2024-04-22 15:30:23.873,19518,19519,19519,1,1
2024-04-22 15:30:23.874,19518,19519,19519,3,3
2024-04-22 15:30:24.022,19519,19520,19519,1,-1
2024-04-22 15:30:24.035,19519,19520,19520,2,2
2024-04-22 15:30:24.193,19518,19520,19520,5,5
2024-04-22 15:30:24.267,19519,19521,19519,1,-1
2024-04-22 15:30:26.206,19518,19520,19519,3,-3
2024-04-22 15:30:26.320,19519,19521,19521,2,2
2024-04-22 15:30:26.559,19520,19522,19520,1,-1
2024-04-22 15:30:26.781,19519,19521,19520,5,-5
2024-04-22 15:30:28.711,19519,19521,19521,1,1
2024-04-22 15:30:28.875,19520,19522,19522,2,2
2024-04-22 15:30:29.970,19521,19522,19521,1,-1
2024-04-22 15:30:30.667,19521,19522,19521,1,-1
2024-04-22 15:30:30.800,19521,19522,19522,1,1
2024-04-22 15:30:34.823,19522,19523,19522,2,-2
2024-04-22 15:30:38.582,19521,19522,19521,1,-1
2024-04-22 15:30:38.582,19521,19522,19521,4,-4
2024-04-22 15:30:38.582,19521,19522,19521,2,-2
2024-04-22 15:30:38.861,19520,19521,19520,3,-3
2024-04-22 15:30:38.884,19520,19521,19520,1,-1
2024-04-22 15:30:40.925,19519,19520,19520,2,2
2024-04-22 15:30:40.979,19519,19520,19519,1,-1
2024-04-22 15:30:41.933,19519,19520,19519,1,-1
2024-04-22 15:30:41.933,19519,19520,19518,2,-2
2024-04-22 15:30:42.155,19518,19519,19519,1,1
2024-04-22 15:30:42.510,19518,19520,19520,18,18
2024-04-22 15:30:42.510,19518,19520,19520,1,1
2024-04-22 15:30:42.510,19518,19520,19520,1,1
2024-04-22 15:30:42.511,19518,19520,19521,2,2
2024-04-22 15:30:42.512,19518,19520,19521,2,2
2024-04-22 15:30:42.665,19520,19522,19520,1,-1
2024-04-22 15:30:42.853,19520,19522,19522,2,2
2024-04-22 15:30:43.571,19520,19522,19522,1,1
2024-04-22 15:30:45.973,19519,19520,19520,4,4
2024-04-22 15:30:46.048,19520,19522,19520,1,-1
2024-04-22 15:30:48.114,19519,19520,19520,1,1
2024-04-22 15:30:50.221,19521,19522,19521,1,-1
2024-04-22 15:30:51.156,19520,19522,19520,4,-4
2024-04-22 15:30:51.459,19520,19522,19520,1,-1
2024-04-22 15:30:53.366,19521,19522,19521,1,-1
2024-04-22 15:30:53.473,19521,19522,19522,2,2
2024-04-22 15:30:53.717,19522,19523,19522,11,-11
2024-04-22 15:30:53.717,19522,19523,19521,12,-12
2024-04-22 15:30:54.828,19521,19522,19521,1,-1
2024-04-22 15:30:54.828,19521,19522,19520,1,-1
2024-04-22 15:30:54.878,19521,19522,19522,7,7
2024-04-22 15:30:55.988,19520,19522,19521,1,1
2024-04-22 15:30:56.817,19520,19521,19520,1,-1
2024-04-22 15:30:58.257,19519,19521,19521,1,1
2024-04-22 15:30:58.571,19519,19521,19521,1,1
2024-04-22 15:31:03.028,19519,19520,19519,1,-1
2024-04-22 15:31:04.808,19518,19520,19518,1,-1
2024-04-22 15:31:05.815,19519,19520,19519,1,-1
2024-04-22 15:31:07.814,19519,19520,19519,13,-13
2024-04-22 15:31:07.815,19519,19520,19519,10,-10
2024-04-22 15:31:17.336,19518,19519,19519,1,1
2024-04-22 15:31:18.333,19518,19519,19518,4,-4
2024-04-22 15:31:18.335,19518,19519,19517,1,-1
2024-04-22 15:31:18.335,19518,19519,19517,1,-1
2024-04-22 15:31:18.335,19518,19519,19517,1,-1
2024-04-22 15:31:18.436,19516,19517,19517,3,3
2024-04-22 15:31:18.644,19516,19518,19518,3,3
2024-04-22 15:31:18.927,19517,19519,19519,1,1
2024-04-22 15:31:21.036,19517,19519,19519,1,1
2024-04-22 15:31:22.050,19517,19519,19517,1,-1
2024-04-22 15:31:23.162,19517,19519,19518,5,-5
2024-04-22 15:31:23.671,19518,19519,19519,3,3
2024-04-22 15:31:23.671,19518,19519,19519,1,1
2024-04-22 15:31:23.975,19519,19520,19520,2,2
2024-04-22 15:31:23.975,19519,19520,19520,1,1
2024-04-22 15:31:24.137,19520,19521,19521,1,1
2024-04-22 15:31:26.416,19519,19520,19520,1,1
2024-04-22 15:31:30.254,19519,19520,19519,1,-1
2024-04-22 15:31:31.044,19518,19520,19520,1,1
2024-04-22 15:31:33.375,19517,19519,19519,1,1
2024-04-22 15:31:36.146,19517,19518,19518,1,1
2024-04-22 15:31:36.396,19518,19519,19519,1,1
2024-04-22 15:31:40.183,19518,19519,19519,2,2
2024-04-22 15:31:40.463,19519,19520,19520,1,1
2024-04-22 15:31:44.575,19518,19520,19520,1,1
2024-04-22 15:31:52.808,19519,19521,19519,1,-1
2024-04-22 15:31:57.253,19518,19520,19520,3,3
2024-04-22 15:31:58.709,19519,19520,19520,1,1
2024-04-22 15:32:02.637,19520,19521,19520,3,-3
2024-04-22 15:32:05.011,19520,19521,19519,15,-15
2024-04-22 15:32:05.011,19520,19521,19520,7,-7
2024-04-22 15:32:05.842,19518,19520,19520,1,1
2024-04-22 15:32:08.169,19520,19521,19520,1,-1
2024-04-22 15:32:12.130,19518,19520,19518,13,-13
2024-04-22 15:32:12.133,19518,19520,19517,1,-1
2024-04-22 15:32:12.231,19516,19517,19516,1,-1
2024-04-22 15:32:12.328,19516,19517,19516,1,-1
2024-04-22 15:32:12.356,19516,19517,19517,1,1
2024-04-22 15:32:13.181,19516,19517,19517,1,1
2024-04-22 15:32:16.586,19516,19517,19515,2,-2
2024-04-22 15:32:16.586,19516,19517,19516,2,-2
2024-04-22 15:32:16.662,19515,19517,19515,10,-10
2024-04-22 15:32:16.809,19514,19516,19514,1,-1
2024-04-22 15:32:17.453,19514,19516,19514,1,-1
2024-04-22 15:32:18.503,19514,19516,19515,1,-1
2024-04-22 15:32:19.352,19515,19516,19515,1,-1
2024-04-22 15:32:20.417,19515,19516,19515,1,-1
2024-04-22 15:32:21.415,19514,19516,19514,1,-1
2024-04-22 15:32:24.535,19514,19516,19514,2,-2
2024-04-22 15:32:24.826,19514,19516,19514,1,-1
2024-04-22 15:32:27.435,19514,19515,19515,1,1
2024-04-22 15:32:27.435,19514,19515,19515,3,3
2024-04-22 15:32:29.032,19515,19516,19515,1,-1
2024-04-22 15:32:29.286,19515,19516,19516,1,1
2024-04-22 15:32:29.856,19516,19517,19516,1,-1
2024-04-22 15:32:30.240,19516,19517,19516,1,-1
2024-04-22 15:32:31.367,19515,19517,19516,1,-1
2024-04-22 15:32:31.540,19515,19517,19517,1,1
2024-04-22 15:32:31.583,19515,19517,19518,1,1
2024-04-22 15:32:32.173,19519,19520,19520,1,1
2024-04-22 15:32:33.304,19518,19520,19518,3,-3
2024-04-22 15:32:36.487,19516,19518,19518,1,1
2024-04-22 15:32:40.353,19517,19518,19517,1,-1
2024-04-22 15:32:44.524,19517,19519,19517,1,-1
2024-04-22 15:32:47.117,19516,19518,19516,3,-3
2024-04-22 15:32:49.644,19516,19517,19516,1,-1
2024-04-22 15:32:50.337,19516,19517,19516,1,-1
2024-04-22 15:32:52.365,19515,19516,19516,1,1
2024-04-22 15:32:52.714,19516,19517,19515,3,-3
2024-04-22 15:32:52.714,19516,19517,19516,1,-1
2024-04-22 15:32:53.879,19515,19517,19517,1,1
2024-04-22 15:32:54.119,19515,19517,19517,1,1
2024-04-22 15:32:56.466,19515,19517,19517,2,2
2024-04-22 15:32:56.555,19516,19518,19516,1,-1
2024-04-22 15:32:56.915,19516,19518,19516,1,-1
2024-04-22 15:33:03.009,19516,19518,19516,1,-1
2024-04-22 15:33:03.809,19515,19517,19515,1,-1
2024-04-22 15:33:06.750,19515,19517,19515,5,-5
2024-04-22 15:33:10.792,19516,19517,19516,1,-1
2024-04-22 15:33:12.024,19516,19517,19516,2,-2
2024-04-22 15:33:13.035,19515,19516,19515,3,-3
2024-04-22 15:33:16.381,19513,19514,19513,4,-4
2024-04-22 15:33:16.381,19513,19514,19513,2,-2
2024-04-22 15:33:16.383,19513,19514,19512,2,-2
2024-04-22 15:33:17.934,19512,19513,19512,1,-1
2024-04-22 15:33:18.148,19511,19512,19511,1,-1
2024-04-22 15:33:18.256,19511,19512,19511,2,-2
2024-04-22 15:33:18.450,19511,19512,19511,2,-2
2024-04-22 15:33:19.133,19511,19512,19511,1,-1
2024-04-22 15:33:19.224,19511,19512,19512,1,1
2024-04-22 15:33:19.249,19511,19512,19512,1,1
2024-04-22 15:33:20.217,19512,19513,19512,6,-6
2024-04-22 15:33:20.426,19511,19513,19511,5,-5
2024-04-22 15:33:20.447,19511,19513,19512,8,-8
2024-04-22 15:33:21.986,19512,19513,19512,1,-1
2024-04-22 15:33:22.204,19512,19513,19512,1,-1
2024-04-22 15:33:22.393,19512,19513,19512,2,-2
2024-04-22 15:33:23.252,19512,19513,19513,3,3
2024-04-22 15:33:25.437,19513,19515,19513,1,-1
2024-04-22 15:33:25.505,19513,19515,19513,1,-1
2024-04-22 15:33:28.043,19513,19515,19513,1,-1
2024-04-22 15:33:29.077,19512,19514,19512,1,-1
2024-04-22 15:33:29.942,19514,19515,19515,1,1
2024-04-22 15:33:32.610,19514,19516,19514,1,-1
2024-04-22 15:33:38.532,19515,19516,19515,1,-1
2024-04-22 15:33:38.532,19515,19516,19515,1,-1
2024-04-22 15:33:48.118,19513,19515,19515,9,9
2024-04-22 15:33:48.141,19515,19516,19515,1,-1
2024-04-22 15:33:48.172,19515,19516,19515,1,-1
2024-04-22 15:33:51.171,19515,19516,19516,1,1
2024-04-22 15:33:52.813,19515,19516,19515,7,-7
2024-04-22 15:33:58.839,19513,19515,19513,1,-1
2024-04-22 15:34:01.464,19513,19514,19513,6,-6
2024-04-22 15:34:04.640,19513,19514,19514,10,10
2024-04-22 15:34:06.784,19514,19515,19514,1,-1
2024-04-22 15:34:08.173,19514,19515,19514,1,-1
2024-04-22 15:34:09.671,19514,19515,19515,1,1
2024-04-22 15:34:11.296,19514,19515,19515,1,1
2024-04-22 15:34:18.387,19514,19516,19514,1,-1
2024-04-22 15:34:20.023,19514,19515,19515,1,1
2024-04-22 15:34:21.026,19515,19516,19515,5,-5
2024-04-22 15:34:21.026,19515,19516,19514,1,-1
2024-04-22 15:34:26.829,19513,19515,19515,1,1
2024-04-22 15:34:37.430,19514,19515,19515,4,4
2024-04-22 15:34:37.431,19514,19515,19515,3,3
2024-04-22 15:34:38.292,19515,19516,19516,5,5
2024-04-22 15:34:38.295,19515,19516,19517,1,1
2024-04-22 15:34:38.314,19515,19516,19517,1,1
2024-04-22 15:34:46.739,19516,19518,19518,1,1
2024-04-22 15:34:50.172,19517,19519,19519,1,1
2024-04-22 15:34:50.284,19517,19519,19519,1,1
2024-04-22 15:34:50.552,19517,19519,19519,3,3
2024-04-22 15:34:51.274,19518,19519,19518,1,-1
2024-04-22 15:34:54.454,19516,19518,19518,1,1
2024-04-22 15:35:00.244,19518,19519,19518,1,-1
2024-04-22 15:35:04.077,19517,19518,19517,1,-1
2024-04-22 15:35:07.295,19518,19519,19518,1,-1
2024-04-22 15:35:10.375,19517,19518,19518,1,1
2024-04-22 15:35:10.375,19517,19518,19519,4,4
2024-04-22 15:35:11.421,19518,19519,19519,1,1
2024-04-22 15:35:12.977,19518,19519,19519,1,1
2024-04-22 15:35:14.149,19518,19520,19520,1,1
2024-04-22 15:35:16.072,19519,19520,19520,1,1
2024-04-22 15:35:18.912,19519,19520,19519,1,-1
2024-04-22 15:35:20.427,19518,19520,19520,5,5
2024-04-22 15:35:22.293,19519,19520,19519,1,-1
2024-04-22 15:35:22.973,19518,19520,19520,1,1
2024-04-22 15:35:26.523,19519,19520,19520,5,5
2024-04-22 15:35:30.225,19518,19520,19520,1,1
2024-04-22 15:35:31.783,19518,19520,19520,1,1
2024-04-22 15:35:33.020,19518,19520,19520,1,1
2024-04-22 15:35:33.796,19519,19521,19519,1,-1
2024-04-22 15:35:36.313,19520,19521,19521,1,1
2024-04-22 15:35:36.313,19520,19521,19521,2,2
2024-04-22 15:35:36.314,19520,19521,19521,2,2
2024-04-22 15:35:36.314,19520,19521,19521,2,2
2024-04-22 15:35:36.503,19521,19522,19522,2,2
2024-04-22 15:35:38.705,19521,19523,19523,2,2
2024-04-22 15:35:41.381,19522,19523,19522,1,-1
2024-04-22 15:35:42.598,19522,19523,19522,1,-1
2024-04-22 15:35:42.763,19520,19522,19522,1,1
2024-04-22 15:35:42.879,19520,19522,19519,1,-1
2024-04-22 15:35:49.267,19520,19521,19521,1,1
2024-04-22 15:35:50.477,19520,19521,19520,1,-1
2024-04-22 15:35:52.419,19520,19521,19521,2,2
2024-04-22 15:35:52.419,19520,19521,19521,1,1
2024-04-22 15:35:52.490,19520,19521,19521,1,1
2024-04-22 15:35:57.775,19520,19522,19520,1,-1
2024-04-22 15:35:58.447,19520,19522,19522,2,2
2024-04-22 15:36:04.782,19522,19523,19523,1,1
2024-04-22 15:36:04.829,19522,19523,19523,1,1
2024-04-22 15:36:04.829,19522,19523,19523,1,1
2024-04-22 15:36:08.017,19523,19524,19524,1,1
2024-04-22 15:36:11.019,19523,19524,19523,1,-1
2024-04-22 15:36:14.901,19523,19524,19524,1,1
2024-04-22 15:36:15.221,19524,19525,19525,2,2
2024-04-22 15:36:15.222,19524,19525,19524,2,-2
2024-04-22 15:36:15.223,19524,19525,19525,1,1
2024-04-22 15:36:18.133,19524,19526,19526,1,1
2024-04-22 15:36:18.637,19524,19526,19526,1,1
2024-04-22 15:36:19.798,19523,19525,19525,2,2
2024-04-22 15:36:23.561,19523,19525,19525,4,4
2024-04-22 15:36:25.202,19523,19525,19525,2,2
2024-04-22 15:36:34.753,19523,19524,19524,1,1
2024-04-22 15:36:35.563,19523,19524,19523,1,-1
2024-04-22 15:36:35.563,19523,19524,19523,1,-1
2024-04-22 15:36:35.564,19523,19524,19523,1,-1
2024-04-22 15:36:35.583,19523,19524,19522,1,-1
2024-04-22 15:36:35.588,19523,19524,19522,1,-1
2024-04-22 15:36:39.368,19522,19523,19522,4,-4
2024-04-22 15:36:42.246,19521,19522,19522,1,1
2024-04-22 15:36:46.780,19521,19523,19523,2,2
2024-04-22 15:36:52.758,19521,19522,19521,2,-2
2024-04-22 15:36:52.759,19521,19522,19520,1,-1
2024-04-22 15:36:52.763,19521,19522,19520,1,-1
2024-04-22 15:37:01.450,19518,19519,19519,1,1
2024-04-22 15:37:03.919,19518,19519,19518,1,-1
2024-04-22 15:37:14.903,19518,19519,19519,1,1
2024-04-22 15:37:15.019,19518,19519,19518,4,-4
2024-04-22 15:37:15.051,19518,19519,19517,1,-1
2024-04-22 15:37:15.052,19518,19519,19517,1,-1
2024-04-22 15:37:15.052,19518,19519,19517,5,-5
2024-04-22 15:37:15.052,19518,19519,19517,1,-1
2024-04-22 15:37:15.052,19518,19519,19517,1,-1
2024-04-22 15:37:15.052,19518,19519,19517,1,-1
2024-04-22 15:37:15.070,19518,19519,19517,5,-5
2024-04-22 15:37:21.168,19517,19518,19517,1,-1
2024-04-22 15:37:23.424,19515,19517,19517,1,1
2024-04-22 15:37:28.127,19515,19517,19515,1,-1
2024-04-22 15:37:28.130,19515,19517,19515,1,-1
2024-04-22 15:37:28.130,19515,19517,19515,9,-9
2024-04-22 15:37:28.775,19515,19516,19516,2,2
2024-04-22 15:37:29.495,19515,19517,19516,2,2
2024-04-22 15:37:29.813,19515,19517,19515,2,-2
2024-04-22 15:37:33.145,19515,19516,19516,3,3
2024-04-22 15:37:33.652,19515,19516,19515,1,-1
2024-04-22 15:37:33.653,19515,19516,19515,2,-2
2024-04-22 15:37:34.337,19514,19516,19516,3,3
2024-04-22 15:37:35.419,19514,19516,19516,3,3
2024-04-22 15:37:35.603,19515,19517,19515,2,-2
2024-04-22 15:37:40.268,19516,19517,19516,1,-1
2024-04-22 15:37:42.008,19515,19516,19516,1,1
2024-04-22 15:37:55.954,19515,19516,19515,1,-1
2024-04-22 15:37:59.592,19515,19516,19515,4,-4
2024-04-22 15:38:03.002,19514,19515,19514,5,-5
2024-04-22 15:38:04.405,19513,19514,19513,2,-2
2024-04-22 15:38:05.244,19512,19514,19513,1,-1
2024-04-22 15:38:08.661,19512,19513,19512,1,-1
2024-04-22 15:38:08.661,19512,19513,19512,1,-1
2024-04-22 15:38:08.683,19512,19513,19512,2,-2
2024-04-22 15:38:08.869,19511,19512,19511,1,-1
2024-04-22 15:38:09.218,19511,19512,19511,1,-1
2024-04-22 15:38:09.342,19511,19512,19511,1,-1
2024-04-22 15:38:12.255,19511,19512,19511,1,-1
2024-04-22 15:38:13.007,19511,19512,19511,1,-1
2024-04-22 15:38:15.351,19511,19512,19511,2,-2
2024-04-22 15:38:21.841,19510,19511,19511,1,1
2024-04-22 15:38:21.842,19510,19511,19511,3,3
2024-04-22 15:38:25.986,19511,19512,19512,3,3
2024-04-22 15:38:26.352,19512,19513,19513,1,1
2024-04-22 15:38:26.352,19512,19513,19513,1,1
2024-04-22 15:38:29.693,19513,19514,19514,1,1
2024-04-22 15:38:29.693,19513,19514,19514,1,1
2024-04-22 15:38:31.281,19514,19515,19514,1,-1
2024-04-22 15:38:32.989,19514,19515,19515,1,1
2024-04-22 15:38:33.030,19514,19515,19515,2,2
2024-04-22 15:38:33.502,19514,19515,19514,1,-1
2024-04-22 15:38:38.637,19514,19515,19515,4,4
2024-04-22 15:38:38.638,19514,19515,19515,2,2
2024-04-22 15:38:41.747,19514,19515,19515,1,1
2024-04-22 15:38:46.741,19515,19516,19515,4,-4
2024-04-22 15:38:46.971,19514,19515,19515,1,1
2024-04-22 15:38:52.321,19514,19515,19515,5,5
2024-04-22 15:39:00.220,19514,19515,19514,8,-8
2024-04-22 15:39:00.887,19514,19515,19514,1,-1
2024-04-22 15:39:01.099,19513,19514,19514,3,3
2024-04-22 15:39:01.733,19513,19515,19513,3,-3
2024-04-22 15:39:14.142,19513,19514,19514,1,1
2024-04-22 15:39:14.568,19514,19515,19515,2,2
2024-04-22 15:39:14.568,19514,19515,19515,2,2
2024-04-22 15:39:14.568,19514,19515,19515,1,1
2024-04-22 15:39:14.590,19514,19515,19515,1,1
2024-04-22 15:39:18.008,19514,19516,19514,11,-11
2024-04-22 15:39:18.008,19514,19516,19513,4,-4
2024-04-22 15:39:18.059,19513,19515,19513,7,-7
2024-04-22 15:39:18.059,19513,19515,19513,2,-2
2024-04-22 15:39:20.210,19512,19513,19512,2,-2
2024-04-22 15:39:20.867,19511,19513,19511,11,-11
2024-04-22 15:39:22.027,19511,19513,19511,1,-1
2024-04-22 15:39:23.999,19511,19513,19511,1,-1
2024-04-22 15:39:26.416,19510,19512,19511,2,-2
2024-04-22 15:39:29.435,19511,19512,19512,1,1
2024-04-22 15:39:33.512,19512,19513,19512,1,-1
2024-04-22 15:39:40.573,19511,19513,19511,1,-1
2024-04-22 15:39:41.438,19511,19512,19512,2,2
2024-04-22 15:39:41.979,19511,19512,19512,1,1
2024-04-22 15:39:42.189,19511,19512,19512,2,2
2024-04-22 15:39:44.129,19511,19513,19511,1,-1
2024-04-22 15:39:46.410,19511,19512,19511,1,-1
2024-04-22 15:39:47.111,19510,19511,19510,1,-1
2024-04-22 15:39:47.112,19510,19511,19510,3,-3
2024-04-22 15:39:47.112,19510,19511,19510,1,-1
2024-04-22 15:39:47.112,19510,19511,19510,11,-11
2024-04-22 15:39:47.184,19509,19510,19509,1,-1
2024-04-22 15:39:47.188,19509,19510,19509,1,-1
2024-04-22 15:39:47.309,19509,19510,19509,1,-1
2024-04-22 15:39:47.310,19509,19510,19509,1,-1
2024-04-22 15:39:47.947,19508,19509,19509,1,1
2024-04-22 15:39:48.174,19508,19510,19508,2,-2
2024-04-22 15:39:48.287,19508,19510,19508,5,-5
2024-04-22 15:39:48.438,19508,19509,19508,1,-1
2024-04-22 15:39:55.171,19509,19510,19509,1,-1
2024-04-22 15:39:55.171,19509,19510,19508,3,-3
2024-04-22 15:39:59.034,19508,19509,19508,1,-1
2024-04-22 15:39:59.073,19508,19509,19509,1,1
2024-04-22 15:40:00.209,19508,19509,19508,3,-3
2024-04-22 15:40:01.406,19507,19508,19507,1,-1
2024-04-22 15:40:01.426,19507,19508,19506,1,-1
2024-04-22 15:40:01.426,19507,19508,19506,1,-1
2024-04-22 15:40:01.659,19506,19508,19506,2,-2
2024-04-22 15:40:02.413,19507,19508,19507,1,-1
2024-04-22 15:40:02.419,19507,19508,19508,1,1
2024-04-22 15:40:03.285,19507,19509,19509,1,1
2024-04-22 15:40:04.367,19507,19508,19508,1,1
2024-04-22 15:40:05.948,19506,19508,19506,1,-1
2024-04-22 15:40:06.855,19506,19507,19506,1,-1
2024-04-22 15:40:06.855,19506,19507,19506,1,-1
2024-04-22 15:40:06.952,19505,19506,19505,2,-2
2024-04-22 15:40:06.953,19505,19506,19505,2,-2
2024-04-22 15:40:06.953,19505,19506,19505,1,-1
2024-04-22 15:40:06.954,19505,19506,19505,1,-1
2024-04-22 15:40:06.954,19505,19506,19505,1,-1
2024-04-22 15:40:07.596,19506,19508,19506,5,-5
2024-04-22 15:40:08.250,19505,19507,19505,1,-1
2024-04-22 15:40:08.256,19505,19507,19507,1,1
2024-04-22 15:40:08.647,19505,19507,19506,2,2
2024-04-22 15:40:09.730,19506,19507,19507,1,1
2024-04-22 15:40:11.632,19507,19508,19506,1,-1
2024-04-22 15:40:12.041,19506,19508,19508,2,2
2024-04-22 15:40:12.710,19507,19508,19508,2,2
2024-04-22 15:40:13.497,19508,19509,19509,3,3
2024-04-22 15:40:13.910,19509,19510,19510,1,1
2024-04-22 15:40:13.910,19509,19510,19510,4,4
2024-04-22 15:40:16.803,19509,19510,19510,1,1
2024-04-22 15:40:21.416,19511,19512,19511,2,-2
2024-04-22 15:40:21.937,19510,19512,19512,2,2
2024-04-22 15:40:23.064,19512,19514,19512,1,-1
2024-04-22 15:40:24.060,19512,19514,19514,1,1
2024-04-22 15:40:24.597,19512,19514,19512,2,-2
2024-04-22 15:40:26.847,19512,19514,19512,1,-1
2024-04-22 15:40:29.372,19512,19514,19514,1,1
2024-04-22 15:40:31.092,19513,19514,19514,2,2
2024-04-22 15:40:33.504,19514,19516,19514,5,-5
2024-04-22 15:40:33.767,19513,19515,19513,1,-1
2024-04-22 15:40:34.730,19514,19515,19514,1,-1
2024-04-22 15:40:35.674,19512,19514,19514,1,1
2024-04-22 15:40:43.194,19513,19514,19514,2,2
2024-04-22 15:40:43.762,19513,19514,19514,1,1
2024-04-22 15:40:46.708,19513,19514,19514,4,4
2024-04-22 15:40:46.765,19514,19515,19515,1,1
2024-04-22 15:40:46.766,19514,19515,19515,2,2
2024-04-22 15:40:46.766,19514,19515,19515,1,1
2024-04-22 15:40:47.766,19515,19516,19515,1,-1
2024-04-22 15:40:49.657,19514,19516,19514,1,-1
2024-04-22 15:40:50.263,19514,19516,19516,2,2
2024-04-22 15:40:52.882,19514,19516,19516,1,1
2024-04-22 15:40:53.619,19516,19517,19516,1,-1
2024-04-22 15:40:55.133,19515,19516,19516,6,6
2024-04-22 15:40:55.435,19515,19517,19517,1,1
2024-04-22 15:40:56.893,19516,19517,19516,5,-5
2024-04-22 15:41:00.162,19515,19516,19515,1,-1
2024-04-22 15:41:03.785,19513,19515,19513,1,-1
2024-04-22 15:41:08.539,19514,19515,19514,1,-1
2024-04-22 15:41:08.815,19514,19515,19515,1,1
2024-04-22 15:41:13.256,19515,19516,19516,1,1
2024-04-22 15:41:20.218,19515,19516,19515,2,-2
2024-04-22 15:41:20.274,19515,19516,19515,1,-1
2024-04-22 15:41:23.466,19515,19516,19516,1,1
2024-04-22 15:41:23.467,19515,19516,19516,1,1
2024-04-22 15:41:23.467,19515,19516,19516,1,1
2024-04-22 15:41:25.497,19515,19516,19515,1,-1
2024-04-22 15:41:26.341,19513,19515,19515,1,1
2024-04-22 15:41:33.584,19514,19515,19514,5,-5
2024-04-22 15:41:38.692,19514,19515,19515,4,4
2024-04-22 15:41:40.064,19515,19517,19515,1,-1
2024-04-22 15:41:48.978,19514,19516,19514,1,-1
2024-04-22 15:41:48.978,19514,19516,19514,12,-12
2024-04-22 15:41:48.979,19514,19516,19514,2,-2
2024-04-22 15:41:56.065,19513,19514,19513,2,-2
2024-04-22 15:41:56.065,19513,19514,19513,2,-2
2024-04-22 15:41:56.459,19512,19513,19512,3,-3
2024-04-22 15:41:58.849,19511,19512,19511,1,-1
2024-04-22 15:41:58.880,19511,19512,19511,1,-1
2024-04-22 15:42:00.210,19510,19511,19510,5,-5
2024-04-22 15:42:03.309,19509,19510,19510,1,1
2024-04-22 15:42:05.986,19510,19511,19511,1,1
2024-04-22 15:42:05.987,19510,19511,19511,1,1
2024-04-22 15:42:05.987,19510,19511,19511,2,2
2024-04-22 15:42:07.297,19511,19512,19512,1,1
2024-04-22 15:42:07.298,19511,19512,19512,1,1
2024-04-22 15:42:08.451,19511,19513,19511,1,-1
2024-04-22 15:42:13.370,19511,19512,19512,2,2
2024-04-22 15:42:13.370,19511,19512,19512,3,3
2024-04-22 15:42:17.173,19511,19513,19511,1,-1
2024-04-22 15:42:19.119,19512,19513,19513,1,1
2024-04-22 15:42:20.303,19512,19514,19512,1,-1
2024-04-22 15:42:21.828,19512,19514,19512,3,-3
2024-04-22 15:42:23.746,19512,19514,19513,1,-1
2024-04-22 15:42:25.230,19512,19514,19512,1,-1
2024-04-22 15:42:34.376,19513,19514,19514,2,2
2024-04-22 15:42:34.377,19513,19514,19514,1,1
2024-04-22 15:42:34.487,19513,19515,19513,1,-1
2024-04-22 15:42:34.488,19513,19515,19514,1,-1
2024-04-22 15:42:38.543,19513,19514,19514,1,1
2024-04-22 15:42:39.681,19513,19515,19513,5,-5
2024-04-22 15:42:40.858,19513,19515,19515,2,2
2024-04-22 15:42:41.308,19513,19515,19515,2,2
2024-04-22 15:42:45.377,19514,19515,19515,1,1
2024-04-22 15:42:46.846,19514,19515,19515,1,1
2024-04-22 15:42:48.160,19514,19515,19514,1,-1
2024-04-22 15:42:51.147,19512,19514,19514,1,1
2024-04-22 15:42:56.033,19513,19514,19513,1,-1
2024-04-22 15:42:56.033,19513,19514,19512,1,-1
2024-04-22 15:42:57.753,19512,19514,19512,2,-2
2024-04-22 15:43:01.866,19512,19513,19512,1,-1
2024-04-22 15:43:05.228,19511,19512,19512,1,1
2024-04-22 15:43:05.229,19511,19512,19512,2,2
2024-04-22 15:43:09.542,19512,19514,19512,1,-1
2024-04-22 15:43:17.673,19512,19514,19512,3,-3
