2020-06-09 15:00:00.067,11603,11604,11603,34,-34
2020-06-09 15:00:00.068,11603,11604,11603,1,-1
2020-06-09 15:00:00.068,11603,11604,11603,11,-11
2020-06-09 15:00:00.498,11603,11604,11603,1,-1
2020-06-09 15:00:00.757,11603,11604,11604,4,4
2020-06-09 15:00:00.757,11603,11604,11605,3,3
2020-06-09 15:00:00.820,11603,11605,11605,3,3
2020-06-09 15:00:01.011,11602,11604,11604,1,1
2020-06-09 15:00:01.056,11602,11604,11604,1,1
2020-06-09 15:00:01.122,11602,11604,11604,1,1
2020-06-09 15:00:01.296,11603,11605,11605,1,1
2020-06-09 15:00:01.672,11603,11605,11605,1,1
2020-06-09 15:00:01.930,11603,11605,11605,1,1
2020-06-09 15:00:03.247,11605,11606,11605,1,-1
2020-06-09 15:00:05.123,11604,11605,11605,2,2
2020-06-09 15:00:10.160,11604,11605,11604,2,-2
2020-06-09 15:00:12.115,11604,11606,11605,1,1
2020-06-09 15:00:12.165,11604,11606,11604,1,-1
2020-06-09 15:00:12.284,11604,11605,11605,1,1
2020-06-09 15:00:14.660,11604,11605,11605,2,2
2020-06-09 15:00:15.932,11604,11605,11604,1,-1
2020-06-09 15:00:16.430,11603,11604,11604,1,1
2020-06-09 15:00:20.632,11603,11604,11603,1,-1
2020-06-09 15:00:23.325,11603,11604,11603,1,-1
2020-06-09 15:00:24.160,11603,11604,11603,2,-2
2020-06-09 15:00:25.465,11603,11604,11604,3,3
2020-06-09 15:00:26.006,11603,11604,11603,7,-7
2020-06-09 15:00:26.091,11602,11603,11603,3,3
2020-06-09 15:00:28.234,11603,11604,11604,3,3
2020-06-09 15:00:32.236,11604,11605,11605,1,1
2020-06-09 15:00:39.656,11604,11605,11605,1,1
2020-06-09 15:00:41.673,11604,11605,11605,1,1
2020-06-09 15:00:43.492,11604,11605,11605,3,3
2020-06-09 15:00:44.439,11604,11605,11605,11,11
2020-06-09 15:00:44.555,11604,11605,11605,1,1
2020-06-09 15:00:45.153,11604,11605,11605,1,1
2020-06-09 15:00:45.531,11604,11605,11605,1,1
2020-06-09 15:00:45.929,11604,11605,11605,5,5
2020-06-09 15:00:45.929,11604,11605,11605,5,5
2020-06-09 15:00:47.391,11605,11606,11606,1,1
2020-06-09 15:00:48.820,11605,11606,11606,1,1
2020-06-09 15:00:50.848,11605,11606,11606,1,1
2020-06-09 15:00:52.091,11605,11606,11606,2,2
2020-06-09 15:00:53.081,11605,11606,11606,2,2
2020-06-09 15:00:53.106,11605,11606,11605,1,-1
2020-06-09 15:00:53.988,11605,11606,11606,1,1
2020-06-09 15:00:54.958,11605,11606,11606,2,2
2020-06-09 15:00:56.072,11605,11606,11606,1,1
2020-06-09 15:00:59.605,11605,11606,11606,1,1
2020-06-09 15:01:00.064,11605,11606,11606,9,9
2020-06-09 15:01:02.278,11605,11606,11605,5,-5
2020-06-09 15:01:03.481,11605,11606,11605,2,-2
2020-06-09 15:01:03.567,11604,11605,11605,1,1
2020-06-09 15:01:03.572,11604,11605,11605,2,2
2020-06-09 15:01:03.573,11604,11605,11606,1,1
2020-06-09 15:01:03.574,11604,11605,11606,12,12
2020-06-09 15:01:03.574,11604,11605,11607,5,5
2020-06-09 15:01:03.576,11604,11605,11607,4,4
2020-06-09 15:01:03.580,11604,11605,11607,4,4
2020-06-09 15:01:03.581,11604,11605,11607,1,1
2020-06-09 15:01:03.590,11604,11605,11607,2,2
2020-06-09 15:01:03.613,11604,11605,11607,2,2
2020-06-09 15:01:03.628,11604,11605,11607,1,1
2020-06-09 15:01:03.644,11604,11605,11607,3,3
2020-06-09 15:01:03.658,11604,11605,11607,2,2
2020-06-09 15:01:03.658,11604,11605,11607,2,2
2020-06-09 15:01:03.658,11604,11605,11607,1,1
2020-06-09 15:01:03.721,11606,11608,11608,4,4
2020-06-09 15:01:04.389,11607,11608,11607,1,-1
2020-06-09 15:01:09.304,11606,11608,11608,1,1
2020-06-09 15:01:10.767,11606,11608,11608,1,1
2020-06-09 15:01:17.349,11607,11608,11607,1,-1
2020-06-09 15:01:18.062,11606,11607,11607,1,1
2020-06-09 15:01:19.231,11606,11607,11607,1,1
2020-06-09 15:01:20.511,11606,11607,11607,1,1
2020-06-09 15:01:20.907,11606,11607,11607,1,1
2020-06-09 15:01:25.122,11607,11608,11607,2,-2
2020-06-09 15:01:28.875,11607,11608,11608,6,6
2020-06-09 15:01:30.176,11608,11609,11609,7,7
2020-06-09 15:01:30.293,11609,11610,11610,2,2
2020-06-09 15:01:30.448,11609,11610,11610,2,2
2020-06-09 15:01:30.448,11609,11610,11610,1,1
2020-06-09 15:01:30.607,11609,11610,11610,2,2
2020-06-09 15:01:30.767,11609,11610,11610,1,1
2020-06-09 15:01:31.440,11610,11611,11611,1,1
2020-06-09 15:01:31.836,11611,11612,11612,3,3
2020-06-09 15:01:32.268,11611,11612,11612,1,1
2020-06-09 15:01:32.306,11611,11612,11612,2,2
2020-06-09 15:01:32.345,11611,11612,11612,2,2
2020-06-09 15:01:32.503,11611,11612,11612,2,2
2020-06-09 15:01:32.663,11611,11612,11612,1,1
2020-06-09 15:01:34.290,11612,11613,11612,1,-1
2020-06-09 15:01:35.582,11611,11612,11612,1,1
2020-06-09 15:01:36.386,11611,11613,11613,1,1
2020-06-09 15:01:37.084,11611,11612,11612,1,1
2020-06-09 15:01:37.733,11612,11613,11612,1,-1
2020-06-09 15:01:37.760,11612,11613,11612,1,-1
2020-06-09 15:01:38.288,11612,11613,11612,1,-1
2020-06-09 15:01:40.702,11612,11613,11612,1,-1
2020-06-09 15:01:41.527,11612,11613,11612,1,-1
2020-06-09 15:01:43.999,11612,11613,11612,1,-1
2020-06-09 15:01:45.259,11612,11613,11613,1,1
2020-06-09 15:01:45.478,11612,11613,11613,1,1
2020-06-09 15:01:45.709,11612,11613,11613,1,1
2020-06-09 15:01:45.712,11612,11613,11613,13,13
2020-06-09 15:01:45.713,11612,11613,11614,2,2
2020-06-09 15:01:45.747,11612,11613,11614,2,2
2020-06-09 15:01:45.945,11614,11615,11614,4,-4
2020-06-09 15:01:46.214,11614,11615,11615,9,9
2020-06-09 15:01:46.214,11614,11615,11616,4,4
2020-06-09 15:01:46.326,11615,11616,11616,5,5
2020-06-09 15:01:46.326,11615,11616,11616,2,2
2020-06-09 15:01:46.377,11615,11616,11616,3,3
2020-06-09 15:01:46.377,11615,11616,11617,2,2
2020-06-09 15:01:46.386,11615,11616,11617,2,2
2020-06-09 15:01:46.392,11615,11616,11617,1,1
2020-06-09 15:01:46.392,11615,11616,11618,1,1
2020-06-09 15:01:46.464,11616,11618,11618,5,5
2020-06-09 15:01:46.475,11616,11618,11617,2,-2
2020-06-09 15:01:46.475,11616,11618,11616,1,-1
2020-06-09 15:01:46.497,11616,11618,11618,3,3
2020-06-09 15:01:46.497,11616,11618,11619,1,1
2020-06-09 15:01:46.497,11616,11618,11618,1,1
2020-06-09 15:01:46.524,11616,11618,11618,4,4
2020-06-09 15:01:46.524,11616,11618,11619,1,1
2020-06-09 15:01:46.532,11616,11618,11619,1,1
2020-06-09 15:01:46.542,11616,11618,11619,5,5
2020-06-09 15:01:46.598,11616,11619,11619,1,1
2020-06-09 15:01:46.602,11616,11619,11620,1,1
2020-06-09 15:01:46.617,11616,11619,11620,1,1
2020-06-09 15:01:46.640,11616,11619,11620,1,1
2020-06-09 15:01:46.665,11616,11619,11620,1,1
2020-06-09 15:01:46.668,11616,11619,11620,1,1
2020-06-09 15:01:46.719,11618,11620,11620,5,5
2020-06-09 15:01:46.733,11618,11620,11620,1,1
2020-06-09 15:01:46.750,11618,11620,11620,1,1
2020-06-09 15:01:46.795,11618,11620,11620,1,1
2020-06-09 15:01:46.832,11619,11620,11620,1,1
2020-06-09 15:01:46.832,11619,11620,11620,1,1
2020-06-09 15:01:46.834,11619,11620,11621,1,1
2020-06-09 15:01:46.854,11619,11620,11622,1,1
2020-06-09 15:01:46.855,11619,11620,11622,1,1
2020-06-09 15:01:46.913,11619,11620,11622,2,2
2020-06-09 15:01:46.936,11621,11622,11622,6,6
2020-06-09 15:01:46.936,11621,11622,11623,4,4
2020-06-09 15:01:46.939,11621,11622,11623,8,8
2020-06-09 15:01:46.939,11621,11622,11624,2,2
2020-06-09 15:01:47.003,11621,11622,11623,1,1
2020-06-09 15:01:47.022,11621,11622,11623,1,1
2020-06-09 15:01:47.024,11621,11622,11624,1,1
2020-06-09 15:01:47.028,11621,11622,11624,2,2
2020-06-09 15:01:47.037,11621,11622,11624,2,2
2020-06-09 15:01:47.049,11621,11622,11624,1,1
2020-06-09 15:01:47.067,11622,11624,11624,1,1
2020-06-09 15:01:47.099,11622,11624,11624,1,1
2020-06-09 15:01:47.099,11622,11624,11625,4,4
2020-06-09 15:01:47.104,11622,11624,11625,1,1
2020-06-09 15:01:47.104,11622,11624,11625,1,1
2020-06-09 15:01:47.116,11622,11624,11625,4,4
2020-06-09 15:01:47.125,11622,11624,11625,1,1
2020-06-09 15:01:47.129,11622,11624,11625,2,2
2020-06-09 15:01:47.135,11622,11624,11625,2,2
2020-06-09 15:01:47.135,11622,11624,11626,10,10
2020-06-09 15:01:47.135,11622,11624,11627,3,3
2020-06-09 15:01:47.136,11622,11624,11627,1,1
2020-06-09 15:01:47.151,11622,11624,11627,4,4
2020-06-09 15:01:47.151,11622,11624,11628,3,3
2020-06-09 15:01:47.165,11622,11624,11628,1,1
2020-06-09 15:01:47.179,11622,11624,11625,1,1
2020-06-09 15:01:47.179,11622,11624,11624,1,1
2020-06-09 15:01:47.184,11624,11627,11627,2,2
2020-06-09 15:01:47.184,11624,11627,11628,3,3
2020-06-09 15:01:47.192,11624,11627,11628,2,2
2020-06-09 15:01:47.207,11624,11627,11625,1,-1
2020-06-09 15:01:47.207,11624,11627,11624,2,-2
2020-06-09 15:01:47.207,11624,11627,11623,4,-4
2020-06-09 15:01:47.207,11624,11627,11622,3,-3
2020-06-09 15:01:47.208,11624,11627,11626,1,1
2020-06-09 15:01:47.229,11624,11627,11625,2,-2
2020-06-09 15:01:47.229,11624,11627,11626,2,2
2020-06-09 15:01:47.242,11624,11627,11627,1,1
2020-06-09 15:01:47.277,11624,11627,11627,1,1
2020-06-09 15:01:47.277,11624,11627,11626,1,-1
2020-06-09 15:01:47.277,11624,11627,11625,1,-1
2020-06-09 15:01:47.287,11624,11627,11625,2,-2
2020-06-09 15:01:47.287,11624,11627,11624,4,-4
2020-06-09 15:01:47.287,11624,11627,11623,2,-2
2020-06-09 15:01:47.287,11624,11627,11622,2,-2
2020-06-09 15:01:47.294,11624,11627,11627,2,2
2020-06-09 15:01:47.297,11624,11627,11625,1,-1
2020-06-09 15:01:47.297,11624,11627,11626,1,1
2020-06-09 15:01:47.314,11623,11626,11626,1,1
2020-06-09 15:01:47.320,11623,11626,11627,1,1
2020-06-09 15:01:47.341,11623,11626,11627,1,1
2020-06-09 15:01:47.356,11623,11626,11627,1,1
2020-06-09 15:01:47.391,11623,11626,11626,1,1
2020-06-09 15:01:47.392,11623,11626,11628,1,1
2020-06-09 15:01:47.399,11623,11626,11628,1,1
2020-06-09 15:01:47.474,11624,11626,11626,1,1
2020-06-09 15:01:47.477,11624,11626,11627,1,1
2020-06-09 15:01:47.484,11624,11626,11627,1,1
2020-06-09 15:01:47.488,11624,11626,11627,1,1
2020-06-09 15:01:47.533,11624,11626,11626,1,1
2020-06-09 15:01:47.561,11624,11626,11626,2,2
2020-06-09 15:01:47.561,11624,11626,11627,3,3
2020-06-09 15:01:47.561,11624,11626,11628,4,4
2020-06-09 15:01:47.563,11624,11626,11628,1,1
2020-06-09 15:01:47.563,11624,11626,11629,1,1
2020-06-09 15:01:47.565,11624,11626,11629,1,1
2020-06-09 15:01:47.582,11624,11626,11625,1,-1
2020-06-09 15:01:47.582,11624,11626,11624,2,-2
2020-06-09 15:01:47.583,11624,11626,11624,2,-2
2020-06-09 15:01:47.789,11624,11627,11626,2,2
2020-06-09 15:01:47.798,11624,11627,11627,3,3
2020-06-09 15:01:47.798,11624,11627,11628,1,1
2020-06-09 15:01:47.798,11624,11627,11628,1,1
2020-06-09 15:01:47.870,11625,11628,11626,1,-1
2020-06-09 15:01:47.900,11625,11628,11626,4,-4
2020-06-09 15:01:47.900,11625,11628,11627,4,4
2020-06-09 15:01:47.920,11625,11628,11628,1,1
2020-06-09 15:01:47.956,11625,11627,11625,1,-1
2020-06-09 15:01:48.002,11625,11627,11627,1,1
2020-06-09 15:01:48.052,11625,11627,11625,1,-1
2020-06-09 15:01:48.084,11624,11625,11625,2,2
2020-06-09 15:01:48.161,11624,11625,11625,1,1
2020-06-09 15:01:48.171,11624,11625,11625,1,1
2020-06-09 15:01:48.171,11624,11625,11625,1,1
2020-06-09 15:01:48.171,11624,11625,11626,1,1
2020-06-09 15:01:48.181,11624,11626,11624,2,-2
2020-06-09 15:01:48.195,11624,11626,11624,1,-1
2020-06-09 15:01:48.250,11624,11626,11625,5,5
2020-06-09 15:01:48.250,11624,11626,11626,1,1
2020-06-09 15:01:48.252,11624,11626,11626,1,1
2020-06-09 15:01:48.278,11624,11626,11624,5,-5
2020-06-09 15:01:48.283,11624,11626,11623,1,-1
2020-06-09 15:01:48.305,11623,11625,11623,2,-2
2020-06-09 15:01:48.404,11623,11625,11624,1,1
2020-06-09 15:01:48.406,11623,11625,11622,1,-1
2020-06-09 15:01:48.472,11621,11623,11621,3,-3
2020-06-09 15:01:48.473,11621,11623,11621,2,-2
2020-06-09 15:01:48.555,11620,11621,11620,6,-6
2020-06-09 15:01:48.581,11620,11621,11620,2,-2
2020-06-09 15:01:48.906,11620,11622,11622,1,1
2020-06-09 15:01:48.906,11620,11622,11622,1,1
2020-06-09 15:01:48.934,11621,11623,11621,4,-4
2020-06-09 15:01:48.934,11621,11623,11620,1,-1
2020-06-09 15:01:49.041,11621,11623,11621,1,1
2020-06-09 15:01:49.055,11620,11622,11620,3,-3
2020-06-09 15:01:49.209,11619,11621,11621,2,2
2020-06-09 15:01:49.241,11619,11621,11622,1,1
2020-06-09 15:01:49.254,11619,11621,11622,1,1
2020-06-09 15:01:49.298,11619,11621,11622,1,1
2020-06-09 15:01:49.380,11619,11622,11622,1,1
2020-06-09 15:01:49.411,11619,11622,11622,3,3
2020-06-09 15:01:49.411,11619,11622,11623,3,3
2020-06-09 15:01:49.601,11621,11623,11621,1,-1
2020-06-09 15:01:49.711,11620,11621,11621,1,1
2020-06-09 15:01:49.806,11620,11621,11621,1,1
2020-06-09 15:01:49.813,11620,11621,11621,2,2
2020-06-09 15:01:49.919,11620,11621,11623,2,2
2020-06-09 15:01:49.931,11621,11622,11622,2,2
2020-06-09 15:01:50.121,11620,11622,11622,1,1
2020-06-09 15:01:50.166,11620,11622,11620,1,-1
2020-06-09 15:01:50.169,11620,11622,11620,1,-1
2020-06-09 15:01:50.207,11619,11621,11619,2,-2
2020-06-09 15:01:50.207,11619,11621,11618,1,-1
2020-06-09 15:01:50.319,11618,11621,11621,1,1
2020-06-09 15:01:50.320,11618,11621,11621,1,1
2020-06-09 15:01:50.522,11618,11621,11621,1,1
2020-06-09 15:01:50.735,11619,11622,11622,1,1
2020-06-09 15:01:50.826,11619,11622,11622,1,1
2020-06-09 15:01:50.928,11619,11622,11622,1,1
2020-06-09 15:01:51.028,11620,11623,11623,1,1
2020-06-09 15:01:51.132,11621,11623,11623,1,1
2020-06-09 15:01:51.133,11621,11623,11623,1,1
2020-06-09 15:01:51.133,11621,11623,11624,1,1
2020-06-09 15:01:51.133,11621,11623,11624,1,1
2020-06-09 15:01:51.234,11622,11624,11624,2,2
2020-06-09 15:01:51.336,11622,11624,11624,2,2
2020-06-09 15:01:51.337,11622,11624,11625,1,1
2020-06-09 15:01:51.436,11623,11625,11625,2,2
2020-06-09 15:01:51.538,11623,11625,11625,1,1
2020-06-09 15:01:51.601,11624,11626,11624,2,-2
2020-06-09 15:01:51.601,11624,11626,11623,2,-2
2020-06-09 15:01:51.602,11624,11626,11623,1,-1
2020-06-09 15:01:51.602,11624,11626,11623,5,-5
2020-06-09 15:01:51.737,11624,11626,11626,1,1
2020-06-09 15:01:51.838,11624,11626,11626,1,1
2020-06-09 15:01:51.937,11624,11626,11626,1,1
2020-06-09 15:01:51.938,11624,11626,11626,1,1
2020-06-09 15:01:52.039,11624,11626,11626,6,6
2020-06-09 15:01:52.040,11624,11626,11625,1,-1
2020-06-09 15:01:52.559,11625,11626,11626,1,1
2020-06-09 15:01:52.608,11625,11626,11625,8,-8
2020-06-09 15:01:52.846,11624,11625,11624,1,-1
2020-06-09 15:01:52.872,11624,11625,11624,1,-1
2020-06-09 15:01:52.935,11624,11626,11626,1,1
2020-06-09 15:01:53.157,11625,11626,11626,2,2
2020-06-09 15:01:53.157,11625,11626,11626,1,1
2020-06-09 15:01:53.160,11625,11626,11627,1,1
2020-06-09 15:01:53.395,11626,11628,11628,1,1
2020-06-09 15:01:53.451,11626,11628,11628,1,1
2020-06-09 15:01:53.746,11626,11628,11628,3,3
2020-06-09 15:01:53.746,11626,11628,11629,2,2
2020-06-09 15:01:53.928,11627,11629,11629,1,1
2020-06-09 15:01:53.940,11627,11629,11629,2,2
2020-06-09 15:01:54.053,11627,11629,11629,1,1
2020-06-09 15:01:54.208,11627,11629,11628,2,-2
2020-06-09 15:01:54.402,11627,11629,11627,1,-1
2020-06-09 15:01:54.455,11627,11629,11629,1,1
2020-06-09 15:01:54.784,11627,11629,11627,1,-1
2020-06-09 15:01:54.805,11627,11628,11627,1,-1
2020-06-09 15:01:54.930,11626,11628,11628,1,1
2020-06-09 15:01:55.043,11626,11628,11626,1,-1
2020-06-09 15:01:55.088,11626,11628,11628,1,1
2020-06-09 15:01:55.140,11626,11628,11626,2,-2
2020-06-09 15:01:55.140,11626,11628,11625,1,-1
2020-06-09 15:01:55.162,11626,11628,11627,1,1
2020-06-09 15:01:55.650,11625,11627,11625,2,-2
2020-06-09 15:01:55.854,11625,11627,11625,3,-3
2020-06-09 15:01:56.104,11624,11626,11626,3,3
2020-06-09 15:01:57.146,11624,11626,11624,2,-2
2020-06-09 15:01:57.180,11624,11625,11624,1,-1
2020-06-09 15:01:57.284,11624,11625,11623,1,-1
2020-06-09 15:01:58.503,11623,11625,11623,1,-1
2020-06-09 15:01:58.680,11622,11623,11622,2,-2
2020-06-09 15:01:58.784,11622,11623,11621,1,-1
2020-06-09 15:01:58.785,11622,11623,11621,2,-2
2020-06-09 15:01:58.805,11621,11622,11621,1,-1
2020-06-09 15:02:00.192,11620,11621,11621,1,1
2020-06-09 15:02:00.413,11620,11621,11621,1,1
2020-06-09 15:02:00.489,11621,11622,11622,1,1
2020-06-09 15:02:00.590,11621,11622,11621,1,-1
2020-06-09 15:02:03.988,11621,11622,11621,1,-1
2020-06-09 15:02:04.071,11621,11622,11622,1,1
2020-06-09 15:02:05.958,11620,11621,11621,1,1
2020-06-09 15:02:06.134,11620,11621,11620,1,-1
2020-06-09 15:02:06.500,11620,11621,11621,1,1
2020-06-09 15:02:06.542,11620,11621,11621,1,1
2020-06-09 15:02:07.780,11620,11621,11620,1,-1
2020-06-09 15:02:07.867,11620,11621,11621,1,1
2020-06-09 15:02:08.677,11620,11621,11620,1,-1
2020-06-09 15:02:09.613,11620,11621,11620,1,-1
2020-06-09 15:02:09.613,11620,11621,11620,2,-2
2020-06-09 15:02:09.613,11620,11621,11620,2,-2
2020-06-09 15:02:11.525,11619,11620,11620,1,1
2020-06-09 15:02:11.580,11619,11620,11619,1,-1
2020-06-09 15:02:11.701,11618,11620,11620,1,1
2020-06-09 15:02:12.501,11618,11620,11620,2,2
2020-06-09 15:02:12.555,11620,11621,11621,2,2
2020-06-09 15:02:15.033,11621,11622,11622,2,2
2020-06-09 15:02:15.033,11621,11622,11622,1,1
2020-06-09 15:02:15.034,11621,11622,11622,1,1
2020-06-09 15:02:15.946,11621,11622,11621,1,-1
2020-06-09 15:02:21.347,11621,11622,11622,1,1
2020-06-09 15:02:22.130,11621,11622,11621,3,-3
2020-06-09 15:02:24.540,11621,11622,11622,1,1
2020-06-09 15:02:28.207,11621,11622,11621,1,-1
2020-06-09 15:02:29.182,11621,11622,11621,2,-2
2020-06-09 15:02:29.573,11621,11622,11622,5,5
2020-06-09 15:02:29.840,11621,11622,11621,2,-2
2020-06-09 15:02:30.831,11621,11622,11622,2,2
2020-06-09 15:02:31.039,11621,11622,11622,1,1
2020-06-09 15:02:32.243,11621,11622,11622,1,1
2020-06-09 15:02:32.471,11621,11622,11621,7,-7
2020-06-09 15:02:34.235,11620,11621,11621,1,1
2020-06-09 15:02:34.235,11620,11621,11621,1,1
2020-06-09 15:02:34.236,11620,11621,11621,1,1
2020-06-09 15:02:35.367,11621,11622,11622,2,2
2020-06-09 15:02:35.604,11621,11622,11621,1,-1
2020-06-09 15:02:35.932,11621,11622,11621,1,-1
2020-06-09 15:02:37.590,11621,11622,11621,1,-1
2020-06-09 15:02:38.774,11621,11622,11622,1,1
2020-06-09 15:02:41.483,11621,11622,11621,1,-1
2020-06-09 15:02:42.268,11621,11622,11621,1,-1
2020-06-09 15:02:44.453,11620,11621,11620,1,-1
2020-06-09 15:02:44.740,11620,11621,11620,3,-3
2020-06-09 15:02:44.741,11620,11621,11620,4,-4
2020-06-09 15:02:44.741,11620,11621,11620,2,-2
2020-06-09 15:02:44.741,11620,11621,11620,5,-5
2020-06-09 15:02:44.741,11620,11621,11620,6,-6
2020-06-09 15:02:45.701,11619,11620,11619,1,-1
2020-06-09 15:02:46.154,11619,11620,11619,1,-1
2020-06-09 15:02:46.448,11619,11620,11619,1,-1
2020-06-09 15:02:46.704,11619,11620,11620,1,1
2020-06-09 15:02:47.210,11619,11620,11620,2,2
2020-06-09 15:02:51.365,11619,11620,11620,1,1
2020-06-09 15:02:51.984,11619,11620,11620,1,1
2020-06-09 15:02:55.555,11619,11620,11620,3,3
2020-06-09 15:02:55.555,11619,11620,11620,7,7
2020-06-09 15:02:55.933,11620,11621,11620,2,-2
2020-06-09 15:02:55.955,11620,11621,11620,1,-1
2020-06-09 15:02:56.012,11620,11621,11620,1,-1
2020-06-09 15:02:56.021,11620,11621,11620,1,-1
2020-06-09 15:02:56.784,11620,11621,11621,1,1
2020-06-09 15:02:56.824,11620,11621,11620,1,-1
2020-06-09 15:02:57.605,11620,11621,11621,1,1
2020-06-09 15:02:58.932,11620,11621,11621,4,4
2020-06-09 15:03:01.096,11620,11621,11621,1,1
2020-06-09 15:03:01.387,11620,11622,11622,1,1
2020-06-09 15:03:02.659,11620,11621,11621,1,1
2020-06-09 15:03:03.481,11620,11621,11620,2,-2
2020-06-09 15:03:03.516,11620,11621,11620,2,-2
2020-06-09 15:03:03.687,11620,11621,11620,3,-3
2020-06-09 15:03:03.693,11620,11621,11620,3,-3
2020-06-09 15:03:05.994,11620,11621,11620,1,-1
2020-06-09 15:03:07.669,11620,11621,11620,2,-2
2020-06-09 15:03:08.625,11619,11620,11619,1,-1
2020-06-09 15:03:08.625,11619,11620,11619,3,-3
2020-06-09 15:03:08.625,11619,11620,11619,4,-4
2020-06-09 15:03:08.626,11619,11620,11619,7,-7
2020-06-09 15:03:11.822,11618,11619,11619,1,1
2020-06-09 15:03:12.701,11618,11619,11619,1,1
2020-06-09 15:03:16.939,11618,11619,11619,5,5
2020-06-09 15:03:18.123,11618,11619,11619,1,1
2020-06-09 15:03:20.609,11618,11619,11618,2,-2
2020-06-09 15:03:20.611,11618,11619,11618,1,-1
2020-06-09 15:03:22.713,11618,11619,11618,5,-5
2020-06-09 15:03:25.290,11618,11619,11618,1,-1
2020-06-09 15:03:26.371,11617,11618,11617,5,-5
2020-06-09 15:03:26.396,11617,11618,11618,1,1
2020-06-09 15:03:26.423,11617,11618,11617,1,-1
2020-06-09 15:03:26.423,11617,11618,11616,2,-2
2020-06-09 15:03:26.797,11616,11618,11618,1,1
2020-06-09 15:03:28.551,11617,11618,11618,1,1
2020-06-09 15:03:31.050,11617,11618,11617,2,-2
2020-06-09 15:03:31.103,11617,11618,11617,3,-3
2020-06-09 15:03:31.311,11616,11617,11616,1,-1
2020-06-09 15:03:31.311,11616,11617,11615,3,-3
2020-06-09 15:03:31.343,11616,11617,11615,1,-1
2020-06-09 15:03:31.555,11615,11616,11616,2,2
2020-06-09 15:03:32.273,11616,11617,11616,1,-1
2020-06-09 15:03:34.950,11615,11617,11617,1,1
2020-06-09 15:03:37.332,11615,11616,11615,1,-1
2020-06-09 15:03:39.781,11615,11616,11616,1,1
2020-06-09 15:03:40.283,11615,11616,11615,1,-1
2020-06-09 15:03:40.654,11615,11616,11615,1,-1
2020-06-09 15:03:41.930,11614,11616,11614,1,-1
2020-06-09 15:03:42.225,11614,11616,11614,1,-1
2020-06-09 15:03:44.680,11614,11615,11615,1,1
2020-06-09 15:03:45.008,11614,11616,11615,1,-1
2020-06-09 15:03:46.390,11615,11616,11615,1,-1
2020-06-09 15:03:47.101,11615,11616,11615,1,-1
2020-06-09 15:03:48.365,11615,11616,11615,1,-1
2020-06-09 15:03:50.950,11614,11615,11614,2,-2
2020-06-09 15:03:51.435,11614,11615,11614,1,-1
2020-06-09 15:03:52.478,11614,11615,11614,1,-1
2020-06-09 15:03:53.818,11614,11615,11614,1,-1
2020-06-09 15:03:54.105,11613,11614,11613,4,-4
2020-06-09 15:03:55.347,11612,11613,11613,1,1
2020-06-09 15:03:55.681,11612,11613,11613,1,1
2020-06-09 15:03:55.773,11612,11613,11612,3,-3
2020-06-09 15:03:56.010,11612,11613,11613,1,1
2020-06-09 15:03:57.380,11612,11613,11612,1,-1
2020-06-09 15:03:57.809,11612,11613,11612,1,-1
2020-06-09 15:03:58.427,11612,11613,11613,1,1
2020-06-09 15:03:58.546,11612,11613,11613,1,1
2020-06-09 15:03:58.546,11612,11613,11613,1,1
2020-06-09 15:03:58.546,11612,11613,11613,1,1
2020-06-09 15:03:59.331,11613,11614,11613,1,-1
2020-06-09 15:03:59.924,11613,11614,11614,1,1
2020-06-09 15:03:59.924,11613,11614,11614,1,1
2020-06-09 15:03:59.924,11613,11614,11614,2,2
2020-06-09 15:03:59.924,11613,11614,11614,2,2
2020-06-09 15:04:00.270,11614,11615,11615,5,5
2020-06-09 15:04:01.014,11615,11616,11615,3,-3
2020-06-09 15:04:02.212,11615,11616,11616,1,1
2020-06-09 15:04:08.143,11615,11616,11616,3,3
2020-06-09 15:04:09.207,11615,11616,11616,1,1
2020-06-09 15:04:10.511,11615,11616,11616,3,3
2020-06-09 15:04:11.452,11616,11617,11616,1,-1
2020-06-09 15:04:14.067,11615,11617,11617,1,1
2020-06-09 15:04:16.239,11616,11617,11616,1,-1
2020-06-09 15:04:22.460,11616,11617,11616,1,-1
2020-06-09 15:04:23.463,11616,11617,11616,1,-1
2020-06-09 15:04:24.998,11616,11617,11616,2,-2
2020-06-09 15:04:32.026,11615,11616,11616,1,1
2020-06-09 15:04:39.340,11615,11616,11615,2,-2
2020-06-09 15:04:41.758,11615,11616,11615,1,-1
2020-06-09 15:04:46.114,11615,11616,11615,1,-1
2020-06-09 15:04:46.615,11615,11616,11615,1,-1
2020-06-09 15:04:52.455,11615,11616,11616,1,1
2020-06-09 15:04:55.206,11615,11616,11615,1,-1
2020-06-09 15:04:56.993,11615,11616,11616,2,2
2020-06-09 15:05:00.948,11615,11616,11616,1,1
2020-06-09 15:05:05.121,11615,11616,11616,1,1
2020-06-09 15:05:05.881,11615,11616,11616,1,1
2020-06-09 15:05:06.320,11615,11616,11615,1,-1
2020-06-09 15:05:07.570,11615,11616,11616,1,1
2020-06-09 15:05:08.974,11615,11616,11616,1,1
2020-06-09 15:05:11.048,11615,11616,11616,1,1
2020-06-09 15:05:13.071,11615,11616,11616,1,1
2020-06-09 15:05:13.793,11615,11616,11616,1,1
2020-06-09 15:05:13.912,11615,11616,11616,1,1
2020-06-09 15:05:16.944,11615,11616,11615,1,-1
2020-06-09 15:05:16.944,11615,11616,11615,4,-4
2020-06-09 15:05:17.073,11614,11615,11615,1,1
2020-06-09 15:05:17.592,11614,11615,11614,1,-1
2020-06-09 15:05:19.911,11614,11615,11615,1,1
2020-06-09 15:05:24.701,11614,11615,11614,11,-11
2020-06-09 15:05:25.741,11613,11615,11613,6,-6
2020-06-09 15:05:26.039,11612,11613,11613,1,1
2020-06-09 15:05:26.076,11612,11613,11612,1,-1
2020-06-09 15:05:26.081,11612,11613,11612,2,-2
2020-06-09 15:05:26.107,11612,11613,11612,1,-1
2020-06-09 15:05:26.137,11612,11613,11612,1,-1
2020-06-09 15:05:28.133,11612,11613,11612,1,-1
2020-06-09 15:05:28.386,11612,11613,11612,12,-12
2020-06-09 15:05:30.964,11611,11612,11612,1,1
2020-06-09 15:05:31.894,11611,11612,11612,1,1
2020-06-09 15:05:32.259,11611,11612,11611,1,-1
2020-06-09 15:05:32.511,11611,11612,11611,2,-2
2020-06-09 15:05:33.241,11611,11612,11611,2,-2
2020-06-09 15:05:33.880,11610,11611,11610,8,-8
2020-06-09 15:05:34.616,11609,11611,11611,4,4
2020-06-09 15:05:34.756,11609,11611,11609,1,-1
2020-06-09 15:05:34.961,11609,11611,11609,1,-1
2020-06-09 15:05:36.480,11610,11611,11610,1,1
2020-06-09 15:05:37.346,11610,11611,11611,1,1
2020-06-09 15:05:37.431,11610,11611,11611,1,1
2020-06-09 15:05:38.260,11610,11611,11610,1,-1
2020-06-09 15:05:38.571,11610,11611,11610,1,-1
2020-06-09 15:05:38.605,11610,11611,11609,4,-4
2020-06-09 15:05:41.856,11610,11611,11610,2,2
2020-06-09 15:05:42.417,11609,11610,11610,1,1
2020-06-09 15:05:44.378,11608,11610,11610,1,1
2020-06-09 15:05:44.430,11609,11610,11610,1,1
2020-06-09 15:05:45.328,11609,11610,11610,1,1
2020-06-09 15:05:46.054,11610,11611,11610,2,-2
2020-06-09 15:05:47.772,11609,11610,11610,1,1
2020-06-09 15:05:48.250,11610,11611,11610,1,-1
2020-06-09 15:05:51.480,11610,11611,11611,1,1
2020-06-09 15:05:53.459,11610,11611,11610,2,-2
2020-06-09 15:05:53.595,11610,11611,11610,1,-1
2020-06-09 15:05:54.765,11610,11611,11610,1,-1
2020-06-09 15:05:55.788,11610,11611,11610,3,-3
2020-06-09 15:05:57.625,11609,11610,11609,1,-1
2020-06-09 15:05:58.174,11609,11610,11610,1,1
2020-06-09 15:06:00.067,11609,11610,11610,1,1
2020-06-09 15:06:00.873,11609,11610,11610,1,1
2020-06-09 15:06:00.948,11609,11610,11610,1,1
2020-06-09 15:06:02.809,11609,11610,11610,1,1
2020-06-09 15:06:05.877,11609,11610,11610,2,2
2020-06-09 15:06:06.419,11609,11610,11609,1,-1
2020-06-09 15:06:06.471,11609,11610,11609,2,-2
2020-06-09 15:06:06.646,11609,11610,11610,1,1
2020-06-09 15:06:08.165,11609,11610,11609,3,-3
2020-06-09 15:06:08.546,11609,11610,11609,1,-1
2020-06-09 15:06:15.077,11608,11609,11608,1,-1
2020-06-09 15:06:15.830,11608,11609,11608,1,-1
2020-06-09 15:06:17.990,11608,11609,11608,5,-5
2020-06-09 15:06:19.224,11607,11608,11608,1,1
2020-06-09 15:06:21.579,11607,11608,11608,1,1
2020-06-09 15:06:21.599,11607,11608,11607,4,-4
2020-06-09 15:06:22.783,11607,11608,11607,1,-1
2020-06-09 15:06:22.787,11607,11608,11607,1,-1
2020-06-09 15:06:23.615,11607,11608,11607,1,-1
2020-06-09 15:06:24.497,11607,11608,11607,5,-5
2020-06-09 15:06:24.709,11607,11608,11607,2,-2
2020-06-09 15:06:26.107,11607,11608,11607,1,-1
2020-06-09 15:06:26.272,11607,11608,11607,2,-2
2020-06-09 15:06:27.005,11607,11608,11607,1,-1
2020-06-09 15:06:27.362,11607,11608,11607,1,-1
2020-06-09 15:06:28.329,11606,11607,11607,4,4
2020-06-09 15:06:34.598,11607,11608,11607,3,-3
2020-06-09 15:06:34.598,11607,11608,11606,1,-1
2020-06-09 15:06:35.130,11607,11608,11607,3,3
2020-06-09 15:06:35.242,11606,11607,11607,1,1
2020-06-09 15:06:37.532,11606,11608,11607,1,-1
2020-06-09 15:06:38.660,11607,11608,11607,1,-1
2020-06-09 15:06:39.172,11607,11608,11607,1,-1
2020-06-09 15:06:39.293,11607,11608,11607,1,-1
2020-06-09 15:06:39.485,11606,11608,11607,1,-1
2020-06-09 15:06:44.711,11607,11608,11607,1,-1
2020-06-09 15:06:46.472,11607,11608,11607,1,-1
2020-06-09 15:06:46.622,11607,11608,11607,2,-2
2020-06-09 15:06:47.654,11607,11608,11608,6,6
2020-06-09 15:06:47.744,11608,11609,11608,1,-1
2020-06-09 15:06:55.282,11608,11609,11608,1,-1
2020-06-09 15:07:00.432,11608,11609,11608,1,-1
2020-06-09 15:07:07.441,11608,11609,11608,1,-1
2020-06-09 15:07:07.735,11608,11609,11608,3,-3
2020-06-09 15:07:08.188,11607,11608,11608,1,1
2020-06-09 15:07:10.452,11607,11608,11608,6,6
2020-06-09 15:07:10.464,11607,11608,11607,5,-5
2020-06-09 15:07:11.137,11607,11608,11608,1,1
2020-06-09 15:07:12.136,11607,11608,11608,1,1
2020-06-09 15:07:16.171,11607,11608,11607,2,-2
2020-06-09 15:07:16.171,11607,11608,11607,4,-4
2020-06-09 15:07:16.642,11606,11607,11606,2,-2
2020-06-09 15:07:17.262,11606,11607,11606,5,-5
2020-06-09 15:07:17.692,11606,11607,11606,1,-1
2020-06-09 15:07:17.725,11606,11607,11606,3,-3
2020-06-09 15:07:19.081,11606,11607,11606,2,-2
2020-06-09 15:07:19.267,11605,11606,11606,1,1
2020-06-09 15:07:20.913,11606,11607,11606,1,-1
2020-06-09 15:07:21.122,11605,11606,11605,1,-1
2020-06-09 15:07:21.212,11605,11606,11605,4,-4
2020-06-09 15:07:21.773,11605,11606,11606,1,1
2020-06-09 15:07:22.769,11605,11606,11606,1,1
2020-06-09 15:07:22.916,11605,11606,11605,1,-1
2020-06-09 15:07:29.550,11605,11606,11605,1,-1
2020-06-09 15:07:30.183,11605,11606,11606,1,1
2020-06-09 15:07:31.236,11605,11606,11605,6,-6
2020-06-09 15:07:31.236,11605,11606,11605,3,-3
2020-06-09 15:07:34.135,11604,11605,11604,1,-1
2020-06-09 15:07:34.446,11604,11605,11605,3,3
2020-06-09 15:07:36.379,11604,11605,11605,1,1
2020-06-09 15:07:39.064,11604,11605,11604,2,-2
2020-06-09 15:07:39.797,11604,11605,11604,3,-3
2020-06-09 15:07:39.962,11604,11605,11604,2,-2
2020-06-09 15:07:39.962,11604,11605,11604,1,-1
2020-06-09 15:07:40.357,11604,11605,11604,2,-2
2020-06-09 15:07:41.923,11604,11605,11604,1,-1
2020-06-09 15:07:43.744,11604,11605,11604,5,-5
2020-06-09 15:07:45.842,11604,11605,11604,1,-1
2020-06-09 15:07:46.057,11604,11605,11604,1,-1
2020-06-09 15:07:46.629,11604,11605,11604,1,-1
2020-06-09 15:07:47.026,11604,11605,11604,5,-5
2020-06-09 15:07:47.290,11604,11605,11604,1,-1
2020-06-09 15:07:48.029,11604,11605,11605,1,1
2020-06-09 15:07:48.100,11604,11605,11604,1,-1
2020-06-09 15:07:48.322,11603,11605,11604,1,-1
2020-06-09 15:07:51.487,11604,11605,11605,1,1
2020-06-09 15:07:52.892,11604,11605,11604,1,-1
2020-06-09 15:07:53.515,11604,11605,11605,1,1
2020-06-09 15:07:53.844,11604,11605,11605,1,1
2020-06-09 15:07:54.166,11604,11605,11605,2,2
2020-06-09 15:07:54.620,11604,11605,11605,9,9
2020-06-09 15:07:56.262,11605,11606,11605,4,-4
2020-06-09 15:07:56.262,11605,11606,11605,2,-2
2020-06-09 15:07:57.046,11604,11605,11605,1,1
2020-06-09 15:07:57.145,11604,11605,11605,1,1
2020-06-09 15:07:57.526,11604,11605,11605,1,1
2020-06-09 15:07:58.155,11604,11605,11605,1,1
2020-06-09 15:08:02.558,11604,11606,11604,1,-1
2020-06-09 15:08:03.573,11604,11605,11605,1,1
2020-06-09 15:08:03.911,11605,11606,11605,1,-1
2020-06-09 15:08:06.414,11605,11606,11605,1,-1
2020-06-09 15:08:10.016,11604,11605,11605,1,1
2020-06-09 15:08:14.565,11604,11605,11605,1,1
2020-06-09 15:08:14.688,11604,11605,11605,1,1
2020-06-09 15:08:15.054,11604,11605,11605,1,1
2020-06-09 15:08:16.117,11604,11605,11604,2,-2
2020-06-09 15:08:20.923,11604,11605,11604,1,-1
2020-06-09 15:08:21.018,11604,11605,11604,1,-1
2020-06-09 15:08:21.123,11604,11605,11604,1,-1
2020-06-09 15:08:21.150,11604,11605,11604,1,-1
2020-06-09 15:08:23.760,11604,11605,11604,3,-3
2020-06-09 15:08:25.085,11603,11604,11604,1,1
2020-06-09 15:08:32.061,11603,11604,11604,2,2
2020-06-09 15:08:34.043,11603,11604,11604,1,1
2020-06-09 15:08:35.036,11603,11604,11603,5,-5
2020-06-09 15:08:35.081,11603,11604,11603,1,-1
2020-06-09 15:08:35.231,11603,11604,11603,2,-2
2020-06-09 15:08:35.266,11603,11604,11603,2,-2
2020-06-09 15:08:36.089,11603,11604,11603,3,-3
2020-06-09 15:08:37.781,11602,11603,11603,1,1
2020-06-09 15:08:40.599,11602,11603,11603,1,1
2020-06-09 15:08:40.713,11602,11603,11602,2,-2
2020-06-09 15:08:40.980,11602,11603,11602,1,-1
2020-06-09 15:08:41.649,11602,11603,11602,3,-3
2020-06-09 15:08:44.540,11602,11603,11602,1,-1
2020-06-09 15:08:44.710,11602,11603,11602,5,-5
2020-06-09 15:08:45.009,11602,11603,11602,1,-1
2020-06-09 15:08:46.041,11601,11602,11601,1,-1
2020-06-09 15:08:46.123,11601,11602,11601,1,-1
2020-06-09 15:08:46.144,11601,11602,11602,1,1
2020-06-09 15:08:46.300,11601,11602,11602,1,1
2020-06-09 15:08:47.674,11601,11602,11602,1,1
2020-06-09 15:08:48.449,11601,11602,11601,3,-3
2020-06-09 15:08:50.313,11601,11602,11601,1,-1
2020-06-09 15:08:50.338,11601,11602,11601,1,-1
2020-06-09 15:08:50.439,11601,11602,11601,1,-1
2020-06-09 15:08:51.730,11600,11601,11600,1,-1
2020-06-09 15:08:52.190,11600,11601,11600,1,-1
2020-06-09 15:08:52.785,11600,11601,11601,1,1
2020-06-09 15:08:55.144,11600,11601,11601,6,6
2020-06-09 15:08:56.492,11601,11602,11601,1,-1
2020-06-09 15:08:57.344,11601,11602,11602,1,1
2020-06-09 15:08:57.344,11601,11602,11602,4,4
2020-06-09 15:08:57.344,11601,11602,11602,2,2
2020-06-09 15:08:58.693,11602,11603,11603,1,1
2020-06-09 15:08:59.397,11603,11604,11603,1,-1
2020-06-09 15:08:59.990,11603,11604,11604,1,1
2020-06-09 15:09:01.910,11603,11604,11604,2,2
2020-06-09 15:09:03.256,11603,11604,11604,1,1
2020-06-09 15:09:06.618,11604,11605,11604,1,-1
2020-06-09 15:09:09.978,11603,11604,11604,1,1
2020-06-09 15:09:10.793,11604,11605,11604,1,-1
2020-06-09 15:09:10.793,11604,11605,11603,1,-1
2020-06-09 15:09:13.380,11603,11604,11604,2,2
2020-06-09 15:09:14.376,11604,11605,11604,1,-1
2020-06-09 15:09:16.415,11604,11605,11604,1,-1
2020-06-09 15:09:21.110,11604,11605,11604,1,-1
2020-06-09 15:09:23.850,11604,11605,11605,13,13
2020-06-09 15:09:25.806,11605,11606,11606,1,1
2020-06-09 15:09:28.675,11605,11606,11606,1,1
2020-06-09 15:09:29.673,11605,11606,11605,3,-3
2020-06-09 15:09:33.990,11605,11606,11606,1,1
2020-06-09 15:09:34.548,11605,11606,11605,3,-3
2020-06-09 15:09:39.271,11605,11606,11606,1,1
2020-06-09 15:09:42.546,11605,11606,11606,1,1
2020-06-09 15:09:45.244,11605,11606,11605,2,-2
2020-06-09 15:09:55.432,11605,11606,11606,1,1
2020-06-09 15:10:00.498,11605,11606,11606,2,2
2020-06-09 15:10:01.281,11605,11606,11606,2,2
2020-06-09 15:10:01.281,11605,11606,11606,5,5
2020-06-09 15:10:01.281,11605,11606,11606,3,3
2020-06-09 15:10:01.807,11606,11607,11607,1,1
2020-06-09 15:10:03.921,11606,11607,11607,2,2
2020-06-09 15:10:04.164,11607,11608,11607,1,-1
2020-06-09 15:10:04.905,11607,11608,11607,1,-1
2020-06-09 15:10:07.302,11607,11608,11608,2,2
2020-06-09 15:10:07.332,11607,11608,11608,1,1
2020-06-09 15:10:08.927,11607,11608,11607,2,-2
2020-06-09 15:10:11.134,11607,11608,11608,1,1
2020-06-09 15:10:12.446,11607,11608,11608,1,1
2020-06-09 15:10:13.835,11608,11609,11609,1,1
2020-06-09 15:10:13.844,11608,11609,11609,1,1
2020-06-09 15:10:14.511,11608,11610,11610,1,1
2020-06-09 15:10:15.527,11608,11610,11608,1,-1
2020-06-09 15:10:15.668,11608,11609,11609,1,1
2020-06-09 15:10:18.518,11608,11609,11609,1,1
2020-06-09 15:10:18.518,11608,11609,11610,4,4
2020-06-09 15:10:18.836,11608,11610,11608,1,-1
2020-06-09 15:10:20.538,11608,11609,11609,1,1
2020-06-09 15:10:20.720,11608,11610,11610,1,1
2020-06-09 15:10:23.988,11609,11610,11609,3,-3
2020-06-09 15:10:25.682,11609,11610,11609,1,-1
2020-06-09 15:10:26.419,11609,11610,11610,3,3
2020-06-09 15:10:29.132,11609,11610,11610,1,1
2020-06-09 15:10:29.420,11609,11610,11610,1,1
2020-06-09 15:10:29.451,11609,11610,11610,1,1
2020-06-09 15:10:29.498,11609,11610,11610,2,2
2020-06-09 15:10:29.498,11609,11610,11610,3,3
2020-06-09 15:10:29.499,11609,11610,11610,1,1
2020-06-09 15:10:29.621,11610,11611,11610,2,-2
2020-06-09 15:10:32.366,11609,11610,11609,2,-2
2020-06-09 15:10:33.335,11609,11610,11610,1,1
2020-06-09 15:10:34.293,11609,11610,11610,2,2
2020-06-09 15:10:36.714,11610,11611,11610,5,-5
2020-06-09 15:10:37.493,11610,11611,11611,1,1
2020-06-09 15:10:38.299,11610,11611,11611,1,1
2020-06-09 15:10:40.627,11610,11611,11611,1,1
2020-06-09 15:10:40.859,11610,11611,11611,1,1
2020-06-09 15:10:41.768,11610,11611,11611,1,1
2020-06-09 15:10:42.971,11610,11611,11611,1,1
2020-06-09 15:10:44.781,11611,11612,11611,1,-1
2020-06-09 15:10:44.849,11610,11611,11611,1,1
2020-06-09 15:10:45.261,11610,11611,11611,1,1
2020-06-09 15:10:47.253,11611,11612,11611,1,-1
2020-06-09 15:10:49.941,11611,11612,11611,1,-1
2020-06-09 15:10:50.203,11610,11611,11611,1,1
2020-06-09 15:10:58.321,11610,11611,11610,6,-6
2020-06-09 15:10:58.366,11610,11611,11610,1,-1
2020-06-09 15:10:58.489,11609,11610,11609,1,-1
2020-06-09 15:11:00.316,11609,11610,11610,1,1
2020-06-09 15:11:00.704,11609,11610,11610,1,1
2020-06-09 15:11:02.528,11609,11610,11610,1,1
2020-06-09 15:11:07.496,11609,11610,11610,1,1
2020-06-09 15:11:07.564,11609,11610,11610,1,1
2020-06-09 15:11:07.566,11609,11610,11610,5,5
2020-06-09 15:11:07.566,11609,11610,11611,1,1
2020-06-09 15:11:07.570,11609,11610,11611,2,2
2020-06-09 15:11:07.574,11609,11610,11611,2,2
2020-06-09 15:11:07.575,11609,11610,11611,1,1
2020-06-09 15:11:07.587,11609,11610,11611,1,1
2020-06-09 15:11:07.599,11609,11610,11611,1,1
2020-06-09 15:11:07.613,11609,11610,11611,1,1
2020-06-09 15:11:07.673,11609,11610,11611,2,2
2020-06-09 15:11:08.225,11609,11611,11611,1,1
2020-06-09 15:11:09.050,11610,11611,11610,1,-1
2020-06-09 15:11:09.095,11610,11611,11610,1,-1
2020-06-09 15:11:09.095,11610,11611,11609,1,-1
2020-06-09 15:11:09.110,11610,11611,11609,1,-1
2020-06-09 15:11:10.682,11610,11611,11610,1,1
2020-06-09 15:11:10.931,11609,11611,11611,1,1
2020-06-09 15:11:11.380,11609,11611,11609,1,-1
2020-06-09 15:11:14.886,11609,11610,11610,1,1
2020-06-09 15:11:34.202,11609,11610,11609,13,-13
2020-06-09 15:11:34.591,11608,11609,11609,1,1
2020-06-09 15:11:36.514,11608,11609,11608,1,-1
2020-06-09 15:11:36.662,11608,11609,11608,1,-1
2020-06-09 15:11:37.650,11608,11609,11608,1,-1
2020-06-09 15:11:37.787,11608,11609,11608,5,-5
2020-06-09 15:11:42.341,11608,11609,11608,1,-1
2020-06-09 15:11:43.271,11608,11609,11609,1,1
2020-06-09 15:11:43.272,11608,11609,11609,1,1
2020-06-09 15:11:44.394,11609,11610,11610,5,5
2020-06-09 15:11:44.663,11610,11611,11610,2,-2
2020-06-09 15:11:45.500,11610,11611,11610,1,-1
2020-06-09 15:11:51.626,11610,11611,11610,1,-1
2020-06-09 15:11:55.381,11609,11610,11610,1,1
2020-06-09 15:11:55.504,11610,11611,11610,1,-1
2020-06-09 15:11:57.377,11610,11611,11610,1,-1
2020-06-09 15:12:02.985,11610,11611,11611,1,1
2020-06-09 15:12:02.985,11610,11611,11611,1,1
2020-06-09 15:12:02.986,11610,11611,11611,1,1
2020-06-09 15:12:03.057,11611,11612,11611,1,-1
2020-06-09 15:12:03.475,11611,11612,11612,1,1
2020-06-09 15:12:03.542,11611,11612,11612,1,1
2020-06-09 15:12:06.928,11610,11612,11610,1,-1
2020-06-09 15:12:11.797,11610,11611,11611,2,2
2020-06-09 15:12:29.323,11610,11611,11610,2,-2
2020-06-09 15:12:35.882,11610,11611,11611,2,2
2020-06-09 15:12:40.421,11610,11611,11610,1,-1
2020-06-09 15:12:42.192,11610,11611,11611,4,4
2020-06-09 15:12:42.192,11610,11611,11611,4,4
2020-06-09 15:12:48.817,11611,11612,11612,1,1
2020-06-09 15:12:51.704,11611,11612,11611,1,-1
2020-06-09 15:12:53.306,11611,11612,11612,1,1
2020-06-09 15:13:00.449,11611,11612,11612,1,1
2020-06-09 15:13:00.455,11611,11612,11612,1,1
2020-06-09 15:13:00.706,11611,11612,11612,3,3
2020-06-09 15:13:00.823,11611,11612,11612,3,3
2020-06-09 15:13:01.016,11611,11612,11612,2,2
2020-06-09 15:13:06.880,11611,11612,11612,1,1
2020-06-09 15:13:07.527,11611,11612,11611,1,-1
2020-06-09 15:13:10.002,11611,11612,11611,12,-12
2020-06-09 15:13:10.003,11611,11612,11611,5,-5
2020-06-09 15:13:10.219,11610,11611,11610,2,-2
2020-06-09 15:13:15.504,11611,11612,11611,1,1
2020-06-09 15:13:17.722,11610,11611,11610,1,-1
2020-06-09 15:13:18.287,11610,11611,11611,1,1
2020-06-09 15:13:22.445,11610,11611,11610,1,-1
2020-06-09 15:13:27.588,11610,11611,11610,1,-1
2020-06-09 15:13:34.126,11610,11611,11610,1,-1
2020-06-09 15:13:37.102,11610,11611,11611,1,1
2020-06-09 15:13:42.644,11610,11611,11610,1,-1
2020-06-09 15:13:43.794,11610,11611,11610,1,-1
2020-06-09 15:13:43.794,11610,11611,11610,1,-1
2020-06-09 15:13:43.794,11610,11611,11610,1,-1
2020-06-09 15:13:53.532,11609,11610,11610,2,2
2020-06-09 15:13:57.317,11609,11610,11609,5,-5
2020-06-09 15:14:10.305,11609,11610,11610,3,3
2020-06-09 15:14:10.305,11609,11610,11610,2,2
2020-06-09 15:14:19.538,11609,11610,11609,1,-1
2020-06-09 15:14:21.726,11608,11609,11609,1,1
2020-06-09 15:14:21.726,11608,11609,11609,1,1
2020-06-09 15:14:28.911,11608,11609,11609,1,1
2020-06-09 15:14:33.472,11608,11609,11609,1,1
2020-06-09 15:14:39.850,11608,11609,11608,1,-1
2020-06-09 15:14:39.850,11608,11609,11608,2,-2
2020-06-09 15:14:39.850,11608,11609,11608,3,-3
2020-06-09 15:14:39.851,11608,11609,11608,2,-2
2020-06-09 15:14:40.877,11607,11608,11607,5,-5
2020-06-09 15:14:41.802,11607,11608,11607,1,-1
2020-06-09 15:14:41.844,11607,11608,11607,1,-1
2020-06-09 15:14:47.777,11606,11607,11607,2,2
2020-06-09 15:14:47.777,11606,11607,11607,2,2
2020-06-09 15:14:57.326,11606,11607,11607,1,1
2020-06-09 15:14:57.812,11606,11607,11606,1,-1
2020-06-09 15:15:05.262,11606,11607,11606,1,-1
2020-06-09 15:15:07.576,11606,11607,11607,1,1
2020-06-09 15:15:07.576,11606,11607,11607,1,1
2020-06-09 15:15:07.577,11606,11607,11607,3,3
2020-06-09 15:15:07.577,11606,11607,11607,2,2
2020-06-09 15:15:07.577,11606,11607,11607,1,1
2020-06-09 15:15:07.577,11606,11607,11607,3,3
2020-06-09 15:15:07.577,11606,11607,11607,3,3
2020-06-09 15:15:10.002,11607,11608,11608,1,1
2020-06-09 15:15:12.743,11607,11608,11608,3,3
2020-06-09 15:15:12.743,11607,11608,11608,1,1
2020-06-09 15:15:15.082,11608,11609,11609,2,2
2020-06-09 15:15:15.413,11609,11611,11609,1,-1
2020-06-09 15:15:37.035,11609,11610,11610,4,4
2020-06-09 15:15:50.198,11610,11611,11610,1,-1
2020-06-09 15:15:50.198,11610,11611,11610,1,-1
2020-06-09 15:15:50.198,11610,11611,11610,1,-1
2020-06-09 15:15:50.355,11609,11610,11609,1,-1
2020-06-09 15:15:55.228,11609,11610,11609,3,-3
2020-06-09 15:15:55.228,11609,11610,11609,2,-2
2020-06-09 15:15:55.228,11609,11610,11609,2,-2
2020-06-09 15:16:00.224,11608,11609,11608,1,-1
2020-06-09 15:16:01.714,11607,11608,11607,1,-1
2020-06-09 15:16:14.172,11607,11608,11608,2,2
2020-06-09 15:16:29.179,11607,11608,11608,5,5
2020-06-09 15:16:31.350,11607,11608,11607,2,-2
2020-06-09 15:16:31.362,11607,11608,11607,2,-2
2020-06-09 15:16:31.362,11607,11608,11607,3,-3
2020-06-09 15:16:31.362,11607,11608,11607,3,-3
2020-06-09 15:16:31.367,11607,11608,11606,1,-1
2020-06-09 15:16:34.487,11606,11607,11606,2,-2
2020-06-09 15:16:40.966,11606,11607,11606,1,-1
2020-06-09 15:16:44.537,11606,11607,11607,1,1
2020-06-09 15:16:45.661,11606,11608,11606,1,-1
2020-06-09 15:16:52.580,11606,11607,11606,1,-1
2020-06-09 15:16:52.633,11606,11607,11606,7,-7
2020-06-09 15:16:57.068,11605,11606,11605,16,-16
2020-06-09 15:16:57.462,11605,11606,11605,1,-1
2020-06-09 15:16:58.007,11604,11606,11604,1,-1
2020-06-09 15:16:58.204,11604,11606,11604,11,-11
2020-06-09 15:16:59.225,11603,11605,11605,1,1
2020-06-09 15:17:00.257,11604,11606,11604,1,-1
2020-06-09 15:17:00.832,11604,11606,11606,2,2
2020-06-09 15:17:01.635,11605,11606,11605,2,-2
2020-06-09 15:17:08.031,11604,11605,11604,1,-1
2020-06-09 15:17:08.599,11604,11605,11604,1,-1
2020-06-09 15:17:10.518,11604,11605,11604,1,-1
2020-06-09 15:17:13.462,11604,11605,11604,1,-1
2020-06-09 15:17:22.105,11604,11605,11604,1,-1
2020-06-09 15:17:22.413,11604,11605,11604,2,-2
2020-06-09 15:17:23.433,11604,11605,11604,1,-1
2020-06-09 15:17:27.392,11603,11604,11604,2,2
2020-06-09 15:17:27.392,11603,11604,11604,3,3
2020-06-09 15:17:27.806,11604,11605,11604,2,-2
2020-06-09 15:17:29.136,11604,11605,11604,9,-9
2020-06-09 15:17:29.660,11604,11605,11604,1,-1
2020-06-09 15:17:30.419,11604,11605,11604,2,-2
2020-06-09 15:17:30.512,11603,11604,11604,2,2
2020-06-09 15:17:36.163,11604,11605,11604,1,-1
2020-06-09 15:17:37.313,11604,11605,11604,1,-1
2020-06-09 15:17:38.517,11604,11605,11604,2,-2
2020-06-09 15:17:43.513,11603,11604,11604,1,1
2020-06-09 15:17:44.678,11603,11604,11604,2,2
2020-06-09 15:17:49.241,11603,11604,11603,1,-1
2020-06-09 15:17:56.803,11603,11604,11603,11,-11
2020-06-09 15:17:57.975,11603,11604,11603,5,-5
2020-06-09 15:18:02.206,11602,11603,11602,7,-7
2020-06-09 15:18:02.548,11602,11603,11603,4,4
2020-06-09 15:18:03.122,11602,11603,11603,1,1
2020-06-09 15:18:03.955,11602,11603,11603,1,1
2020-06-09 15:18:06.295,11602,11603,11603,1,1
2020-06-09 15:18:06.295,11602,11603,11603,1,1
2020-06-09 15:18:06.413,11603,11604,11603,4,-4
2020-06-09 15:18:06.413,11603,11604,11602,7,-7
2020-06-09 15:18:07.220,11602,11604,11602,1,-1
2020-06-09 15:18:15.590,11602,11603,11602,2,-2
2020-06-09 15:18:16.361,11602,11603,11602,1,-1
2020-06-09 15:18:22.265,11602,11603,11603,1,1
2020-06-09 15:18:23.271,11602,11603,11603,1,1
2020-06-09 15:18:23.303,11602,11603,11603,1,1
2020-06-09 15:18:23.303,11602,11603,11603,3,3
2020-06-09 15:18:23.303,11602,11603,11603,1,1
2020-06-09 15:18:25.946,11602,11603,11602,1,-1
2020-06-09 15:18:26.746,11602,11603,11602,1,-1
2020-06-09 15:18:26.930,11602,11603,11603,1,1
2020-06-09 15:18:28.808,11602,11604,11602,1,-1
2020-06-09 15:18:29.990,11603,11604,11604,1,1
2020-06-09 15:18:30.534,11603,11604,11604,1,1
2020-06-09 15:18:36.206,11603,11604,11603,4,-4
2020-06-09 15:18:36.487,11602,11603,11603,1,1
2020-06-09 15:18:36.487,11602,11603,11604,1,1
2020-06-09 15:18:37.771,11602,11604,11604,2,2
2020-06-09 15:18:44.678,11603,11604,11603,1,-1
2020-06-09 15:18:46.217,11602,11603,11603,1,1
2020-06-09 15:18:46.743,11602,11603,11603,1,1
2020-06-09 15:18:47.230,11602,11603,11602,2,-2
2020-06-09 15:18:47.230,11602,11603,11602,14,-14
2020-06-09 15:18:47.230,11602,11603,11602,4,-4
2020-06-09 15:18:47.230,11602,11603,11602,4,-4
2020-06-09 15:18:47.231,11602,11603,11602,8,-8
2020-06-09 15:18:51.656,11601,11602,11601,1,-1
2020-06-09 15:18:52.822,11601,11602,11601,1,-1
2020-06-09 15:18:53.944,11601,11602,11601,1,-1
2020-06-09 15:18:57.141,11601,11602,11601,1,-1
2020-06-09 15:19:01.454,11601,11602,11602,6,6
2020-06-09 15:19:01.497,11601,11602,11602,5,5
2020-06-09 15:19:01.497,11601,11602,11601,3,-3
2020-06-09 15:19:02.434,11602,11603,11602,1,1
2020-06-09 15:19:05.701,11601,11603,11601,1,-1
2020-06-09 15:19:07.554,11601,11603,11602,1,1
2020-06-09 15:19:09.488,11601,11602,11601,1,-1
2020-06-09 15:19:14.813,11601,11602,11601,1,-1
2020-06-09 15:19:16.223,11601,11602,11601,2,-2
2020-06-09 15:19:17.400,11601,11602,11601,1,-1
2020-06-09 15:19:17.868,11601,11602,11601,6,-6
2020-06-09 15:19:18.038,11601,11602,11601,1,-1
2020-06-09 15:19:19.154,11601,11602,11602,1,1
2020-06-09 15:19:22.517,11601,11602,11602,1,1
2020-06-09 15:19:23.825,11601,11602,11602,2,2
2020-06-09 15:19:24.762,11601,11602,11602,5,5
2020-06-09 15:19:28.600,11601,11602,11602,5,5
2020-06-09 15:19:30.211,11601,11602,11601,1,-1
2020-06-09 15:19:39.456,11601,11602,11601,1,-1
2020-06-09 15:19:39.689,11601,11602,11601,1,-1
2020-06-09 15:19:50.443,11601,11602,11601,1,-1
2020-06-09 15:19:50.764,11601,11602,11602,1,1
2020-06-09 15:19:51.205,11601,11602,11601,1,-1
2020-06-09 15:19:52.004,11601,11602,11601,1,-1
2020-06-09 15:19:55.143,11601,11602,11602,1,1
2020-06-09 15:19:59.123,11601,11602,11602,1,1
2020-06-09 15:20:00.573,11601,11602,11601,1,-1
2020-06-09 15:20:00.579,11601,11602,11601,1,-1
2020-06-09 15:20:00.686,11601,11602,11601,4,-4
2020-06-09 15:20:00.916,11601,11602,11601,2,-2
2020-06-09 15:20:01.409,11601,11602,11601,4,-4
2020-06-09 15:20:02.030,11601,11602,11601,3,-3
2020-06-09 15:20:02.055,11601,11602,11601,7,-7
2020-06-09 15:20:03.230,11600,11601,11601,7,7
2020-06-09 15:20:04.666,11601,11602,11601,1,-1
2020-06-09 15:20:07.213,11601,11602,11601,5,-5
2020-06-09 15:20:07.813,11601,11602,11602,1,1
2020-06-09 15:20:08.729,11601,11602,11601,1,-1
2020-06-09 15:20:09.566,11601,11602,11601,1,-1
2020-06-09 15:20:10.273,11600,11601,11601,2,2
2020-06-09 15:20:10.273,11600,11601,11602,8,8
2020-06-09 15:20:12.531,11601,11602,11601,1,-1
2020-06-09 15:20:14.987,11600,11601,11601,1,1
2020-06-09 15:20:16.699,11600,11601,11601,2,2
2020-06-09 15:20:16.699,11600,11601,11601,3,3
2020-06-09 15:20:20.625,11601,11602,11601,5,-5
2020-06-09 15:20:21.694,11601,11602,11601,2,-2
2020-06-09 15:20:32.742,11601,11602,11602,4,4
2020-06-09 15:20:33.305,11601,11602,11601,1,-1
2020-06-09 15:20:35.220,11601,11602,11601,2,-2
2020-06-09 15:20:36.924,11601,11602,11601,2,-2
2020-06-09 15:20:42.374,11601,11602,11601,1,-1
2020-06-09 15:20:43.029,11601,11602,11602,2,2
2020-06-09 15:20:43.029,11601,11602,11602,3,3
2020-06-09 15:20:43.100,11602,11603,11603,1,1
2020-06-09 15:20:43.235,11602,11604,11604,1,1
2020-06-09 15:21:01.344,11603,11604,11604,1,1
2020-06-09 15:21:02.187,11603,11604,11603,1,-1
2020-06-09 15:21:05.459,11603,11604,11603,1,-1
2020-06-09 15:21:08.143,11602,11603,11603,1,1
2020-06-09 15:21:11.913,11602,11603,11602,1,-1
2020-06-09 15:21:16.352,11601,11602,11602,1,1
2020-06-09 15:21:19.969,11601,11602,11601,1,-1
2020-06-09 15:21:21.836,11601,11602,11601,1,-1
2020-06-09 15:21:22.689,11601,11602,11601,3,-3
2020-06-09 15:21:22.811,11600,11601,11600,1,-1
2020-06-09 15:21:23.214,11600,11601,11600,1,-1
2020-06-09 15:21:23.480,11600,11601,11600,1,-1
2020-06-09 15:21:25.104,11600,11601,11600,1,-1
2020-06-09 15:21:25.240,11600,11601,11601,2,2
2020-06-09 15:21:25.891,11600,11601,11601,1,1
2020-06-09 15:21:30.387,11600,11601,11601,1,1
2020-06-09 15:21:30.387,11600,11601,11601,1,1
2020-06-09 15:21:30.930,11601,11602,11601,1,-1
2020-06-09 15:21:34.305,11600,11601,11601,3,3
2020-06-09 15:21:36.641,11600,11601,11601,1,1
2020-06-09 15:21:36.641,11600,11601,11601,1,1
2020-06-09 15:21:36.641,11600,11601,11601,2,2
2020-06-09 15:21:37.110,11600,11602,11601,1,-1
2020-06-09 15:21:40.434,11601,11602,11602,5,5
2020-06-09 15:21:48.337,11601,11603,11603,1,1
2020-06-09 15:21:49.641,11601,11603,11602,1,-1
2020-06-09 15:21:52.448,11601,11602,11602,1,1
2020-06-09 15:21:56.058,11601,11602,11601,1,-1
2020-06-09 15:22:02.154,11601,11603,11602,1,1
2020-06-09 15:22:03.026,11601,11602,11601,1,-1
2020-06-09 15:22:03.535,11601,11602,11601,3,-3
2020-06-09 15:22:23.276,11602,11603,11603,1,1
2020-06-09 15:22:25.153,11602,11603,11602,1,-1
2020-06-09 15:22:35.712,11601,11602,11602,1,1
2020-06-09 15:22:36.224,11601,11602,11601,1,-1
2020-06-09 15:22:36.224,11601,11602,11601,1,-1
2020-06-09 15:22:36.224,11601,11602,11601,1,-1
2020-06-09 15:22:36.224,11601,11602,11601,23,-23
2020-06-09 15:22:36.224,11601,11602,11601,1,-1
2020-06-09 15:22:36.224,11601,11602,11601,3,-3
2020-06-09 15:22:36.224,11601,11602,11601,6,-6
2020-06-09 15:22:36.224,11601,11602,11601,11,-11
2020-06-09 15:22:36.225,11601,11602,11601,3,-3
2020-06-09 15:22:36.243,11601,11602,11600,5,-5
2020-06-09 15:22:36.306,11600,11601,11600,3,-3
2020-06-09 15:22:36.307,11600,11601,11600,33,-33
2020-06-09 15:22:39.563,11599,11600,11600,1,1
2020-06-09 15:22:41.309,11599,11600,11599,5,-5
2020-06-09 15:22:41.464,11598,11599,11598,3,-3
2020-06-09 15:22:41.471,11598,11599,11598,1,-1
2020-06-09 15:22:41.481,11598,11599,11598,1,-1
2020-06-09 15:22:41.689,11598,11599,11598,1,-1
2020-06-09 15:22:41.813,11598,11599,11598,1,-1
2020-06-09 15:22:42.072,11598,11599,11598,1,-1
2020-06-09 15:22:42.180,11598,11599,11598,2,-2
2020-06-09 15:22:42.190,11598,11599,11597,1,-1
2020-06-09 15:22:42.225,11598,11599,11597,1,-1
2020-06-09 15:22:42.458,11597,11598,11597,1,-1
2020-06-09 15:22:42.459,11597,11598,11597,8,-8
2020-06-09 15:22:42.459,11597,11598,11596,7,-7
2020-06-09 15:22:42.497,11597,11598,11596,7,-7
2020-06-09 15:22:42.726,11596,11598,11596,2,-2
2020-06-09 15:22:42.774,11596,11598,11596,1,-1
2020-06-09 15:22:42.810,11596,11597,11596,1,-1
2020-06-09 15:22:42.874,11596,11597,11596,2,-2
2020-06-09 15:22:42.905,11596,11597,11596,3,-3
2020-06-09 15:22:43.008,11596,11597,11596,1,-1
2020-06-09 15:22:43.026,11596,11597,11596,5,-5
2020-06-09 15:22:43.069,11595,11597,11595,2,-2
2020-06-09 15:22:43.092,11595,11597,11597,5,5
2020-06-09 15:22:43.134,11595,11597,11595,5,-5
2020-06-09 15:22:43.212,11595,11597,11595,2,-2
2020-06-09 15:22:43.266,11595,11597,11596,1,1
2020-06-09 15:22:43.417,11595,11596,11595,3,-3
2020-06-09 15:22:43.437,11595,11596,11595,1,-1
2020-06-09 15:22:44.089,11595,11596,11595,1,-1
2020-06-09 15:22:44.762,11595,11596,11595,1,-1
2020-06-09 15:22:45.330,11595,11596,11595,2,-2
2020-06-09 15:22:45.618,11595,11596,11596,3,3
2020-06-09 15:22:46.403,11596,11598,11596,1,-1
2020-06-09 15:22:48.288,11596,11598,11596,1,-1
2020-06-09 15:22:49.086,11596,11598,11596,1,-1
2020-06-09 15:22:49.725,11596,11597,11596,5,-5
2020-06-09 15:22:49.899,11596,11597,11596,1,-1
2020-06-09 15:22:50.959,11596,11597,11596,1,-1
2020-06-09 15:22:52.783,11595,11596,11596,1,1
2020-06-09 15:22:52.974,11596,11597,11597,3,3
2020-06-09 15:22:53.506,11596,11597,11596,5,-5
2020-06-09 15:22:54.392,11596,11597,11596,1,-1
2020-06-09 15:22:58.563,11596,11597,11596,1,-1
2020-06-09 15:22:58.563,11596,11597,11595,1,-1
2020-06-09 15:22:59.357,11595,11596,11596,1,1
2020-06-09 15:22:59.662,11596,11597,11596,1,-1
2020-06-09 15:22:59.676,11596,11597,11596,1,-1
2020-06-09 15:23:01.384,11596,11597,11596,1,-1
2020-06-09 15:23:02.745,11595,11596,11595,1,-1
2020-06-09 15:23:03.950,11595,11596,11596,2,2
2020-06-09 15:23:05.017,11595,11596,11596,1,1
2020-06-09 15:23:05.501,11595,11597,11595,1,-1
2020-06-09 15:23:06.539,11595,11596,11595,1,-1
2020-06-09 15:23:09.586,11595,11596,11595,1,-1
2020-06-09 15:23:11.661,11595,11596,11596,1,1
2020-06-09 15:23:14.204,11595,11596,11595,1,-1
2020-06-09 15:23:16.137,11595,11596,11595,1,-1
2020-06-09 15:23:16.408,11595,11596,11595,8,-8
2020-06-09 15:23:17.085,11595,11596,11595,1,-1
2020-06-09 15:23:19.607,11595,11596,11595,1,-1
2020-06-09 15:23:21.243,11595,11596,11595,1,-1
2020-06-09 15:23:21.829,11595,11596,11595,1,-1
2020-06-09 15:23:23.065,11595,11596,11595,1,-1
2020-06-09 15:23:25.150,11595,11596,11595,1,-1
2020-06-09 15:23:27.402,11595,11596,11596,1,1
2020-06-09 15:23:28.505,11595,11596,11596,1,1
2020-06-09 15:23:32.927,11595,11596,11596,2,2
2020-06-09 15:23:32.927,11595,11596,11596,2,2
2020-06-09 15:23:33.874,11596,11597,11597,1,1
2020-06-09 15:23:40.746,11596,11597,11596,2,-2
2020-06-09 15:23:41.638,11596,11597,11597,1,1
2020-06-09 15:23:43.344,11596,11597,11597,1,1
2020-06-09 15:23:43.366,11596,11597,11596,6,-6
2020-06-09 15:23:44.021,11596,11597,11597,1,1
2020-06-09 15:23:47.378,11596,11597,11597,1,1
2020-06-09 15:23:47.784,11596,11597,11596,1,-1
2020-06-09 15:23:54.032,11596,11597,11596,1,-1
2020-06-09 15:23:54.032,11596,11597,11596,1,-1
2020-06-09 15:23:58.341,11595,11596,11596,1,1
2020-06-09 15:24:00.132,11595,11596,11596,1,1
2020-06-09 15:24:01.372,11595,11596,11596,1,1
2020-06-09 15:24:01.372,11595,11596,11596,1,1
2020-06-09 15:24:01.421,11595,11596,11596,1,1
2020-06-09 15:24:02.146,11595,11596,11596,2,2
2020-06-09 15:24:02.927,11596,11597,11596,1,-1
2020-06-09 15:24:07.112,11596,11597,11597,3,3
2020-06-09 15:24:08.398,11596,11597,11597,1,1
2020-06-09 15:24:10.421,11596,11597,11597,1,1
2020-06-09 15:24:11.896,11596,11597,11597,1,1
2020-06-09 15:24:12.832,11596,11597,11596,1,-1
2020-06-09 15:24:14.348,11595,11596,11596,1,1
2020-06-09 15:24:18.068,11596,11597,11596,1,-1
2020-06-09 15:24:20.167,11596,11597,11596,1,-1
2020-06-09 15:24:27.304,11596,11597,11596,1,-1
2020-06-09 15:24:27.467,11596,11597,11596,3,-3
2020-06-09 15:24:27.601,11595,11597,11597,1,1
2020-06-09 15:24:30.825,11595,11596,11595,1,-1
2020-06-09 15:24:40.515,11595,11596,11596,1,1
2020-06-09 15:24:40.534,11595,11596,11595,1,-1
2020-06-09 15:24:44.855,11595,11596,11595,1,-1
2020-06-09 15:24:50.598,11595,11596,11595,1,-1
2020-06-09 15:24:53.125,11595,11596,11595,3,-3
2020-06-09 15:24:53.125,11595,11596,11595,2,-2
2020-06-09 15:24:53.125,11595,11596,11595,4,-4
2020-06-09 15:24:53.125,11595,11596,11595,1,-1
2020-06-09 15:24:53.125,11595,11596,11595,2,-2
2020-06-09 15:24:53.125,11595,11596,11595,1,-1
2020-06-09 15:24:53.125,11595,11596,11595,3,-3
2020-06-09 15:24:57.626,11594,11595,11594,6,-6
2020-06-09 15:24:57.795,11594,11595,11595,1,1
2020-06-09 15:24:58.145,11594,11595,11595,1,1
2020-06-09 15:24:59.189,11594,11595,11595,1,1
2020-06-09 15:25:02.295,11594,11595,11594,1,-1
2020-06-09 15:25:07.351,11594,11595,11595,1,1
2020-06-09 15:25:08.132,11594,11595,11595,2,2
2020-06-09 15:25:08.157,11594,11595,11595,1,1
2020-06-09 15:25:08.170,11594,11595,11594,1,-1
2020-06-09 15:25:24.394,11594,11595,11594,2,-2
2020-06-09 15:25:24.395,11594,11595,11594,7,-7
2020-06-09 15:25:24.395,11594,11595,11594,1,-1
2020-06-09 15:25:24.395,11594,11595,11594,1,-1
2020-06-09 15:25:25.771,11593,11594,11593,5,-5
2020-06-09 15:25:25.813,11592,11594,11594,2,2
2020-06-09 15:25:26.860,11593,11594,11593,1,-1
2020-06-09 15:25:26.860,11593,11594,11592,1,-1
2020-06-09 15:25:26.959,11592,11594,11592,2,-2
2020-06-09 15:25:26.974,11592,11594,11592,3,-3
2020-06-09 15:25:27.034,11592,11594,11592,3,-3
2020-06-09 15:25:27.603,11592,11594,11592,1,-1
2020-06-09 15:25:30.373,11593,11594,11593,1,1
2020-06-09 15:25:30.373,11593,11594,11592,1,-1
2020-06-09 15:25:32.145,11593,11594,11593,7,7
2020-06-09 15:25:32.145,11593,11594,11593,1,-1
2020-06-09 15:25:32.211,11593,11594,11593,2,-2
2020-06-09 15:25:35.074,11593,11594,11593,2,-2
2020-06-09 15:25:36.373,11593,11594,11593,1,-1
2020-06-09 15:25:36.465,11593,11594,11594,1,1
2020-06-09 15:25:43.545,11593,11594,11594,1,1
2020-06-09 15:25:43.849,11593,11594,11593,2,-2
2020-06-09 15:25:45.199,11593,11594,11593,1,-1
2020-06-09 15:25:47.407,11593,11594,11594,1,1
2020-06-09 15:25:47.677,11593,11594,11594,1,1
2020-06-09 15:25:48.109,11593,11594,11594,1,1
2020-06-09 15:25:48.110,11593,11594,11594,3,3
2020-06-09 15:25:52.243,11593,11594,11594,1,1
2020-06-09 15:25:58.448,11593,11594,11594,6,6
2020-06-09 15:26:01.798,11593,11594,11593,4,-4
2020-06-09 15:26:01.975,11593,11594,11594,1,1
2020-06-09 15:26:02.223,11593,11594,11593,15,-15
2020-06-09 15:26:02.223,11593,11594,11593,1,-1
2020-06-09 15:26:02.225,11593,11594,11592,1,-1
2020-06-09 15:26:03.347,11592,11593,11592,2,-2
2020-06-09 15:26:07.804,11592,11593,11592,8,-8
2020-06-09 15:26:07.805,11592,11593,11592,2,-2
2020-06-09 15:26:10.518,11591,11592,11592,3,3
2020-06-09 15:26:10.526,11591,11592,11592,2,2
2020-06-09 15:26:12.368,11591,11592,11591,2,-2
2020-06-09 15:26:12.460,11591,11592,11591,1,-1
2020-06-09 15:26:12.837,11591,11592,11591,1,-1
2020-06-09 15:26:13.068,11591,11592,11591,1,-1
2020-06-09 15:26:13.409,11591,11592,11591,5,-5
2020-06-09 15:26:13.638,11591,11592,11591,5,-5
2020-06-09 15:26:15.372,11591,11592,11591,4,-4
2020-06-09 15:26:15.844,11591,11592,11591,5,-5
2020-06-09 15:26:16.407,11591,11592,11591,1,-1
2020-06-09 15:26:17.706,11591,11592,11591,8,-8
2020-06-09 15:26:17.706,11591,11592,11591,1,-1
2020-06-09 15:26:18.591,11590,11591,11590,5,-5
2020-06-09 15:26:18.850,11590,11591,11590,6,-6
2020-06-09 15:26:19.180,11590,11591,11590,1,-1
2020-06-09 15:26:19.406,11590,11591,11591,1,1
2020-06-09 15:26:19.564,11590,11591,11591,11,11
2020-06-09 15:26:20.034,11591,11592,11591,1,-1
2020-06-09 15:26:20.067,11591,11592,11591,1,-1
2020-06-09 15:26:20.189,11591,11592,11591,1,-1
2020-06-09 15:26:20.560,11591,11592,11591,1,-1
2020-06-09 15:26:20.993,11590,11592,11590,1,-1
2020-06-09 15:26:21.033,11590,11592,11592,1,1
2020-06-09 15:26:22.039,11590,11591,11590,2,-2
2020-06-09 15:26:23.728,11590,11591,11590,1,-1
2020-06-09 15:26:24.234,11590,11591,11591,1,1
2020-06-09 15:26:24.235,11590,11591,11591,1,1
2020-06-09 15:26:28.469,11591,11592,11591,1,-1
2020-06-09 15:26:32.622,11591,11592,11591,6,-6
2020-06-09 15:26:34.606,11591,11592,11591,1,-1
2020-06-09 15:26:35.206,11591,11592,11591,1,-1
2020-06-09 15:26:37.457,11591,11592,11591,1,-1
2020-06-09 15:26:38.402,11591,11592,11592,1,1
2020-06-09 15:26:42.810,11591,11592,11591,4,-4
2020-06-09 15:26:43.381,11591,11593,11592,1,1
2020-06-09 15:26:44.960,11591,11592,11592,1,1
2020-06-09 15:26:45.067,11592,11593,11592,2,-2
2020-06-09 15:26:45.076,11592,11593,11592,1,-1
2020-06-09 15:26:45.394,11592,11593,11593,3,3
2020-06-09 15:26:46.009,11592,11593,11592,1,-1
2020-06-09 15:26:47.286,11592,11593,11592,1,-1
2020-06-09 15:26:47.410,11592,11593,11593,1,1
2020-06-09 15:26:48.493,11592,11593,11592,1,-1
2020-06-09 15:26:49.161,11591,11592,11592,1,1
2020-06-09 15:26:51.238,11591,11592,11591,5,-5
2020-06-09 15:26:54.496,11591,11592,11591,1,-1
2020-06-09 15:26:59.518,11591,11592,11591,1,-1
2020-06-09 15:26:59.726,11591,11592,11592,4,4
2020-06-09 15:27:02.459,11591,11592,11591,2,-2
2020-06-09 15:27:02.778,11591,11592,11591,1,-1
2020-06-09 15:27:09.298,11591,11592,11592,5,5
2020-06-09 15:27:17.113,11591,11592,11592,1,1
2020-06-09 15:27:17.114,11591,11592,11592,1,1
2020-06-09 15:27:17.114,11591,11592,11592,1,1
2020-06-09 15:27:18.789,11592,11593,11593,1,1
2020-06-09 15:27:21.547,11592,11593,11593,4,4
2020-06-09 15:27:25.298,11593,11594,11593,1,-1
2020-06-09 15:27:25.301,11593,11594,11594,1,1
2020-06-09 15:27:27.827,11593,11594,11594,1,1
2020-06-09 15:27:27.927,11593,11594,11594,1,1
2020-06-09 15:27:29.161,11593,11594,11594,1,1
2020-06-09 15:27:35.275,11594,11595,11595,1,1
2020-06-09 15:27:35.580,11594,11595,11595,1,1
2020-06-09 15:27:36.764,11594,11595,11595,1,1
2020-06-09 15:27:37.690,11594,11595,11595,4,4
2020-06-09 15:27:37.994,11595,11596,11595,1,-1
2020-06-09 15:27:39.541,11595,11596,11595,1,-1
2020-06-09 15:27:42.833,11595,11596,11595,1,-1
2020-06-09 15:27:50.929,11595,11596,11596,3,3
2020-06-09 15:27:55.034,11596,11597,11596,1,-1
2020-06-09 15:28:01.027,11596,11597,11597,1,1
2020-06-09 15:28:01.321,11596,11597,11596,1,-1
2020-06-09 15:28:01.321,11596,11597,11596,2,-2
2020-06-09 15:28:08.682,11595,11596,11596,2,2
2020-06-09 15:28:11.599,11596,11597,11597,1,1
2020-06-09 15:28:14.664,11596,11597,11596,13,-13
2020-06-09 15:28:18.625,11595,11596,11596,1,1
2020-06-09 15:28:19.345,11595,11596,11596,1,1
2020-06-09 15:28:25.113,11596,11597,11596,1,-1
2020-06-09 15:28:25.186,11596,11597,11596,3,-3
2020-06-09 15:28:29.971,11596,11597,11597,2,2
2020-06-09 15:28:32.523,11596,11597,11596,1,-1
2020-06-09 15:28:32.618,11596,11597,11596,1,-1
2020-06-09 15:28:33.034,11596,11597,11597,1,1
2020-06-09 15:28:34.906,11596,11597,11596,1,-1
2020-06-09 15:28:36.952,11596,11597,11597,1,1
2020-06-09 15:28:39.284,11596,11597,11596,4,-4
2020-06-09 15:28:39.285,11596,11597,11596,1,-1
2020-06-09 15:28:39.285,11596,11597,11596,1,-1
2020-06-09 15:28:40.403,11595,11596,11596,1,1
2020-06-09 15:28:40.977,11595,11596,11596,1,1
2020-06-09 15:28:41.971,11595,11596,11595,2,-2
2020-06-09 15:28:42.790,11595,11596,11596,2,2
2020-06-09 15:28:43.154,11595,11596,11595,1,-1
2020-06-09 15:28:43.659,11595,11596,11596,1,1
2020-06-09 15:28:48.884,11595,11596,11595,4,-4
2020-06-09 15:28:48.885,11595,11596,11595,2,-2
2020-06-09 15:28:48.885,11595,11596,11595,1,-1
2020-06-09 15:28:49.423,11594,11595,11595,1,1
2020-06-09 15:28:49.512,11594,11595,11594,3,-3
2020-06-09 15:28:51.440,11594,11595,11595,1,1
2020-06-09 15:28:53.568,11594,11595,11595,1,1
2020-06-09 15:28:54.998,11594,11595,11594,2,-2
2020-06-09 15:28:56.999,11594,11595,11594,1,-1
2020-06-09 15:28:57.100,11594,11595,11594,1,-1
2020-06-09 15:28:57.834,11594,11595,11594,2,-2
2020-06-09 15:28:58.471,11594,11595,11594,1,-1
2020-06-09 15:29:00.265,11594,11595,11594,1,-1
2020-06-09 15:29:02.174,11594,11595,11594,1,-1
2020-06-09 15:29:06.409,11593,11594,11594,1,1
2020-06-09 15:29:09.542,11593,11594,11593,1,-1
2020-06-09 15:29:11.183,11593,11594,11594,4,4
2020-06-09 15:29:11.183,11593,11594,11594,1,1
2020-06-09 15:29:11.727,11594,11595,11594,1,-1
2020-06-09 15:29:12.399,11594,11595,11594,1,-1
2020-06-09 15:29:17.283,11594,11595,11595,4,4
2020-06-09 15:29:17.341,11595,11596,11596,1,1
2020-06-09 15:29:32.108,11595,11596,11595,8,-8
2020-06-09 15:29:32.108,11595,11596,11595,1,-1
2020-06-09 15:29:32.108,11595,11596,11595,1,-1
2020-06-09 15:29:34.993,11595,11596,11596,2,2
2020-06-09 15:29:34.993,11595,11596,11597,1,1
2020-06-09 15:29:35.903,11596,11597,11596,2,-2
2020-06-09 15:29:35.903,11596,11597,11595,8,-8
2020-06-09 15:29:39.464,11595,11596,11596,1,1
2020-06-09 15:29:40.330,11595,11597,11595,9,-9
2020-06-09 15:29:40.331,11595,11597,11595,1,-1
2020-06-09 15:29:47.903,11595,11596,11595,1,-1
2020-06-09 15:29:47.903,11595,11596,11595,6,-6
2020-06-09 15:29:47.903,11595,11596,11595,1,-1
2020-06-09 15:29:49.527,11594,11595,11594,1,-1
2020-06-09 15:29:49.528,11594,11595,11594,2,-2
2020-06-09 15:29:49.868,11593,11594,11594,1,1
2020-06-09 15:29:53.355,11593,11594,11593,1,-1
2020-06-09 15:29:53.956,11594,11595,11594,1,1
2020-06-09 15:29:53.956,11594,11595,11593,1,-1
2020-06-09 15:29:55.571,11593,11595,11595,1,1
2020-06-09 15:29:56.158,11593,11595,11593,2,-2
2020-06-09 15:29:59.606,11593,11594,11593,2,-2
2020-06-09 15:30:01.075,11593,11595,11593,1,-1
2020-06-09 15:30:01.075,11593,11595,11593,1,-1
2020-06-09 15:30:01.604,11593,11594,11593,1,-1
2020-06-09 15:30:01.604,11593,11594,11592,1,-1
2020-06-09 15:30:01.609,11593,11594,11592,2,-2
2020-06-09 15:30:01.777,11592,11593,11593,1,1
2020-06-09 15:30:01.792,11592,11593,11592,4,-4
2020-06-09 15:30:03.466,11592,11593,11592,4,-4
2020-06-09 15:30:03.802,11592,11593,11592,2,-2
2020-06-09 15:30:04.109,11592,11593,11592,2,-2
2020-06-09 15:30:04.795,11592,11593,11592,1,-1
2020-06-09 15:30:04.802,11592,11593,11592,1,-1
2020-06-09 15:30:05.131,11591,11593,11591,2,-2
2020-06-09 15:30:05.317,11592,11593,11592,2,2
2020-06-09 15:30:05.914,11592,11593,11592,1,-1
2020-06-09 15:30:06.054,11591,11592,11592,1,1
2020-06-09 15:30:06.279,11591,11593,11591,2,-2
2020-06-09 15:30:06.571,11592,11593,11592,4,4
2020-06-09 15:30:06.782,11591,11593,11591,1,-1
2020-06-09 15:30:08.844,11592,11593,11592,1,1
2020-06-09 15:30:09.209,11592,11593,11592,2,-2
2020-06-09 15:30:09.622,11591,11592,11591,2,-2
2020-06-09 15:30:10.026,11591,11592,11592,11,11
2020-06-09 15:30:12.352,11592,11593,11592,1,-1
2020-06-09 15:30:18.848,11593,11594,11593,2,2
2020-06-09 15:30:19.546,11592,11593,11592,1,-1
2020-06-09 15:30:19.546,11592,11593,11592,4,-4
2020-06-09 15:30:19.547,11592,11593,11592,1,-1
2020-06-09 15:30:23.534,11592,11594,11592,1,-1
2020-06-09 15:30:25.515,11593,11594,11593,1,1
2020-06-09 15:30:28.674,11593,11595,11593,1,-1
2020-06-09 15:30:31.550,11593,11594,11593,5,-5
2020-06-09 15:30:31.994,11593,11594,11593,1,-1
2020-06-09 15:30:35.587,11593,11594,11593,1,-1
2020-06-09 15:30:42.651,11593,11594,11594,1,1
2020-06-09 15:30:42.777,11594,11595,11594,1,-1
2020-06-09 15:30:42.783,11594,11595,11594,1,-1
2020-06-09 15:30:44.635,11594,11595,11595,2,2
2020-06-09 15:30:44.635,11594,11595,11595,1,1
2020-06-09 15:30:44.636,11594,11595,11596,1,1
2020-06-09 15:30:48.489,11594,11596,11594,1,-1
2020-06-09 15:30:49.277,11594,11596,11594,1,-1
2020-06-09 15:30:50.668,11594,11595,11594,1,-1
2020-06-09 15:31:01.622,11595,11596,11595,1,1
2020-06-09 15:31:02.243,11595,11596,11595,2,-2
2020-06-09 15:31:07.024,11594,11596,11596,1,1
2020-06-09 15:31:10.914,11594,11595,11594,1,-1
2020-06-09 15:31:10.914,11594,11595,11594,1,-1
2020-06-09 15:31:12.224,11593,11595,11595,1,1
2020-06-09 15:31:17.647,11594,11595,11594,1,-1
2020-06-09 15:31:18.151,11593,11594,11594,1,1
2020-06-09 15:31:24.663,11593,11594,11594,1,1
2020-06-09 15:31:25.269,11593,11594,11593,7,-7
2020-06-09 15:31:26.720,11593,11594,11593,1,-1
2020-06-09 15:31:34.909,11593,11594,11594,1,1
2020-06-09 15:31:35.491,11593,11594,11594,1,1
2020-06-09 15:31:36.840,11593,11594,11594,1,1
2020-06-09 15:31:36.938,11593,11594,11594,1,1
2020-06-09 15:31:38.293,11593,11594,11593,6,-6
2020-06-09 15:31:38.293,11593,11594,11592,4,-4
2020-06-09 15:31:38.469,11592,11594,11594,1,1
2020-06-09 15:31:38.755,11592,11594,11592,1,-1
2020-06-09 15:31:39.253,11592,11594,11594,1,1
2020-06-09 15:31:44.142,11592,11593,11593,1,1
2020-06-09 15:31:49.370,11592,11593,11592,1,-1
2020-06-09 15:31:50.436,11592,11593,11593,1,1
2020-06-09 15:31:51.969,11592,11593,11592,3,-3
2020-06-09 15:31:51.969,11592,11593,11592,2,-2
2020-06-09 15:31:51.969,11592,11593,11592,1,-1
2020-06-09 15:31:54.867,11591,11592,11592,1,1
2020-06-09 15:32:01.414,11592,11593,11593,4,4
2020-06-09 15:32:02.150,11593,11594,11593,1,-1
2020-06-09 15:32:06.474,11593,11594,11592,1,-1
2020-06-09 15:32:08.664,11592,11594,11593,1,1
2020-06-09 15:32:11.040,11593,11594,11594,2,2
2020-06-09 15:32:27.173,11594,11595,11594,1,-1
2020-06-09 15:32:38.660,11594,11595,11595,1,1
2020-06-09 15:32:38.990,11595,11596,11595,1,-1
2020-06-09 15:32:46.518,11594,11595,11595,1,1
2020-06-09 15:32:46.772,11594,11595,11594,1,-1
2020-06-09 15:32:46.943,11594,11595,11594,1,-1
2020-06-09 15:32:46.944,11594,11595,11594,6,-6
2020-06-09 15:32:46.944,11594,11595,11594,1,-1
2020-06-09 15:32:50.901,11593,11594,11594,1,1
2020-06-09 15:32:50.985,11593,11594,11593,2,-2
2020-06-09 15:32:52.412,11593,11594,11593,1,-1
2020-06-09 15:32:52.879,11592,11593,11593,1,1
2020-06-09 15:32:52.966,11592,11593,11593,1,1
2020-06-09 15:33:01.404,11593,11595,11593,1,-1
2020-06-09 15:33:02.405,11594,11595,11594,2,2
2020-06-09 15:33:04.272,11594,11595,11594,5,-5
2020-06-09 15:33:05.493,11594,11595,11594,5,-5
2020-06-09 15:33:06.075,11594,11595,11595,2,2
2020-06-09 15:33:06.075,11594,11595,11595,2,2
2020-06-09 15:33:09.350,11594,11595,11595,1,1
2020-06-09 15:33:14.993,11594,11595,11595,3,3
2020-06-09 15:33:16.079,11593,11594,11594,1,1
2020-06-09 15:33:23.135,11594,11595,11594,1,-1
2020-06-09 15:33:23.570,11593,11594,11593,1,-1
2020-06-09 15:33:23.858,11593,11594,11594,1,1
2020-06-09 15:33:24.271,11593,11594,11594,1,1
2020-06-09 15:33:32.660,11593,11594,11594,4,4
2020-06-09 15:33:32.660,11593,11594,11594,2,2
2020-06-09 15:33:44.945,11594,11595,11595,1,1
2020-06-09 15:33:47.450,11594,11595,11594,2,-2
2020-06-09 15:33:52.640,11594,11595,11594,2,-2
2020-06-09 15:33:53.092,11594,11595,11594,5,-5
2020-06-09 15:33:59.654,11594,11595,11595,12,12
2020-06-09 15:33:59.655,11594,11595,11595,1,1
2020-06-09 15:34:06.968,11595,11596,11595,1,-1
2020-06-09 15:34:07.924,11595,11596,11596,8,8
2020-06-09 15:34:08.149,11596,11597,11596,4,-4
2020-06-09 15:34:14.888,11595,11596,11596,1,1
2020-06-09 15:34:15.825,11596,11597,11596,1,-1
2020-06-09 15:34:16.425,11595,11596,11595,1,-1
2020-06-09 15:34:17.125,11595,11596,11595,4,-4
2020-06-09 15:34:17.252,11595,11596,11595,5,-5
2020-06-09 15:34:24.601,11595,11596,11596,1,1
2020-06-09 15:34:24.755,11595,11596,11595,1,-1
2020-06-09 15:34:38.088,11595,11596,11596,1,1
2020-06-09 15:34:42.479,11595,11596,11595,5,-5
2020-06-09 15:34:42.479,11595,11596,11595,10,-10
2020-06-09 15:34:42.480,11595,11596,11595,2,-2
2020-06-09 15:34:42.480,11595,11596,11595,3,-3
2020-06-09 15:34:42.480,11595,11596,11595,1,-1
2020-06-09 15:34:42.480,11595,11596,11595,7,-7
2020-06-09 15:34:42.480,11595,11596,11595,1,-1
2020-06-09 15:34:42.480,11595,11596,11595,1,-1
2020-06-09 15:34:42.480,11595,11596,11595,1,-1
2020-06-09 15:34:42.480,11595,11596,11595,2,-2
2020-06-09 15:34:42.481,11595,11596,11595,1,-1
2020-06-09 15:34:45.458,11595,11596,11596,1,1
2020-06-09 15:34:52.185,11595,11596,11596,2,2
2020-06-09 15:34:52.539,11595,11596,11596,1,1
2020-06-09 15:34:57.983,11595,11596,11596,1,1
2020-06-09 15:34:59.553,11595,11596,11596,1,1
2020-06-09 15:34:59.879,11596,11597,11596,1,-1
2020-06-09 15:35:02.801,11595,11596,11596,1,1
2020-06-09 15:35:02.802,11595,11596,11596,1,1
2020-06-09 15:35:07.102,11596,11597,11596,3,-3
2020-06-09 15:35:10.222,11595,11597,11597,1,1
2020-06-09 15:35:20.475,11595,11596,11596,1,1
2020-06-09 15:35:21.980,11595,11596,11596,1,1
2020-06-09 15:35:27.209,11596,11597,11596,2,-2
2020-06-09 15:35:29.968,11596,11597,11597,10,10
2020-06-09 15:35:44.511,11597,11598,11597,10,-10
2020-06-09 15:35:50.699,11597,11598,11597,2,-2
2020-06-09 15:35:51.137,11596,11597,11597,1,1
2020-06-09 15:35:53.220,11596,11597,11597,1,1
2020-06-09 15:35:54.285,11597,11598,11597,1,-1
2020-06-09 15:36:00.347,11597,11598,11597,4,-4
2020-06-09 15:36:04.848,11596,11597,11596,1,-1
2020-06-09 15:36:05.134,11596,11597,11597,1,1
2020-06-09 15:36:06.657,11596,11597,11596,1,-1
2020-06-09 15:36:06.657,11596,11597,11596,1,-1
2020-06-09 15:36:11.078,11595,11596,11595,11,-11
2020-06-09 15:36:11.143,11595,11596,11594,1,-1
2020-06-09 15:36:11.156,11595,11596,11594,3,-3
2020-06-09 15:36:11.208,11594,11595,11594,1,-1
2020-06-09 15:36:11.244,11594,11595,11594,5,-5
2020-06-09 15:36:14.180,11594,11595,11594,1,-1
2020-06-09 15:36:14.355,11594,11595,11594,1,-1
2020-06-09 15:36:14.916,11594,11595,11595,1,1
2020-06-09 15:36:18.754,11594,11595,11594,11,-11
2020-06-09 15:36:18.754,11594,11595,11593,8,-8
2020-06-09 15:36:24.516,11594,11595,11594,1,1
2020-06-09 15:36:29.448,11594,11595,11595,1,1
2020-06-09 15:36:29.448,11594,11595,11595,4,4
2020-06-09 15:36:33.611,11594,11595,11594,1,-1
2020-06-09 15:36:34.803,11594,11595,11594,1,-1
2020-06-09 15:36:37.021,11594,11595,11595,1,1
2020-06-09 15:36:40.896,11594,11595,11595,7,7
2020-06-09 15:36:47.538,11595,11596,11595,1,-1
2020-06-09 15:36:47.617,11595,11596,11595,1,-1
2020-06-09 15:36:47.617,11595,11596,11595,11,-11
2020-06-09 15:36:47.617,11595,11596,11595,5,-5
2020-06-09 15:36:47.618,11595,11596,11595,1,-1
2020-06-09 15:36:47.618,11595,11596,11595,1,-1
2020-06-09 15:36:47.618,11595,11596,11595,2,-2
2020-06-09 15:36:51.222,11594,11595,11595,3,3
2020-06-09 15:36:51.222,11594,11595,11595,4,4
2020-06-09 15:36:54.797,11595,11596,11595,1,-1
2020-06-09 15:36:58.033,11594,11595,11594,1,-1
2020-06-09 15:37:02.184,11594,11595,11594,5,-5
2020-06-09 15:37:02.820,11594,11595,11594,1,-1
2020-06-09 15:37:07.975,11594,11595,11594,10,-10
2020-06-09 15:37:16.142,11594,11595,11594,1,-1
2020-06-09 15:37:18.594,11594,11595,11594,5,-5
2020-06-09 15:37:21.606,11594,11595,11594,2,-2
2020-06-09 15:37:24.876,11594,11595,11594,2,-2
2020-06-09 15:37:25.078,11594,11595,11594,2,-2
2020-06-09 15:37:29.783,11594,11595,11594,14,-14
2020-06-09 15:37:30.115,11594,11595,11595,1,1
2020-06-09 15:37:32.184,11594,11595,11595,2,2
2020-06-09 15:37:32.184,11594,11595,11595,2,2
2020-06-09 15:37:32.185,11594,11595,11595,8,8
2020-06-09 15:37:33.674,11595,11596,11596,1,1
2020-06-09 15:37:36.829,11594,11596,11594,1,-1
2020-06-09 15:37:36.830,11594,11596,11594,5,-5
2020-06-09 15:37:36.831,11594,11596,11594,4,-4
2020-06-09 15:37:43.519,11594,11595,11595,1,1
2020-06-09 15:37:43.519,11594,11595,11596,2,2
2020-06-09 15:37:53.346,11594,11595,11595,1,1
2020-06-09 15:37:54.165,11594,11595,11595,1,1
2020-06-09 15:37:57.280,11594,11595,11594,12,-12
2020-06-09 15:37:57.280,11594,11595,11594,1,-1
2020-06-09 15:37:57.280,11594,11595,11594,2,-2
2020-06-09 15:37:57.830,11593,11594,11594,11,11
2020-06-09 15:38:00.158,11593,11594,11593,1,-1
2020-06-09 15:38:00.158,11593,11594,11593,6,-6
2020-06-09 15:38:00.158,11593,11594,11593,1,-1
2020-06-09 15:38:00.284,11592,11593,11592,1,-1
2020-06-09 15:38:01.180,11592,11593,11593,1,1
2020-06-09 15:38:01.261,11592,11593,11593,1,1
2020-06-09 15:38:02.388,11592,11593,11592,5,-5
2020-06-09 15:38:02.930,11592,11593,11592,3,-3
2020-06-09 15:38:03.010,11592,11593,11593,1,1
2020-06-09 15:38:04.096,11591,11592,11591,1,-1
2020-06-09 15:38:05.411,11591,11592,11591,2,-2
2020-06-09 15:38:05.411,11591,11592,11591,12,-12
2020-06-09 15:38:05.412,11591,11592,11591,5,-5
2020-06-09 15:38:05.412,11591,11592,11591,1,-1
2020-06-09 15:38:05.538,11590,11591,11590,2,-2
2020-06-09 15:38:05.541,11590,11591,11590,2,-2
2020-06-09 15:38:05.543,11590,11591,11590,2,-2
2020-06-09 15:38:05.546,11590,11591,11590,2,-2
2020-06-09 15:38:05.575,11590,11591,11590,5,-5
2020-06-09 15:38:05.723,11590,11591,11590,2,-2
2020-06-09 15:38:05.730,11590,11591,11590,1,-1
2020-06-09 15:38:09.004,11590,11591,11590,1,-1
2020-06-09 15:38:09.577,11590,11591,11590,1,-1
2020-06-09 15:38:09.911,11590,11591,11591,1,1
2020-06-09 15:38:10.858,11590,11591,11590,1,-1
2020-06-09 15:38:10.858,11590,11591,11590,4,-4
2020-06-09 15:38:10.858,11590,11591,11590,1,-1
2020-06-09 15:38:10.858,11590,11591,11590,1,-1
2020-06-09 15:38:10.858,11590,11591,11590,1,-1
2020-06-09 15:38:10.858,11590,11591,11590,4,-4
2020-06-09 15:38:10.858,11590,11591,11590,2,-2
2020-06-09 15:38:10.859,11590,11591,11590,10,-10
2020-06-09 15:38:10.859,11590,11591,11590,4,-4
2020-06-09 15:38:10.859,11590,11591,11590,1,-1
2020-06-09 15:38:10.859,11590,11591,11590,1,-1
2020-06-09 15:38:10.859,11590,11591,11590,6,-6
2020-06-09 15:38:10.859,11590,11591,11590,6,-6
2020-06-09 15:38:10.859,11590,11591,11590,2,-2
2020-06-09 15:38:10.859,11590,11591,11590,2,-2
2020-06-09 15:38:10.859,11590,11591,11590,2,-2
2020-06-09 15:38:10.859,11590,11591,11590,2,-2
2020-06-09 15:38:10.859,11590,11591,11590,4,-4
2020-06-09 15:38:10.859,11590,11591,11590,1,-1
2020-06-09 15:38:10.859,11590,11591,11590,2,-2
2020-06-09 15:38:13.051,11589,11590,11589,1,-1
2020-06-09 15:38:13.221,11589,11590,11589,1,-1
2020-06-09 15:38:13.341,11589,11590,11589,1,-1
2020-06-09 15:38:13.556,11589,11590,11590,2,2
2020-06-09 15:38:15.095,11589,11590,11590,2,2
2020-06-09 15:38:15.096,11589,11590,11590,6,6
2020-06-09 15:38:15.212,11590,11591,11590,1,-1
2020-06-09 15:38:17.143,11590,11591,11590,1,-1
2020-06-09 15:38:18.150,11590,11591,11590,1,-1
2020-06-09 15:38:20.524,11590,11591,11590,1,-1
2020-06-09 15:38:21.899,11590,11591,11591,1,1
2020-06-09 15:38:21.927,11590,11591,11591,7,7
2020-06-09 15:38:22.341,11591,11592,11591,1,-1
2020-06-09 15:38:22.626,11591,11592,11591,1,-1
2020-06-09 15:38:22.708,11591,11592,11591,1,-1
2020-06-09 15:38:23.081,11591,11592,11591,5,-5
2020-06-09 15:38:23.412,11591,11592,11592,1,1
2020-06-09 15:38:23.412,11591,11592,11592,1,1
2020-06-09 15:38:23.412,11591,11592,11592,4,4
2020-06-09 15:38:23.412,11591,11592,11592,3,3
2020-06-09 15:38:24.652,11592,11593,11593,7,7
2020-06-09 15:38:26.293,11593,11594,11593,1,-1
2020-06-09 15:38:26.487,11593,11595,11593,9,-9
2020-06-09 15:38:27.038,11593,11594,11593,1,-1
2020-06-09 15:38:30.670,11592,11593,11593,1,1
2020-06-09 15:38:31.085,11592,11593,11592,1,-1
2020-06-09 15:38:40.273,11591,11592,11591,6,-6
2020-06-09 15:38:45.624,11590,11591,11591,1,1
2020-06-09 15:38:47.021,11590,11591,11590,11,-11
2020-06-09 15:38:47.021,11590,11591,11589,4,-4
2020-06-09 15:38:49.465,11590,11591,11590,2,2
2020-06-09 15:38:51.413,11590,11591,11590,1,-1
2020-06-09 15:38:52.211,11590,11591,11590,2,-2
2020-06-09 15:38:52.211,11590,11591,11589,3,-3
2020-06-09 15:38:53.084,11590,11591,11590,1,1
2020-06-09 15:38:53.449,11589,11591,11589,2,-2
2020-06-09 15:38:53.625,11589,11591,11589,1,-1
2020-06-09 15:38:59.127,11589,11590,11590,2,2
2020-06-09 15:39:00.666,11590,11591,11591,1,1
2020-06-09 15:39:00.731,11590,11591,11590,1,-1
2020-06-09 15:39:01.304,11589,11591,11589,7,-7
2020-06-09 15:39:01.387,11589,11591,11589,7,-7
2020-06-09 15:39:02.292,11589,11591,11589,1,-1
2020-06-09 15:39:07.019,11589,11590,11589,4,-4
2020-06-09 15:39:08.446,11589,11590,11589,3,-3
2020-06-09 15:39:08.488,11589,11590,11589,2,-2
2020-06-09 15:39:08.489,11589,11590,11589,1,-1
2020-06-09 15:39:08.489,11589,11590,11589,1,-1
2020-06-09 15:39:11.952,11589,11590,11589,1,-1
2020-06-09 15:39:12.815,11589,11590,11589,1,-1
2020-06-09 15:39:13.430,11589,11590,11589,1,-1
2020-06-09 15:39:14.234,11589,11590,11590,1,1
2020-06-09 15:39:15.183,11589,11590,11589,1,-1
2020-06-09 15:39:15.194,11589,11590,11589,1,-1
2020-06-09 15:39:17.103,11589,11590,11589,6,-6
2020-06-09 15:39:20.103,11589,11590,11589,1,-1
2020-06-09 15:39:30.205,11589,11590,11589,1,-1
2020-06-09 15:39:30.409,11589,11590,11589,1,-1
2020-06-09 15:39:30.999,11589,11590,11590,1,1
2020-06-09 15:39:31.754,11589,11590,11589,5,-5
2020-06-09 15:39:32.809,11589,11590,11589,3,-3
2020-06-09 15:39:35.368,11589,11590,11589,2,-2
2020-06-09 15:39:38.336,11589,11590,11590,1,1
2020-06-09 15:39:38.336,11589,11590,11590,4,4
2020-06-09 15:39:38.336,11589,11590,11590,3,3
2020-06-09 15:39:38.336,11589,11590,11590,2,2
2020-06-09 15:39:38.336,11589,11590,11590,3,3
2020-06-09 15:39:42.613,11590,11591,11590,2,-2
2020-06-09 15:39:42.614,11590,11591,11590,4,-4
2020-06-09 15:39:44.724,11589,11590,11590,5,5
2020-06-09 15:39:44.834,11589,11590,11589,2,-2
2020-06-09 15:39:47.733,11589,11590,11590,1,1
2020-06-09 15:39:48.829,11589,11590,11590,1,1
2020-06-09 15:39:49.672,11589,11590,11589,1,-1
2020-06-09 15:39:50.651,11589,11590,11589,1,-1
2020-06-09 15:39:52.028,11589,11590,11589,1,-1
2020-06-09 15:39:58.235,11589,11590,11589,1,-1
2020-06-09 15:39:58.313,11589,11590,11589,14,-14
2020-06-09 15:39:58.314,11589,11590,11589,1,-1
2020-06-09 15:39:58.315,11589,11590,11588,1,-1
2020-06-09 15:39:58.316,11589,11590,11588,9,-9
2020-06-09 15:39:58.316,11589,11590,11588,2,-2
2020-06-09 15:39:58.316,11589,11590,11588,5,-5
2020-06-09 15:39:58.317,11589,11590,11588,3,-3
2020-06-09 15:39:58.317,11589,11590,11588,8,-8
2020-06-09 15:39:58.317,11589,11590,11588,1,-1
2020-06-09 15:39:58.317,11589,11590,11588,2,-2
2020-06-09 15:39:58.318,11589,11590,11588,1,-1
2020-06-09 15:39:58.318,11589,11590,11588,4,-4
2020-06-09 15:39:58.350,11589,11590,11588,2,-2
2020-06-09 15:39:58.409,11589,11590,11587,3,-3
2020-06-09 15:39:58.492,11587,11589,11587,3,-3
2020-06-09 15:39:58.590,11587,11588,11587,1,-1
2020-06-09 15:39:58.638,11587,11588,11587,2,-2
2020-06-09 15:39:58.656,11587,11588,11587,4,-4
2020-06-09 15:39:58.902,11587,11588,11587,1,-1
2020-06-09 15:39:59.018,11587,11588,11587,2,-2
2020-06-09 15:40:00.105,11586,11587,11586,1,-1
2020-06-09 15:40:00.340,11586,11587,11586,15,-15
2020-06-09 15:40:00.340,11586,11587,11586,4,-4
2020-06-09 15:40:00.340,11586,11587,11586,1,-1
2020-06-09 15:40:00.340,11586,11587,11586,1,-1
2020-06-09 15:40:00.341,11586,11587,11586,2,-2
2020-06-09 15:40:00.343,11586,11587,11586,1,-1
2020-06-09 15:40:00.354,11586,11587,11585,7,-7
2020-06-09 15:40:00.365,11586,11587,11586,2,2
2020-06-09 15:40:00.392,11586,11587,11585,1,-1
2020-06-09 15:40:00.415,11586,11587,11586,2,2
2020-06-09 15:40:00.431,11585,11586,11586,2,2
2020-06-09 15:40:00.489,11585,11586,11586,2,2
2020-06-09 15:40:00.489,11585,11586,11586,2,2
2020-06-09 15:40:00.513,11585,11586,11585,1,-1
2020-06-09 15:40:00.599,11585,11587,11585,2,-2
2020-06-09 15:40:00.647,11585,11587,11585,1,-1
2020-06-09 15:40:00.649,11585,11587,11585,1,-1
2020-06-09 15:40:00.667,11585,11587,11585,1,-1
2020-06-09 15:40:00.678,11585,11587,11585,2,-2
2020-06-09 15:40:00.713,11585,11587,11585,1,-1
2020-06-09 15:40:00.779,11585,11587,11585,10,-10
2020-06-09 15:40:00.846,11585,11587,11585,1,-1
2020-06-09 15:40:00.931,11585,11586,11586,1,1
2020-06-09 15:40:01.003,11585,11586,11586,1,1
2020-06-09 15:40:01.343,11585,11587,11585,5,-5
2020-06-09 15:40:01.397,11585,11587,11585,1,-1
2020-06-09 15:40:01.472,11585,11587,11585,1,-1
2020-06-09 15:40:01.484,11585,11587,11585,1,-1
2020-06-09 15:40:01.740,11585,11587,11585,1,-1
2020-06-09 15:40:01.759,11585,11587,11585,2,-2
2020-06-09 15:40:01.839,11585,11587,11585,1,-1
2020-06-09 15:40:02.226,11585,11586,11586,2,2
2020-06-09 15:40:02.429,11585,11586,11585,1,-1
2020-06-09 15:40:02.579,11585,11586,11585,1,-1
2020-06-09 15:40:02.796,11585,11586,11586,1,1
2020-06-09 15:40:02.887,11585,11587,11585,1,-1
2020-06-09 15:40:03.006,11586,11587,11586,1,1
2020-06-09 15:40:03.124,11586,11587,11587,1,1
2020-06-09 15:40:03.181,11586,11588,11586,2,-2
2020-06-09 15:40:03.227,11586,11588,11588,1,1
2020-06-09 15:40:04.022,11587,11588,11587,2,-2
2020-06-09 15:40:05.031,11586,11588,11587,2,-2
2020-06-09 15:40:05.365,11586,11588,11586,1,-1
2020-06-09 15:40:05.881,11586,11587,11586,9,-9
2020-06-09 15:40:09.815,11585,11586,11586,5,5
2020-06-09 15:40:09.993,11586,11587,11586,1,-1
2020-06-09 15:40:11.418,11586,11587,11586,2,-2
2020-06-09 15:40:11.650,11586,11587,11586,1,-1
2020-06-09 15:40:12.113,11585,11586,11586,1,1
2020-06-09 15:40:12.809,11586,11587,11586,2,-2
2020-06-09 15:40:14.355,11585,11586,11586,1,1
2020-06-09 15:40:14.355,11585,11586,11586,7,7
2020-06-09 15:40:14.430,11586,11587,11586,1,-1
2020-06-09 15:40:14.730,11586,11587,11586,1,-1
2020-06-09 15:40:15.110,11585,11587,11585,1,-1
2020-06-09 15:40:15.342,11586,11587,11586,1,1
2020-06-09 15:40:15.694,11586,11587,11586,1,-1
2020-06-09 15:40:16.864,11586,11587,11586,1,-1
2020-06-09 15:40:16.920,11586,11587,11586,2,-2
2020-06-09 15:40:16.921,11586,11587,11586,1,-1
2020-06-09 15:40:20.764,11586,11587,11587,1,1
2020-06-09 15:40:20.824,11586,11587,11586,1,-1
2020-06-09 15:40:20.988,11586,11587,11586,1,-1
2020-06-09 15:40:22.722,11586,11587,11586,1,-1
2020-06-09 15:40:27.188,11586,11587,11586,1,-1
2020-06-09 15:40:29.959,11586,11587,11586,1,-1
2020-06-09 15:40:31.242,11586,11587,11587,5,5
2020-06-09 15:40:31.429,11587,11588,11588,1,1
2020-06-09 15:40:31.429,11587,11588,11588,6,6
2020-06-09 15:40:31.429,11587,11588,11588,2,2
2020-06-09 15:40:33.958,11587,11588,11588,2,2
2020-06-09 15:40:35.970,11587,11589,11589,5,5
2020-06-09 15:40:36.320,11587,11589,11587,3,-3
2020-06-09 15:40:37.696,11587,11588,11588,3,3
2020-06-09 15:40:39.631,11588,11589,11589,1,1
2020-06-09 15:40:42.747,11588,11589,11588,1,-1
2020-06-09 15:40:42.748,11588,11589,11588,4,-4
2020-06-09 15:40:42.748,11588,11589,11588,1,-1
2020-06-09 15:40:42.748,11588,11589,11588,1,-1
2020-06-09 15:40:45.007,11588,11589,11589,5,5
2020-06-09 15:40:45.238,11588,11590,11590,1,1
2020-06-09 15:40:45.457,11588,11590,11588,4,-4
2020-06-09 15:40:45.631,11588,11590,11588,1,-1
2020-06-09 15:40:45.847,11588,11590,11590,1,1
2020-06-09 15:40:47.944,11589,11590,11589,1,-1
2020-06-09 15:40:51.786,11588,11590,11588,1,-1
2020-06-09 15:40:53.139,11588,11589,11588,1,-1
2020-06-09 15:40:54.030,11588,11589,11588,1,-1
2020-06-09 15:40:56.269,11588,11589,11588,4,-4
2020-06-09 15:40:56.353,11587,11588,11588,1,1
2020-06-09 15:40:57.173,11587,11588,11588,1,1
2020-06-09 15:40:57.631,11587,11589,11587,1,-1
2020-06-09 15:40:59.205,11587,11589,11587,2,-2
2020-06-09 15:40:59.205,11587,11589,11587,1,-1
2020-06-09 15:40:59.205,11587,11589,11587,1,-1
2020-06-09 15:40:59.289,11587,11589,11587,1,-1
2020-06-09 15:40:59.289,11587,11589,11587,5,-5
2020-06-09 15:41:01.383,11586,11587,11586,1,-1
2020-06-09 15:41:01.448,11586,11587,11587,1,1
2020-06-09 15:41:01.782,11586,11587,11586,3,-3
2020-06-09 15:41:01.782,11586,11587,11585,3,-3
2020-06-09 15:41:01.805,11585,11587,11585,6,-6
2020-06-09 15:41:02.239,11585,11586,11585,1,-1
2020-06-09 15:41:02.355,11585,11587,11585,4,-4
2020-06-09 15:41:05.769,11585,11586,11586,1,1
2020-06-09 15:41:07.822,11586,11587,11586,1,-1
2020-06-09 15:41:07.844,11586,11587,11586,1,-1
2020-06-09 15:41:07.850,11586,11587,11585,1,-1
2020-06-09 15:41:07.875,11586,11587,11585,1,-1
2020-06-09 15:41:07.887,11586,11587,11585,1,-1
2020-06-09 15:41:09.747,11585,11586,11585,5,-5
2020-06-09 15:41:12.199,11585,11586,11585,5,-5
2020-06-09 15:41:15.169,11585,11586,11585,1,-1
2020-06-09 15:41:15.389,11585,11586,11585,1,-1
2020-06-09 15:41:16.275,11585,11586,11585,1,-1
2020-06-09 15:41:16.578,11584,11585,11584,1,-1
2020-06-09 15:41:16.732,11584,11585,11584,1,-1
2020-06-09 15:41:16.733,11584,11585,11584,1,-1
2020-06-09 15:41:16.793,11584,11585,11584,4,-4
2020-06-09 15:41:17.146,11584,11585,11584,1,-1
2020-06-09 15:41:17.242,11584,11585,11584,1,-1
2020-06-09 15:41:17.346,11583,11585,11585,1,1
2020-06-09 15:41:18.227,11583,11584,11584,1,1
2020-06-09 15:41:18.227,11583,11584,11584,1,1
2020-06-09 15:41:18.286,11583,11584,11584,1,1
2020-06-09 15:41:18.382,11584,11585,11584,1,-1
2020-06-09 15:41:18.523,11584,11585,11585,2,2
2020-06-09 15:41:18.523,11584,11585,11585,2,2
2020-06-09 15:41:21.170,11585,11586,11586,5,5
2020-06-09 15:41:21.721,11585,11586,11585,1,-1
2020-06-09 15:41:22.159,11585,11586,11586,7,7
2020-06-09 15:41:24.042,11586,11587,11586,2,-2
2020-06-09 15:41:24.336,11586,11587,11586,1,-1
2020-06-09 15:41:24.436,11586,11587,11586,1,-1
2020-06-09 15:41:26.955,11586,11587,11587,2,2
2020-06-09 15:41:26.955,11586,11587,11587,3,3
2020-06-09 15:41:27.871,11587,11588,11588,1,1
2020-06-09 15:41:28.963,11587,11588,11587,1,-1
2020-06-09 15:41:29.070,11587,11588,11587,4,-4
2020-06-09 15:41:32.773,11587,11588,11587,1,-1
2020-06-09 15:41:32.800,11587,11588,11588,2,2
2020-06-09 15:41:34.315,11587,11588,11587,1,-1
2020-06-09 15:41:36.740,11586,11587,11586,2,-2
2020-06-09 15:41:37.295,11586,11587,11587,2,2
2020-06-09 15:41:43.447,11586,11587,11587,1,1
2020-06-09 15:41:43.911,11587,11588,11587,1,-1
2020-06-09 15:41:44.043,11587,11588,11587,1,-1
2020-06-09 15:41:44.516,11586,11588,11586,1,-1
2020-06-09 15:41:46.413,11587,11588,11588,2,2
2020-06-09 15:41:46.413,11587,11588,11589,2,2
2020-06-09 15:41:53.934,11587,11588,11587,3,-3
2020-06-09 15:42:00.717,11586,11587,11586,2,-2
2020-06-09 15:42:00.717,11586,11587,11585,1,-1
2020-06-09 15:42:00.798,11586,11587,11585,5,-5
2020-06-09 15:42:00.820,11585,11586,11585,3,-3
2020-06-09 15:42:00.983,11585,11587,11585,1,-1
2020-06-09 15:42:01.031,11585,11587,11585,2,-2
2020-06-09 15:42:03.493,11586,11587,11586,2,2
2020-06-09 15:42:04.004,11586,11587,11586,2,-2
2020-06-09 15:42:04.514,11585,11586,11586,1,1
2020-06-09 15:42:09.548,11586,11587,11586,1,-1
2020-06-09 15:42:09.548,11586,11587,11586,1,-1
2020-06-09 15:42:12.164,11586,11587,11586,1,-1
2020-06-09 15:42:13.305,11585,11586,11586,2,2
2020-06-09 15:42:16.973,11586,11587,11587,2,2
2020-06-09 15:42:16.974,11586,11587,11587,3,3
2020-06-09 15:42:17.163,11587,11588,11587,1,-1
2020-06-09 15:42:24.007,11587,11588,11587,5,-5
2020-06-09 15:42:24.579,11587,11588,11587,1,-1
2020-06-09 15:42:24.579,11587,11588,11586,2,-2
2020-06-09 15:42:26.089,11587,11588,11587,3,3
2020-06-09 15:42:26.787,11587,11588,11587,1,-1
2020-06-09 15:42:29.962,11587,11588,11587,1,-1
2020-06-09 15:42:30.601,11587,11588,11587,1,-1
2020-06-09 15:42:32.431,11586,11587,11587,2,2
2020-06-09 15:42:37.018,11587,11588,11587,2,-2
2020-06-09 15:42:37.866,11586,11587,11586,1,-1
2020-06-09 15:42:41.765,11586,11587,11587,2,2
2020-06-09 15:42:41.765,11586,11587,11588,3,3
2020-06-09 15:42:50.673,11587,11588,11588,1,1
2020-06-09 15:42:52.495,11587,11588,11587,2,-2
2020-06-09 15:42:52.630,11587,11588,11588,1,1
2020-06-09 15:42:53.740,11587,11588,11588,1,1
2020-06-09 15:42:55.338,11587,11588,11587,4,-4
2020-06-09 15:42:55.338,11587,11588,11587,4,-4
2020-06-09 15:42:55.339,11587,11588,11587,1,-1
2020-06-09 15:42:55.353,11587,11588,11587,1,-1
2020-06-09 15:42:56.453,11587,11588,11587,1,-1
2020-06-09 15:42:56.602,11586,11587,11587,1,1
2020-06-09 15:42:59.020,11586,11588,11586,1,-1
2020-06-09 15:42:59.548,11586,11588,11587,1,1
2020-06-09 15:42:59.687,11586,11588,11587,1,-1
2020-06-09 15:43:02.248,11587,11588,11588,10,10
2020-06-09 15:43:02.370,11588,11589,11588,1,-1
2020-06-09 15:43:03.100,11588,11589,11588,1,-1
2020-06-09 15:43:04.121,11588,11589,11588,1,-1
2020-06-09 15:43:05.691,11588,11589,11588,1,-1
2020-06-09 15:43:06.416,11588,11589,11588,5,-5
2020-06-09 15:43:11.112,11588,11589,11588,1,-1
2020-06-09 15:43:11.313,11587,11589,11587,1,-1
2020-06-09 15:43:15.915,11587,11588,11588,1,1
2020-06-09 15:43:15.915,11587,11588,11588,1,1
2020-06-09 15:43:17.986,11587,11589,11587,1,-1
2020-06-09 15:43:19.211,11587,11588,11588,1,1
2020-06-09 15:43:19.819,11587,11588,11588,2,2
2020-06-09 15:43:19.862,11587,11588,11589,1,1
2020-06-09 15:43:20.085,11588,11589,11588,4,-4
2020-06-09 15:43:20.086,11588,11589,11588,1,-1
2020-06-09 15:43:20.086,11588,11589,11588,4,-4
2020-06-09 15:43:20.086,11588,11589,11588,1,-1
2020-06-09 15:43:22.726,11587,11589,11588,2,-2
2020-06-09 15:43:23.395,11588,11589,11588,3,-3
2020-06-09 15:43:24.215,11587,11589,11587,2,-2
2020-06-09 15:43:24.514,11587,11588,11587,1,-1
2020-06-09 15:43:25.500,11587,11588,11588,1,1
2020-06-09 15:43:26.037,11587,11588,11588,4,4
2020-06-09 15:43:26.038,11587,11588,11588,6,6
2020-06-09 15:43:33.594,11587,11588,11588,1,1
2020-06-09 15:43:34.290,11587,11588,11587,1,-1
2020-06-09 15:43:34.290,11587,11588,11587,2,-2
2020-06-09 15:43:34.291,11587,11588,11587,3,-3
2020-06-09 15:43:34.291,11587,11588,11587,1,-1
2020-06-09 15:43:34.291,11587,11588,11587,4,-4
2020-06-09 15:43:40.447,11587,11588,11587,8,-8
2020-06-09 15:43:42.026,11586,11587,11587,1,1
2020-06-09 15:43:43.030,11586,11587,11586,1,-1
2020-06-09 15:43:53.130,11586,11587,11586,1,-1
2020-06-09 15:43:54.147,11586,11587,11586,1,-1
2020-06-09 15:43:57.487,11586,11587,11586,1,-1
2020-06-09 15:43:59.955,11586,11587,11586,1,-1
2020-06-09 15:44:02.279,11586,11587,11586,2,-2
2020-06-09 15:44:04.598,11586,11587,11587,3,3
2020-06-09 15:44:06.130,11587,11588,11587,1,-1
2020-06-09 15:44:09.980,11587,11588,11587,1,-1
2020-06-09 15:44:14.517,11587,11588,11588,2,2
2020-06-09 15:44:14.518,11587,11588,11588,2,2
2020-06-09 15:44:14.518,11587,11588,11588,1,1
2020-06-09 15:44:14.518,11587,11588,11588,4,4
2020-06-09 15:44:22.089,11588,11589,11588,1,-1
2020-06-09 15:44:22.330,11587,11588,11588,1,1
2020-06-09 15:44:31.972,11587,11588,11588,1,1
2020-06-09 15:44:37.166,11587,11588,11587,1,-1
2020-06-09 15:44:37.166,11587,11588,11587,3,-3
2020-06-09 15:44:37.166,11587,11588,11587,2,-2
2020-06-09 15:44:37.166,11587,11588,11587,8,-8
2020-06-09 15:44:37.166,11587,11588,11587,3,-3
2020-06-09 15:44:37.166,11587,11588,11587,1,-1
2020-06-09 15:44:37.352,11586,11587,11586,1,-1
2020-06-09 15:44:37.529,11586,11587,11586,1,-1
2020-06-09 15:44:37.540,11586,11587,11586,1,-1
2020-06-09 15:44:37.558,11586,11587,11586,2,-2
2020-06-09 15:44:39.423,11586,11587,11587,2,2
2020-06-09 15:44:41.270,11586,11587,11586,3,-3
2020-06-09 15:44:42.712,11586,11587,11586,3,-3
2020-06-09 15:44:42.712,11586,11587,11586,2,-2
2020-06-09 15:44:43.686,11586,11587,11587,1,1
2020-06-09 15:44:44.266,11586,11587,11586,1,-1
2020-06-09 15:44:45.671,11586,11587,11586,1,-1
2020-06-09 15:44:46.975,11585,11587,11585,1,-1
2020-06-09 15:44:47.647,11585,11586,11585,2,-2
2020-06-09 15:44:47.820,11585,11586,11586,8,8
2020-06-09 15:44:48.268,11585,11586,11585,2,-2
2020-06-09 15:44:48.597,11585,11586,11586,1,1
2020-06-09 15:44:48.682,11586,11587,11587,4,4
2020-06-09 15:44:49.063,11586,11587,11586,4,-4
2020-06-09 15:44:49.651,11586,11587,11586,1,-1
2020-06-09 15:44:51.243,11586,11587,11587,1,1
2020-06-09 15:44:53.676,11586,11588,11586,1,-1
2020-06-09 15:44:54.369,11586,11588,11586,1,-1
2020-06-09 15:44:57.163,11587,11588,11588,9,9
2020-06-09 15:44:58.424,11588,11589,11588,1,-1
2020-06-09 15:44:58.425,11588,11589,11588,1,-1
2020-06-09 15:44:58.426,11588,11589,11588,3,-3
2020-06-09 15:45:01.886,11588,11589,11588,1,-1
2020-06-09 15:45:02.070,11588,11589,11588,1,-1
2020-06-09 15:45:02.291,11588,11589,11588,1,-1
2020-06-09 15:45:02.306,11587,11589,11587,5,-5
2020-06-09 15:45:02.306,11587,11589,11587,5,-5
2020-06-09 15:45:05.180,11587,11588,11588,1,1
2020-06-09 15:45:05.976,11587,11588,11587,2,-2
2020-06-09 15:45:12.193,11587,11588,11588,1,1
2020-06-09 15:45:13.317,11587,11588,11587,1,-1
2020-06-09 15:45:13.317,11587,11588,11587,1,-1
2020-06-09 15:45:13.805,11586,11587,11586,4,-4
2020-06-09 15:45:13.987,11586,11587,11586,1,-1
2020-06-09 15:45:14.232,11585,11587,11585,1,-1
2020-06-09 15:45:14.239,11585,11587,11585,1,-1
2020-06-09 15:45:14.247,11585,11587,11585,1,-1
2020-06-09 15:45:14.254,11585,11587,11585,1,-1
2020-06-09 15:45:19.648,11586,11587,11586,1,1
2020-06-09 15:45:22.692,11586,11587,11587,2,2
2020-06-09 15:45:24.374,11587,11588,11587,1,-1
2020-06-09 15:45:25.765,11587,11588,11587,1,-1
2020-06-09 15:45:32.079,11587,11588,11588,1,1
2020-06-09 15:45:35.983,11587,11588,11588,6,6
2020-06-09 15:45:35.984,11587,11588,11588,1,1
2020-06-09 15:45:36.117,11588,11589,11588,1,-1
2020-06-09 15:45:36.120,11588,11589,11589,3,3
2020-06-09 15:45:39.671,11588,11589,11589,9,9
2020-06-09 15:45:40.219,11589,11590,11589,2,-2
2020-06-09 15:45:42.084,11588,11590,11590,3,3
2020-06-09 15:45:45.598,11589,11590,11589,1,-1
2020-06-09 15:45:46.362,11589,11590,11589,1,-1
2020-06-09 15:45:46.610,11588,11589,11589,1,1
2020-06-09 15:45:49.641,11588,11590,11588,1,-1
2020-06-09 15:45:57.168,11588,11589,11588,2,-2
2020-06-09 15:46:06.047,11588,11589,11588,1,-1
2020-06-09 15:46:09.664,11588,11589,11589,4,4
2020-06-09 15:46:10.511,11589,11590,11589,10,-10
2020-06-09 15:46:11.366,11588,11589,11588,1,-1
2020-06-09 15:46:14.178,11588,11589,11588,1,-1
2020-06-09 15:46:17.823,11588,11589,11588,1,-1
2020-06-09 15:46:25.699,11588,11589,11588,2,-2
2020-06-09 15:46:25.699,11588,11589,11588,2,-2
2020-06-09 15:46:25.700,11588,11589,11588,6,-6
2020-06-09 15:46:25.716,11588,11589,11587,4,-4
2020-06-09 15:46:25.717,11588,11589,11587,1,-1
2020-06-09 15:46:25.717,11588,11589,11587,1,-1
2020-06-09 15:46:25.750,11588,11589,11586,2,-2
2020-06-09 15:46:25.984,11586,11587,11586,1,-1
2020-06-09 15:46:26.937,11586,11587,11586,9,-9
2020-06-09 15:46:26.938,11586,11587,11586,3,-3
2020-06-09 15:46:26.962,11586,11587,11586,1,-1
2020-06-09 15:46:28.091,11585,11586,11585,1,-1
2020-06-09 15:46:28.091,11585,11586,11585,2,-2
2020-06-09 15:46:28.091,11585,11586,11585,1,-1
2020-06-09 15:46:28.091,11585,11586,11585,10,-10
2020-06-09 15:46:28.091,11585,11586,11585,4,-4
2020-06-09 15:46:28.091,11585,11586,11585,3,-3
2020-06-09 15:46:28.091,11585,11586,11585,4,-4
2020-06-09 15:46:28.091,11585,11586,11585,1,-1
2020-06-09 15:46:28.091,11585,11586,11585,1,-1
2020-06-09 15:46:28.091,11585,11586,11585,1,-1
2020-06-09 15:46:28.091,11585,11586,11585,1,-1
2020-06-09 15:46:28.091,11585,11586,11585,1,-1
2020-06-09 15:46:28.350,11584,11585,11584,1,-1
2020-06-09 15:46:28.360,11584,11585,11584,2,-2
2020-06-09 15:46:28.396,11584,11585,11584,1,-1
2020-06-09 15:46:28.440,11584,11585,11584,1,-1
2020-06-09 15:46:28.451,11584,11585,11584,1,-1
2020-06-09 15:46:28.470,11584,11585,11584,1,-1
2020-06-09 15:46:28.508,11584,11585,11584,2,-2
2020-06-09 15:46:28.518,11584,11585,11584,1,-1
2020-06-09 15:46:28.531,11584,11585,11584,1,-1
2020-06-09 15:46:28.763,11583,11584,11583,3,-3
2020-06-09 15:46:28.814,11583,11584,11584,1,1
2020-06-09 15:46:28.975,11583,11584,11583,1,-1
2020-06-09 15:46:29.489,11583,11584,11583,3,-3
2020-06-09 15:46:29.719,11583,11584,11583,1,-1
2020-06-09 15:46:29.863,11583,11584,11583,3,-3
2020-06-09 15:46:30.148,11583,11584,11583,1,-1
2020-06-09 15:46:30.247,11583,11584,11583,2,-2
2020-06-09 15:46:30.250,11583,11584,11583,1,-1
2020-06-09 15:46:30.254,11583,11584,11583,3,-3
2020-06-09 15:46:30.293,11583,11584,11584,1,1
2020-06-09 15:46:30.293,11583,11584,11584,1,1
2020-06-09 15:46:30.293,11583,11584,11584,1,1
2020-06-09 15:46:30.305,11583,11584,11583,1,-1
2020-06-09 15:46:30.305,11583,11584,11583,2,-2
2020-06-09 15:46:30.786,11583,11584,11583,3,-3
2020-06-09 15:46:30.872,11583,11584,11584,1,1
2020-06-09 15:46:30.872,11583,11584,11584,4,4
2020-06-09 15:46:31.292,11584,11585,11584,3,-3
2020-06-09 15:46:32.263,11584,11585,11585,3,3
2020-06-09 15:46:34.520,11585,11586,11585,2,-2
2020-06-09 15:46:35.013,11585,11586,11585,2,-2
2020-06-09 15:46:38.716,11585,11586,11585,3,-3
2020-06-09 15:46:40.474,11584,11585,11585,2,2
2020-06-09 15:46:40.474,11584,11585,11585,1,1
2020-06-09 15:46:41.041,11585,11586,11585,1,-1
2020-06-09 15:46:45.196,11584,11585,11585,1,1
2020-06-09 15:46:45.505,11584,11586,11585,1,-1
2020-06-09 15:46:48.268,11584,11586,11584,1,-1
2020-06-09 15:46:49.028,11584,11586,11584,1,-1
2020-06-09 15:46:51.149,11585,11586,11585,1,1
2020-06-09 15:46:54.473,11584,11585,11584,1,-1
2020-06-09 15:46:54.685,11583,11585,11583,1,-1
2020-06-09 15:46:54.865,11583,11585,11583,3,-3
2020-06-09 15:47:02.239,11583,11584,11583,1,-1
2020-06-09 15:47:02.338,11583,11584,11583,12,-12
2020-06-09 15:47:02.338,11583,11584,11582,1,-1
2020-06-09 15:47:02.514,11582,11584,11582,1,-1
2020-06-09 15:47:02.542,11582,11584,11582,4,-4
2020-06-09 15:47:02.573,11582,11584,11582,2,-2
2020-06-09 15:47:02.746,11582,11584,11582,10,-10
2020-06-09 15:47:03.210,11582,11583,11582,3,-3
2020-06-09 15:47:04.012,11582,11583,11582,1,-1
2020-06-09 15:47:05.839,11582,11583,11583,7,7
2020-06-09 15:47:06.279,11583,11584,11584,2,2
2020-06-09 15:47:06.279,11583,11584,11584,4,4
2020-06-09 15:47:06.416,11584,11585,11584,1,-1
2020-06-09 15:47:07.343,11584,11585,11584,1,-1
2020-06-09 15:47:07.343,11584,11585,11583,3,-3
2020-06-09 15:47:07.848,11583,11585,11585,2,2
2020-06-09 15:47:10.564,11584,11586,11584,5,-5
2020-06-09 15:47:17.216,11584,11585,11584,1,-1
2020-06-09 15:47:18.870,11583,11584,11583,1,-1
2020-06-09 15:47:21.026,11583,11584,11584,1,1
2020-06-09 15:47:23.104,11583,11584,11585,1,1
2020-06-09 15:47:23.607,11583,11585,11583,1,-1
2020-06-09 15:47:24.741,11583,11584,11584,2,2
2020-06-09 15:47:25.073,11583,11585,11583,1,-1
2020-06-09 15:47:25.911,11584,11585,11584,1,1
2020-06-09 15:47:27.440,11584,11585,11584,1,-1
2020-06-09 15:47:35.656,11584,11585,11584,1,-1
2020-06-09 15:47:35.656,11584,11585,11584,1,-1
2020-06-09 15:47:38.705,11583,11584,11583,2,-2
2020-06-09 15:47:41.668,11583,11585,11585,1,1
2020-06-09 15:47:43.530,11584,11585,11584,1,-1
2020-06-09 15:47:44.544,11583,11585,11583,2,-2
2020-06-09 15:47:51.765,11583,11585,11584,1,1
2020-06-09 15:47:53.068,11583,11585,11585,2,2
2020-06-09 15:47:55.181,11584,11585,11584,1,-1
2020-06-09 15:47:55.827,11583,11585,11584,1,-1
2020-06-09 15:48:01.354,11583,11584,11584,1,1
2020-06-09 15:48:02.147,11583,11584,11583,1,-1
2020-06-09 15:48:04.335,11583,11584,11583,2,-2
2020-06-09 15:48:04.335,11583,11584,11583,3,-3
2020-06-09 15:48:04.335,11583,11584,11583,1,-1
2020-06-09 15:48:04.336,11583,11584,11583,7,-7
2020-06-09 15:48:04.336,11583,11584,11583,1,-1
2020-06-09 15:48:04.908,11582,11583,11583,1,1
2020-06-09 15:48:07.620,11582,11583,11583,1,1
2020-06-09 15:48:10.086,11582,11584,11584,1,1
2020-06-09 15:48:11.421,11583,11584,11583,1,-1
2020-06-09 15:48:15.669,11582,11583,11583,2,2
2020-06-09 15:48:19.229,11583,11584,11584,1,1
2020-06-09 15:48:19.229,11583,11584,11584,3,3
2020-06-09 15:48:19.230,11583,11584,11584,4,4
2020-06-09 15:48:24.536,11582,11584,11582,1,-1
2020-06-09 15:48:25.409,11582,11583,11583,1,1
2020-06-09 15:48:30.563,11583,11584,11583,2,-2
2020-06-09 15:48:32.477,11583,11584,11583,1,-1
2020-06-09 15:48:37.018,11582,11583,11583,1,1
2020-06-09 15:48:37.384,11582,11583,11583,2,2
2020-06-09 15:48:37.384,11582,11583,11583,1,1
2020-06-09 15:48:37.384,11582,11583,11583,2,2
2020-06-09 15:48:38.593,11582,11583,11583,3,3
2020-06-09 15:48:38.977,11582,11584,11582,1,-1
2020-06-09 15:48:40.055,11582,11583,11582,2,-2
2020-06-09 15:48:40.111,11582,11583,11583,2,2
