2021-03-23 15:00:00.077,16125,16126,16123,61
2021-03-23 15:00:00.078,16122,16123,16122,1
2021-03-23 15:00:00.308,16121,16122,16122,1
2021-03-23 15:00:00.308,16121,16122,16123,1
2021-03-23 15:00:00.342,16121,16122,16123,1
2021-03-23 15:00:00.343,16121,16122,16123,1
2021-03-23 15:00:00.368,16121,16122,16121,11
2021-03-23 15:00:00.376,16121,16122,16121,1
2021-03-23 15:00:00.382,16121,16122,16121,1
2021-03-23 15:00:00.385,16121,16122,16121,1
2021-03-23 15:00:00.388,16121,16122,16121,1
2021-03-23 15:00:00.418,16121,16122,16121,1
2021-03-23 15:00:00.438,16120,16121,16121,1
2021-03-23 15:00:00.438,16120,16121,16121,1
2021-03-23 15:00:00.463,16120,16121,16121,1
2021-03-23 15:00:00.465,16120,16121,16121,1
2021-03-23 15:00:00.466,16120,16121,16121,1
2021-03-23 15:00:00.469,16120,16121,16121,1
2021-03-23 15:00:00.473,16120,16121,16121,1
2021-03-23 15:00:00.505,16120,16121,16120,1
2021-03-23 15:00:00.510,16120,16121,16121,1
2021-03-23 15:00:00.513,16120,16121,16121,1
2021-03-23 15:00:00.515,16120,16121,16120,1
2021-03-23 15:00:00.516,16120,16121,16121,1
2021-03-23 15:00:00.554,16120,16121,16121,1
2021-03-23 15:00:00.554,16120,16121,16121,1
2021-03-23 15:00:00.592,16120,16121,16120,1
2021-03-23 15:00:00.594,16120,16121,16121,4
2021-03-23 15:00:00.609,16120,16121,16121,1
2021-03-23 15:00:00.655,16120,16121,16121,1
2021-03-23 15:00:00.677,16120,16121,16119,1
2021-03-23 15:00:00.679,16119,16121,16121,1
2021-03-23 15:00:00.688,16119,16121,16121,1
2021-03-23 15:00:00.691,16119,16121,16121,1
2021-03-23 15:00:00.696,16119,16121,16121,1
2021-03-23 15:00:00.707,16119,16121,16121,1
2021-03-23 15:00:00.725,16119,16121,16121,1
2021-03-23 15:00:00.782,16119,16121,16121,2
2021-03-23 15:00:00.821,16119,16121,16121,2
2021-03-23 15:00:00.839,16119,16121,16121,1
2021-03-23 15:00:01.002,16120,16121,16121,3
2021-03-23 15:00:01.243,16121,16124,16124,1
2021-03-23 15:00:01.312,16121,16124,16121,1
2021-03-23 15:00:01.312,16121,16124,16120,1
2021-03-23 15:00:01.350,16121,16124,16123,1
2021-03-23 15:00:01.362,16121,16124,16124,2
2021-03-23 15:00:01.362,16121,16124,16125,2
2021-03-23 15:00:01.366,16121,16124,16125,4
2021-03-23 15:00:01.485,16121,16125,16125,2
2021-03-23 15:00:01.857,16122,16125,16122,1
2021-03-23 15:00:02.081,16121,16125,16122,1
2021-03-23 15:00:02.320,16121,16125,16121,1
2021-03-23 15:00:02.335,16121,16125,16125,1
2021-03-23 15:00:02.584,16122,16125,16122,1
2021-03-23 15:00:02.917,16121,16125,16122,1
2021-03-23 15:00:03.266,16121,16124,16124,1
2021-03-23 15:00:03.266,16121,16124,16125,2
2021-03-23 15:00:03.266,16121,16124,16126,1
2021-03-23 15:00:03.721,16122,16124,16123,1
2021-03-23 15:00:03.766,16122,16124,16122,1
2021-03-23 15:00:03.879,16122,16124,16124,1
2021-03-23 15:00:03.899,16122,16124,16122,1
2021-03-23 15:00:03.942,16121,16125,16125,1
2021-03-23 15:00:03.999,16121,16125,16125,1
2021-03-23 15:00:04.665,16123,16125,16124,1
2021-03-23 15:00:04.982,16123,16125,16123,1
2021-03-23 15:00:05.326,16122,16125,16125,2
2021-03-23 15:00:05.326,16122,16125,16125,2
2021-03-23 15:00:05.679,16123,16125,16125,1
2021-03-23 15:00:05.877,16123,16126,16123,8
2021-03-23 15:00:05.878,16123,16126,16123,14
2021-03-23 15:00:05.895,16123,16126,16123,1
2021-03-23 15:00:05.929,16122,16123,16123,2
2021-03-23 15:00:06.241,16123,16126,16125,1
2021-03-23 15:00:06.440,16123,16126,16125,1
2021-03-23 15:00:06.440,16123,16126,16126,1
2021-03-23 15:00:09.225,16123,16124,16124,1
2021-03-23 15:00:09.225,16123,16124,16124,3
2021-03-23 15:00:09.572,16123,16125,16125,1
2021-03-23 15:00:10.483,16123,16125,16123,1
2021-03-23 15:00:10.774,16123,16124,16124,1
2021-03-23 15:00:11.152,16124,16126,16124,4
2021-03-23 15:00:11.352,16123,16124,16124,1
2021-03-23 15:00:12.397,16123,16124,16124,1
2021-03-23 15:00:14.544,16123,16125,16123,1
2021-03-23 15:00:14.544,16123,16125,16122,5
2021-03-23 15:00:16.890,16122,16123,16123,1
2021-03-23 15:00:19.595,16122,16123,16122,6
2021-03-23 15:00:22.560,16121,16122,16122,1
2021-03-23 15:00:22.771,16121,16122,16121,1
2021-03-23 15:00:23.123,16121,16122,16122,1
2021-03-23 15:00:23.229,16121,16122,16122,2
2021-03-23 15:00:25.429,16121,16122,16122,2
2021-03-23 15:00:30.794,16121,16122,16122,1
2021-03-23 15:00:31.463,16121,16122,16122,2
2021-03-23 15:00:32.179,16121,16122,16121,1
2021-03-23 15:00:32.408,16121,16122,16121,1
2021-03-23 15:00:33.348,16121,16122,16122,1
2021-03-23 15:00:33.348,16121,16122,16122,1
2021-03-23 15:00:33.348,16121,16122,16122,2
2021-03-23 15:00:33.348,16121,16122,16122,4
2021-03-23 15:00:33.349,16121,16122,16122,1
2021-03-23 15:00:33.349,16121,16122,16122,1
2021-03-23 15:00:33.351,16121,16122,16122,3
2021-03-23 15:00:34.586,16122,16123,16123,1
2021-03-23 15:00:34.722,16122,16123,16123,1
2021-03-23 15:00:35.543,16122,16123,16122,1
2021-03-23 15:00:35.793,16122,16123,16123,1
2021-03-23 15:00:36.665,16123,16124,16124,1
2021-03-23 15:00:37.139,16123,16124,16124,5
2021-03-23 15:00:37.679,16123,16124,16124,2
2021-03-23 15:00:39.040,16123,16125,16124,1
2021-03-23 15:00:41.212,16123,16124,16124,1
2021-03-23 15:00:41.212,16123,16124,16125,1
2021-03-23 15:00:43.821,16123,16125,16125,1
2021-03-23 15:00:44.365,16123,16125,16125,2
2021-03-23 15:00:45.180,16123,16124,16124,1
2021-03-23 15:00:45.211,16123,16124,16124,1
2021-03-23 15:00:47.132,16123,16125,16125,1
2021-03-23 15:00:47.760,16123,16125,16125,1
2021-03-23 15:00:47.978,16123,16125,16123,1
2021-03-23 15:00:47.978,16123,16125,16123,1
2021-03-23 15:00:47.978,16123,16125,16123,1
2021-03-23 15:00:47.978,16123,16125,16123,1
2021-03-23 15:00:51.677,16122,16124,16123,1
2021-03-23 15:00:53.575,16122,16123,16123,1
2021-03-23 15:00:56.920,16122,16123,16123,1
2021-03-23 15:00:56.959,16122,16123,16123,2
2021-03-23 15:00:56.959,16122,16123,16124,1
2021-03-23 15:00:56.982,16122,16123,16124,1
2021-03-23 15:00:57.777,16122,16123,16123,1
2021-03-23 15:00:57.857,16123,16124,16123,1
2021-03-23 15:00:57.926,16123,16124,16123,1
2021-03-23 15:00:57.995,16123,16124,16123,1
2021-03-23 15:00:58.940,16122,16123,16122,1
2021-03-23 15:01:00.059,16122,16123,16122,2
2021-03-23 15:01:00.189,16122,16123,16123,1
2021-03-23 15:01:00.189,16122,16123,16124,2
2021-03-23 15:01:00.189,16122,16123,16124,3
2021-03-23 15:01:00.190,16122,16123,16124,1
2021-03-23 15:01:00.191,16122,16123,16124,1
2021-03-23 15:01:00.261,16122,16123,16123,1
2021-03-23 15:01:00.281,16122,16123,16123,1
2021-03-23 15:01:00.331,16123,16125,16123,1
2021-03-23 15:01:00.400,16123,16125,16123,1
2021-03-23 15:01:00.716,16122,16123,16122,3
2021-03-23 15:01:00.804,16122,16123,16122,1
2021-03-23 15:01:00.952,16121,16123,16123,1
2021-03-23 15:01:00.954,16121,16123,16124,1
2021-03-23 15:01:02.681,16122,16123,16123,1
2021-03-23 15:01:02.681,16122,16123,16124,1
2021-03-23 15:01:02.715,16122,16123,16122,1
2021-03-23 15:01:02.786,16122,16123,16122,1
2021-03-23 15:01:02.805,16122,16123,16123,1
2021-03-23 15:01:02.805,16122,16123,16124,1
2021-03-23 15:01:02.806,16122,16123,16125,1
2021-03-23 15:01:02.806,16122,16123,16125,1
2021-03-23 15:01:02.806,16122,16123,16125,1
2021-03-23 15:01:02.806,16122,16123,16125,1
2021-03-23 15:01:02.806,16122,16123,16125,1
2021-03-23 15:01:02.806,16122,16123,16125,1
2021-03-23 15:01:02.807,16122,16123,16125,1
2021-03-23 15:01:02.807,16122,16123,16125,1
2021-03-23 15:01:02.807,16122,16123,16125,1
2021-03-23 15:01:02.807,16122,16123,16125,1
2021-03-23 15:01:02.807,16122,16123,16125,1
2021-03-23 15:01:02.810,16122,16123,16125,1
2021-03-23 15:01:02.811,16122,16123,16125,1
2021-03-23 15:01:02.811,16122,16123,16125,1
2021-03-23 15:01:02.856,16122,16123,16123,1
2021-03-23 15:01:02.875,16122,16123,16123,1
2021-03-23 15:01:02.924,16122,16123,16123,1
2021-03-23 15:01:02.944,16122,16124,16123,1
2021-03-23 15:01:02.994,16122,16124,16122,1
2021-03-23 15:01:03.064,16122,16123,16122,1
2021-03-23 15:01:03.134,16122,16123,16122,1
2021-03-23 15:01:03.179,16122,16123,16122,1
2021-03-23 15:01:03.304,16121,16122,16121,8
2021-03-23 15:01:03.705,16121,16122,16121,1
2021-03-23 15:01:03.705,16121,16122,16121,2
2021-03-23 15:01:03.706,16121,16122,16121,1
2021-03-23 15:01:03.784,16121,16122,16120,1
2021-03-23 15:01:03.902,16120,16121,16121,2
2021-03-23 15:01:04.036,16120,16122,16122,1
2021-03-23 15:01:04.248,16121,16122,16122,1
2021-03-23 15:01:05.345,16121,16122,16122,1
2021-03-23 15:01:06.087,16121,16122,16121,1
2021-03-23 15:01:09.973,16121,16122,16121,1
2021-03-23 15:01:10.055,16121,16122,16122,1
2021-03-23 15:01:10.056,16121,16122,16122,1
2021-03-23 15:01:10.057,16121,16122,16122,1
2021-03-23 15:01:16.355,16121,16122,16122,1
2021-03-23 15:01:16.867,16121,16122,16121,2
2021-03-23 15:01:17.652,16121,16122,16122,1
2021-03-23 15:01:17.680,16121,16122,16122,1
2021-03-23 15:01:17.681,16121,16122,16122,1
2021-03-23 15:01:17.681,16121,16122,16122,1
2021-03-23 15:01:17.681,16121,16122,16122,1
2021-03-23 15:01:17.681,16121,16122,16122,1
2021-03-23 15:01:17.682,16121,16122,16122,1
2021-03-23 15:01:17.682,16121,16122,16122,1
2021-03-23 15:01:17.682,16121,16122,16123,1
2021-03-23 15:01:17.686,16121,16122,16123,1
2021-03-23 15:01:18.839,16121,16122,16122,1
2021-03-23 15:01:18.911,16121,16122,16122,1
2021-03-23 15:01:18.981,16122,16123,16122,1
2021-03-23 15:01:19.050,16122,16123,16122,1
2021-03-23 15:01:21.420,16121,16122,16122,1
2021-03-23 15:01:21.526,16121,16123,16122,1
2021-03-23 15:01:21.527,16121,16123,16122,1
2021-03-23 15:01:24.191,16121,16122,16121,2
2021-03-23 15:01:25.465,16120,16122,16122,1
2021-03-23 15:01:25.483,16120,16122,16122,1
2021-03-23 15:01:25.498,16120,16122,16122,1
2021-03-23 15:01:25.728,16120,16122,16121,1
2021-03-23 15:01:28.101,16120,16122,16120,1
2021-03-23 15:01:28.414,16121,16122,16121,1
2021-03-23 15:01:30.536,16121,16122,16121,1
2021-03-23 15:01:30.555,16121,16122,16122,1
2021-03-23 15:01:30.556,16121,16122,16122,1
2021-03-23 15:01:30.556,16121,16122,16122,1
2021-03-23 15:01:30.556,16121,16122,16122,1
2021-03-23 15:01:30.556,16121,16122,16122,2
2021-03-23 15:01:30.557,16121,16122,16123,1
2021-03-23 15:01:30.692,16121,16122,16121,1
2021-03-23 15:01:31.167,16121,16122,16122,1
2021-03-23 15:01:31.167,16121,16122,16123,8
2021-03-23 15:01:31.168,16121,16122,16123,1
2021-03-23 15:01:31.239,16122,16124,16122,1
2021-03-23 15:01:31.657,16121,16122,16122,1
2021-03-23 15:01:31.728,16122,16123,16122,1
2021-03-23 15:01:31.798,16122,16123,16122,1
2021-03-23 15:01:34.577,16121,16122,16122,1
2021-03-23 15:01:40.475,16121,16122,16121,1
2021-03-23 15:01:45.718,16121,16122,16122,7
2021-03-23 15:01:45.788,16121,16122,16122,2
2021-03-23 15:01:45.788,16121,16122,16121,13
2021-03-23 15:01:45.789,16121,16122,16121,1
2021-03-23 15:01:45.789,16121,16122,16121,1
2021-03-23 15:01:45.789,16121,16122,16121,1
2021-03-23 15:01:45.789,16121,16122,16121,1
2021-03-23 15:01:45.789,16121,16122,16121,1
2021-03-23 15:01:45.806,16121,16122,16122,1
2021-03-23 15:01:45.806,16121,16122,16123,1
2021-03-23 15:01:45.806,16121,16122,16123,1
2021-03-23 15:01:45.807,16121,16122,16123,1
2021-03-23 15:01:48.095,16121,16122,16122,2
2021-03-23 15:01:49.449,16121,16123,16123,1
2021-03-23 15:01:49.555,16121,16123,16123,1
2021-03-23 15:01:49.557,16121,16123,16123,1
2021-03-23 15:01:50.679,16122,16123,16123,2
2021-03-23 15:01:50.804,16122,16123,16123,1
2021-03-23 15:01:50.929,16122,16123,16123,1
2021-03-23 15:01:51.001,16122,16123,16123,1
2021-03-23 15:01:52.567,16122,16123,16122,2
2021-03-23 15:01:55.839,16122,16123,16123,1
2021-03-23 15:01:56.002,16122,16123,16123,1
2021-03-23 15:01:56.393,16122,16123,16122,3
2021-03-23 15:01:56.671,16122,16123,16123,1
2021-03-23 15:01:57.467,16122,16123,16123,1
2021-03-23 15:01:58.096,16122,16123,16123,1
2021-03-23 15:02:00.429,16122,16123,16123,2
2021-03-23 15:02:00.502,16122,16123,16123,1
2021-03-23 15:02:01.068,16122,16123,16123,1
2021-03-23 15:02:01.794,16122,16123,16122,1
2021-03-23 15:02:02.050,16122,16123,16123,1
2021-03-23 15:02:02.179,16122,16123,16123,1
2021-03-23 15:02:02.250,16122,16123,16123,1
2021-03-23 15:02:02.304,16123,16124,16124,3
2021-03-23 15:02:02.320,16123,16124,16123,1
2021-03-23 15:02:02.390,16123,16124,16123,1
2021-03-23 15:02:02.461,16123,16124,16123,1
2021-03-23 15:02:02.530,16123,16124,16123,1
2021-03-23 15:02:02.539,16123,16124,16124,1
2021-03-23 15:02:02.599,16123,16124,16123,1
2021-03-23 15:02:02.669,16123,16124,16123,1
2021-03-23 15:02:02.738,16123,16124,16123,1
2021-03-23 15:02:02.808,16123,16124,16123,1
2021-03-23 15:02:02.878,16123,16124,16123,1
2021-03-23 15:02:04.283,16123,16124,16124,2
2021-03-23 15:02:06.010,16124,16125,16124,1
2021-03-23 15:02:06.496,16124,16125,16124,2
2021-03-23 15:02:06.497,16124,16125,16124,1
2021-03-23 15:02:06.497,16124,16125,16124,2
2021-03-23 15:02:06.498,16124,16125,16124,5
2021-03-23 15:02:06.687,16124,16125,16125,1
2021-03-23 15:02:06.717,16124,16125,16125,1
2021-03-23 15:02:08.983,16124,16125,16124,1
2021-03-23 15:02:09.976,16124,16125,16124,1
2021-03-23 15:02:12.173,16124,16125,16125,1
2021-03-23 15:02:13.001,16124,16125,16124,1
2021-03-23 15:02:16.658,16124,16125,16125,11
2021-03-23 15:02:17.388,16125,16126,16125,1
2021-03-23 15:02:17.682,16125,16126,16125,1
2021-03-23 15:02:20.729,16125,16126,16126,5
2021-03-23 15:02:20.729,16125,16126,16126,10
2021-03-23 15:02:20.773,16125,16126,16125,1
2021-03-23 15:02:21.389,16125,16127,16125,4
2021-03-23 15:02:21.988,16125,16127,16125,1
2021-03-23 15:02:23.120,16125,16126,16125,1
2021-03-23 15:02:25.319,16125,16126,16125,1
2021-03-23 15:02:26.237,16125,16126,16126,1
2021-03-23 15:02:26.575,16126,16127,16126,1
2021-03-23 15:02:28.152,16126,16127,16126,1
2021-03-23 15:02:31.614,16126,16127,16126,1
2021-03-23 15:02:33.376,16126,16127,16127,5
2021-03-23 15:02:33.451,16126,16128,16126,1
2021-03-23 15:02:34.098,16126,16128,16128,1
2021-03-23 15:02:34.144,16126,16128,16128,1
2021-03-23 15:02:34.227,16126,16128,16128,1
2021-03-23 15:02:34.927,16127,16128,16127,1
2021-03-23 15:02:35.267,16127,16128,16127,1
2021-03-23 15:02:38.473,16127,16128,16128,1
2021-03-23 15:02:39.136,16127,16128,16128,2
2021-03-23 15:02:40.557,16127,16128,16128,1
2021-03-23 15:02:40.557,16127,16128,16128,1
2021-03-23 15:02:40.631,16127,16128,16128,1
2021-03-23 15:02:40.632,16127,16128,16128,1
2021-03-23 15:02:42.187,16127,16128,16127,1
2021-03-23 15:02:42.636,16127,16128,16127,1
2021-03-23 15:02:42.983,16127,16128,16128,4
2021-03-23 15:02:43.957,16128,16129,16129,1
2021-03-23 15:02:44.378,16128,16129,16129,1
2021-03-23 15:02:45.156,16128,16129,16129,1
2021-03-23 15:02:45.360,16128,16129,16128,1
2021-03-23 15:02:45.550,16128,16129,16128,1
2021-03-23 15:02:47.211,16128,16129,16129,1
2021-03-23 15:02:47.215,16128,16129,16128,1
2021-03-23 15:02:47.878,16128,16129,16129,1
2021-03-23 15:02:49.319,16128,16129,16128,1
2021-03-23 15:02:50.538,16128,16129,16129,2
2021-03-23 15:02:50.539,16128,16129,16129,1
2021-03-23 15:02:53.482,16128,16129,16129,1
2021-03-23 15:02:53.483,16128,16129,16129,1
2021-03-23 15:02:53.945,16128,16129,16128,2
2021-03-23 15:02:53.946,16128,16129,16129,1
2021-03-23 15:02:54.164,16128,16129,16129,2
2021-03-23 15:02:54.444,16128,16129,16129,1
2021-03-23 15:02:54.858,16128,16129,16129,1
2021-03-23 15:02:55.878,16128,16129,16129,1
2021-03-23 15:02:57.247,16128,16129,16128,1
2021-03-23 15:02:58.036,16128,16129,16128,1
2021-03-23 15:03:00.504,16128,16129,16128,1
2021-03-23 15:03:00.557,16128,16129,16129,1
2021-03-23 15:03:00.557,16128,16129,16129,1
2021-03-23 15:03:00.558,16128,16129,16129,1
2021-03-23 15:03:01.901,16128,16129,16129,2
2021-03-23 15:03:01.901,16128,16129,16129,1
2021-03-23 15:03:01.931,16128,16129,16129,1
2021-03-23 15:03:03.955,16128,16129,16129,4
2021-03-23 15:03:05.190,16128,16130,16130,1
2021-03-23 15:03:05.456,16128,16130,16128,1
2021-03-23 15:03:08.979,16129,16130,16129,1
2021-03-23 15:03:08.980,16129,16130,16129,1
2021-03-23 15:03:09.214,16128,16130,16130,1
2021-03-23 15:03:09.650,16128,16130,16129,1
2021-03-23 15:03:09.650,16128,16130,16128,4
2021-03-23 15:03:10.817,16128,16129,16129,4
2021-03-23 15:03:11.648,16128,16130,16129,1
2021-03-23 15:03:12.017,16129,16130,16129,1
2021-03-23 15:03:13.010,16128,16130,16129,1
2021-03-23 15:03:14.801,16128,16130,16129,1
2021-03-23 15:03:22.565,16128,16130,16128,3
2021-03-23 15:03:25.193,16129,16130,16130,1
2021-03-23 15:03:25.305,16129,16130,16130,1
2021-03-23 15:03:25.305,16129,16130,16130,1
2021-03-23 15:03:25.306,16129,16130,16130,1
2021-03-23 15:03:25.306,16129,16130,16130,1
2021-03-23 15:03:25.306,16129,16130,16130,1
2021-03-23 15:03:27.243,16129,16130,16130,1
2021-03-23 15:03:27.781,16129,16130,16130,2
2021-03-23 15:03:28.106,16129,16130,16130,4
2021-03-23 15:03:28.181,16129,16130,16130,1
2021-03-23 15:03:28.181,16129,16130,16130,1
2021-03-23 15:03:28.182,16129,16130,16130,1
2021-03-23 15:03:28.182,16129,16130,16130,1
2021-03-23 15:03:28.183,16129,16130,16130,1
2021-03-23 15:03:28.184,16129,16130,16131,1
2021-03-23 15:03:28.559,16130,16131,16130,1
2021-03-23 15:03:30.033,16130,16131,16130,1
2021-03-23 15:03:30.584,16130,16131,16130,1
2021-03-23 15:03:30.800,16130,16131,16130,1
2021-03-23 15:03:30.800,16130,16131,16130,1
2021-03-23 15:03:30.800,16130,16131,16130,1
2021-03-23 15:03:31.372,16129,16130,16130,1
2021-03-23 15:03:31.384,16129,16130,16129,13
2021-03-23 15:03:31.853,16128,16129,16129,1
2021-03-23 15:03:33.932,16128,16129,16129,1
2021-03-23 15:03:34.514,16128,16129,16129,1
2021-03-23 15:03:34.680,16128,16129,16129,1
2021-03-23 15:03:35.128,16128,16129,16129,1
2021-03-23 15:03:36.222,16128,16129,16129,1
2021-03-23 15:03:37.928,16128,16129,16128,1
2021-03-23 15:03:38.142,16128,16129,16129,1
2021-03-23 15:03:40.596,16128,16129,16128,7
2021-03-23 15:03:40.597,16128,16129,16128,3
2021-03-23 15:03:45.492,16128,16129,16128,6
2021-03-23 15:03:46.210,16127,16128,16128,1
2021-03-23 15:03:55.295,16127,16128,16128,1
2021-03-23 15:03:55.305,16127,16128,16128,1
2021-03-23 15:04:01.244,16127,16128,16128,1
2021-03-23 15:04:01.506,16127,16128,16128,2
2021-03-23 15:04:01.750,16127,16128,16128,1
2021-03-23 15:04:02.711,16127,16128,16128,1
2021-03-23 15:04:02.806,16127,16129,16129,1
2021-03-23 15:04:02.806,16127,16129,16129,1
2021-03-23 15:04:02.807,16127,16129,16129,1
2021-03-23 15:04:02.807,16127,16129,16129,1
2021-03-23 15:04:04.681,16128,16129,16128,1
2021-03-23 15:04:04.726,16128,16129,16128,1
2021-03-23 15:04:04.726,16128,16129,16129,4
2021-03-23 15:04:06.025,16128,16129,16128,1
2021-03-23 15:04:12.900,16128,16129,16129,1
2021-03-23 15:04:13.847,16128,16129,16128,1
2021-03-23 15:04:17.949,16128,16129,16129,1
2021-03-23 15:04:18.642,16128,16129,16129,1
2021-03-23 15:04:23.935,16128,16129,16129,1
2021-03-23 15:04:26.638,16128,16129,16129,2
2021-03-23 15:04:28.815,16128,16129,16128,10
2021-03-23 15:04:28.816,16128,16129,16128,1
2021-03-23 15:04:28.816,16128,16129,16128,1
2021-03-23 15:04:28.816,16128,16129,16128,1
2021-03-23 15:04:28.816,16128,16129,16128,1
2021-03-23 15:04:28.816,16128,16129,16128,1
2021-03-23 15:04:28.816,16128,16129,16128,1
2021-03-23 15:04:28.816,16128,16129,16128,1
2021-03-23 15:04:28.931,16127,16128,16128,1
2021-03-23 15:04:28.932,16127,16128,16129,1
2021-03-23 15:04:28.932,16127,16128,16129,1
2021-03-23 15:04:28.932,16127,16128,16129,1
2021-03-23 15:04:28.932,16127,16128,16129,1
2021-03-23 15:04:28.932,16127,16128,16129,1
2021-03-23 15:04:28.933,16127,16128,16129,1
2021-03-23 15:04:28.933,16127,16128,16129,1
2021-03-23 15:04:28.934,16127,16128,16129,1
2021-03-23 15:04:28.934,16127,16128,16129,1
2021-03-23 15:04:31.179,16127,16128,16127,3
2021-03-23 15:04:31.584,16126,16128,16127,1
2021-03-23 15:04:37.716,16126,16127,16127,1
2021-03-23 15:04:38.204,16126,16127,16127,1
2021-03-23 15:04:39.038,16126,16127,16127,1
2021-03-23 15:04:39.146,16126,16127,16127,1
2021-03-23 15:04:42.284,16126,16127,16127,1
2021-03-23 15:04:45.210,16126,16127,16127,1
2021-03-23 15:04:45.324,16126,16127,16126,1
2021-03-23 15:04:46.249,16126,16127,16127,1
2021-03-23 15:04:46.976,16126,16127,16127,1
2021-03-23 15:04:51.388,16126,16128,16126,1
2021-03-23 15:04:51.602,16126,16128,16128,4
2021-03-23 15:04:52.172,16127,16128,16128,4
2021-03-23 15:04:55.420,16127,16128,16127,6
2021-03-23 15:05:05.173,16127,16128,16127,1
2021-03-23 15:05:09.470,16126,16127,16127,1
2021-03-23 15:05:15.499,16127,16128,16128,2
2021-03-23 15:05:16.976,16127,16128,16128,1
2021-03-23 15:05:19.637,16127,16128,16128,2
2021-03-23 15:05:21.948,16127,16128,16127,1
2021-03-23 15:05:22.968,16127,16128,16128,1
2021-03-23 15:05:24.951,16127,16128,16128,1
2021-03-23 15:05:25.054,16127,16128,16128,3
2021-03-23 15:05:26.650,16127,16128,16128,1
2021-03-23 15:05:28.599,16127,16128,16127,1
2021-03-23 15:05:28.973,16127,16128,16127,1
2021-03-23 15:05:31.587,16127,16128,16128,1
2021-03-23 15:05:32.958,16127,16128,16127,10
2021-03-23 15:05:33.542,16127,16128,16128,1
2021-03-23 15:05:37.175,16127,16128,16127,2
2021-03-23 15:05:39.231,16127,16128,16127,1
2021-03-23 15:05:41.772,16127,16128,16127,1
2021-03-23 15:05:43.233,16127,16128,16128,1
2021-03-23 15:05:46.691,16127,16128,16127,1
2021-03-23 15:05:47.627,16127,16128,16127,1
2021-03-23 15:05:55.915,16126,16127,16127,1
2021-03-23 15:05:57.221,16126,16127,16127,1
2021-03-23 15:05:57.791,16126,16127,16126,1
2021-03-23 15:06:10.039,16126,16127,16126,1
2021-03-23 15:06:12.976,16126,16127,16126,1
2021-03-23 15:06:15.276,16126,16127,16126,2
2021-03-23 15:06:17.270,16126,16127,16126,1
2021-03-23 15:06:21.263,16126,16127,16126,1
2021-03-23 15:06:21.306,16126,16127,16127,1
2021-03-23 15:06:25.703,16126,16127,16126,1
2021-03-23 15:06:32.574,16126,16127,16126,1
2021-03-23 15:06:32.574,16126,16127,16126,2
2021-03-23 15:06:32.575,16126,16127,16126,1
2021-03-23 15:06:32.575,16126,16127,16126,1
2021-03-23 15:06:32.575,16126,16127,16126,1
2021-03-23 15:06:32.575,16126,16127,16126,1
2021-03-23 15:06:34.549,16125,16126,16125,2
2021-03-23 15:06:35.465,16125,16126,16125,1
2021-03-23 15:06:43.786,16125,16126,16125,1
2021-03-23 15:06:44.090,16125,16126,16125,1
2021-03-23 15:06:51.454,16125,16126,16125,3
2021-03-23 15:06:52.739,16125,16126,16126,1
2021-03-23 15:06:54.620,16125,16127,16125,1
2021-03-23 15:06:55.504,16126,16127,16126,1
2021-03-23 15:06:55.504,16126,16127,16125,4
2021-03-23 15:07:03.438,16125,16126,16125,1
2021-03-23 15:07:03.770,16125,16126,16125,1
2021-03-23 15:07:03.935,16125,16126,16125,16
2021-03-23 15:07:03.935,16125,16126,16124,14
2021-03-23 15:07:03.944,16125,16126,16124,3
2021-03-23 15:07:03.949,16125,16126,16124,15
2021-03-23 15:07:03.949,16125,16126,16124,31
2021-03-23 15:07:04.054,16123,16124,16123,3
2021-03-23 15:07:05.444,16122,16124,16122,1
2021-03-23 15:07:05.646,16122,16124,16122,1
2021-03-23 15:07:07.679,16122,16123,16122,4
2021-03-23 15:07:07.804,16121,16122,16121,3
2021-03-23 15:07:08.223,16121,16122,16122,3
2021-03-23 15:07:09.650,16122,16123,16123,1
2021-03-23 15:07:11.096,16122,16123,16123,1
2021-03-23 15:07:11.096,16122,16123,16124,3
2021-03-23 15:07:14.911,16122,16124,16122,2
2021-03-23 15:07:17.932,16122,16123,16123,2
2021-03-23 15:07:18.388,16123,16124,16123,1
2021-03-23 15:07:19.883,16123,16124,16123,4
2021-03-23 15:07:21.987,16123,16124,16123,3
2021-03-23 15:07:21.987,16123,16124,16122,8
2021-03-23 15:07:28.147,16122,16124,16122,1
2021-03-23 15:07:31.665,16123,16124,16123,1
2021-03-23 15:07:35.358,16123,16124,16123,1
2021-03-23 15:07:35.780,16123,16124,16124,2
2021-03-23 15:07:44.780,16122,16123,16122,1
2021-03-23 15:07:48.623,16122,16123,16123,1
2021-03-23 15:07:56.067,16122,16123,16122,1
2021-03-23 15:07:56.361,16122,16123,16122,4
2021-03-23 15:07:56.362,16122,16123,16122,1
2021-03-23 15:07:56.362,16122,16123,16122,2
2021-03-23 15:07:58.575,16121,16123,16121,4
2021-03-23 15:08:01.290,16121,16122,16121,1
2021-03-23 15:08:01.307,16121,16122,16122,1
2021-03-23 15:08:01.307,16121,16122,16122,1
2021-03-23 15:08:01.308,16121,16122,16123,1
2021-03-23 15:08:01.321,16121,16122,16122,1
2021-03-23 15:08:02.073,16121,16123,16121,2
2021-03-23 15:08:02.078,16121,16123,16121,2
2021-03-23 15:08:02.079,16121,16123,16121,1
2021-03-23 15:08:02.079,16121,16123,16120,1
2021-03-23 15:08:02.082,16121,16123,16120,2
2021-03-23 15:08:02.180,16120,16121,16121,1
2021-03-23 15:08:02.181,16120,16121,16121,1
2021-03-23 15:08:06.453,16121,16122,16121,1
2021-03-23 15:08:06.971,16121,16122,16122,1
2021-03-23 15:08:11.201,16121,16122,16122,1
2021-03-23 15:08:18.516,16122,16123,16122,2
2021-03-23 15:08:19.080,16122,16123,16123,8
2021-03-23 15:08:19.308,16123,16124,16123,1
2021-03-23 15:08:29.303,16123,16124,16123,1
2021-03-23 15:08:29.303,16123,16124,16123,1
2021-03-23 15:08:34.940,16122,16123,16123,1
2021-03-23 15:08:35.056,16122,16123,16123,1
2021-03-23 15:08:35.056,16122,16123,16123,1
2021-03-23 15:08:35.060,16122,16123,16123,1
2021-03-23 15:08:47.753,16122,16123,16123,1
2021-03-23 15:08:48.597,16122,16123,16123,1
2021-03-23 15:08:54.299,16122,16123,16122,1
2021-03-23 15:08:54.299,16122,16123,16122,1
2021-03-23 15:08:54.299,16122,16123,16122,1
2021-03-23 15:08:54.305,16122,16123,16122,6
2021-03-23 15:09:11.489,16121,16122,16121,1
2021-03-23 15:09:12.340,16120,16121,16120,9
2021-03-23 15:09:12.468,16120,16121,16120,1
2021-03-23 15:09:12.594,16120,16121,16120,1
2021-03-23 15:09:14.116,16119,16121,16121,1
2021-03-23 15:09:17.546,16120,16121,16120,1
2021-03-23 15:09:26.171,16119,16120,16120,2
2021-03-23 15:09:26.841,16119,16121,16119,1
2021-03-23 15:09:28.993,16119,16120,16119,5
2021-03-23 15:09:31.641,16119,16120,16119,1
2021-03-23 15:09:34.552,16119,16120,16119,1
2021-03-23 15:09:35.142,16119,16120,16119,1
2021-03-23 15:09:35.142,16119,16120,16119,1
2021-03-23 15:09:35.142,16119,16120,16119,3
2021-03-23 15:09:35.143,16119,16120,16119,1
2021-03-23 15:09:35.143,16119,16120,16119,1
2021-03-23 15:09:35.143,16119,16120,16119,10
2021-03-23 15:09:37.179,16118,16119,16119,1
2021-03-23 15:09:37.657,16118,16120,16118,1
2021-03-23 15:09:37.681,16118,16120,16118,1
2021-03-23 15:09:37.804,16118,16119,16119,2
2021-03-23 15:09:37.805,16118,16119,16118,2
2021-03-23 15:09:38.049,16118,16120,16118,1
2021-03-23 15:09:38.179,16118,16119,16119,2
2021-03-23 15:09:38.804,16118,16119,16119,1
2021-03-23 15:09:39.429,16119,16120,16120,4
2021-03-23 15:09:39.585,16119,16120,16119,1
2021-03-23 15:09:43.039,16119,16120,16119,1
2021-03-23 15:09:44.760,16118,16120,16120,1
2021-03-23 15:09:44.790,16118,16120,16119,1
2021-03-23 15:09:45.903,16119,16120,16119,1
2021-03-23 15:09:50.033,16118,16119,16118,4
2021-03-23 15:09:50.433,16117,16119,16119,1
2021-03-23 15:09:51.516,16118,16119,16118,2
2021-03-23 15:09:52.247,16117,16118,16117,4
2021-03-23 15:09:52.370,16117,16118,16117,3
2021-03-23 15:09:52.595,16117,16118,16117,1
2021-03-23 15:09:52.596,16117,16118,16117,1
2021-03-23 15:09:52.705,16117,16118,16117,1
2021-03-23 15:09:52.705,16117,16118,16117,5
2021-03-23 15:09:52.705,16117,16118,16117,1
2021-03-23 15:09:52.804,16117,16118,16117,7
2021-03-23 15:09:55.086,16116,16117,16116,1
2021-03-23 15:09:55.540,16116,16117,16116,5
2021-03-23 15:09:55.621,16116,16117,16116,1
2021-03-23 15:09:57.054,16115,16116,16116,2
2021-03-23 15:10:00.554,16116,16117,16117,2
2021-03-23 15:10:07.419,16117,16118,16117,1
2021-03-23 15:10:10.210,16116,16117,16116,1
2021-03-23 15:10:12.054,16116,16117,16117,1
2021-03-23 15:10:14.038,16116,16117,16116,1
2021-03-23 15:10:22.347,16116,16117,16117,1
2021-03-23 15:10:22.516,16116,16117,16116,2
2021-03-23 15:10:22.650,16116,16117,16116,5
2021-03-23 15:10:26.848,16116,16117,16116,1
2021-03-23 15:10:28.392,16116,16117,16117,3
2021-03-23 15:10:28.429,16117,16118,16118,2
2021-03-23 15:10:28.552,16117,16118,16117,1
2021-03-23 15:10:32.419,16117,16118,16117,1
2021-03-23 15:10:34.810,16117,16118,16118,1
2021-03-23 15:10:34.811,16117,16118,16118,4
2021-03-23 15:10:34.811,16117,16118,16118,1
2021-03-23 15:10:34.811,16117,16118,16118,1
2021-03-23 15:10:34.811,16117,16118,16118,1
2021-03-23 15:10:34.811,16117,16118,16118,1
2021-03-23 15:10:34.811,16117,16118,16118,1
2021-03-23 15:10:41.659,16118,16119,16119,1
2021-03-23 15:10:41.659,16118,16119,16119,1
2021-03-23 15:10:41.659,16118,16119,16119,1
2021-03-23 15:10:42.742,16118,16120,16118,5
2021-03-23 15:10:42.807,16118,16120,16118,1
2021-03-23 15:10:42.807,16118,16120,16117,1
2021-03-23 15:10:49.040,16117,16119,16118,1
2021-03-23 15:10:57.941,16117,16118,16118,1
2021-03-23 15:11:01.885,16118,16119,16118,2
2021-03-23 15:11:09.349,16117,16118,16118,1
2021-03-23 15:11:09.350,16117,16118,16118,3
2021-03-23 15:11:12.155,16117,16119,16118,1
2021-03-23 15:11:13.024,16118,16119,16118,1
2021-03-23 15:11:20.311,16118,16119,16119,1
2021-03-23 15:11:20.311,16118,16119,16119,1
2021-03-23 15:11:20.311,16118,16119,16119,5
2021-03-23 15:11:21.342,16118,16120,16118,1
2021-03-23 15:11:32.255,16118,16119,16119,1
2021-03-23 15:11:36.846,16119,16120,16120,1
2021-03-23 15:11:41.446,16119,16120,16119,7
2021-03-23 15:11:41.446,16119,16120,16118,3
2021-03-23 15:11:41.974,16118,16120,16120,3
2021-03-23 15:11:45.423,16119,16120,16120,1
2021-03-23 15:11:45.976,16119,16120,16120,1
2021-03-23 15:11:50.046,16119,16120,16120,1
2021-03-23 15:11:52.167,16119,16120,16120,1
2021-03-23 15:11:54.903,16118,16119,16119,1
2021-03-23 15:12:00.802,16119,16120,16120,1
2021-03-23 15:12:00.802,16119,16120,16120,2
2021-03-23 15:12:05.913,16120,16121,16121,1
2021-03-23 15:12:06.844,16120,16121,16121,4
2021-03-23 15:12:06.844,16120,16121,16121,2
2021-03-23 15:12:13.552,16121,16122,16121,1
2021-03-23 15:12:15.176,16121,16122,16122,1
2021-03-23 15:12:18.618,16121,16122,16122,1
2021-03-23 15:12:19.549,16121,16122,16122,1
2021-03-23 15:12:20.415,16121,16122,16122,1
2021-03-23 15:12:21.688,16121,16122,16122,1
2021-03-23 15:12:26.666,16121,16122,16122,2
2021-03-23 15:12:26.666,16121,16122,16123,8
2021-03-23 15:12:33.036,16122,16123,16122,2
2021-03-23 15:12:45.207,16122,16123,16123,1
2021-03-23 15:12:59.354,16122,16123,16123,9
2021-03-23 15:12:59.354,16122,16123,16124,1
2021-03-23 15:13:11.182,16123,16124,16123,1
2021-03-23 15:13:14.296,16123,16124,16123,1
2021-03-23 15:13:16.652,16123,16124,16124,1
2021-03-23 15:13:16.652,16123,16124,16124,1
2021-03-23 15:13:21.780,16123,16124,16124,1
2021-03-23 15:13:23.354,16123,16124,16123,1
2021-03-23 15:13:28.983,16123,16124,16123,1
2021-03-23 15:13:29.993,16123,16124,16123,3
2021-03-23 15:13:31.081,16123,16124,16124,15
2021-03-23 15:13:31.082,16123,16124,16124,3
2021-03-23 15:13:31.082,16123,16124,16124,1
2021-03-23 15:13:32.233,16124,16125,16125,1
2021-03-23 15:13:38.726,16124,16125,16124,1
2021-03-23 15:13:41.036,16124,16125,16124,1
2021-03-23 15:13:41.838,16123,16124,16124,1
2021-03-23 15:13:42.785,16123,16124,16123,1
2021-03-23 15:13:42.785,16123,16124,16123,1
2021-03-23 15:13:56.451,16122,16124,16124,1
2021-03-23 15:14:02.357,16123,16124,16123,2
2021-03-23 15:14:24.473,16123,16124,16124,2
2021-03-23 15:14:24.474,16123,16124,16124,13
2021-03-23 15:14:25.132,16124,16125,16124,1
2021-03-23 15:14:43.851,16124,16125,16124,1
2021-03-23 15:14:43.852,16124,16125,16124,2
2021-03-23 15:14:43.852,16124,16125,16124,2
2021-03-23 15:14:43.852,16124,16125,16124,1
2021-03-23 15:14:43.994,16123,16124,16124,1
2021-03-23 15:14:47.556,16123,16124,16124,2
2021-03-23 15:14:47.556,16123,16124,16125,1
2021-03-23 15:14:49.227,16123,16125,16125,2
2021-03-23 15:15:06.166,16123,16124,16124,1
2021-03-23 15:15:06.477,16123,16125,16123,6
2021-03-23 15:15:06.479,16123,16125,16123,4
2021-03-23 15:15:06.516,16123,16125,16122,6
2021-03-23 15:15:06.656,16122,16124,16124,1
2021-03-23 15:15:08.347,16122,16124,16124,5
2021-03-23 15:15:08.347,16122,16124,16125,7
2021-03-23 15:15:08.431,16123,16125,16125,1
2021-03-23 15:15:08.435,16123,16125,16125,1
2021-03-23 15:15:13.994,16124,16125,16124,1
2021-03-23 15:15:26.011,16123,16124,16123,1
2021-03-23 15:15:31.391,16122,16123,16123,2
2021-03-23 15:15:31.430,16122,16123,16123,1
2021-03-23 15:15:31.431,16122,16123,16124,1
2021-03-23 15:15:46.862,16122,16123,16123,1
2021-03-23 15:15:59.904,16122,16123,16122,2
2021-03-23 15:15:59.931,16122,16123,16123,1
2021-03-23 15:15:59.932,16122,16123,16124,1
2021-03-23 15:16:02.773,16123,16124,16124,1
2021-03-23 15:16:02.814,16123,16125,16125,1
2021-03-23 15:16:02.814,16123,16125,16125,2
2021-03-23 15:16:02.815,16123,16125,16125,1
2021-03-23 15:16:19.737,16122,16124,16122,2
2021-03-23 15:16:19.806,16122,16124,16124,1
2021-03-23 15:16:19.806,16122,16124,16124,1
2021-03-23 15:16:22.490,16123,16125,16123,1
2021-03-23 15:16:22.555,16123,16125,16125,1
2021-03-23 15:16:22.556,16123,16125,16125,1
2021-03-23 15:16:22.556,16123,16125,16125,1
2021-03-23 15:16:22.556,16123,16125,16125,1
2021-03-23 15:16:22.556,16123,16125,16125,1
2021-03-23 15:16:22.556,16123,16125,16125,1
2021-03-23 15:16:22.557,16123,16125,16125,1
2021-03-23 15:16:22.557,16123,16125,16125,1
2021-03-23 15:16:22.557,16123,16125,16125,1
2021-03-23 15:16:22.557,16123,16125,16125,1
2021-03-23 15:16:22.557,16123,16125,16126,1
2021-03-23 15:16:22.559,16123,16125,16126,1
2021-03-23 15:16:22.560,16123,16125,16126,1
2021-03-23 15:16:27.164,16124,16125,16125,1
2021-03-23 15:16:27.554,16125,16126,16126,3
2021-03-23 15:16:28.906,16125,16126,16126,3
2021-03-23 15:16:28.931,16125,16126,16126,1
2021-03-23 15:16:28.931,16125,16126,16126,1
2021-03-23 15:16:28.931,16125,16126,16126,1
2021-03-23 15:16:28.977,16125,16126,16125,1
2021-03-23 15:16:29.268,16125,16127,16127,3
2021-03-23 15:16:32.499,16125,16126,16126,1
2021-03-23 15:16:32.499,16125,16126,16127,4
2021-03-23 15:16:36.641,16126,16127,16127,1
2021-03-23 15:16:36.641,16126,16127,16127,2
2021-03-23 15:16:37.411,16126,16127,16127,1
2021-03-23 15:16:37.411,16126,16127,16127,1
2021-03-23 15:16:37.431,16126,16128,16128,1
2021-03-23 15:16:37.432,16126,16128,16128,1
2021-03-23 15:16:37.432,16126,16128,16128,1
2021-03-23 15:16:37.432,16126,16128,16128,1
2021-03-23 15:16:37.697,16127,16128,16128,1
2021-03-23 15:16:38.397,16126,16128,16128,2
2021-03-23 15:16:39.355,16128,16129,16128,1
2021-03-23 15:16:39.603,16128,16129,16129,10
2021-03-23 15:16:39.693,16128,16129,16129,2
2021-03-23 15:16:39.694,16128,16129,16129,1
2021-03-23 15:16:39.712,16128,16129,16130,1
2021-03-23 15:16:39.889,16129,16130,16129,1
2021-03-23 15:16:42.630,16129,16130,16129,1
2021-03-23 15:16:44.242,16129,16130,16130,5
2021-03-23 15:16:44.242,16129,16130,16130,5
2021-03-23 15:16:44.996,16129,16131,16131,2
2021-03-23 15:16:45.165,16129,16131,16131,4
2021-03-23 15:16:45.204,16130,16131,16131,4
2021-03-23 15:16:45.259,16130,16131,16131,4
2021-03-23 15:16:45.516,16130,16131,16131,4
2021-03-23 15:16:45.893,16130,16131,16131,1
2021-03-23 15:16:46.380,16130,16131,16131,1
2021-03-23 15:16:49.008,16129,16131,16131,2
2021-03-23 15:16:49.056,16129,16131,16131,1
2021-03-23 15:16:49.410,16129,16131,16130,1
2021-03-23 15:16:51.634,16129,16130,16130,1
2021-03-23 15:16:51.751,16129,16130,16130,2
2021-03-23 15:16:51.751,16129,16130,16131,19
2021-03-23 15:16:51.753,16129,16130,16131,1
2021-03-23 15:16:51.753,16129,16130,16131,1
2021-03-23 15:16:56.493,16129,16131,16131,2
2021-03-23 15:16:56.759,16130,16131,16130,1
2021-03-23 15:17:00.952,16129,16130,16129,1
2021-03-23 15:17:01.293,16129,16130,16130,3
2021-03-23 15:17:02.287,16129,16130,16130,1
2021-03-23 15:17:02.287,16129,16130,16130,1
2021-03-23 15:17:02.296,16129,16130,16131,1
2021-03-23 15:17:02.370,16130,16131,16130,1
2021-03-23 15:17:03.703,16130,16131,16131,3
2021-03-23 15:17:06.952,16131,16132,16131,1
2021-03-23 15:17:07.111,16131,16132,16131,1
2021-03-23 15:17:07.332,16130,16132,16132,2
2021-03-23 15:17:08.028,16130,16132,16132,1
2021-03-23 15:17:08.571,16130,16131,16131,1
2021-03-23 15:17:08.705,16130,16132,16130,1
2021-03-23 15:17:12.166,16131,16132,16131,1
2021-03-23 15:17:13.879,16131,16132,16132,1
2021-03-23 15:17:14.361,16131,16132,16131,1
2021-03-23 15:17:14.427,16131,16132,16132,1
2021-03-23 15:17:22.244,16131,16132,16131,1
2021-03-23 15:17:24.134,16131,16132,16132,1
2021-03-23 15:17:24.135,16131,16132,16132,1
2021-03-23 15:17:24.313,16131,16132,16132,1
2021-03-23 15:17:24.313,16131,16132,16132,1
2021-03-23 15:17:24.877,16131,16132,16132,1
2021-03-23 15:17:24.877,16131,16132,16132,1
2021-03-23 15:17:25.843,16131,16132,16132,1
2021-03-23 15:17:28.386,16132,16133,16132,1
2021-03-23 15:17:28.790,16132,16133,16132,1
2021-03-23 15:17:29.377,16131,16132,16132,1
2021-03-23 15:17:29.431,16131,16133,16133,1
2021-03-23 15:17:29.431,16131,16133,16133,1
2021-03-23 15:17:29.588,16132,16133,16133,6
2021-03-23 15:17:29.588,16132,16133,16133,1
2021-03-23 15:17:30.367,16132,16133,16132,1
2021-03-23 15:17:32.107,16132,16133,16132,1
2021-03-23 15:17:32.683,16132,16133,16132,1
2021-03-23 15:17:37.385,16132,16133,16132,1
2021-03-23 15:17:42.199,16132,16133,16132,1
2021-03-23 15:17:42.756,16132,16133,16132,1
2021-03-23 15:17:46.954,16132,16133,16133,1
2021-03-23 15:17:47.121,16132,16133,16133,1
2021-03-23 15:17:47.122,16132,16133,16133,1
2021-03-23 15:17:48.406,16132,16133,16133,1
2021-03-23 15:17:48.406,16132,16133,16133,1
2021-03-23 15:17:51.267,16132,16133,16133,5
2021-03-23 15:17:51.268,16132,16133,16133,1
2021-03-23 15:17:52.831,16132,16133,16132,1
2021-03-23 15:17:52.831,16132,16133,16133,1
2021-03-23 15:17:53.389,16132,16133,16133,1
2021-03-23 15:17:53.389,16132,16133,16133,1
2021-03-23 15:17:57.979,16132,16133,16133,1
2021-03-23 15:17:57.979,16132,16133,16133,1
2021-03-23 15:17:58.605,16132,16133,16133,1
2021-03-23 15:18:00.010,16132,16134,16133,1
2021-03-23 15:18:03.203,16133,16134,16133,1
2021-03-23 15:18:03.829,16133,16134,16134,1
2021-03-23 15:18:03.829,16133,16134,16134,1
2021-03-23 15:18:04.047,16133,16134,16134,2
2021-03-23 15:18:04.047,16133,16134,16134,1
2021-03-23 15:18:07.011,16133,16134,16133,3
2021-03-23 15:18:10.516,16133,16134,16133,1
2021-03-23 15:18:10.516,16133,16134,16133,3
2021-03-23 15:18:10.554,16132,16133,16132,4
2021-03-23 15:18:10.555,16132,16133,16133,1
2021-03-23 15:18:10.558,16132,16133,16133,1
2021-03-23 15:18:10.635,16132,16133,16132,1
2021-03-23 15:18:11.637,16131,16133,16133,4
2021-03-23 15:18:14.679,16131,16132,16131,2
2021-03-23 15:18:17.554,16131,16132,16131,2
2021-03-23 15:18:17.994,16130,16131,16131,1
2021-03-23 15:18:18.679,16130,16131,16130,2
2021-03-23 15:18:18.934,16129,16131,16131,1
2021-03-23 15:18:35.323,16130,16131,16131,1
2021-03-23 15:18:36.459,16130,16131,16131,1
2021-03-23 15:18:37.133,16130,16131,16131,1
2021-03-23 15:18:37.182,16130,16131,16131,1
2021-03-23 15:18:43.365,16130,16131,16131,1
2021-03-23 15:18:50.323,16130,16131,16130,1
2021-03-23 15:18:50.323,16130,16131,16130,1
2021-03-23 15:18:50.323,16130,16131,16130,1
2021-03-23 15:18:50.323,16130,16131,16130,1
2021-03-23 15:18:50.323,16130,16131,16130,1
2021-03-23 15:18:50.550,16129,16130,16129,1
2021-03-23 15:18:52.710,16129,16130,16129,2
2021-03-23 15:19:02.390,16128,16129,16129,1
2021-03-23 15:19:08.119,16128,16130,16128,1
2021-03-23 15:19:10.851,16128,16129,16128,2
2021-03-23 15:19:12.148,16128,16129,16129,5
2021-03-23 15:19:18.952,16129,16130,16129,2
2021-03-23 15:19:19.254,16128,16130,16130,3
2021-03-23 15:19:21.054,16129,16130,16130,1
2021-03-23 15:19:31.758,16129,16131,16130,1
2021-03-23 15:19:33.649,16130,16131,16131,1
2021-03-23 15:19:33.680,16130,16131,16131,1
2021-03-23 15:19:33.680,16130,16131,16131,1
2021-03-23 15:19:33.681,16130,16131,16131,1
2021-03-23 15:19:33.681,16130,16131,16132,1
2021-03-23 15:19:33.681,16130,16131,16132,1
2021-03-23 15:19:33.681,16130,16131,16132,1
2021-03-23 15:19:33.681,16130,16131,16132,1
2021-03-23 15:19:33.681,16130,16131,16132,1
2021-03-23 15:19:33.682,16130,16131,16132,1
2021-03-23 15:19:33.682,16130,16131,16132,1
2021-03-23 15:19:33.685,16130,16131,16132,1
2021-03-23 15:19:33.685,16130,16131,16133,1
2021-03-23 15:19:33.685,16130,16131,16133,1
2021-03-23 15:19:40.995,16130,16131,16131,1
2021-03-23 15:19:44.558,16130,16131,16131,1
2021-03-23 15:19:44.558,16130,16131,16131,1
2021-03-23 15:19:44.558,16130,16131,16131,2
2021-03-23 15:19:44.559,16130,16131,16131,3
2021-03-23 15:19:44.559,16130,16131,16131,1
2021-03-23 15:19:44.559,16130,16131,16131,1
2021-03-23 15:19:52.883,16131,16133,16133,1
2021-03-23 15:20:04.473,16132,16133,16133,4
2021-03-23 15:20:04.473,16132,16133,16134,2
2021-03-23 15:20:04.768,16132,16134,16134,1
2021-03-23 15:20:06.636,16132,16133,16133,2
2021-03-23 15:20:07.232,16132,16133,16132,1
2021-03-23 15:20:07.321,16132,16133,16132,1
2021-03-23 15:20:13.514,16131,16132,16132,1
2021-03-23 15:20:14.531,16131,16132,16131,4
2021-03-23 15:20:14.717,16130,16131,16130,1
2021-03-23 15:20:22.390,16130,16131,16130,3
2021-03-23 15:20:26.184,16129,16130,16130,1
2021-03-23 15:20:27.558,16130,16131,16130,1
2021-03-23 15:20:43.006,16129,16130,16129,2
2021-03-23 15:20:43.019,16129,16130,16128,2
2021-03-23 15:20:43.019,16129,16130,16128,1
2021-03-23 15:20:43.020,16129,16130,16128,1
2021-03-23 15:20:43.252,16127,16128,16128,2
2021-03-23 15:20:43.252,16127,16128,16129,1
2021-03-23 15:20:52.984,16127,16130,16127,1
2021-03-23 15:20:58.224,16128,16129,16128,1
2021-03-23 15:20:59.999,16128,16129,16128,1
2021-03-23 15:21:00.212,16128,16129,16129,1
2021-03-23 15:21:19.376,16128,16129,16128,1
2021-03-23 15:21:27.671,16128,16129,16129,2
2021-03-23 15:21:27.680,16128,16130,16130,1
2021-03-23 15:21:31.124,16128,16130,16128,1
2021-03-23 15:21:37.794,16129,16130,16129,2
2021-03-23 15:21:43.246,16128,16129,16129,1
2021-03-23 15:22:03.686,16128,16129,16129,1
2021-03-23 15:22:08.115,16129,16130,16130,5
2021-03-23 15:22:09.416,16129,16131,16129,5
2021-03-23 15:22:22.410,16129,16131,16129,3
2021-03-23 15:22:24.941,16128,16129,16129,2
2021-03-23 15:22:32.680,16129,16130,16129,2
2021-03-23 15:22:34.060,16128,16130,16130,1
2021-03-23 15:22:34.180,16128,16130,16130,1
2021-03-23 15:22:34.181,16128,16130,16130,1
2021-03-23 15:22:57.771,16130,16131,16130,1
2021-03-23 15:22:58.716,16130,16131,16130,1
2021-03-23 15:23:11.594,16130,16131,16130,1
2021-03-23 15:23:20.800,16130,16131,16130,1
2021-03-23 15:23:24.241,16130,16131,16131,1
2021-03-23 15:23:24.242,16130,16131,16131,1
2021-03-23 15:23:24.242,16130,16131,16131,1
2021-03-23 15:23:24.242,16130,16131,16131,1
2021-03-23 15:23:24.242,16130,16131,16131,1
2021-03-23 15:23:24.242,16130,16131,16131,6
2021-03-23 15:23:24.307,16131,16132,16132,1
2021-03-23 15:23:24.549,16131,16132,16132,2
2021-03-23 15:23:26.251,16132,16133,16133,1
2021-03-23 15:23:26.554,16132,16133,16133,2
2021-03-23 15:23:28.937,16132,16134,16134,1
2021-03-23 15:23:32.374,16133,16134,16134,1
2021-03-23 15:23:35.921,16133,16134,16134,1
2021-03-23 15:23:38.944,16133,16134,16134,1
2021-03-23 15:23:43.009,16133,16134,16133,1
2021-03-23 15:23:43.734,16133,16134,16133,1
2021-03-23 15:23:43.736,16133,16134,16133,4
2021-03-23 15:23:44.169,16132,16133,16132,1
2021-03-23 15:23:45.608,16132,16133,16132,5
2021-03-23 15:23:50.219,16131,16132,16131,1
2021-03-23 15:24:17.785,16130,16131,16131,1
2021-03-23 15:24:30.429,16131,16132,16132,2
2021-03-23 15:24:30.554,16132,16133,16133,1
2021-03-23 15:24:30.561,16132,16133,16134,1
2021-03-23 15:24:32.179,16133,16134,16134,4
2021-03-23 15:24:34.994,16133,16134,16134,1
2021-03-23 15:24:37.700,16133,16134,16133,1
2021-03-23 15:24:38.076,16133,16134,16134,1
2021-03-23 15:24:38.801,16133,16134,16134,1
2021-03-23 15:24:39.498,16133,16134,16134,1
2021-03-23 15:24:42.797,16133,16134,16134,1
2021-03-23 15:24:42.870,16133,16134,16133,2
2021-03-23 15:24:44.906,16133,16134,16134,1
2021-03-23 15:24:47.287,16133,16134,16134,1
2021-03-23 15:24:47.754,16133,16134,16133,1
2021-03-23 15:24:47.884,16133,16134,16134,1
2021-03-23 15:24:53.432,16133,16134,16134,1
2021-03-23 15:24:53.732,16133,16134,16134,1
2021-03-23 15:24:53.760,16133,16134,16134,1
2021-03-23 15:24:56.314,16133,16134,16134,1
2021-03-23 15:24:59.417,16133,16134,16134,1
2021-03-23 15:25:04.561,16133,16134,16133,1
2021-03-23 15:25:04.561,16133,16134,16133,1
2021-03-23 15:25:04.561,16133,16134,16133,7
2021-03-23 15:25:04.683,16132,16133,16133,1
2021-03-23 15:25:04.683,16132,16133,16134,1
2021-03-23 15:25:05.375,16132,16134,16134,3
2021-03-23 15:25:05.430,16132,16134,16134,1
2021-03-23 15:25:05.430,16132,16134,16134,1
2021-03-23 15:25:06.994,16133,16134,16134,1
2021-03-23 15:25:10.565,16132,16134,16134,2
2021-03-23 15:25:10.683,16132,16134,16134,1
2021-03-23 15:25:10.684,16132,16134,16134,1
2021-03-23 15:25:11.884,16132,16134,16134,1
2021-03-23 15:25:14.358,16132,16133,16133,1
2021-03-23 15:25:22.723,16132,16133,16132,1
2021-03-23 15:25:22.724,16132,16133,16132,3
2021-03-23 15:25:22.724,16132,16133,16132,1
2021-03-23 15:25:23.077,16131,16133,16133,1
2021-03-23 15:25:23.182,16132,16133,16133,1
2021-03-23 15:25:24.888,16132,16133,16132,1
2021-03-23 15:25:37.455,16130,16131,16130,6
2021-03-23 15:25:43.858,16129,16130,16130,1
2021-03-23 15:25:43.858,16129,16130,16130,1
2021-03-23 15:25:43.931,16129,16131,16131,1
2021-03-23 15:25:48.519,16130,16131,16130,1
2021-03-23 15:25:50.236,16129,16130,16130,1
2021-03-23 15:25:51.380,16129,16130,16130,1
2021-03-23 15:25:54.578,16130,16131,16130,1
2021-03-23 15:25:56.008,16130,16131,16130,1
2021-03-23 15:25:57.114,16130,16131,16130,1
2021-03-23 15:26:01.648,16130,16131,16130,5
2021-03-23 15:26:01.648,16130,16131,16129,5
2021-03-23 15:26:13.695,16129,16130,16129,1
2021-03-23 15:26:16.338,16128,16129,16128,3
2021-03-23 15:26:16.430,16127,16128,16128,1
2021-03-23 15:26:16.431,16127,16128,16128,1
2021-03-23 15:26:35.301,16128,16130,16128,1
2021-03-23 15:26:35.301,16128,16130,16128,4
2021-03-23 15:26:38.353,16127,16128,16128,1
2021-03-23 15:26:51.264,16128,16129,16128,1
2021-03-23 15:26:51.264,16128,16129,16127,12
2021-03-23 15:26:51.265,16128,16129,16127,5
2021-03-23 15:26:51.266,16128,16129,16127,3
2021-03-23 15:26:51.306,16127,16129,16129,1
2021-03-23 15:26:51.310,16127,16129,16129,1
2021-03-23 15:26:51.576,16127,16129,16129,1
2021-03-23 15:27:12.516,16128,16129,16127,1
2021-03-23 15:27:21.440,16128,16129,16128,1
2021-03-23 15:27:27.774,16128,16129,16129,1
2021-03-23 15:27:32.529,16128,16129,16128,1
2021-03-23 15:27:51.704,16128,16129,16129,3
2021-03-23 15:28:06.230,16129,16130,16130,1
2021-03-23 15:28:06.230,16129,16130,16130,1
2021-03-23 15:28:06.230,16129,16130,16130,1
2021-03-23 15:28:06.231,16129,16130,16130,1
2021-03-23 15:28:06.231,16129,16130,16130,1
2021-03-23 15:28:06.231,16129,16130,16130,1
2021-03-23 15:28:21.326,16129,16130,16130,1
2021-03-23 15:28:26.059,16129,16130,16130,1
2021-03-23 15:28:27.252,16129,16131,16131,1
2021-03-23 15:28:27.305,16129,16131,16131,1
2021-03-23 15:28:27.305,16129,16131,16131,1
2021-03-23 15:28:27.306,16129,16131,16132,1
2021-03-23 15:28:27.306,16129,16131,16132,1
2021-03-23 15:28:31.914,16129,16131,16131,3
2021-03-23 15:28:31.914,16129,16131,16132,2
2021-03-23 15:28:34.554,16129,16131,16129,1
2021-03-23 15:28:57.902,16131,16132,16131,1
2021-03-23 15:28:58.614,16130,16132,16130,1
2021-03-23 15:29:08.144,16130,16132,16130,1
2021-03-23 15:29:10.531,16129,16131,16129,3
2021-03-23 15:29:20.680,16130,16131,16131,1
2021-03-23 15:29:23.094,16131,16132,16131,1
2021-03-23 15:29:23.180,16131,16132,16132,1
2021-03-23 15:29:23.181,16131,16132,16132,1
2021-03-23 15:29:58.384,16129,16132,16131,1
2021-03-23 15:30:00.842,16129,16130,16130,1
2021-03-23 15:30:00.944,16129,16130,16130,1
2021-03-23 15:30:14.708,16130,16132,16130,2
2021-03-23 15:30:15.255,16130,16131,16131,1
2021-03-23 15:30:15.262,16130,16131,16131,1
2021-03-23 15:30:15.305,16130,16131,16131,1
2021-03-23 15:30:15.305,16130,16131,16131,1
2021-03-23 15:30:18.468,16130,16131,16130,1
2021-03-23 15:30:18.468,16130,16131,16130,5
2021-03-23 15:30:19.569,16129,16130,16129,3
2021-03-23 15:30:19.681,16128,16130,16130,1
2021-03-23 15:30:19.682,16128,16130,16130,1
2021-03-23 15:30:21.083,16128,16130,16128,1
2021-03-23 15:30:33.861,16128,16129,16129,1
2021-03-23 15:30:36.786,16129,16130,16129,1
2021-03-23 15:30:36.805,16129,16130,16130,1
2021-03-23 15:30:37.387,16129,16130,16129,1
2021-03-23 15:30:40.007,16129,16130,16129,2
2021-03-23 15:30:49.420,16128,16129,16129,1
2021-03-23 15:30:50.542,16129,16130,16129,1
2021-03-23 15:30:57.471,16129,16130,16130,1
2021-03-23 15:31:01.673,16130,16131,16131,2
2021-03-23 15:31:01.681,16131,16132,16132,1
2021-03-23 15:31:01.682,16131,16132,16132,1
2021-03-23 15:31:01.682,16131,16132,16132,1
2021-03-23 15:31:01.688,16131,16132,16132,1
2021-03-23 15:31:01.970,16132,16133,16133,3
2021-03-23 15:31:02.361,16133,16134,16133,1
2021-03-23 15:31:09.096,16130,16132,16132,1
2021-03-23 15:31:10.170,16130,16132,16130,2
2021-03-23 15:31:10.294,16130,16131,16130,1
2021-03-23 15:31:36.365,16131,16132,16131,1
2021-03-23 15:31:41.708,16131,16132,16132,2
2021-03-23 15:31:59.178,16131,16132,16131,1
2021-03-23 15:31:59.197,16131,16132,16131,1
2021-03-23 15:32:00.689,16130,16131,16131,1
2021-03-23 15:32:21.782,16130,16131,16131,1
2021-03-23 15:32:24.253,16131,16132,16131,1
2021-03-23 15:32:27.109,16131,16132,16132,1
2021-03-23 15:32:27.109,16131,16132,16132,3
2021-03-23 15:32:27.110,16131,16132,16132,2
2021-03-23 15:32:33.320,16132,16133,16132,1
2021-03-23 15:32:35.950,16132,16133,16133,1
2021-03-23 15:32:35.953,16132,16133,16133,1
2021-03-23 15:32:35.956,16132,16133,16133,2
2021-03-23 15:32:40.833,16133,16134,16133,1
2021-03-23 15:32:52.736,16132,16133,16132,1
2021-03-23 15:33:00.521,16131,16132,16132,1
2021-03-23 15:33:00.783,16131,16132,16132,1
2021-03-23 15:33:00.813,16131,16132,16132,1
2021-03-23 15:33:07.939,16131,16132,16131,1
2021-03-23 15:33:22.113,16130,16131,16131,2
2021-03-23 15:33:35.102,16131,16132,16132,2
2021-03-23 15:33:35.103,16131,16132,16132,2
2021-03-23 15:34:07.949,16132,16133,16133,1
2021-03-23 15:34:17.711,16132,16133,16133,2
2021-03-23 15:34:17.996,16133,16134,16134,1
2021-03-23 15:34:17.996,16133,16134,16134,1
2021-03-23 15:34:17.996,16133,16134,16134,1
2021-03-23 15:34:17.996,16133,16134,16134,1
2021-03-23 15:34:17.996,16133,16134,16134,10
2021-03-23 15:34:18.172,16134,16135,16135,2
2021-03-23 15:34:18.254,16134,16135,16135,1
2021-03-23 15:34:18.365,16134,16135,16135,1
2021-03-23 15:34:18.414,16134,16135,16135,1
2021-03-23 15:34:18.652,16134,16135,16135,2
2021-03-23 15:34:21.524,16133,16135,16135,1
2021-03-23 15:34:32.627,16133,16134,16134,1
2021-03-23 15:34:32.785,16133,16134,16134,1
2021-03-23 15:34:36.599,16133,16134,16134,1
2021-03-23 15:34:37.132,16133,16134,16134,1
2021-03-23 15:34:39.688,16134,16135,16135,16
2021-03-23 15:34:39.688,16134,16135,16136,5
2021-03-23 15:34:39.808,16135,16136,16136,9
2021-03-23 15:34:43.616,16136,16137,16136,2
2021-03-23 15:34:43.740,16136,16137,16137,1
2021-03-23 15:34:43.766,16136,16137,16136,1
2021-03-23 15:34:43.822,16136,16137,16137,1
2021-03-23 15:34:49.059,16136,16137,16136,2
2021-03-23 15:34:49.059,16136,16137,16136,1
2021-03-23 15:34:49.059,16136,16137,16136,4
2021-03-23 15:34:49.059,16136,16137,16136,1
2021-03-23 15:34:49.059,16136,16137,16136,1
2021-03-23 15:34:49.858,16134,16136,16136,1
2021-03-23 15:34:53.274,16134,16135,16134,1
2021-03-23 15:34:53.274,16134,16135,16134,5
2021-03-23 15:34:53.951,16133,16134,16133,1
2021-03-23 15:34:57.630,16133,16134,16134,1
2021-03-23 15:35:05.899,16134,16135,16134,1
2021-03-23 15:35:06.179,16134,16135,16134,1
2021-03-23 15:35:06.179,16134,16135,16134,3
2021-03-23 15:35:09.063,16133,16134,16134,1
2021-03-23 15:35:09.063,16133,16134,16134,5
2021-03-23 15:35:10.304,16133,16135,16133,1
2021-03-23 15:35:11.656,16133,16134,16133,1
2021-03-23 15:35:12.839,16132,16134,16134,3
2021-03-23 15:35:13.395,16132,16134,16134,3
2021-03-23 15:35:13.536,16132,16134,16134,1
2021-03-23 15:35:13.871,16132,16134,16134,2
2021-03-23 15:35:13.871,16132,16134,16134,1
2021-03-23 15:35:14.054,16133,16134,16133,1
2021-03-23 15:35:14.309,16132,16134,16134,2
2021-03-23 15:35:14.310,16132,16134,16134,1
2021-03-23 15:35:20.298,16132,16134,16132,2
2021-03-23 15:35:20.417,16132,16134,16134,4
2021-03-23 15:35:21.304,16133,16134,16133,1
2021-03-23 15:35:29.756,16133,16134,16133,6
2021-03-23 15:35:29.764,16133,16134,16132,3
2021-03-23 15:35:29.804,16132,16133,16132,1
2021-03-23 15:35:41.304,16132,16133,16132,2
2021-03-23 15:35:46.198,16131,16132,16132,1
2021-03-23 15:35:51.217,16131,16132,16132,1
2021-03-23 15:35:51.247,16131,16132,16132,2
2021-03-23 15:36:00.444,16131,16132,16132,1
2021-03-23 15:36:08.171,16131,16132,16131,1
2021-03-23 15:36:08.775,16131,16132,16131,2
2021-03-23 15:36:14.410,16131,16132,16131,1
2021-03-23 15:36:14.431,16130,16132,16132,1
2021-03-23 15:36:22.925,16131,16132,16132,2
2021-03-23 15:36:22.926,16131,16132,16132,2
2021-03-23 15:36:22.926,16131,16132,16132,2
2021-03-23 15:36:25.804,16132,16133,16133,1
2021-03-23 15:36:27.161,16133,16134,16134,1
2021-03-23 15:36:31.499,16133,16134,16133,1
2021-03-23 15:36:31.555,16133,16134,16134,1
2021-03-23 15:36:31.556,16133,16134,16134,1
2021-03-23 15:36:31.556,16133,16134,16134,1
2021-03-23 15:36:33.564,16133,16134,16134,2
2021-03-23 15:36:35.889,16133,16134,16134,5
2021-03-23 15:36:43.050,16134,16135,16134,2
2021-03-23 15:36:43.050,16134,16135,16133,6
2021-03-23 15:37:04.134,16132,16133,16132,3
2021-03-23 15:37:24.180,16131,16132,16132,1
2021-03-23 15:37:24.180,16131,16132,16132,4
2021-03-23 15:37:24.180,16131,16132,16132,1
2021-03-23 15:37:24.180,16131,16132,16132,1
2021-03-23 15:37:24.181,16131,16132,16132,3
2021-03-23 15:37:49.786,16131,16132,16131,17
2021-03-23 15:38:32.385,16130,16131,16131,1
2021-03-23 15:38:33.879,16130,16131,16131,12
2021-03-23 15:38:33.879,16130,16131,16132,8
2021-03-23 15:38:33.880,16130,16131,16132,2
2021-03-23 15:38:55.547,16131,16132,16131,2
2021-03-23 15:38:55.547,16131,16132,16131,1
2021-03-23 15:38:55.547,16131,16132,16131,1
2021-03-23 15:38:55.548,16131,16132,16131,1
2021-03-23 15:38:59.753,16131,16132,16131,1
2021-03-23 15:39:00.585,16131,16132,16131,1
2021-03-23 15:39:00.646,16131,16132,16131,1
2021-03-23 15:39:00.682,16130,16131,16131,1
2021-03-23 15:39:00.682,16130,16131,16132,1
2021-03-23 15:39:00.682,16130,16131,16131,1
2021-03-23 15:39:00.683,16130,16131,16132,1
2021-03-23 15:39:02.666,16130,16131,16131,1
2021-03-23 15:39:02.680,16130,16131,16131,1
2021-03-23 15:39:02.681,16130,16131,16131,1
2021-03-23 15:39:02.681,16130,16131,16132,1
2021-03-23 15:39:02.681,16130,16131,16132,1
2021-03-23 15:39:02.681,16130,16131,16132,1
2021-03-23 15:39:02.681,16130,16131,16132,1
2021-03-23 15:39:02.681,16130,16131,16132,1
2021-03-23 15:39:02.681,16130,16131,16132,1
2021-03-23 15:39:02.681,16130,16131,16132,1
2021-03-23 15:39:02.682,16130,16131,16132,1
2021-03-23 15:39:02.682,16130,16131,16132,1
2021-03-23 15:39:02.685,16130,16131,16132,1
2021-03-23 15:39:02.685,16130,16131,16132,1
2021-03-23 15:39:07.134,16131,16132,16132,1
2021-03-23 15:39:09.456,16132,16133,16132,1
2021-03-23 15:39:09.555,16132,16133,16133,1
2021-03-23 15:39:09.556,16132,16133,16133,1
2021-03-23 15:39:09.556,16132,16133,16133,1
2021-03-23 15:39:09.556,16132,16133,16134,1
2021-03-23 15:39:09.556,16132,16133,16134,1
2021-03-23 15:39:09.556,16132,16133,16134,1
2021-03-23 15:39:25.301,16132,16134,16134,2
2021-03-23 15:39:29.454,16133,16134,16134,3
2021-03-23 15:39:29.555,16133,16135,16135,1
2021-03-23 15:39:29.556,16133,16135,16135,1
2021-03-23 15:39:29.556,16133,16135,16135,1
2021-03-23 15:39:29.556,16133,16135,16135,1
2021-03-23 15:39:29.556,16133,16135,16135,1
2021-03-23 15:39:29.556,16133,16135,16135,1
2021-03-23 15:39:36.763,16133,16135,16133,1
2021-03-23 15:39:36.805,16133,16135,16135,2
2021-03-23 15:39:36.805,16133,16135,16135,1
2021-03-23 15:39:36.805,16133,16135,16135,1
2021-03-23 15:39:36.805,16133,16135,16135,1
2021-03-23 15:39:36.806,16133,16135,16135,1
2021-03-23 15:39:37.483,16133,16135,16135,2
2021-03-23 15:39:39.967,16133,16134,16133,1
2021-03-23 15:39:47.528,16133,16134,16134,1
2021-03-23 15:39:47.529,16133,16134,16134,1
2021-03-23 15:39:56.898,16133,16134,16134,1
2021-03-23 15:39:56.930,16134,16135,16135,1
2021-03-23 15:39:59.713,16134,16135,16135,3
2021-03-23 15:40:01.187,16134,16135,16134,1
2021-03-23 15:40:01.616,16134,16135,16135,1
2021-03-23 15:40:01.659,16134,16135,16135,1
2021-03-23 15:40:01.980,16134,16135,16135,2
2021-03-23 15:40:01.980,16134,16135,16136,1
2021-03-23 15:40:08.033,16134,16135,16135,1
2021-03-23 15:40:11.422,16134,16135,16135,1
2021-03-23 15:40:16.696,16134,16135,16134,4
2021-03-23 15:40:28.154,16133,16134,16134,2
2021-03-23 15:40:29.506,16133,16135,16133,1
2021-03-23 15:40:29.507,16133,16135,16133,1
2021-03-23 15:40:29.507,16133,16135,16133,3
2021-03-23 15:40:29.507,16133,16135,16133,1
2021-03-23 15:40:29.507,16133,16135,16133,1
2021-03-23 15:40:29.507,16133,16135,16133,1
2021-03-23 15:40:29.507,16133,16135,16133,1
2021-03-23 15:40:29.507,16133,16135,16133,1
2021-03-23 15:40:29.507,16133,16135,16133,2
2021-03-23 15:40:39.998,16133,16134,16133,1
2021-03-23 15:40:41.030,16133,16134,16134,3
2021-03-23 15:40:41.031,16133,16134,16134,1
2021-03-23 15:40:41.032,16133,16134,16134,2
2021-03-23 15:40:41.032,16133,16134,16134,9
2021-03-23 15:40:46.155,16133,16134,16133,1
2021-03-23 15:40:46.823,16132,16133,16133,3
2021-03-23 15:40:48.792,16132,16133,16133,1
2021-03-23 15:40:56.929,16132,16133,16132,5
2021-03-23 15:41:03.391,16131,16132,16132,1
2021-03-23 15:41:23.886,16132,16133,16132,5
2021-03-23 15:41:24.023,16132,16133,16133,1
2021-03-23 15:41:24.023,16132,16133,16134,1
2021-03-23 15:41:24.037,16132,16133,16134,2
2021-03-23 15:41:36.462,16133,16134,16134,2
2021-03-23 15:41:36.463,16133,16134,16134,1
2021-03-23 15:41:56.624,16133,16134,16134,1
2021-03-23 15:42:07.968,16133,16134,16134,3
2021-03-23 15:42:07.968,16133,16134,16134,1
2021-03-23 15:42:07.968,16133,16134,16134,1
2021-03-23 15:42:10.301,16134,16135,16135,1
2021-03-23 15:42:10.302,16134,16135,16135,4
2021-03-23 15:43:08.610,16134,16135,16134,2
2021-03-23 15:43:24.902,16134,16135,16134,1
2021-03-23 15:43:33.680,16134,16135,16134,2
2021-03-23 15:43:48.734,16134,16135,16135,1
2021-03-23 15:44:00.508,16134,16135,16135,1
2021-03-23 15:44:06.253,16134,16135,16134,1
2021-03-23 15:44:07.055,16134,16135,16134,2
2021-03-23 15:44:11.386,16134,16135,16134,1
2021-03-23 15:44:11.989,16134,16135,16135,2
2021-03-23 15:44:19.220,16134,16135,16134,2
2021-03-23 15:44:20.660,16133,16134,16134,1
2021-03-23 15:44:27.807,16133,16134,16134,1
2021-03-23 15:44:30.606,16133,16134,16134,1
2021-03-23 15:44:30.870,16133,16134,16134,1
2021-03-23 15:44:48.951,16133,16134,16133,1
2021-03-23 15:44:48.951,16133,16134,16133,1
2021-03-23 15:44:48.951,16133,16134,16133,1
2021-03-23 15:45:27.398,16133,16134,16134,5
2021-03-23 15:45:27.517,16133,16135,16134,1
2021-03-23 15:45:29.184,16133,16134,16134,1
2021-03-23 15:45:29.305,16133,16134,16134,1
2021-03-23 15:45:51.860,16133,16135,16135,1
2021-03-23 15:46:05.844,16134,16135,16134,1
2021-03-23 15:46:05.933,16133,16134,16134,1
2021-03-23 15:46:16.189,16133,16134,16133,13
2021-03-23 15:46:20.231,16132,16133,16133,2
2021-03-23 15:46:30.365,16132,16133,16132,1
2021-03-23 15:46:32.330,16132,16133,16133,1
2021-03-23 15:46:33.511,16132,16133,16132,1
2021-03-23 15:46:36.318,16132,16133,16132,1
2021-03-23 15:46:44.204,16132,16133,16132,1
2021-03-23 15:46:44.305,16132,16133,16133,1
2021-03-23 15:46:58.849,16132,16133,16132,1
2021-03-23 15:47:00.543,16131,16132,16132,1
2021-03-23 15:47:04.166,16132,16133,16132,1
2021-03-23 15:47:04.167,16132,16133,16132,1
2021-03-23 15:47:05.221,16131,16132,16131,6
2021-03-23 15:47:13.300,16131,16133,16131,6
2021-03-23 15:47:28.465,16130,16131,16130,1
2021-03-23 15:47:28.466,16130,16131,16130,1
2021-03-23 15:47:28.466,16130,16131,16130,3
2021-03-23 15:47:28.466,16130,16131,16130,3
2021-03-23 15:47:30.604,16130,16131,16130,1
2021-03-23 15:47:34.133,16130,16131,16131,1
2021-03-23 15:47:35.457,16130,16131,16130,2
2021-03-23 15:47:35.624,16130,16131,16130,2
2021-03-23 15:47:36.057,16130,16131,16130,2
2021-03-23 15:47:43.455,16130,16131,16130,1
2021-03-23 15:47:49.798,16129,16130,16129,3
2021-03-23 15:47:50.022,16129,16130,16130,1
2021-03-23 15:47:50.032,16129,16130,16129,1
2021-03-23 15:47:51.140,16129,16130,16129,1
2021-03-23 15:47:51.140,16129,16130,16128,2
2021-03-23 15:47:52.929,16129,16130,16130,1
2021-03-23 15:47:54.054,16130,16131,16131,2
2021-03-23 15:47:54.142,16130,16131,16130,1
2021-03-23 15:47:54.735,16130,16132,16130,2
2021-03-23 15:47:55.126,16130,16132,16130,1
2021-03-23 15:47:59.179,16130,16131,16131,1
2021-03-23 15:48:01.359,16130,16131,16130,1
2021-03-23 15:48:01.359,16130,16131,16129,1
2021-03-23 15:48:04.804,16130,16131,16131,1
2021-03-23 15:48:21.520,16130,16131,16131,2
2021-03-23 15:48:21.521,16130,16131,16131,2
2021-03-23 15:48:28.035,16130,16131,16131,1
2021-03-23 15:48:32.169,16130,16132,16130,5
2021-03-23 15:48:44.179,16129,16130,16130,1
2021-03-23 15:49:03.638,16128,16130,16128,1
2021-03-23 15:49:09.457,16128,16130,16128,1
2021-03-23 15:49:13.286,16128,16130,16128,1
2021-03-23 15:49:23.422,16128,16129,16128,2
2021-03-23 15:49:23.525,16128,16129,16129,1
2021-03-23 15:49:29.768,16129,16130,16129,1
2021-03-23 15:49:43.797,16129,16130,16130,1
2021-03-23 15:50:06.857,16129,16130,16129,3
2021-03-23 15:50:07.822,16128,16129,16128,1
2021-03-23 15:50:08.491,16128,16129,16128,2
2021-03-23 15:50:31.488,16128,16129,16129,1
2021-03-23 15:50:45.985,16128,16129,16128,1
2021-03-23 15:50:45.986,16128,16129,16128,1
2021-03-23 15:50:45.986,16128,16129,16128,7
2021-03-23 15:51:12.569,16127,16128,16127,3
2021-03-23 15:51:12.710,16127,16128,16127,1
2021-03-23 15:51:29.847,16127,16128,16128,1
2021-03-23 15:51:29.848,16127,16128,16128,1
2021-03-23 15:51:37.467,16128,16129,16129,1
2021-03-23 15:51:44.323,16129,16130,16129,1
2021-03-23 15:52:17.911,16128,16129,16128,2
2021-03-23 15:52:17.912,16128,16129,16128,1
2021-03-23 15:52:24.369,16127,16128,16128,1
2021-03-23 15:52:27.293,16128,16129,16128,1
2021-03-23 15:52:27.516,16128,16129,16129,2
2021-03-23 15:52:28.534,16128,16129,16128,1
2021-03-23 15:52:30.919,16128,16129,16129,2
2021-03-23 15:52:35.098,16129,16130,16129,1
2021-03-23 15:52:43.449,16128,16129,16128,1
2021-03-23 15:52:43.450,16128,16129,16128,1
2021-03-23 15:52:43.450,16128,16129,16128,1
2021-03-23 15:52:47.804,16127,16128,16128,1
2021-03-23 15:52:48.068,16127,16128,16128,1
2021-03-23 15:52:50.276,16127,16128,16127,1
2021-03-23 15:52:50.475,16127,16128,16128,1
2021-03-23 15:52:54.057,16127,16128,16127,1
2021-03-23 15:52:54.585,16127,16128,16127,1
2021-03-23 15:52:54.779,16126,16128,16127,3
2021-03-23 15:53:11.290,16127,16128,16127,1
2021-03-23 15:53:21.369,16127,16128,16127,1
2021-03-23 15:53:28.514,16127,16128,16127,1
2021-03-23 15:53:32.079,16127,16128,16127,1
2021-03-23 15:54:14.559,16128,16129,16129,2
2021-03-23 15:54:23.367,16128,16130,16130,1
2021-03-23 15:54:43.743,16129,16130,16129,1
2021-03-23 15:54:45.741,16128,16129,16129,1
2021-03-23 15:54:46.925,16128,16129,16128,1
2021-03-23 15:54:46.925,16128,16129,16128,1
2021-03-23 15:54:51.728,16127,16128,16127,4
2021-03-23 15:55:14.746,16127,16128,16127,1
2021-03-23 15:55:45.581,16128,16129,16128,4
2021-03-23 15:55:45.581,16128,16129,16127,1
2021-03-23 15:55:46.413,16128,16129,16128,1
2021-03-23 15:55:47.086,16127,16129,16128,1
2021-03-23 15:55:55.526,16128,16129,16128,1
2021-03-23 15:56:04.052,16128,16129,16128,1
2021-03-23 15:56:09.386,16128,16129,16129,2
2021-03-23 15:56:09.662,16129,16130,16129,1
2021-03-23 15:56:18.600,16129,16130,16129,1
2021-03-23 15:56:19.113,16129,16130,16129,1
2021-03-23 15:56:25.088,16128,16130,16128,1
2021-03-23 15:56:35.153,16128,16130,16128,1
2021-03-23 15:56:57.510,16128,16129,16129,1
2021-03-23 15:57:00.488,16128,16129,16129,3
2021-03-23 15:57:01.039,16129,16130,16129,1
2021-03-23 15:57:26.116,16129,16130,16129,1
2021-03-23 15:57:33.854,16129,16130,16129,1
2021-03-23 15:57:37.225,16129,16130,16129,1
2021-03-23 15:57:39.674,16128,16130,16130,7
2021-03-23 15:57:39.741,16130,16131,16130,1
2021-03-23 15:57:40.452,16130,16131,16130,1
2021-03-23 15:57:42.680,16130,16131,16130,1
2021-03-23 15:57:47.368,16130,16131,16130,1
2021-03-23 15:57:53.725,16129,16131,16130,1
2021-03-23 15:57:56.334,16129,16131,16131,1
2021-03-23 15:57:57.641,16130,16131,16131,1
2021-03-23 15:58:00.470,16130,16131,16131,2
2021-03-23 15:58:29.016,16130,16131,16131,5
2021-03-23 15:58:29.016,16130,16131,16131,1
2021-03-23 15:58:29.016,16130,16131,16131,1
2021-03-23 15:58:29.016,16130,16131,16131,1
2021-03-23 15:58:29.016,16130,16131,16131,1
2021-03-23 15:58:39.480,16131,16132,16132,2
2021-03-23 15:58:40.288,16131,16132,16132,1
2021-03-23 15:58:43.420,16130,16132,16132,1
2021-03-23 15:58:43.883,16130,16132,16132,2
2021-03-23 15:58:44.309,16130,16132,16131,1
2021-03-23 15:58:45.275,16130,16132,16130,5
2021-03-23 15:58:45.276,16130,16132,16130,1
2021-03-23 15:59:01.110,16130,16132,16130,2
2021-03-23 15:59:16.818,16129,16130,16129,1
2021-03-23 15:59:17.302,16129,16130,16129,1
2021-03-23 15:59:17.303,16129,16130,16129,1
2021-03-23 15:59:19.148,16128,16130,16130,1
2021-03-23 15:59:23.981,16129,16130,16129,1
2021-03-23 15:59:35.560,16129,16130,16129,1
2021-03-23 15:59:45.054,16129,16130,16129,1
2021-03-23 15:59:45.628,16128,16129,16128,1
2021-03-23 15:59:51.820,16128,16130,16128,2
2021-03-23 15:59:52.031,16128,16130,16128,1
2021-03-23 15:59:52.525,16128,16130,16128,1
2021-03-23 15:59:53.033,16128,16130,16128,1
2021-03-23 15:59:53.457,16128,16130,16128,1
2021-03-23 15:59:54.081,16128,16130,16128,1
2021-03-23 15:59:54.526,16128,16130,16128,1
2021-03-23 15:59:54.679,16128,16129,16128,3
2021-03-23 15:59:58.913,16129,16130,16130,1
2021-03-23 15:59:58.914,16129,16130,16130,1
2021-03-23 16:00:05.057,16129,16130,16130,1
2021-03-23 16:00:05.334,16128,16130,16130,1
2021-03-23 16:00:05.464,16128,16130,16128,1
2021-03-23 16:00:05.473,16128,16130,16127,1
2021-03-23 16:00:05.506,16128,16130,16128,2
2021-03-23 16:00:05.658,16127,16129,16127,12
2021-03-23 16:00:05.658,16127,16129,16126,3
2021-03-23 16:00:05.840,16126,16128,16126,1
2021-03-23 16:00:05.850,16126,16128,16126,1
2021-03-23 16:00:05.917,16126,16128,16126,1
2021-03-23 16:00:06.115,16126,16128,16126,1
2021-03-23 16:00:06.192,16126,16128,16126,3
2021-03-23 16:00:06.322,16126,16128,16126,1
2021-03-23 16:00:06.341,16126,16128,16126,1
2021-03-23 16:00:06.900,16126,16128,16128,1
2021-03-23 16:00:07.291,16126,16128,16126,1
2021-03-23 16:00:07.357,16126,16128,16126,2
2021-03-23 16:00:17.825,16127,16128,16128,1
2021-03-23 16:00:17.825,16127,16128,16129,1
2021-03-23 16:00:18.334,16128,16129,16128,1
2021-03-23 16:00:19.276,16127,16130,16127,1
2021-03-23 16:00:27.679,16126,16127,16126,1
2021-03-23 16:00:33.067,16126,16127,16126,2
2021-03-23 16:00:37.941,16126,16127,16127,1
2021-03-23 16:00:52.909,16126,16127,16127,1
2021-03-23 16:00:53.009,16126,16127,16127,1
2021-03-23 16:00:57.466,16127,16128,16128,3
2021-03-23 16:00:58.346,16127,16128,16128,1
2021-03-23 16:01:02.415,16128,16129,16128,1
2021-03-23 16:01:02.416,16128,16129,16128,1
2021-03-23 16:01:02.809,16127,16129,16127,6
2021-03-23 16:01:02.810,16127,16129,16127,2
2021-03-23 16:01:10.243,16127,16128,16127,1
2021-03-23 16:01:10.306,16126,16127,16127,1
2021-03-23 16:01:11.103,16126,16127,16126,1
2021-03-23 16:01:15.847,16126,16127,16126,1
2021-03-23 16:01:15.848,16126,16127,16126,1
2021-03-23 16:01:15.848,16126,16127,16126,1
2021-03-23 16:01:15.848,16126,16127,16126,1
2021-03-23 16:01:15.848,16126,16127,16126,1
2021-03-23 16:01:15.848,16126,16127,16126,2
2021-03-23 16:01:15.848,16126,16127,16126,4
2021-03-23 16:01:15.848,16126,16127,16126,1
2021-03-23 16:01:15.848,16126,16127,16126,1
2021-03-23 16:01:24.144,16125,16126,16126,1
2021-03-23 16:01:26.882,16126,16127,16127,1
2021-03-23 16:01:26.930,16127,16128,16128,1
2021-03-23 16:01:26.931,16127,16128,16129,1
2021-03-23 16:01:26.931,16127,16128,16129,1
2021-03-23 16:01:27.887,16127,16129,16127,1
2021-03-23 16:01:27.930,16127,16129,16129,1
2021-03-23 16:01:29.109,16126,16127,16126,1
2021-03-23 16:01:29.438,16126,16127,16126,1
2021-03-23 16:01:31.158,16126,16127,16126,1
2021-03-23 16:01:37.634,16126,16127,16126,1
2021-03-23 16:01:37.634,16126,16127,16126,2
2021-03-23 16:01:48.604,16126,16127,16127,1
2021-03-23 16:01:48.681,16127,16128,16128,1
2021-03-23 16:02:03.737,16126,16127,16126,1
2021-03-23 16:02:03.806,16125,16126,16126,1
2021-03-23 16:02:06.352,16126,16127,16126,1
2021-03-23 16:02:10.731,16125,16126,16125,1
2021-03-23 16:02:10.923,16125,16126,16125,4
2021-03-23 16:02:10.976,16125,16126,16125,2
2021-03-23 16:02:10.976,16125,16126,16124,2
2021-03-23 16:02:11.099,16124,16125,16125,1
2021-03-23 16:02:11.137,16124,16125,16127,1
2021-03-23 16:02:11.289,16125,16127,16127,1
2021-03-23 16:02:11.399,16125,16127,16125,1
2021-03-23 16:02:14.047,16124,16125,16124,1
2021-03-23 16:02:14.047,16124,16125,16124,1
2021-03-23 16:02:14.047,16124,16125,16124,4
2021-03-23 16:02:14.047,16124,16125,16124,2
2021-03-23 16:02:14.047,16124,16125,16124,2
2021-03-23 16:02:19.721,16124,16125,16124,2
2021-03-23 16:02:20.142,16124,16125,16124,2
2021-03-23 16:02:21.486,16124,16126,16124,1
2021-03-23 16:02:26.355,16125,16127,16127,1
2021-03-23 16:02:32.017,16125,16127,16125,1
2021-03-23 16:02:35.077,16126,16127,16127,1
2021-03-23 16:03:12.194,16125,16126,16125,2
2021-03-23 16:03:16.545,16124,16126,16124,4
2021-03-23 16:03:18.299,16124,16126,16124,1
2021-03-23 16:03:50.786,16124,16126,16125,1
2021-03-23 16:03:52.996,16125,16126,16125,1
2021-03-23 16:03:53.138,16125,16126,16126,2
2021-03-23 16:03:56.632,16126,16127,16127,1
2021-03-23 16:03:56.633,16126,16127,16127,6
2021-03-23 16:03:57.199,16126,16128,16126,1
2021-03-23 16:04:01.709,16125,16127,16127,1
2021-03-23 16:04:17.622,16127,16128,16127,1
2021-03-23 16:04:17.880,16127,16128,16127,3
2021-03-23 16:04:22.315,16127,16128,16127,1
2021-03-23 16:04:33.310,16126,16127,16127,1
2021-03-23 16:04:41.255,16126,16127,16127,1
2021-03-23 16:04:53.225,16126,16127,16127,2
2021-03-23 16:05:04.126,16126,16127,16126,3
2021-03-23 16:05:04.906,16126,16127,16126,1
2021-03-23 16:05:04.906,16126,16127,16126,2
2021-03-23 16:05:04.906,16126,16127,16126,2
2021-03-23 16:05:11.872,16125,16126,16125,1
2021-03-23 16:05:11.872,16125,16126,16125,1
2021-03-23 16:05:11.872,16125,16126,16125,3
2021-03-23 16:05:11.968,16124,16125,16124,1
2021-03-23 16:05:11.968,16124,16125,16124,2
2021-03-23 16:05:11.969,16124,16125,16124,6
2021-03-23 16:05:11.969,16124,16125,16124,6
2021-03-23 16:05:11.969,16124,16125,16124,1
2021-03-23 16:05:11.969,16124,16125,16124,5
2021-03-23 16:05:11.969,16124,16125,16124,1
2021-03-23 16:05:11.970,16124,16125,16124,1
2021-03-23 16:05:12.010,16124,16125,16124,2
2021-03-23 16:05:12.010,16124,16125,16124,4
2021-03-23 16:05:12.011,16124,16125,16124,6
2021-03-23 16:05:12.011,16124,16125,16124,7
2021-03-23 16:05:13.604,16123,16124,16124,1
2021-03-23 16:05:13.605,16123,16124,16124,1
2021-03-23 16:05:13.664,16123,16124,16124,2
2021-03-23 16:05:13.664,16123,16124,16124,4
2021-03-23 16:05:13.664,16123,16124,16124,1
2021-03-23 16:05:13.664,16123,16124,16124,1
2021-03-23 16:05:21.226,16123,16124,16123,10
2021-03-23 16:05:21.321,16122,16123,16122,1
2021-03-23 16:05:21.321,16122,16123,16122,1
2021-03-23 16:05:21.360,16122,16123,16122,1
2021-03-23 16:05:21.452,16122,16123,16123,1
2021-03-23 16:05:21.510,16122,16123,16122,1
2021-03-23 16:05:21.525,16122,16123,16122,1
2021-03-23 16:05:21.526,16122,16123,16122,1
2021-03-23 16:05:22.010,16122,16123,16122,1
2021-03-23 16:05:22.010,16122,16123,16122,1
2021-03-23 16:05:22.010,16122,16123,16122,4
2021-03-23 16:05:22.010,16122,16123,16122,1
2021-03-23 16:05:22.010,16122,16123,16122,1
2021-03-23 16:05:22.010,16122,16123,16122,1
2021-03-23 16:05:22.011,16122,16123,16122,1
2021-03-23 16:05:22.288,16121,16123,16121,1
2021-03-23 16:05:23.478,16121,16122,16121,1
2021-03-23 16:05:23.673,16121,16122,16122,1
2021-03-23 16:05:26.153,16122,16123,16122,1
2021-03-23 16:05:26.492,16121,16122,16122,1
2021-03-23 16:05:26.550,16121,16122,16122,1
2021-03-23 16:05:26.550,16121,16122,16122,1
2021-03-23 16:05:26.837,16121,16123,16122,1
2021-03-23 16:05:28.543,16122,16123,16121,1
2021-03-23 16:05:29.169,16121,16123,16121,1
2021-03-23 16:05:29.553,16121,16122,16121,1
2021-03-23 16:05:30.471,16121,16122,16121,1
2021-03-23 16:05:31.093,16121,16122,16122,1
2021-03-23 16:05:31.096,16121,16122,16122,1
2021-03-23 16:05:31.097,16121,16122,16122,1
2021-03-23 16:05:31.097,16121,16122,16122,1
2021-03-23 16:05:31.097,16121,16122,16122,1
2021-03-23 16:05:31.221,16121,16123,16121,9
2021-03-23 16:05:31.222,16121,16123,16121,1
2021-03-23 16:05:34.466,16121,16123,16121,1
2021-03-23 16:05:35.383,16121,16123,16121,1
2021-03-23 16:05:37.374,16121,16122,16122,1
2021-03-23 16:05:37.374,16121,16122,16122,2
2021-03-23 16:05:37.374,16121,16122,16122,1
2021-03-23 16:05:37.375,16121,16122,16122,2
2021-03-23 16:05:37.375,16121,16122,16122,3
2021-03-23 16:05:37.554,16122,16123,16122,4
2021-03-23 16:05:38.632,16121,16122,16122,1
2021-03-23 16:05:39.206,16121,16123,16121,1
2021-03-23 16:05:40.070,16121,16122,16121,1
2021-03-23 16:05:40.070,16121,16122,16121,1
2021-03-23 16:05:40.672,16121,16122,16121,1
2021-03-23 16:05:48.636,16121,16123,16121,1
2021-03-23 16:05:51.866,16121,16122,16121,1
2021-03-23 16:05:52.699,16121,16122,16121,1
2021-03-23 16:05:53.654,16121,16122,16121,3
2021-03-23 16:05:53.654,16121,16122,16120,2
2021-03-23 16:05:53.894,16120,16122,16120,1
2021-03-23 16:05:57.443,16121,16122,16121,1
2021-03-23 16:05:57.444,16121,16122,16121,1
2021-03-23 16:05:58.521,16121,16122,16121,1
2021-03-23 16:05:58.521,16121,16122,16121,1
2021-03-23 16:05:58.521,16121,16122,16121,1
2021-03-23 16:05:58.521,16121,16122,16121,4
2021-03-23 16:05:58.521,16121,16122,16121,3
2021-03-23 16:06:02.565,16120,16121,16120,1
2021-03-23 16:06:02.565,16120,16121,16120,1
2021-03-23 16:06:03.385,16120,16121,16120,1
2021-03-23 16:06:03.385,16120,16121,16120,1
2021-03-23 16:06:03.386,16120,16121,16120,2
2021-03-23 16:06:03.386,16120,16121,16120,1
2021-03-23 16:06:03.386,16120,16121,16120,2
2021-03-23 16:06:03.386,16120,16121,16120,1
2021-03-23 16:06:03.386,16120,16121,16120,4
2021-03-23 16:06:03.386,16120,16121,16120,1
2021-03-23 16:06:03.386,16120,16121,16120,4
2021-03-23 16:06:03.386,16120,16121,16120,4
2021-03-23 16:06:04.487,16119,16120,16119,3
2021-03-23 16:06:04.487,16119,16120,16119,1
2021-03-23 16:06:04.488,16119,16120,16119,4
2021-03-23 16:06:04.560,16118,16119,16118,10
2021-03-23 16:06:04.560,16118,16119,16118,18
2021-03-23 16:06:04.594,16118,16119,16117,1
2021-03-23 16:06:04.611,16118,16119,16117,1
2021-03-23 16:06:04.611,16118,16119,16117,4
2021-03-23 16:06:04.644,16118,16119,16116,1
2021-03-23 16:06:04.706,16116,16118,16116,1
2021-03-23 16:06:04.708,16116,16118,16116,2
2021-03-23 16:06:04.721,16116,16118,16116,5
2021-03-23 16:06:04.721,16116,16118,16116,7
2021-03-23 16:06:04.722,16116,16118,16115,5
2021-03-23 16:06:04.738,16116,16118,16115,2
2021-03-23 16:06:04.772,16116,16118,16115,1
2021-03-23 16:06:04.798,16116,16118,16117,1
2021-03-23 16:06:04.835,16115,16116,16115,1
2021-03-23 16:06:04.936,16115,16117,16115,1
2021-03-23 16:06:04.943,16115,16117,16115,1
2021-03-23 16:06:04.978,16115,16117,16115,1
2021-03-23 16:06:05.032,16115,16117,16116,1
2021-03-23 16:06:05.033,16115,16117,16116,1
2021-03-23 16:06:05.046,16115,16117,16116,1
2021-03-23 16:06:05.052,16115,16117,16116,1
2021-03-23 16:06:05.054,16115,16117,16115,1
2021-03-23 16:06:05.076,16115,16117,16115,1
2021-03-23 16:06:05.101,16115,16117,16115,1
2021-03-23 16:06:05.143,16115,16117,16115,1
2021-03-23 16:06:05.217,16115,16117,16115,1
2021-03-23 16:06:05.391,16115,16117,16115,2
2021-03-23 16:06:05.523,16115,16117,16115,1
2021-03-23 16:06:06.434,16116,16117,16117,1
2021-03-23 16:06:06.555,16117,16119,16117,1
2021-03-23 16:06:07.300,16116,16118,16116,1
2021-03-23 16:06:08.270,16115,16117,16115,1
2021-03-23 16:06:08.990,16116,16118,16116,1
2021-03-23 16:06:09.035,16116,16118,16116,1
2021-03-23 16:06:09.851,16115,16117,16117,1
2021-03-23 16:06:09.901,16115,16117,16117,1
2021-03-23 16:06:10.476,16116,16117,16116,1
2021-03-23 16:06:10.621,16115,16117,16116,1
2021-03-23 16:06:11.069,16116,16118,16118,4
2021-03-23 16:06:11.069,16116,16118,16119,6
2021-03-23 16:06:11.153,16116,16118,16117,1
2021-03-23 16:06:13.188,16116,16118,16116,1
2021-03-23 16:06:14.133,16116,16118,16117,1
2021-03-23 16:06:15.004,16116,16118,16117,1
2021-03-23 16:06:15.963,16116,16118,16116,1
2021-03-23 16:06:16.155,16116,16118,16118,1
2021-03-23 16:06:16.834,16116,16117,16116,1
2021-03-23 16:06:16.834,16116,16117,16116,1
2021-03-23 16:06:16.835,16116,16117,16116,1
2021-03-23 16:06:17.862,16115,16116,16116,1
2021-03-23 16:06:18.032,16115,16117,16115,1
2021-03-23 16:06:19.178,16115,16117,16115,5
2021-03-23 16:06:19.179,16115,16117,16115,1
2021-03-23 16:06:19.179,16115,16117,16115,1
2021-03-23 16:06:20.554,16114,16115,16114,1
2021-03-23 16:06:20.960,16114,16115,16114,1
2021-03-23 16:06:20.961,16114,16115,16114,1
2021-03-23 16:06:21.029,16114,16115,16114,1
2021-03-23 16:06:21.099,16113,16114,16113,1
2021-03-23 16:06:21.099,16113,16114,16113,1
2021-03-23 16:06:21.165,16113,16114,16114,1
2021-03-23 16:06:21.209,16113,16114,16114,2
2021-03-23 16:06:21.241,16113,16114,16113,1
2021-03-23 16:06:21.870,16113,16114,16113,1
2021-03-23 16:06:21.937,16113,16114,16113,1
2021-03-23 16:06:21.938,16113,16114,16113,1
2021-03-23 16:06:21.958,16113,16114,16113,2
2021-03-23 16:06:22.050,16113,16114,16113,1
2021-03-23 16:06:22.051,16113,16114,16113,1
2021-03-23 16:06:22.099,16113,16114,16113,1
2021-03-23 16:06:22.099,16113,16114,16113,2
2021-03-23 16:06:22.341,16112,16114,16113,1
2021-03-23 16:06:22.341,16112,16114,16113,1
2021-03-23 16:06:22.341,16112,16114,16113,2
2021-03-23 16:06:22.399,16112,16114,16114,1
2021-03-23 16:06:22.400,16112,16114,16114,1
2021-03-23 16:06:22.628,16113,16115,16113,1
2021-03-23 16:06:22.628,16113,16115,16113,1
2021-03-23 16:06:22.640,16113,16115,16114,1
2021-03-23 16:06:23.257,16112,16114,16113,1
2021-03-23 16:06:23.659,16112,16114,16112,2
2021-03-23 16:06:23.710,16112,16114,16112,1
2021-03-23 16:06:23.954,16112,16114,16112,1
2021-03-23 16:06:24.442,16112,16113,16112,2
2021-03-23 16:06:24.443,16112,16113,16112,1
2021-03-23 16:06:24.716,16112,16113,16113,3
2021-03-23 16:06:24.968,16113,16114,16113,2
2021-03-23 16:06:26.747,16112,16113,16112,1
2021-03-23 16:06:26.748,16112,16113,16112,1
2021-03-23 16:06:26.905,16112,16114,16112,1
2021-03-23 16:06:29.632,16112,16113,16112,1
2021-03-23 16:06:29.632,16112,16113,16112,1
2021-03-23 16:06:29.632,16112,16113,16112,1
2021-03-23 16:06:29.632,16112,16113,16112,1
2021-03-23 16:06:29.633,16112,16113,16112,1
2021-03-23 16:06:30.687,16111,16113,16112,1
2021-03-23 16:06:30.972,16111,16113,16113,1
2021-03-23 16:06:31.149,16111,16113,16113,1
2021-03-23 16:06:32.103,16111,16113,16113,1
2021-03-23 16:06:32.659,16111,16113,16112,1
2021-03-23 16:06:32.739,16111,16113,16111,2
2021-03-23 16:06:33.846,16111,16112,16111,1
2021-03-23 16:06:34.188,16111,16112,16111,1
2021-03-23 16:06:34.353,16111,16112,16111,1
2021-03-23 16:06:34.354,16111,16112,16111,1
2021-03-23 16:06:34.381,16111,16112,16111,2
2021-03-23 16:06:34.595,16110,16111,16111,1
2021-03-23 16:06:35.071,16110,16111,16111,1
2021-03-23 16:06:35.370,16110,16111,16111,1
2021-03-23 16:06:35.645,16110,16112,16110,2
2021-03-23 16:06:35.704,16110,16111,16110,1
2021-03-23 16:06:35.730,16110,16111,16110,1
2021-03-23 16:06:35.730,16110,16111,16110,1
2021-03-23 16:06:36.893,16110,16111,16110,1
2021-03-23 16:06:36.893,16110,16111,16110,1
2021-03-23 16:06:36.893,16110,16111,16110,3
2021-03-23 16:06:37.380,16109,16110,16109,1
2021-03-23 16:06:37.390,16109,16110,16110,1
2021-03-23 16:06:38.380,16109,16111,16109,4
2021-03-23 16:06:38.866,16109,16111,16109,1
2021-03-23 16:06:40.281,16109,16110,16110,1
2021-03-23 16:06:40.642,16109,16110,16109,1
2021-03-23 16:06:40.824,16109,16110,16109,3
2021-03-23 16:06:41.184,16109,16110,16109,2
2021-03-23 16:06:41.184,16109,16110,16109,1
2021-03-23 16:06:41.535,16108,16110,16109,1
2021-03-23 16:06:41.540,16108,16110,16109,1
2021-03-23 16:06:42.557,16109,16110,16109,1
2021-03-23 16:06:42.890,16108,16110,16109,1
2021-03-23 16:06:43.185,16108,16110,16108,1
2021-03-23 16:06:43.342,16108,16110,16108,5
2021-03-23 16:06:43.349,16108,16110,16108,8
2021-03-23 16:06:43.349,16108,16110,16107,20
2021-03-23 16:06:43.502,16107,16108,16108,1
2021-03-23 16:06:43.604,16108,16110,16108,1
2021-03-23 16:06:43.716,16108,16110,16108,1
2021-03-23 16:06:43.774,16108,16110,16108,1
2021-03-23 16:06:43.835,16108,16110,16108,1
2021-03-23 16:06:44.070,16108,16110,16109,1
2021-03-23 16:06:44.070,16108,16110,16108,8
2021-03-23 16:06:44.181,16108,16110,16108,6
2021-03-23 16:06:44.181,16108,16110,16107,3
2021-03-23 16:06:44.181,16108,16110,16107,6
2021-03-23 16:06:44.181,16108,16110,16106,3
2021-03-23 16:06:45.122,16108,16109,16108,1
2021-03-23 16:06:45.482,16107,16108,16108,5
2021-03-23 16:06:45.824,16107,16108,16107,1
2021-03-23 16:06:46.109,16107,16108,16108,1
2021-03-23 16:06:46.110,16107,16108,16108,3
2021-03-23 16:06:46.584,16108,16109,16109,1
2021-03-23 16:06:47.518,16108,16109,16108,1
2021-03-23 16:06:47.852,16107,16109,16109,1
2021-03-23 16:06:48.099,16108,16109,16109,1
2021-03-23 16:06:48.617,16107,16109,16109,1
2021-03-23 16:06:50.806,16107,16108,16108,1
2021-03-23 16:06:51.479,16107,16108,16107,1
2021-03-23 16:06:53.096,16107,16108,16107,1
2021-03-23 16:06:53.813,16107,16108,16107,2
2021-03-23 16:06:53.813,16107,16108,16107,1
2021-03-23 16:06:53.813,16107,16108,16107,1
2021-03-23 16:06:53.813,16107,16108,16107,1
2021-03-23 16:06:53.813,16107,16108,16107,1
2021-03-23 16:06:53.878,16107,16108,16107,1
2021-03-23 16:06:56.051,16107,16108,16107,1
2021-03-23 16:06:56.304,16106,16107,16107,1
2021-03-23 16:06:57.283,16106,16107,16107,1
2021-03-23 16:06:57.497,16107,16108,16107,1
2021-03-23 16:06:58.858,16106,16107,16106,3
2021-03-23 16:06:58.921,16106,16107,16107,1
2021-03-23 16:06:59.073,16106,16107,16106,1
2021-03-23 16:06:59.073,16106,16107,16106,1
2021-03-23 16:06:59.073,16106,16107,16106,2
2021-03-23 16:06:59.073,16106,16107,16106,1
2021-03-23 16:06:59.073,16106,16107,16106,3
2021-03-23 16:06:59.073,16106,16107,16106,3
2021-03-23 16:06:59.074,16106,16107,16106,2
2021-03-23 16:07:00.708,16105,16106,16106,2
2021-03-23 16:07:01.009,16105,16107,16105,1
2021-03-23 16:07:01.055,16105,16107,16105,1
2021-03-23 16:07:01.071,16105,16107,16105,60
2021-03-23 16:07:01.071,16105,16107,16105,4
2021-03-23 16:07:01.071,16105,16107,16105,1
2021-03-23 16:07:01.071,16105,16107,16105,1
2021-03-23 16:07:01.072,16105,16107,16105,2
2021-03-23 16:07:01.072,16105,16107,16105,3
2021-03-23 16:07:01.072,16105,16107,16105,1
2021-03-23 16:07:01.072,16105,16107,16105,1
2021-03-23 16:07:01.072,16105,16107,16105,1
2021-03-23 16:07:01.072,16105,16107,16105,1
2021-03-23 16:07:01.075,16105,16107,16105,2
2021-03-23 16:07:01.076,16105,16107,16105,1
2021-03-23 16:07:01.078,16105,16107,16105,4
2021-03-23 16:07:01.079,16105,16107,16105,2
2021-03-23 16:07:01.092,16105,16107,16104,2
2021-03-23 16:07:01.092,16105,16107,16103,15
2021-03-23 16:07:01.092,16105,16107,16102,19
2021-03-23 16:07:01.092,16105,16107,16101,4
2021-03-23 16:07:01.125,16105,16107,16102,3
2021-03-23 16:07:01.192,16101,16103,16101,3
2021-03-23 16:07:01.220,16101,16103,16102,1
2021-03-23 16:07:01.226,16101,16103,16101,4
2021-03-23 16:07:01.257,16101,16103,16101,3
2021-03-23 16:07:01.257,16101,16103,16101,3
2021-03-23 16:07:01.272,16101,16103,16101,2
2021-03-23 16:07:01.272,16101,16103,16101,1
2021-03-23 16:07:01.283,16101,16103,16101,2
2021-03-23 16:07:01.287,16101,16103,16101,1
2021-03-23 16:07:01.304,16101,16102,16102,2
2021-03-23 16:07:01.304,16101,16102,16103,3
2021-03-23 16:07:01.304,16101,16102,16101,3
2021-03-23 16:07:01.304,16101,16102,16100,3
2021-03-23 16:07:01.309,16101,16102,16101,4
2021-03-23 16:07:01.317,16101,16102,16101,1
2021-03-23 16:07:01.355,16101,16102,16101,1
2021-03-23 16:07:01.355,16101,16102,16101,1
2021-03-23 16:07:01.400,16101,16102,16100,6
2021-03-23 16:07:01.415,16101,16102,16100,1
2021-03-23 16:07:01.416,16101,16102,16100,1
2021-03-23 16:07:01.454,16100,16103,16100,3
2021-03-23 16:07:01.468,16100,16103,16100,1
2021-03-23 16:07:01.478,16100,16103,16100,1
2021-03-23 16:07:01.481,16100,16103,16100,1
2021-03-23 16:07:01.512,16100,16103,16100,1
2021-03-23 16:07:01.592,16100,16103,16100,2
2021-03-23 16:07:01.597,16100,16103,16100,4
2021-03-23 16:07:01.605,16100,16103,16100,1
2021-03-23 16:07:01.612,16100,16103,16101,1
2021-03-23 16:07:01.623,16100,16103,16100,2
2021-03-23 16:07:01.644,16100,16103,16100,1
2021-03-23 16:07:01.670,16100,16103,16100,1
2021-03-23 16:07:01.688,16100,16102,16100,2
2021-03-23 16:07:01.698,16100,16102,16100,1
2021-03-23 16:07:01.707,16100,16102,16100,2
2021-03-23 16:07:01.717,16100,16102,16100,19
2021-03-23 16:07:01.717,16100,16102,16099,1
2021-03-23 16:07:01.734,16100,16102,16099,1
2021-03-23 16:07:01.739,16100,16102,16099,1
2021-03-23 16:07:01.747,16100,16102,16099,1
2021-03-23 16:07:01.760,16100,16102,16099,1
2021-03-23 16:07:01.773,16100,16102,16099,1
2021-03-23 16:07:01.777,16100,16102,16099,2
2021-03-23 16:07:01.777,16100,16102,16099,1
2021-03-23 16:07:01.788,16100,16102,16099,2
2021-03-23 16:07:01.799,16100,16102,16099,1
2021-03-23 16:07:01.801,16100,16102,16099,1
2021-03-23 16:07:01.806,16099,16101,16099,2
2021-03-23 16:07:01.829,16099,16101,16099,1
2021-03-23 16:07:01.839,16099,16101,16099,1
2021-03-23 16:07:01.843,16099,16101,16099,2
2021-03-23 16:07:01.873,16099,16101,16099,1
2021-03-23 16:07:01.890,16099,16101,16099,1
2021-03-23 16:07:01.896,16099,16101,16099,1
2021-03-23 16:07:01.922,16099,16101,16099,2
2021-03-23 16:07:01.941,16099,16101,16099,1
2021-03-23 16:07:02.001,16099,16101,16100,2
2021-03-23 16:07:02.010,16099,16101,16100,2
2021-03-23 16:07:02.036,16099,16101,16100,2
2021-03-23 16:07:02.036,16099,16101,16100,1
2021-03-23 16:07:02.069,16099,16101,16099,1
2021-03-23 16:07:02.087,16099,16101,16099,1
2021-03-23 16:07:02.101,16099,16101,16099,1
2021-03-23 16:07:02.105,16099,16101,16099,1
2021-03-23 16:07:02.106,16099,16101,16099,1
2021-03-23 16:07:02.107,16099,16101,16098,1
2021-03-23 16:07:02.143,16099,16101,16098,1
2021-03-23 16:07:02.290,16098,16100,16100,1
2021-03-23 16:07:02.368,16100,16102,16100,1
2021-03-23 16:07:02.384,16100,16102,16102,1
2021-03-23 16:07:02.387,16100,16102,16099,1
2021-03-23 16:07:02.393,16100,16102,16099,1
2021-03-23 16:07:02.411,16100,16102,16099,1
2021-03-23 16:07:02.480,16099,16101,16100,1
2021-03-23 16:07:02.499,16099,16101,16100,1
2021-03-23 16:07:02.599,16101,16103,16102,1
2021-03-23 16:07:02.727,16101,16103,16101,1
2021-03-23 16:07:02.838,16101,16103,16102,1
2021-03-23 16:07:02.968,16101,16103,16101,2
2021-03-23 16:07:03.152,16101,16103,16101,1
2021-03-23 16:07:03.190,16101,16103,16101,1
2021-03-23 16:07:03.231,16101,16103,16103,1
2021-03-23 16:07:03.330,16101,16103,16101,1
2021-03-23 16:07:03.372,16101,16103,16101,1
2021-03-23 16:07:03.543,16101,16103,16103,1
2021-03-23 16:07:03.564,16102,16103,16102,2
2021-03-23 16:07:03.594,16102,16103,16102,1
2021-03-23 16:07:03.615,16102,16103,16102,1
2021-03-23 16:07:03.650,16102,16103,16102,1
2021-03-23 16:07:03.690,16102,16103,16102,1
2021-03-23 16:07:03.830,16102,16103,16103,1
2021-03-23 16:07:03.859,16102,16103,16102,1
2021-03-23 16:07:04.010,16102,16103,16103,2
2021-03-23 16:07:04.064,16103,16104,16103,1
2021-03-23 16:07:04.067,16103,16104,16103,1
2021-03-23 16:07:04.121,16103,16104,16104,1
2021-03-23 16:07:04.179,16103,16104,16103,1
2021-03-23 16:07:04.429,16103,16104,16103,4
2021-03-23 16:07:04.444,16103,16104,16103,1
2021-03-23 16:07:04.495,16103,16104,16103,1
2021-03-23 16:07:04.495,16103,16104,16103,1
2021-03-23 16:07:04.815,16102,16104,16102,4
2021-03-23 16:07:05.107,16102,16103,16103,1
2021-03-23 16:07:05.402,16103,16104,16103,1
2021-03-23 16:07:06.671,16103,16105,16103,1
2021-03-23 16:07:07.582,16103,16105,16105,1
2021-03-23 16:07:07.680,16104,16105,16104,1
2021-03-23 16:07:07.680,16104,16105,16103,1
2021-03-23 16:07:07.680,16104,16105,16103,1
2021-03-23 16:07:07.681,16104,16105,16103,1
2021-03-23 16:07:08.687,16104,16105,16104,1
2021-03-23 16:07:08.687,16104,16105,16103,4
2021-03-23 16:07:08.882,16103,16105,16103,2
2021-03-23 16:07:09.135,16104,16105,16104,1
2021-03-23 16:07:09.135,16104,16105,16104,1
2021-03-23 16:07:09.136,16104,16105,16104,3
2021-03-23 16:07:09.248,16103,16104,16104,2
2021-03-23 16:07:09.323,16103,16105,16103,1
2021-03-23 16:07:12.947,16103,16104,16104,1
2021-03-23 16:07:13.465,16103,16104,16103,2
2021-03-23 16:07:13.511,16103,16104,16104,1
2021-03-23 16:07:13.773,16103,16104,16103,1
2021-03-23 16:07:14.233,16103,16104,16104,1
2021-03-23 16:07:15.801,16103,16104,16104,1
2021-03-23 16:07:15.978,16103,16104,16103,2
2021-03-23 16:07:16.673,16103,16104,16104,1
2021-03-23 16:07:17.539,16103,16104,16103,1
2021-03-23 16:07:17.539,16103,16104,16103,1
2021-03-23 16:07:17.540,16103,16104,16103,11
2021-03-23 16:07:17.555,16102,16103,16102,1
2021-03-23 16:07:17.724,16102,16103,16103,1
2021-03-23 16:07:17.724,16102,16103,16102,1
2021-03-23 16:07:17.824,16102,16103,16103,1
2021-03-23 16:07:18.146,16102,16103,16102,2
2021-03-23 16:07:18.146,16102,16103,16102,1
2021-03-23 16:07:18.172,16102,16103,16102,1
2021-03-23 16:07:18.173,16102,16103,16102,4
2021-03-23 16:07:18.831,16101,16103,16101,1
2021-03-23 16:07:19.123,16101,16102,16101,2
2021-03-23 16:07:19.124,16101,16102,16101,5
2021-03-23 16:07:19.180,16100,16102,16100,1
2021-03-23 16:07:19.180,16100,16102,16100,16
2021-03-23 16:07:19.234,16100,16102,16099,2
2021-03-23 16:07:19.409,16099,16101,16099,1
2021-03-23 16:07:19.410,16099,16101,16099,2
2021-03-23 16:07:19.625,16100,16102,16100,1
2021-03-23 16:07:19.713,16100,16102,16100,1
2021-03-23 16:07:19.990,16099,16101,16099,1
2021-03-23 16:07:20.016,16099,16101,16101,1
2021-03-23 16:07:20.439,16100,16101,16101,1
2021-03-23 16:07:20.523,16100,16101,16102,1
2021-03-23 16:07:20.532,16100,16101,16102,1
2021-03-23 16:07:20.629,16101,16103,16101,1
2021-03-23 16:07:20.981,16102,16103,16102,1
2021-03-23 16:07:22.484,16101,16103,16101,2
2021-03-23 16:07:23.739,16102,16103,16102,3
2021-03-23 16:07:23.993,16102,16103,16102,2
2021-03-23 16:07:24.280,16101,16102,16102,1
2021-03-23 16:07:24.401,16101,16102,16101,2
2021-03-23 16:07:24.800,16101,16102,16102,1
2021-03-23 16:07:28.000,16101,16102,16102,1
2021-03-23 16:07:28.064,16102,16103,16102,1
2021-03-23 16:07:29.286,16102,16103,16103,1
2021-03-23 16:07:29.306,16102,16103,16102,1
2021-03-23 16:07:31.027,16102,16103,16103,1
2021-03-23 16:07:31.028,16102,16103,16103,1
2021-03-23 16:07:31.028,16102,16103,16103,1
2021-03-23 16:07:31.028,16102,16103,16103,2
2021-03-23 16:07:31.028,16102,16103,16103,1
2021-03-23 16:07:31.028,16102,16103,16103,3
2021-03-23 16:07:31.028,16102,16103,16103,1
2021-03-23 16:07:31.028,16102,16103,16103,1
2021-03-23 16:07:31.028,16102,16103,16103,1
2021-03-23 16:07:31.028,16102,16103,16103,1
2021-03-23 16:07:31.028,16102,16103,16103,8
2021-03-23 16:07:31.399,16103,16104,16104,1
2021-03-23 16:07:31.802,16103,16104,16104,5
2021-03-23 16:07:31.908,16103,16104,16103,1
2021-03-23 16:07:31.908,16103,16104,16102,3
2021-03-23 16:07:31.956,16102,16104,16104,5
2021-03-23 16:07:32.058,16103,16104,16104,3
2021-03-23 16:07:33.663,16103,16104,16103,1
2021-03-23 16:07:34.681,16103,16104,16103,1
2021-03-23 16:07:35.095,16102,16104,16102,1
2021-03-23 16:07:36.531,16103,16104,16103,1
2021-03-23 16:07:37.713,16102,16103,16103,1
2021-03-23 16:07:37.713,16102,16103,16104,1
2021-03-23 16:07:37.805,16102,16104,16102,1
2021-03-23 16:07:38.141,16102,16104,16104,3
2021-03-23 16:07:38.199,16102,16103,16103,1
2021-03-23 16:07:38.435,16103,16104,16104,1
2021-03-23 16:07:38.537,16103,16104,16103,1
2021-03-23 16:07:40.425,16102,16104,16103,1
2021-03-23 16:07:40.459,16102,16104,16102,1
2021-03-23 16:07:42.419,16102,16104,16102,8
2021-03-23 16:07:42.419,16102,16104,16101,5
2021-03-23 16:07:43.717,16102,16104,16104,1
2021-03-23 16:07:44.601,16102,16103,16103,1
2021-03-23 16:07:45.196,16102,16103,16102,1
2021-03-23 16:07:45.767,16102,16103,16102,2
2021-03-23 16:07:45.768,16102,16103,16102,1
2021-03-23 16:07:46.863,16101,16103,16102,1
2021-03-23 16:07:48.222,16102,16103,16102,1
2021-03-23 16:07:49.522,16102,16103,16102,2
2021-03-23 16:07:53.533,16102,16103,16102,1
2021-03-23 16:07:54.996,16102,16103,16103,4
2021-03-23 16:07:56.689,16103,16104,16104,1
2021-03-23 16:07:56.865,16103,16104,16103,3
2021-03-23 16:08:00.573,16103,16104,16104,1
2021-03-23 16:08:00.574,16103,16104,16104,3
2021-03-23 16:08:00.682,16104,16105,16104,1
2021-03-23 16:08:01.426,16104,16105,16105,3
2021-03-23 16:08:01.695,16105,16107,16105,4
2021-03-23 16:08:01.882,16105,16107,16106,1
2021-03-23 16:08:01.882,16105,16107,16105,5
2021-03-23 16:08:02.036,16105,16107,16105,1
2021-03-23 16:08:02.079,16105,16106,16105,1
2021-03-23 16:08:02.079,16105,16106,16105,1
2021-03-23 16:08:02.095,16105,16106,16105,1
2021-03-23 16:08:02.096,16105,16106,16105,1
2021-03-23 16:08:02.121,16105,16106,16105,1
2021-03-23 16:08:02.126,16105,16106,16105,1
2021-03-23 16:08:03.484,16105,16106,16105,2
2021-03-23 16:08:04.148,16104,16105,16105,1
2021-03-23 16:08:04.332,16104,16105,16105,1
2021-03-23 16:08:06.261,16105,16106,16105,1
2021-03-23 16:08:08.013,16103,16104,16104,1
2021-03-23 16:08:08.470,16103,16105,16105,1
2021-03-23 16:08:09.493,16103,16105,16105,2
2021-03-23 16:08:10.221,16104,16105,16104,1
2021-03-23 16:08:10.221,16104,16105,16104,1
2021-03-23 16:08:10.333,16103,16105,16104,1
2021-03-23 16:08:12.108,16104,16105,16104,1
2021-03-23 16:08:13.019,16104,16105,16104,1
2021-03-23 16:08:13.403,16104,16105,16105,1
2021-03-23 16:08:13.998,16104,16105,16105,1
2021-03-23 16:08:14.806,16104,16105,16105,1
2021-03-23 16:08:15.635,16104,16105,16104,1
2021-03-23 16:08:22.076,16104,16105,16105,1
2021-03-23 16:08:22.636,16104,16105,16105,2
2021-03-23 16:08:23.221,16105,16106,16105,1
2021-03-23 16:08:23.221,16105,16106,16104,4
2021-03-23 16:08:24.853,16104,16106,16106,1
2021-03-23 16:08:26.497,16105,16106,16105,1
2021-03-23 16:08:29.945,16105,16106,16105,1
2021-03-23 16:08:30.055,16105,16106,16105,1
2021-03-23 16:08:30.055,16105,16106,16105,1
2021-03-23 16:08:30.469,16105,16106,16105,1
2021-03-23 16:08:30.470,16105,16106,16105,2
2021-03-23 16:08:30.644,16105,16106,16105,1
2021-03-23 16:08:30.712,16104,16106,16105,1
2021-03-23 16:08:31.747,16104,16106,16106,3
2021-03-23 16:08:31.978,16104,16106,16104,1
2021-03-23 16:08:32.206,16104,16106,16106,3
2021-03-23 16:08:33.275,16105,16106,16106,2
2021-03-23 16:08:33.424,16106,16107,16106,1
2021-03-23 16:08:34.086,16105,16106,16106,3
2021-03-23 16:08:34.206,16105,16106,16106,10
2021-03-23 16:08:34.970,16105,16106,16106,3
2021-03-23 16:08:35.631,16106,16107,16106,1
2021-03-23 16:08:35.867,16106,16107,16107,1
2021-03-23 16:08:37.109,16106,16107,16106,1
2021-03-23 16:08:38.262,16106,16107,16107,3
2021-03-23 16:08:38.262,16106,16107,16108,9
2021-03-23 16:08:38.264,16106,16107,16108,2
2021-03-23 16:08:39.563,16107,16109,16109,2
2021-03-23 16:08:40.684,16107,16108,16108,2
2021-03-23 16:08:41.042,16107,16108,16108,1
2021-03-23 16:08:41.684,16107,16108,16107,1
2021-03-23 16:08:42.258,16107,16109,16107,4
2021-03-23 16:08:42.356,16107,16108,16108,3
2021-03-23 16:08:43.665,16108,16109,16109,5
2021-03-23 16:08:45.190,16108,16109,16108,2
2021-03-23 16:08:45.421,16107,16108,16107,1
2021-03-23 16:08:47.322,16106,16108,16108,1
2021-03-23 16:08:48.304,16107,16109,16109,1
2021-03-23 16:08:49.451,16107,16108,16108,1
2021-03-23 16:08:51.518,16107,16108,16107,1
2021-03-23 16:08:52.744,16106,16108,16106,1
2021-03-23 16:08:54.912,16106,16108,16106,1
2021-03-23 16:08:55.824,16106,16107,16107,1
2021-03-23 16:08:57.036,16106,16107,16107,1
2021-03-23 16:08:58.699,16106,16107,16107,1
2021-03-23 16:08:59.217,16106,16108,16108,1
2021-03-23 16:09:01.065,16106,16107,16107,5
2021-03-23 16:09:01.066,16106,16107,16107,5
2021-03-23 16:09:01.141,16106,16107,16107,1
2021-03-23 16:09:01.967,16106,16107,16107,1
2021-03-23 16:09:02.019,16106,16107,16106,1
2021-03-23 16:09:02.019,16106,16107,16106,1
2021-03-23 16:09:02.019,16106,16107,16106,1
2021-03-23 16:09:02.019,16106,16107,16106,1
2021-03-23 16:09:02.019,16106,16107,16106,1
2021-03-23 16:09:02.020,16106,16107,16106,1
2021-03-23 16:09:02.020,16106,16107,16106,1
2021-03-23 16:09:02.020,16106,16107,16106,2
2021-03-23 16:09:05.049,16105,16106,16106,2
2021-03-23 16:09:05.814,16106,16107,16107,1
2021-03-23 16:09:06.727,16106,16107,16107,1
2021-03-23 16:09:08.470,16106,16108,16108,3
2021-03-23 16:09:12.849,16107,16108,16107,1
2021-03-23 16:09:13.591,16107,16108,16108,1
2021-03-23 16:09:13.591,16107,16108,16108,3
2021-03-23 16:09:13.591,16107,16108,16108,1
2021-03-23 16:09:13.591,16107,16108,16108,2
2021-03-23 16:09:13.591,16107,16108,16108,1
2021-03-23 16:09:14.743,16107,16108,16107,1
2021-03-23 16:09:20.439,16107,16108,16108,7
2021-03-23 16:09:22.669,16108,16109,16108,1
2021-03-23 16:09:23.279,16107,16108,16108,1
2021-03-23 16:09:26.853,16108,16109,16109,1
2021-03-23 16:09:26.853,16108,16109,16109,1
2021-03-23 16:09:26.853,16108,16109,16109,1
2021-03-23 16:09:26.853,16108,16109,16109,2
2021-03-23 16:09:26.854,16108,16109,16109,5
2021-03-23 16:09:26.854,16108,16109,16109,1
2021-03-23 16:09:26.854,16108,16109,16109,1
2021-03-23 16:09:26.854,16108,16109,16109,1
2021-03-23 16:09:29.244,16109,16110,16109,1
2021-03-23 16:09:31.097,16108,16110,16108,2
2021-03-23 16:09:33.696,16108,16109,16108,1
2021-03-23 16:09:33.909,16108,16109,16109,1
2021-03-23 16:09:34.344,16108,16109,16108,1
2021-03-23 16:09:34.430,16108,16109,16108,1
2021-03-23 16:09:34.430,16108,16109,16108,2
2021-03-23 16:09:34.430,16108,16109,16108,5
2021-03-23 16:09:34.430,16108,16109,16108,3
2021-03-23 16:09:34.430,16108,16109,16108,2
2021-03-23 16:09:34.431,16108,16109,16108,1
2021-03-23 16:09:34.431,16108,16109,16108,1
2021-03-23 16:09:34.431,16108,16109,16108,1
2021-03-23 16:09:34.431,16108,16109,16108,1
2021-03-23 16:09:34.895,16107,16109,16107,1
2021-03-23 16:09:35.803,16107,16109,16107,1
2021-03-23 16:09:36.551,16107,16109,16109,1
2021-03-23 16:09:37.459,16107,16109,16109,1
2021-03-23 16:09:39.609,16107,16109,16107,1
2021-03-23 16:09:49.421,16107,16108,16107,2
2021-03-23 16:09:49.421,16107,16108,16107,1
2021-03-23 16:09:50.979,16106,16107,16106,3
2021-03-23 16:09:51.081,16106,16107,16106,1
2021-03-23 16:09:51.314,16106,16107,16106,1
2021-03-23 16:09:53.051,16106,16107,16106,2
2021-03-23 16:09:53.051,16106,16107,16106,1
2021-03-23 16:09:53.051,16106,16107,16106,1
2021-03-23 16:09:53.051,16106,16107,16106,7
2021-03-23 16:09:53.051,16106,16107,16106,3
2021-03-23 16:09:53.051,16106,16107,16106,1
2021-03-23 16:09:53.120,16105,16106,16105,2
2021-03-23 16:09:53.213,16105,16106,16106,1
2021-03-23 16:09:53.307,16105,16107,16105,1
2021-03-23 16:09:54.648,16105,16106,16106,2
2021-03-23 16:09:56.366,16105,16107,16105,8
2021-03-23 16:09:56.367,16105,16107,16105,17
2021-03-23 16:09:56.368,16105,16107,16105,1
2021-03-23 16:09:58.876,16106,16107,16106,2
2021-03-23 16:10:03.190,16107,16108,16107,1
2021-03-23 16:10:03.333,16106,16107,16107,1
2021-03-23 16:10:04.117,16106,16107,16107,1
2021-03-23 16:10:04.367,16106,16107,16106,1
2021-03-23 16:10:04.368,16106,16107,16106,1
2021-03-23 16:10:04.368,16106,16107,16106,1
2021-03-23 16:10:04.368,16106,16107,16106,1
2021-03-23 16:10:04.368,16106,16107,16106,1
2021-03-23 16:10:04.368,16106,16107,16106,4
2021-03-23 16:10:04.368,16106,16107,16106,1
2021-03-23 16:10:04.368,16106,16107,16106,1
2021-03-23 16:10:04.368,16106,16107,16106,3
2021-03-23 16:10:04.368,16106,16107,16106,5
2021-03-23 16:10:05.646,16104,16106,16106,2
2021-03-23 16:10:06.663,16105,16106,16105,4
2021-03-23 16:10:06.663,16105,16106,16104,6
2021-03-23 16:10:07.423,16106,16108,16106,1
2021-03-23 16:10:10.395,16106,16108,16106,1
2021-03-23 16:10:11.087,16106,16107,16107,1
2021-03-23 16:10:11.172,16106,16107,16108,1
2021-03-23 16:10:13.436,16107,16108,16108,1
2021-03-23 16:10:13.436,16107,16108,16108,1
2021-03-23 16:10:15.865,16108,16109,16109,1
2021-03-23 16:10:15.865,16108,16109,16109,3
2021-03-23 16:10:16.730,16109,16110,16110,1
2021-03-23 16:10:18.410,16109,16110,16109,1
2021-03-23 16:10:18.669,16109,16110,16110,20
2021-03-23 16:10:18.669,16109,16110,16110,1
2021-03-23 16:10:18.669,16109,16110,16110,1
2021-03-23 16:10:18.669,16109,16110,16110,1
2021-03-23 16:10:18.669,16109,16110,16110,2
2021-03-23 16:10:18.736,16110,16111,16111,1
2021-03-23 16:10:19.499,16110,16111,16111,1
2021-03-23 16:10:19.801,16110,16111,16110,1
2021-03-23 16:10:19.972,16110,16111,16111,6
2021-03-23 16:10:20.979,16110,16112,16112,1
2021-03-23 16:10:21.006,16110,16112,16112,1
2021-03-23 16:10:21.128,16110,16112,16110,1
2021-03-23 16:10:21.349,16110,16112,16110,1
2021-03-23 16:10:24.908,16111,16112,16112,10
2021-03-23 16:10:24.910,16111,16112,16112,4
2021-03-23 16:10:25.237,16111,16112,16111,1
2021-03-23 16:10:25.564,16111,16112,16111,1
2021-03-23 16:10:25.564,16111,16112,16111,1
2021-03-23 16:10:25.609,16111,16112,16111,2
2021-03-23 16:10:26.514,16110,16112,16110,1
2021-03-23 16:10:29.054,16110,16111,16110,1
2021-03-23 16:10:30.498,16109,16111,16111,1
2021-03-23 16:10:31.446,16109,16111,16111,1
2021-03-23 16:10:35.010,16109,16110,16110,1
2021-03-23 16:10:37.937,16110,16111,16110,1
2021-03-23 16:10:39.997,16110,16111,16111,1
2021-03-23 16:10:42.530,16110,16111,16111,1
