2023-04-21 15:00:00,15609,15609,15609,110,0
2023-04-21 15:00:00,15610,15610,15610,4,4
2023-04-21 15:00:00,15609,15609,15609,2,-2
2023-04-21 15:00:00,15609,15609,15609,2,0
2023-04-21 15:00:00,15610,15610,15610,2,2
2023-04-21 15:00:00,15610,15610,15610,4,0
2023-04-21 15:00:00,15609,15609,15609,10,-10
2023-04-21 15:00:00,15609,15609,15609,2,0
2023-04-21 15:00:00,15609,15609,15609,2,0
2023-04-21 15:00:00,15609,15609,15609,2,0
2023-04-21 15:00:00,15609,15609,15609,2,0
2023-04-21 15:00:00,15609,15609,15609,2,0
2023-04-21 15:00:00,15608,15608,15608,2,-2
2023-04-21 15:00:00,15609,15609,15609,2,2
2023-04-21 15:00:00,15608,15608,15608,4,-4
2023-04-21 15:00:00,15611,15611,15611,2,2
2023-04-21 15:00:00,15608,15608,15608,2,-2
2023-04-21 15:00:00,15611,15611,15611,2,2
2023-04-21 15:00:01,15608,15608,15608,2,-2
2023-04-21 15:00:01,15608,15608,15608,4,0
2023-04-21 15:00:02,15611,15611,15611,14,14
2023-04-21 15:00:03,15611,15611,15611,2,0
2023-04-21 15:00:04,15610,15610,15610,2,-2
2023-04-21 15:00:05,15610,15610,15610,2,0
2023-04-21 15:00:05,15610,15610,15610,2,0
2023-04-21 15:00:05,15610,15610,15610,2,0
2023-04-21 15:00:05,15611,15611,15611,2,2
2023-04-21 15:00:07,15610,15610,15610,2,-2
2023-04-21 15:00:07,15610,15610,15610,4,0
2023-04-21 15:00:07,15610,15610,15610,2,0
2023-04-21 15:00:07,15610,15610,15610,2,0
2023-04-21 15:00:07,15610,15610,15610,2,0
2023-04-21 15:00:07,15610,15610,15610,2,0
2023-04-21 15:00:07,15611,15611,15611,2,2
2023-04-21 15:00:07,15609,15609,15609,2,-2
2023-04-21 15:00:08,15610,15610,15610,2,2
2023-04-21 15:00:08,15611,15611,15611,2,2
2023-04-21 15:00:08,15609,15609,15609,2,-2
2023-04-21 15:00:08,15610,15610,15610,2,2
2023-04-21 15:00:10,15610,15610,15610,4,0
2023-04-21 15:00:10,15610,15610,15610,6,0
2023-04-21 15:00:10,15610,15610,15610,4,0
2023-04-21 15:00:10,15610,15610,15610,2,0
2023-04-21 15:00:10,15610,15610,15610,2,0
2023-04-21 15:00:11,15611,15611,15611,8,8
2023-04-21 15:00:11,15610,15610,15610,2,-2
2023-04-21 15:00:12,15610,15610,15610,2,0
2023-04-21 15:00:12,15609,15609,15609,2,-2
2023-04-21 15:00:14,15610,15610,15610,2,2
2023-04-21 15:00:15,15610,15610,15610,2,0
2023-04-21 15:00:15,15611,15611,15611,2,2
2023-04-21 15:00:16,15610,15610,15610,2,-2
2023-04-21 15:00:16,15611,15611,15611,2,2
2023-04-21 15:00:16,15611,15611,15611,2,0
2023-04-21 15:00:16,15610,15610,15610,2,-2
2023-04-21 15:00:16,15610,15610,15610,2,0
2023-04-21 15:00:18,15610,15610,15610,2,0
2023-04-21 15:00:18,15609,15609,15609,2,-2
2023-04-21 15:00:19,15610,15610,15610,2,2
2023-04-21 15:00:19,15610,15610,15610,6,0
2023-04-21 15:00:19,15610,15610,15610,2,0
2023-04-21 15:00:19,15610,15610,15610,2,0
2023-04-21 15:00:19,15610,15610,15610,2,0
2023-04-21 15:00:19,15610,15610,15610,2,0
2023-04-21 15:00:19,15610,15610,15610,4,0
2023-04-21 15:00:20,15609,15609,15609,2,-2
2023-04-21 15:00:20,15609,15609,15609,2,0
2023-04-21 15:00:22,15610,15610,15610,2,2
2023-04-21 15:00:25,15610,15610,15610,2,0
2023-04-21 15:00:26,15610,15610,15610,4,0
2023-04-21 15:00:26,15609,15609,15609,2,-2
2023-04-21 15:00:26,15609,15609,15609,2,0
2023-04-21 15:00:26,15609,15609,15609,2,0
2023-04-21 15:00:26,15609,15609,15609,2,0
2023-04-21 15:00:26,15609,15609,15609,8,0
2023-04-21 15:00:26,15609,15609,15609,2,0
2023-04-21 15:00:27,15609,15609,15609,2,0
2023-04-21 15:00:28,15609,15609,15609,4,0
2023-04-21 15:00:29,15608,15608,15608,2,-2
2023-04-21 15:00:30,15609,15609,15609,2,2
2023-04-21 15:00:30,15608,15608,15608,4,-4
2023-04-21 15:00:31,15609,15609,15609,4,4
2023-04-21 15:00:32,15608,15608,15608,2,-2
2023-04-21 15:00:33,15609,15609,15609,4,4
2023-04-21 15:00:33,15608,15608,15608,2,-2
2023-04-21 15:00:34,15608,15608,15608,2,0
2023-04-21 15:00:35,15608,15608,15608,4,0
2023-04-21 15:00:35,15609,15609,15609,4,4
2023-04-21 15:00:36,15608,15608,15608,12,-12
2023-04-21 15:00:36,15608,15608,15608,2,0
2023-04-21 15:00:36,15608,15608,15608,2,0
2023-04-21 15:00:36,15608,15608,15608,2,0
2023-04-21 15:00:36,15608,15608,15608,2,0
2023-04-21 15:00:37,15608,15608,15608,10,0
2023-04-21 15:00:37,15608,15608,15608,4,0
2023-04-21 15:00:37,15608,15608,15608,2,0
2023-04-21 15:00:37,15608,15608,15608,2,0
2023-04-21 15:00:37,15608,15608,15608,2,0
2023-04-21 15:00:37,15608,15608,15608,2,0
2023-04-21 15:00:37,15608,15608,15608,4,0
2023-04-21 15:00:38,15609,15609,15609,24,24
2023-04-21 15:00:38,15609,15609,15609,6,0
2023-04-21 15:00:39,15608,15608,15608,2,-2
2023-04-21 15:00:40,15609,15609,15609,2,2
2023-04-21 15:00:40,15609,15609,15609,2,0
2023-04-21 15:00:41,15610,15610,15610,2,2
2023-04-21 15:00:41,15610,15610,15610,6,0
2023-04-21 15:00:41,15610,15610,15610,6,0
2023-04-21 15:00:41,15610,15610,15610,12,0
2023-04-21 15:00:41,15610,15610,15610,2,0
2023-04-21 15:00:43,15611,15611,15611,4,4
2023-04-21 15:00:43,15611,15611,15611,2,0
2023-04-21 15:00:45,15611,15611,15611,2,0
2023-04-21 15:00:45,15611,15611,15611,2,0
2023-04-21 15:00:45,15611,15611,15611,2,0
2023-04-21 15:00:45,15612,15612,15612,2,2
2023-04-21 15:00:46,15612,15612,15612,2,0
2023-04-21 15:00:47,15613,15613,15613,8,8
2023-04-21 15:00:47,15613,15613,15613,2,0
2023-04-21 15:00:48,15614,15614,15614,18,18
2023-04-21 15:00:48,15615,15615,15615,8,8
2023-04-21 15:00:48,15615,15615,15615,18,0
2023-04-21 15:00:48,15616,15616,15616,8,8
2023-04-21 15:00:48,15616,15616,15616,26,0
2023-04-21 15:00:48,15616,15616,15616,2,0
2023-04-21 15:00:49,15615,15615,15615,2,-2
2023-04-21 15:00:50,15613,15613,15613,2,-2
2023-04-21 15:00:50,15613,15613,15613,2,0
2023-04-21 15:00:50,15613,15613,15613,4,0
2023-04-21 15:00:50,15613,15613,15613,2,0
2023-04-21 15:00:50,15613,15613,15613,6,0
2023-04-21 15:00:50,15613,15613,15613,6,0
2023-04-21 15:00:50,15613,15613,15613,2,0
2023-04-21 15:00:50,15613,15613,15613,2,0
2023-04-21 15:00:50,15613,15613,15613,2,0
2023-04-21 15:00:50,15613,15613,15613,2,0
2023-04-21 15:00:50,15612,15612,15612,4,-4
2023-04-21 15:00:50,15612,15612,15612,6,0
2023-04-21 15:00:50,15612,15612,15612,6,0
2023-04-21 15:00:50,15612,15612,15612,2,0
2023-04-21 15:00:50,15612,15612,15612,2,0
2023-04-21 15:00:52,15612,15612,15612,2,0
2023-04-21 15:00:52,15612,15612,15612,2,0
2023-04-21 15:00:52,15612,15612,15612,2,0
2023-04-21 15:00:52,15612,15612,15612,2,0
2023-04-21 15:00:52,15613,15613,15613,2,2
2023-04-21 15:00:52,15614,15614,15614,4,4
2023-04-21 15:00:55,15612,15612,15612,2,-2
2023-04-21 15:00:57,15613,15613,15613,2,2
2023-04-21 15:00:57,15612,15612,15612,4,-4
2023-04-21 15:00:57,15612,15612,15612,2,0
2023-04-21 15:00:57,15612,15612,15612,2,0
2023-04-21 15:00:57,15613,15613,15613,2,2
2023-04-21 15:00:58,15612,15612,15612,2,-2
2023-04-21 15:00:59,15611,15611,15611,2,-2
2023-04-21 15:00:59,15611,15611,15611,2,0
2023-04-21 15:00:59,15611,15611,15611,2,0
2023-04-21 15:00:59,15611,15611,15611,2,0
2023-04-21 15:00:59,15612,15612,15612,2,2
2023-04-21 15:00:59,15612,15612,15612,2,0
2023-04-21 15:01:00,15612,15612,15612,2,0
2023-04-21 15:01:00,15612,15612,15612,2,0
2023-04-21 15:01:00,15610,15610,15610,4,-4
2023-04-21 15:01:00,15610,15610,15610,2,0
2023-04-21 15:01:00,15610,15610,15610,2,0
2023-04-21 15:01:00,15610,15610,15610,2,0
2023-04-21 15:01:00,15610,15610,15610,2,0
2023-04-21 15:01:00,15610,15610,15610,2,0
2023-04-21 15:01:00,15610,15610,15610,2,0
2023-04-21 15:01:00,15610,15610,15610,4,0
2023-04-21 15:01:00,15612,15612,15612,2,2
2023-04-21 15:01:00,15610,15610,15610,2,-2
2023-04-21 15:01:00,15610,15610,15610,2,0
2023-04-21 15:01:00,15610,15610,15610,4,0
2023-04-21 15:01:00,15611,15611,15611,2,2
2023-04-21 15:01:00,15611,15611,15611,4,0
2023-04-21 15:01:03,15609,15609,15609,2,-2
2023-04-21 15:01:03,15609,15609,15609,4,0
2023-04-21 15:01:03,15609,15609,15609,6,0
2023-04-21 15:01:03,15609,15609,15609,4,0
2023-04-21 15:01:03,15609,15609,15609,2,0
2023-04-21 15:01:03,15609,15609,15609,4,0
2023-04-21 15:01:03,15609,15609,15609,2,0
2023-04-21 15:01:03,15609,15609,15609,2,0
2023-04-21 15:01:03,15609,15609,15609,2,0
2023-04-21 15:01:03,15609,15609,15609,2,0
2023-04-21 15:01:03,15609,15609,15609,2,0
2023-04-21 15:01:03,15608,15608,15608,4,-4
2023-04-21 15:01:03,15608,15608,15608,2,0
2023-04-21 15:01:03,15608,15608,15608,2,0
2023-04-21 15:01:03,15610,15610,15610,4,4
2023-04-21 15:01:03,15608,15608,15608,2,-2
2023-04-21 15:01:03,15608,15608,15608,2,0
2023-04-21 15:01:03,15608,15608,15608,2,0
2023-04-21 15:01:04,15608,15608,15608,2,0
2023-04-21 15:01:04,15608,15608,15608,2,0
2023-04-21 15:01:04,15610,15610,15610,2,2
2023-04-21 15:01:04,15610,15610,15610,22,0
2023-04-21 15:01:06,15609,15609,15609,2,-2
2023-04-21 15:01:06,15609,15609,15609,2,0
2023-04-21 15:01:07,15610,15610,15610,4,4
2023-04-21 15:01:10,15610,15610,15610,6,0
2023-04-21 15:01:10,15609,15609,15609,2,-2
2023-04-21 15:01:10,15609,15609,15609,2,0
2023-04-21 15:01:12,15609,15609,15609,2,0
2023-04-21 15:01:15,15610,15610,15610,4,4
2023-04-21 15:01:15,15611,15611,15611,2,2
2023-04-21 15:01:15,15609,15609,15609,2,-2
2023-04-21 15:01:18,15610,15610,15610,6,6
2023-04-21 15:01:18,15610,15610,15610,2,0
2023-04-21 15:01:18,15611,15611,15611,2,2
2023-04-21 15:01:18,15611,15611,15611,22,0
2023-04-21 15:01:20,15612,15612,15612,4,4
2023-04-21 15:01:22,15613,15613,15613,2,2
2023-04-21 15:01:24,15613,15613,15613,2,0
2023-04-21 15:01:25,15612,15612,15612,2,-2
2023-04-21 15:01:28,15613,15613,15613,12,12
2023-04-21 15:01:29,15612,15612,15612,2,-2
2023-04-21 15:01:29,15612,15612,15612,2,0
2023-04-21 15:01:30,15613,15613,15613,2,2
2023-04-21 15:01:31,15614,15614,15614,4,4
2023-04-21 15:01:32,15613,15613,15613,2,-2
2023-04-21 15:01:32,15613,15613,15613,4,0
2023-04-21 15:01:32,15614,15614,15614,2,2
2023-04-21 15:01:32,15613,15613,15613,2,-2
2023-04-21 15:01:32,15613,15613,15613,2,0
2023-04-21 15:01:32,15613,15613,15613,2,0
2023-04-21 15:01:40,15614,15614,15614,2,2
2023-04-21 15:01:40,15613,15613,15613,2,-2
2023-04-21 15:01:40,15613,15613,15613,6,0
2023-04-21 15:01:40,15614,15614,15614,8,8
2023-04-21 15:01:45,15613,15613,15613,4,-4
2023-04-21 15:01:47,15613,15613,15613,2,0
2023-04-21 15:01:47,15613,15613,15613,2,0
2023-04-21 15:01:58,15613,15613,15613,6,0
2023-04-21 15:02:00,15613,15613,15613,2,0
2023-04-21 15:02:00,15613,15613,15613,2,0
2023-04-21 15:02:00,15613,15613,15613,2,0
2023-04-21 15:02:00,15613,15613,15613,2,0
2023-04-21 15:02:00,15613,15613,15613,2,0
2023-04-21 15:02:00,15613,15613,15613,2,0
2023-04-21 15:02:00,15611,15611,15611,2,-2
2023-04-21 15:02:00,15612,15612,15612,6,6
2023-04-21 15:02:00,15613,15613,15613,2,2
2023-04-21 15:02:00,15613,15613,15613,2,0
2023-04-21 15:02:01,15613,15613,15613,2,0
2023-04-21 15:02:01,15613,15613,15613,4,0
2023-04-21 15:02:01,15613,15613,15613,4,0
2023-04-21 15:02:01,15613,15613,15613,16,0
2023-04-21 15:02:04,15611,15611,15611,2,-2
2023-04-21 15:02:06,15612,15612,15612,2,2
2023-04-21 15:02:06,15611,15611,15611,2,-2
2023-04-21 15:02:06,15611,15611,15611,2,0
2023-04-21 15:02:08,15611,15611,15611,2,0
2023-04-21 15:02:11,15612,15612,15612,4,4
2023-04-21 15:02:11,15612,15612,15612,2,0
2023-04-21 15:02:11,15612,15612,15612,2,0
2023-04-21 15:02:11,15612,15612,15612,2,0
2023-04-21 15:02:12,15612,15612,15612,2,0
2023-04-21 15:02:12,15613,15613,15613,6,6
2023-04-21 15:02:12,15613,15613,15613,2,0
2023-04-21 15:02:12,15612,15612,15612,2,-2
2023-04-21 15:02:12,15612,15612,15612,2,0
2023-04-21 15:02:12,15612,15612,15612,2,0
2023-04-21 15:02:19,15612,15612,15612,2,0
2023-04-21 15:02:28,15613,15613,15613,2,2
2023-04-21 15:02:30,15612,15612,15612,2,-2
2023-04-21 15:02:31,15613,15613,15613,2,2
2023-04-21 15:02:31,15613,15613,15613,2,0
2023-04-21 15:02:32,15612,15612,15612,2,-2
2023-04-21 15:02:37,15613,15613,15613,2,2
2023-04-21 15:02:37,15613,15613,15613,2,0
2023-04-21 15:02:37,15613,15613,15613,2,0
2023-04-21 15:02:37,15613,15613,15613,4,0
2023-04-21 15:02:37,15613,15613,15613,2,0
2023-04-21 15:02:37,15613,15613,15613,2,0
2023-04-21 15:02:37,15613,15613,15613,2,0
2023-04-21 15:02:39,15612,15612,15612,2,-2
2023-04-21 15:02:40,15612,15612,15612,2,0
2023-04-21 15:02:40,15612,15612,15612,2,0
2023-04-21 15:02:40,15612,15612,15612,4,0
2023-04-21 15:02:45,15613,15613,15613,8,8
2023-04-21 15:02:45,15612,15612,15612,2,-2
2023-04-21 15:02:46,15612,15612,15612,2,0
2023-04-21 15:02:50,15613,15613,15613,2,2
2023-04-21 15:02:51,15612,15612,15612,2,-2
2023-04-21 15:02:52,15612,15612,15612,2,0
2023-04-21 15:02:52,15612,15612,15612,2,0
2023-04-21 15:02:52,15613,15613,15613,2,2
2023-04-21 15:02:52,15613,15613,15613,2,0
2023-04-21 15:02:59,15613,15613,15613,2,0
2023-04-21 15:03:00,15613,15613,15613,2,0
2023-04-21 15:03:00,15613,15613,15613,6,0
2023-04-21 15:03:00,15613,15613,15613,6,0
2023-04-21 15:03:00,15613,15613,15613,2,0
2023-04-21 15:03:00,15613,15613,15613,2,0
2023-04-21 15:03:00,15613,15613,15613,2,0
2023-04-21 15:03:02,15614,15614,15614,6,6
2023-04-21 15:03:05,15614,15614,15614,2,0
2023-04-21 15:03:05,15614,15614,15614,2,0
2023-04-21 15:03:05,15614,15614,15614,4,0
2023-04-21 15:03:05,15614,15614,15614,22,0
2023-04-21 15:03:05,15614,15614,15614,4,0
2023-04-21 15:03:05,15615,15615,15615,6,6
2023-04-21 15:03:05,15615,15615,15615,4,0
2023-04-21 15:03:05,15615,15615,15615,4,0
2023-04-21 15:03:05,15615,15615,15615,2,0
2023-04-21 15:03:05,15615,15615,15615,12,0
2023-04-21 15:03:06,15616,15616,15616,2,2
2023-04-21 15:03:07,15615,15615,15615,2,-2
2023-04-21 15:03:07,15615,15615,15615,2,0
2023-04-21 15:03:07,15615,15615,15615,2,0
2023-04-21 15:03:08,15615,15615,15615,2,0
2023-04-21 15:03:11,15616,15616,15616,2,2
2023-04-21 15:03:12,15615,15615,15615,2,-2
2023-04-21 15:03:13,15615,15615,15615,2,0
2023-04-21 15:03:17,15614,15614,15614,2,-2
2023-04-21 15:03:34,15615,15615,15615,2,2
2023-04-21 15:03:34,15615,15615,15615,2,0
2023-04-21 15:03:36,15615,15615,15615,2,0
2023-04-21 15:03:36,15615,15615,15615,2,0
2023-04-21 15:03:36,15615,15615,15615,2,0
2023-04-21 15:03:36,15615,15615,15615,2,0
2023-04-21 15:03:36,15615,15615,15615,2,0
2023-04-21 15:03:36,15615,15615,15615,2,0
2023-04-21 15:03:36,15615,15615,15615,2,0
2023-04-21 15:03:36,15615,15615,15615,2,0
2023-04-21 15:03:39,15615,15615,15615,2,0
2023-04-21 15:03:50,15615,15615,15615,2,0
2023-04-21 15:03:50,15615,15615,15615,2,0
2023-04-21 15:03:50,15615,15615,15615,2,0
2023-04-21 15:03:52,15616,15616,15616,4,4
2023-04-21 15:03:53,15616,15616,15616,2,0
2023-04-21 15:03:53,15616,15616,15616,16,0
2023-04-21 15:03:53,15617,15617,15617,32,32
2023-04-21 15:03:53,15618,15618,15618,6,6
2023-04-21 15:03:53,15618,15618,15618,44,0
2023-04-21 15:03:54,15618,15618,15618,2,0
2023-04-21 15:03:54,15618,15618,15618,2,0
2023-04-21 15:03:54,15617,15617,15617,2,-2
2023-04-21 15:03:54,15616,15616,15616,2,-2
2023-04-21 15:03:54,15616,15616,15616,2,0
2023-04-21 15:03:54,15616,15616,15616,2,0
2023-04-21 15:03:54,15616,15616,15616,2,0
2023-04-21 15:03:56,15617,15617,15617,6,6
2023-04-21 15:03:56,15617,15617,15617,2,0
2023-04-21 15:03:56,15619,15619,15619,4,4
2023-04-21 15:03:57,15619,15619,15619,12,0
2023-04-21 15:03:57,15619,15619,15619,14,0
2023-04-21 15:03:57,15618,15618,15618,2,-2
2023-04-21 15:03:57,15619,15619,15619,10,10
2023-04-21 15:03:59,15618,15618,15618,4,-4
2023-04-21 15:03:59,15618,15618,15618,2,0
2023-04-21 15:03:59,15618,15618,15618,6,0
2023-04-21 15:03:59,15618,15618,15618,6,0
2023-04-21 15:03:59,15618,15618,15618,8,0
2023-04-21 15:03:59,15618,15618,15618,2,0
2023-04-21 15:04:00,15617,15617,15617,2,-2
2023-04-21 15:04:01,15618,15618,15618,2,2
2023-04-21 15:04:02,15618,15618,15618,2,0
2023-04-21 15:04:02,15618,15618,15618,2,0
2023-04-21 15:04:02,15618,15618,15618,6,0
2023-04-21 15:04:05,15618,15618,15618,4,0
2023-04-21 15:04:07,15618,15618,15618,2,0
2023-04-21 15:04:10,15618,15618,15618,2,0
2023-04-21 15:04:14,15618,15618,15618,2,0
2023-04-21 15:04:14,15618,15618,15618,2,0
2023-04-21 15:04:14,15618,15618,15618,2,0
2023-04-21 15:04:15,15618,15618,15618,2,0
2023-04-21 15:04:15,15620,15620,15620,4,4
2023-04-21 15:04:21,15620,15620,15620,4,0
2023-04-21 15:04:23,15619,15619,15619,2,-2
2023-04-21 15:04:24,15620,15620,15620,2,2
2023-04-21 15:04:25,15619,15619,15619,2,-2
2023-04-21 15:04:25,15619,15619,15619,2,0
2023-04-21 15:04:25,15619,15619,15619,2,0
2023-04-21 15:04:25,15619,15619,15619,2,0
2023-04-21 15:04:25,15619,15619,15619,2,0
2023-04-21 15:04:25,15619,15619,15619,2,0
2023-04-21 15:04:25,15619,15619,15619,2,0
2023-04-21 15:04:29,15619,15619,15619,2,0
2023-04-21 15:04:30,15619,15619,15619,2,0
2023-04-21 15:04:34,15619,15619,15619,2,0
2023-04-21 15:04:38,15620,15620,15620,6,6
2023-04-21 15:04:38,15619,15619,15619,2,-2
2023-04-21 15:04:41,15620,15620,15620,4,4
2023-04-21 15:04:42,15620,15620,15620,2,0
2023-04-21 15:04:43,15620,15620,15620,2,0
2023-04-21 15:04:45,15619,15619,15619,2,-2
2023-04-21 15:04:45,15620,15620,15620,2,2
2023-04-21 15:04:48,15620,15620,15620,6,0
2023-04-21 15:04:48,15620,15620,15620,24,0
2023-04-21 15:04:48,15620,15620,15620,2,0
2023-04-21 15:04:49,15620,15620,15620,2,0
2023-04-21 15:04:49,15619,15619,15619,2,-2
2023-04-21 15:04:49,15619,15619,15619,2,0
2023-04-21 15:04:49,15619,15619,15619,2,0
2023-04-21 15:04:49,15619,15619,15619,2,0
2023-04-21 15:04:49,15619,15619,15619,2,0
2023-04-21 15:04:49,15619,15619,15619,2,0
2023-04-21 15:04:49,15620,15620,15620,2,2
2023-04-21 15:04:49,15620,15620,15620,2,0
2023-04-21 15:04:50,15619,15619,15619,2,-2
2023-04-21 15:04:50,15619,15619,15619,2,0
2023-04-21 15:04:50,15619,15619,15619,2,0
2023-04-21 15:04:50,15619,15619,15619,2,0
2023-04-21 15:04:50,15619,15619,15619,2,0
2023-04-21 15:04:50,15619,15619,15619,4,0
2023-04-21 15:04:50,15620,15620,15620,2,2
2023-04-21 15:04:51,15620,15620,15620,2,0
2023-04-21 15:04:55,15619,15619,15619,2,-2
2023-04-21 15:04:57,15620,15620,15620,4,4
2023-04-21 15:04:58,15620,15620,15620,2,0
2023-04-21 15:05:00,15619,15619,15619,2,-2
2023-04-21 15:05:00,15620,15620,15620,2,2
2023-04-21 15:05:00,15620,15620,15620,2,0
2023-04-21 15:05:01,15621,15621,15621,2,2
2023-04-21 15:05:01,15621,15621,15621,2,0
2023-04-21 15:05:01,15621,15621,15621,4,0
2023-04-21 15:05:01,15621,15621,15621,2,0
2023-04-21 15:05:01,15621,15621,15621,6,0
2023-04-21 15:05:01,15621,15621,15621,6,0
2023-04-21 15:05:01,15621,15621,15621,2,0
2023-04-21 15:05:02,15621,15621,15621,2,0
2023-04-21 15:05:04,15622,15622,15622,2,2
2023-04-21 15:05:05,15621,15621,15621,2,-2
2023-04-21 15:05:05,15621,15621,15621,2,0
2023-04-21 15:05:05,15621,15621,15621,2,0
2023-04-21 15:05:05,15621,15621,15621,2,0
2023-04-21 15:05:05,15620,15620,15620,2,-2
2023-04-21 15:05:05,15620,15620,15620,2,0
2023-04-21 15:05:05,15620,15620,15620,2,0
2023-04-21 15:05:05,15620,15620,15620,2,0
2023-04-21 15:05:05,15620,15620,15620,2,0
2023-04-21 15:05:06,15621,15621,15621,2,2
2023-04-21 15:05:07,15620,15620,15620,2,-2
2023-04-21 15:05:08,15621,15621,15621,2,2
2023-04-21 15:05:11,15620,15620,15620,2,-2
2023-04-21 15:05:12,15620,15620,15620,2,0
2023-04-21 15:05:16,15620,15620,15620,6,0
2023-04-21 15:05:16,15621,15621,15621,14,14
2023-04-21 15:05:22,15620,15620,15620,4,-4
2023-04-21 15:05:23,15619,15619,15619,2,-2
2023-04-21 15:05:23,15619,15619,15619,2,0
2023-04-21 15:05:23,15619,15619,15619,2,0
2023-04-21 15:05:23,15619,15619,15619,2,0
2023-04-21 15:05:23,15619,15619,15619,2,0
2023-04-21 15:05:23,15619,15619,15619,2,0
2023-04-21 15:05:25,15619,15619,15619,2,0
2023-04-21 15:05:26,15619,15619,15619,2,0
2023-04-21 15:05:28,15619,15619,15619,2,0
2023-04-21 15:05:32,15619,15619,15619,2,0
2023-04-21 15:05:36,15619,15619,15619,4,0
2023-04-21 15:05:40,15619,15619,15619,2,0
2023-04-21 15:05:44,15618,15618,15618,2,-2
2023-04-21 15:05:44,15618,15618,15618,2,0
2023-04-21 15:05:44,15618,15618,15618,2,0
2023-04-21 15:05:44,15618,15618,15618,4,0
2023-04-21 15:05:44,15618,15618,15618,2,0
2023-04-21 15:05:44,15618,15618,15618,2,0
2023-04-21 15:05:44,15618,15618,15618,2,0
2023-04-21 15:05:45,15617,15617,15617,2,-2
2023-04-21 15:05:45,15617,15617,15617,2,0
2023-04-21 15:05:45,15617,15617,15617,2,0
2023-04-21 15:05:45,15617,15617,15617,2,0
2023-04-21 15:05:45,15617,15617,15617,2,0
2023-04-21 15:05:45,15617,15617,15617,2,0
2023-04-21 15:05:46,15616,15616,15616,2,-2
2023-04-21 15:05:48,15616,15616,15616,2,0
2023-04-21 15:05:49,15617,15617,15617,2,2
2023-04-21 15:05:51,15618,15618,15618,4,4
2023-04-21 15:05:52,15619,15619,15619,2,2
2023-04-21 15:05:58,15618,15618,15618,2,-2
2023-04-21 15:05:58,15618,15618,15618,4,0
2023-04-21 15:05:59,15618,15618,15618,2,0
2023-04-21 15:06:00,15619,15619,15619,12,12
2023-04-21 15:06:00,15619,15619,15619,12,0
2023-04-21 15:06:00,15618,15618,15618,2,-2
2023-04-21 15:06:00,15619,15619,15619,2,2
2023-04-21 15:06:00,15618,15618,15618,2,-2
2023-04-21 15:06:06,15618,15618,15618,2,0
2023-04-21 15:06:08,15617,15617,15617,4,-4
2023-04-21 15:06:12,15618,15618,15618,2,2
2023-04-21 15:06:14,15618,15618,15618,2,0
2023-04-21 15:06:16,15618,15618,15618,2,0
2023-04-21 15:06:17,15619,15619,15619,8,8
2023-04-21 15:06:26,15619,15619,15619,2,0
2023-04-21 15:06:34,15620,15620,15620,2,2
2023-04-21 15:06:40,15620,15620,15620,24,0
2023-04-21 15:06:44,15621,15621,15621,2,2
2023-04-21 15:06:44,15621,15621,15621,6,0
2023-04-21 15:06:45,15621,15621,15621,4,0
2023-04-21 15:06:46,15620,15620,15620,2,-2
2023-04-21 15:06:47,15621,15621,15621,2,2
2023-04-21 15:06:52,15621,15621,15621,2,0
2023-04-21 15:06:52,15621,15621,15621,2,0
2023-04-21 15:06:53,15621,15621,15621,2,0
2023-04-21 15:06:53,15621,15621,15621,4,0
2023-04-21 15:06:54,15621,15621,15621,2,0
2023-04-21 15:06:56,15621,15621,15621,4,0
2023-04-21 15:06:58,15620,15620,15620,4,-4
2023-04-21 15:06:58,15620,15620,15620,2,0
2023-04-21 15:06:58,15620,15620,15620,4,0
2023-04-21 15:06:58,15620,15620,15620,2,0
2023-04-21 15:06:58,15620,15620,15620,2,0
2023-04-21 15:06:58,15620,15620,15620,2,0
2023-04-21 15:06:58,15620,15620,15620,2,0
2023-04-21 15:06:58,15620,15620,15620,2,0
2023-04-21 15:06:58,15620,15620,15620,2,0
2023-04-21 15:06:58,15620,15620,15620,2,0
2023-04-21 15:06:58,15620,15620,15620,2,0
2023-04-21 15:06:58,15620,15620,15620,2,0
2023-04-21 15:06:58,15620,15620,15620,2,0
2023-04-21 15:06:59,15620,15620,15620,2,0
2023-04-21 15:07:00,15620,15620,15620,2,0
2023-04-21 15:07:00,15619,15619,15619,2,-2
2023-04-21 15:07:00,15620,15620,15620,2,2
2023-04-21 15:07:00,15620,15620,15620,2,0
2023-04-21 15:07:00,15619,15619,15619,2,-2
2023-04-21 15:07:00,15620,15620,15620,4,4
2023-04-21 15:07:03,15619,15619,15619,2,-2
2023-04-21 15:07:03,15619,15619,15619,4,0
2023-04-21 15:07:03,15620,15620,15620,2,2
2023-04-21 15:07:04,15620,15620,15620,2,0
2023-04-21 15:07:06,15620,15620,15620,8,0
2023-04-21 15:07:07,15620,15620,15620,2,0
2023-04-21 15:07:08,15619,15619,15619,2,-2
2023-04-21 15:07:08,15619,15619,15619,2,0
2023-04-21 15:07:11,15620,15620,15620,2,2
2023-04-21 15:07:12,15620,15620,15620,2,0
2023-04-21 15:07:16,15620,15620,15620,2,0
2023-04-21 15:07:19,15619,15619,15619,2,-2
2023-04-21 15:07:23,15618,15618,15618,2,-2
2023-04-21 15:07:26,15619,15619,15619,8,8
2023-04-21 15:07:26,15620,15620,15620,10,10
2023-04-21 15:07:30,15619,15619,15619,2,-2
2023-04-21 15:07:31,15620,15620,15620,4,4
2023-04-21 15:07:31,15619,15619,15619,2,-2
2023-04-21 15:07:31,15620,15620,15620,2,2
2023-04-21 15:07:31,15621,15621,15621,2,2
2023-04-21 15:07:36,15619,15619,15619,2,-2
2023-04-21 15:07:37,15619,15619,15619,2,0
2023-04-21 15:07:38,15618,15618,15618,2,-2
2023-04-21 15:07:38,15618,15618,15618,2,0
2023-04-21 15:07:38,15618,15618,15618,2,0
2023-04-21 15:07:38,15618,15618,15618,2,0
2023-04-21 15:07:40,15618,15618,15618,2,0
2023-04-21 15:07:42,15618,15618,15618,2,0
2023-04-21 15:07:44,15618,15618,15618,2,0
2023-04-21 15:07:44,15618,15618,15618,2,0
2023-04-21 15:07:44,15618,15618,15618,2,0
2023-04-21 15:07:44,15617,15617,15617,4,-4
2023-04-21 15:07:44,15617,15617,15617,2,0
2023-04-21 15:07:44,15617,15617,15617,2,0
2023-04-21 15:07:44,15617,15617,15617,2,0
2023-04-21 15:07:48,15618,15618,15618,2,2
2023-04-21 15:07:48,15618,15618,15618,2,0
2023-04-21 15:07:50,15619,15619,15619,8,8
2023-04-21 15:07:55,15619,15619,15619,2,0
2023-04-21 15:07:55,15619,15619,15619,2,0
2023-04-21 15:07:57,15619,15619,15619,2,0
2023-04-21 15:07:58,15618,15618,15618,6,-6
2023-04-21 15:07:59,15618,15618,15618,2,0
2023-04-21 15:07:59,15618,15618,15618,4,0
2023-04-21 15:08:00,15619,15619,15619,2,2
2023-04-21 15:08:00,15620,15620,15620,2,2
2023-04-21 15:08:00,15620,15620,15620,2,0
2023-04-21 15:08:04,15619,15619,15619,2,-2
2023-04-21 15:08:05,15620,15620,15620,4,4
2023-04-21 15:08:05,15620,15620,15620,4,0
2023-04-21 15:08:07,15620,15620,15620,4,0
2023-04-21 15:08:14,15620,15620,15620,4,0
2023-04-21 15:08:14,15620,15620,15620,6,0
2023-04-21 15:08:14,15620,15620,15620,2,0
2023-04-21 15:08:21,15620,15620,15620,2,0
2023-04-21 15:08:21,15620,15620,15620,2,0
2023-04-21 15:08:21,15620,15620,15620,6,0
2023-04-21 15:08:22,15620,15620,15620,2,0
2023-04-21 15:08:23,15620,15620,15620,2,0
2023-04-21 15:08:23,15620,15620,15620,2,0
2023-04-21 15:08:25,15620,15620,15620,2,0
2023-04-21 15:08:30,15620,15620,15620,2,0
2023-04-21 15:08:36,15620,15620,15620,2,0
2023-04-21 15:08:36,15621,15621,15621,2,2
2023-04-21 15:08:51,15621,15621,15621,20,0
2023-04-21 15:08:52,15621,15621,15621,2,0
2023-04-21 15:08:52,15621,15621,15621,14,0
2023-04-21 15:08:52,15621,15621,15621,2,0
2023-04-21 15:08:53,15621,15621,15621,2,0
2023-04-21 15:09:00,15622,15622,15622,2,2
2023-04-21 15:09:00,15621,15621,15621,2,-2
2023-04-21 15:09:00,15622,15622,15622,2,2
2023-04-21 15:09:03,15622,15622,15622,2,0
2023-04-21 15:09:04,15621,15621,15621,2,-2
2023-04-21 15:09:06,15621,15621,15621,2,0
2023-04-21 15:09:07,15621,15621,15621,2,0
2023-04-21 15:09:09,15621,15621,15621,2,0
2023-04-21 15:09:09,15621,15621,15621,2,0
2023-04-21 15:09:10,15621,15621,15621,2,0
2023-04-21 15:09:11,15621,15621,15621,2,0
2023-04-21 15:09:11,15621,15621,15621,2,0
2023-04-21 15:09:16,15622,15622,15622,20,20
2023-04-21 15:09:17,15622,15622,15622,4,0
2023-04-21 15:09:18,15623,15623,15623,20,20
2023-04-21 15:09:18,15623,15623,15623,2,0
2023-04-21 15:09:18,15623,15623,15623,2,0
2023-04-21 15:09:26,15622,15622,15622,2,-2
2023-04-21 15:09:26,15622,15622,15622,2,0
2023-04-21 15:09:27,15622,15622,15622,2,0
2023-04-21 15:09:29,15623,15623,15623,10,10
2023-04-21 15:09:31,15623,15623,15623,2,0
2023-04-21 15:09:31,15622,15622,15622,2,-2
2023-04-21 15:09:32,15622,15622,15622,6,0
2023-04-21 15:09:34,15622,15622,15622,2,0
2023-04-21 15:09:34,15621,15621,15621,2,-2
2023-04-21 15:09:34,15621,15621,15621,2,0
2023-04-21 15:09:35,15621,15621,15621,2,0
2023-04-21 15:09:35,15621,15621,15621,4,0
2023-04-21 15:09:37,15620,15620,15620,2,-2
2023-04-21 15:09:37,15620,15620,15620,6,0
2023-04-21 15:09:41,15621,15621,15621,2,2
2023-04-21 15:09:46,15620,15620,15620,2,-2
2023-04-21 15:09:48,15620,15620,15620,2,0
2023-04-21 15:09:48,15621,15621,15621,2,2
2023-04-21 15:09:55,15621,15621,15621,2,0
2023-04-21 15:09:56,15621,15621,15621,2,0
2023-04-21 15:09:59,15623,15623,15623,4,4
2023-04-21 15:10:00,15622,15622,15622,2,-2
2023-04-21 15:10:00,15623,15623,15623,2,2
2023-04-21 15:10:00,15623,15623,15623,2,0
2023-04-21 15:10:00,15623,15623,15623,2,0
2023-04-21 15:10:00,15623,15623,15623,2,0
2023-04-21 15:10:02,15623,15623,15623,2,0
2023-04-21 15:10:04,15623,15623,15623,4,0
2023-04-21 15:10:06,15622,15622,15622,2,-2
2023-04-21 15:10:07,15623,15623,15623,2,2
2023-04-21 15:10:08,15623,15623,15623,18,0
2023-04-21 15:10:08,15624,15624,15624,2,2
2023-04-21 15:10:09,15623,15623,15623,2,-2
2023-04-21 15:10:10,15623,15623,15623,4,0
2023-04-21 15:10:11,15624,15624,15624,18,18
2023-04-21 15:10:11,15622,15622,15622,2,-2
2023-04-21 15:10:11,15622,15622,15622,2,0
2023-04-21 15:10:11,15622,15622,15622,2,0
2023-04-21 15:10:11,15622,15622,15622,2,0
2023-04-21 15:10:12,15623,15623,15623,2,2
2023-04-21 15:10:13,15623,15623,15623,2,0
2023-04-21 15:10:14,15623,15623,15623,2,0
2023-04-21 15:10:14,15624,15624,15624,18,18
2023-04-21 15:10:14,15623,15623,15623,2,-2
2023-04-21 15:10:18,15623,15623,15623,2,0
2023-04-21 15:10:18,15624,15624,15624,14,14
2023-04-21 15:10:18,15622,15622,15622,2,-2
2023-04-21 15:10:18,15622,15622,15622,2,0
2023-04-21 15:10:18,15623,15623,15623,2,2
2023-04-21 15:10:23,15623,15623,15623,18,0
2023-04-21 15:10:25,15623,15623,15623,2,0
2023-04-21 15:10:28,15622,15622,15622,2,-2
2023-04-21 15:10:28,15622,15622,15622,2,0
2023-04-21 15:10:28,15622,15622,15622,2,0
2023-04-21 15:10:30,15622,15622,15622,2,0
2023-04-21 15:10:46,15621,15621,15621,2,-2
2023-04-21 15:10:46,15621,15621,15621,2,0
2023-04-21 15:10:46,15621,15621,15621,4,0
2023-04-21 15:10:46,15621,15621,15621,2,0
2023-04-21 15:10:46,15621,15621,15621,2,0
2023-04-21 15:10:48,15621,15621,15621,2,0
2023-04-21 15:10:50,15622,15622,15622,2,2
2023-04-21 15:10:59,15620,15620,15620,2,-2
2023-04-21 15:10:59,15620,15620,15620,2,0
2023-04-21 15:11:00,15622,15622,15622,2,2
2023-04-21 15:11:00,15622,15622,15622,2,0
2023-04-21 15:11:02,15621,15621,15621,2,-2
2023-04-21 15:11:02,15620,15620,15620,2,-2
2023-04-21 15:11:03,15621,15621,15621,2,2
2023-04-21 15:11:03,15621,15621,15621,2,0
2023-04-21 15:11:16,15621,15621,15621,2,0
2023-04-21 15:11:16,15621,15621,15621,2,0
2023-04-21 15:11:17,15621,15621,15621,2,0
2023-04-21 15:11:20,15621,15621,15621,2,0
2023-04-21 15:11:26,15622,15622,15622,2,2
2023-04-21 15:11:35,15622,15622,15622,6,0
2023-04-21 15:11:35,15622,15622,15622,2,0
2023-04-21 15:11:35,15622,15622,15622,6,0
2023-04-21 15:11:43,15622,15622,15622,6,0
2023-04-21 15:11:47,15623,15623,15623,6,6
2023-04-21 15:12:00,15622,15622,15622,2,-2
2023-04-21 15:12:00,15622,15622,15622,2,0
2023-04-21 15:12:00,15622,15622,15622,2,0
2023-04-21 15:12:00,15622,15622,15622,2,0
2023-04-21 15:12:02,15622,15622,15622,2,0
2023-04-21 15:12:03,15622,15622,15622,2,0
2023-04-21 15:12:03,15622,15622,15622,2,0
2023-04-21 15:12:04,15622,15622,15622,4,0
2023-04-21 15:12:07,15622,15622,15622,2,0
2023-04-21 15:12:07,15622,15622,15622,2,0
2023-04-21 15:12:09,15622,15622,15622,4,0
2023-04-21 15:12:10,15622,15622,15622,2,0
2023-04-21 15:12:13,15622,15622,15622,4,0
2023-04-21 15:12:14,15622,15622,15622,2,0
2023-04-21 15:12:15,15622,15622,15622,4,0
2023-04-21 15:12:17,15621,15621,15621,2,-2
2023-04-21 15:12:17,15622,15622,15622,2,2
2023-04-21 15:12:19,15622,15622,15622,2,0
2023-04-21 15:12:20,15622,15622,15622,2,0
2023-04-21 15:12:28,15621,15621,15621,2,-2
2023-04-21 15:12:33,15621,15621,15621,2,0
2023-04-21 15:12:33,15621,15621,15621,4,0
2023-04-21 15:12:41,15621,15621,15621,2,0
2023-04-21 15:12:41,15621,15621,15621,2,0
2023-04-21 15:12:41,15621,15621,15621,2,0
2023-04-21 15:12:41,15621,15621,15621,4,0
2023-04-21 15:12:41,15621,15621,15621,2,0
2023-04-21 15:12:41,15620,15620,15620,8,-8
2023-04-21 15:12:41,15621,15621,15621,2,2
2023-04-21 15:12:41,15620,15620,15620,2,-2
2023-04-21 15:12:42,15620,15620,15620,2,0
2023-04-21 15:12:42,15620,15620,15620,2,0
2023-04-21 15:12:42,15620,15620,15620,2,0
2023-04-21 15:12:42,15620,15620,15620,2,0
2023-04-21 15:12:45,15620,15620,15620,2,0
2023-04-21 15:12:45,15621,15621,15621,4,4
2023-04-21 15:12:46,15620,15620,15620,2,-2
2023-04-21 15:12:46,15621,15621,15621,4,4
2023-04-21 15:12:47,15620,15620,15620,2,-2
2023-04-21 15:12:48,15621,15621,15621,4,4
2023-04-21 15:12:48,15620,15620,15620,2,-2
2023-04-21 15:12:48,15621,15621,15621,4,4
2023-04-21 15:12:50,15621,15621,15621,2,0
2023-04-21 15:12:59,15621,15621,15621,2,0
2023-04-21 15:12:59,15621,15621,15621,2,0
2023-04-21 15:12:59,15621,15621,15621,2,0
2023-04-21 15:13:00,15622,15622,15622,2,2
2023-04-21 15:13:00,15622,15622,15622,2,0
2023-04-21 15:13:03,15622,15622,15622,20,0
2023-04-21 15:13:03,15622,15622,15622,18,0
2023-04-21 15:13:03,15622,15622,15622,4,0
2023-04-21 15:13:04,15621,15621,15621,2,-2
2023-04-21 15:13:06,15622,15622,15622,4,4
2023-04-21 15:13:11,15622,15622,15622,2,0
2023-04-21 15:13:12,15622,15622,15622,2,0
2023-04-21 15:13:13,15623,15623,15623,2,2
2023-04-21 15:13:18,15622,15622,15622,2,-2
2023-04-21 15:13:19,15622,15622,15622,2,0
2023-04-21 15:13:19,15622,15622,15622,2,0
2023-04-21 15:13:19,15622,15622,15622,2,0
2023-04-21 15:13:19,15622,15622,15622,2,0
2023-04-21 15:13:20,15622,15622,15622,2,0
2023-04-21 15:13:25,15621,15621,15621,2,-2
2023-04-21 15:13:29,15622,15622,15622,2,2
2023-04-21 15:13:35,15623,15623,15623,2,2
2023-04-21 15:13:35,15623,15623,15623,66,0
2023-04-21 15:13:35,15624,15624,15624,8,8
2023-04-21 15:13:35,15623,15623,15623,2,-2
2023-04-21 15:13:35,15623,15623,15623,2,0
2023-04-21 15:13:35,15623,15623,15623,2,0
2023-04-21 15:13:35,15623,15623,15623,2,0
2023-04-21 15:13:35,15623,15623,15623,2,0
2023-04-21 15:13:35,15623,15623,15623,2,0
2023-04-21 15:13:35,15623,15623,15623,2,0
2023-04-21 15:13:35,15623,15623,15623,2,0
2023-04-21 15:13:35,15623,15623,15623,2,0
2023-04-21 15:13:35,15623,15623,15623,2,0
2023-04-21 15:13:35,15623,15623,15623,2,0
2023-04-21 15:13:35,15623,15623,15623,2,0
2023-04-21 15:13:35,15623,15623,15623,2,0
2023-04-21 15:13:35,15623,15623,15623,2,0
2023-04-21 15:13:37,15623,15623,15623,2,0
2023-04-21 15:13:37,15623,15623,15623,2,0
2023-04-21 15:13:37,15624,15624,15624,2,2
2023-04-21 15:13:37,15624,15624,15624,12,0
2023-04-21 15:13:44,15625,15625,15625,32,32
2023-04-21 15:13:44,15626,15626,15626,2,2
2023-04-21 15:13:44,15626,15626,15626,2,0
2023-04-21 15:13:44,15626,15626,15626,6,0
2023-04-21 15:13:44,15625,15625,15625,2,-2
2023-04-21 15:13:44,15625,15625,15625,2,0
2023-04-21 15:13:47,15626,15626,15626,2,2
2023-04-21 15:13:50,15626,15626,15626,8,0
2023-04-21 15:13:50,15626,15626,15626,2,0
2023-04-21 15:13:52,15625,15625,15625,2,-2
2023-04-21 15:13:52,15625,15625,15625,2,0
2023-04-21 15:13:52,15625,15625,15625,6,0
2023-04-21 15:13:52,15626,15626,15626,10,10
2023-04-21 15:13:52,15626,15626,15626,2,0
2023-04-21 15:13:54,15625,15625,15625,4,-4
2023-04-21 15:13:54,15625,15625,15625,2,0
2023-04-21 15:13:54,15625,15625,15625,2,0
2023-04-21 15:13:54,15625,15625,15625,2,0
2023-04-21 15:13:54,15625,15625,15625,2,0
2023-04-21 15:13:54,15626,15626,15626,2,2
2023-04-21 15:13:57,15625,15625,15625,2,-2
2023-04-21 15:13:57,15625,15625,15625,2,0
2023-04-21 15:13:58,15624,15624,15624,2,-2
2023-04-21 15:14:00,15625,15625,15625,2,2
2023-04-21 15:14:00,15625,15625,15625,2,0
2023-04-21 15:14:00,15625,15625,15625,2,0
2023-04-21 15:14:00,15625,15625,15625,2,0
2023-04-21 15:14:02,15625,15625,15625,2,0
2023-04-21 15:14:03,15626,15626,15626,24,24
2023-04-21 15:14:03,15626,15626,15626,2,0
2023-04-21 15:14:03,15626,15626,15626,2,0
2023-04-21 15:14:03,15627,15627,15627,2,2
2023-04-21 15:14:03,15627,15627,15627,2,0
2023-04-21 15:14:03,15627,15627,15627,10,0
2023-04-21 15:14:03,15627,15627,15627,10,0
2023-04-21 15:14:03,15626,15626,15626,2,-2
2023-04-21 15:14:03,15625,15625,15625,2,-2
2023-04-21 15:14:03,15625,15625,15625,2,0
2023-04-21 15:14:03,15626,15626,15626,2,2
2023-04-21 15:14:03,15627,15627,15627,4,4
2023-04-21 15:14:03,15627,15627,15627,2,0
2023-04-21 15:14:03,15627,15627,15627,2,0
2023-04-21 15:14:03,15627,15627,15627,2,0
2023-04-21 15:14:06,15626,15626,15626,2,-2
2023-04-21 15:14:08,15626,15626,15626,4,0
2023-04-21 15:14:09,15626,15626,15626,2,0
2023-04-21 15:14:09,15626,15626,15626,4,0
2023-04-21 15:14:10,15626,15626,15626,6,0
2023-04-21 15:14:11,15626,15626,15626,2,0
2023-04-21 15:14:14,15626,15626,15626,2,0
2023-04-21 15:14:15,15625,15625,15625,2,-2
2023-04-21 15:14:15,15625,15625,15625,2,0
2023-04-21 15:14:15,15625,15625,15625,2,0
2023-04-21 15:14:15,15625,15625,15625,2,0
2023-04-21 15:14:15,15625,15625,15625,4,0
2023-04-21 15:14:15,15625,15625,15625,2,0
2023-04-21 15:14:15,15625,15625,15625,2,0
2023-04-21 15:14:15,15625,15625,15625,2,0
2023-04-21 15:14:15,15625,15625,15625,4,0
2023-04-21 15:14:20,15625,15625,15625,2,0
2023-04-21 15:14:20,15624,15624,15624,2,-2
2023-04-21 15:14:20,15624,15624,15624,2,0
2023-04-21 15:14:21,15624,15624,15624,2,0
2023-04-21 15:14:21,15625,15625,15625,2,2
2023-04-21 15:14:23,15623,15623,15623,2,-2
2023-04-21 15:14:23,15623,15623,15623,2,0
2023-04-21 15:14:23,15623,15623,15623,2,0
2023-04-21 15:14:26,15624,15624,15624,10,10
2023-04-21 15:14:27,15622,15622,15622,2,-2
2023-04-21 15:14:27,15622,15622,15622,4,0
2023-04-21 15:14:27,15622,15622,15622,2,0
2023-04-21 15:14:27,15622,15622,15622,2,0
2023-04-21 15:14:31,15622,15622,15622,2,0
2023-04-21 15:14:31,15621,15621,15621,2,-2
2023-04-21 15:14:41,15622,15622,15622,2,2
2023-04-21 15:14:43,15623,15623,15623,2,2
2023-04-21 15:14:43,15623,15623,15623,4,0
2023-04-21 15:14:43,15623,15623,15623,2,0
2023-04-21 15:14:51,15623,15623,15623,2,0
2023-04-21 15:14:53,15622,15622,15622,2,-2
2023-04-21 15:14:54,15623,15623,15623,2,2
2023-04-21 15:14:56,15622,15622,15622,38,-38
2023-04-21 15:14:56,15622,15622,15622,2,0
2023-04-21 15:14:59,15621,15621,15621,2,-2
2023-04-21 15:15:00,15621,15621,15621,2,0
2023-04-21 15:15:00,15621,15621,15621,2,0
2023-04-21 15:15:00,15621,15621,15621,2,0
2023-04-21 15:15:00,15621,15621,15621,2,0
2023-04-21 15:15:00,15621,15621,15621,2,0
2023-04-21 15:15:00,15621,15621,15621,2,0
2023-04-21 15:15:00,15621,15621,15621,2,0
2023-04-21 15:15:00,15621,15621,15621,2,0
2023-04-21 15:15:00,15621,15621,15621,2,0
2023-04-21 15:15:00,15620,15620,15620,4,-4
2023-04-21 15:15:00,15621,15621,15621,2,2
2023-04-21 15:15:00,15621,15621,15621,2,0
2023-04-21 15:15:00,15621,15621,15621,2,0
2023-04-21 15:15:00,15620,15620,15620,2,-2
2023-04-21 15:15:02,15621,15621,15621,2,2
2023-04-21 15:15:02,15621,15621,15621,8,0
2023-04-21 15:15:02,15621,15621,15621,2,0
2023-04-21 15:15:02,15620,15620,15620,2,-2
2023-04-21 15:15:02,15622,15622,15622,2,2
2023-04-21 15:15:03,15621,15621,15621,2,-2
2023-04-21 15:15:07,15621,15621,15621,2,0
2023-04-21 15:15:08,15620,15620,15620,2,-2
2023-04-21 15:15:08,15620,15620,15620,2,0
2023-04-21 15:15:08,15620,15620,15620,2,0
2023-04-21 15:15:10,15620,15620,15620,2,0
2023-04-21 15:15:10,15620,15620,15620,2,0
2023-04-21 15:15:11,15621,15621,15621,2,2
2023-04-21 15:15:11,15620,15620,15620,2,-2
2023-04-21 15:15:13,15621,15621,15621,2,2
2023-04-21 15:15:13,15621,15621,15621,2,0
2023-04-21 15:15:14,15621,15621,15621,2,0
2023-04-21 15:15:14,15621,15621,15621,2,0
2023-04-21 15:15:14,15621,15621,15621,4,0
2023-04-21 15:15:14,15622,15622,15622,2,2
2023-04-21 15:15:15,15623,15623,15623,4,4
2023-04-21 15:15:17,15623,15623,15623,2,0
2023-04-21 15:15:22,15623,15623,15623,2,0
2023-04-21 15:15:24,15623,15623,15623,2,0
2023-04-21 15:15:24,15623,15623,15623,2,0
2023-04-21 15:15:24,15622,15622,15622,2,-2
2023-04-21 15:15:24,15622,15622,15622,2,0
2023-04-21 15:15:28,15623,15623,15623,4,4
2023-04-21 15:15:28,15623,15623,15623,4,0
2023-04-21 15:15:28,15624,15624,15624,2,2
2023-04-21 15:15:32,15624,15624,15624,2,0
2023-04-21 15:15:33,15625,15625,15625,2,2
2023-04-21 15:15:34,15625,15625,15625,2,0
2023-04-21 15:15:36,15625,15625,15625,2,0
2023-04-21 15:15:37,15625,15625,15625,2,0
2023-04-21 15:15:38,15625,15625,15625,6,0
2023-04-21 15:15:38,15625,15625,15625,4,0
2023-04-21 15:15:39,15625,15625,15625,2,0
2023-04-21 15:15:39,15625,15625,15625,2,0
2023-04-21 15:15:39,15626,15626,15626,4,4
2023-04-21 15:15:41,15626,15626,15626,24,0
2023-04-21 15:15:41,15626,15626,15626,2,0
2023-04-21 15:15:43,15626,15626,15626,2,0
2023-04-21 15:15:43,15626,15626,15626,2,0
2023-04-21 15:15:44,15627,15627,15627,2,2
2023-04-21 15:15:44,15627,15627,15627,2,0
2023-04-21 15:15:44,15627,15627,15627,2,0
2023-04-21 15:15:45,15626,15626,15626,2,-2
2023-04-21 15:15:48,15627,15627,15627,2,2
2023-04-21 15:15:53,15626,15626,15626,2,-2
2023-04-21 15:16:00,15627,15627,15627,2,2
2023-04-21 15:16:00,15627,15627,15627,2,0
2023-04-21 15:16:00,15627,15627,15627,2,0
2023-04-21 15:16:01,15627,15627,15627,4,0
2023-04-21 15:16:01,15627,15627,15627,2,0
2023-04-21 15:16:01,15627,15627,15627,2,0
2023-04-21 15:16:01,15627,15627,15627,2,0
2023-04-21 15:16:01,15627,15627,15627,2,0
2023-04-21 15:16:01,15627,15627,15627,2,0
2023-04-21 15:16:01,15627,15627,15627,2,0
2023-04-21 15:16:01,15627,15627,15627,2,0
2023-04-21 15:16:02,15627,15627,15627,2,0
2023-04-21 15:16:02,15627,15627,15627,2,0
2023-04-21 15:16:16,15627,15627,15627,2,0
2023-04-21 15:16:16,15628,15628,15628,2,2
2023-04-21 15:16:16,15628,15628,15628,2,0
2023-04-21 15:16:16,15628,15628,15628,2,0
2023-04-21 15:16:16,15628,15628,15628,2,0
2023-04-21 15:16:16,15628,15628,15628,4,0
2023-04-21 15:16:16,15628,15628,15628,32,0
2023-04-21 15:16:16,15629,15629,15629,2,2
2023-04-21 15:16:16,15629,15629,15629,2,0
2023-04-21 15:16:16,15629,15629,15629,4,0
2023-04-21 15:16:16,15629,15629,15629,10,0
2023-04-21 15:16:16,15629,15629,15629,2,0
2023-04-21 15:16:16,15629,15629,15629,2,0
2023-04-21 15:16:16,15629,15629,15629,2,0
2023-04-21 15:16:16,15629,15629,15629,2,0
2023-04-21 15:16:16,15629,15629,15629,4,0
2023-04-21 15:16:16,15629,15629,15629,2,0
2023-04-21 15:16:16,15630,15630,15630,2,2
2023-04-21 15:16:16,15630,15630,15630,2,0
2023-04-21 15:16:16,15630,15630,15630,2,0
2023-04-21 15:16:16,15630,15630,15630,2,0
2023-04-21 15:16:16,15630,15630,15630,4,0
2023-04-21 15:16:16,15630,15630,15630,2,0
2023-04-21 15:16:16,15630,15630,15630,2,0
2023-04-21 15:16:16,15630,15630,15630,2,0
2023-04-21 15:16:17,15630,15630,15630,2,0
2023-04-21 15:16:17,15630,15630,15630,2,0
2023-04-21 15:16:17,15630,15630,15630,2,0
2023-04-21 15:16:17,15630,15630,15630,4,0
2023-04-21 15:16:17,15629,15629,15629,2,-2
2023-04-21 15:16:17,15629,15629,15629,2,0
2023-04-21 15:16:17,15629,15629,15629,2,0
2023-04-21 15:16:22,15629,15629,15629,2,0
2023-04-21 15:16:22,15629,15629,15629,2,0
2023-04-21 15:16:23,15629,15629,15629,2,0
2023-04-21 15:16:23,15628,15628,15628,2,-2
2023-04-21 15:16:27,15629,15629,15629,2,2
2023-04-21 15:16:28,15628,15628,15628,2,-2
2023-04-21 15:16:28,15628,15628,15628,2,0
2023-04-21 15:16:28,15628,15628,15628,6,0
2023-04-21 15:16:30,15628,15628,15628,10,0
2023-04-21 15:16:31,15628,15628,15628,2,0
2023-04-21 15:16:32,15628,15628,15628,2,0
2023-04-21 15:16:32,15628,15628,15628,2,0
2023-04-21 15:16:38,15628,15628,15628,2,0
2023-04-21 15:16:43,15627,15627,15627,4,-4
2023-04-21 15:16:51,15627,15627,15627,2,0
2023-04-21 15:16:52,15627,15627,15627,2,0
2023-04-21 15:16:52,15627,15627,15627,2,0
2023-04-21 15:16:52,15627,15627,15627,2,0
2023-04-21 15:16:52,15627,15627,15627,2,0
2023-04-21 15:16:52,15627,15627,15627,2,0
2023-04-21 15:16:53,15626,15626,15626,6,-6
2023-04-21 15:16:54,15626,15626,15626,2,0
2023-04-21 15:17:00,15627,15627,15627,2,2
2023-04-21 15:17:00,15627,15627,15627,2,0
2023-04-21 15:17:03,15627,15627,15627,4,0
2023-04-21 15:17:03,15627,15627,15627,2,0
2023-04-21 15:17:06,15627,15627,15627,2,0
2023-04-21 15:17:07,15627,15627,15627,2,0
2023-04-21 15:17:08,15627,15627,15627,2,0
2023-04-21 15:17:12,15626,15626,15626,2,-2
2023-04-21 15:17:12,15626,15626,15626,2,0
2023-04-21 15:17:13,15627,15627,15627,2,2
2023-04-21 15:17:19,15626,15626,15626,2,-2
2023-04-21 15:17:24,15626,15626,15626,2,0
2023-04-21 15:17:39,15626,15626,15626,2,0
2023-04-21 15:17:43,15625,15625,15625,2,-2
2023-04-21 15:17:44,15625,15625,15625,2,0
2023-04-21 15:17:47,15624,15624,15624,2,-2
2023-04-21 15:17:47,15624,15624,15624,6,0
2023-04-21 15:17:50,15625,15625,15625,2,2
2023-04-21 15:17:57,15625,15625,15625,2,0
2023-04-21 15:17:57,15625,15625,15625,4,0
2023-04-21 15:17:59,15625,15625,15625,4,0
2023-04-21 15:17:59,15624,15624,15624,2,-2
2023-04-21 15:18:00,15626,15626,15626,2,2
2023-04-21 15:18:00,15626,15626,15626,2,0
2023-04-21 15:18:08,15626,15626,15626,2,0
2023-04-21 15:18:10,15626,15626,15626,2,0
2023-04-21 15:18:11,15625,15625,15625,2,-2
2023-04-21 15:18:11,15625,15625,15625,2,0
2023-04-21 15:18:12,15626,15626,15626,2,2
2023-04-21 15:18:18,15626,15626,15626,2,0
2023-04-21 15:18:18,15626,15626,15626,4,0
2023-04-21 15:18:22,15626,15626,15626,2,0
2023-04-21 15:18:23,15626,15626,15626,2,0
2023-04-21 15:18:33,15626,15626,15626,2,0
2023-04-21 15:18:40,15626,15626,15626,2,0
2023-04-21 15:18:41,15626,15626,15626,2,0
2023-04-21 15:18:43,15626,15626,15626,2,0
2023-04-21 15:18:45,15625,15625,15625,2,-2
2023-04-21 15:18:45,15625,15625,15625,2,0
2023-04-21 15:18:46,15626,15626,15626,2,2
2023-04-21 15:18:51,15625,15625,15625,2,-2
2023-04-21 15:18:55,15625,15625,15625,2,0
2023-04-21 15:18:56,15625,15625,15625,2,0
2023-04-21 15:18:56,15625,15625,15625,2,0
2023-04-21 15:18:56,15625,15625,15625,2,0
2023-04-21 15:18:56,15625,15625,15625,2,0
2023-04-21 15:18:56,15625,15625,15625,2,0
2023-04-21 15:18:58,15624,15624,15624,2,-2
2023-04-21 15:18:58,15624,15624,15624,2,0
2023-04-21 15:18:58,15624,15624,15624,6,0
2023-04-21 15:19:00,15625,15625,15625,2,2
2023-04-21 15:19:00,15625,15625,15625,2,0
2023-04-21 15:19:04,15624,15624,15624,4,-4
2023-04-21 15:19:05,15624,15624,15624,2,0
2023-04-21 15:19:06,15624,15624,15624,6,0
2023-04-21 15:19:06,15625,15625,15625,2,2
2023-04-21 15:19:07,15624,15624,15624,10,-10
2023-04-21 15:19:07,15624,15624,15624,2,0
2023-04-21 15:19:08,15624,15624,15624,2,0
2023-04-21 15:19:15,15625,15625,15625,2,2
2023-04-21 15:19:15,15625,15625,15625,6,0
2023-04-21 15:19:15,15625,15625,15625,6,0
2023-04-21 15:19:15,15625,15625,15625,2,0
2023-04-21 15:19:15,15625,15625,15625,4,0
2023-04-21 15:19:17,15625,15625,15625,2,0
2023-04-21 15:19:22,15624,15624,15624,6,-6
2023-04-21 15:19:24,15624,15624,15624,2,0
2023-04-21 15:19:24,15624,15624,15624,2,0
2023-04-21 15:19:24,15624,15624,15624,2,0
2023-04-21 15:19:24,15623,15623,15623,2,-2
2023-04-21 15:19:24,15623,15623,15623,2,0
2023-04-21 15:19:24,15623,15623,15623,4,0
2023-04-21 15:19:24,15623,15623,15623,2,0
2023-04-21 15:19:32,15624,15624,15624,2,2
2023-04-21 15:19:37,15623,15623,15623,2,-2
2023-04-21 15:19:39,15624,15624,15624,2,2
2023-04-21 15:19:39,15624,15624,15624,4,0
2023-04-21 15:19:39,15624,15624,15624,2,0
2023-04-21 15:19:39,15624,15624,15624,2,0
2023-04-21 15:19:45,15624,15624,15624,2,0
2023-04-21 15:19:48,15624,15624,15624,2,0
2023-04-21 15:19:49,15624,15624,15624,2,0
2023-04-21 15:19:50,15624,15624,15624,2,0
2023-04-21 15:19:50,15624,15624,15624,2,0
2023-04-21 15:19:54,15624,15624,15624,2,0
2023-04-21 15:20:00,15624,15624,15624,2,0
2023-04-21 15:20:00,15625,15625,15625,2,2
2023-04-21 15:20:00,15625,15625,15625,2,0
2023-04-21 15:20:00,15625,15625,15625,2,0
2023-04-21 15:20:01,15625,15625,15625,10,0
2023-04-21 15:20:01,15626,15626,15626,2,2
2023-04-21 15:20:11,15625,15625,15625,2,-2
2023-04-21 15:20:13,15626,15626,15626,2,2
2023-04-21 15:20:14,15626,15626,15626,2,0
2023-04-21 15:20:14,15626,15626,15626,4,0
2023-04-21 15:20:16,15626,15626,15626,2,0
2023-04-21 15:20:27,15627,15627,15627,2,2
2023-04-21 15:20:27,15627,15627,15627,2,0
2023-04-21 15:20:30,15626,15626,15626,2,-2
2023-04-21 15:20:32,15627,15627,15627,2,2
2023-04-21 15:20:34,15627,15627,15627,2,0
2023-04-21 15:20:36,15627,15627,15627,2,0
2023-04-21 15:20:36,15627,15627,15627,4,0
2023-04-21 15:20:36,15627,15627,15627,2,0
2023-04-21 15:20:36,15627,15627,15627,14,0
2023-04-21 15:20:38,15628,15628,15628,2,2
2023-04-21 15:20:38,15628,15628,15628,14,0
2023-04-21 15:20:40,15629,15629,15629,6,6
2023-04-21 15:20:40,15629,15629,15629,4,0
2023-04-21 15:20:40,15629,15629,15629,18,0
2023-04-21 15:20:42,15630,15630,15630,2,2
2023-04-21 15:20:42,15630,15630,15630,4,0
2023-04-21 15:20:43,15630,15630,15630,4,0
2023-04-21 15:20:43,15630,15630,15630,12,0
2023-04-21 15:20:43,15630,15630,15630,8,0
2023-04-21 15:20:44,15630,15630,15630,2,0
2023-04-21 15:20:45,15630,15630,15630,2,0
2023-04-21 15:20:45,15631,15631,15631,2,2
2023-04-21 15:20:46,15631,15631,15631,2,0
2023-04-21 15:20:46,15630,15630,15630,2,-2
2023-04-21 15:20:46,15630,15630,15630,2,0
2023-04-21 15:20:46,15631,15631,15631,2,2
2023-04-21 15:20:47,15631,15631,15631,40,0
2023-04-21 15:20:48,15629,15629,15629,4,-4
2023-04-21 15:20:48,15629,15629,15629,2,0
2023-04-21 15:20:48,15629,15629,15629,2,0
2023-04-21 15:20:48,15629,15629,15629,6,0
2023-04-21 15:20:48,15629,15629,15629,2,0
2023-04-21 15:20:48,15629,15629,15629,2,0
2023-04-21 15:20:48,15629,15629,15629,2,0
2023-04-21 15:20:48,15629,15629,15629,6,0
2023-04-21 15:20:48,15629,15629,15629,2,0
2023-04-21 15:20:48,15629,15629,15629,2,0
2023-04-21 15:20:48,15629,15629,15629,2,0
2023-04-21 15:20:49,15631,15631,15631,2,2
2023-04-21 15:20:49,15631,15631,15631,38,0
2023-04-21 15:20:49,15632,15632,15632,2,2
2023-04-21 15:20:50,15630,15630,15630,2,-2
2023-04-21 15:20:50,15631,15631,15631,2,2
2023-04-21 15:20:50,15631,15631,15631,2,0
2023-04-21 15:20:50,15631,15631,15631,2,0
2023-04-21 15:20:50,15631,15631,15631,2,0
2023-04-21 15:20:50,15631,15631,15631,2,0
2023-04-21 15:20:50,15631,15631,15631,2,0
2023-04-21 15:20:51,15631,15631,15631,34,0
2023-04-21 15:20:51,15631,15631,15631,6,0
2023-04-21 15:20:51,15631,15631,15631,2,0
2023-04-21 15:20:52,15631,15631,15631,2,0
2023-04-21 15:20:53,15631,15631,15631,8,0
2023-04-21 15:20:53,15632,15632,15632,32,32
2023-04-21 15:20:55,15632,15632,15632,38,0
2023-04-21 15:20:55,15632,15632,15632,2,0
2023-04-21 15:20:57,15632,15632,15632,2,0
2023-04-21 15:20:57,15632,15632,15632,2,0
2023-04-21 15:20:58,15632,15632,15632,2,0
2023-04-21 15:20:59,15631,15631,15631,2,-2
2023-04-21 15:20:59,15631,15631,15631,2,0
2023-04-21 15:21:00,15632,15632,15632,2,2
2023-04-21 15:21:00,15632,15632,15632,2,0
2023-04-21 15:21:00,15632,15632,15632,6,0
2023-04-21 15:21:00,15632,15632,15632,2,0
2023-04-21 15:21:01,15632,15632,15632,4,0
2023-04-21 15:21:01,15633,15633,15633,36,36
2023-04-21 15:21:01,15633,15633,15633,2,0
2023-04-21 15:21:01,15633,15633,15633,2,0
2023-04-21 15:21:01,15633,15633,15633,2,0
2023-04-21 15:21:01,15633,15633,15633,2,0
2023-04-21 15:21:02,15632,15632,15632,4,-4
2023-04-21 15:21:02,15632,15632,15632,2,0
2023-04-21 15:21:02,15632,15632,15632,2,0
2023-04-21 15:21:03,15633,15633,15633,28,28
2023-04-21 15:21:03,15634,15634,15634,12,12
2023-04-21 15:21:03,15632,15632,15632,2,-2
2023-04-21 15:21:03,15633,15633,15633,2,2
2023-04-21 15:21:03,15633,15633,15633,2,0
2023-04-21 15:21:03,15634,15634,15634,2,2
2023-04-21 15:21:04,15634,15634,15634,2,0
2023-04-21 15:21:04,15633,15633,15633,2,-2
2023-04-21 15:21:05,15634,15634,15634,40,40
2023-04-21 15:21:05,15635,15635,15635,2,2
2023-04-21 15:21:05,15632,15632,15632,2,-2
2023-04-21 15:21:07,15633,15633,15633,2,2
2023-04-21 15:21:07,15633,15633,15633,2,0
2023-04-21 15:21:11,15634,15634,15634,4,4
2023-04-21 15:21:11,15634,15634,15634,2,0
2023-04-21 15:21:11,15633,15633,15633,4,-4
2023-04-21 15:21:12,15635,15635,15635,40,40
2023-04-21 15:21:12,15635,15635,15635,2,0
2023-04-21 15:21:12,15633,15633,15633,4,-4
2023-04-21 15:21:14,15634,15634,15634,38,38
2023-04-21 15:21:14,15635,15635,15635,2,2
2023-04-21 15:21:14,15633,15633,15633,2,-2
2023-04-21 15:21:15,15633,15633,15633,2,0
2023-04-21 15:21:15,15632,15632,15632,2,-2
2023-04-21 15:21:16,15633,15633,15633,2,2
2023-04-21 15:21:16,15634,15634,15634,40,40
2023-04-21 15:21:17,15634,15634,15634,6,0
2023-04-21 15:21:18,15634,15634,15634,2,0
2023-04-21 15:21:19,15634,15634,15634,2,0
2023-04-21 15:21:19,15633,15633,15633,2,-2
2023-04-21 15:21:19,15634,15634,15634,4,4
2023-04-21 15:21:20,15634,15634,15634,10,0
2023-04-21 15:21:20,15635,15635,15635,30,30
2023-04-21 15:21:21,15634,15634,15634,2,-2
2023-04-21 15:21:22,15635,15635,15635,2,2
2023-04-21 15:21:22,15635,15635,15635,4,0
2023-04-21 15:21:22,15635,15635,15635,2,0
2023-04-21 15:21:23,15635,15635,15635,2,0
2023-04-21 15:21:23,15636,15636,15636,2,2
2023-04-21 15:21:23,15636,15636,15636,2,0
2023-04-21 15:21:23,15636,15636,15636,2,0
2023-04-21 15:21:23,15636,15636,15636,2,0
2023-04-21 15:21:23,15636,15636,15636,2,0
2023-04-21 15:21:25,15635,15635,15635,2,-2
2023-04-21 15:21:26,15634,15634,15634,2,-2
2023-04-21 15:21:27,15635,15635,15635,2,2
2023-04-21 15:21:28,15635,15635,15635,2,0
2023-04-21 15:21:29,15634,15634,15634,2,-2
2023-04-21 15:21:29,15635,15635,15635,36,36
2023-04-21 15:21:29,15636,15636,15636,14,14
2023-04-21 15:21:30,15636,15636,15636,2,0
2023-04-21 15:21:31,15636,15636,15636,6,0
2023-04-21 15:21:31,15636,15636,15636,2,0
2023-04-21 15:21:31,15636,15636,15636,2,0
2023-04-21 15:21:31,15635,15635,15635,2,-2
2023-04-21 15:21:31,15635,15635,15635,6,0
2023-04-21 15:21:31,15635,15635,15635,2,0
2023-04-21 15:21:32,15634,15634,15634,2,-2
2023-04-21 15:21:32,15634,15634,15634,2,0
2023-04-21 15:21:32,15634,15634,15634,2,0
2023-04-21 15:21:32,15634,15634,15634,2,0
2023-04-21 15:21:32,15634,15634,15634,2,0
2023-04-21 15:21:32,15635,15635,15635,2,2
2023-04-21 15:21:34,15635,15635,15635,2,0
2023-04-21 15:21:34,15635,15635,15635,4,0
2023-04-21 15:21:35,15634,15634,15634,2,-2
2023-04-21 15:21:35,15634,15634,15634,4,0
2023-04-21 15:21:37,15635,15635,15635,4,4
2023-04-21 15:21:38,15635,15635,15635,14,0
2023-04-21 15:21:38,15635,15635,15635,54,0
2023-04-21 15:21:38,15635,15635,15635,2,0
2023-04-21 15:21:42,15635,15635,15635,4,0
2023-04-21 15:21:42,15635,15635,15635,4,0
2023-04-21 15:21:42,15635,15635,15635,2,0
2023-04-21 15:21:43,15634,15634,15634,2,-2
2023-04-21 15:21:44,15636,15636,15636,6,6
2023-04-21 15:21:46,15635,15635,15635,2,-2
2023-04-21 15:21:46,15635,15635,15635,2,0
2023-04-21 15:21:47,15635,15635,15635,4,0
2023-04-21 15:21:48,15635,15635,15635,4,0
2023-04-21 15:21:50,15634,15634,15634,2,-2
2023-04-21 15:21:50,15634,15634,15634,2,0
2023-04-21 15:21:50,15634,15634,15634,2,0
2023-04-21 15:21:50,15634,15634,15634,2,0
2023-04-21 15:21:50,15634,15634,15634,2,0
2023-04-21 15:21:50,15634,15634,15634,2,0
2023-04-21 15:21:50,15634,15634,15634,8,0
2023-04-21 15:21:50,15634,15634,15634,2,0
2023-04-21 15:21:50,15634,15634,15634,2,0
2023-04-21 15:21:50,15634,15634,15634,2,0
2023-04-21 15:21:51,15634,15634,15634,8,0
2023-04-21 15:21:53,15634,15634,15634,2,0
2023-04-21 15:21:57,15634,15634,15634,4,0
2023-04-21 15:21:58,15633,15633,15633,2,-2
2023-04-21 15:22:00,15633,15633,15633,2,0
2023-04-21 15:22:00,15633,15633,15633,2,0
2023-04-21 15:22:00,15634,15634,15634,2,2
2023-04-21 15:22:00,15634,15634,15634,2,0
2023-04-21 15:22:01,15634,15634,15634,4,0
2023-04-21 15:22:01,15634,15634,15634,6,0
2023-04-21 15:22:01,15634,15634,15634,4,0
2023-04-21 15:22:01,15633,15633,15633,4,-4
2023-04-21 15:22:02,15635,15635,15635,4,4
2023-04-21 15:22:07,15635,15635,15635,50,0
2023-04-21 15:22:12,15635,15635,15635,2,0
2023-04-21 15:22:12,15635,15635,15635,14,0
2023-04-21 15:22:12,15636,15636,15636,4,4
2023-04-21 15:22:16,15635,15635,15635,2,-2
2023-04-21 15:22:26,15635,15635,15635,2,0
2023-04-21 15:22:27,15635,15635,15635,2,0
2023-04-21 15:22:28,15636,15636,15636,2,2
2023-04-21 15:22:33,15635,15635,15635,2,-2
2023-04-21 15:22:33,15635,15635,15635,2,0
2023-04-21 15:22:33,15635,15635,15635,2,0
2023-04-21 15:22:33,15635,15635,15635,4,0
2023-04-21 15:22:41,15633,15633,15633,2,-2
2023-04-21 15:22:41,15633,15633,15633,2,0
2023-04-21 15:22:48,15633,15633,15633,2,0
2023-04-21 15:22:50,15634,15634,15634,2,2
2023-04-21 15:22:52,15633,15633,15633,2,-2
2023-04-21 15:22:56,15632,15632,15632,2,-2
2023-04-21 15:23:00,15633,15633,15633,2,2
2023-04-21 15:23:00,15633,15633,15633,2,0
2023-04-21 15:23:00,15632,15632,15632,2,-2
2023-04-21 15:23:01,15632,15632,15632,2,0
2023-04-21 15:23:01,15632,15632,15632,2,0
2023-04-21 15:23:01,15632,15632,15632,2,0
2023-04-21 15:23:01,15632,15632,15632,2,0
2023-04-21 15:23:01,15632,15632,15632,4,0
2023-04-21 15:23:02,15632,15632,15632,2,0
2023-04-21 15:23:08,15632,15632,15632,4,0
2023-04-21 15:23:08,15633,15633,15633,2,2
2023-04-21 15:23:09,15633,15633,15633,2,0
2023-04-21 15:23:10,15632,15632,15632,2,-2
2023-04-21 15:23:10,15632,15632,15632,2,0
2023-04-21 15:23:10,15632,15632,15632,10,0
2023-04-21 15:23:10,15632,15632,15632,2,0
2023-04-21 15:23:10,15632,15632,15632,6,0
2023-04-21 15:23:10,15632,15632,15632,2,0
2023-04-21 15:23:14,15631,15631,15631,2,-2
2023-04-21 15:23:14,15631,15631,15631,2,0
2023-04-21 15:23:15,15631,15631,15631,2,0
2023-04-21 15:23:15,15631,15631,15631,2,0
2023-04-21 15:23:15,15631,15631,15631,2,0
2023-04-21 15:23:15,15631,15631,15631,2,0
2023-04-21 15:23:17,15631,15631,15631,2,0
2023-04-21 15:23:17,15631,15631,15631,2,0
2023-04-21 15:23:21,15631,15631,15631,2,0
2023-04-21 15:23:23,15631,15631,15631,2,0
2023-04-21 15:23:24,15630,15630,15630,2,-2
2023-04-21 15:23:24,15630,15630,15630,4,0
2023-04-21 15:23:24,15630,15630,15630,2,0
2023-04-21 15:23:24,15630,15630,15630,2,0
2023-04-21 15:23:24,15629,15629,15629,2,-2
2023-04-21 15:23:24,15629,15629,15629,2,0
2023-04-21 15:23:27,15629,15629,15629,2,0
2023-04-21 15:23:28,15629,15629,15629,2,0
2023-04-21 15:23:29,15630,15630,15630,2,2
2023-04-21 15:23:29,15629,15629,15629,2,-2
2023-04-21 15:23:29,15629,15629,15629,4,0
2023-04-21 15:23:30,15629,15629,15629,4,0
2023-04-21 15:23:31,15629,15629,15629,2,0
2023-04-21 15:23:34,15629,15629,15629,10,0
2023-04-21 15:23:34,15629,15629,15629,2,0
2023-04-21 15:23:34,15629,15629,15629,2,0
2023-04-21 15:23:34,15629,15629,15629,2,0
2023-04-21 15:23:34,15629,15629,15629,2,0
2023-04-21 15:23:34,15629,15629,15629,2,0
2023-04-21 15:23:35,15629,15629,15629,2,0
2023-04-21 15:23:37,15628,15628,15628,2,-2
2023-04-21 15:23:38,15628,15628,15628,2,0
2023-04-21 15:23:38,15628,15628,15628,2,0
2023-04-21 15:23:38,15628,15628,15628,2,0
2023-04-21 15:23:38,15628,15628,15628,2,0
2023-04-21 15:23:41,15626,15626,15626,2,-2
2023-04-21 15:23:43,15627,15627,15627,2,2
2023-04-21 15:23:43,15627,15627,15627,2,0
2023-04-21 15:23:46,15626,15626,15626,2,-2
2023-04-21 15:23:47,15626,15626,15626,2,0
2023-04-21 15:23:47,15626,15626,15626,4,0
2023-04-21 15:23:47,15626,15626,15626,6,0
2023-04-21 15:23:47,15626,15626,15626,4,0
2023-04-21 15:23:47,15626,15626,15626,10,0
2023-04-21 15:23:47,15626,15626,15626,2,0
2023-04-21 15:23:47,15626,15626,15626,2,0
2023-04-21 15:23:47,15626,15626,15626,2,0
2023-04-21 15:23:47,15626,15626,15626,2,0
2023-04-21 15:23:50,15626,15626,15626,6,0
2023-04-21 15:23:51,15626,15626,15626,2,0
2023-04-21 15:23:51,15625,15625,15625,2,-2
2023-04-21 15:23:51,15625,15625,15625,2,0
2023-04-21 15:23:52,15625,15625,15625,2,0
2023-04-21 15:23:52,15625,15625,15625,2,0
2023-04-21 15:23:53,15625,15625,15625,2,0
2023-04-21 15:23:53,15626,15626,15626,2,2
2023-04-21 15:23:53,15626,15626,15626,4,0
2023-04-21 15:23:53,15627,15627,15627,2,2
2023-04-21 15:23:53,15627,15627,15627,2,0
2023-04-21 15:23:53,15627,15627,15627,2,0
2023-04-21 15:23:54,15626,15626,15626,2,-2
2023-04-21 15:23:57,15626,15626,15626,2,0
2023-04-21 15:24:00,15626,15626,15626,2,0
2023-04-21 15:24:00,15626,15626,15626,2,0
2023-04-21 15:24:00,15628,15628,15628,2,2
2023-04-21 15:24:00,15628,15628,15628,2,0
2023-04-21 15:24:00,15628,15628,15628,2,0
2023-04-21 15:24:00,15628,15628,15628,2,0
2023-04-21 15:24:00,15629,15629,15629,2,2
2023-04-21 15:24:00,15629,15629,15629,2,0
2023-04-21 15:24:01,15627,15627,15627,2,-2
2023-04-21 15:24:02,15627,15627,15627,2,0
2023-04-21 15:24:03,15627,15627,15627,2,0
2023-04-21 15:24:04,15628,15628,15628,2,2
2023-04-21 15:24:06,15628,15628,15628,2,0
2023-04-21 15:24:08,15627,15627,15627,2,-2
2023-04-21 15:24:15,15628,15628,15628,2,2
2023-04-21 15:24:16,15628,15628,15628,2,0
2023-04-21 15:24:16,15628,15628,15628,2,0
2023-04-21 15:24:16,15627,15627,15627,2,-2
2023-04-21 15:24:16,15627,15627,15627,2,0
2023-04-21 15:24:16,15627,15627,15627,4,0
2023-04-21 15:24:16,15627,15627,15627,2,0
2023-04-21 15:24:16,15627,15627,15627,2,0
2023-04-21 15:24:24,15628,15628,15628,2,2
2023-04-21 15:24:25,15628,15628,15628,2,0
2023-04-21 15:24:30,15627,15627,15627,2,-2
2023-04-21 15:24:34,15628,15628,15628,4,4
2023-04-21 15:24:36,15627,15627,15627,2,-2
2023-04-21 15:24:37,15627,15627,15627,2,0
2023-04-21 15:24:46,15626,15626,15626,2,-2
2023-04-21 15:24:46,15627,15627,15627,2,2
2023-04-21 15:24:46,15628,15628,15628,2,2
2023-04-21 15:24:49,15626,15626,15626,2,-2
2023-04-21 15:24:49,15628,15628,15628,4,4
2023-04-21 15:24:52,15626,15626,15626,2,-2
2023-04-21 15:24:58,15627,15627,15627,2,2
2023-04-21 15:25:00,15628,15628,15628,2,2
2023-04-21 15:25:00,15628,15628,15628,2,0
2023-04-21 15:25:01,15627,15627,15627,2,-2
2023-04-21 15:25:01,15627,15627,15627,2,0
2023-04-21 15:25:01,15627,15627,15627,2,0
2023-04-21 15:25:02,15627,15627,15627,2,0
2023-04-21 15:25:02,15627,15627,15627,2,0
2023-04-21 15:25:02,15627,15627,15627,2,0
2023-04-21 15:25:04,15626,15626,15626,2,-2
2023-04-21 15:25:07,15626,15626,15626,2,0
2023-04-21 15:25:10,15627,15627,15627,6,6
2023-04-21 15:25:11,15626,15626,15626,2,-2
2023-04-21 15:25:11,15626,15626,15626,4,0
2023-04-21 15:25:11,15626,15626,15626,2,0
2023-04-21 15:25:11,15626,15626,15626,2,0
2023-04-21 15:25:11,15626,15626,15626,2,0
2023-04-21 15:25:11,15626,15626,15626,2,0
2023-04-21 15:25:11,15626,15626,15626,2,0
2023-04-21 15:25:11,15626,15626,15626,2,0
2023-04-21 15:25:11,15626,15626,15626,2,0
2023-04-21 15:25:11,15626,15626,15626,2,0
2023-04-21 15:25:11,15626,15626,15626,2,0
2023-04-21 15:25:12,15626,15626,15626,4,0
2023-04-21 15:25:17,15626,15626,15626,2,0
2023-04-21 15:25:20,15625,15625,15625,2,-2
2023-04-21 15:25:23,15625,15625,15625,2,0
2023-04-21 15:25:23,15625,15625,15625,2,0
2023-04-21 15:25:23,15625,15625,15625,2,0
2023-04-21 15:25:23,15625,15625,15625,2,0
2023-04-21 15:25:23,15625,15625,15625,2,0
2023-04-21 15:25:23,15625,15625,15625,2,0
2023-04-21 15:25:23,15625,15625,15625,2,0
2023-04-21 15:25:23,15625,15625,15625,2,0
2023-04-21 15:25:23,15625,15625,15625,2,0
2023-04-21 15:25:23,15625,15625,15625,2,0
2023-04-21 15:25:23,15624,15624,15624,2,-2
2023-04-21 15:25:23,15624,15624,15624,2,0
2023-04-21 15:25:23,15624,15624,15624,2,0
2023-04-21 15:25:23,15624,15624,15624,2,0
2023-04-21 15:25:23,15623,15623,15623,2,-2
2023-04-21 15:25:23,15623,15623,15623,2,0
2023-04-21 15:25:25,15623,15623,15623,2,0
2023-04-21 15:25:27,15623,15623,15623,2,0
2023-04-21 15:25:27,15623,15623,15623,2,0
2023-04-21 15:25:28,15623,15623,15623,2,0
2023-04-21 15:25:28,15623,15623,15623,2,0
2023-04-21 15:25:29,15623,15623,15623,4,0
2023-04-21 15:25:29,15624,15624,15624,2,2
2023-04-21 15:25:29,15623,15623,15623,2,-2
2023-04-21 15:25:30,15624,15624,15624,2,2
2023-04-21 15:25:30,15623,15623,15623,2,-2
2023-04-21 15:25:31,15624,15624,15624,6,6
2023-04-21 15:25:31,15625,15625,15625,2,2
2023-04-21 15:25:32,15624,15624,15624,2,-2
2023-04-21 15:25:32,15624,15624,15624,2,0
2023-04-21 15:25:32,15624,15624,15624,4,0
2023-04-21 15:25:32,15624,15624,15624,6,0
2023-04-21 15:25:32,15624,15624,15624,6,0
2023-04-21 15:25:32,15625,15625,15625,4,4
2023-04-21 15:25:33,15626,15626,15626,4,4
2023-04-21 15:25:38,15626,15626,15626,2,0
2023-04-21 15:25:40,15624,15624,15624,2,-2
2023-04-21 15:25:41,15625,15625,15625,2,2
2023-04-21 15:25:49,15625,15625,15625,2,0
2023-04-21 15:25:52,15625,15625,15625,2,0
2023-04-21 15:25:53,15625,15625,15625,2,0
2023-04-21 15:25:53,15625,15625,15625,4,0
2023-04-21 15:25:53,15625,15625,15625,2,0
2023-04-21 15:25:53,15625,15625,15625,2,0
2023-04-21 15:25:53,15624,15624,15624,2,-2
2023-04-21 15:25:56,15624,15624,15624,2,0
2023-04-21 15:25:56,15624,15624,15624,2,0
2023-04-21 15:26:00,15625,15625,15625,2,2
2023-04-21 15:26:00,15625,15625,15625,2,0
2023-04-21 15:26:01,15624,15624,15624,2,-2
2023-04-21 15:26:01,15624,15624,15624,2,0
2023-04-21 15:26:02,15624,15624,15624,4,0
2023-04-21 15:26:02,15624,15624,15624,2,0
2023-04-21 15:26:04,15624,15624,15624,4,0
2023-04-21 15:26:08,15623,15623,15623,2,-2
2023-04-21 15:26:08,15623,15623,15623,2,0
2023-04-21 15:26:08,15623,15623,15623,2,0
2023-04-21 15:26:10,15623,15623,15623,2,0
2023-04-21 15:26:13,15623,15623,15623,2,0
2023-04-21 15:26:17,15623,15623,15623,8,0
2023-04-21 15:26:17,15623,15623,15623,6,0
2023-04-21 15:26:17,15623,15623,15623,2,0
2023-04-21 15:26:17,15623,15623,15623,4,0
2023-04-21 15:26:17,15623,15623,15623,2,0
2023-04-21 15:26:17,15623,15623,15623,2,0
2023-04-21 15:26:17,15623,15623,15623,2,0
2023-04-21 15:26:19,15624,15624,15624,4,4
2023-04-21 15:26:19,15624,15624,15624,16,0
2023-04-21 15:26:21,15624,15624,15624,2,0
2023-04-21 15:26:21,15625,15625,15625,2,2
2023-04-21 15:26:21,15625,15625,15625,2,0
2023-04-21 15:26:21,15624,15624,15624,2,-2
2023-04-21 15:26:29,15624,15624,15624,2,0
2023-04-21 15:26:34,15624,15624,15624,6,0
2023-04-21 15:26:36,15624,15624,15624,2,0
2023-04-21 15:26:36,15624,15624,15624,4,0
2023-04-21 15:26:36,15625,15625,15625,2,2
2023-04-21 15:26:40,15624,15624,15624,2,-2
2023-04-21 15:26:42,15624,15624,15624,2,0
2023-04-21 15:26:48,15624,15624,15624,2,0
2023-04-21 15:26:55,15623,15623,15623,2,-2
2023-04-21 15:26:55,15623,15623,15623,2,0
2023-04-21 15:26:55,15623,15623,15623,2,0
2023-04-21 15:26:57,15623,15623,15623,2,0
2023-04-21 15:26:57,15623,15623,15623,2,0
2023-04-21 15:26:57,15622,15622,15622,2,-2
2023-04-21 15:27:00,15623,15623,15623,2,2
2023-04-21 15:27:00,15623,15623,15623,2,0
2023-04-21 15:27:02,15622,15622,15622,2,-2
2023-04-21 15:27:02,15622,15622,15622,2,0
2023-04-21 15:27:02,15622,15622,15622,2,0
2023-04-21 15:27:02,15622,15622,15622,2,0
2023-04-21 15:27:03,15622,15622,15622,2,0
2023-04-21 15:27:03,15622,15622,15622,2,0
2023-04-21 15:27:03,15622,15622,15622,2,0
2023-04-21 15:27:04,15622,15622,15622,2,0
2023-04-21 15:27:04,15621,15621,15621,2,-2
2023-04-21 15:27:04,15621,15621,15621,2,0
2023-04-21 15:27:05,15622,15622,15622,2,2
2023-04-21 15:27:05,15622,15622,15622,2,0
2023-04-21 15:27:07,15621,15621,15621,2,-2
2023-04-21 15:27:09,15621,15621,15621,2,0
2023-04-21 15:27:11,15621,15621,15621,2,0
2023-04-21 15:27:11,15621,15621,15621,2,0
2023-04-21 15:27:13,15621,15621,15621,2,0
2023-04-21 15:27:17,15621,15621,15621,2,0
2023-04-21 15:27:17,15621,15621,15621,2,0
2023-04-21 15:27:18,15621,15621,15621,2,0
2023-04-21 15:27:19,15621,15621,15621,2,0
2023-04-21 15:27:20,15621,15621,15621,2,0
2023-04-21 15:27:21,15621,15621,15621,2,0
2023-04-21 15:27:21,15621,15621,15621,2,0
2023-04-21 15:27:22,15621,15621,15621,2,0
2023-04-21 15:27:28,15620,15620,15620,10,-10
2023-04-21 15:27:28,15620,15620,15620,2,0
2023-04-21 15:27:28,15620,15620,15620,4,0
2023-04-21 15:27:28,15620,15620,15620,2,0
2023-04-21 15:27:30,15621,15621,15621,6,6
2023-04-21 15:27:31,15621,15621,15621,2,0
2023-04-21 15:27:32,15620,15620,15620,2,-2
2023-04-21 15:27:33,15620,15620,15620,2,0
2023-04-21 15:27:35,15621,15621,15621,2,2
2023-04-21 15:27:36,15621,15621,15621,20,0
2023-04-21 15:27:41,15621,15621,15621,2,0
2023-04-21 15:27:41,15622,15622,15622,4,4
2023-04-21 15:27:41,15623,15623,15623,8,8
2023-04-21 15:27:41,15623,15623,15623,8,0
2023-04-21 15:27:42,15622,15622,15622,2,-2
2023-04-21 15:27:42,15621,15621,15621,2,-2
2023-04-21 15:27:47,15621,15621,15621,2,0
2023-04-21 15:27:47,15621,15621,15621,2,0
2023-04-21 15:27:51,15621,15621,15621,2,0
2023-04-21 15:27:53,15621,15621,15621,2,0
2023-04-21 15:27:53,15621,15621,15621,2,0
2023-04-21 15:27:53,15621,15621,15621,2,0
2023-04-21 15:27:55,15621,15621,15621,2,0
2023-04-21 15:27:55,15621,15621,15621,2,0
2023-04-21 15:27:55,15621,15621,15621,4,0
2023-04-21 15:27:58,15621,15621,15621,2,0
2023-04-21 15:27:59,15621,15621,15621,2,0
2023-04-21 15:27:59,15621,15621,15621,2,0
2023-04-21 15:27:59,15621,15621,15621,2,0
2023-04-21 15:28:00,15622,15622,15622,14,14
2023-04-21 15:28:00,15625,15625,15625,2,2
2023-04-21 15:28:00,15625,15625,15625,2,0
2023-04-21 15:28:00,15625,15625,15625,2,0
2023-04-21 15:28:00,15623,15623,15623,2,-2
2023-04-21 15:28:00,15623,15623,15623,2,0
2023-04-21 15:28:00,15623,15623,15623,2,0
2023-04-21 15:28:01,15622,15622,15622,2,-2
2023-04-21 15:28:02,15622,15622,15622,2,0
2023-04-21 15:28:02,15622,15622,15622,2,0
2023-04-21 15:28:02,15622,15622,15622,2,0
2023-04-21 15:28:24,15623,15623,15623,2,2
2023-04-21 15:28:26,15623,15623,15623,2,0
2023-04-21 15:28:26,15623,15623,15623,2,0
2023-04-21 15:28:32,15624,15624,15624,2,2
2023-04-21 15:28:38,15624,15624,15624,2,0
2023-04-21 15:28:42,15624,15624,15624,2,0
2023-04-21 15:28:45,15624,15624,15624,2,0
2023-04-21 15:28:46,15625,15625,15625,4,4
2023-04-21 15:28:46,15623,15623,15623,2,-2
2023-04-21 15:28:47,15625,15625,15625,4,4
2023-04-21 15:28:51,15624,15624,15624,2,-2
2023-04-21 15:28:56,15624,15624,15624,2,0
2023-04-21 15:28:57,15623,15623,15623,2,-2
2023-04-21 15:29:00,15625,15625,15625,2,2
2023-04-21 15:29:00,15625,15625,15625,2,0
2023-04-21 15:29:00,15624,15624,15624,2,-2
2023-04-21 15:29:00,15625,15625,15625,4,4
2023-04-21 15:29:02,15624,15624,15624,2,-2
2023-04-21 15:29:02,15625,15625,15625,2,2
2023-04-21 15:29:06,15625,15625,15625,2,0
2023-04-21 15:29:06,15625,15625,15625,2,0
2023-04-21 15:29:06,15625,15625,15625,2,0
2023-04-21 15:29:08,15625,15625,15625,2,0
2023-04-21 15:29:11,15624,15624,15624,2,-2
2023-04-21 15:29:11,15625,15625,15625,2,2
2023-04-21 15:29:21,15625,15625,15625,24,0
2023-04-21 15:29:21,15625,15625,15625,12,0
2023-04-21 15:29:21,15625,15625,15625,2,0
2023-04-21 15:29:23,15625,15625,15625,2,0
2023-04-21 15:29:23,15625,15625,15625,2,0
2023-04-21 15:29:25,15625,15625,15625,2,0
2023-04-21 15:29:31,15624,15624,15624,2,-2
2023-04-21 15:29:34,15623,15623,15623,2,-2
2023-04-21 15:29:34,15623,15623,15623,2,0
2023-04-21 15:29:35,15623,15623,15623,2,0
2023-04-21 15:29:36,15623,15623,15623,2,0
2023-04-21 15:29:37,15622,15622,15622,2,-2
2023-04-21 15:29:37,15621,15621,15621,2,-2
2023-04-21 15:29:40,15622,15622,15622,2,2
2023-04-21 15:29:46,15622,15622,15622,10,0
2023-04-21 15:29:50,15622,15622,15622,2,0
2023-04-21 15:29:50,15622,15622,15622,2,0
2023-04-21 15:29:55,15622,15622,15622,2,0
2023-04-21 15:30:00,15621,15621,15621,2,-2
2023-04-21 15:30:00,15621,15621,15621,2,0
2023-04-21 15:30:00,15621,15621,15621,14,0
2023-04-21 15:30:00,15621,15621,15621,2,0
2023-04-21 15:30:00,15621,15621,15621,2,0
2023-04-21 15:30:01,15621,15621,15621,2,0
2023-04-21 15:30:01,15621,15621,15621,2,0
2023-04-21 15:30:03,15620,15620,15620,2,-2
2023-04-21 15:30:04,15620,15620,15620,2,0
2023-04-21 15:30:05,15620,15620,15620,2,0
2023-04-21 15:30:05,15620,15620,15620,2,0
2023-04-21 15:30:05,15620,15620,15620,2,0
2023-04-21 15:30:05,15620,15620,15620,2,0
2023-04-21 15:30:05,15620,15620,15620,2,0
2023-04-21 15:30:05,15620,15620,15620,2,0
2023-04-21 15:30:05,15620,15620,15620,2,0
2023-04-21 15:30:05,15620,15620,15620,2,0
2023-04-21 15:30:05,15620,15620,15620,2,0
2023-04-21 15:30:05,15620,15620,15620,2,0
2023-04-21 15:30:05,15620,15620,15620,2,0
2023-04-21 15:30:05,15620,15620,15620,2,0
2023-04-21 15:30:05,15620,15620,15620,2,0
2023-04-21 15:30:05,15620,15620,15620,2,0
2023-04-21 15:30:05,15620,15620,15620,2,0
2023-04-21 15:30:06,15620,15620,15620,2,0
2023-04-21 15:30:10,15619,15619,15619,6,-6
2023-04-21 15:30:10,15619,15619,15619,4,0
2023-04-21 15:30:10,15619,15619,15619,2,0
2023-04-21 15:30:10,15619,15619,15619,2,0
2023-04-21 15:30:10,15619,15619,15619,2,0
2023-04-21 15:30:10,15619,15619,15619,2,0
2023-04-21 15:30:10,15619,15619,15619,2,0
2023-04-21 15:30:10,15619,15619,15619,2,0
2023-04-21 15:30:10,15619,15619,15619,2,0
2023-04-21 15:30:10,15619,15619,15619,2,0
2023-04-21 15:30:10,15618,15618,15618,2,-2
2023-04-21 15:30:11,15619,15619,15619,2,2
2023-04-21 15:30:12,15618,15618,15618,2,-2
2023-04-21 15:30:12,15619,15619,15619,2,2
2023-04-21 15:30:15,15618,15618,15618,2,-2
2023-04-21 15:30:17,15618,15618,15618,4,0
2023-04-21 15:30:17,15618,15618,15618,4,0
2023-04-21 15:30:17,15618,15618,15618,2,0
2023-04-21 15:30:18,15618,15618,15618,2,0
2023-04-21 15:30:20,15618,15618,15618,2,0
2023-04-21 15:30:21,15618,15618,15618,2,0
2023-04-21 15:30:21,15618,15618,15618,2,0
2023-04-21 15:30:21,15618,15618,15618,2,0
2023-04-21 15:30:22,15618,15618,15618,2,0
2023-04-21 15:30:22,15618,15618,15618,2,0
2023-04-21 15:30:22,15618,15618,15618,2,0
2023-04-21 15:30:22,15617,15617,15617,4,-4
2023-04-21 15:30:22,15617,15617,15617,6,0
2023-04-21 15:30:22,15617,15617,15617,2,0
2023-04-21 15:30:22,15617,15617,15617,2,0
2023-04-21 15:30:22,15617,15617,15617,2,0
2023-04-21 15:30:22,15618,15618,15618,2,2
2023-04-21 15:30:23,15618,15618,15618,2,0
2023-04-21 15:30:24,15618,15618,15618,2,0
2023-04-21 15:30:24,15617,15617,15617,2,-2
2023-04-21 15:30:24,15617,15617,15617,2,0
2023-04-21 15:30:27,15618,15618,15618,2,2
2023-04-21 15:30:27,15617,15617,15617,2,-2
2023-04-21 15:30:28,15617,15617,15617,4,0
2023-04-21 15:30:29,15617,15617,15617,2,0
2023-04-21 15:30:30,15616,15616,15616,2,-2
2023-04-21 15:30:30,15616,15616,15616,2,0
2023-04-21 15:30:30,15616,15616,15616,2,0
2023-04-21 15:30:34,15616,15616,15616,2,0
2023-04-21 15:30:35,15616,15616,15616,2,0
2023-04-21 15:30:35,15616,15616,15616,2,0
2023-04-21 15:30:36,15616,15616,15616,2,0
2023-04-21 15:30:36,15616,15616,15616,2,0
2023-04-21 15:30:37,15616,15616,15616,2,0
2023-04-21 15:30:39,15616,15616,15616,2,0
2023-04-21 15:30:40,15615,15615,15615,2,-2
2023-04-21 15:30:44,15616,15616,15616,2,2
2023-04-21 15:30:49,15615,15615,15615,2,-2
2023-04-21 15:30:49,15615,15615,15615,2,0
2023-04-21 15:30:49,15615,15615,15615,2,0
2023-04-21 15:30:49,15615,15615,15615,2,0
2023-04-21 15:30:50,15616,15616,15616,2,2
2023-04-21 15:30:50,15615,15615,15615,2,-2
2023-04-21 15:30:50,15615,15615,15615,2,0
2023-04-21 15:30:51,15615,15615,15615,2,0
2023-04-21 15:30:52,15615,15615,15615,4,0
2023-04-21 15:30:52,15615,15615,15615,2,0
2023-04-21 15:30:52,15615,15615,15615,2,0
2023-04-21 15:30:53,15615,15615,15615,2,0
2023-04-21 15:30:53,15616,15616,15616,12,12
2023-04-21 15:30:53,15615,15615,15615,2,-2
2023-04-21 15:30:56,15616,15616,15616,2,2
2023-04-21 15:30:56,15616,15616,15616,2,0
2023-04-21 15:30:57,15615,15615,15615,2,-2
2023-04-21 15:30:57,15615,15615,15615,2,0
2023-04-21 15:30:58,15615,15615,15615,2,0
2023-04-21 15:30:58,15615,15615,15615,2,0
2023-04-21 15:30:58,15615,15615,15615,2,0
2023-04-21 15:30:58,15615,15615,15615,2,0
2023-04-21 15:31:00,15614,15614,15614,2,-2
2023-04-21 15:31:00,15616,15616,15616,2,2
2023-04-21 15:31:00,15616,15616,15616,4,0
2023-04-21 15:31:00,15616,15616,15616,4,0
2023-04-21 15:31:00,15616,15616,15616,2,0
2023-04-21 15:31:00,15615,15615,15615,2,-2
2023-04-21 15:31:00,15617,15617,15617,2,2
2023-04-21 15:31:00,15616,15616,15616,2,-2
2023-04-21 15:31:00,15615,15615,15615,2,-2
2023-04-21 15:31:00,15615,15615,15615,2,0
2023-04-21 15:31:00,15615,15615,15615,2,0
2023-04-21 15:31:00,15615,15615,15615,2,0
2023-04-21 15:31:00,15615,15615,15615,2,0
2023-04-21 15:31:00,15617,15617,15617,2,2
2023-04-21 15:31:00,15617,15617,15617,2,0
2023-04-21 15:31:00,15615,15615,15615,2,-2
2023-04-21 15:31:00,15615,15615,15615,2,0
2023-04-21 15:31:00,15616,15616,15616,2,2
2023-04-21 15:31:00,15615,15615,15615,2,-2
2023-04-21 15:31:00,15615,15615,15615,2,0
2023-04-21 15:31:00,15615,15615,15615,2,0
2023-04-21 15:31:00,15615,15615,15615,2,0
2023-04-21 15:31:00,15615,15615,15615,2,0
2023-04-21 15:31:00,15615,15615,15615,2,0
2023-04-21 15:31:00,15615,15615,15615,2,0
2023-04-21 15:31:00,15615,15615,15615,2,0
2023-04-21 15:31:00,15615,15615,15615,2,0
2023-04-21 15:31:00,15615,15615,15615,2,0
2023-04-21 15:31:00,15615,15615,15615,2,0
2023-04-21 15:31:00,15614,15614,15614,2,-2
2023-04-21 15:31:01,15616,15616,15616,4,4
2023-04-21 15:31:01,15616,15616,15616,4,0
2023-04-21 15:31:01,15615,15615,15615,2,-2
2023-04-21 15:31:04,15615,15615,15615,2,0
2023-04-21 15:31:06,15616,15616,15616,2,2
2023-04-21 15:31:07,15617,15617,15617,2,2
2023-04-21 15:31:14,15616,15616,15616,2,-2
2023-04-21 15:31:14,15616,15616,15616,2,0
2023-04-21 15:31:14,15616,15616,15616,4,0
2023-04-21 15:31:14,15616,15616,15616,2,0
2023-04-21 15:31:14,15616,15616,15616,2,0
2023-04-21 15:31:14,15616,15616,15616,2,0
2023-04-21 15:31:14,15616,15616,15616,2,0
2023-04-21 15:31:14,15616,15616,15616,2,0
2023-04-21 15:31:15,15615,15615,15615,2,-2
2023-04-21 15:31:15,15615,15615,15615,2,0
2023-04-21 15:31:15,15615,15615,15615,2,0
2023-04-21 15:31:15,15615,15615,15615,2,0
2023-04-21 15:31:15,15615,15615,15615,2,0
2023-04-21 15:31:15,15615,15615,15615,2,0
2023-04-21 15:31:15,15615,15615,15615,2,0
2023-04-21 15:31:16,15614,15614,15614,2,-2
2023-04-21 15:31:16,15615,15615,15615,2,2
2023-04-21 15:31:16,15615,15615,15615,2,0
2023-04-21 15:31:16,15615,15615,15615,2,0
2023-04-21 15:31:16,15614,15614,15614,2,-2
2023-04-21 15:31:16,15615,15615,15615,2,2
2023-04-21 15:31:16,15614,15614,15614,2,-2
2023-04-21 15:31:17,15614,15614,15614,2,0
2023-04-21 15:31:17,15614,15614,15614,2,0
2023-04-21 15:31:17,15615,15615,15615,2,2
2023-04-21 15:31:17,15614,15614,15614,6,-6
2023-04-21 15:31:18,15614,15614,15614,2,0
2023-04-21 15:31:18,15614,15614,15614,2,0
2023-04-21 15:31:18,15614,15614,15614,2,0
2023-04-21 15:31:20,15613,15613,15613,4,-4
2023-04-21 15:31:21,15613,15613,15613,2,0
2023-04-21 15:31:21,15614,15614,15614,2,2
2023-04-21 15:31:23,15613,15613,15613,2,-2
2023-04-21 15:31:23,15613,15613,15613,2,0
2023-04-21 15:31:23,15613,15613,15613,2,0
2023-04-21 15:31:23,15613,15613,15613,2,0
2023-04-21 15:31:23,15613,15613,15613,2,0
2023-04-21 15:31:23,15613,15613,15613,2,0
2023-04-21 15:31:25,15612,15612,15612,2,-2
2023-04-21 15:31:25,15612,15612,15612,2,0
2023-04-21 15:31:26,15613,15613,15613,2,2
2023-04-21 15:31:26,15612,15612,15612,2,-2
2023-04-21 15:31:26,15612,15612,15612,2,0
2023-04-21 15:31:26,15612,15612,15612,2,0
2023-04-21 15:31:26,15612,15612,15612,2,0
2023-04-21 15:31:26,15612,15612,15612,2,0
2023-04-21 15:31:27,15612,15612,15612,2,0
2023-04-21 15:31:29,15613,15613,15613,2,2
2023-04-21 15:31:29,15613,15613,15613,2,0
2023-04-21 15:31:29,15613,15613,15613,2,0
2023-04-21 15:31:29,15612,15612,15612,4,-4
2023-04-21 15:31:29,15612,15612,15612,2,0
2023-04-21 15:31:29,15612,15612,15612,2,0
2023-04-21 15:31:29,15612,15612,15612,2,0
2023-04-21 15:31:30,15612,15612,15612,2,0
2023-04-21 15:31:30,15612,15612,15612,2,0
2023-04-21 15:31:30,15613,15613,15613,6,6
2023-04-21 15:31:31,15612,15612,15612,4,-4
2023-04-21 15:31:31,15613,15613,15613,6,6
2023-04-21 15:31:31,15614,15614,15614,6,6
2023-04-21 15:31:31,15614,15614,15614,2,0
2023-04-21 15:31:31,15613,15613,15613,2,-2
2023-04-21 15:31:31,15613,15613,15613,6,0
2023-04-21 15:31:32,15615,15615,15615,2,2
2023-04-21 15:31:38,15614,15614,15614,2,-2
2023-04-21 15:31:39,15614,15614,15614,2,0
2023-04-21 15:31:39,15615,15615,15615,2,2
2023-04-21 15:31:39,15615,15615,15615,2,0
2023-04-21 15:31:39,15615,15615,15615,2,0
2023-04-21 15:31:39,15613,15613,15613,2,-2
2023-04-21 15:31:41,15613,15613,15613,2,0
2023-04-21 15:31:41,15613,15613,15613,2,0
2023-04-21 15:31:42,15613,15613,15613,6,0
2023-04-21 15:31:42,15613,15613,15613,6,0
2023-04-21 15:31:42,15612,15612,15612,2,-2
2023-04-21 15:31:42,15612,15612,15612,2,0
2023-04-21 15:31:42,15612,15612,15612,2,0
2023-04-21 15:31:46,15614,15614,15614,2,2
2023-04-21 15:31:46,15612,15612,15612,2,-2
2023-04-21 15:31:46,15612,15612,15612,2,0
2023-04-21 15:31:47,15613,15613,15613,2,2
2023-04-21 15:31:48,15612,15612,15612,2,-2
2023-04-21 15:31:53,15612,15612,15612,2,0
2023-04-21 15:31:53,15612,15612,15612,2,0
2023-04-21 15:31:55,15612,15612,15612,2,0
2023-04-21 15:31:57,15612,15612,15612,2,0
2023-04-21 15:31:59,15611,15611,15611,2,-2
2023-04-21 15:31:59,15611,15611,15611,2,0
2023-04-21 15:31:59,15611,15611,15611,2,0
2023-04-21 15:31:59,15611,15611,15611,2,0
2023-04-21 15:31:59,15611,15611,15611,2,0
2023-04-21 15:31:59,15611,15611,15611,2,0
2023-04-21 15:31:59,15611,15611,15611,2,0
2023-04-21 15:31:59,15611,15611,15611,2,0
2023-04-21 15:32:00,15610,15610,15610,2,-2
2023-04-21 15:32:00,15611,15611,15611,2,2
2023-04-21 15:32:00,15611,15611,15611,2,0
2023-04-21 15:32:01,15610,15610,15610,2,-2
2023-04-21 15:32:01,15610,15610,15610,2,0
2023-04-21 15:32:01,15610,15610,15610,2,0
2023-04-21 15:32:01,15610,15610,15610,2,0
2023-04-21 15:32:01,15610,15610,15610,2,0
2023-04-21 15:32:03,15610,15610,15610,2,0
2023-04-21 15:32:05,15611,15611,15611,2,2
2023-04-21 15:32:05,15610,15610,15610,10,-10
2023-04-21 15:32:05,15610,15610,15610,2,0
2023-04-21 15:32:05,15610,15610,15610,2,0
2023-04-21 15:32:05,15610,15610,15610,2,0
2023-04-21 15:32:05,15610,15610,15610,10,0
2023-04-21 15:32:05,15610,15610,15610,2,0
2023-04-21 15:32:05,15610,15610,15610,2,0
2023-04-21 15:32:05,15610,15610,15610,2,0
2023-04-21 15:32:05,15610,15610,15610,2,0
2023-04-21 15:32:05,15610,15610,15610,2,0
2023-04-21 15:32:05,15610,15610,15610,2,0
2023-04-21 15:32:05,15610,15610,15610,2,0
2023-04-21 15:32:05,15609,15609,15609,2,-2
2023-04-21 15:32:05,15610,15610,15610,2,2
2023-04-21 15:32:05,15610,15610,15610,2,0
2023-04-21 15:32:05,15611,15611,15611,20,20
2023-04-21 15:32:06,15611,15611,15611,2,0
2023-04-21 15:32:06,15611,15611,15611,2,0
2023-04-21 15:32:08,15611,15611,15611,2,0
2023-04-21 15:32:08,15610,15610,15610,2,-2
2023-04-21 15:32:08,15610,15610,15610,2,0
2023-04-21 15:32:08,15610,15610,15610,2,0
2023-04-21 15:32:08,15610,15610,15610,6,0
2023-04-21 15:32:08,15610,15610,15610,6,0
2023-04-21 15:32:08,15610,15610,15610,4,0
2023-04-21 15:32:08,15610,15610,15610,2,0
2023-04-21 15:32:08,15610,15610,15610,4,0
2023-04-21 15:32:08,15610,15610,15610,2,0
2023-04-21 15:32:08,15610,15610,15610,2,0
2023-04-21 15:32:08,15610,15610,15610,2,0
2023-04-21 15:32:08,15610,15610,15610,2,0
2023-04-21 15:32:08,15609,15609,15609,2,-2
2023-04-21 15:32:08,15611,15611,15611,4,4
2023-04-21 15:32:12,15610,15610,15610,2,-2
2023-04-21 15:32:12,15610,15610,15610,2,0
2023-04-21 15:32:15,15610,15610,15610,2,0
2023-04-21 15:32:16,15609,15609,15609,2,-2
2023-04-21 15:32:16,15609,15609,15609,2,0
2023-04-21 15:32:16,15610,15610,15610,2,2
2023-04-21 15:32:18,15610,15610,15610,2,0
2023-04-21 15:32:18,15609,15609,15609,4,-4
2023-04-21 15:32:19,15610,15610,15610,6,6
2023-04-21 15:32:19,15610,15610,15610,4,0
2023-04-21 15:32:20,15610,15610,15610,2,0
2023-04-21 15:32:21,15610,15610,15610,2,0
2023-04-21 15:32:21,15610,15610,15610,2,0
2023-04-21 15:32:21,15611,15611,15611,2,2
2023-04-21 15:32:21,15611,15611,15611,4,0
2023-04-21 15:32:21,15611,15611,15611,6,0
2023-04-21 15:32:21,15611,15611,15611,34,0
2023-04-21 15:32:22,15611,15611,15611,2,0
2023-04-21 15:32:23,15611,15611,15611,2,0
2023-04-21 15:32:24,15611,15611,15611,2,0
2023-04-21 15:32:25,15611,15611,15611,2,0
2023-04-21 15:32:31,15612,15612,15612,2,2
2023-04-21 15:32:32,15611,15611,15611,2,-2
2023-04-21 15:32:34,15611,15611,15611,2,0
2023-04-21 15:32:34,15611,15611,15611,2,0
2023-04-21 15:32:34,15611,15611,15611,2,0
2023-04-21 15:32:34,15611,15611,15611,2,0
2023-04-21 15:32:34,15611,15611,15611,6,0
2023-04-21 15:32:34,15611,15611,15611,2,0
2023-04-21 15:32:34,15611,15611,15611,2,0
2023-04-21 15:32:39,15611,15611,15611,2,0
2023-04-21 15:32:42,15611,15611,15611,2,0
2023-04-21 15:32:42,15611,15611,15611,2,0
2023-04-21 15:32:42,15611,15611,15611,2,0
2023-04-21 15:32:45,15611,15611,15611,2,0
2023-04-21 15:32:47,15610,15610,15610,2,-2
2023-04-21 15:32:49,15610,15610,15610,2,0
2023-04-21 15:32:49,15610,15610,15610,10,0
2023-04-21 15:32:49,15610,15610,15610,2,0
2023-04-21 15:32:52,15610,15610,15610,2,0
2023-04-21 15:32:55,15610,15610,15610,4,0
2023-04-21 15:32:56,15610,15610,15610,4,0
2023-04-21 15:32:56,15610,15610,15610,2,0
2023-04-21 15:33:00,15610,15610,15610,2,0
2023-04-21 15:33:00,15610,15610,15610,2,0
2023-04-21 15:33:00,15610,15610,15610,2,0
2023-04-21 15:33:01,15610,15610,15610,2,0
2023-04-21 15:33:03,15610,15610,15610,2,0
2023-04-21 15:33:07,15609,15609,15609,2,-2
2023-04-21 15:33:13,15610,15610,15610,2,2
2023-04-21 15:33:14,15610,15610,15610,2,0
2023-04-21 15:33:15,15609,15609,15609,4,-4
2023-04-21 15:33:15,15609,15609,15609,2,0
2023-04-21 15:33:15,15609,15609,15609,2,0
2023-04-21 15:33:15,15609,15609,15609,2,0
2023-04-21 15:33:15,15609,15609,15609,2,0
2023-04-21 15:33:15,15609,15609,15609,2,0
2023-04-21 15:33:15,15609,15609,15609,2,0
2023-04-21 15:33:15,15609,15609,15609,2,0
2023-04-21 15:33:15,15609,15609,15609,8,0
2023-04-21 15:33:15,15609,15609,15609,2,0
2023-04-21 15:33:15,15609,15609,15609,2,0
2023-04-21 15:33:15,15609,15609,15609,2,0
2023-04-21 15:33:15,15609,15609,15609,2,0
2023-04-21 15:33:15,15609,15609,15609,2,0
2023-04-21 15:33:16,15609,15609,15609,2,0
2023-04-21 15:33:17,15609,15609,15609,2,0
2023-04-21 15:33:18,15610,15610,15610,10,10
2023-04-21 15:33:21,15610,15610,15610,4,0
2023-04-21 15:33:23,15610,15610,15610,2,0
2023-04-21 15:33:23,15610,15610,15610,2,0
2023-04-21 15:33:24,15611,15611,15611,6,6
2023-04-21 15:33:25,15611,15611,15611,2,0
2023-04-21 15:33:26,15611,15611,15611,2,0
2023-04-21 15:33:26,15610,15610,15610,2,-2
2023-04-21 15:33:26,15610,15610,15610,2,0
2023-04-21 15:33:28,15611,15611,15611,2,2
2023-04-21 15:33:34,15610,15610,15610,2,-2
2023-04-21 15:33:40,15611,15611,15611,2,2
2023-04-21 15:33:43,15612,15612,15612,2,2
2023-04-21 15:33:43,15612,15612,15612,32,0
2023-04-21 15:33:45,15612,15612,15612,2,0
2023-04-21 15:33:49,15613,15613,15613,2,2
2023-04-21 15:33:49,15613,15613,15613,2,0
2023-04-21 15:33:51,15612,15612,15612,2,-2
2023-04-21 15:33:54,15612,15612,15612,2,0
2023-04-21 15:33:56,15612,15612,15612,2,0
2023-04-21 15:33:58,15613,15613,15613,4,4
2023-04-21 15:34:00,15613,15613,15613,2,0
2023-04-21 15:34:00,15613,15613,15613,2,0
2023-04-21 15:34:00,15612,15612,15612,2,-2
2023-04-21 15:34:00,15614,15614,15614,2,2
2023-04-21 15:34:00,15614,15614,15614,2,0
2023-04-21 15:34:00,15614,15614,15614,6,0
2023-04-21 15:34:03,15613,15613,15613,2,-2
2023-04-21 15:34:03,15614,15614,15614,2,2
2023-04-21 15:34:05,15614,15614,15614,2,0
2023-04-21 15:34:05,15614,15614,15614,2,0
2023-04-21 15:34:05,15613,15613,15613,2,-2
2023-04-21 15:34:07,15614,15614,15614,2,2
2023-04-21 15:34:08,15614,15614,15614,2,0
2023-04-21 15:34:08,15615,15615,15615,2,2
2023-04-21 15:34:11,15614,15614,15614,2,-2
2023-04-21 15:34:11,15615,15615,15615,10,10
2023-04-21 15:34:11,15613,15613,15613,2,-2
2023-04-21 15:34:11,15614,15614,15614,2,2
2023-04-21 15:34:13,15614,15614,15614,2,0
2023-04-21 15:34:18,15614,15614,15614,4,0
2023-04-21 15:34:19,15614,15614,15614,20,0
2023-04-21 15:34:20,15613,15613,15613,2,-2
2023-04-21 15:34:23,15613,15613,15613,2,0
2023-04-21 15:34:24,15613,15613,15613,2,0
2023-04-21 15:34:26,15614,15614,15614,2,2
2023-04-21 15:34:27,15614,15614,15614,2,0
2023-04-21 15:34:27,15614,15614,15614,2,0
2023-04-21 15:34:31,15614,15614,15614,2,0
2023-04-21 15:34:32,15615,15615,15615,2,2
2023-04-21 15:34:33,15614,15614,15614,2,-2
2023-04-21 15:34:34,15615,15615,15615,28,28
2023-04-21 15:34:34,15615,15615,15615,6,0
2023-04-21 15:34:37,15615,15615,15615,2,0
2023-04-21 15:34:41,15615,15615,15615,2,0
2023-04-21 15:34:42,15615,15615,15615,2,0
2023-04-21 15:34:43,15615,15615,15615,2,0
2023-04-21 15:34:43,15615,15615,15615,2,0
2023-04-21 15:34:44,15616,15616,15616,2,2
2023-04-21 15:34:44,15616,15616,15616,4,0
2023-04-21 15:34:44,15616,15616,15616,2,0
2023-04-21 15:34:45,15616,15616,15616,2,0
2023-04-21 15:34:46,15617,15617,15617,2,2
2023-04-21 15:34:47,15617,15617,15617,2,0
2023-04-21 15:34:47,15617,15617,15617,2,0
2023-04-21 15:34:47,15618,15618,15618,2,2
2023-04-21 15:34:47,15618,15618,15618,2,0
2023-04-21 15:34:48,15617,15617,15617,2,-2
2023-04-21 15:34:48,15618,15618,15618,2,2
2023-04-21 15:34:48,15618,15618,15618,2,0
2023-04-21 15:34:49,15618,15618,15618,4,0
2023-04-21 15:34:50,15618,15618,15618,6,0
2023-04-21 15:34:50,15618,15618,15618,2,0
2023-04-21 15:34:53,15618,15618,15618,10,0
2023-04-21 15:34:53,15618,15618,15618,2,0
2023-04-21 15:34:54,15618,15618,15618,2,0
2023-04-21 15:34:54,15618,15618,15618,2,0
2023-04-21 15:34:54,15618,15618,15618,2,0
2023-04-21 15:34:54,15618,15618,15618,2,0
2023-04-21 15:34:54,15618,15618,15618,4,0
2023-04-21 15:34:54,15618,15618,15618,10,0
2023-04-21 15:34:54,15618,15618,15618,2,0
2023-04-21 15:34:57,15617,15617,15617,2,-2
2023-04-21 15:34:57,15617,15617,15617,4,0
2023-04-21 15:34:57,15617,15617,15617,2,0
2023-04-21 15:34:57,15617,15617,15617,2,0
2023-04-21 15:34:59,15617,15617,15617,2,0
2023-04-21 15:35:00,15617,15617,15617,4,0
2023-04-21 15:35:00,15617,15617,15617,2,0
2023-04-21 15:35:00,15617,15617,15617,2,0
2023-04-21 15:35:00,15617,15617,15617,10,0
2023-04-21 15:35:00,15615,15615,15615,2,-2
2023-04-21 15:35:01,15617,15617,15617,2,2
2023-04-21 15:35:01,15615,15615,15615,2,-2
2023-04-21 15:35:01,15615,15615,15615,2,0
2023-04-21 15:35:01,15615,15615,15615,2,0
2023-04-21 15:35:01,15615,15615,15615,2,0
2023-04-21 15:35:02,15615,15615,15615,6,0
2023-04-21 15:35:03,15615,15615,15615,2,0
2023-04-21 15:35:04,15614,15614,15614,2,-2
2023-04-21 15:35:06,15615,15615,15615,2,2
2023-04-21 15:35:07,15615,15615,15615,6,0
2023-04-21 15:35:11,15615,15615,15615,2,0
2023-04-21 15:35:14,15615,15615,15615,2,0
2023-04-21 15:35:15,15615,15615,15615,2,0
2023-04-21 15:35:18,15615,15615,15615,2,0
2023-04-21 15:35:22,15615,15615,15615,2,0
2023-04-21 15:35:30,15616,15616,15616,4,4
2023-04-21 15:35:30,15616,15616,15616,6,0
2023-04-21 15:35:32,15616,15616,15616,2,0
2023-04-21 15:35:37,15616,15616,15616,2,0
2023-04-21 15:35:38,15616,15616,15616,2,0
2023-04-21 15:35:38,15616,15616,15616,2,0
2023-04-21 15:35:38,15616,15616,15616,2,0
2023-04-21 15:35:38,15616,15616,15616,2,0
2023-04-21 15:35:38,15616,15616,15616,2,0
2023-04-21 15:35:38,15616,15616,15616,6,0
2023-04-21 15:35:38,15616,15616,15616,6,0
2023-04-21 15:35:38,15616,15616,15616,2,0
2023-04-21 15:35:38,15616,15616,15616,2,0
2023-04-21 15:35:38,15616,15616,15616,2,0
2023-04-21 15:35:41,15615,15615,15615,2,-2
2023-04-21 15:35:41,15615,15615,15615,2,0
2023-04-21 15:35:42,15615,15615,15615,2,0
2023-04-21 15:35:42,15614,15614,15614,2,-2
2023-04-21 15:35:49,15616,15616,15616,4,4
2023-04-21 15:35:51,15616,15616,15616,2,0
2023-04-21 15:35:59,15615,15615,15615,2,-2
2023-04-21 15:36:00,15616,15616,15616,2,2
2023-04-21 15:36:00,15616,15616,15616,2,0
2023-04-21 15:36:00,15616,15616,15616,4,0
2023-04-21 15:36:00,15615,15615,15615,2,-2
2023-04-21 15:36:01,15615,15615,15615,2,0
2023-04-21 15:36:05,15615,15615,15615,2,0
2023-04-21 15:36:08,15615,15615,15615,2,0
2023-04-21 15:36:08,15615,15615,15615,8,0
2023-04-21 15:36:08,15615,15615,15615,2,0
2023-04-21 15:36:08,15615,15615,15615,2,0
2023-04-21 15:36:08,15614,15614,15614,2,-2
2023-04-21 15:36:09,15614,15614,15614,2,0
2023-04-21 15:36:10,15615,15615,15615,6,6
2023-04-21 15:36:14,15615,15615,15615,2,0
2023-04-21 15:36:15,15614,15614,15614,2,-2
2023-04-21 15:36:15,15614,15614,15614,2,0
2023-04-21 15:36:15,15614,15614,15614,2,0
2023-04-21 15:36:17,15614,15614,15614,2,0
2023-04-21 15:36:17,15614,15614,15614,2,0
2023-04-21 15:36:17,15614,15614,15614,2,0
2023-04-21 15:36:17,15614,15614,15614,2,0
2023-04-21 15:36:20,15614,15614,15614,4,0
2023-04-21 15:36:22,15614,15614,15614,2,0
2023-04-21 15:36:23,15613,15613,15613,2,-2
2023-04-21 15:36:23,15613,15613,15613,2,0
2023-04-21 15:36:23,15613,15613,15613,2,0
2023-04-21 15:36:32,15613,15613,15613,2,0
2023-04-21 15:36:36,15613,15613,15613,2,0
2023-04-21 15:36:36,15614,15614,15614,2,2
2023-04-21 15:36:48,15612,15612,15612,2,-2
2023-04-21 15:36:48,15612,15612,15612,2,0
2023-04-21 15:36:48,15612,15612,15612,2,0
2023-04-21 15:36:48,15612,15612,15612,6,0
2023-04-21 15:36:48,15612,15612,15612,2,0
2023-04-21 15:36:48,15612,15612,15612,2,0
2023-04-21 15:36:48,15612,15612,15612,4,0
2023-04-21 15:36:53,15612,15612,15612,2,0
2023-04-21 15:36:53,15612,15612,15612,2,0
2023-04-21 15:36:53,15613,15613,15613,2,2
2023-04-21 15:36:58,15612,15612,15612,2,-2
2023-04-21 15:36:59,15612,15612,15612,2,0
2023-04-21 15:36:59,15612,15612,15612,2,0
2023-04-21 15:37:00,15611,15611,15611,2,-2
2023-04-21 15:37:00,15613,15613,15613,2,2
2023-04-21 15:37:00,15613,15613,15613,2,0
2023-04-21 15:37:01,15611,15611,15611,2,-2
2023-04-21 15:37:05,15611,15611,15611,2,0
2023-04-21 15:37:05,15611,15611,15611,2,0
2023-04-21 15:37:06,15612,15612,15612,2,2
2023-04-21 15:37:07,15612,15612,15612,2,0
2023-04-21 15:37:08,15612,15612,15612,2,0
2023-04-21 15:37:08,15612,15612,15612,2,0
2023-04-21 15:37:12,15612,15612,15612,2,0
2023-04-21 15:37:12,15612,15612,15612,2,0
2023-04-21 15:37:12,15612,15612,15612,6,0
2023-04-21 15:37:12,15612,15612,15612,2,0
2023-04-21 15:37:13,15613,15613,15613,2,2
2023-04-21 15:37:19,15612,15612,15612,2,-2
2023-04-21 15:37:21,15611,15611,15611,2,-2
2023-04-21 15:37:23,15612,15612,15612,2,2
2023-04-21 15:37:26,15612,15612,15612,8,0
2023-04-21 15:37:32,15612,15612,15612,2,0
2023-04-21 15:37:36,15612,15612,15612,2,0
2023-04-21 15:37:36,15611,15611,15611,2,-2
2023-04-21 15:37:54,15611,15611,15611,2,0
2023-04-21 15:37:54,15611,15611,15611,2,0
2023-04-21 15:37:54,15611,15611,15611,2,0
2023-04-21 15:37:54,15611,15611,15611,2,0
2023-04-21 15:37:55,15611,15611,15611,2,0
2023-04-21 15:37:58,15610,15610,15610,2,-2
2023-04-21 15:37:59,15611,15611,15611,4,4
2023-04-21 15:38:00,15611,15611,15611,2,0
2023-04-21 15:38:00,15611,15611,15611,2,0
2023-04-21 15:38:00,15612,15612,15612,2,2
2023-04-21 15:38:00,15611,15611,15611,2,-2
2023-04-21 15:38:00,15610,15610,15610,2,-2
2023-04-21 15:38:05,15610,15610,15610,2,0
2023-04-21 15:38:06,15611,15611,15611,2,2
2023-04-21 15:38:06,15611,15611,15611,2,0
2023-04-21 15:38:06,15612,15612,15612,2,2
2023-04-21 15:38:06,15611,15611,15611,2,-2
2023-04-21 15:38:07,15611,15611,15611,2,0
2023-04-21 15:38:11,15612,15612,15612,2,2
2023-04-21 15:38:13,15612,15612,15612,2,0
2023-04-21 15:38:15,15612,15612,15612,2,0
2023-04-21 15:38:16,15612,15612,15612,2,0
2023-04-21 15:38:17,15613,15613,15613,2,2
2023-04-21 15:38:23,15614,15614,15614,2,2
2023-04-21 15:38:27,15615,15615,15615,2,2
2023-04-21 15:38:35,15615,15615,15615,10,0
2023-04-21 15:38:38,15615,15615,15615,2,0
2023-04-21 15:38:40,15615,15615,15615,2,0
2023-04-21 15:38:42,15616,15616,15616,2,2
2023-04-21 15:38:42,15616,15616,15616,8,0
2023-04-21 15:38:50,15616,15616,15616,2,0
2023-04-21 15:38:52,15616,15616,15616,2,0
2023-04-21 15:39:00,15617,15617,15617,2,2
2023-04-21 15:39:00,15617,15617,15617,2,0
2023-04-21 15:39:01,15616,15616,15616,2,-2
2023-04-21 15:39:11,15617,15617,15617,8,8
2023-04-21 15:39:12,15616,15616,15616,2,-2
2023-04-21 15:39:12,15616,15616,15616,2,0
2023-04-21 15:39:14,15617,15617,15617,2,2
2023-04-21 15:39:32,15617,15617,15617,2,0
2023-04-21 15:39:39,15616,15616,15616,2,-2
2023-04-21 15:39:53,15616,15616,15616,4,0
2023-04-21 15:40:01,15615,15615,15615,10,-10
2023-04-21 15:40:01,15615,15615,15615,4,0
2023-04-21 15:40:01,15615,15615,15615,2,0
2023-04-21 15:40:01,15615,15615,15615,2,0
2023-04-21 15:40:03,15614,15614,15614,2,-2
2023-04-21 15:40:05,15615,15615,15615,2,2
2023-04-21 15:40:08,15614,15614,15614,2,-2
2023-04-21 15:40:08,15614,15614,15614,6,0
2023-04-21 15:40:08,15613,15613,15613,2,-2
2023-04-21 15:40:08,15613,15613,15613,6,0
2023-04-21 15:40:12,15615,15615,15615,2,2
2023-04-21 15:40:19,15615,15615,15615,2,0
2023-04-21 15:40:20,15615,15615,15615,2,0
2023-04-21 15:40:22,15615,15615,15615,2,0
2023-04-21 15:40:32,15616,15616,15616,2,2
2023-04-21 15:40:33,15616,15616,15616,2,0
2023-04-21 15:40:42,15616,15616,15616,2,0
2023-04-21 15:40:50,15616,15616,15616,2,0
2023-04-21 15:40:50,15616,15616,15616,6,0
2023-04-21 15:40:50,15616,15616,15616,2,0
2023-04-21 15:40:58,15616,15616,15616,6,0
2023-04-21 15:40:58,15616,15616,15616,2,0
2023-04-21 15:40:59,15616,15616,15616,2,0
2023-04-21 15:41:00,15617,15617,15617,2,2
2023-04-21 15:41:00,15617,15617,15617,2,0
2023-04-21 15:41:00,15617,15617,15617,2,0
2023-04-21 15:41:00,15616,15616,15616,2,-2
2023-04-21 15:41:00,15617,15617,15617,2,2
2023-04-21 15:41:07,15617,15617,15617,2,0
2023-04-21 15:41:19,15617,15617,15617,2,0
2023-04-21 15:41:20,15617,15617,15617,2,0
2023-04-21 15:41:26,15617,15617,15617,2,0
2023-04-21 15:41:26,15616,15616,15616,2,-2
2023-04-21 15:41:26,15616,15616,15616,2,0
2023-04-21 15:41:30,15615,15615,15615,2,-2
2023-04-21 15:41:34,15614,15614,15614,2,-2
2023-04-21 15:41:34,15614,15614,15614,6,0
2023-04-21 15:41:34,15614,15614,15614,2,0
2023-04-21 15:41:38,15615,15615,15615,2,2
2023-04-21 15:41:43,15615,15615,15615,10,0
2023-04-21 15:41:44,15615,15615,15615,2,0
2023-04-21 15:41:44,15616,15616,15616,2,2
2023-04-21 15:41:48,15616,15616,15616,2,0
2023-04-21 15:41:50,15616,15616,15616,2,0
2023-04-21 15:41:50,15616,15616,15616,2,0
2023-04-21 15:42:00,15617,15617,15617,2,2
2023-04-21 15:42:00,15617,15617,15617,2,0
2023-04-21 15:42:00,15617,15617,15617,2,0
2023-04-21 15:42:00,15617,15617,15617,2,0
2023-04-21 15:42:01,15616,15616,15616,2,-2
2023-04-21 15:42:08,15616,15616,15616,2,0
2023-04-21 15:42:16,15616,15616,15616,2,0
2023-04-21 15:42:16,15616,15616,15616,2,0
2023-04-21 15:42:20,15616,15616,15616,2,0
2023-04-21 15:42:21,15616,15616,15616,2,0
2023-04-21 15:42:33,15615,15615,15615,2,-2
2023-04-21 15:42:34,15614,15614,15614,2,-2
2023-04-21 15:42:39,15614,15614,15614,2,0
2023-04-21 15:42:44,15615,15615,15615,4,4
2023-04-21 15:43:00,15616,15616,15616,2,2
2023-04-21 15:43:00,15616,15616,15616,2,0
2023-04-21 15:43:01,15616,15616,15616,2,0
2023-04-21 15:43:12,15615,15615,15615,2,-2
2023-04-21 15:43:15,15615,15615,15615,6,0
2023-04-21 15:43:16,15616,15616,15616,2,2
2023-04-21 15:43:19,15615,15615,15615,2,-2
2023-04-21 15:43:25,15614,15614,15614,2,-2
2023-04-21 15:43:26,15614,15614,15614,4,0
2023-04-21 15:43:28,15614,15614,15614,2,0
2023-04-21 15:43:32,15615,15615,15615,2,2
2023-04-21 15:43:32,15615,15615,15615,2,0
2023-04-21 15:43:32,15615,15615,15615,2,0
2023-04-21 15:43:59,15616,15616,15616,2,2
2023-04-21 15:44:00,15615,15615,15615,2,-2
2023-04-21 15:44:00,15616,15616,15616,2,2
2023-04-21 15:44:01,15615,15615,15615,2,-2
2023-04-21 15:44:19,15615,15615,15615,2,0
2023-04-21 15:44:19,15614,15614,15614,4,-4
2023-04-21 15:44:20,15614,15614,15614,6,0
2023-04-21 15:44:20,15614,15614,15614,2,0
2023-04-21 15:44:21,15614,15614,15614,2,0
2023-04-21 15:44:21,15614,15614,15614,2,0
2023-04-21 15:44:21,15614,15614,15614,2,0
2023-04-21 15:44:24,15613,15613,15613,10,-10
2023-04-21 15:44:24,15613,15613,15613,2,0
2023-04-21 15:44:24,15613,15613,15613,2,0
2023-04-21 15:44:24,15613,15613,15613,2,0
2023-04-21 15:44:24,15613,15613,15613,2,0
2023-04-21 15:44:24,15613,15613,15613,2,0
2023-04-21 15:44:29,15613,15613,15613,2,0
2023-04-21 15:44:29,15613,15613,15613,2,0
2023-04-21 15:44:29,15613,15613,15613,2,0
2023-04-21 15:44:30,15613,15613,15613,2,0
2023-04-21 15:44:31,15612,15612,15612,2,-2
2023-04-21 15:44:31,15612,15612,15612,2,0
2023-04-21 15:44:31,15612,15612,15612,4,0
2023-04-21 15:44:31,15612,15612,15612,2,0
2023-04-21 15:44:31,15612,15612,15612,2,0
2023-04-21 15:44:42,15612,15612,15612,2,0
2023-04-21 15:44:42,15612,15612,15612,2,0
2023-04-21 15:44:42,15612,15612,15612,2,0
2023-04-21 15:44:42,15612,15612,15612,2,0
2023-04-21 15:44:42,15612,15612,15612,2,0
2023-04-21 15:44:45,15611,15611,15611,2,-2
2023-04-21 15:44:45,15611,15611,15611,2,0
2023-04-21 15:44:45,15612,15612,15612,2,2
2023-04-21 15:44:45,15612,15612,15612,2,0
2023-04-21 15:44:46,15612,15612,15612,2,0
2023-04-21 15:44:47,15612,15612,15612,6,0
2023-04-21 15:44:51,15612,15612,15612,2,0
2023-04-21 15:44:54,15612,15612,15612,2,0
2023-04-21 15:44:59,15612,15612,15612,2,0
2023-04-21 15:44:59,15612,15612,15612,2,0
2023-04-21 15:45:00,15612,15612,15612,2,0
2023-04-21 15:45:00,15612,15612,15612,2,0
2023-04-21 15:45:01,15613,15613,15613,2,2
2023-04-21 15:45:07,15613,15613,15613,2,0
2023-04-21 15:45:07,15613,15613,15613,2,0
2023-04-21 15:45:07,15613,15613,15613,2,0
2023-04-21 15:45:07,15613,15613,15613,2,0
2023-04-21 15:45:07,15613,15613,15613,2,0
2023-04-21 15:45:13,15614,15614,15614,2,2
2023-04-21 15:45:17,15613,15613,15613,2,-2
2023-04-21 15:45:20,15614,15614,15614,6,6
2023-04-21 15:45:23,15614,15614,15614,2,0
2023-04-21 15:45:27,15615,15615,15615,4,4
2023-04-21 15:45:30,15614,15614,15614,2,-2
2023-04-21 15:45:30,15614,15614,15614,2,0
2023-04-21 15:45:39,15616,15616,15616,6,6
2023-04-21 15:45:46,15615,15615,15615,2,-2
2023-04-21 15:46:09,15615,15615,15615,10,0
2023-04-21 15:46:09,15616,15616,15616,2,2
2023-04-21 15:46:09,15616,15616,15616,2,0
2023-04-21 15:46:09,15615,15615,15615,2,-2
2023-04-21 15:46:09,15615,15615,15615,2,0
2023-04-21 15:46:09,15615,15615,15615,6,0
2023-04-21 15:46:09,15615,15615,15615,6,0
2023-04-21 15:46:09,15615,15615,15615,2,0
2023-04-21 15:46:09,15615,15615,15615,2,0
2023-04-21 15:46:09,15615,15615,15615,2,0
2023-04-21 15:46:24,15615,15615,15615,8,0
2023-04-21 15:46:25,15616,15616,15616,2,2
2023-04-21 15:46:26,15616,15616,15616,2,0
2023-04-21 15:46:40,15616,15616,15616,2,0
2023-04-21 15:46:40,15615,15615,15615,2,-2
2023-04-21 15:46:40,15616,15616,15616,2,2
2023-04-21 15:46:42,15616,15616,15616,2,0
2023-04-21 15:46:57,15616,15616,15616,2,0
2023-04-21 15:46:58,15616,15616,15616,2,0
2023-04-21 15:47:14,15617,15617,15617,2,2
2023-04-21 15:47:15,15616,15616,15616,2,-2
2023-04-21 15:47:15,15616,15616,15616,2,0
2023-04-21 15:47:17,15617,15617,15617,2,2
2023-04-21 15:47:21,15617,15617,15617,6,0
2023-04-21 15:47:21,15616,15616,15616,2,-2
2023-04-21 15:47:23,15616,15616,15616,2,0
2023-04-21 15:47:23,15616,15616,15616,2,0
2023-04-21 15:47:23,15616,15616,15616,2,0
2023-04-21 15:47:23,15616,15616,15616,2,0
2023-04-21 15:47:24,15616,15616,15616,2,0
2023-04-21 15:47:24,15616,15616,15616,2,0
2023-04-21 15:47:24,15616,15616,15616,2,0
2023-04-21 15:47:27,15616,15616,15616,2,0
2023-04-21 15:47:28,15615,15615,15615,2,-2
2023-04-21 15:47:28,15615,15615,15615,2,0
2023-04-21 15:47:28,15615,15615,15615,2,0
2023-04-21 15:47:38,15615,15615,15615,2,0
2023-04-21 15:47:46,15615,15615,15615,2,0
2023-04-21 15:47:46,15615,15615,15615,2,0
2023-04-21 15:47:46,15615,15615,15615,6,0
2023-04-21 15:47:48,15617,15617,15617,4,4
2023-04-21 15:47:57,15616,15616,15616,2,-2
2023-04-21 15:48:04,15616,15616,15616,2,0
2023-04-21 15:48:16,15615,15615,15615,2,-2
2023-04-21 15:48:16,15615,15615,15615,2,0
2023-04-21 15:48:16,15615,15615,15615,2,0
2023-04-21 15:48:16,15616,15616,15616,4,4
2023-04-21 15:48:17,15615,15615,15615,2,-2
2023-04-21 15:48:17,15615,15615,15615,4,0
2023-04-21 15:48:26,15616,15616,15616,6,6
2023-04-21 15:48:27,15617,15617,15617,8,8
2023-04-21 15:48:27,15617,15617,15617,2,0
