2024-02-27 15:00:00.009,18870,18871,18871,51,51
2024-02-27 15:00:00.036,18871,18872,18871,1,-1
2024-02-27 15:00:00.037,18871,18872,18871,7,-7
2024-02-27 15:00:00.248,18870,18872,18870,7,-7
2024-02-27 15:00:00.250,18870,18872,18870,3,-3
2024-02-27 15:00:00.315,18870,18872,18872,1,1
2024-02-27 15:00:00.370,18870,18872,18870,2,-2
2024-02-27 15:00:00.466,18870,18872,18871,1,-1
2024-02-27 15:00:00.466,18870,18872,18872,1,1
2024-02-27 15:00:00.523,18870,18872,18872,1,1
2024-02-27 15:00:00.589,18870,18872,18870,1,-1
2024-02-27 15:00:00.729,18870,18872,18872,1,1
2024-02-27 15:00:00.897,18870,18872,18871,1,1
2024-02-27 15:00:00.940,18870,18872,18872,2,2
2024-02-27 15:00:01.638,18870,18872,18872,1,1
2024-02-27 15:00:02.988,18871,18872,18871,2,-2
2024-02-27 15:00:03.038,18871,18872,18871,1,-1
2024-02-27 15:00:03.542,18870,18872,18870,1,-1
2024-02-27 15:00:07.211,18870,18871,18870,1,-1
2024-02-27 15:00:07.692,18870,18871,18870,4,-4
2024-02-27 15:00:08.168,18870,18871,18870,1,-1
2024-02-27 15:00:09.159,18870,18871,18870,6,-6
2024-02-27 15:00:09.160,18870,18871,18870,2,-2
2024-02-27 15:00:09.161,18870,18871,18871,7,7
2024-02-27 15:00:09.607,18870,18872,18871,3,3
2024-02-27 15:00:09.607,18870,18872,18872,5,5
2024-02-27 15:00:09.607,18870,18872,18871,1,1
2024-02-27 15:00:10.762,18871,18872,18872,10,10
2024-02-27 15:00:10.773,18871,18872,18873,1,1
2024-02-27 15:00:10.773,18871,18872,18873,3,3
2024-02-27 15:00:12.989,18871,18873,18871,1,-1
2024-02-27 15:00:15.138,18872,18873,18873,1,1
2024-02-27 15:00:17.755,18873,18874,18874,9,9
2024-02-27 15:00:17.792,18873,18874,18873,1,-1
2024-02-27 15:00:17.903,18873,18875,18875,4,4
2024-02-27 15:00:17.917,18873,18875,18875,15,15
2024-02-27 15:00:17.918,18873,18875,18876,1,1
2024-02-27 15:00:17.918,18873,18875,18876,5,5
2024-02-27 15:00:17.949,18873,18875,18875,6,6
2024-02-27 15:00:18.126,18875,18876,18875,3,-3
2024-02-27 15:00:18.948,18875,18876,18875,1,-1
2024-02-27 15:00:19.941,18875,18876,18876,1,1
2024-02-27 15:00:21.048,18875,18876,18875,1,-1
2024-02-27 15:00:22.277,18875,18876,18875,1,-1
2024-02-27 15:00:22.458,18875,18876,18875,1,-1
2024-02-27 15:00:22.658,18875,18876,18876,1,1
2024-02-27 15:00:23.238,18875,18876,18876,12,12
2024-02-27 15:00:23.382,18876,18877,18877,6,6
2024-02-27 15:00:23.587,18876,18878,18878,5,5
2024-02-27 15:00:25.627,18877,18878,18877,1,-1
2024-02-27 15:00:27.796,18877,18878,18877,1,-1
2024-02-27 15:00:28.446,18876,18877,18876,1,-1
2024-02-27 15:00:28.655,18876,18877,18877,1,1
2024-02-27 15:00:31.573,18876,18877,18876,1,-1
2024-02-27 15:00:31.977,18876,18877,18876,1,-1
2024-02-27 15:00:33.339,18876,18877,18876,1,-1
2024-02-27 15:00:33.629,18876,18877,18876,1,-1
2024-02-27 15:00:34.400,18876,18877,18876,1,-1
2024-02-27 15:00:34.884,18876,18877,18877,1,1
2024-02-27 15:00:37.871,18876,18877,18876,4,-4
2024-02-27 15:00:37.970,18876,18877,18876,4,-4
2024-02-27 15:00:40.230,18876,18877,18876,3,-3
2024-02-27 15:00:40.230,18876,18877,18876,1,-1
2024-02-27 15:00:41.913,18876,18877,18876,1,-1
2024-02-27 15:00:42.151,18876,18877,18877,1,1
2024-02-27 15:00:42.868,18876,18877,18877,1,1
2024-02-27 15:00:45.695,18876,18877,18876,1,-1
2024-02-27 15:00:47.914,18875,18876,18875,1,-1
2024-02-27 15:00:47.914,18875,18876,18875,2,-2
2024-02-27 15:00:51.314,18874,18875,18874,1,-1
2024-02-27 15:00:54.903,18874,18875,18875,1,1
2024-02-27 15:00:54.905,18874,18875,18876,3,3
2024-02-27 15:00:57.229,18875,18877,18876,5,5
2024-02-27 15:00:57.230,18875,18877,18877,21,21
2024-02-27 15:00:58.932,18877,18878,18877,1,-1
2024-02-27 15:00:59.876,18876,18878,18878,2,2
2024-02-27 15:00:59.882,18876,18878,18878,2,2
2024-02-27 15:00:59.894,18876,18878,18878,2,2
2024-02-27 15:01:00.085,18877,18879,18879,1,1
2024-02-27 15:01:00.089,18877,18879,18879,1,1
2024-02-27 15:01:00.244,18877,18879,18879,3,3
2024-02-27 15:01:03.202,18877,18879,18879,1,1
2024-02-27 15:01:04.467,18877,18879,18877,8,-8
2024-02-27 15:01:04.529,18877,18878,18878,1,1
2024-02-27 15:01:05.584,18877,18878,18878,7,7
2024-02-27 15:01:05.584,18877,18878,18879,1,1
2024-02-27 15:01:05.649,18877,18879,18879,1,1
2024-02-27 15:01:06.862,18877,18879,18879,2,2
2024-02-27 15:01:09.187,18877,18879,18879,1,1
2024-02-27 15:01:09.347,18877,18879,18879,1,1
2024-02-27 15:01:09.498,18877,18879,18879,1,1
2024-02-27 15:01:09.638,18877,18879,18879,1,1
2024-02-27 15:01:11.406,18877,18878,18878,1,1
2024-02-27 15:01:13.381,18877,18878,18878,1,1
2024-02-27 15:01:13.382,18877,18878,18878,1,1
2024-02-27 15:01:15.665,18877,18879,18877,2,-2
2024-02-27 15:01:17.075,18877,18879,18879,5,5
2024-02-27 15:01:18.809,18878,18879,18878,1,-1
2024-02-27 15:01:18.818,18878,18879,18878,1,-1
2024-02-27 15:01:20.224,18877,18878,18877,2,-2
2024-02-27 15:01:22.808,18877,18878,18877,1,-1
2024-02-27 15:01:22.808,18877,18878,18877,1,-1
2024-02-27 15:01:22.897,18876,18877,18877,1,1
2024-02-27 15:01:28.871,18877,18878,18877,2,-2
2024-02-27 15:01:28.872,18877,18878,18877,1,-1
2024-02-27 15:01:38.615,18876,18877,18877,1,1
2024-02-27 15:01:41.237,18876,18877,18876,3,-3
2024-02-27 15:01:48.244,18875,18876,18875,1,-1
2024-02-27 15:01:50.340,18876,18877,18876,1,-1
2024-02-27 15:01:50.356,18876,18877,18877,1,1
2024-02-27 15:01:51.376,18876,18877,18877,4,4
2024-02-27 15:01:55.035,18877,18878,18878,7,7
2024-02-27 15:01:55.309,18878,18879,18878,2,-2
2024-02-27 15:01:58.740,18877,18878,18877,2,-2
2024-02-27 15:01:59.610,18877,18878,18877,1,-1
2024-02-27 15:02:00.195,18877,18878,18877,1,-1
2024-02-27 15:02:03.321,18877,18878,18877,1,-1
2024-02-27 15:02:06.221,18877,18878,18878,1,1
2024-02-27 15:02:06.221,18877,18878,18878,6,6
2024-02-27 15:02:06.420,18877,18879,18877,1,-1
2024-02-27 15:02:13.570,18877,18878,18877,1,-1
2024-02-27 15:02:29.695,18877,18878,18877,2,-2
2024-02-27 15:02:31.216,18877,18878,18877,1,-1
2024-02-27 15:02:33.100,18877,18878,18877,1,-1
2024-02-27 15:02:34.322,18877,18878,18877,1,-1
2024-02-27 15:02:35.978,18876,18877,18877,2,2
2024-02-27 15:02:38.687,18876,18877,18876,3,-3
2024-02-27 15:02:38.687,18876,18877,18875,2,-2
2024-02-27 15:02:39.904,18875,18877,18875,1,-1
2024-02-27 15:02:41.223,18875,18877,18875,1,-1
2024-02-27 15:02:41.580,18875,18877,18875,1,-1
2024-02-27 15:02:43.644,18875,18876,18875,6,-6
2024-02-27 15:02:57.025,18874,18875,18875,6,6
2024-02-27 15:02:57.025,18874,18875,18875,4,4
2024-02-27 15:03:00.064,18875,18877,18877,1,1
2024-02-27 15:03:27.103,18875,18876,18875,2,-2
2024-02-27 15:03:27.340,18875,18876,18876,1,1
2024-02-27 15:03:30.141,18875,18876,18875,1,-1
2024-02-27 15:03:30.231,18875,18876,18876,1,1
2024-02-27 15:03:30.231,18875,18876,18876,1,1
2024-02-27 15:03:30.232,18875,18876,18876,1,1
2024-02-27 15:03:30.232,18875,18876,18876,1,1
2024-02-27 15:03:30.232,18875,18876,18876,1,1
2024-02-27 15:03:31.888,18875,18877,18877,12,12
2024-02-27 15:03:31.981,18875,18877,18875,4,-4
2024-02-27 15:03:32.966,18875,18876,18876,1,1
2024-02-27 15:03:38.829,18875,18876,18875,1,-1
2024-02-27 15:03:39.255,18874,18876,18874,3,-3
2024-02-27 15:03:39.356,18874,18876,18876,1,1
2024-02-27 15:03:40.223,18874,18875,18874,1,-1
2024-02-27 15:03:47.205,18874,18875,18874,1,-1
2024-02-27 15:03:51.646,18874,18875,18874,2,-2
2024-02-27 15:04:00.189,18874,18875,18874,2,-2
2024-02-27 15:04:02.495,18874,18875,18875,1,1
2024-02-27 15:04:03.631,18874,18875,18874,5,-5
2024-02-27 15:04:09.100,18874,18875,18874,1,-1
2024-02-27 15:04:13.328,18874,18875,18874,17,-17
2024-02-27 15:04:17.103,18873,18874,18874,1,1
2024-02-27 15:04:21.103,18873,18874,18873,1,-1
2024-02-27 15:04:24.101,18873,18874,18873,1,-1
2024-02-27 15:04:31.476,18873,18874,18873,1,-1
2024-02-27 15:04:32.258,18873,18874,18873,1,-1
2024-02-27 15:04:32.595,18873,18874,18873,1,-1
2024-02-27 15:04:44.012,18873,18874,18874,13,13
2024-02-27 15:04:44.012,18873,18874,18874,1,1
2024-02-27 15:04:49.888,18874,18875,18874,1,-1
2024-02-27 15:04:55.485,18874,18875,18874,1,-1
2024-02-27 15:05:00.324,18874,18875,18874,2,-2
2024-02-27 15:05:10.352,18873,18874,18874,1,1
2024-02-27 15:05:11.206,18873,18874,18874,1,1
2024-02-27 15:05:20.217,18874,18875,18874,2,-2
2024-02-27 15:05:30.352,18873,18875,18873,11,-11
2024-02-27 15:05:34.702,18873,18874,18873,1,-1
2024-02-27 15:05:37.469,18873,18874,18873,1,-1
2024-02-27 15:05:41.048,18873,18874,18873,1,-1
2024-02-27 15:05:43.709,18873,18874,18873,1,-1
2024-02-27 15:05:45.559,18873,18874,18873,1,-1
2024-02-27 15:05:48.014,18873,18874,18873,2,-2
2024-02-27 15:05:54.896,18872,18873,18872,1,-1
2024-02-27 15:05:57.141,18872,18873,18872,3,-3
2024-02-27 15:05:57.249,18872,18873,18872,1,-1
2024-02-27 15:06:05.532,18872,18873,18872,1,-1
2024-02-27 15:06:14.922,18872,18873,18873,1,1
2024-02-27 15:06:14.922,18872,18873,18873,3,3
2024-02-27 15:06:14.922,18872,18873,18873,2,2
2024-02-27 15:06:14.922,18872,18873,18873,1,1
2024-02-27 15:06:14.922,18872,18873,18873,2,2
2024-02-27 15:06:16.363,18873,18874,18874,1,1
2024-02-27 15:06:16.363,18873,18874,18874,2,2
2024-02-27 15:06:21.857,18874,18875,18874,1,-1
2024-02-27 15:06:31.633,18874,18875,18874,1,-1
2024-02-27 15:06:47.146,18874,18875,18875,10,10
2024-02-27 15:06:49.244,18875,18876,18875,1,-1
2024-02-27 15:06:49.635,18875,18876,18875,1,-1
2024-02-27 15:06:50.039,18875,18876,18875,1,-1
2024-02-27 15:06:50.411,18875,18876,18875,1,-1
2024-02-27 15:06:50.793,18875,18876,18875,1,-1
2024-02-27 15:06:51.190,18875,18876,18875,1,-1
2024-02-27 15:06:51.624,18875,18876,18875,1,-1
2024-02-27 15:06:52.056,18875,18876,18875,1,-1
2024-02-27 15:06:52.449,18875,18876,18875,1,-1
2024-02-27 15:06:52.844,18875,18876,18875,1,-1
2024-02-27 15:06:53.220,18875,18876,18875,1,-1
2024-02-27 15:06:53.645,18875,18876,18875,1,-1
2024-02-27 15:06:56.369,18875,18876,18875,1,-1
2024-02-27 15:06:56.848,18875,18876,18876,1,1
2024-02-27 15:06:59.375,18875,18876,18876,4,4
2024-02-27 15:06:59.666,18876,18877,18876,1,-1
2024-02-27 15:07:08.224,18876,18877,18876,1,-1
2024-02-27 15:07:11.829,18876,18877,18877,1,1
2024-02-27 15:07:12.354,18876,18877,18877,12,12
2024-02-27 15:07:16.151,18877,18878,18877,1,-1
2024-02-27 15:07:21.833,18877,18878,18878,2,2
2024-02-27 15:07:32.622,18877,18878,18878,1,1
2024-02-27 15:07:32.622,18877,18878,18878,3,3
2024-02-27 15:07:32.623,18877,18878,18878,4,4
2024-02-27 15:07:32.623,18877,18878,18878,1,1
2024-02-27 15:07:32.900,18878,18879,18878,1,-1
2024-02-27 15:07:37.230,18877,18878,18878,1,1
2024-02-27 15:07:39.251,18877,18878,18877,1,-1
2024-02-27 15:07:40.990,18877,18878,18877,2,-2
2024-02-27 15:07:40.990,18877,18878,18876,6,-6
2024-02-27 15:07:41.218,18876,18877,18877,1,1
2024-02-27 15:08:00.197,18876,18877,18876,1,-1
2024-02-27 15:08:00.216,18876,18877,18876,1,-1
2024-02-27 15:08:06.173,18875,18876,18875,1,-1
2024-02-27 15:08:06.173,18875,18876,18875,2,-2
2024-02-27 15:08:06.173,18875,18876,18875,1,-1
2024-02-27 15:08:09.549,18874,18875,18875,1,1
2024-02-27 15:08:20.698,18875,18876,18875,1,-1
2024-02-27 15:08:25.921,18875,18876,18876,3,3
2024-02-27 15:08:25.921,18875,18876,18877,1,1
2024-02-27 15:08:26.003,18875,18877,18875,2,-2
2024-02-27 15:08:27.159,18875,18877,18875,1,-1
2024-02-27 15:08:45.808,18875,18877,18875,1,-1
2024-02-27 15:08:59.197,18876,18877,18877,1,1
2024-02-27 15:09:03.354,18876,18877,18876,1,-1
2024-02-27 15:09:06.217,18876,18877,18876,5,-5
2024-02-27 15:09:08.615,18876,18877,18876,5,-5
2024-02-27 15:09:11.270,18876,18877,18876,2,-2
2024-02-27 15:09:11.338,18876,18877,18876,1,-1
2024-02-27 15:09:15.120,18876,18877,18876,3,-3
2024-02-27 15:09:22.746,18876,18877,18876,1,-1
2024-02-27 15:09:29.360,18876,18877,18877,1,1
2024-02-27 15:09:29.360,18876,18877,18877,2,2
2024-02-27 15:09:29.360,18876,18877,18877,11,11
2024-02-27 15:09:29.517,18877,18878,18878,1,1
2024-02-27 15:09:29.520,18877,18878,18878,6,6
2024-02-27 15:09:32.551,18878,18879,18879,1,1
2024-02-27 15:09:32.657,18878,18879,18879,3,3
2024-02-27 15:09:32.657,18878,18879,18879,1,1
2024-02-27 15:09:32.657,18878,18879,18879,2,2
2024-02-27 15:09:32.657,18878,18879,18879,7,7
2024-02-27 15:09:32.693,18878,18879,18879,1,1
2024-02-27 15:09:35.720,18879,18880,18880,2,2
2024-02-27 15:09:35.720,18879,18880,18880,1,1
2024-02-27 15:09:35.720,18879,18880,18880,1,1
2024-02-27 15:09:35.720,18879,18880,18880,1,1
2024-02-27 15:09:35.720,18879,18880,18880,14,14
2024-02-27 15:09:35.832,18880,18881,18880,1,-1
2024-02-27 15:09:37.122,18879,18881,18879,1,-1
2024-02-27 15:09:40.075,18880,18881,18880,3,-3
2024-02-27 15:09:52.131,18879,18880,18879,1,-1
2024-02-27 15:09:52.131,18879,18880,18879,1,-1
2024-02-27 15:10:01.702,18879,18880,18879,1,-1
2024-02-27 15:10:06.283,18879,18880,18879,1,-1
2024-02-27 15:10:10.983,18879,18880,18880,1,1
2024-02-27 15:10:12.209,18879,18880,18879,1,-1
2024-02-27 15:10:27.331,18879,18880,18879,5,-5
2024-02-27 15:10:29.363,18879,18880,18879,1,-1
2024-02-27 15:10:35.547,18879,18880,18879,1,-1
2024-02-27 15:10:36.313,18879,18880,18879,1,-1
2024-02-27 15:10:36.490,18879,18880,18879,1,-1
2024-02-27 15:10:36.594,18879,18880,18879,1,-1
2024-02-27 15:10:36.972,18878,18880,18880,5,5
2024-02-27 15:10:51.136,18878,18879,18879,1,1
2024-02-27 15:10:58.912,18879,18880,18880,1,1
2024-02-27 15:10:58.912,18879,18880,18880,1,1
2024-02-27 15:10:58.912,18879,18880,18880,4,4
2024-02-27 15:10:58.929,18879,18880,18880,7,7
2024-02-27 15:10:58.929,18879,18880,18880,1,1
2024-02-27 15:10:58.929,18879,18880,18880,2,2
2024-02-27 15:10:59.145,18880,18881,18880,1,-1
2024-02-27 15:10:59.218,18880,18881,18880,1,-1
2024-02-27 15:11:00.447,18880,18881,18881,2,2
2024-02-27 15:11:00.482,18880,18881,18881,1,1
2024-02-27 15:11:00.483,18880,18881,18881,1,1
2024-02-27 15:11:00.483,18880,18881,18881,1,1
2024-02-27 15:11:00.646,18880,18881,18881,7,7
2024-02-27 15:11:00.649,18880,18881,18882,1,1
2024-02-27 15:11:00.650,18880,18881,18882,1,1
2024-02-27 15:11:00.650,18880,18881,18882,1,1
2024-02-27 15:11:00.650,18880,18881,18882,1,1
2024-02-27 15:11:00.650,18880,18881,18882,1,1
2024-02-27 15:11:00.650,18880,18881,18882,1,1
2024-02-27 15:11:00.650,18880,18881,18882,1,1
2024-02-27 15:11:00.650,18880,18881,18882,1,1
2024-02-27 15:11:00.650,18880,18881,18882,2,2
2024-02-27 15:11:00.650,18880,18881,18882,2,2
2024-02-27 15:11:00.768,18881,18882,18882,1,1
2024-02-27 15:11:01.030,18881,18882,18881,1,-1
2024-02-27 15:11:01.059,18881,18882,18881,1,-1
2024-02-27 15:11:02.053,18881,18882,18882,2,2
2024-02-27 15:11:02.630,18881,18883,18883,17,17
2024-02-27 15:11:02.743,18883,18884,18884,1,1
2024-02-27 15:11:02.905,18883,18884,18884,1,1
2024-02-27 15:11:04.207,18883,18884,18884,3,3
2024-02-27 15:11:05.496,18883,18884,18883,1,-1
2024-02-27 15:11:09.596,18883,18884,18884,5,5
2024-02-27 15:11:09.598,18883,18884,18884,1,1
2024-02-27 15:11:09.940,18883,18885,18885,2,2
2024-02-27 15:11:09.997,18883,18885,18885,1,1
2024-02-27 15:11:10.328,18883,18885,18884,1,1
2024-02-27 15:11:11.231,18884,18885,18884,3,-3
2024-02-27 15:11:11.316,18884,18885,18884,1,-1
2024-02-27 15:11:12.304,18884,18885,18885,1,1
2024-02-27 15:11:13.973,18884,18885,18885,1,1
2024-02-27 15:11:15.541,18884,18885,18885,1,1
2024-02-27 15:11:15.960,18884,18885,18884,1,-1
2024-02-27 15:11:16.320,18884,18885,18885,1,1
2024-02-27 15:11:19.690,18884,18885,18884,1,-1
2024-02-27 15:11:20.048,18884,18885,18885,1,1
2024-02-27 15:11:20.630,18884,18885,18884,1,-1
2024-02-27 15:11:21.653,18884,18885,18884,1,-1
2024-02-27 15:11:22.076,18884,18885,18884,1,-1
2024-02-27 15:11:24.322,18884,18885,18884,1,-1
2024-02-27 15:11:26.877,18884,18885,18884,5,-5
2024-02-27 15:11:29.007,18884,18885,18884,1,-1
2024-02-27 15:11:30.919,18884,18885,18884,3,-3
2024-02-27 15:11:31.637,18883,18885,18883,1,-1
2024-02-27 15:11:37.471,18883,18884,18884,18,18
2024-02-27 15:11:38.180,18883,18885,18883,1,-1
2024-02-27 15:11:42.025,18884,18885,18884,1,-1
2024-02-27 15:11:43.544,18884,18885,18884,3,-3
2024-02-27 15:11:43.549,18884,18885,18885,19,19
2024-02-27 15:11:44.279,18885,18886,18885,2,-2
2024-02-27 15:11:44.469,18885,18886,18886,2,2
2024-02-27 15:11:44.541,18885,18886,18886,1,1
2024-02-27 15:11:44.541,18885,18886,18886,7,7
2024-02-27 15:11:44.789,18886,18887,18886,1,-1
2024-02-27 15:11:45.265,18886,18887,18886,1,-1
2024-02-27 15:11:46.816,18885,18887,18887,2,2
2024-02-27 15:11:47.064,18885,18887,18887,1,1
2024-02-27 15:11:52.601,18886,18887,18886,3,-3
2024-02-27 15:11:52.940,18885,18886,18885,1,-1
2024-02-27 15:11:56.366,18885,18886,18885,1,-1
2024-02-27 15:11:57.396,18884,18886,18886,1,1
2024-02-27 15:11:57.872,18885,18886,18885,1,-1
2024-02-27 15:11:58.717,18884,18886,18886,1,1
2024-02-27 15:11:59.194,18884,18885,18885,1,1
2024-02-27 15:11:59.194,18884,18885,18886,18,18
2024-02-27 15:12:00.420,18885,18887,18885,1,-1
2024-02-27 15:12:00.458,18885,18887,18887,2,2
2024-02-27 15:12:02.267,18886,18887,18886,1,-1
2024-02-27 15:12:02.521,18885,18886,18886,1,1
2024-02-27 15:12:02.644,18885,18886,18886,15,15
2024-02-27 15:12:02.644,18885,18886,18887,4,4
2024-02-27 15:12:03.177,18885,18887,18887,1,1
2024-02-27 15:12:04.434,18885,18887,18887,8,8
2024-02-27 15:12:05.483,18886,18887,18886,1,-1
2024-02-27 15:12:06.906,18886,18887,18886,1,-1
2024-02-27 15:12:06.935,18886,18887,18886,1,-1
2024-02-27 15:12:07.026,18886,18887,18887,1,1
2024-02-27 15:12:07.168,18886,18887,18887,1,1
2024-02-27 15:12:13.887,18886,18887,18887,1,1
2024-02-27 15:12:15.099,18886,18887,18887,1,1
2024-02-27 15:12:19.184,18886,18887,18886,1,-1
2024-02-27 15:12:19.634,18886,18887,18887,1,1
2024-02-27 15:12:20.388,18886,18887,18886,3,-3
2024-02-27 15:12:20.629,18886,18887,18887,5,5
2024-02-27 15:12:24.066,18886,18887,18886,1,-1
2024-02-27 15:12:24.224,18886,18887,18886,1,-1
2024-02-27 15:12:24.645,18886,18887,18886,1,-1
2024-02-27 15:12:27.237,18885,18886,18885,1,-1
2024-02-27 15:12:32.571,18885,18886,18885,1,-1
2024-02-27 15:12:34.617,18884,18886,18884,1,-1
2024-02-27 15:12:40.233,18884,18885,18885,3,3
2024-02-27 15:12:42.343,18884,18885,18884,1,-1
2024-02-27 15:12:44.329,18884,18885,18884,1,-1
2024-02-27 15:12:44.514,18884,18885,18885,5,5
2024-02-27 15:12:52.254,18884,18885,18884,2,-2
2024-02-27 15:12:55.520,18884,18885,18884,1,-1
2024-02-27 15:13:00.420,18883,18884,18884,2,2
2024-02-27 15:13:06.450,18883,18884,18884,1,1
2024-02-27 15:13:06.450,18883,18884,18884,1,1
2024-02-27 15:13:06.450,18883,18884,18884,2,2
2024-02-27 15:13:06.450,18883,18884,18884,3,3
2024-02-27 15:13:06.450,18883,18884,18884,4,4
2024-02-27 15:13:11.697,18883,18885,18884,1,1
2024-02-27 15:13:11.717,18883,18885,18885,1,1
2024-02-27 15:13:11.718,18883,18885,18885,7,7
2024-02-27 15:13:11.957,18885,18886,18885,3,-3
2024-02-27 15:13:12.117,18885,18886,18886,1,1
2024-02-27 15:13:13.555,18885,18886,18885,1,-1
2024-02-27 15:13:14.774,18885,18886,18886,1,1
2024-02-27 15:13:18.141,18885,18886,18886,1,1
2024-02-27 15:13:18.672,18885,18886,18886,1,1
2024-02-27 15:13:20.218,18885,18886,18886,6,6
2024-02-27 15:13:20.218,18885,18886,18886,1,1
2024-02-27 15:13:22.751,18885,18886,18885,1,-1
2024-02-27 15:13:23.049,18885,18886,18886,1,1
2024-02-27 15:13:24.791,18885,18887,18887,5,5
2024-02-27 15:13:27.441,18886,18887,18887,1,1
2024-02-27 15:13:27.691,18886,18887,18887,1,1
2024-02-27 15:13:32.324,18886,18887,18886,1,-1
2024-02-27 15:13:32.395,18885,18887,18887,1,1
2024-02-27 15:13:33.780,18885,18887,18887,18,18
2024-02-27 15:13:34.302,18886,18887,18886,1,-1
2024-02-27 15:13:34.903,18885,18886,18886,1,1
2024-02-27 15:13:34.903,18885,18886,18887,17,17
2024-02-27 15:13:37.818,18886,18888,18888,18,18
2024-02-27 15:13:37.819,18886,18888,18888,1,1
2024-02-27 15:13:37.820,18886,18888,18888,19,19
2024-02-27 15:13:37.882,18888,18889,18888,1,-1
2024-02-27 15:13:37.946,18888,18889,18889,1,1
2024-02-27 15:13:37.948,18888,18889,18889,1,1
2024-02-27 15:13:37.956,18888,18889,18889,1,1
2024-02-27 15:13:37.964,18888,18889,18889,1,1
2024-02-27 15:13:37.965,18888,18889,18889,28,28
2024-02-27 15:13:37.969,18888,18889,18890,1,1
2024-02-27 15:13:37.995,18889,18890,18890,1,1
2024-02-27 15:13:37.999,18889,18890,18890,1,1
2024-02-27 15:13:38.015,18889,18890,18890,1,1
2024-02-27 15:13:38.021,18889,18890,18890,1,1
2024-02-27 15:13:38.051,18889,18890,18890,10,10
2024-02-27 15:13:38.052,18889,18890,18890,2,2
2024-02-27 15:13:38.061,18889,18890,18890,1,1
2024-02-27 15:13:38.219,18889,18890,18890,1,1
2024-02-27 15:13:38.245,18889,18890,18890,1,1
2024-02-27 15:13:38.248,18889,18890,18890,2,2
2024-02-27 15:13:38.298,18889,18890,18890,1,1
2024-02-27 15:13:38.325,18889,18890,18891,1,1
2024-02-27 15:13:38.369,18889,18890,18890,1,1
2024-02-27 15:13:38.640,18889,18890,18890,6,6
2024-02-27 15:13:38.671,18889,18890,18890,1,1
2024-02-27 15:13:38.762,18889,18890,18889,1,-1
2024-02-27 15:13:38.763,18889,18890,18889,1,-1
2024-02-27 15:13:39.207,18888,18890,18890,1,1
2024-02-27 15:13:40.217,18889,18890,18890,2,2
2024-02-27 15:13:41.136,18889,18890,18890,1,1
2024-02-27 15:13:41.607,18889,18890,18890,2,2
2024-02-27 15:13:42.156,18889,18890,18889,1,-1
2024-02-27 15:13:43.042,18889,18890,18890,1,1
2024-02-27 15:13:46.164,18889,18890,18890,1,1
2024-02-27 15:13:46.969,18889,18890,18890,1,1
2024-02-27 15:13:47.664,18889,18890,18890,1,1
2024-02-27 15:13:47.664,18889,18890,18891,32,32
2024-02-27 15:13:47.945,18890,18891,18891,1,1
2024-02-27 15:13:47.989,18890,18891,18890,1,-1
2024-02-27 15:13:48.130,18890,18891,18891,1,1
2024-02-27 15:13:48.130,18890,18891,18892,1,1
2024-02-27 15:13:48.418,18890,18891,18890,1,-1
2024-02-27 15:13:48.726,18890,18891,18891,1,1
2024-02-27 15:13:48.726,18890,18891,18892,2,2
2024-02-27 15:13:49.519,18890,18891,18890,1,-1
2024-02-27 15:13:50.383,18890,18891,18890,1,-1
2024-02-27 15:13:50.571,18890,18891,18891,1,1
2024-02-27 15:13:53.553,18890,18891,18890,1,-1
2024-02-27 15:13:53.717,18890,18891,18891,1,1
2024-02-27 15:13:54.342,18890,18891,18891,1,1
2024-02-27 15:13:55.443,18891,18892,18891,1,-1
2024-02-27 15:13:56.032,18891,18892,18892,1,1
2024-02-27 15:13:56.295,18891,18892,18891,1,-1
2024-02-27 15:13:57.335,18891,18892,18892,4,4
2024-02-27 15:13:59.936,18891,18892,18892,5,5
2024-02-27 15:14:00.363,18892,18893,18893,1,1
2024-02-27 15:14:00.482,18892,18893,18893,1,1
2024-02-27 15:14:00.482,18892,18893,18893,1,1
2024-02-27 15:14:00.512,18892,18893,18893,5,5
2024-02-27 15:14:00.513,18892,18893,18893,1,1
2024-02-27 15:14:00.562,18892,18893,18894,1,1
2024-02-27 15:14:00.644,18893,18894,18894,2,2
2024-02-27 15:14:00.725,18893,18894,18894,1,1
2024-02-27 15:14:00.808,18893,18894,18894,2,2
2024-02-27 15:14:01.016,18893,18894,18893,1,-1
2024-02-27 15:14:01.081,18893,18894,18893,1,-1
2024-02-27 15:14:01.166,18893,18894,18894,1,1
2024-02-27 15:14:01.619,18893,18894,18893,1,-1
2024-02-27 15:14:01.801,18893,18894,18893,1,-1
2024-02-27 15:14:02.194,18893,18894,18893,1,-1
2024-02-27 15:14:02.623,18893,18894,18893,2,-2
2024-02-27 15:14:04.602,18893,18894,18894,1,1
2024-02-27 15:14:05.005,18893,18894,18894,1,1
2024-02-27 15:14:05.638,18893,18894,18894,1,1
2024-02-27 15:14:07.699,18893,18894,18894,1,1
2024-02-27 15:14:07.949,18893,18894,18893,2,-2
2024-02-27 15:14:07.949,18893,18894,18893,2,-2
2024-02-27 15:14:07.949,18893,18894,18893,4,-4
2024-02-27 15:14:08.076,18892,18893,18892,1,-1
2024-02-27 15:14:08.105,18892,18893,18893,1,1
2024-02-27 15:14:08.424,18892,18893,18893,1,1
2024-02-27 15:14:09.294,18893,18894,18894,1,1
2024-02-27 15:14:09.570,18893,18894,18894,22,22
2024-02-27 15:14:09.570,18893,18894,18895,1,1
2024-02-27 15:14:09.873,18893,18895,18895,5,5
2024-02-27 15:14:10.608,18893,18894,18894,1,1
2024-02-27 15:14:11.366,18894,18895,18894,1,-1
2024-02-27 15:14:11.854,18893,18894,18894,1,1
2024-02-27 15:14:11.854,18893,18894,18895,2,2
2024-02-27 15:14:12.032,18893,18894,18894,1,1
2024-02-27 15:14:14.417,18894,18895,18895,1,1
2024-02-27 15:14:14.832,18894,18895,18894,1,-1
2024-02-27 15:14:16.642,18894,18895,18894,1,-1
2024-02-27 15:14:18.207,18894,18895,18895,1,1
2024-02-27 15:14:19.128,18894,18895,18894,1,-1
2024-02-27 15:14:19.237,18894,18895,18895,1,1
2024-02-27 15:14:19.282,18894,18895,18894,1,-1
2024-02-27 15:14:19.457,18894,18895,18895,21,21
2024-02-27 15:14:20.021,18894,18895,18895,2,2
2024-02-27 15:14:20.222,18894,18895,18895,2,2
2024-02-27 15:14:21.441,18894,18895,18895,4,4
2024-02-27 15:14:21.790,18894,18895,18894,1,-1
2024-02-27 15:14:22.108,18894,18895,18895,11,11
2024-02-27 15:14:22.635,18894,18895,18895,1,1
2024-02-27 15:14:23.921,18894,18895,18894,1,-1
2024-02-27 15:14:24.008,18894,18895,18895,1,1
2024-02-27 15:14:24.379,18894,18895,18894,1,-1
2024-02-27 15:14:24.952,18894,18895,18895,1,1
2024-02-27 15:14:27.228,18894,18895,18895,1,1
2024-02-27 15:14:27.707,18894,18895,18894,1,-1
2024-02-27 15:14:27.987,18894,18895,18895,1,1
2024-02-27 15:14:29.195,18894,18895,18895,21,21
2024-02-27 15:14:29.195,18894,18895,18896,26,26
2024-02-27 15:14:29.231,18894,18896,18896,1,1
2024-02-27 15:14:29.231,18894,18896,18896,1,1
2024-02-27 15:14:29.297,18894,18896,18896,2,2
2024-02-27 15:14:32.616,18895,18896,18895,1,-1
2024-02-27 15:14:33.200,18895,18896,18895,1,-1
2024-02-27 15:14:35.582,18895,18896,18895,3,-3
2024-02-27 15:14:36.013,18894,18896,18894,1,-1
2024-02-27 15:14:36.107,18894,18896,18896,1,1
2024-02-27 15:14:37.667,18894,18895,18895,1,1
2024-02-27 15:14:38.482,18894,18895,18895,1,1
2024-02-27 15:14:38.707,18895,18896,18895,1,-1
2024-02-27 15:14:40.024,18895,18896,18896,11,11
2024-02-27 15:14:40.024,18895,18896,18897,24,24
2024-02-27 15:14:40.026,18895,18896,18897,1,1
2024-02-27 15:14:40.027,18895,18896,18897,1,1
2024-02-27 15:14:40.262,18897,18898,18898,1,1
2024-02-27 15:14:40.309,18897,18898,18898,1,1
2024-02-27 15:14:40.351,18897,18898,18898,1,1
2024-02-27 15:14:40.358,18897,18898,18898,1,1
2024-02-27 15:14:40.394,18897,18898,18898,1,1
2024-02-27 15:14:40.448,18897,18898,18898,1,1
2024-02-27 15:14:40.723,18897,18898,18898,2,2
2024-02-27 15:14:40.730,18897,18898,18898,1,1
2024-02-27 15:14:40.731,18897,18898,18898,1,1
2024-02-27 15:14:40.797,18897,18898,18897,2,-2
2024-02-27 15:14:40.847,18897,18898,18897,1,-1
2024-02-27 15:14:40.854,18897,18898,18897,1,-1
2024-02-27 15:14:42.280,18897,18898,18898,2,2
2024-02-27 15:14:42.281,18897,18898,18898,11,11
2024-02-27 15:14:42.501,18897,18899,18897,2,-2
2024-02-27 15:14:43.842,18897,18899,18899,1,1
2024-02-27 15:14:43.873,18897,18899,18899,10,10
2024-02-27 15:14:43.917,18897,18899,18899,1,1
2024-02-27 15:14:44.065,18898,18899,18899,4,4
2024-02-27 15:14:44.118,18898,18899,18899,2,2
2024-02-27 15:14:44.119,18898,18899,18899,9,9
2024-02-27 15:14:44.119,18898,18899,18899,1,1
2024-02-27 15:14:44.121,18898,18899,18899,1,1
2024-02-27 15:14:44.389,18898,18900,18900,1,1
2024-02-27 15:14:44.409,18898,18900,18898,1,-1
2024-02-27 15:14:44.489,18898,18900,18900,1,1
2024-02-27 15:14:44.490,18898,18900,18900,1,1
2024-02-27 15:14:44.505,18898,18900,18900,1,1
2024-02-27 15:14:44.541,18898,18900,18898,3,-3
2024-02-27 15:14:44.583,18898,18900,18900,1,1
2024-02-27 15:14:44.751,18898,18900,18900,2,2
2024-02-27 15:14:44.890,18898,18900,18900,1,1
2024-02-27 15:14:44.951,18898,18900,18898,1,-1
2024-02-27 15:14:45.242,18898,18900,18900,1,1
2024-02-27 15:14:45.797,18898,18900,18900,2,2
2024-02-27 15:14:46.848,18898,18900,18899,1,1
2024-02-27 15:14:47.300,18899,18900,18899,1,-1
2024-02-27 15:14:47.412,18899,18900,18900,1,1
2024-02-27 15:14:47.496,18899,18900,18900,1,1
2024-02-27 15:14:48.012,18899,18900,18899,1,-1
2024-02-27 15:14:48.106,18899,18900,18900,5,5
2024-02-27 15:14:48.118,18899,18900,18900,1,1
2024-02-27 15:14:48.453,18899,18900,18899,1,-1
2024-02-27 15:14:48.500,18899,18900,18900,1,1
2024-02-27 15:14:50.226,18899,18900,18899,1,-1
2024-02-27 15:14:50.383,18899,18900,18899,1,-1
2024-02-27 15:14:50.407,18899,18900,18900,1,1
2024-02-27 15:14:51.563,18899,18900,18900,1,1
2024-02-27 15:14:51.737,18899,18900,18900,2,2
2024-02-27 15:14:52.419,18899,18900,18900,1,1
2024-02-27 15:14:52.719,18899,18900,18900,35,35
2024-02-27 15:14:52.719,18899,18900,18901,18,18
2024-02-27 15:14:52.737,18901,18902,18901,2,-2
2024-02-27 15:14:52.751,18901,18902,18902,3,3
2024-02-27 15:14:52.815,18901,18902,18901,1,-1
2024-02-27 15:14:52.847,18901,18902,18902,1,1
2024-02-27 15:14:52.984,18901,18902,18902,1,1
2024-02-27 15:14:53.038,18901,18902,18902,1,1
2024-02-27 15:14:53.053,18901,18902,18902,1,1
2024-02-27 15:14:53.090,18901,18902,18902,1,1
2024-02-27 15:14:53.107,18901,18902,18902,1,1
2024-02-27 15:14:53.124,18901,18902,18902,1,1
2024-02-27 15:14:53.674,18901,18902,18901,1,-1
2024-02-27 15:14:53.949,18901,18902,18902,2,2
2024-02-27 15:14:54.006,18902,18903,18903,1,1
2024-02-27 15:14:54.155,18902,18903,18903,1,1
2024-02-27 15:14:54.197,18902,18903,18903,1,1
2024-02-27 15:14:54.240,18902,18903,18903,1,1
2024-02-27 15:14:54.310,18902,18903,18903,1,1
2024-02-27 15:14:54.521,18902,18903,18903,1,1
2024-02-27 15:14:54.702,18902,18903,18903,1,1
2024-02-27 15:14:54.758,18902,18903,18903,1,1
2024-02-27 15:14:54.759,18902,18903,18903,1,1
2024-02-27 15:14:54.759,18902,18903,18903,1,1
2024-02-27 15:14:54.760,18902,18903,18903,1,1
2024-02-27 15:14:54.775,18902,18903,18904,1,1
2024-02-27 15:14:55.019,18903,18904,18904,1,1
2024-02-27 15:14:55.257,18903,18904,18904,2,2
2024-02-27 15:14:55.435,18903,18904,18904,4,4
2024-02-27 15:14:55.552,18903,18905,18903,1,-1
2024-02-27 15:14:55.655,18903,18905,18903,1,-1
2024-02-27 15:14:55.822,18903,18905,18905,1,1
2024-02-27 15:14:55.961,18903,18905,18903,1,-1
2024-02-27 15:14:56.256,18903,18905,18903,1,-1
2024-02-27 15:14:56.341,18903,18905,18903,1,-1
2024-02-27 15:14:58.818,18903,18904,18903,1,-1
2024-02-27 15:14:59.039,18903,18904,18903,1,-1
2024-02-27 15:14:59.663,18903,18904,18903,2,-2
2024-02-27 15:14:59.663,18903,18904,18903,5,-5
2024-02-27 15:14:59.664,18903,18904,18902,2,-2
2024-02-27 15:14:59.664,18903,18904,18902,5,-5
2024-02-27 15:14:59.801,18901,18902,18902,2,2
2024-02-27 15:14:59.827,18901,18902,18901,1,-1
2024-02-27 15:14:59.828,18901,18902,18901,1,-1
2024-02-27 15:14:59.917,18900,18901,18902,2,2
2024-02-27 15:15:00.225,18901,18902,18902,2,2
2024-02-27 15:15:00.227,18901,18902,18902,1,1
2024-02-27 15:15:00.237,18901,18903,18903,1,1
2024-02-27 15:15:00.237,18901,18903,18903,1,1
2024-02-27 15:15:00.358,18901,18902,18902,12,12
2024-02-27 15:15:00.665,18901,18902,18902,1,1
2024-02-27 15:15:00.709,18901,18902,18902,1,1
2024-02-27 15:15:00.832,18901,18902,18901,2,-2
2024-02-27 15:15:01.567,18901,18902,18902,1,1
2024-02-27 15:15:01.607,18901,18903,18903,1,1
2024-02-27 15:15:01.891,18901,18902,18901,1,-1
2024-02-27 15:15:02.276,18901,18902,18901,2,-2
2024-02-27 15:15:02.277,18901,18902,18901,2,-2
2024-02-27 15:15:02.614,18900,18901,18900,1,-1
2024-02-27 15:15:03.023,18900,18901,18900,1,-1
2024-02-27 15:15:03.244,18900,18901,18901,2,2
2024-02-27 15:15:03.295,18900,18901,18901,1,1
2024-02-27 15:15:03.728,18901,18902,18901,1,-1
2024-02-27 15:15:03.944,18900,18902,18902,1,1
2024-02-27 15:15:04.513,18900,18902,18902,1,1
2024-02-27 15:15:04.877,18900,18901,18901,1,1
2024-02-27 15:15:06.455,18900,18902,18902,1,1
2024-02-27 15:15:08.096,18900,18901,18901,1,1
2024-02-27 15:15:08.105,18901,18902,18902,1,1
2024-02-27 15:15:08.106,18901,18902,18902,1,1
2024-02-27 15:15:08.106,18901,18902,18902,1,1
2024-02-27 15:15:08.338,18901,18902,18902,1,1
2024-02-27 15:15:10.331,18901,18902,18902,1,1
2024-02-27 15:15:10.462,18901,18902,18901,1,-1
2024-02-27 15:15:10.924,18901,18902,18901,6,-6
2024-02-27 15:15:10.924,18901,18902,18900,1,-1
2024-02-27 15:15:13.781,18901,18902,18901,1,-1
2024-02-27 15:15:15.143,18901,18902,18901,1,-1
2024-02-27 15:15:15.468,18901,18902,18901,1,-1
2024-02-27 15:15:17.146,18901,18902,18901,2,-2
2024-02-27 15:15:17.695,18901,18902,18902,1,1
2024-02-27 15:15:18.170,18901,18902,18901,1,-1
2024-02-27 15:15:18.342,18901,18902,18901,1,-1
2024-02-27 15:15:19.292,18901,18902,18901,2,-2
2024-02-27 15:15:20.224,18900,18901,18901,6,6
2024-02-27 15:15:21.015,18900,18901,18900,1,-1
2024-02-27 15:15:21.687,18900,18901,18900,1,-1
2024-02-27 15:15:22.035,18900,18901,18900,1,-1
2024-02-27 15:15:22.342,18900,18901,18900,1,-1
2024-02-27 15:15:22.509,18900,18901,18900,1,-1
2024-02-27 15:15:22.510,18900,18901,18900,2,-2
2024-02-27 15:15:22.510,18900,18901,18900,2,-2
2024-02-27 15:15:22.510,18900,18901,18900,1,-1
2024-02-27 15:15:22.524,18900,18901,18900,4,-4
2024-02-27 15:15:22.524,18900,18901,18900,1,-1
2024-02-27 15:15:22.533,18900,18901,18900,2,-2
2024-02-27 15:15:22.980,18899,18900,18899,2,-2
2024-02-27 15:15:23.810,18899,18900,18899,1,-1
2024-02-27 15:15:23.810,18899,18900,18899,1,-1
2024-02-27 15:15:23.950,18898,18899,18898,1,-1
2024-02-27 15:15:25.980,18898,18899,18899,1,1
2024-02-27 15:15:26.467,18898,18899,18898,1,-1
2024-02-27 15:15:26.494,18898,18899,18899,1,1
2024-02-27 15:15:29.023,18898,18899,18898,1,-1
2024-02-27 15:15:29.024,18898,18899,18898,3,-3
2024-02-27 15:15:29.107,18897,18898,18898,1,1
2024-02-27 15:15:29.793,18897,18898,18897,3,-3
2024-02-27 15:15:29.906,18897,18898,18897,1,-1
2024-02-27 15:15:31.511,18897,18898,18897,1,-1
2024-02-27 15:15:31.980,18897,18898,18898,17,17
2024-02-27 15:15:31.980,18897,18898,18899,35,35
2024-02-27 15:15:31.980,18897,18898,18900,13,13
2024-02-27 15:15:31.984,18897,18898,18899,1,1
2024-02-27 15:15:32.569,18898,18900,18898,1,-1
2024-02-27 15:15:32.633,18898,18900,18898,1,-1
2024-02-27 15:15:35.885,18899,18900,18899,1,-1
2024-02-27 15:15:36.736,18899,18900,18899,2,-2
2024-02-27 15:15:37.517,18899,18900,18899,1,-1
2024-02-27 15:15:37.947,18899,18900,18900,15,15
2024-02-27 15:15:38.405,18899,18900,18899,1,-1
2024-02-27 15:15:40.218,18899,18900,18900,1,1
2024-02-27 15:15:40.946,18899,18900,18899,1,-1
2024-02-27 15:15:41.962,18899,18900,18899,2,-2
2024-02-27 15:15:41.990,18899,18900,18900,18,18
2024-02-27 15:15:41.990,18899,18900,18901,28,28
2024-02-27 15:15:42.088,18899,18900,18902,4,4
2024-02-27 15:15:42.088,18899,18900,18902,6,6
2024-02-27 15:15:42.288,18902,18903,18902,1,-1
2024-02-27 15:15:42.769,18902,18903,18902,2,-2
2024-02-27 15:15:42.798,18902,18903,18902,1,-1
2024-02-27 15:15:43.033,18902,18903,18902,1,-1
2024-02-27 15:15:43.033,18902,18903,18902,1,-1
2024-02-27 15:15:43.171,18901,18903,18901,7,-7
2024-02-27 15:15:43.933,18901,18903,18903,1,1
2024-02-27 15:15:46.260,18901,18902,18901,1,-1
2024-02-27 15:15:47.673,18901,18902,18902,3,3
2024-02-27 15:15:47.790,18901,18902,18902,2,2
2024-02-27 15:15:48.955,18901,18902,18902,1,1
2024-02-27 15:15:51.066,18901,18902,18902,2,2
2024-02-27 15:15:51.066,18901,18902,18903,1,1
2024-02-27 15:15:52.801,18902,18903,18903,1,1
2024-02-27 15:15:53.313,18902,18903,18902,1,-1
2024-02-27 15:15:54.715,18902,18903,18902,3,-3
2024-02-27 15:15:55.733,18902,18903,18903,3,3
2024-02-27 15:15:55.733,18902,18903,18903,5,5
2024-02-27 15:15:55.733,18902,18903,18903,1,1
2024-02-27 15:15:55.733,18902,18903,18903,1,1
2024-02-27 15:15:55.932,18903,18904,18903,1,-1
2024-02-27 15:15:58.330,18903,18904,18904,10,10
2024-02-27 15:15:58.825,18903,18904,18903,1,-1
2024-02-27 15:15:59.358,18903,18904,18904,1,1
2024-02-27 15:15:59.403,18903,18904,18904,1,1
2024-02-27 15:15:59.462,18903,18904,18903,1,-1
2024-02-27 15:16:01.250,18903,18904,18904,1,1
2024-02-27 15:16:01.367,18903,18904,18904,1,1
2024-02-27 15:16:01.367,18903,18904,18904,1,1
2024-02-27 15:16:03.576,18903,18904,18904,1,1
2024-02-27 15:16:03.605,18903,18904,18904,1,1
2024-02-27 15:16:03.606,18903,18904,18905,1,1
2024-02-27 15:16:03.790,18903,18905,18903,1,-1
2024-02-27 15:16:03.799,18903,18905,18905,1,1
2024-02-27 15:16:03.800,18903,18905,18905,1,1
2024-02-27 15:16:03.865,18903,18905,18905,1,1
2024-02-27 15:16:03.928,18903,18905,18903,1,-1
2024-02-27 15:16:04.022,18903,18905,18905,3,3
2024-02-27 15:16:04.137,18903,18905,18903,1,-1
2024-02-27 15:16:04.203,18903,18905,18905,1,1
2024-02-27 15:16:04.502,18903,18905,18903,1,-1
2024-02-27 15:16:05.779,18904,18905,18904,1,-1
2024-02-27 15:16:05.946,18903,18905,18905,25,25
2024-02-27 15:16:06.067,18905,18906,18905,2,-2
2024-02-27 15:16:06.168,18905,18906,18906,1,1
2024-02-27 15:16:06.225,18905,18906,18905,1,-1
2024-02-27 15:16:06.261,18905,18906,18906,16,16
2024-02-27 15:16:06.261,18905,18906,18907,4,4
2024-02-27 15:16:06.281,18905,18906,18907,1,1
2024-02-27 15:16:06.435,18905,18907,18907,1,1
2024-02-27 15:16:06.494,18905,18907,18907,1,1
2024-02-27 15:16:06.494,18905,18907,18907,1,1
2024-02-27 15:16:07.383,18905,18907,18905,1,-1
2024-02-27 15:16:07.480,18905,18907,18907,1,1
2024-02-27 15:16:07.481,18905,18907,18907,1,1
2024-02-27 15:16:07.481,18905,18907,18907,1,1
2024-02-27 15:16:07.694,18905,18907,18905,1,-1
2024-02-27 15:16:08.759,18904,18906,18906,1,1
2024-02-27 15:16:09.263,18905,18907,18907,1,1
2024-02-27 15:16:12.019,18906,18907,18907,1,1
2024-02-27 15:16:12.505,18906,18907,18907,3,3
2024-02-27 15:16:12.505,18906,18907,18908,1,1
2024-02-27 15:16:12.680,18906,18908,18908,2,2
2024-02-27 15:16:12.704,18906,18908,18908,4,4
2024-02-27 15:16:12.762,18907,18908,18907,1,-1
2024-02-27 15:16:13.013,18907,18908,18907,1,-1
2024-02-27 15:16:13.263,18907,18908,18907,1,-1
2024-02-27 15:16:13.483,18907,18908,18907,2,-2
2024-02-27 15:16:13.513,18907,18908,18907,1,-1
2024-02-27 15:16:13.764,18907,18908,18907,1,-1
2024-02-27 15:16:14.510,18907,18908,18907,1,-1
2024-02-27 15:16:15.055,18907,18908,18908,1,1
2024-02-27 15:16:16.694,18906,18908,18906,17,-17
2024-02-27 15:16:16.695,18906,18908,18906,2,-2
2024-02-27 15:16:17.798,18905,18906,18906,2,2
2024-02-27 15:16:17.862,18905,18906,18906,1,1
2024-02-27 15:16:17.909,18905,18906,18906,1,1
2024-02-27 15:16:19.050,18905,18906,18906,1,1
2024-02-27 15:16:19.106,18905,18907,18907,1,1
2024-02-27 15:16:19.748,18905,18907,18905,2,-2
2024-02-27 15:16:20.268,18905,18907,18905,1,-1
2024-02-27 15:16:21.534,18905,18906,18906,1,1
2024-02-27 15:16:22.470,18905,18906,18905,3,-3
2024-02-27 15:16:22.471,18905,18906,18905,3,-3
2024-02-27 15:16:22.471,18905,18906,18905,3,-3
2024-02-27 15:16:23.065,18904,18905,18904,1,-1
2024-02-27 15:16:24.202,18904,18905,18904,1,-1
2024-02-27 15:16:25.256,18903,18904,18904,2,2
2024-02-27 15:16:25.256,18903,18904,18905,1,1
2024-02-27 15:16:31.399,18903,18904,18903,5,-5
2024-02-27 15:16:32.015,18903,18904,18904,1,1
2024-02-27 15:16:34.489,18903,18904,18903,1,-1
2024-02-27 15:16:34.684,18903,18904,18904,1,1
2024-02-27 15:16:34.822,18903,18904,18903,4,-4
2024-02-27 15:16:35.946,18903,18904,18904,1,1
2024-02-27 15:16:36.907,18903,18904,18904,1,1
2024-02-27 15:16:36.907,18903,18904,18905,3,3
2024-02-27 15:16:36.982,18903,18905,18905,1,1
2024-02-27 15:16:37.068,18903,18905,18903,1,-1
2024-02-27 15:16:39.551,18903,18904,18904,1,1
2024-02-27 15:16:39.758,18903,18904,18903,1,-1
2024-02-27 15:16:40.213,18903,18904,18904,2,2
2024-02-27 15:16:42.481,18903,18904,18904,1,1
2024-02-27 15:16:47.326,18903,18904,18904,2,2
2024-02-27 15:16:49.631,18903,18904,18904,1,1
2024-02-27 15:16:55.792,18903,18904,18903,1,-1
2024-02-27 15:17:00.002,18903,18904,18903,2,-2
2024-02-27 15:17:00.221,18903,18904,18904,2,2
2024-02-27 15:17:00.825,18903,18904,18903,1,-1
2024-02-27 15:17:01.182,18903,18904,18903,1,-1
2024-02-27 15:17:02.070,18903,18904,18903,1,-1
2024-02-27 15:17:02.202,18903,18904,18904,1,1
2024-02-27 15:17:02.599,18903,18904,18903,1,-1
2024-02-27 15:17:04.120,18903,18904,18903,3,-3
2024-02-27 15:17:04.547,18902,18904,18902,1,-1
2024-02-27 15:17:04.555,18902,18904,18904,3,3
2024-02-27 15:17:11.374,18903,18904,18903,1,-1
2024-02-27 15:17:11.381,18903,18904,18903,1,-1
2024-02-27 15:17:15.096,18903,18904,18903,1,-1
2024-02-27 15:17:18.600,18902,18903,18903,1,1
2024-02-27 15:17:18.600,18902,18903,18904,1,1
2024-02-27 15:17:20.677,18902,18903,18903,1,1
2024-02-27 15:17:22.983,18902,18903,18903,1,1
2024-02-27 15:17:23.233,18902,18903,18903,1,1
2024-02-27 15:17:23.901,18903,18904,18903,1,-1
2024-02-27 15:17:26.440,18902,18903,18902,1,-1
2024-02-27 15:17:28.531,18902,18903,18902,1,-1
2024-02-27 15:17:29.841,18902,18903,18902,1,-1
2024-02-27 15:17:31.432,18902,18903,18903,1,1
2024-02-27 15:17:34.349,18902,18903,18903,1,1
2024-02-27 15:17:34.349,18902,18903,18904,3,3
2024-02-27 15:17:34.464,18902,18904,18902,1,-1
2024-02-27 15:17:41.331,18902,18903,18903,4,4
2024-02-27 15:17:41.834,18902,18904,18904,3,3
2024-02-27 15:17:45.296,18902,18904,18904,1,1
2024-02-27 15:17:49.062,18903,18904,18904,4,4
2024-02-27 15:17:52.422,18903,18904,18904,5,5
2024-02-27 15:18:00.639,18903,18904,18903,1,-1
2024-02-27 15:18:01.088,18903,18904,18903,1,-1
2024-02-27 15:18:01.415,18903,18904,18903,1,-1
2024-02-27 15:18:01.530,18903,18904,18904,1,1
2024-02-27 15:18:01.531,18903,18904,18904,1,1
2024-02-27 15:18:01.539,18903,18904,18904,1,1
2024-02-27 15:18:01.964,18903,18904,18903,1,-1
2024-02-27 15:18:02.106,18903,18904,18904,1,1
2024-02-27 15:18:08.287,18903,18904,18903,1,-1
2024-02-27 15:18:11.528,18903,18904,18903,1,-1
2024-02-27 15:18:11.996,18903,18904,18903,1,-1
2024-02-27 15:18:13.008,18903,18904,18903,1,-1
2024-02-27 15:18:16.605,18903,18904,18903,1,-1
2024-02-27 15:18:17.764,18903,18904,18903,2,-2
2024-02-27 15:18:18.770,18902,18904,18902,1,-1
2024-02-27 15:18:22.755,18902,18903,18902,2,-2
2024-02-27 15:18:22.756,18902,18903,18902,1,-1
2024-02-27 15:18:22.756,18902,18903,18902,4,-4
2024-02-27 15:18:23.891,18902,18903,18902,1,-1
2024-02-27 15:18:23.891,18902,18903,18902,1,-1
2024-02-27 15:18:23.892,18902,18903,18902,2,-2
2024-02-27 15:18:23.892,18902,18903,18902,2,-2
2024-02-27 15:18:23.892,18902,18903,18902,1,-1
2024-02-27 15:18:23.892,18902,18903,18902,1,-1
2024-02-27 15:18:23.892,18902,18903,18902,2,-2
2024-02-27 15:18:25.061,18902,18903,18902,2,-2
2024-02-27 15:18:27.129,18902,18903,18902,1,-1
2024-02-27 15:18:27.447,18902,18903,18902,2,-2
2024-02-27 15:18:28.287,18901,18903,18902,1,-1
2024-02-27 15:18:33.811,18901,18902,18902,1,1
2024-02-27 15:18:34.013,18901,18902,18901,1,-1
2024-02-27 15:18:34.181,18901,18902,18901,1,-1
2024-02-27 15:18:34.267,18901,18902,18901,1,-1
2024-02-27 15:18:35.687,18901,18902,18902,1,1
2024-02-27 15:18:36.105,18901,18902,18901,1,-1
2024-02-27 15:18:39.143,18900,18902,18901,1,-1
2024-02-27 15:18:47.826,18901,18902,18902,1,1
2024-02-27 15:18:49.023,18901,18902,18901,3,-3
2024-02-27 15:18:50.281,18900,18902,18901,1,-1
2024-02-27 15:18:50.411,18900,18902,18900,3,-3
2024-02-27 15:18:50.460,18900,18902,18900,1,-1
2024-02-27 15:18:51.538,18900,18902,18900,3,-3
2024-02-27 15:18:53.887,18900,18902,18900,1,-1
2024-02-27 15:18:55.224,18900,18901,18900,2,-2
2024-02-27 15:18:57.063,18900,18901,18901,1,1
2024-02-27 15:18:57.313,18900,18901,18901,1,1
2024-02-27 15:18:57.314,18900,18901,18901,2,2
2024-02-27 15:18:57.326,18900,18901,18900,1,-1
2024-02-27 15:18:59.502,18901,18902,18901,1,-1
2024-02-27 15:19:02.316,18900,18901,18900,2,-2
2024-02-27 15:19:03.500,18900,18901,18901,1,1
2024-02-27 15:19:08.140,18900,18901,18901,1,1
2024-02-27 15:19:08.488,18900,18901,18900,1,-1
2024-02-27 15:19:09.606,18900,18901,18900,1,-1
2024-02-27 15:19:10.217,18900,18901,18901,1,1
2024-02-27 15:19:19.127,18900,18901,18900,4,-4
2024-02-27 15:19:20.106,18900,18901,18900,4,-4
2024-02-27 15:19:21.450,18900,18901,18900,1,-1
2024-02-27 15:19:21.451,18900,18901,18900,1,-1
2024-02-27 15:19:23.251,18900,18901,18900,1,-1
2024-02-27 15:19:23.978,18900,18901,18900,1,-1
2024-02-27 15:19:25.237,18900,18901,18901,1,1
2024-02-27 15:19:26.987,18900,18901,18900,1,-1
2024-02-27 15:19:27.264,18900,18901,18900,1,-1
2024-02-27 15:19:29.785,18900,18901,18900,1,-1
2024-02-27 15:19:34.227,18899,18900,18899,1,-1
2024-02-27 15:19:34.282,18899,18900,18899,2,-2
2024-02-27 15:19:34.781,18899,18900,18900,1,1
2024-02-27 15:19:37.997,18899,18900,18899,1,-1
2024-02-27 15:19:49.024,18899,18900,18899,1,-1
2024-02-27 15:19:50.792,18899,18900,18899,3,-3
2024-02-27 15:19:51.699,18899,18900,18899,1,-1
2024-02-27 15:19:54.769,18899,18900,18899,1,-1
2024-02-27 15:20:00.651,18899,18900,18899,1,-1
2024-02-27 15:20:00.671,18899,18900,18899,4,-4
2024-02-27 15:20:01.525,18898,18899,18899,1,1
2024-02-27 15:20:02.000,18898,18899,18899,2,2
2024-02-27 15:20:02.000,18898,18899,18899,1,1
2024-02-27 15:20:02.629,18899,18900,18899,1,-1
2024-02-27 15:20:06.436,18898,18899,18898,1,-1
2024-02-27 15:20:06.486,18898,18899,18898,2,-2
2024-02-27 15:20:06.487,18898,18899,18898,2,-2
2024-02-27 15:20:06.505,18898,18899,18898,1,-1
2024-02-27 15:20:06.560,18898,18899,18898,2,-2
2024-02-27 15:20:07.023,18898,18899,18898,2,-2
2024-02-27 15:20:07.197,18898,18899,18898,1,-1
2024-02-27 15:20:13.729,18898,18899,18898,10,-10
2024-02-27 15:20:14.190,18898,18899,18899,2,2
2024-02-27 15:20:14.268,18898,18899,18898,3,-3
2024-02-27 15:20:17.807,18898,18899,18899,2,2
2024-02-27 15:20:17.896,18898,18900,18898,3,-3
2024-02-27 15:20:21.320,18898,18899,18898,1,-1
2024-02-27 15:20:23.383,18898,18899,18898,1,-1
2024-02-27 15:20:31.671,18898,18899,18898,1,-1
2024-02-27 15:20:41.028,18898,18899,18898,1,-1
2024-02-27 15:20:45.021,18898,18899,18898,1,-1
2024-02-27 15:20:45.105,18898,18899,18899,1,1
2024-02-27 15:20:46.091,18898,18899,18898,1,-1
2024-02-27 15:20:50.388,18898,18899,18899,1,1
2024-02-27 15:20:50.531,18898,18899,18899,3,3
2024-02-27 15:20:50.907,18899,18900,18899,1,-1
2024-02-27 15:20:51.948,18899,18900,18900,1,1
2024-02-27 15:20:52.012,18899,18900,18900,2,2
2024-02-27 15:20:52.013,18899,18900,18900,3,3
2024-02-27 15:20:52.013,18899,18900,18900,10,10
2024-02-27 15:20:52.014,18899,18900,18901,1,1
2024-02-27 15:20:52.015,18899,18900,18901,1,1
2024-02-27 15:20:52.017,18899,18900,18901,3,3
2024-02-27 15:20:52.018,18899,18900,18901,3,3
2024-02-27 15:20:52.018,18899,18900,18901,2,2
2024-02-27 15:20:52.742,18900,18902,18900,1,-1
2024-02-27 15:20:53.948,18900,18902,18900,1,-1
2024-02-27 15:20:54.909,18900,18902,18900,1,-1
2024-02-27 15:20:56.921,18900,18902,18900,1,-1
2024-02-27 15:21:07.641,18900,18901,18900,8,-8
2024-02-27 15:21:11.924,18900,18901,18901,1,1
2024-02-27 15:21:11.924,18900,18901,18901,2,2
2024-02-27 15:21:11.987,18900,18902,18902,1,1
2024-02-27 15:21:18.972,18901,18902,18901,3,-3
2024-02-27 15:21:23.279,18901,18902,18901,1,-1
2024-02-27 15:21:24.898,18901,18902,18901,2,-2
2024-02-27 15:21:25.113,18901,18902,18901,1,-1
2024-02-27 15:21:26.482,18901,18902,18901,2,-2
2024-02-27 15:21:27.932,18900,18901,18901,1,1
2024-02-27 15:21:30.620,18900,18901,18900,1,-1
2024-02-27 15:21:30.944,18900,18901,18901,1,1
2024-02-27 15:21:32.025,18900,18901,18900,2,-2
2024-02-27 15:21:32.025,18900,18901,18900,13,-13
2024-02-27 15:21:34.266,18899,18900,18900,1,1
2024-02-27 15:21:35.723,18899,18900,18900,2,2
2024-02-27 15:21:51.402,18899,18900,18899,1,-1
2024-02-27 15:21:56.733,18899,18900,18899,1,-1
2024-02-27 15:21:57.133,18899,18900,18899,3,-3
2024-02-27 15:21:57.133,18899,18900,18898,1,-1
2024-02-27 15:22:03.104,18898,18899,18899,1,1
2024-02-27 15:22:03.664,18898,18899,18898,1,-1
2024-02-27 15:22:05.346,18898,18899,18899,1,1
2024-02-27 15:22:05.346,18898,18899,18898,1,-1
2024-02-27 15:22:07.339,18898,18899,18899,1,1
2024-02-27 15:22:08.815,18898,18900,18898,1,-1
2024-02-27 15:22:09.461,18898,18900,18900,1,1
2024-02-27 15:22:09.714,18898,18900,18898,1,-1
2024-02-27 15:22:11.247,18898,18899,18899,1,1
2024-02-27 15:22:12.910,18898,18900,18900,1,1
2024-02-27 15:22:16.289,18898,18900,18898,1,-1
2024-02-27 15:22:19.887,18898,18900,18899,1,-1
2024-02-27 15:22:22.456,18899,18900,18900,19,19
2024-02-27 15:22:22.457,18899,18900,18901,2,2
2024-02-27 15:22:22.457,18899,18900,18901,8,8
2024-02-27 15:22:22.458,18899,18900,18901,1,1
2024-02-27 15:22:29.788,18901,18902,18901,1,-1
2024-02-27 15:22:31.314,18901,18902,18901,1,-1
2024-02-27 15:22:33.407,18901,18902,18901,1,-1
2024-02-27 15:22:36.232,18901,18902,18901,1,-1
2024-02-27 15:22:37.970,18899,18901,18901,1,1
2024-02-27 15:22:39.041,18899,18901,18901,1,1
2024-02-27 15:22:45.526,18900,18901,18900,1,-1
2024-02-27 15:22:45.954,18899,18901,18901,5,5
2024-02-27 15:22:46.071,18900,18901,18901,1,1
2024-02-27 15:22:49.114,18901,18902,18901,4,-4
2024-02-27 15:22:56.317,18900,18901,18900,2,-2
2024-02-27 15:22:57.902,18899,18900,18900,2,2
2024-02-27 15:22:58.874,18899,18900,18900,1,1
2024-02-27 15:22:59.901,18900,18901,18900,1,-1
2024-02-27 15:22:59.902,18900,18901,18900,1,-1
2024-02-27 15:23:02.541,18899,18901,18900,1,-1
2024-02-27 15:23:02.648,18899,18900,18900,2,2
2024-02-27 15:23:02.648,18899,18900,18901,1,1
2024-02-27 15:23:04.415,18900,18901,18900,1,-1
2024-02-27 15:23:05.093,18900,18901,18900,1,-1
2024-02-27 15:23:06.389,18900,18901,18900,1,-1
2024-02-27 15:23:21.090,18899,18900,18900,1,1
2024-02-27 15:23:21.133,18899,18900,18899,2,-2
2024-02-27 15:23:23.839,18899,18900,18899,1,-1
2024-02-27 15:23:27.319,18899,18900,18899,1,-1
2024-02-27 15:23:29.359,18899,18900,18900,1,1
2024-02-27 15:23:40.944,18899,18900,18899,2,-2
2024-02-27 15:23:40.944,18899,18900,18899,2,-2
2024-02-27 15:23:40.944,18899,18900,18899,1,-1
2024-02-27 15:23:42.060,18898,18899,18898,2,-2
2024-02-27 15:23:42.060,18898,18899,18898,6,-6
2024-02-27 15:23:42.060,18898,18899,18898,2,-2
2024-02-27 15:23:42.060,18898,18899,18898,5,-5
2024-02-27 15:23:45.574,18897,18899,18897,1,-1
2024-02-27 15:23:45.631,18897,18899,18897,1,-1
2024-02-27 15:23:51.602,18897,18899,18897,1,-1
2024-02-27 15:23:56.427,18897,18899,18898,1,-1
2024-02-27 15:24:03.037,18898,18899,18899,1,1
2024-02-27 15:24:10.014,18898,18899,18899,1,1
2024-02-27 15:24:15.158,18898,18899,18898,1,-1
2024-02-27 15:24:19.049,18898,18899,18898,1,-1
2024-02-27 15:24:26.242,18898,18899,18898,1,-1
2024-02-27 15:24:28.054,18898,18899,18898,1,-1
2024-02-27 15:24:36.588,18897,18898,18898,1,1
2024-02-27 15:24:49.202,18897,18898,18897,4,-4
2024-02-27 15:24:54.562,18897,18898,18897,1,-1
2024-02-27 15:25:03.200,18897,18898,18897,1,-1
2024-02-27 15:25:03.655,18897,18898,18897,1,-1
2024-02-27 15:25:04.000,18897,18898,18898,1,1
2024-02-27 15:25:04.116,18897,18898,18897,1,-1
2024-02-27 15:25:04.116,18897,18898,18897,1,-1
2024-02-27 15:25:04.116,18897,18898,18897,2,-2
2024-02-27 15:25:13.038,18897,18898,18898,1,1
2024-02-27 15:25:17.909,18897,18898,18897,1,-1
2024-02-27 15:25:22.758,18897,18898,18897,1,-1
2024-02-27 15:25:29.445,18897,18898,18898,6,6
2024-02-27 15:25:29.446,18897,18898,18898,5,5
2024-02-27 15:25:30.757,18898,18899,18898,1,-1
2024-02-27 15:25:34.776,18897,18899,18897,1,-1
2024-02-27 15:25:36.401,18897,18899,18897,4,-4
2024-02-27 15:25:40.610,18897,18899,18897,3,-3
2024-02-27 15:25:43.676,18897,18898,18897,1,-1
2024-02-27 15:25:50.260,18897,18898,18897,4,-4
2024-02-27 15:25:50.341,18897,18898,18898,1,1
2024-02-27 15:25:50.893,18897,18898,18897,1,-1
2024-02-27 15:26:00.218,18897,18898,18898,1,1
2024-02-27 15:26:00.279,18897,18898,18898,1,1
2024-02-27 15:26:00.425,18897,18898,18898,1,1
2024-02-27 15:26:03.753,18897,18898,18898,1,1
2024-02-27 15:26:08.756,18898,18899,18898,3,-3
2024-02-27 15:26:11.111,18898,18899,18899,1,1
2024-02-27 15:26:11.668,18898,18899,18899,2,2
2024-02-27 15:26:18.197,18898,18899,18899,1,1
2024-02-27 15:26:20.001,18898,18899,18899,1,1
2024-02-27 15:26:20.251,18899,18900,18899,1,-1
2024-02-27 15:26:20.502,18899,18900,18899,1,-1
2024-02-27 15:26:20.598,18899,18900,18899,1,-1
2024-02-27 15:26:23.250,18898,18899,18899,1,1
2024-02-27 15:26:23.500,18899,18900,18899,1,-1
2024-02-27 15:26:26.719,18898,18899,18899,1,1
2024-02-27 15:26:26.912,18898,18899,18899,1,1
2024-02-27 15:26:26.912,18898,18899,18900,14,14
2024-02-27 15:26:26.935,18898,18899,18900,3,3
2024-02-27 15:26:36.889,18899,18900,18900,3,3
2024-02-27 15:26:37.185,18899,18900,18900,1,1
2024-02-27 15:26:38.033,18899,18900,18899,1,-1
2024-02-27 15:26:39.435,18899,18900,18900,1,1
2024-02-27 15:26:40.248,18899,18900,18900,1,1
2024-02-27 15:26:43.071,18899,18900,18900,1,1
2024-02-27 15:26:43.649,18899,18900,18900,1,1
2024-02-27 15:26:53.544,18899,18900,18899,1,-1
2024-02-27 15:26:54.546,18899,18900,18899,2,-2
2024-02-27 15:26:58.237,18899,18900,18899,1,-1
2024-02-27 15:27:01.050,18899,18900,18900,1,1
2024-02-27 15:27:10.009,18899,18900,18900,2,2
2024-02-27 15:27:13.633,18899,18901,18899,2,-2
2024-02-27 15:27:20.211,18900,18901,18901,5,5
2024-02-27 15:27:20.212,18900,18901,18901,4,4
2024-02-27 15:27:20.212,18900,18901,18901,2,2
2024-02-27 15:27:20.212,18900,18901,18901,2,2
2024-02-27 15:27:20.212,18900,18901,18901,2,2
2024-02-27 15:27:20.385,18901,18902,18902,1,1
2024-02-27 15:27:23.411,18900,18901,18901,1,1
2024-02-27 15:27:23.411,18900,18901,18902,2,2
2024-02-27 15:27:25.929,18901,18902,18902,2,2
2024-02-27 15:27:26.784,18901,18902,18902,1,1
2024-02-27 15:27:27.919,18901,18902,18902,3,3
2024-02-27 15:27:28.502,18901,18902,18901,1,-1
2024-02-27 15:27:30.948,18901,18902,18902,1,1
2024-02-27 15:27:32.700,18901,18902,18902,1,1
2024-02-27 15:27:34.057,18901,18902,18902,3,3
2024-02-27 15:27:34.057,18901,18902,18903,2,2
2024-02-27 15:27:36.325,18902,18903,18902,1,-1
2024-02-27 15:27:38.377,18902,18903,18903,1,1
2024-02-27 15:27:40.217,18902,18903,18903,2,2
2024-02-27 15:27:42.475,18902,18903,18903,1,1
2024-02-27 15:27:44.457,18902,18903,18903,1,1
2024-02-27 15:27:48.993,18902,18903,18903,1,1
2024-02-27 15:27:56.308,18902,18903,18903,1,1
2024-02-27 15:27:57.288,18902,18903,18903,4,4
2024-02-27 15:27:58.081,18902,18903,18903,2,2
2024-02-27 15:27:59.578,18902,18903,18903,1,1
2024-02-27 15:28:08.292,18902,18903,18903,4,4
2024-02-27 15:28:10.685,18902,18903,18903,1,1
2024-02-27 15:28:10.709,18902,18903,18903,3,3
2024-02-27 15:28:10.709,18902,18903,18903,3,3
2024-02-27 15:28:10.731,18902,18904,18904,1,1
2024-02-27 15:28:14.111,18903,18904,18903,1,-1
2024-02-27 15:28:16.401,18903,18904,18903,1,-1
2024-02-27 15:28:17.179,18902,18903,18903,1,1
2024-02-27 15:28:22.650,18902,18903,18902,1,-1
2024-02-27 15:28:22.751,18902,18903,18903,7,7
2024-02-27 15:28:23.262,18902,18903,18903,1,1
2024-02-27 15:28:25.522,18902,18903,18903,1,1
2024-02-27 15:28:26.180,18903,18904,18904,1,1
2024-02-27 15:28:28.736,18903,18904,18903,2,-2
2024-02-27 15:28:31.826,18903,18904,18903,1,-1
2024-02-27 15:28:32.557,18902,18904,18902,1,-1
2024-02-27 15:28:42.304,18902,18903,18902,5,-5
2024-02-27 15:28:42.304,18902,18903,18902,1,-1
2024-02-27 15:28:42.304,18902,18903,18902,2,-2
2024-02-27 15:28:43.595,18901,18903,18903,1,1
2024-02-27 15:28:43.841,18901,18903,18903,1,1
2024-02-27 15:28:58.586,18901,18902,18901,2,-2
2024-02-27 15:28:58.586,18901,18902,18901,3,-3
2024-02-27 15:28:58.587,18901,18902,18901,1,-1
2024-02-27 15:29:00.265,18900,18901,18901,1,1
2024-02-27 15:29:00.692,18900,18901,18900,1,-1
2024-02-27 15:29:04.727,18900,18901,18901,1,1
2024-02-27 15:29:04.731,18900,18901,18901,1,1
2024-02-27 15:29:06.829,18900,18901,18901,1,1
2024-02-27 15:29:09.653,18900,18901,18901,1,1
2024-02-27 15:29:11.199,18900,18901,18901,1,1
2024-02-27 15:29:17.534,18901,18902,18901,1,-1
2024-02-27 15:29:26.168,18901,18902,18901,2,-2
2024-02-27 15:29:34.394,18901,18902,18901,1,-1
2024-02-27 15:29:34.512,18901,18902,18901,1,-1
2024-02-27 15:29:37.373,18901,18902,18901,1,-1
2024-02-27 15:29:45.681,18901,18902,18902,1,1
2024-02-27 15:29:49.775,18901,18902,18902,1,1
2024-02-27 15:29:49.775,18901,18902,18902,1,1
2024-02-27 15:29:49.775,18901,18902,18902,1,1
2024-02-27 15:29:49.775,18901,18902,18902,3,3
2024-02-27 15:29:53.550,18902,18903,18903,2,2
2024-02-27 15:29:54.745,18902,18903,18903,2,2
2024-02-27 15:29:57.202,18902,18903,18903,1,1
2024-02-27 15:29:59.579,18902,18903,18903,5,5
2024-02-27 15:29:59.579,18902,18903,18903,2,2
2024-02-27 15:29:59.579,18902,18903,18903,1,1
2024-02-27 15:29:59.579,18902,18903,18903,1,1
2024-02-27 15:30:00.221,18902,18904,18904,3,3
2024-02-27 15:30:00.445,18902,18904,18903,7,7
2024-02-27 15:30:00.448,18902,18904,18903,3,3
2024-02-27 15:30:00.485,18903,18904,18904,1,1
2024-02-27 15:30:00.597,18903,18904,18903,3,-3
2024-02-27 15:30:01.221,18902,18904,18902,1,-1
2024-02-27 15:30:01.231,18902,18904,18904,1,1
2024-02-27 15:30:05.265,18902,18903,18902,1,-1
2024-02-27 15:30:05.266,18902,18903,18902,2,-2
2024-02-27 15:30:05.266,18902,18903,18902,1,-1
2024-02-27 15:30:05.266,18902,18903,18902,1,-1
2024-02-27 15:30:05.266,18902,18903,18902,2,-2
2024-02-27 15:30:05.266,18902,18903,18902,2,-2
2024-02-27 15:30:08.736,18901,18903,18901,5,-5
2024-02-27 15:30:13.039,18902,18903,18903,2,2
2024-02-27 15:30:13.565,18902,18904,18902,1,-1
2024-02-27 15:30:19.824,18902,18903,18902,1,-1
2024-02-27 15:30:20.212,18902,18903,18903,1,1
2024-02-27 15:30:20.213,18902,18903,18903,1,1
2024-02-27 15:30:20.662,18902,18903,18903,1,1
2024-02-27 15:30:22.415,18902,18903,18903,1,1
2024-02-27 15:30:35.472,18903,18904,18903,1,-1
2024-02-27 15:30:36.043,18903,18904,18903,2,-2
2024-02-27 15:30:36.044,18903,18904,18903,1,-1
2024-02-27 15:30:36.044,18903,18904,18903,1,-1
2024-02-27 15:30:36.106,18902,18903,18903,1,1
2024-02-27 15:30:36.106,18902,18903,18904,1,1
2024-02-27 15:30:38.008,18902,18903,18903,1,1
2024-02-27 15:30:38.286,18902,18903,18903,1,1
2024-02-27 15:30:38.561,18902,18904,18902,1,-1
2024-02-27 15:30:42.911,18902,18903,18903,1,1
2024-02-27 15:30:43.235,18902,18904,18904,1,1
2024-02-27 15:30:46.420,18902,18903,18903,1,1
2024-02-27 15:30:46.733,18903,18904,18904,2,2
2024-02-27 15:30:47.904,18903,18904,18903,1,-1
2024-02-27 15:30:52.380,18903,18904,18903,1,-1
2024-02-27 15:30:52.898,18902,18904,18904,5,5
2024-02-27 15:30:54.933,18902,18903,18903,1,1
2024-02-27 15:30:55.196,18902,18904,18904,1,1
2024-02-27 15:30:58.203,18902,18904,18904,3,3
2024-02-27 15:31:04.464,18902,18904,18904,1,1
2024-02-27 15:31:04.483,18903,18904,18904,1,1
2024-02-27 15:31:04.483,18903,18904,18904,1,1
2024-02-27 15:31:04.484,18903,18904,18904,1,1
2024-02-27 15:31:05.506,18903,18904,18904,5,5
2024-02-27 15:31:05.506,18903,18904,18904,7,7
2024-02-27 15:31:05.606,18904,18905,18905,1,1
2024-02-27 15:31:05.606,18904,18905,18905,1,1
2024-02-27 15:31:05.606,18904,18905,18905,47,47
2024-02-27 15:31:05.812,18905,18906,18906,6,6
2024-02-27 15:31:09.556,18905,18906,18905,1,-1
2024-02-27 15:31:10.232,18905,18906,18906,1,1
2024-02-27 15:31:10.355,18905,18906,18906,1,1
2024-02-27 15:31:10.630,18905,18906,18905,4,-4
2024-02-27 15:31:10.734,18905,18906,18905,1,-1
2024-02-27 15:31:11.320,18904,18906,18906,1,1
2024-02-27 15:31:17.161,18905,18906,18906,1,1
2024-02-27 15:31:19.181,18905,18906,18905,1,-1
2024-02-27 15:31:19.232,18905,18906,18906,1,1
2024-02-27 15:31:19.232,18905,18906,18906,1,1
2024-02-27 15:31:19.831,18905,18906,18906,1,1
2024-02-27 15:31:19.947,18905,18906,18905,6,-6
2024-02-27 15:31:21.055,18905,18906,18906,4,4
2024-02-27 15:31:22.907,18905,18906,18905,2,-2
2024-02-27 15:31:24.058,18905,18906,18906,1,1
2024-02-27 15:31:26.665,18905,18906,18906,1,1
2024-02-27 15:31:29.839,18905,18906,18905,1,-1
2024-02-27 15:31:31.233,18905,18906,18905,2,-2
2024-02-27 15:31:31.323,18905,18906,18905,1,-1
2024-02-27 15:31:31.688,18905,18906,18906,1,1
2024-02-27 15:31:33.050,18905,18906,18905,1,-1
2024-02-27 15:31:33.050,18905,18906,18905,2,-2
2024-02-27 15:31:33.050,18905,18906,18905,1,-1
2024-02-27 15:31:33.140,18904,18905,18905,1,1
2024-02-27 15:31:35.057,18904,18905,18905,5,5
2024-02-27 15:31:42.998,18904,18905,18905,1,1
2024-02-27 15:31:43.106,18904,18905,18905,1,1
2024-02-27 15:31:43.878,18904,18905,18904,1,-1
2024-02-27 15:32:02.413,18904,18905,18905,1,1
2024-02-27 15:32:02.679,18904,18905,18904,1,-1
2024-02-27 15:32:03.129,18904,18905,18904,5,-5
2024-02-27 15:32:03.278,18903,18904,18904,2,2
2024-02-27 15:32:03.317,18903,18904,18904,1,1
2024-02-27 15:32:03.735,18903,18904,18904,4,4
2024-02-27 15:32:09.493,18903,18904,18903,1,-1
2024-02-27 15:32:09.493,18903,18904,18903,1,-1
2024-02-27 15:32:09.493,18903,18904,18903,1,-1
2024-02-27 15:32:09.493,18903,18904,18903,1,-1
2024-02-27 15:32:09.493,18903,18904,18903,1,-1
2024-02-27 15:32:09.493,18903,18904,18903,1,-1
2024-02-27 15:32:09.646,18902,18904,18904,1,1
2024-02-27 15:32:10.669,18902,18903,18903,1,1
2024-02-27 15:32:18.949,18903,18904,18903,1,-1
2024-02-27 15:32:30.880,18903,18904,18903,1,-1
2024-02-27 15:32:31.733,18903,18904,18903,1,-1
2024-02-27 15:32:41.681,18902,18903,18903,1,1
2024-02-27 15:32:49.020,18902,18903,18902,1,-1
2024-02-27 15:32:49.236,18901,18903,18901,1,-1
2024-02-27 15:32:49.259,18901,18903,18903,1,1
2024-02-27 15:32:52.052,18901,18902,18902,1,1
2024-02-27 15:33:00.526,18902,18903,18902,1,-1
2024-02-27 15:33:03.789,18901,18902,18902,1,1
2024-02-27 15:33:11.616,18901,18902,18902,1,1
2024-02-27 15:33:16.360,18901,18902,18902,1,1
2024-02-27 15:33:16.360,18901,18902,18902,1,1
2024-02-27 15:33:17.253,18902,18903,18902,4,-4
2024-02-27 15:33:20.575,18902,18903,18902,1,-1
2024-02-27 15:33:22.596,18902,18903,18902,1,-1
2024-02-27 15:33:24.322,18902,18903,18903,1,1
2024-02-27 15:33:26.349,18902,18903,18903,1,1
2024-02-27 15:33:29.085,18902,18903,18903,1,1
2024-02-27 15:33:30.998,18902,18903,18903,1,1
2024-02-27 15:33:31.358,18902,18903,18903,1,1
2024-02-27 15:33:33.129,18902,18903,18903,1,1
2024-02-27 15:33:33.129,18902,18903,18903,1,1
2024-02-27 15:33:33.129,18902,18903,18903,5,5
2024-02-27 15:33:33.130,18902,18903,18903,4,4
2024-02-27 15:33:33.130,18902,18903,18903,2,2
2024-02-27 15:33:34.713,18903,18904,18904,2,2
2024-02-27 15:33:34.713,18903,18904,18904,2,2
2024-02-27 15:33:34.713,18903,18904,18904,3,3
2024-02-27 15:33:37.294,18904,18905,18905,1,1
2024-02-27 15:33:39.183,18904,18905,18905,1,1
2024-02-27 15:33:42.905,18904,18905,18904,1,-1
2024-02-27 15:33:43.023,18904,18905,18904,6,-6
2024-02-27 15:33:43.963,18904,18905,18904,3,-3
2024-02-27 15:33:44.004,18904,18905,18904,2,-2
2024-02-27 15:33:47.841,18904,18905,18904,2,-2
2024-02-27 15:34:00.511,18904,18905,18904,1,-1
2024-02-27 15:34:04.512,18904,18905,18904,1,-1
2024-02-27 15:34:05.243,18904,18905,18904,1,-1
2024-02-27 15:34:05.243,18904,18905,18904,3,-3
2024-02-27 15:34:05.243,18904,18905,18904,4,-4
2024-02-27 15:34:05.243,18904,18905,18904,1,-1
2024-02-27 15:34:05.333,18904,18905,18904,1,-1
2024-02-27 15:34:13.934,18904,18905,18904,1,-1
2024-02-27 15:34:13.934,18904,18905,18904,2,-2
2024-02-27 15:34:26.137,18904,18905,18904,1,-1
2024-02-27 15:34:28.137,18904,18905,18904,3,-3
2024-02-27 15:34:28.477,18903,18905,18903,2,-2
2024-02-27 15:34:32.411,18903,18904,18903,9,-9
2024-02-27 15:34:32.411,18903,18904,18902,7,-7
2024-02-27 15:34:36.028,18903,18904,18903,1,-1
2024-02-27 15:34:43.717,18903,18904,18903,2,-2
2024-02-27 15:34:44.812,18903,18904,18903,1,-1
2024-02-27 15:34:44.900,18903,18904,18903,1,-1
2024-02-27 15:34:45.821,18903,18904,18904,2,2
2024-02-27 15:34:55.743,18903,18904,18903,1,-1
2024-02-27 15:34:57.796,18902,18903,18903,1,1
2024-02-27 15:35:00.430,18902,18903,18902,5,-5
2024-02-27 15:35:00.458,18902,18903,18902,1,-1
2024-02-27 15:35:00.489,18901,18902,18902,1,1
2024-02-27 15:35:00.663,18901,18902,18902,1,1
2024-02-27 15:35:10.848,18901,18902,18901,4,-4
2024-02-27 15:35:10.908,18901,18902,18902,1,1
2024-02-27 15:35:14.003,18902,18903,18902,1,-1
2024-02-27 15:35:14.083,18902,18903,18902,1,-1
2024-02-27 15:35:15.464,18901,18902,18901,4,-4
2024-02-27 15:35:15.541,18901,18902,18902,1,1
2024-02-27 15:35:18.270,18901,18902,18902,1,1
2024-02-27 15:35:19.413,18901,18902,18902,1,1
2024-02-27 15:35:20.232,18901,18902,18902,6,6
2024-02-27 15:35:21.271,18901,18902,18902,1,1
2024-02-27 15:35:23.004,18901,18902,18902,1,1
2024-02-27 15:35:24.716,18901,18902,18902,1,1
2024-02-27 15:35:31.648,18901,18902,18902,1,1
2024-02-27 15:35:32.770,18901,18902,18902,1,1
2024-02-27 15:35:40.230,18901,18902,18902,1,1
2024-02-27 15:35:40.290,18901,18902,18902,1,1
2024-02-27 15:35:56.520,18902,18903,18902,1,-1
2024-02-27 15:36:00.217,18902,18903,18903,2,2
2024-02-27 15:36:00.276,18902,18903,18903,1,1
2024-02-27 15:36:00.496,18902,18903,18903,1,1
2024-02-27 15:36:01.852,18902,18903,18902,1,-1
2024-02-27 15:36:01.959,18902,18903,18902,1,-1
2024-02-27 15:36:02.305,18901,18902,18901,1,-1
2024-02-27 15:36:03.230,18901,18902,18902,2,2
2024-02-27 15:36:05.243,18901,18902,18901,4,-4
2024-02-27 15:36:05.744,18900,18902,18902,1,1
2024-02-27 15:36:24.188,18901,18902,18901,5,-5
2024-02-27 15:36:24.268,18901,18902,18901,5,-5
2024-02-27 15:36:37.486,18901,18902,18901,1,-1
2024-02-27 15:36:37.788,18901,18902,18901,1,-1
2024-02-27 15:36:38.932,18901,18902,18901,1,-1
2024-02-27 15:36:39.022,18900,18901,18901,1,1
2024-02-27 15:36:40.185,18900,18901,18901,1,1
2024-02-27 15:36:42.187,18900,18901,18901,1,1
2024-02-27 15:36:52.997,18900,18901,18901,1,1
2024-02-27 15:36:57.953,18900,18901,18900,1,-1
2024-02-27 15:37:00.498,18900,18901,18901,1,1
2024-02-27 15:37:01.371,18900,18901,18900,1,-1
2024-02-27 15:37:06.500,18900,18901,18901,1,1
2024-02-27 15:37:10.505,18900,18901,18901,1,1
2024-02-27 15:37:10.566,18900,18901,18901,1,1
2024-02-27 15:37:14.325,18900,18901,18900,1,-1
2024-02-27 15:37:16.317,18900,18901,18901,2,2
2024-02-27 15:37:25.880,18900,18901,18901,1,1
2024-02-27 15:37:32.919,18900,18901,18901,3,3
2024-02-27 15:37:33.001,18901,18902,18902,1,1
2024-02-27 15:37:33.126,18901,18902,18902,1,1
2024-02-27 15:37:34.849,18901,18902,18902,1,1
2024-02-27 15:37:35.555,18901,18902,18902,1,1
2024-02-27 15:37:42.449,18901,18902,18901,1,-1
2024-02-27 15:37:42.838,18901,18902,18901,1,-1
2024-02-27 15:37:43.713,18901,18902,18901,7,-7
2024-02-27 15:37:44.534,18901,18902,18901,1,-1
2024-02-27 15:37:44.784,18901,18902,18901,1,-1
2024-02-27 15:37:45.034,18901,18902,18901,1,-1
2024-02-27 15:37:45.285,18901,18902,18901,1,-1
2024-02-27 15:37:45.535,18901,18902,18901,1,-1
2024-02-27 15:37:45.785,18901,18902,18901,1,-1
2024-02-27 15:37:46.036,18901,18902,18901,1,-1
2024-02-27 15:37:48.558,18900,18901,18900,3,-3
2024-02-27 15:37:55.791,18900,18901,18900,3,-3
2024-02-27 15:37:57.135,18900,18901,18900,1,-1
2024-02-27 15:37:59.453,18900,18901,18901,1,1
2024-02-27 15:37:59.484,18900,18901,18901,4,4
2024-02-27 15:38:00.220,18901,18902,18902,5,5
2024-02-27 15:38:00.220,18901,18902,18902,8,8
2024-02-27 15:38:00.368,18902,18903,18903,1,1
2024-02-27 15:38:00.443,18902,18903,18903,1,1
2024-02-27 15:38:03.458,18902,18903,18903,1,1
2024-02-27 15:38:03.694,18902,18903,18903,1,1
2024-02-27 15:38:03.950,18902,18903,18903,1,1
2024-02-27 15:38:04.815,18902,18903,18902,1,-1
2024-02-27 15:38:21.732,18902,18903,18902,1,-1
2024-02-27 15:38:24.822,18902,18903,18902,10,-10
2024-02-27 15:38:24.822,18902,18903,18902,2,-2
2024-02-27 15:38:24.823,18902,18903,18902,1,-1
2024-02-27 15:38:24.823,18902,18903,18902,1,-1
2024-02-27 15:38:27.962,18902,18903,18903,2,2
2024-02-27 15:38:43.115,18902,18903,18902,1,-1
2024-02-27 15:38:44.083,18902,18903,18902,1,-1
2024-02-27 15:39:00.217,18902,18903,18903,2,2
2024-02-27 15:39:00.276,18902,18903,18903,1,1
2024-02-27 15:39:20.607,18902,18903,18903,3,3
2024-02-27 15:39:30.252,18902,18903,18903,1,1
2024-02-27 15:39:40.234,18902,18903,18903,1,1
2024-02-27 15:39:46.226,18902,18903,18903,1,1
2024-02-27 15:39:47.322,18902,18903,18902,1,-1
2024-02-27 15:39:49.670,18902,18903,18903,1,1
2024-02-27 15:39:57.008,18902,18903,18903,1,1
2024-02-27 15:39:57.008,18902,18903,18903,4,4
2024-02-27 15:39:57.095,18902,18903,18904,1,1
2024-02-27 15:39:57.833,18904,18905,18904,2,-2
2024-02-27 15:39:58.495,18904,18905,18905,2,2
2024-02-27 15:39:58.495,18904,18905,18905,1,1
2024-02-27 15:39:58.495,18904,18905,18905,1,1
2024-02-27 15:39:58.495,18904,18905,18905,10,10
2024-02-27 15:39:58.706,18905,18906,18905,1,-1
2024-02-27 15:40:00.216,18905,18906,18906,1,1
2024-02-27 15:40:00.277,18905,18906,18906,1,1
2024-02-27 15:40:00.359,18905,18906,18906,1,1
2024-02-27 15:40:00.424,18905,18906,18906,2,2
2024-02-27 15:40:06.820,18905,18906,18905,2,-2
2024-02-27 15:40:07.793,18905,18906,18905,1,-1
2024-02-27 15:40:07.855,18904,18905,18905,1,1
2024-02-27 15:40:12.166,18905,18906,18905,1,-1
2024-02-27 15:40:14.722,18904,18905,18905,1,1
2024-02-27 15:40:15.434,18904,18905,18905,1,1
2024-02-27 15:40:20.185,18905,18906,18905,1,-1
2024-02-27 15:40:20.220,18905,18906,18906,2,2
2024-02-27 15:40:20.346,18904,18906,18905,1,1
2024-02-27 15:40:21.321,18905,18906,18905,1,-1
2024-02-27 15:40:22.879,18905,18906,18905,1,-1
2024-02-27 15:40:22.880,18905,18906,18905,1,-1
2024-02-27 15:40:22.880,18905,18906,18905,1,-1
2024-02-27 15:40:23.441,18903,18905,18905,1,1
2024-02-27 15:40:24.648,18903,18905,18905,3,3
2024-02-27 15:40:32.450,18903,18905,18905,1,1
2024-02-27 15:40:49.048,18903,18904,18904,1,1
2024-02-27 15:40:49.174,18903,18905,18903,3,-3
2024-02-27 15:40:53.286,18902,18904,18904,1,1
2024-02-27 15:40:55.276,18902,18903,18903,1,1
2024-02-27 15:40:56.702,18902,18903,18903,1,1
2024-02-27 15:40:57.995,18902,18903,18903,1,1
2024-02-27 15:40:59.938,18902,18903,18903,1,1
2024-02-27 15:41:00.217,18902,18903,18903,1,1
2024-02-27 15:41:00.217,18902,18903,18903,4,4
2024-02-27 15:41:00.676,18902,18904,18904,1,1
2024-02-27 15:41:00.855,18902,18904,18904,1,1
2024-02-27 15:41:08.989,18903,18904,18903,1,-1
2024-02-27 15:41:10.319,18903,18904,18903,2,-2
2024-02-27 15:41:10.319,18903,18904,18903,1,-1
2024-02-27 15:41:10.409,18902,18903,18903,1,1
2024-02-27 15:41:25.394,18902,18903,18902,3,-3
2024-02-27 15:41:25.720,18902,18903,18902,3,-3
2024-02-27 15:41:26.095,18902,18903,18902,3,-3
2024-02-27 15:41:26.496,18902,18903,18902,3,-3
2024-02-27 15:41:28.553,18902,18903,18902,2,-2
2024-02-27 15:41:29.554,18902,18903,18902,4,-4
2024-02-27 15:41:35.909,18902,18903,18903,6,6
2024-02-27 15:41:43.809,18903,18904,18904,1,1
2024-02-27 15:41:45.478,18903,18904,18903,1,-1
2024-02-27 15:41:52.691,18903,18904,18904,4,4
2024-02-27 15:41:54.772,18904,18905,18904,2,-2
2024-02-27 15:41:59.262,18903,18904,18903,1,-1
2024-02-27 15:42:00.593,18903,18904,18904,1,1
2024-02-27 15:42:02.394,18903,18904,18904,1,1
2024-02-27 15:42:07.759,18904,18905,18904,1,-1
2024-02-27 15:42:10.184,18904,18905,18904,1,-1
2024-02-27 15:42:14.357,18904,18905,18904,1,-1
2024-02-27 15:42:19.284,18904,18905,18904,1,-1
2024-02-27 15:42:19.718,18904,18905,18904,1,-1
2024-02-27 15:42:20.000,18904,18905,18904,1,-1
2024-02-27 15:42:21.324,18904,18905,18905,1,1
2024-02-27 15:42:44.308,18904,18905,18905,3,3
2024-02-27 15:42:53.342,18904,18905,18904,1,-1
2024-02-27 15:42:57.711,18904,18905,18905,1,1
2024-02-27 15:43:00.228,18904,18905,18905,1,1
2024-02-27 15:43:14.531,18904,18905,18904,1,-1
2024-02-27 15:43:14.531,18904,18905,18904,1,-1
2024-02-27 15:43:14.531,18904,18905,18904,1,-1
2024-02-27 15:43:14.531,18904,18905,18904,3,-3
2024-02-27 15:43:14.553,18904,18905,18903,3,-3
2024-02-27 15:43:14.622,18903,18904,18904,1,1
2024-02-27 15:43:17.012,18903,18904,18903,2,-2
2024-02-27 15:43:28.614,18903,18904,18903,2,-2
2024-02-27 15:43:28.705,18903,18904,18903,1,-1
2024-02-27 15:43:39.599,18902,18903,18902,1,-1
2024-02-27 15:43:58.448,18902,18903,18903,1,1
2024-02-27 15:43:58.480,18902,18903,18903,1,1
2024-02-27 15:44:01.061,18903,18904,18904,1,1
2024-02-27 15:44:11.743,18903,18904,18903,1,-1
2024-02-27 15:44:11.873,18903,18904,18903,1,-1
2024-02-27 15:44:17.015,18902,18903,18903,1,1
2024-02-27 15:44:45.429,18902,18903,18902,3,-3
2024-02-27 15:44:57.409,18902,18903,18902,1,-1
2024-02-27 15:44:58.620,18902,18903,18902,1,-1
2024-02-27 15:45:04.728,18902,18903,18902,1,-1
2024-02-27 15:45:05.525,18902,18903,18903,1,1
2024-02-27 15:45:09.449,18902,18903,18902,1,-1
2024-02-27 15:45:14.201,18902,18903,18902,5,-5
2024-02-27 15:45:14.201,18902,18903,18901,5,-5
2024-02-27 15:45:18.183,18902,18903,18902,2,-2
2024-02-27 15:45:18.183,18902,18903,18901,8,-8
2024-02-27 15:45:18.273,18901,18902,18902,1,1
2024-02-27 15:45:18.342,18901,18902,18902,1,1
2024-02-27 15:45:18.342,18901,18902,18902,2,2
2024-02-27 15:45:23.947,18902,18903,18902,1,-1
2024-02-27 15:45:24.024,18901,18902,18902,1,1
2024-02-27 15:45:24.774,18901,18903,18901,1,-1
2024-02-27 15:45:26.720,18901,18902,18902,1,1
2024-02-27 15:45:29.730,18901,18902,18902,1,1
2024-02-27 15:45:30.292,18901,18902,18901,4,-4
2024-02-27 15:45:33.213,18901,18902,18901,1,-1
2024-02-27 15:45:35.999,18901,18902,18901,1,-1
2024-02-27 15:45:38.589,18900,18901,18900,4,-4
2024-02-27 15:45:48.792,18900,18901,18900,1,-1
2024-02-27 15:45:49.334,18900,18901,18900,1,-1
2024-02-27 15:45:57.567,18900,18901,18900,1,-1
2024-02-27 15:46:01.617,18900,18901,18901,1,1
2024-02-27 15:46:03.670,18900,18901,18900,2,-2
2024-02-27 15:46:11.736,18900,18901,18900,1,-1
2024-02-27 15:46:14.222,18900,18901,18900,1,-1
2024-02-27 15:46:14.227,18900,18901,18900,1,-1
2024-02-27 15:46:14.732,18900,18901,18900,1,-1
2024-02-27 15:46:14.733,18900,18901,18900,2,-2
2024-02-27 15:46:14.733,18900,18901,18900,1,-1
2024-02-27 15:46:18.370,18900,18901,18900,2,-2
2024-02-27 15:46:23.118,18899,18900,18899,1,-1
2024-02-27 15:46:25.738,18899,18900,18899,1,-1
2024-02-27 15:46:29.504,18899,18900,18899,4,-4
2024-02-27 15:46:29.519,18899,18900,18900,1,1
2024-02-27 15:46:33.128,18899,18900,18899,2,-2
2024-02-27 15:46:33.335,18899,18900,18900,1,1
2024-02-27 15:46:37.442,18899,18900,18899,1,-1
2024-02-27 15:46:38.248,18899,18900,18900,1,1
2024-02-27 15:46:46.433,18899,18900,18899,1,-1
2024-02-27 15:46:49.201,18899,18900,18899,10,-10
2024-02-27 15:46:49.445,18899,18900,18899,1,-1
2024-02-27 15:46:50.426,18899,18900,18899,3,-3
2024-02-27 15:46:51.554,18898,18900,18898,1,-1
2024-02-27 15:46:52.188,18898,18900,18898,8,-8
2024-02-27 15:46:52.752,18898,18899,18899,1,1
2024-02-27 15:46:53.941,18898,18899,18898,1,-1
2024-02-27 15:47:00.873,18898,18899,18899,1,1
2024-02-27 15:47:05.350,18898,18899,18898,7,-7
2024-02-27 15:47:14.713,18897,18898,18897,1,-1
2024-02-27 15:47:14.754,18897,18898,18897,1,-1
2024-02-27 15:47:20.680,18897,18898,18898,1,1
2024-02-27 15:47:20.681,18897,18898,18898,2,2
2024-02-27 15:47:22.211,18898,18899,18898,3,-3
2024-02-27 15:47:29.175,18897,18898,18898,1,1
2024-02-27 15:47:34.034,18897,18898,18897,1,-1
2024-02-27 15:47:36.235,18897,18898,18897,2,-2
2024-02-27 15:47:41.273,18897,18898,18897,8,-8
2024-02-27 15:47:42.269,18897,18898,18897,1,-1
2024-02-27 15:47:43.645,18897,18898,18897,1,-1
2024-02-27 15:47:45.699,18897,18898,18897,2,-2
2024-02-27 15:47:45.699,18897,18898,18896,11,-11
2024-02-27 15:47:45.822,18896,18897,18896,10,-10
2024-02-27 15:47:46.083,18896,18897,18896,3,-3
2024-02-27 15:47:46.083,18896,18897,18895,2,-2
2024-02-27 15:47:46.327,18896,18897,18897,1,1
2024-02-27 15:47:52.136,18896,18897,18896,1,-1
2024-02-27 15:47:52.137,18896,18897,18896,1,-1
2024-02-27 15:47:56.558,18895,18896,18896,1,1
2024-02-27 15:48:00.939,18896,18897,18896,1,-1
2024-02-27 15:48:00.939,18896,18897,18895,4,-4
2024-02-27 15:48:01.000,18895,18897,18897,1,1
2024-02-27 15:48:01.998,18895,18897,18895,20,-20
2024-02-27 15:48:01.998,18895,18897,18894,21,-21
2024-02-27 15:48:01.998,18895,18897,18893,9,-9
2024-02-27 15:48:02.000,18895,18897,18894,1,-1
2024-02-27 15:48:02.001,18895,18897,18895,15,-15
2024-02-27 15:48:02.226,18894,18896,18896,1,1
2024-02-27 15:48:02.339,18895,18897,18895,1,-1
2024-02-27 15:48:02.454,18895,18897,18895,3,-3
2024-02-27 15:48:05.687,18895,18896,18896,5,5
2024-02-27 15:48:06.918,18896,18897,18896,1,-1
2024-02-27 15:48:10.234,18896,18897,18896,2,-2
2024-02-27 15:48:10.236,18896,18897,18896,1,-1
2024-02-27 15:48:10.527,18895,18897,18897,3,3
2024-02-27 15:48:11.753,18896,18897,18896,2,-2
2024-02-27 15:48:11.753,18896,18897,18896,3,-3
2024-02-27 15:48:14.644,18896,18897,18897,2,2
2024-02-27 15:48:14.644,18896,18897,18897,7,7
2024-02-27 15:48:14.848,18897,18898,18898,8,8
2024-02-27 15:48:14.848,18897,18898,18898,1,1
2024-02-27 15:48:18.889,18897,18899,18897,25,-25
2024-02-27 15:48:18.889,18897,18899,18896,25,-25
2024-02-27 15:48:18.943,18897,18899,18896,2,-2
2024-02-27 15:48:18.944,18897,18899,18896,1,-1
2024-02-27 15:48:26.163,18895,18897,18896,1,-1
2024-02-27 15:48:30.730,18895,18897,18897,1,1
2024-02-27 15:48:31.044,18896,18897,18896,1,-1
2024-02-27 15:48:42.104,18896,18897,18897,1,1
2024-02-27 15:48:45.267,18896,18897,18897,1,1
2024-02-27 15:48:47.659,18896,18897,18897,1,1
2024-02-27 15:48:50.584,18896,18897,18897,5,5
2024-02-27 15:48:58.448,18896,18897,18897,1,1
2024-02-27 15:49:00.213,18896,18897,18897,1,1
2024-02-27 15:49:05.018,18896,18898,18898,1,1
2024-02-27 15:49:06.078,18896,18898,18898,1,1
2024-02-27 15:49:17.770,18896,18898,18896,3,-3
2024-02-27 15:49:24.860,18896,18898,18896,1,-1
2024-02-27 15:49:27.460,18896,18897,18896,1,-1
2024-02-27 15:49:40.498,18896,18898,18896,1,-1
2024-02-27 15:49:50.760,18896,18897,18896,1,-1
2024-02-27 15:49:51.843,18896,18897,18897,1,1
2024-02-27 15:49:52.355,18896,18897,18897,1,1
2024-02-27 15:50:00.356,18896,18897,18897,1,1
2024-02-27 15:50:00.486,18896,18897,18897,1,1
2024-02-27 15:50:00.486,18896,18897,18897,1,1
2024-02-27 15:50:00.486,18896,18897,18897,1,1
2024-02-27 15:50:03.843,18896,18898,18896,1,-1
2024-02-27 15:50:03.856,18896,18898,18898,1,1
2024-02-27 15:50:03.856,18896,18898,18898,1,1
2024-02-27 15:50:20.995,18897,18898,18897,1,-1
2024-02-27 15:50:21.168,18897,18898,18898,1,1
2024-02-27 15:50:21.170,18897,18898,18897,1,-1
2024-02-27 15:50:21.232,18897,18898,18898,1,1
2024-02-27 15:50:28.010,18897,18898,18898,1,1
2024-02-27 15:50:32.438,18897,18898,18898,1,1
2024-02-27 15:50:42.291,18897,18898,18898,1,1
2024-02-27 15:51:01.084,18897,18898,18898,1,1
2024-02-27 15:51:13.287,18897,18898,18897,2,-2
2024-02-27 15:51:13.287,18897,18898,18897,2,-2
2024-02-27 15:51:13.287,18897,18898,18897,1,-1
2024-02-27 15:51:13.287,18897,18898,18897,2,-2
2024-02-27 15:51:13.287,18897,18898,18897,1,-1
2024-02-27 15:51:19.516,18897,18898,18897,1,-1
2024-02-27 15:51:36.103,18896,18897,18897,8,8
2024-02-27 15:51:36.133,18896,18897,18897,3,3
2024-02-27 15:51:36.928,18896,18898,18896,2,-2
2024-02-27 15:51:42.773,18897,18898,18898,3,3
2024-02-27 15:51:42.773,18897,18898,18898,2,2
2024-02-27 15:52:03.745,18898,18899,18899,1,1
2024-02-27 15:52:10.243,18898,18899,18899,1,1
2024-02-27 15:52:13.410,18898,18899,18899,1,1
2024-02-27 15:52:19.876,18898,18899,18899,2,2
2024-02-27 15:52:31.663,18898,18899,18899,2,2
2024-02-27 15:52:55.381,18898,18899,18899,3,3
2024-02-27 15:52:55.467,18898,18899,18898,1,-1
2024-02-27 15:52:55.467,18898,18899,18898,1,-1
2024-02-27 15:52:55.467,18898,18899,18898,1,-1
2024-02-27 15:52:55.467,18898,18899,18898,3,-3
2024-02-27 15:52:55.467,18898,18899,18898,2,-2
2024-02-27 15:52:55.467,18898,18899,18898,2,-2
2024-02-27 15:52:55.467,18898,18899,18898,1,-1
2024-02-27 15:52:55.488,18897,18898,18898,3,3
2024-02-27 15:52:55.639,18897,18898,18898,3,3
2024-02-27 15:53:01.608,18897,18898,18898,2,2
2024-02-27 15:53:02.587,18897,18899,18899,1,1
2024-02-27 15:53:16.495,18898,18899,18898,1,-1
2024-02-27 15:53:16.495,18898,18899,18898,1,-1
2024-02-27 15:53:45.111,18897,18899,18897,1,-1
2024-02-27 15:53:59.390,18897,18898,18898,1,1
2024-02-27 15:54:00.492,18897,18899,18899,1,1
2024-02-27 15:54:01.271,18898,18899,18898,1,-1
2024-02-27 15:54:01.356,18897,18898,18898,1,1
2024-02-27 15:54:05.936,18897,18898,18897,2,-2
2024-02-27 15:54:14.915,18897,18898,18898,10,10
2024-02-27 15:54:15.032,18897,18899,18897,2,-2
2024-02-27 15:54:49.479,18897,18898,18897,1,-1
2024-02-27 15:54:58.124,18897,18898,18897,1,-1
2024-02-27 15:54:58.231,18897,18898,18898,1,1
2024-02-27 15:54:58.231,18897,18898,18898,1,1
2024-02-27 15:54:58.231,18897,18898,18898,1,1
2024-02-27 15:54:58.231,18897,18898,18898,1,1
2024-02-27 15:55:08.889,18897,18898,18898,9,9
2024-02-27 15:55:08.981,18897,18899,18899,1,1
2024-02-27 15:55:08.981,18897,18899,18899,1,1
2024-02-27 15:55:08.992,18897,18899,18899,1,1
2024-02-27 15:55:19.067,18897,18899,18899,20,20
2024-02-27 15:55:19.067,18897,18899,18899,4,4
2024-02-27 15:55:19.176,18898,18900,18900,3,3
2024-02-27 15:55:19.176,18898,18900,18900,9,9
2024-02-27 15:55:19.176,18898,18900,18900,38,38
2024-02-27 15:55:19.177,18898,18900,18900,1,1
2024-02-27 15:55:19.177,18898,18900,18900,1,1
2024-02-27 15:55:19.177,18898,18900,18900,19,19
2024-02-27 15:55:19.178,18898,18900,18901,4,4
2024-02-27 15:55:19.178,18898,18900,18901,2,2
2024-02-27 15:55:19.178,18898,18900,18901,11,11
2024-02-27 15:55:19.178,18898,18900,18901,1,1
2024-02-27 15:55:19.282,18901,18902,18902,3,3
2024-02-27 15:55:19.403,18901,18902,18902,1,1
2024-02-27 15:55:19.527,18901,18902,18902,2,2
2024-02-27 15:55:26.590,18901,18902,18902,2,2
2024-02-27 15:55:28.657,18901,18902,18901,1,-1
2024-02-27 15:55:33.184,18900,18901,18901,3,3
2024-02-27 15:55:33.306,18900,18901,18901,1,1
2024-02-27 15:55:33.306,18900,18901,18902,2,2
2024-02-27 15:55:33.476,18900,18902,18902,3,3
2024-02-27 15:55:40.656,18901,18902,18902,5,5
2024-02-27 15:55:40.755,18901,18903,18901,10,-10
2024-02-27 15:55:40.785,18901,18903,18902,20,-20
2024-02-27 15:55:40.883,18901,18903,18903,1,1
2024-02-27 15:55:41.008,18901,18903,18903,1,1
2024-02-27 15:55:59.818,18902,18903,18902,3,-3
2024-02-27 15:56:00.079,18902,18903,18902,1,-1
2024-02-27 15:56:00.450,18901,18902,18902,6,6
2024-02-27 15:56:00.450,18901,18902,18903,2,2
2024-02-27 15:56:02.305,18901,18903,18903,5,5
2024-02-27 15:56:07.508,18902,18903,18903,4,4
2024-02-27 15:56:08.023,18902,18903,18903,2,2
2024-02-27 15:56:11.288,18902,18903,18903,1,1
2024-02-27 15:56:18.440,18902,18903,18902,1,-1
2024-02-27 15:56:22.657,18901,18902,18902,1,1
2024-02-27 15:56:22.658,18901,18902,18902,1,1
2024-02-27 15:56:23.409,18901,18903,18903,3,3
2024-02-27 15:56:23.423,18901,18903,18903,3,3
2024-02-27 15:56:30.266,18902,18903,18903,1,1
2024-02-27 15:56:30.436,18902,18903,18903,1,1
2024-02-27 15:56:32.551,18902,18903,18903,1,1
2024-02-27 15:56:34.764,18902,18903,18903,1,1
2024-02-27 15:56:36.840,18902,18903,18903,1,1
2024-02-27 15:56:37.863,18902,18903,18903,7,7
2024-02-27 15:56:38.647,18902,18903,18903,1,1
2024-02-27 15:56:39.558,18902,18903,18903,7,7
2024-02-27 15:56:40.197,18902,18903,18903,5,5
2024-02-27 15:56:41.479,18902,18903,18903,1,1
2024-02-27 15:56:41.479,18902,18903,18903,2,2
2024-02-27 15:56:45.226,18902,18904,18904,3,3
2024-02-27 15:56:46.812,18902,18904,18904,1,1
2024-02-27 15:56:57.764,18902,18903,18902,1,-1
2024-02-27 15:56:57.764,18902,18903,18901,1,-1
2024-02-27 15:57:04.951,18901,18902,18901,1,-1
2024-02-27 15:57:38.552,18901,18902,18902,2,2
2024-02-27 15:57:42.022,18901,18903,18903,1,1
2024-02-27 15:57:44.133,18902,18903,18902,1,-1
2024-02-27 15:57:53.373,18902,18903,18902,1,-1
2024-02-27 15:58:07.859,18902,18903,18902,1,-1
2024-02-27 15:58:40.395,18901,18902,18901,2,-2
2024-02-27 15:58:40.395,18901,18902,18901,2,-2
2024-02-27 15:58:40.395,18901,18902,18901,2,-2
2024-02-27 15:58:40.395,18901,18902,18901,3,-3
2024-02-27 15:58:40.395,18901,18902,18901,4,-4
2024-02-27 15:58:52.698,18900,18901,18900,1,-1
2024-02-27 15:59:01.247,18900,18901,18901,1,1
2024-02-27 15:59:07.392,18900,18901,18901,3,3
2024-02-27 15:59:08.596,18900,18901,18900,3,-3
2024-02-27 15:59:33.797,18900,18901,18900,1,-1
2024-02-27 15:59:43.126,18900,18901,18900,1,-1
2024-02-27 15:59:43.766,18900,18901,18900,1,-1
2024-02-27 15:59:45.629,18900,18901,18900,1,-1
2024-02-27 15:59:46.017,18900,18901,18900,1,-1
2024-02-27 15:59:47.937,18900,18901,18900,1,-1
2024-02-27 15:59:48.024,18900,18901,18900,1,-1
2024-02-27 15:59:49.980,18900,18901,18900,1,-1
2024-02-27 15:59:49.994,18900,18901,18900,1,-1
2024-02-27 15:59:56.126,18899,18900,18900,2,2
2024-02-27 15:59:59.978,18899,18901,18899,1,-1
2024-02-27 16:00:00.018,18899,18901,18901,18,18
2024-02-27 16:00:00.298,18900,18902,18902,2,2
2024-02-27 16:00:00.308,18900,18902,18902,1,1
2024-02-27 16:00:00.314,18900,18902,18902,2,2
2024-02-27 16:00:00.323,18900,18902,18902,1,1
2024-02-27 16:00:00.496,18901,18902,18902,1,1
2024-02-27 16:00:00.497,18901,18902,18902,1,1
2024-02-27 16:00:00.531,18901,18902,18901,1,-1
2024-02-27 16:00:00.738,18901,18903,18901,1,-1
2024-02-27 16:00:01.057,18901,18903,18901,1,-1
2024-02-27 16:00:01.278,18901,18903,18901,1,-1
2024-02-27 16:00:01.414,18901,18903,18903,1,1
2024-02-27 16:00:02.916,18900,18902,18900,1,-1
2024-02-27 16:00:03.036,18900,18902,18900,1,-1
2024-02-27 16:00:04.337,18900,18902,18902,5,5
2024-02-27 16:00:04.338,18900,18902,18902,5,5
2024-02-27 16:00:08.216,18902,18903,18902,8,-8
2024-02-27 16:00:14.841,18902,18903,18902,1,-1
2024-02-27 16:00:21.514,18901,18902,18902,1,1
2024-02-27 16:00:36.547,18902,18903,18903,1,1
2024-02-27 16:00:37.249,18902,18903,18903,1,1
2024-02-27 16:00:37.534,18902,18903,18903,1,1
2024-02-27 16:00:38.742,18902,18903,18902,1,-1
2024-02-27 16:00:39.899,18901,18902,18902,1,1
2024-02-27 16:00:39.899,18901,18902,18902,2,2
2024-02-27 16:00:40.845,18901,18902,18902,1,1
2024-02-27 16:00:41.537,18901,18903,18903,1,1
2024-02-27 16:00:48.459,18901,18903,18903,1,1
2024-02-27 16:01:24.202,18900,18902,18900,1,-1
2024-02-27 16:01:27.841,18900,18902,18901,2,-2
2024-02-27 16:01:28.910,18900,18901,18901,1,1
2024-02-27 16:01:28.980,18900,18901,18901,1,1
2024-02-27 16:02:05.341,18901,18902,18902,1,1
2024-02-27 16:02:05.853,18901,18902,18902,1,1
2024-02-27 16:02:06.317,18901,18902,18902,1,1
2024-02-27 16:02:08.466,18901,18902,18902,1,1
2024-02-27 16:02:08.466,18901,18902,18902,1,1
2024-02-27 16:02:09.585,18902,18903,18903,1,1
2024-02-27 16:02:21.374,18901,18903,18903,1,1
2024-02-27 16:02:23.121,18901,18903,18901,1,-1
2024-02-27 16:02:46.467,18900,18901,18901,2,2
2024-02-27 16:02:55.000,18900,18901,18901,1,1
2024-02-27 16:03:02.319,18900,18901,18901,1,1
2024-02-27 16:03:07.523,18900,18901,18901,1,1
2024-02-27 16:03:20.502,18901,18903,18901,1,-1
2024-02-27 16:03:35.740,18902,18903,18902,1,-1
2024-02-27 16:03:48.079,18901,18902,18902,6,6
2024-02-27 16:03:48.089,18901,18902,18902,2,2
2024-02-27 16:04:03.535,18902,18903,18903,2,2
2024-02-27 16:04:03.535,18902,18903,18903,2,2
2024-02-27 16:04:03.535,18902,18903,18903,2,2
2024-02-27 16:04:03.535,18902,18903,18903,5,5
2024-02-27 16:04:03.855,18903,18904,18904,3,3
2024-02-27 16:04:03.855,18903,18904,18904,2,2
2024-02-27 16:04:03.855,18903,18904,18904,2,2
2024-02-27 16:04:03.855,18903,18904,18904,8,8
2024-02-27 16:04:04.105,18904,18905,18904,1,-1
2024-02-27 16:04:04.355,18904,18905,18904,1,-1
2024-02-27 16:04:04.606,18904,18905,18904,1,-1
2024-02-27 16:04:06.864,18903,18905,18903,2,-2
2024-02-27 16:04:10.638,18904,18905,18904,1,-1
2024-02-27 16:04:10.699,18904,18905,18905,1,1
2024-02-27 16:04:11.024,18904,18905,18905,5,5
2024-02-27 16:04:11.196,18904,18905,18904,1,-1
2024-02-27 16:04:11.348,18903,18905,18905,1,1
2024-02-27 16:04:11.607,18903,18905,18905,1,1
2024-02-27 16:04:11.638,18903,18905,18905,1,1
2024-02-27 16:04:17.051,18904,18905,18905,2,2
2024-02-27 16:04:17.051,18904,18905,18905,1,1
2024-02-27 16:04:17.051,18904,18905,18905,2,2
2024-02-27 16:04:17.052,18904,18905,18905,1,1
2024-02-27 16:04:17.052,18904,18905,18905,8,8
2024-02-27 16:04:21.034,18905,18906,18905,1,-1
2024-02-27 16:04:24.497,18905,18906,18906,1,1
2024-02-27 16:04:24.965,18905,18906,18906,7,7
2024-02-27 16:04:24.979,18905,18906,18906,1,1
2024-02-27 16:04:24.988,18905,18906,18906,1,1
2024-02-27 16:04:25.013,18905,18906,18906,1,1
2024-02-27 16:04:25.147,18905,18906,18906,1,1
2024-02-27 16:04:26.640,18905,18906,18906,1,1
2024-02-27 16:04:28.881,18905,18906,18906,1,1
2024-02-27 16:04:34.629,18905,18906,18906,1,1
2024-02-27 16:04:35.846,18905,18906,18905,1,-1
2024-02-27 16:04:39.935,18905,18906,18906,1,1
2024-02-27 16:04:42.676,18905,18906,18905,1,-1
2024-02-27 16:04:44.405,18905,18906,18906,1,1
2024-02-27 16:04:46.705,18905,18906,18906,1,1
2024-02-27 16:04:48.264,18905,18906,18905,3,-3
2024-02-27 16:04:48.264,18905,18906,18905,2,-2
2024-02-27 16:04:48.885,18904,18905,18904,2,-2
2024-02-27 16:04:48.917,18904,18905,18905,1,1
2024-02-27 16:04:49.100,18903,18905,18905,1,1
2024-02-27 16:04:51.408,18903,18905,18905,1,1
2024-02-27 16:04:51.536,18903,18905,18903,2,-2
2024-02-27 16:04:51.564,18903,18905,18905,1,1
2024-02-27 16:04:55.016,18904,18905,18905,1,1
2024-02-27 16:04:57.376,18904,18905,18905,1,1
2024-02-27 16:05:00.251,18904,18905,18905,1,1
2024-02-27 16:05:02.682,18904,18905,18904,1,-1
2024-02-27 16:05:03.380,18903,18905,18905,1,1
2024-02-27 16:05:09.956,18903,18904,18903,1,-1
2024-02-27 16:05:10.362,18903,18904,18904,1,1
2024-02-27 16:05:13.507,18903,18904,18903,2,-2
2024-02-27 16:05:14.048,18902,18903,18903,1,1
2024-02-27 16:05:20.255,18902,18903,18903,2,2
2024-02-27 16:05:34.246,18902,18903,18902,1,-1
2024-02-27 16:05:34.246,18902,18903,18902,1,-1
2024-02-27 16:05:34.246,18902,18903,18902,2,-2
2024-02-27 16:05:34.246,18902,18903,18902,3,-3
2024-02-27 16:05:41.339,18902,18903,18902,1,-1
2024-02-27 16:05:58.690,18901,18902,18902,1,1
2024-02-27 16:06:04.454,18901,18902,18902,1,1
2024-02-27 16:06:05.008,18901,18902,18902,1,1
2024-02-27 16:06:05.008,18901,18902,18902,1,1
2024-02-27 16:06:23.476,18902,18903,18902,1,-1
2024-02-27 16:06:25.272,18902,18904,18902,2,-2
2024-02-27 16:06:25.744,18903,18904,18904,4,4
2024-02-27 16:06:25.744,18903,18904,18904,4,4
2024-02-27 16:06:25.744,18903,18904,18904,3,3
2024-02-27 16:06:25.744,18903,18904,18904,1,1
2024-02-27 16:06:26.434,18903,18905,18903,1,-1
2024-02-27 16:06:30.774,18903,18905,18905,1,1
2024-02-27 16:06:57.214,18903,18904,18904,3,3
2024-02-27 16:07:03.281,18904,18905,18904,1,-1
2024-02-27 16:07:03.281,18904,18905,18904,1,-1
2024-02-27 16:07:11.465,18903,18904,18903,1,-1
2024-02-27 16:07:11.474,18903,18904,18903,1,-1
2024-02-27 16:07:18.837,18903,18904,18903,2,-2
2024-02-27 16:07:22.618,18902,18903,18903,1,1
2024-02-27 16:07:23.665,18903,18904,18903,1,-1
2024-02-27 16:07:26.862,18903,18904,18903,1,-1
2024-02-27 16:07:48.160,18902,18903,18903,1,1
2024-02-27 16:08:10.174,18903,18904,18903,1,-1
2024-02-27 16:08:31.237,18903,18904,18903,1,-1
2024-02-27 16:08:34.778,18903,18904,18903,1,-1
2024-02-27 16:08:38.752,18903,18904,18903,1,-1
2024-02-27 16:08:46.444,18903,18904,18903,1,-1
2024-02-27 16:08:52.649,18902,18903,18903,1,1
2024-02-27 16:08:57.388,18903,18904,18903,3,-3
2024-02-27 16:08:59.063,18903,18904,18904,1,1
2024-02-27 16:09:04.816,18903,18904,18904,2,2
2024-02-27 16:09:04.816,18903,18904,18904,2,2
2024-02-27 16:09:04.816,18903,18904,18904,2,2
2024-02-27 16:09:09.390,18904,18905,18905,1,1
2024-02-27 16:09:09.454,18904,18905,18905,1,1
2024-02-27 16:09:09.699,18904,18905,18905,51,51
2024-02-27 16:09:09.699,18904,18905,18905,2,2
2024-02-27 16:09:09.699,18904,18905,18905,3,3
2024-02-27 16:09:09.699,18904,18905,18905,1,1
2024-02-27 16:09:09.699,18904,18905,18905,6,6
2024-02-27 16:09:09.700,18904,18905,18906,1,1
2024-02-27 16:09:09.700,18904,18905,18906,1,1
2024-02-27 16:09:09.700,18904,18905,18906,6,6
2024-02-27 16:09:09.701,18904,18905,18906,5,5
2024-02-27 16:09:21.976,18906,18907,18907,1,1
2024-02-27 16:09:22.013,18906,18907,18907,1,1
2024-02-27 16:09:22.470,18906,18907,18907,1,1
2024-02-27 16:09:22.482,18906,18907,18907,1,1
2024-02-27 16:09:22.496,18906,18907,18907,1,1
2024-02-27 16:09:22.763,18906,18907,18907,3,3
2024-02-27 16:09:26.116,18906,18907,18907,1,1
2024-02-27 16:09:30.199,18906,18907,18906,2,-2
2024-02-27 16:09:32.136,18905,18906,18905,1,-1
2024-02-27 16:09:33.871,18904,18906,18906,16,16
2024-02-27 16:09:50.017,18905,18906,18905,8,-8
2024-02-27 16:09:56.195,18905,18906,18906,9,9
2024-02-27 16:09:59.545,18906,18907,18906,1,-1
2024-02-27 16:10:00.484,18906,18907,18907,1,1
2024-02-27 16:10:01.634,18906,18907,18907,2,2
2024-02-27 16:10:01.634,18906,18907,18907,23,23
2024-02-27 16:10:01.638,18906,18907,18908,2,2
2024-02-27 16:10:01.640,18906,18907,18908,2,2
2024-02-27 16:10:01.643,18906,18907,18908,3,3
2024-02-27 16:10:01.643,18906,18907,18908,1,1
2024-02-27 16:10:01.648,18906,18907,18908,2,2
2024-02-27 16:10:01.648,18906,18907,18908,4,4
2024-02-27 16:10:01.649,18906,18907,18908,1,1
2024-02-27 16:10:01.664,18906,18907,18908,2,2
2024-02-27 16:10:01.745,18907,18908,18908,2,2
2024-02-27 16:10:01.745,18907,18908,18908,1,1
2024-02-27 16:10:01.810,18907,18908,18908,2,2
2024-02-27 16:10:01.810,18907,18908,18908,1,1
2024-02-27 16:10:01.831,18907,18908,18908,1,1
2024-02-27 16:10:01.833,18907,18908,18908,1,1
2024-02-27 16:10:01.851,18907,18908,18908,1,1
2024-02-27 16:10:01.867,18907,18908,18908,1,1
2024-02-27 16:10:01.867,18907,18908,18908,1,1
2024-02-27 16:10:01.867,18907,18908,18908,2,2
2024-02-27 16:10:01.867,18907,18908,18908,2,2
2024-02-27 16:10:01.883,18907,18908,18907,1,-1
2024-02-27 16:10:01.888,18907,18908,18908,1,1
2024-02-27 16:10:01.896,18907,18908,18908,1,1
2024-02-27 16:10:01.917,18907,18908,18908,1,1
2024-02-27 16:10:01.918,18907,18908,18908,1,1
2024-02-27 16:10:01.964,18907,18908,18908,2,2
2024-02-27 16:10:01.968,18907,18908,18908,1,1
2024-02-27 16:10:01.981,18907,18908,18908,1,1
2024-02-27 16:10:02.005,18907,18908,18908,1,1
2024-02-27 16:10:02.015,18907,18908,18908,1,1
2024-02-27 16:10:02.029,18907,18908,18908,1,1
2024-02-27 16:10:02.091,18907,18908,18908,2,2
2024-02-27 16:10:02.113,18907,18908,18908,1,1
2024-02-27 16:10:02.142,18907,18908,18908,1,1
2024-02-27 16:10:02.144,18907,18908,18908,2,2
2024-02-27 16:10:02.175,18907,18908,18908,2,2
2024-02-27 16:10:02.175,18907,18908,18909,2,2
2024-02-27 16:10:02.180,18907,18908,18909,2,2
2024-02-27 16:10:02.182,18907,18908,18909,1,1
2024-02-27 16:10:02.200,18907,18908,18909,2,2
2024-02-27 16:10:02.225,18907,18908,18909,3,3
2024-02-27 16:10:02.246,18907,18909,18909,2,2
2024-02-27 16:10:02.261,18907,18909,18909,1,1
2024-02-27 16:10:02.283,18907,18909,18909,1,1
2024-02-27 16:10:02.401,18907,18909,18909,7,7
2024-02-27 16:10:02.521,18907,18909,18909,1,1
2024-02-27 16:10:02.643,18907,18909,18909,2,2
2024-02-27 16:10:02.643,18907,18909,18909,1,1
2024-02-27 16:10:02.680,18907,18909,18909,1,1
2024-02-27 16:10:02.682,18907,18909,18909,1,1
2024-02-27 16:10:02.770,18907,18909,18909,1,1
2024-02-27 16:10:02.908,18907,18909,18909,2,2
2024-02-27 16:10:03.007,18907,18909,18909,2,2
2024-02-27 16:10:03.105,18907,18908,18908,1,1
2024-02-27 16:10:04.819,18907,18908,18908,1,1
2024-02-27 16:10:08.445,18907,18908,18908,9,9
2024-02-27 16:10:10.555,18908,18909,18908,1,-1
2024-02-27 16:10:10.707,18908,18909,18909,3,3
2024-02-27 16:10:11.067,18908,18909,18909,1,1
2024-02-27 16:10:11.067,18908,18909,18909,1,1
2024-02-27 16:10:16.983,18909,18910,18909,2,-2
2024-02-27 16:10:21.893,18908,18909,18909,1,1
2024-02-27 16:10:22.143,18908,18909,18909,1,1
2024-02-27 16:10:26.405,18908,18909,18909,10,10
2024-02-27 16:10:27.956,18908,18909,18909,10,10
2024-02-27 16:10:28.275,18908,18909,18909,1,1
2024-02-27 16:10:31.272,18908,18909,18909,1,1
2024-02-27 16:10:36.622,18908,18909,18908,1,-1
2024-02-27 16:10:37.042,18908,18909,18909,3,3
2024-02-27 16:10:45.574,18908,18909,18909,1,1
2024-02-27 16:10:48.416,18908,18909,18909,2,2
2024-02-27 16:10:56.062,18908,18909,18908,17,-17
2024-02-27 16:11:00.522,18907,18908,18908,4,4
2024-02-27 16:11:01.354,18908,18909,18908,6,-6
2024-02-27 16:11:04.224,18907,18908,18908,1,1
2024-02-27 16:11:07.726,18907,18908,18908,5,5
2024-02-27 16:11:07.727,18907,18908,18908,5,5
2024-02-27 16:11:11.089,18907,18908,18908,1,1
2024-02-27 16:11:15.733,18907,18908,18907,1,-1
2024-02-27 16:11:16.708,18907,18908,18908,1,1
2024-02-27 16:11:26.794,18907,18908,18908,1,1
2024-02-27 16:11:27.018,18907,18908,18908,6,6
2024-02-27 16:11:30.447,18908,18909,18908,1,-1
2024-02-27 16:11:31.559,18908,18909,18909,10,10
2024-02-27 16:11:34.009,18908,18909,18909,1,1
2024-02-27 16:11:35.945,18908,18909,18909,3,3
2024-02-27 16:11:36.570,18908,18909,18909,1,1
2024-02-27 16:11:38.498,18909,18910,18909,3,-3
2024-02-27 16:11:39.947,18909,18910,18909,1,-1
2024-02-27 16:11:40.379,18909,18910,18910,3,3
2024-02-27 16:11:40.379,18909,18910,18910,2,2
2024-02-27 16:11:40.379,18909,18910,18910,4,4
2024-02-27 16:11:40.379,18909,18910,18910,1,1
2024-02-27 16:11:40.380,18909,18910,18910,17,17
2024-02-27 16:11:40.380,18909,18910,18910,1,1
2024-02-27 16:11:40.380,18909,18910,18910,1,1
2024-02-27 16:11:40.380,18909,18910,18910,1,1
2024-02-27 16:11:40.380,18909,18910,18910,6,6
2024-02-27 16:11:40.380,18909,18910,18910,1,1
2024-02-27 16:11:40.380,18909,18910,18910,1,1
2024-02-27 16:11:40.380,18909,18910,18910,3,3
2024-02-27 16:11:40.380,18909,18910,18910,2,2
2024-02-27 16:11:40.380,18909,18910,18910,8,8
2024-02-27 16:11:40.380,18909,18910,18910,1,1
2024-02-27 16:11:40.380,18909,18910,18910,1,1
2024-02-27 16:11:40.380,18909,18910,18910,2,2
2024-02-27 16:11:40.380,18909,18910,18910,11,11
2024-02-27 16:11:40.380,18909,18910,18910,2,2
2024-02-27 16:11:40.380,18909,18910,18910,1,1
2024-02-27 16:11:40.380,18909,18910,18910,1,1
2024-02-27 16:11:40.381,18909,18910,18910,1,1
2024-02-27 16:11:40.381,18909,18910,18910,3,3
2024-02-27 16:11:40.381,18909,18910,18910,2,2
2024-02-27 16:11:40.381,18909,18910,18910,2,2
2024-02-27 16:11:40.381,18909,18910,18910,1,1
2024-02-27 16:11:40.381,18909,18910,18910,1,1
2024-02-27 16:11:40.381,18909,18910,18910,2,2
2024-02-27 16:11:40.381,18909,18910,18910,2,2
2024-02-27 16:11:40.381,18909,18910,18910,6,6
2024-02-27 16:11:40.381,18909,18910,18910,2,2
2024-02-27 16:11:40.381,18909,18910,18910,4,4
2024-02-27 16:11:40.381,18909,18910,18910,1,1
2024-02-27 16:11:40.381,18909,18910,18910,7,7
2024-02-27 16:11:40.432,18909,18910,18911,1,1
2024-02-27 16:11:40.483,18910,18911,18911,16,16
2024-02-27 16:11:40.484,18910,18911,18912,2,2
2024-02-27 16:11:40.485,18910,18911,18912,1,1
2024-02-27 16:11:40.485,18910,18911,18912,2,2
2024-02-27 16:11:40.487,18910,18911,18912,2,2
2024-02-27 16:11:40.492,18910,18911,18912,2,2
2024-02-27 16:11:40.519,18910,18911,18912,1,1
2024-02-27 16:11:40.532,18910,18911,18912,1,1
2024-02-27 16:11:40.534,18910,18911,18912,1,1
2024-02-27 16:11:40.585,18910,18911,18912,1,1
2024-02-27 16:11:40.585,18910,18911,18912,1,1
2024-02-27 16:11:40.591,18910,18911,18912,5,5
2024-02-27 16:11:40.591,18910,18911,18913,5,5
2024-02-27 16:11:40.592,18910,18911,18913,1,1
2024-02-27 16:11:40.606,18912,18913,18913,4,4
2024-02-27 16:11:40.607,18912,18913,18913,4,4
2024-02-27 16:11:40.607,18912,18913,18913,2,2
2024-02-27 16:11:40.608,18912,18913,18913,2,2
2024-02-27 16:11:40.608,18912,18913,18913,1,1
2024-02-27 16:11:40.610,18912,18913,18913,2,2
2024-02-27 16:11:40.622,18912,18913,18913,2,2
2024-02-27 16:11:40.636,18912,18913,18914,1,1
2024-02-27 16:11:40.667,18912,18913,18914,1,1
2024-02-27 16:11:40.701,18912,18913,18914,1,1
2024-02-27 16:11:40.721,18912,18913,18914,1,1
2024-02-27 16:11:40.730,18913,18914,18914,1,1
2024-02-27 16:11:40.731,18913,18914,18914,7,7
2024-02-27 16:11:40.741,18913,18914,18914,2,2
2024-02-27 16:11:40.753,18913,18914,18914,1,1
2024-02-27 16:11:40.843,18913,18914,18914,4,4
2024-02-27 16:11:40.845,18913,18914,18914,1,1
2024-02-27 16:11:40.854,18913,18914,18914,1,1
2024-02-27 16:11:40.908,18913,18914,18914,2,2
2024-02-27 16:11:41.090,18913,18914,18913,1,-1
2024-02-27 16:11:41.134,18913,18914,18913,1,-1
2024-02-27 16:11:41.154,18913,18914,18914,1,1
2024-02-27 16:11:41.189,18913,18914,18914,1,1
2024-02-27 16:11:41.253,18913,18914,18913,1,-1
2024-02-27 16:11:41.382,18913,18914,18913,1,-1
2024-02-27 16:11:42.298,18913,18914,18913,11,-11
2024-02-27 16:11:42.299,18913,18914,18913,5,-5
2024-02-27 16:11:42.356,18912,18913,18913,7,7
2024-02-27 16:11:46.483,18913,18914,18914,2,2
2024-02-27 16:11:47.355,18913,18914,18913,2,-2
2024-02-27 16:11:48.943,18913,18914,18914,4,4
2024-02-27 16:11:48.943,18913,18914,18915,6,6
2024-02-27 16:11:48.984,18913,18915,18915,1,1
2024-02-27 16:11:48.996,18913,18915,18915,1,1
2024-02-27 16:11:49.001,18913,18915,18915,1,1
2024-02-27 16:11:49.025,18913,18915,18915,1,1
2024-02-27 16:11:49.121,18914,18915,18914,1,-1
2024-02-27 16:11:49.121,18914,18915,18913,1,-1
2024-02-27 16:11:49.143,18914,18915,18914,2,-2
2024-02-27 16:11:49.143,18914,18915,18915,8,8
2024-02-27 16:11:49.322,18913,18915,18915,1,1
2024-02-27 16:11:49.379,18913,18915,18915,2,2
2024-02-27 16:11:50.714,18913,18915,18913,1,-1
2024-02-27 16:11:50.805,18913,18915,18915,1,1
2024-02-27 16:11:52.375,18914,18915,18915,10,10
2024-02-27 16:11:52.843,18914,18915,18915,2,2
2024-02-27 16:11:54.325,18914,18915,18915,1,1
2024-02-27 16:11:54.932,18914,18915,18915,1,1
2024-02-27 16:11:56.893,18914,18915,18915,1,1
2024-02-27 16:11:56.900,18914,18915,18915,1,1
2024-02-27 16:11:58.029,18914,18916,18914,1,-1
2024-02-27 16:11:58.119,18914,18916,18916,1,1
2024-02-27 16:11:58.386,18914,18916,18916,1,1
2024-02-27 16:11:58.488,18915,18916,18915,1,-1
2024-02-27 16:12:00.673,18914,18915,18915,1,1
2024-02-27 16:12:00.807,18914,18915,18915,1,1
2024-02-27 16:12:00.852,18914,18915,18916,7,7
2024-02-27 16:12:00.856,18915,18916,18916,3,3
2024-02-27 16:12:00.930,18915,18916,18916,1,1
2024-02-27 16:12:00.939,18915,18916,18916,1,1
2024-02-27 16:12:00.981,18915,18916,18916,1,1
2024-02-27 16:12:01.428,18915,18916,18916,1,1
2024-02-27 16:12:01.428,18915,18916,18916,25,25
2024-02-27 16:12:01.445,18915,18916,18917,1,1
2024-02-27 16:12:01.496,18916,18917,18917,1,1
2024-02-27 16:12:01.562,18916,18917,18917,1,1
2024-02-27 16:12:01.668,18916,18917,18917,2,2
2024-02-27 16:12:02.015,18916,18917,18917,2,2
2024-02-27 16:12:02.184,18916,18917,18917,1,1
2024-02-27 16:12:03.439,18916,18917,18916,1,-1
2024-02-27 16:12:03.823,18916,18917,18915,4,-4
2024-02-27 16:12:04.331,18915,18916,18916,1,1
2024-02-27 16:12:04.478,18915,18916,18916,2,2
2024-02-27 16:12:04.644,18915,18916,18916,1,1
2024-02-27 16:12:04.789,18915,18916,18916,3,3
2024-02-27 16:12:06.503,18915,18916,18915,1,-1
2024-02-27 16:12:07.855,18915,18916,18916,1,1
2024-02-27 16:12:10.043,18915,18916,18915,2,-2
2024-02-27 16:12:10.297,18915,18916,18915,1,-1
2024-02-27 16:12:11.791,18915,18916,18916,3,3
2024-02-27 16:12:13.112,18915,18916,18915,1,-1
2024-02-27 16:12:14.359,18914,18915,18915,1,1
2024-02-27 16:12:17.155,18914,18915,18914,1,-1
2024-02-27 16:12:21.465,18913,18914,18914,1,1
2024-02-27 16:12:22.906,18913,18914,18914,3,3
2024-02-27 16:12:23.000,18913,18914,18913,2,-2
