2020-02-24 15:00:00.054,11504,11505,11505,65,65
2020-02-24 15:00:00.207,11505,11507,11507,2,2
2020-02-24 15:00:00.254,11505,11507,11505,2,-2
2020-02-24 15:00:00.295,11505,11508,11505,2,-2
2020-02-24 15:00:00.451,11505,11506,11506,1,1
2020-02-24 15:00:00.465,11505,11506,11506,1,1
2020-02-24 15:00:00.544,11505,11506,11506,2,2
2020-02-24 15:00:00.683,11505,11506,11507,1,1
2020-02-24 15:00:00.719,11505,11506,11507,1,1
2020-02-24 15:00:01.228,11506,11508,11506,1,-1
2020-02-24 15:00:01.272,11506,11507,11506,4,-4
2020-02-24 15:00:01.527,11505,11506,11505,1,-1
2020-02-24 15:00:01.535,11505,11506,11505,1,-1
2020-02-24 15:00:01.663,11505,11507,11507,8,8
2020-02-24 15:00:01.909,11506,11507,11506,1,-1
2020-02-24 15:00:01.955,11506,11507,11507,1,1
2020-02-24 15:00:01.975,11506,11507,11507,1,1
2020-02-24 15:00:02.148,11506,11507,11506,2,-2
2020-02-24 15:00:03.625,11506,11507,11507,1,1
2020-02-24 15:00:04.686,11506,11507,11507,2,2
2020-02-24 15:00:04.788,11507,11508,11507,1,-1
2020-02-24 15:00:04.800,11507,11508,11507,1,-1
2020-02-24 15:00:04.812,11507,11508,11507,1,-1
2020-02-24 15:00:04.917,11507,11508,11507,1,-1
2020-02-24 15:00:05.433,11506,11507,11506,1,-1
2020-02-24 15:00:06.174,11506,11507,11507,2,2
2020-02-24 15:00:06.179,11506,11507,11507,1,1
2020-02-24 15:00:06.814,11506,11507,11507,2,2
2020-02-24 15:00:06.923,11507,11508,11507,1,-1
2020-02-24 15:00:08.404,11506,11507,11507,2,2
2020-02-24 15:00:08.441,11506,11507,11507,1,1
2020-02-24 15:00:08.722,11507,11508,11507,1,-1
2020-02-24 15:00:08.862,11507,11508,11508,3,3
2020-02-24 15:00:08.927,11507,11508,11508,2,2
2020-02-24 15:00:08.939,11507,11508,11508,1,1
2020-02-24 15:00:08.993,11507,11508,11508,1,1
2020-02-24 15:00:09.532,11507,11508,11508,1,1
2020-02-24 15:00:10.382,11507,11509,11509,3,3
2020-02-24 15:00:10.585,11508,11509,11508,1,-1
2020-02-24 15:00:10.597,11508,11509,11508,1,-1
2020-02-24 15:00:10.608,11508,11509,11508,1,-1
2020-02-24 15:00:10.639,11508,11509,11509,4,4
2020-02-24 15:00:11.663,11509,11510,11509,2,-2
2020-02-24 15:00:13.168,11508,11510,11510,1,1
2020-02-24 15:00:13.540,11508,11510,11510,2,2
2020-02-24 15:00:13.664,11508,11510,11510,12,12
2020-02-24 15:00:14.273,11510,11511,11511,1,1
2020-02-24 15:00:14.275,11510,11511,11511,1,1
2020-02-24 15:00:14.298,11510,11511,11511,1,1
2020-02-24 15:00:14.510,11510,11511,11511,1,1
2020-02-24 15:00:14.790,11511,11512,11511,5,-5
2020-02-24 15:00:14.790,11511,11512,11510,2,-2
2020-02-24 15:00:15.114,11510,11512,11512,12,12
2020-02-24 15:00:17.987,11511,11512,11511,2,-2
2020-02-24 15:00:19.414,11511,11512,11511,2,-2
2020-02-24 15:00:19.560,11510,11512,11510,10,-10
2020-02-24 15:00:20.240,11509,11510,11510,2,2
2020-02-24 15:00:21.397,11509,11510,11510,2,2
2020-02-24 15:00:21.624,11509,11510,11509,2,-2
2020-02-24 15:00:21.896,11509,11510,11510,2,2
2020-02-24 15:00:22.000,11509,11511,11511,1,1
2020-02-24 15:00:22.637,11509,11510,11509,2,-2
2020-02-24 15:00:24.763,11509,11510,11509,2,-2
2020-02-24 15:00:25.538,11509,11510,11510,1,1
2020-02-24 15:00:26.285,11509,11510,11509,1,-1
2020-02-24 15:00:26.700,11509,11510,11510,2,2
2020-02-24 15:00:28.105,11509,11511,11510,2,-2
2020-02-24 15:00:29.092,11509,11511,11510,1,-1
2020-02-24 15:00:31.116,11509,11510,11509,2,-2
2020-02-24 15:00:31.272,11509,11510,11509,1,-1
2020-02-24 15:00:31.307,11509,11510,11509,1,-1
2020-02-24 15:00:31.422,11509,11510,11509,6,-6
2020-02-24 15:00:32.164,11508,11509,11509,2,2
2020-02-24 15:00:32.260,11508,11509,11509,6,6
2020-02-24 15:00:32.365,11508,11509,11509,1,1
2020-02-24 15:00:32.403,11508,11510,11508,1,-1
2020-02-24 15:00:33.056,11508,11510,11510,1,1
2020-02-24 15:00:33.867,11508,11510,11509,1,-1
2020-02-24 15:00:33.934,11509,11510,11510,2,2
2020-02-24 15:00:34.193,11509,11510,11509,1,-1
2020-02-24 15:00:37.553,11508,11509,11508,16,-16
2020-02-24 15:00:38.380,11507,11508,11508,1,1
2020-02-24 15:00:38.651,11507,11508,11507,10,-10
2020-02-24 15:00:39.225,11507,11508,11508,1,1
2020-02-24 15:00:39.627,11507,11508,11507,1,-1
2020-02-24 15:00:41.312,11507,11508,11507,1,-1
2020-02-24 15:00:41.821,11507,11508,11508,4,4
2020-02-24 15:00:42.028,11507,11508,11507,1,-1
2020-02-24 15:00:42.883,11507,11508,11507,1,-1
2020-02-24 15:00:43.095,11507,11508,11507,8,-8
2020-02-24 15:00:43.095,11507,11508,11507,1,-1
2020-02-24 15:00:43.230,11506,11507,11507,1,1
2020-02-24 15:00:43.437,11506,11507,11507,1,1
2020-02-24 15:00:44.849,11506,11507,11506,1,-1
2020-02-24 15:00:45.143,11506,11507,11507,1,1
2020-02-24 15:00:45.741,11506,11507,11507,5,5
2020-02-24 15:00:46.649,11506,11507,11507,2,2
2020-02-24 15:00:47.305,11506,11507,11506,1,-1
2020-02-24 15:00:48.635,11506,11507,11506,1,-1
2020-02-24 15:00:50.612,11506,11507,11507,4,4
2020-02-24 15:00:50.648,11506,11507,11507,2,2
2020-02-24 15:00:51.846,11507,11508,11507,1,-1
2020-02-24 15:00:51.846,11507,11508,11506,2,-2
2020-02-24 15:00:51.885,11507,11508,11506,1,-1
2020-02-24 15:00:57.803,11507,11508,11507,1,1
2020-02-24 15:00:58.012,11507,11508,11507,1,-1
2020-02-24 15:01:01.375,11507,11508,11507,8,-8
2020-02-24 15:01:01.486,11506,11507,11507,1,1
2020-02-24 15:01:02.279,11506,11507,11506,3,-3
2020-02-24 15:01:04.043,11506,11507,11506,5,-5
2020-02-24 15:01:04.159,11506,11507,11506,1,-1
2020-02-24 15:01:05.765,11506,11507,11507,1,1
2020-02-24 15:01:06.590,11506,11507,11506,1,-1
2020-02-24 15:01:07.867,11506,11507,11506,1,-1
2020-02-24 15:01:08.097,11506,11507,11507,2,2
2020-02-24 15:01:09.076,11506,11507,11506,1,-1
2020-02-24 15:01:10.410,11506,11507,11506,7,-7
2020-02-24 15:01:10.522,11506,11507,11506,5,-5
2020-02-24 15:01:12.170,11506,11507,11506,3,-3
2020-02-24 15:01:15.845,11506,11507,11506,1,-1
2020-02-24 15:01:16.839,11506,11507,11507,1,1
2020-02-24 15:01:16.839,11506,11507,11507,10,10
2020-02-24 15:01:16.839,11506,11507,11507,1,1
2020-02-24 15:01:16.840,11506,11507,11507,1,1
2020-02-24 15:01:16.939,11506,11507,11507,1,1
2020-02-24 15:01:17.026,11506,11507,11507,1,1
2020-02-24 15:01:17.119,11506,11507,11506,1,-1
2020-02-24 15:01:17.352,11506,11507,11506,9,-9
2020-02-24 15:01:17.352,11506,11507,11506,1,-1
2020-02-24 15:01:18.324,11506,11507,11506,1,-1
2020-02-24 15:01:21.488,11506,11507,11507,3,3
2020-02-24 15:01:21.522,11506,11507,11507,11,11
2020-02-24 15:01:22.496,11507,11508,11507,1,-1
2020-02-24 15:01:24.923,11506,11508,11508,1,1
2020-02-24 15:01:26.308,11506,11507,11507,1,1
2020-02-24 15:01:31.070,11507,11508,11507,2,-2
2020-02-24 15:01:34.545,11507,11508,11507,1,-1
2020-02-24 15:01:43.138,11507,11508,11507,1,-1
2020-02-24 15:01:45.623,11507,11508,11508,2,2
2020-02-24 15:01:46.663,11507,11508,11508,1,1
2020-02-24 15:01:49.456,11507,11508,11508,1,1
2020-02-24 15:01:51.065,11507,11509,11509,1,1
2020-02-24 15:01:55.442,11508,11509,11508,2,-2
2020-02-24 15:01:59.434,11507,11508,11507,5,-5
2020-02-24 15:01:59.724,11507,11508,11507,2,-2
2020-02-24 15:01:59.838,11506,11507,11507,1,1
2020-02-24 15:02:00.462,11506,11507,11506,2,-2
2020-02-24 15:02:00.463,11506,11507,11506,1,-1
2020-02-24 15:02:00.463,11506,11507,11506,10,-10
2020-02-24 15:02:00.463,11506,11507,11506,3,-3
2020-02-24 15:02:00.463,11506,11507,11506,6,-6
2020-02-24 15:02:00.463,11506,11507,11506,3,-3
2020-02-24 15:02:00.463,11506,11507,11506,3,-3
2020-02-24 15:02:00.464,11506,11507,11506,3,-3
2020-02-24 15:02:00.464,11506,11507,11506,1,-1
2020-02-24 15:02:00.466,11506,11507,11506,1,-1
2020-02-24 15:02:00.468,11506,11507,11506,1,-1
2020-02-24 15:02:00.522,11506,11507,11506,3,-3
2020-02-24 15:02:01.856,11505,11506,11505,1,-1
2020-02-24 15:02:02.186,11505,11506,11505,10,-10
2020-02-24 15:02:02.379,11505,11506,11505,9,-9
2020-02-24 15:02:03.149,11505,11506,11505,3,-3
2020-02-24 15:02:03.945,11505,11506,11505,1,-1
2020-02-24 15:02:05.338,11505,11506,11506,1,1
2020-02-24 15:02:06.593,11505,11506,11505,1,-1
2020-02-24 15:02:07.503,11505,11506,11505,1,-1
2020-02-24 15:02:07.675,11505,11506,11505,1,-1
2020-02-24 15:02:07.837,11505,11506,11505,1,-1
2020-02-24 15:02:08.221,11505,11506,11505,1,-1
2020-02-24 15:02:08.887,11505,11506,11505,2,-2
2020-02-24 15:02:10.716,11505,11506,11505,1,-1
2020-02-24 15:02:10.931,11505,11506,11505,1,-1
2020-02-24 15:02:12.632,11505,11506,11505,2,-2
2020-02-24 15:02:13.798,11505,11506,11505,1,-1
2020-02-24 15:02:17.785,11505,11506,11505,3,-3
2020-02-24 15:02:17.843,11505,11506,11504,2,-2
2020-02-24 15:02:19.202,11504,11505,11505,1,1
2020-02-24 15:02:20.987,11504,11505,11505,2,2
2020-02-24 15:02:22.647,11504,11505,11505,4,4
2020-02-24 15:02:25.488,11505,11506,11505,2,-2
2020-02-24 15:02:28.977,11505,11506,11506,1,1
2020-02-24 15:02:30.056,11507,11508,11507,2,2
2020-02-24 15:02:31.238,11507,11508,11508,1,1
2020-02-24 15:02:31.382,11507,11508,11508,1,1
2020-02-24 15:02:31.522,11507,11508,11508,8,8
2020-02-24 15:02:31.647,11507,11508,11508,1,1
2020-02-24 15:02:31.647,11507,11508,11508,1,1
2020-02-24 15:02:33.203,11508,11509,11508,2,-2
2020-02-24 15:02:33.353,11508,11509,11509,1,1
2020-02-24 15:02:33.936,11508,11509,11508,1,-1
2020-02-24 15:02:36.192,11508,11509,11508,1,-1
2020-02-24 15:02:37.538,11508,11509,11509,2,2
2020-02-24 15:02:41.409,11509,11510,11510,1,1
2020-02-24 15:02:42.360,11509,11510,11510,5,5
2020-02-24 15:02:42.893,11509,11510,11509,1,-1
2020-02-24 15:02:43.428,11509,11510,11509,12,-12
2020-02-24 15:02:48.951,11509,11510,11509,1,-1
2020-02-24 15:02:54.019,11509,11510,11509,1,-1
2020-02-24 15:03:00.123,11508,11509,11509,1,1
2020-02-24 15:03:00.124,11508,11509,11509,3,3
2020-02-24 15:03:00.124,11508,11509,11509,1,1
2020-02-24 15:03:00.124,11508,11509,11509,1,1
2020-02-24 15:03:00.125,11508,11509,11509,1,1
2020-02-24 15:03:00.125,11508,11509,11509,1,1
2020-02-24 15:03:00.125,11508,11509,11509,1,1
2020-02-24 15:03:00.125,11508,11509,11509,1,1
2020-02-24 15:03:00.177,11509,11510,11510,1,1
2020-02-24 15:03:02.408,11509,11510,11509,1,-1
2020-02-24 15:03:08.254,11509,11510,11510,1,1
2020-02-24 15:03:12.456,11509,11510,11510,1,1
2020-02-24 15:03:18.539,11509,11510,11510,1,1
2020-02-24 15:03:18.555,11509,11510,11510,1,1
2020-02-24 15:03:19.742,11509,11510,11510,1,1
2020-02-24 15:03:24.706,11509,11510,11510,2,2
2020-02-24 15:03:29.837,11509,11510,11510,2,2
2020-02-24 15:03:31.250,11509,11510,11510,1,1
2020-02-24 15:03:31.915,11509,11510,11510,1,1
2020-02-24 15:03:33.076,11509,11510,11510,1,1
2020-02-24 15:03:34.600,11509,11510,11509,1,-1
2020-02-24 15:03:35.287,11509,11510,11510,1,1
2020-02-24 15:03:40.022,11509,11510,11509,2,-2
2020-02-24 15:03:40.023,11509,11510,11509,2,-2
2020-02-24 15:03:40.023,11509,11510,11509,3,-3
2020-02-24 15:03:40.023,11509,11510,11509,1,-1
2020-02-24 15:03:40.023,11509,11510,11509,7,-7
2020-02-24 15:03:40.023,11509,11510,11509,3,-3
2020-02-24 15:03:40.023,11509,11510,11509,2,-2
2020-02-24 15:03:40.023,11509,11510,11509,2,-2
2020-02-24 15:03:40.032,11509,11510,11509,1,-1
2020-02-24 15:03:40.115,11509,11510,11509,1,-1
2020-02-24 15:03:40.116,11509,11510,11509,1,-1
2020-02-24 15:03:40.147,11509,11510,11509,3,-3
2020-02-24 15:03:40.147,11509,11510,11509,2,-2
2020-02-24 15:03:40.147,11509,11510,11509,11,-11
2020-02-24 15:03:40.148,11509,11510,11509,5,-5
2020-02-24 15:03:43.573,11508,11509,11509,1,1
2020-02-24 15:03:44.473,11508,11509,11508,1,-1
2020-02-24 15:03:44.475,11508,11509,11508,1,-1
2020-02-24 15:03:44.475,11508,11509,11508,2,-2
2020-02-24 15:03:44.501,11508,11509,11508,2,-2
2020-02-24 15:03:49.314,11507,11508,11508,2,2
2020-02-24 15:03:52.854,11507,11508,11508,1,1
2020-02-24 15:03:56.108,11508,11509,11509,1,1
2020-02-24 15:03:57.501,11508,11509,11508,2,-2
2020-02-24 15:04:02.783,11507,11508,11508,1,1
2020-02-24 15:04:03.080,11507,11508,11507,1,-1
2020-02-24 15:04:07.877,11507,11508,11507,2,-2
2020-02-24 15:04:07.909,11507,11508,11508,1,1
2020-02-24 15:04:31.652,11507,11508,11508,1,1
2020-02-24 15:04:34.135,11507,11508,11507,2,-2
2020-02-24 15:04:35.132,11507,11508,11507,2,-2
2020-02-24 15:04:35.881,11507,11508,11507,2,-2
2020-02-24 15:04:37.128,11507,11508,11507,2,-2
2020-02-24 15:04:47.233,11507,11508,11508,4,4
2020-02-24 15:04:47.238,11507,11508,11508,1,1
2020-02-24 15:04:47.239,11507,11508,11508,12,12
2020-02-24 15:04:47.397,11508,11509,11509,1,1
2020-02-24 15:04:47.400,11508,11509,11509,1,1
2020-02-24 15:04:56.272,11508,11509,11508,2,-2
2020-02-24 15:04:56.896,11508,11509,11509,3,3
2020-02-24 15:05:02.233,11508,11509,11508,1,-1
2020-02-24 15:05:02.678,11508,11509,11508,1,-1
2020-02-24 15:05:09.878,11508,11509,11508,2,-2
2020-02-24 15:05:11.380,11508,11509,11508,2,-2
2020-02-24 15:05:12.645,11508,11509,11509,1,1
2020-02-24 15:05:12.940,11508,11509,11509,3,3
2020-02-24 15:05:12.940,11508,11509,11509,1,1
2020-02-24 15:05:12.940,11508,11509,11509,3,3
2020-02-24 15:05:12.940,11508,11509,11509,1,1
2020-02-24 15:05:13.255,11509,11510,11509,2,-2
2020-02-24 15:05:17.754,11509,11510,11509,1,-1
2020-02-24 15:05:20.969,11508,11509,11509,2,2
2020-02-24 15:05:24.006,11508,11509,11509,1,1
2020-02-24 15:05:24.255,11509,11510,11509,1,-1
2020-02-24 15:05:36.521,11509,11510,11509,1,-1
2020-02-24 15:05:38.650,11509,11510,11509,1,-1
2020-02-24 15:05:43.737,11509,11510,11510,8,8
2020-02-24 15:05:43.745,11509,11510,11510,8,8
2020-02-24 15:05:43.748,11509,11510,11510,8,8
2020-02-24 15:05:43.757,11509,11510,11510,1,1
2020-02-24 15:05:50.135,11509,11510,11510,1,1
2020-02-24 15:05:51.561,11509,11510,11510,3,3
2020-02-24 15:05:51.748,11509,11510,11510,2,2
2020-02-24 15:05:51.772,11509,11510,11510,1,1
2020-02-24 15:06:00.639,11510,11511,11510,4,-4
2020-02-24 15:06:00.639,11510,11511,11510,1,-1
2020-02-24 15:06:02.404,11509,11510,11509,2,-2
2020-02-24 15:06:19.081,11509,11510,11509,1,-1
2020-02-24 15:06:38.156,11509,11510,11509,1,-1
2020-02-24 15:06:38.156,11509,11510,11509,9,-9
2020-02-24 15:06:38.156,11509,11510,11509,1,-1
2020-02-24 15:06:38.156,11509,11510,11509,1,-1
2020-02-24 15:06:38.157,11509,11510,11509,1,-1
2020-02-24 15:06:38.158,11509,11510,11509,1,-1
2020-02-24 15:06:38.160,11509,11510,11509,1,-1
2020-02-24 15:06:38.250,11509,11510,11509,1,-1
2020-02-24 15:06:38.252,11509,11510,11509,1,-1
2020-02-24 15:06:39.147,11508,11509,11508,4,-4
2020-02-24 15:06:39.147,11508,11509,11508,1,-1
2020-02-24 15:06:43.741,11507,11509,11507,2,-2
2020-02-24 15:06:53.887,11507,11509,11507,1,-1
2020-02-24 15:06:54.009,11507,11509,11507,1,-1
2020-02-24 15:06:57.456,11507,11509,11507,1,-1
2020-02-24 15:07:00.453,11508,11509,11508,1,1
2020-02-24 15:07:03.774,11507,11508,11508,2,2
2020-02-24 15:07:17.593,11507,11508,11507,2,-2
2020-02-24 15:07:57.541,11507,11508,11507,26,-26
2020-02-24 15:07:57.541,11507,11508,11507,4,-4
2020-02-24 15:07:58.188,11506,11507,11507,7,7
2020-02-24 15:07:58.635,11506,11507,11507,7,7
2020-02-24 15:08:00.523,11506,11507,11506,12,-12
2020-02-24 15:08:00.773,11506,11507,11506,3,-3
2020-02-24 15:08:02.686,11505,11506,11505,8,-8
2020-02-24 15:08:02.691,11505,11506,11505,8,-8
2020-02-24 15:08:02.694,11505,11506,11505,4,-4
2020-02-24 15:08:02.823,11504,11505,11504,3,-3
2020-02-24 15:08:09.396,11504,11505,11504,1,-1
2020-02-24 15:08:09.510,11504,11505,11504,2,-2
2020-02-24 15:08:09.647,11504,11505,11504,4,-4
2020-02-24 15:08:10.081,11503,11505,11505,1,1
2020-02-24 15:08:10.119,11503,11505,11505,1,1
2020-02-24 15:08:10.219,11503,11505,11504,1,-1
2020-02-24 15:08:10.543,11504,11505,11504,1,-1
2020-02-24 15:08:13.075,11504,11505,11504,1,-1
2020-02-24 15:08:13.131,11504,11505,11504,2,-2
2020-02-24 15:08:15.705,11504,11505,11504,1,-1
2020-02-24 15:08:16.147,11504,11505,11504,1,-1
2020-02-24 15:08:17.147,11503,11505,11504,1,-1
2020-02-24 15:08:17.480,11503,11504,11504,1,1
2020-02-24 15:08:18.398,11503,11504,11503,5,-5
2020-02-24 15:08:18.581,11503,11504,11503,1,-1
2020-02-24 15:08:18.733,11503,11504,11504,2,2
2020-02-24 15:08:18.953,11503,11504,11503,1,-1
2020-02-24 15:08:20.005,11503,11504,11504,1,1
2020-02-24 15:08:20.548,11503,11504,11503,6,-6
2020-02-24 15:08:20.647,11503,11504,11503,1,-1
2020-02-24 15:08:20.868,11502,11504,11502,1,-1
2020-02-24 15:08:21.118,11502,11503,11502,4,-4
2020-02-24 15:08:21.451,11502,11503,11503,1,1
2020-02-24 15:08:28.406,11502,11503,11503,1,1
2020-02-24 15:08:29.303,11502,11503,11502,4,-4
2020-02-24 15:08:29.882,11502,11503,11502,5,-5
2020-02-24 15:08:29.897,11502,11503,11502,1,-1
2020-02-24 15:08:30.852,11502,11503,11502,1,-1
2020-02-24 15:08:31.119,11502,11503,11502,2,-2
2020-02-24 15:08:32.284,11502,11503,11502,2,-2
2020-02-24 15:08:34.637,11502,11503,11502,1,-1
2020-02-24 15:08:34.868,11502,11503,11502,1,-1
2020-02-24 15:08:36.174,11502,11503,11502,1,-1
2020-02-24 15:08:38.144,11502,11503,11502,1,-1
2020-02-24 15:08:38.609,11502,11503,11502,2,-2
2020-02-24 15:08:38.891,11502,11503,11502,1,-1
2020-02-24 15:08:42.560,11502,11503,11503,1,1
2020-02-24 15:08:43.829,11502,11503,11502,2,-2
2020-02-24 15:08:43.931,11502,11503,11502,1,-1
2020-02-24 15:08:50.576,11502,11503,11503,1,1
2020-02-24 15:08:50.674,11502,11503,11502,1,-1
2020-02-24 15:08:50.674,11502,11503,11502,1,-1
2020-02-24 15:08:50.674,11502,11503,11502,1,-1
2020-02-24 15:08:50.674,11502,11503,11502,2,-2
2020-02-24 15:08:50.674,11502,11503,11502,1,-1
2020-02-24 15:08:51.647,11501,11502,11501,5,-5
2020-02-24 15:08:51.799,11501,11502,11501,21,-21
2020-02-24 15:08:51.822,11501,11502,11502,1,1
2020-02-24 15:08:52.027,11500,11501,11500,1,-1
2020-02-24 15:08:52.117,11500,11501,11500,1,-1
2020-02-24 15:08:52.188,11500,11501,11500,1,-1
2020-02-24 15:08:52.292,11500,11501,11500,1,-1
2020-02-24 15:08:52.393,11500,11501,11500,8,-8
2020-02-24 15:08:52.399,11500,11501,11500,8,-8
2020-02-24 15:08:52.400,11500,11501,11500,8,-8
2020-02-24 15:08:52.410,11500,11501,11500,3,-3
2020-02-24 15:08:52.505,11500,11501,11500,1,-1
2020-02-24 15:08:52.522,11500,11501,11500,3,-3
2020-02-24 15:08:54.187,11499,11500,11500,1,1
2020-02-24 15:08:54.276,11499,11500,11499,1,-1
2020-02-24 15:08:54.506,11499,11500,11499,1,-1
2020-02-24 15:08:54.638,11499,11500,11499,1,-1
2020-02-24 15:08:54.976,11499,11500,11499,2,-2
2020-02-24 15:08:55.209,11499,11500,11499,1,-1
2020-02-24 15:08:55.733,11499,11500,11499,2,-2
2020-02-24 15:08:56.436,11498,11499,11498,1,-1
2020-02-24 15:08:56.567,11498,11499,11499,1,1
2020-02-24 15:08:56.620,11498,11499,11498,1,-1
2020-02-24 15:08:57.124,11498,11499,11498,2,-2
2020-02-24 15:08:57.142,11498,11499,11498,2,-2
2020-02-24 15:08:57.548,11498,11499,11499,2,2
2020-02-24 15:08:57.637,11498,11499,11499,1,1
2020-02-24 15:08:57.906,11498,11499,11498,3,-3
2020-02-24 15:08:58.356,11498,11499,11498,1,-1
2020-02-24 15:08:58.490,11498,11499,11498,1,-1
2020-02-24 15:08:58.578,11498,11499,11498,1,-1
2020-02-24 15:08:58.925,11498,11499,11498,1,-1
2020-02-24 15:08:58.925,11498,11499,11497,1,-1
2020-02-24 15:08:59.018,11498,11499,11499,1,1
2020-02-24 15:08:59.075,11498,11499,11497,1,-1
2020-02-24 15:09:00.625,11497,11498,11497,1,-1
2020-02-24 15:09:01.130,11497,11498,11497,2,-2
2020-02-24 15:09:01.756,11497,11498,11497,2,-2
2020-02-24 15:09:02.382,11497,11498,11497,10,-10
2020-02-24 15:09:02.625,11497,11498,11497,3,-3
2020-02-24 15:09:02.767,11496,11498,11497,1,-1
2020-02-24 15:09:03.013,11496,11497,11496,1,-1
2020-02-24 15:09:03.728,11496,11497,11496,1,-1
2020-02-24 15:09:05.322,11496,11497,11496,1,-1
2020-02-24 15:09:05.519,11496,11497,11496,1,-1
2020-02-24 15:09:05.618,11496,11497,11497,1,1
2020-02-24 15:09:06.068,11496,11497,11497,1,1
2020-02-24 15:09:06.603,11496,11497,11496,1,-1
2020-02-24 15:09:06.788,11496,11497,11496,1,-1
2020-02-24 15:09:06.985,11496,11497,11496,1,-1
2020-02-24 15:09:07.852,11496,11497,11496,2,-2
2020-02-24 15:09:08.178,11496,11497,11497,3,3
2020-02-24 15:09:08.323,11496,11497,11496,1,-1
2020-02-24 15:09:08.351,11496,11497,11496,1,-1
2020-02-24 15:09:09.924,11496,11497,11496,1,-1
2020-02-24 15:09:10.023,11496,11497,11496,10,-10
2020-02-24 15:09:10.147,11496,11497,11496,1,-1
2020-02-24 15:09:10.289,11495,11496,11495,2,-2
2020-02-24 15:09:10.659,11495,11496,11496,1,1
2020-02-24 15:09:10.721,11495,11496,11496,1,1
2020-02-24 15:09:11.020,11495,11496,11495,1,-1
2020-02-24 15:09:11.251,11495,11496,11495,2,-2
2020-02-24 15:09:11.261,11495,11496,11496,1,1
2020-02-24 15:09:11.386,11495,11496,11496,1,1
2020-02-24 15:09:11.517,11495,11496,11496,1,1
2020-02-24 15:09:11.752,11495,11496,11495,2,-2
2020-02-24 15:09:12.167,11495,11496,11495,1,-1
2020-02-24 15:09:12.178,11495,11496,11495,1,-1
2020-02-24 15:09:12.429,11494,11495,11495,1,1
2020-02-24 15:09:15.334,11494,11495,11494,1,-1
2020-02-24 15:09:15.393,11494,11495,11494,1,-1
2020-02-24 15:09:15.640,11493,11495,11493,2,-2
2020-02-24 15:09:16.084,11493,11494,11493,1,-1
2020-02-24 15:09:18.251,11493,11494,11494,1,1
2020-02-24 15:09:18.299,11493,11494,11493,2,-2
2020-02-24 15:09:18.464,11493,11494,11494,1,1
2020-02-24 15:09:18.475,11493,11494,11493,4,-4
2020-02-24 15:09:18.488,11493,11494,11493,1,-1
2020-02-24 15:09:19.829,11493,11494,11493,2,-2
2020-02-24 15:09:19.942,11493,11494,11493,1,-1
2020-02-24 15:09:19.948,11493,11494,11493,1,-1
2020-02-24 15:09:20.627,11493,11494,11493,1,-1
2020-02-24 15:09:21.741,11493,11494,11494,1,1
2020-02-24 15:09:21.741,11493,11494,11494,3,3
2020-02-24 15:09:21.741,11493,11494,11494,3,3
2020-02-24 15:09:21.741,11493,11494,11494,1,1
2020-02-24 15:09:21.741,11493,11494,11494,2,2
2020-02-24 15:09:21.742,11493,11494,11494,2,2
2020-02-24 15:09:22.047,11494,11495,11494,4,-4
2020-02-24 15:09:22.324,11494,11495,11494,1,-1
2020-02-24 15:09:22.994,11494,11495,11494,1,-1
2020-02-24 15:09:24.374,11494,11495,11494,1,-1
2020-02-24 15:09:25.815,11494,11495,11494,2,-2
2020-02-24 15:09:26.374,11494,11495,11495,1,1
2020-02-24 15:09:27.515,11494,11495,11495,1,1
2020-02-24 15:09:27.522,11494,11495,11495,10,10
2020-02-24 15:09:27.799,11495,11496,11495,1,-1
2020-02-24 15:09:33.044,11495,11496,11496,11,11
2020-02-24 15:09:33.486,11496,11497,11496,2,-2
2020-02-24 15:09:34.016,11496,11497,11497,10,10
2020-02-24 15:09:34.128,11496,11497,11496,2,-2
2020-02-24 15:09:34.629,11496,11497,11496,2,-2
2020-02-24 15:09:36.129,11496,11497,11496,2,-2
2020-02-24 15:09:38.380,11496,11497,11496,2,-2
2020-02-24 15:09:39.948,11496,11497,11496,1,-1
2020-02-24 15:09:40.170,11495,11497,11496,1,-1
2020-02-24 15:09:41.028,11495,11496,11496,1,1
2020-02-24 15:09:41.904,11495,11496,11495,2,-2
2020-02-24 15:09:42.219,11495,11496,11495,1,-1
2020-02-24 15:09:43.068,11495,11496,11496,1,1
2020-02-24 15:09:43.148,11495,11496,11495,1,-1
2020-02-24 15:09:43.631,11495,11496,11495,2,-2
2020-02-24 15:09:44.094,11495,11496,11495,2,-2
2020-02-24 15:09:45.179,11495,11496,11496,1,1
2020-02-24 15:09:46.538,11495,11496,11495,1,-1
2020-02-24 15:09:47.268,11495,11496,11496,1,1
2020-02-24 15:09:47.460,11495,11496,11495,2,-2
2020-02-24 15:09:47.476,11495,11496,11495,1,-1
2020-02-24 15:09:47.477,11495,11496,11495,1,-1
2020-02-24 15:09:49.003,11494,11495,11495,1,1
2020-02-24 15:09:49.743,11494,11495,11494,1,-1
2020-02-24 15:09:50.257,11494,11495,11495,1,1
2020-02-24 15:09:50.645,11494,11495,11495,5,5
2020-02-24 15:09:51.614,11494,11495,11495,1,1
2020-02-24 15:09:52.308,11494,11495,11495,1,1
2020-02-24 15:09:55.005,11494,11495,11494,1,-1
2020-02-24 15:09:55.464,11494,11495,11494,1,-1
2020-02-24 15:09:55.589,11494,11495,11494,1,-1
2020-02-24 15:09:56.301,11494,11495,11495,1,1
2020-02-24 15:09:56.843,11494,11495,11494,2,-2
2020-02-24 15:09:56.957,11494,11495,11495,1,1
2020-02-24 15:09:57.942,11494,11495,11495,1,1
2020-02-24 15:09:58.010,11494,11495,11494,2,-2
2020-02-24 15:09:58.474,11494,11495,11494,1,-1
2020-02-24 15:09:59.373,11494,11495,11494,4,-4
2020-02-24 15:10:00.460,11493,11494,11494,1,1
2020-02-24 15:10:00.679,11493,11494,11493,1,-1
2020-02-24 15:10:02.315,11493,11494,11494,2,2
2020-02-24 15:10:02.334,11493,11494,11493,10,-10
2020-02-24 15:10:03.079,11493,11494,11493,1,-1
2020-02-24 15:10:04.843,11493,11494,11493,2,-2
2020-02-24 15:10:04.937,11493,11494,11493,1,-1
2020-02-24 15:10:04.937,11493,11494,11493,1,-1
2020-02-24 15:10:06.299,11493,11494,11494,1,1
2020-02-24 15:10:07.290,11493,11494,11494,1,1
2020-02-24 15:10:07.896,11493,11494,11493,1,-1
2020-02-24 15:10:09.117,11493,11494,11493,1,-1
2020-02-24 15:10:09.685,11493,11494,11493,2,-2
2020-02-24 15:10:09.711,11493,11494,11493,1,-1
2020-02-24 15:10:10.610,11493,11494,11493,2,-2
2020-02-24 15:10:10.755,11493,11494,11493,2,-2
2020-02-24 15:10:11.016,11493,11494,11494,1,1
2020-02-24 15:10:11.404,11493,11494,11493,1,-1
2020-02-24 15:10:12.496,11493,11494,11493,1,-1
2020-02-24 15:10:12.712,11493,11494,11493,1,-1
2020-02-24 15:10:14.380,11493,11494,11493,2,-2
2020-02-24 15:10:14.588,11493,11494,11493,1,-1
2020-02-24 15:10:14.883,11493,11494,11494,1,1
2020-02-24 15:10:15.487,11493,11494,11493,2,-2
2020-02-24 15:10:15.855,11493,11494,11494,1,1
2020-02-24 15:10:16.034,11493,11494,11494,1,1
2020-02-24 15:10:16.434,11493,11494,11493,1,-1
2020-02-24 15:10:16.435,11493,11494,11493,1,-1
2020-02-24 15:10:16.435,11493,11494,11493,1,-1
2020-02-24 15:10:16.435,11493,11494,11493,1,-1
2020-02-24 15:10:16.435,11493,11494,11493,1,-1
2020-02-24 15:10:16.437,11493,11494,11493,1,-1
2020-02-24 15:10:16.541,11492,11493,11493,5,5
2020-02-24 15:10:17.290,11492,11493,11493,1,1
2020-02-24 15:10:17.588,11492,11493,11492,2,-2
2020-02-24 15:10:17.678,11492,11493,11492,1,-1
2020-02-24 15:10:17.736,11492,11493,11492,2,-2
2020-02-24 15:10:17.897,11492,11493,11492,2,-2
2020-02-24 15:10:17.925,11492,11493,11493,1,1
2020-02-24 15:10:18.127,11491,11493,11492,2,-2
2020-02-24 15:10:18.147,11492,11493,11492,2,-2
2020-02-24 15:10:18.147,11492,11493,11492,1,-1
2020-02-24 15:10:18.319,11491,11493,11491,1,-1
2020-02-24 15:10:18.458,11491,11492,11492,2,2
2020-02-24 15:10:21.397,11491,11492,11492,6,6
2020-02-24 15:10:22.624,11492,11493,11493,1,1
2020-02-24 15:10:22.647,11492,11493,11493,4,4
2020-02-24 15:10:22.862,11492,11494,11492,1,-1
2020-02-24 15:10:23.254,11492,11494,11493,1,1
2020-02-24 15:10:23.690,11492,11494,11494,1,1
2020-02-24 15:10:23.907,11492,11493,11493,3,3
2020-02-24 15:10:24.022,11492,11493,11493,2,2
2020-02-24 15:10:25.757,11493,11494,11493,5,-5
2020-02-24 15:10:27.408,11492,11494,11492,1,-1
2020-02-24 15:10:28.180,11492,11493,11493,1,1
2020-02-24 15:10:29.673,11492,11493,11493,1,1
2020-02-24 15:10:29.845,11492,11493,11493,1,1
2020-02-24 15:10:29.895,11492,11493,11493,1,1
2020-02-24 15:10:30.455,11492,11493,11493,1,1
2020-02-24 15:10:31.874,11492,11494,11493,3,-3
2020-02-24 15:10:32.501,11493,11494,11493,1,-1
2020-02-24 15:10:34.691,11493,11494,11493,1,-1
2020-02-24 15:10:37.054,11493,11494,11493,1,-1
2020-02-24 15:10:38.304,11492,11493,11493,4,4
2020-02-24 15:10:40.905,11492,11493,11493,1,1
2020-02-24 15:10:41.570,11493,11494,11493,1,-1
2020-02-24 15:10:41.770,11493,11494,11493,4,-4
2020-02-24 15:10:44.123,11492,11494,11492,18,-18
2020-02-24 15:10:47.272,11492,11493,11493,1,1
2020-02-24 15:10:48.633,11493,11494,11493,1,-1
2020-02-24 15:10:49.150,11493,11494,11494,1,1
2020-02-24 15:10:52.216,11492,11493,11493,1,1
2020-02-24 15:10:52.263,11492,11493,11493,1,1
2020-02-24 15:10:52.836,11493,11494,11493,1,-1
2020-02-24 15:10:57.888,11493,11494,11494,1,1
2020-02-24 15:11:00.182,11493,11494,11494,1,1
2020-02-24 15:11:01.022,11493,11494,11494,7,7
2020-02-24 15:11:01.022,11493,11494,11494,6,6
2020-02-24 15:11:01.171,11493,11495,11494,1,-1
2020-02-24 15:11:02.056,11494,11495,11495,1,1
2020-02-24 15:11:02.424,11494,11495,11495,6,6
2020-02-24 15:11:02.522,11494,11495,11495,3,3
2020-02-24 15:11:05.980,11495,11496,11496,2,2
2020-02-24 15:11:06.658,11495,11496,11496,1,1
2020-02-24 15:11:07.459,11495,11496,11496,1,1
2020-02-24 15:11:07.575,11495,11496,11496,1,1
2020-02-24 15:11:08.296,11495,11496,11496,1,1
2020-02-24 15:11:09.103,11495,11496,11496,1,1
2020-02-24 15:11:09.394,11495,11496,11496,2,2
2020-02-24 15:11:10.226,11495,11496,11496,1,1
2020-02-24 15:11:10.709,11495,11496,11496,1,1
2020-02-24 15:11:14.646,11495,11497,11496,1,-1
2020-02-24 15:11:15.445,11496,11497,11497,3,3
2020-02-24 15:11:17.273,11496,11497,11496,4,-4
2020-02-24 15:11:17.879,11496,11497,11496,1,-1
2020-02-24 15:11:18.287,11496,11497,11496,1,-1
2020-02-24 15:11:19.719,11496,11497,11496,1,-1
2020-02-24 15:11:21.356,11495,11497,11497,2,2
2020-02-24 15:11:26.470,11496,11497,11497,2,2
2020-02-24 15:11:26.522,11496,11497,11497,1,1
2020-02-24 15:11:29.853,11497,11498,11497,1,-1
2020-02-24 15:11:31.597,11497,11498,11497,1,-1
2020-02-24 15:11:33.842,11497,11498,11497,1,-1
2020-02-24 15:11:37.530,11497,11498,11498,3,3
2020-02-24 15:11:40.437,11497,11498,11498,2,2
2020-02-24 15:11:45.147,11497,11498,11497,10,-10
2020-02-24 15:11:45.306,11496,11498,11497,3,-3
2020-02-24 15:11:46.372,11496,11497,11497,1,1
2020-02-24 15:11:48.035,11496,11497,11497,1,1
2020-02-24 15:11:50.230,11497,11498,11498,1,1
2020-02-24 15:11:55.792,11497,11498,11498,1,1
2020-02-24 15:11:59.397,11497,11498,11497,1,-1
2020-02-24 15:12:04.830,11497,11498,11497,1,-1
2020-02-24 15:12:05.435,11497,11498,11497,1,-1
2020-02-24 15:12:06.016,11497,11498,11497,1,-1
2020-02-24 15:12:06.029,11497,11498,11497,1,-1
2020-02-24 15:12:06.033,11497,11498,11498,1,1
2020-02-24 15:12:06.851,11497,11498,11497,2,-2
2020-02-24 15:12:06.865,11497,11498,11497,1,-1
2020-02-24 15:12:10.647,11496,11497,11496,1,-1
2020-02-24 15:12:15.638,11496,11497,11496,1,-1
2020-02-24 15:12:15.889,11496,11497,11496,1,-1
2020-02-24 15:12:15.909,11496,11497,11497,1,1
2020-02-24 15:12:16.683,11496,11497,11497,1,1
2020-02-24 15:12:16.864,11496,11497,11496,1,-1
2020-02-24 15:12:18.199,11496,11497,11496,1,-1
2020-02-24 15:12:18.522,11495,11496,11496,1,1
2020-02-24 15:12:18.647,11495,11496,11496,1,1
2020-02-24 15:12:22.314,11495,11496,11495,1,-1
2020-02-24 15:12:22.339,11495,11496,11496,1,1
2020-02-24 15:12:26.151,11495,11496,11495,4,-4
2020-02-24 15:12:26.476,11495,11496,11495,4,-4
2020-02-24 15:12:27.048,11495,11496,11496,5,5
2020-02-24 15:12:31.171,11495,11496,11496,1,1
2020-02-24 15:12:37.473,11495,11496,11495,1,-1
2020-02-24 15:12:37.861,11495,11496,11495,1,-1
2020-02-24 15:12:38.850,11495,11496,11495,1,-1
2020-02-24 15:12:43.638,11495,11496,11495,3,-3
2020-02-24 15:12:43.686,11495,11496,11495,1,-1
2020-02-24 15:12:43.829,11495,11496,11495,1,-1
2020-02-24 15:12:43.830,11495,11496,11495,3,-3
2020-02-24 15:12:43.830,11495,11496,11495,3,-3
2020-02-24 15:12:43.830,11495,11496,11495,3,-3
2020-02-24 15:12:43.830,11495,11496,11495,3,-3
2020-02-24 15:12:44.192,11494,11495,11494,4,-4
2020-02-24 15:12:45.907,11494,11495,11495,4,4
2020-02-24 15:12:47.441,11494,11495,11494,3,-3
2020-02-24 15:12:48.503,11494,11495,11494,1,-1
2020-02-24 15:12:52.781,11494,11495,11494,1,-1
2020-02-24 15:12:53.554,11494,11495,11494,1,-1
2020-02-24 15:12:54.111,11494,11495,11494,1,-1
2020-02-24 15:12:57.060,11494,11495,11494,2,-2
2020-02-24 15:12:57.429,11494,11495,11494,1,-1
2020-02-24 15:12:58.204,11494,11495,11494,1,-1
2020-02-24 15:13:03.020,11494,11495,11495,1,1
2020-02-24 15:13:06.466,11494,11495,11494,1,-1
2020-02-24 15:13:06.844,11494,11495,11495,3,3
2020-02-24 15:13:06.912,11494,11495,11495,1,1
2020-02-24 15:13:06.913,11494,11495,11495,1,1
2020-02-24 15:13:07.123,11494,11495,11495,1,1
2020-02-24 15:13:09.072,11494,11495,11494,1,-1
2020-02-24 15:13:09.346,11494,11495,11494,3,-3
2020-02-24 15:13:16.299,11494,11495,11495,2,2
2020-02-24 15:13:16.628,11494,11495,11494,2,-2
2020-02-24 15:13:16.666,11494,11495,11494,1,-1
2020-02-24 15:13:22.831,11494,11495,11494,2,-2
2020-02-24 15:13:23.290,11494,11495,11494,2,-2
2020-02-24 15:13:24.292,11494,11495,11494,1,-1
2020-02-24 15:13:25.600,11494,11495,11494,1,-1
2020-02-24 15:13:25.932,11494,11495,11494,5,-5
2020-02-24 15:13:26.384,11494,11495,11494,1,-1
2020-02-24 15:13:26.397,11494,11495,11494,1,-1
2020-02-24 15:13:26.397,11494,11495,11494,14,-14
2020-02-24 15:13:28.442,11493,11494,11494,1,1
2020-02-24 15:13:29.816,11493,11494,11493,1,-1
2020-02-24 15:13:33.635,11493,11494,11493,1,-1
2020-02-24 15:13:33.882,11493,11494,11494,1,1
2020-02-24 15:13:34.607,11493,11494,11493,1,-1
2020-02-24 15:13:35.129,11493,11494,11493,1,-1
2020-02-24 15:13:39.057,11493,11494,11493,1,-1
2020-02-24 15:13:39.582,11493,11494,11494,1,1
2020-02-24 15:13:42.389,11493,11494,11494,1,1
2020-02-24 15:13:43.697,11493,11494,11494,1,1
2020-02-24 15:13:45.945,11493,11494,11493,1,-1
2020-02-24 15:13:45.946,11493,11494,11493,3,-3
2020-02-24 15:13:45.946,11493,11494,11493,1,-1
2020-02-24 15:13:45.998,11493,11494,11493,2,-2
2020-02-24 15:13:45.998,11493,11494,11493,1,-1
2020-02-24 15:13:46.022,11493,11494,11493,11,-11
2020-02-24 15:13:46.022,11493,11494,11493,1,-1
2020-02-24 15:13:46.022,11493,11494,11493,4,-4
2020-02-24 15:13:46.022,11493,11494,11493,2,-2
2020-02-24 15:13:46.023,11493,11494,11493,4,-4
2020-02-24 15:13:46.147,11493,11494,11493,2,-2
2020-02-24 15:13:46.173,11493,11494,11493,2,-2
2020-02-24 15:13:50.174,11492,11493,11493,5,5
2020-02-24 15:13:50.575,11492,11493,11492,10,-10
2020-02-24 15:13:50.971,11492,11493,11492,1,-1
2020-02-24 15:13:51.580,11492,11493,11492,31,-31
2020-02-24 15:13:54.335,11491,11492,11491,1,-1
2020-02-24 15:13:54.496,11491,11492,11491,4,-4
2020-02-24 15:13:55.087,11491,11492,11491,5,-5
2020-02-24 15:13:55.445,11491,11492,11491,5,-5
2020-02-24 15:13:56.282,11491,11492,11491,1,-1
2020-02-24 15:13:56.344,11491,11492,11491,1,-1
2020-02-24 15:13:57.001,11491,11492,11491,1,-1
2020-02-24 15:13:57.046,11491,11492,11491,30,-30
2020-02-24 15:14:01.141,11490,11492,11490,2,-2
2020-02-24 15:14:01.223,11490,11492,11490,1,-1
2020-02-24 15:14:01.264,11490,11492,11490,1,-1
2020-02-24 15:14:01.328,11490,11492,11490,1,-1
2020-02-24 15:14:03.326,11490,11491,11490,1,-1
2020-02-24 15:14:04.151,11490,11491,11491,1,1
2020-02-24 15:14:04.186,11490,11491,11490,1,-1
2020-02-24 15:14:04.327,11490,11491,11491,1,1
2020-02-24 15:14:06.584,11490,11491,11491,4,4
2020-02-24 15:14:07.077,11490,11491,11490,1,-1
2020-02-24 15:14:07.427,11490,11491,11491,1,1
2020-02-24 15:14:08.677,11490,11491,11491,1,1
2020-02-24 15:14:09.022,11490,11491,11491,1,1
2020-02-24 15:14:10.456,11490,11491,11490,3,-3
2020-02-24 15:14:11.922,11490,11491,11490,2,-2
2020-02-24 15:14:13.252,11490,11491,11490,11,-11
2020-02-24 15:14:13.273,11490,11491,11490,15,-15
2020-02-24 15:14:13.301,11490,11491,11490,1,-1
2020-02-24 15:14:13.398,11490,11491,11490,1,-1
2020-02-24 15:14:13.522,11490,11491,11490,1,-1
2020-02-24 15:14:16.416,11489,11490,11489,2,-2
2020-02-24 15:14:21.057,11489,11490,11490,1,1
2020-02-24 15:14:21.156,11489,11490,11490,1,1
2020-02-24 15:14:22.884,11489,11490,11489,4,-4
2020-02-24 15:14:22.915,11489,11490,11489,20,-20
2020-02-24 15:14:22.915,11489,11490,11489,2,-2
2020-02-24 15:14:22.916,11489,11490,11489,3,-3
2020-02-24 15:14:22.918,11489,11490,11489,1,-1
2020-02-24 15:14:22.918,11489,11490,11489,1,-1
2020-02-24 15:14:23.028,11488,11489,11489,1,1
2020-02-24 15:14:23.553,11488,11489,11488,5,-5
2020-02-24 15:14:23.764,11488,11489,11488,1,-1
2020-02-24 15:14:23.982,11488,11489,11488,2,-2
2020-02-24 15:14:24.052,11488,11489,11489,6,6
2020-02-24 15:14:26.201,11488,11489,11489,1,1
2020-02-24 15:14:26.641,11488,11489,11489,2,2
2020-02-24 15:14:27.677,11489,11490,11489,1,-1
2020-02-24 15:14:29.065,11489,11490,11489,1,-1
2020-02-24 15:14:29.997,11489,11490,11489,1,-1
2020-02-24 15:14:30.140,11489,11490,11489,2,-2
2020-02-24 15:14:31.326,11489,11490,11489,4,-4
2020-02-24 15:14:31.326,11489,11490,11489,8,-8
2020-02-24 15:14:32.748,11488,11489,11489,1,1
2020-02-24 15:14:32.853,11488,11489,11489,1,1
2020-02-24 15:14:34.301,11488,11489,11489,1,1
2020-02-24 15:14:34.331,11488,11489,11489,1,1
2020-02-24 15:14:34.940,11488,11490,11488,1,-1
2020-02-24 15:14:34.964,11488,11490,11488,5,-5
2020-02-24 15:14:35.338,11488,11490,11490,1,1
2020-02-24 15:14:36.040,11488,11490,11488,2,-2
2020-02-24 15:14:36.835,11488,11489,11489,2,2
2020-02-24 15:14:39.106,11489,11490,11489,1,-1
2020-02-24 15:14:39.377,11489,11490,11489,3,-3
2020-02-24 15:14:40.597,11488,11489,11488,2,-2
2020-02-24 15:14:40.786,11488,11489,11489,1,1
2020-02-24 15:14:41.153,11488,11489,11489,1,1
2020-02-24 15:14:44.552,11489,11490,11489,1,-1
2020-02-24 15:14:45.115,11489,11490,11489,1,-1
2020-02-24 15:14:45.571,11489,11490,11489,3,-3
2020-02-24 15:14:45.923,11488,11490,11490,1,1
2020-02-24 15:14:47.502,11488,11489,11489,1,1
2020-02-24 15:14:47.502,11488,11489,11490,14,14
2020-02-24 15:14:47.754,11489,11490,11489,1,-1
2020-02-24 15:14:48.653,11489,11490,11489,1,-1
2020-02-24 15:14:49.501,11489,11490,11489,5,-5
2020-02-24 15:14:53.265,11489,11490,11489,8,-8
2020-02-24 15:14:53.270,11489,11490,11489,1,-1
2020-02-24 15:14:54.453,11488,11490,11488,1,-1
2020-02-24 15:14:55.558,11488,11490,11490,1,1
2020-02-24 15:14:57.642,11489,11490,11489,1,-1
2020-02-24 15:14:57.829,11489,11490,11489,1,-1
2020-02-24 15:14:58.060,11489,11490,11489,1,-1
2020-02-24 15:14:58.518,11489,11490,11489,3,-3
2020-02-24 15:14:59.219,11488,11489,11488,5,-5
2020-02-24 15:15:00.440,11488,11489,11489,1,1
2020-02-24 15:15:00.625,11488,11489,11488,1,-1
2020-02-24 15:15:00.638,11488,11489,11488,1,-1
2020-02-24 15:15:00.730,11488,11489,11488,1,-1
2020-02-24 15:15:00.853,11488,11489,11488,2,-2
2020-02-24 15:15:00.949,11488,11489,11488,4,-4
2020-02-24 15:15:00.998,11488,11489,11488,2,-2
2020-02-24 15:15:01.022,11488,11489,11488,1,-1
2020-02-24 15:15:01.022,11488,11489,11488,4,-4
2020-02-24 15:15:01.023,11488,11489,11488,7,-7
2020-02-24 15:15:01.023,11488,11489,11488,1,-1
2020-02-24 15:15:01.147,11488,11489,11488,2,-2
2020-02-24 15:15:01.289,11488,11489,11489,1,1
2020-02-24 15:15:02.022,11488,11489,11488,2,-2
2020-02-24 15:15:02.305,11488,11489,11489,2,2
2020-02-24 15:15:02.655,11488,11489,11489,1,1
2020-02-24 15:15:02.691,11488,11489,11488,2,-2
2020-02-24 15:15:02.691,11488,11489,11488,1,-1
2020-02-24 15:15:02.692,11488,11489,11488,1,-1
2020-02-24 15:15:03.542,11488,11489,11488,2,-2
2020-02-24 15:15:03.885,11488,11489,11488,2,-2
2020-02-24 15:15:04.114,11488,11489,11488,2,-2
2020-02-24 15:15:04.925,11488,11489,11489,4,4
2020-02-24 15:15:05.570,11488,11489,11488,3,-3
2020-02-24 15:15:06.118,11488,11489,11488,2,-2
2020-02-24 15:15:07.332,11488,11489,11488,1,-1
2020-02-24 15:15:07.943,11488,11489,11488,2,-2
2020-02-24 15:15:08.001,11488,11489,11488,2,-2
2020-02-24 15:15:08.253,11488,11489,11488,2,-2
2020-02-24 15:15:08.514,11487,11489,11487,1,-1
2020-02-24 15:15:08.689,11487,11489,11487,1,-1
2020-02-24 15:15:08.751,11487,11489,11487,2,-2
2020-02-24 15:15:10.754,11488,11489,11488,2,2
2020-02-24 15:15:12.136,11488,11489,11488,1,-1
2020-02-24 15:15:12.256,11488,11489,11488,2,-2
2020-02-24 15:15:13.722,11488,11489,11488,1,-1
2020-02-24 15:15:13.878,11488,11489,11488,2,-2
2020-02-24 15:15:14.379,11488,11489,11488,1,-1
2020-02-24 15:15:15.923,11488,11489,11489,1,1
2020-02-24 15:15:15.923,11488,11489,11489,1,1
2020-02-24 15:15:15.924,11488,11489,11489,1,1
2020-02-24 15:15:15.924,11488,11489,11489,2,2
2020-02-24 15:15:15.924,11488,11489,11489,1,1
2020-02-24 15:15:15.924,11488,11489,11489,4,4
2020-02-24 15:15:15.924,11488,11489,11489,1,1
2020-02-24 15:15:15.924,11488,11489,11489,1,1
2020-02-24 15:15:15.924,11488,11489,11489,3,3
2020-02-24 15:15:15.925,11488,11489,11489,2,2
2020-02-24 15:15:15.925,11488,11489,11489,3,3
2020-02-24 15:15:15.925,11488,11489,11489,5,5
2020-02-24 15:15:15.925,11488,11489,11489,2,2
2020-02-24 15:15:15.925,11488,11489,11489,3,3
2020-02-24 15:15:15.925,11488,11489,11489,2,2
2020-02-24 15:15:15.925,11488,11489,11489,1,1
2020-02-24 15:15:15.926,11488,11489,11489,2,2
2020-02-24 15:15:15.926,11488,11489,11489,1,1
2020-02-24 15:15:15.926,11488,11489,11489,1,1
2020-02-24 15:15:16.000,11488,11489,11489,4,4
2020-02-24 15:15:16.000,11488,11489,11489,1,1
2020-02-24 15:15:16.201,11489,11490,11490,1,1
2020-02-24 15:15:17.593,11489,11490,11489,1,-1
2020-02-24 15:15:18.520,11489,11490,11489,1,-1
2020-02-24 15:15:19.918,11489,11490,11490,2,2
2020-02-24 15:15:20.440,11489,11490,11489,5,-5
2020-02-24 15:15:22.051,11489,11490,11489,1,-1
2020-02-24 15:15:24.362,11489,11490,11489,5,-5
2020-02-24 15:15:26.173,11489,11490,11489,1,-1
2020-02-24 15:15:26.655,11489,11490,11489,5,-5
2020-02-24 15:15:26.860,11489,11490,11490,5,5
2020-02-24 15:15:26.950,11490,11491,11491,5,5
2020-02-24 15:15:29.496,11490,11491,11490,1,-1
2020-02-24 15:15:29.496,11490,11491,11490,3,-3
2020-02-24 15:15:30.017,11490,11491,11491,1,1
2020-02-24 15:15:30.170,11490,11491,11491,1,1
2020-02-24 15:15:30.991,11490,11491,11491,1,1
2020-02-24 15:15:33.378,11490,11492,11492,1,1
2020-02-24 15:15:37.654,11491,11492,11492,10,10
2020-02-24 15:15:38.045,11491,11492,11492,3,3
2020-02-24 15:15:40.788,11492,11493,11493,1,1
2020-02-24 15:15:40.966,11492,11493,11492,2,-2
2020-02-24 15:15:44.231,11492,11493,11493,1,1
2020-02-24 15:15:44.348,11492,11493,11493,1,1
2020-02-24 15:15:44.348,11492,11493,11493,1,1
2020-02-24 15:15:44.522,11493,11494,11494,2,2
2020-02-24 15:15:45.346,11493,11494,11494,4,4
2020-02-24 15:15:45.925,11493,11494,11494,4,4
2020-02-24 15:15:45.977,11493,11494,11495,2,2
2020-02-24 15:15:47.233,11493,11495,11495,1,1
2020-02-24 15:15:47.560,11493,11495,11495,1,1
2020-02-24 15:15:48.022,11494,11495,11495,1,1
2020-02-24 15:15:48.785,11494,11495,11495,1,1
2020-02-24 15:15:48.936,11494,11495,11495,5,5
2020-02-24 15:15:51.198,11495,11496,11496,5,5
2020-02-24 15:15:52.450,11495,11496,11496,15,15
2020-02-24 15:15:52.820,11496,11497,11497,1,1
2020-02-24 15:15:52.890,11496,11497,11497,1,1
2020-02-24 15:15:52.890,11496,11497,11498,1,1
2020-02-24 15:15:52.930,11496,11498,11496,1,-1
2020-02-24 15:15:52.939,11496,11498,11498,1,1
2020-02-24 15:15:52.995,11496,11498,11498,1,1
2020-02-24 15:15:53.452,11496,11497,11496,1,-1
2020-02-24 15:15:53.910,11496,11497,11496,1,-1
2020-02-24 15:15:54.284,11496,11497,11496,1,-1
2020-02-24 15:15:54.892,11496,11497,11496,1,-1
2020-02-24 15:15:54.892,11496,11497,11495,1,-1
2020-02-24 15:15:55.049,11495,11496,11496,1,1
2020-02-24 15:15:55.152,11496,11497,11497,1,1
2020-02-24 15:15:56.160,11495,11497,11497,1,1
2020-02-24 15:15:56.699,11495,11497,11497,5,5
2020-02-24 15:15:56.913,11496,11497,11497,4,4
2020-02-24 15:15:56.913,11496,11497,11498,1,1
2020-02-24 15:15:57.035,11497,11498,11498,1,1
2020-02-24 15:15:57.098,11497,11498,11496,1,-1
2020-02-24 15:16:01.144,11496,11497,11497,1,1
2020-02-24 15:16:01.147,11496,11497,11497,2,2
2020-02-24 15:16:01.147,11496,11497,11497,1,1
2020-02-24 15:16:01.969,11496,11498,11498,5,5
2020-02-24 15:16:02.197,11496,11498,11498,5,5
2020-02-24 15:16:02.325,11496,11498,11496,1,-1
2020-02-24 15:16:02.405,11496,11498,11496,2,-2
2020-02-24 15:16:02.407,11496,11498,11496,1,-1
2020-02-24 15:16:02.409,11496,11498,11496,2,-2
2020-02-24 15:16:02.412,11496,11498,11496,2,-2
2020-02-24 15:16:02.412,11496,11498,11496,2,-2
2020-02-24 15:16:02.414,11496,11498,11496,1,-1
2020-02-24 15:16:02.414,11496,11498,11496,2,-2
2020-02-24 15:16:02.414,11496,11498,11496,2,-2
2020-02-24 15:16:02.415,11496,11498,11496,2,-2
2020-02-24 15:16:02.415,11496,11498,11496,3,-3
2020-02-24 15:16:02.415,11496,11498,11495,3,-3
2020-02-24 15:16:02.416,11496,11498,11496,1,1
2020-02-24 15:16:02.416,11496,11498,11496,1,-1
2020-02-24 15:16:02.416,11496,11498,11495,1,-1
2020-02-24 15:16:02.417,11496,11498,11495,2,-2
2020-02-24 15:16:02.417,11496,11498,11495,2,-2
2020-02-24 15:16:02.418,11496,11498,11495,3,-3
2020-02-24 15:16:02.429,11496,11498,11495,1,-1
2020-02-24 15:16:02.498,11496,11498,11497,1,1
2020-02-24 15:16:03.874,11495,11497,11496,1,-1
2020-02-24 15:16:03.895,11495,11497,11496,1,-1
2020-02-24 15:16:07.868,11496,11497,11496,1,-1
2020-02-24 15:16:08.043,11496,11497,11496,1,-1
2020-02-24 15:16:15.143,11496,11497,11496,3,-3
2020-02-24 15:16:15.444,11496,11497,11496,1,-1
2020-02-24 15:16:18.471,11496,11497,11496,1,-1
2020-02-24 15:16:19.110,11495,11497,11496,1,-1
2020-02-24 15:16:19.522,11495,11496,11496,1,1
2020-02-24 15:16:22.007,11495,11496,11496,1,1
2020-02-24 15:16:24.652,11495,11496,11496,1,1
2020-02-24 15:16:27.397,11495,11496,11496,3,3
2020-02-24 15:16:27.400,11495,11496,11496,2,2
2020-02-24 15:16:28.236,11496,11497,11496,1,-1
2020-02-24 15:16:30.960,11496,11497,11496,1,-1
2020-02-24 15:16:34.864,11496,11497,11496,1,-1
2020-02-24 15:16:35.577,11496,11497,11496,2,-2
2020-02-24 15:16:35.832,11496,11497,11497,1,1
2020-02-24 15:16:38.266,11496,11497,11496,1,-1
2020-02-24 15:16:41.461,11496,11497,11496,1,-1
2020-02-24 15:16:43.418,11496,11497,11496,1,-1
2020-02-24 15:16:43.993,11496,11497,11497,2,2
2020-02-24 15:16:44.651,11496,11497,11496,1,-1
2020-02-24 15:16:45.922,11496,11497,11496,1,-1
2020-02-24 15:16:45.923,11496,11497,11496,1,-1
2020-02-24 15:16:51.390,11496,11497,11497,14,14
2020-02-24 15:16:51.505,11497,11498,11497,1,-1
2020-02-24 15:16:52.774,11497,11498,11498,1,1
2020-02-24 15:16:52.778,11497,11498,11498,2,2
2020-02-24 15:16:52.897,11497,11498,11498,8,8
2020-02-24 15:17:00.213,11498,11499,11499,1,1
2020-02-24 15:17:00.325,11498,11499,11499,2,2
2020-02-24 15:17:00.376,11498,11499,11499,1,1
2020-02-24 15:17:01.022,11498,11499,11499,13,13
2020-02-24 15:17:01.558,11499,11500,11499,1,-1
2020-02-24 15:17:01.653,11499,11500,11500,1,1
2020-02-24 15:17:01.854,11499,11500,11500,10,10
2020-02-24 15:17:01.897,11499,11500,11500,1,1
2020-02-24 15:17:01.939,11499,11500,11500,1,1
2020-02-24 15:17:01.939,11499,11500,11500,2,2
2020-02-24 15:17:02.166,11499,11501,11501,1,1
2020-02-24 15:17:02.532,11500,11501,11500,1,-1
2020-02-24 15:17:02.532,11500,11501,11499,4,-4
2020-02-24 15:17:05.912,11500,11501,11500,1,1
2020-02-24 15:17:05.927,11500,11501,11500,1,-1
2020-02-24 15:17:07.522,11500,11501,11500,2,-2
2020-02-24 15:17:09.234,11499,11500,11500,2,2
2020-02-24 15:17:09.804,11499,11500,11499,5,-5
2020-02-24 15:17:11.111,11498,11499,11499,1,1
2020-02-24 15:17:12.167,11498,11499,11499,1,1
2020-02-24 15:17:15.680,11498,11499,11499,1,1
2020-02-24 15:17:17.401,11498,11499,11499,1,1
2020-02-24 15:17:17.403,11498,11499,11498,10,-10
2020-02-24 15:17:17.522,11498,11499,11498,1,-1
2020-02-24 15:17:17.647,11498,11499,11498,12,-12
2020-02-24 15:17:17.647,11498,11499,11498,4,-4
2020-02-24 15:17:17.772,11498,11499,11498,2,-2
2020-02-24 15:17:17.772,11498,11499,11498,10,-10
2020-02-24 15:17:17.772,11498,11499,11498,1,-1
2020-02-24 15:17:17.772,11498,11499,11498,1,-1
2020-02-24 15:17:18.558,11497,11498,11497,1,-1
2020-02-24 15:17:20.392,11497,11498,11498,1,1
2020-02-24 15:17:25.981,11497,11498,11497,10,-10
2020-02-24 15:17:26.743,11497,11498,11497,2,-2
2020-02-24 15:17:27.188,11497,11498,11498,3,3
2020-02-24 15:17:27.979,11497,11498,11497,1,-1
2020-02-24 15:17:29.226,11497,11498,11497,1,-1
2020-02-24 15:17:30.000,11497,11498,11497,1,-1
2020-02-24 15:17:34.066,11497,11498,11497,5,-5
2020-02-24 15:17:35.221,11497,11498,11498,5,5
2020-02-24 15:17:37.376,11498,11499,11499,1,1
2020-02-24 15:17:37.932,11498,11499,11499,1,1
2020-02-24 15:17:41.667,11498,11499,11498,1,-1
2020-02-24 15:17:45.805,11498,11499,11499,3,3
2020-02-24 15:17:52.572,11498,11499,11499,1,1
2020-02-24 15:17:59.742,11498,11499,11499,1,1
2020-02-24 15:18:01.547,11498,11499,11499,1,1
2020-02-24 15:18:02.254,11498,11499,11499,2,2
2020-02-24 15:18:08.770,11498,11499,11498,1,-1
2020-02-24 15:18:13.811,11498,11499,11498,1,-1
2020-02-24 15:18:14.924,11498,11499,11498,1,-1
2020-02-24 15:18:14.977,11498,11499,11498,1,-1
2020-02-24 15:18:14.978,11498,11499,11498,4,-4
2020-02-24 15:18:15.021,11498,11499,11498,1,-1
2020-02-24 15:18:15.022,11498,11499,11498,2,-2
2020-02-24 15:18:15.127,11498,11499,11498,1,-1
2020-02-24 15:18:15.147,11497,11498,11498,3,3
2020-02-24 15:18:23.864,11497,11498,11497,2,-2
2020-02-24 15:18:23.897,11497,11498,11497,18,-18
2020-02-24 15:18:24.740,11496,11497,11496,2,-2
2020-02-24 15:18:24.772,11496,11497,11496,4,-4
2020-02-24 15:18:27.943,11495,11496,11495,1,-1
2020-02-24 15:18:31.392,11495,11496,11495,1,-1
2020-02-24 15:18:32.401,11495,11496,11496,1,1
2020-02-24 15:18:33.926,11495,11496,11495,2,-2
2020-02-24 15:18:35.292,11495,11496,11495,3,-3
2020-02-24 15:18:39.184,11495,11496,11495,1,-1
2020-02-24 15:18:43.190,11495,11496,11496,7,7
2020-02-24 15:18:43.532,11496,11497,11496,7,-7
2020-02-24 15:18:49.018,11496,11497,11496,1,-1
2020-02-24 15:19:00.253,11496,11497,11496,2,-2
2020-02-24 15:19:02.719,11495,11496,11496,5,5
2020-02-24 15:19:05.965,11496,11497,11497,5,5
2020-02-24 15:19:09.018,11496,11497,11497,5,5
2020-02-24 15:19:12.022,11497,11498,11498,9,9
2020-02-24 15:19:17.109,11498,11499,11498,1,-1
2020-02-24 15:19:20.618,11497,11499,11499,4,4
2020-02-24 15:19:26.131,11498,11499,11498,1,-1
2020-02-24 15:19:27.702,11497,11498,11498,2,2
2020-02-24 15:19:29.903,11497,11498,11498,1,1
2020-02-24 15:19:34.101,11497,11498,11498,1,1
2020-02-24 15:19:35.296,11497,11499,11499,5,5
2020-02-24 15:19:37.620,11498,11499,11499,2,2
2020-02-24 15:19:37.901,11498,11499,11498,1,-1
2020-02-24 15:19:41.522,11498,11499,11499,10,10
2020-02-24 15:19:46.093,11499,11500,11499,1,-1
2020-02-24 15:19:46.841,11499,11500,11499,1,-1
2020-02-24 15:19:49.999,11499,11500,11499,1,-1
2020-02-24 15:19:51.857,11499,11500,11500,8,8
2020-02-24 15:19:51.863,11499,11500,11500,8,8
2020-02-24 15:19:51.864,11499,11500,11500,1,1
2020-02-24 15:19:51.946,11500,11501,11501,1,1
2020-02-24 15:19:55.026,11500,11501,11500,1,-1
2020-02-24 15:19:55.433,11500,11501,11501,1,1
2020-02-24 15:19:58.510,11500,11501,11500,1,-1
2020-02-24 15:20:00.397,11500,11501,11500,1,-1
2020-02-24 15:20:03.168,11500,11501,11500,1,-1
2020-02-24 15:20:03.252,11500,11501,11501,1,1
2020-02-24 15:20:03.673,11500,11501,11500,1,-1
2020-02-24 15:20:03.933,11500,11501,11500,2,-2
2020-02-24 15:20:04.073,11500,11501,11500,1,-1
2020-02-24 15:20:04.374,11500,11501,11500,1,-1
2020-02-24 15:20:04.374,11500,11501,11500,1,-1
2020-02-24 15:20:04.375,11500,11501,11500,1,-1
2020-02-24 15:20:04.648,11499,11501,11500,1,-1
2020-02-24 15:20:05.166,11499,11500,11500,1,1
2020-02-24 15:20:06.762,11500,11501,11500,2,-2
2020-02-24 15:20:07.133,11500,11501,11500,1,-1
2020-02-24 15:20:12.845,11498,11500,11500,1,1
2020-02-24 15:20:14.518,11498,11500,11500,1,1
2020-02-24 15:20:15.139,11498,11500,11498,1,-1
2020-02-24 15:20:16.902,11498,11499,11498,1,-1
2020-02-24 15:20:17.163,11498,11499,11499,1,1
2020-02-24 15:20:17.484,11498,11499,11499,1,1
2020-02-24 15:20:20.776,11498,11499,11499,1,1
2020-02-24 15:20:31.960,11497,11498,11498,1,1
2020-02-24 15:20:32.605,11497,11498,11498,1,1
2020-02-24 15:20:40.913,11497,11498,11498,2,2
2020-02-24 15:20:42.522,11497,11498,11498,3,3
2020-02-24 15:20:43.235,11498,11499,11498,3,-3
2020-02-24 15:20:47.397,11498,11499,11499,6,6
2020-02-24 15:20:49.026,11499,11500,11499,1,-1
2020-02-24 15:20:53.884,11499,11500,11499,1,-1
2020-02-24 15:20:54.021,11499,11500,11499,2,-2
2020-02-24 15:20:58.544,11499,11500,11499,1,-1
2020-02-24 15:21:00.894,11499,11500,11500,3,3
2020-02-24 15:21:03.622,11498,11500,11500,14,14
2020-02-24 15:21:13.631,11498,11499,11498,2,-2
2020-02-24 15:21:13.960,11498,11499,11499,1,1
2020-02-24 15:21:14.120,11498,11499,11499,2,2
2020-02-24 15:21:23.023,11498,11499,11499,1,1
2020-02-24 15:21:27.228,11498,11499,11498,1,-1
2020-02-24 15:21:37.917,11498,11499,11499,13,13
2020-02-24 15:21:37.979,11498,11499,11499,1,1
2020-02-24 15:21:37.980,11498,11499,11499,1,1
2020-02-24 15:21:38.141,11499,11500,11499,1,-1
2020-02-24 15:21:49.435,11498,11499,11499,13,13
2020-02-24 15:21:49.755,11499,11500,11499,2,-2
2020-02-24 15:21:50.226,11499,11500,11499,1,-1
2020-02-24 15:21:58.035,11498,11499,11499,5,5
2020-02-24 15:22:04.156,11499,11500,11499,1,-1
2020-02-24 15:22:14.412,11499,11500,11499,2,-2
2020-02-24 15:22:18.017,11499,11500,11499,1,-1
2020-02-24 15:22:18.034,11499,11500,11500,1,1
2020-02-24 15:22:18.034,11499,11500,11500,1,1
2020-02-24 15:22:18.040,11499,11500,11500,1,1
2020-02-24 15:22:18.040,11499,11500,11500,1,1
2020-02-24 15:22:18.040,11499,11500,11500,1,1
2020-02-24 15:22:18.040,11499,11500,11500,1,1
2020-02-24 15:22:18.042,11499,11500,11500,1,1
2020-02-24 15:22:35.534,11499,11500,11500,1,1
2020-02-24 15:22:41.823,11499,11500,11500,3,3
2020-02-24 15:22:51.133,11499,11500,11500,2,2
2020-02-24 15:22:53.224,11499,11500,11500,1,1
2020-02-24 15:22:53.591,11499,11500,11500,8,8
2020-02-24 15:22:53.591,11499,11500,11500,7,7
2020-02-24 15:22:53.591,11499,11500,11500,2,2
2020-02-24 15:22:53.591,11499,11500,11500,1,1
2020-02-24 15:22:54.279,11500,11501,11501,1,1
2020-02-24 15:22:54.326,11500,11501,11500,1,-1
2020-02-24 15:22:54.456,11500,11501,11501,8,8
2020-02-24 15:22:54.465,11500,11501,11501,8,8
2020-02-24 15:22:54.498,11500,11501,11501,2,2
2020-02-24 15:22:55.821,11501,11502,11501,1,-1
2020-02-24 15:22:57.156,11501,11502,11502,1,1
2020-02-24 15:22:57.732,11501,11502,11502,2,2
2020-02-24 15:22:57.970,11501,11502,11502,2,2
2020-02-24 15:22:59.017,11501,11502,11502,1,1
2020-02-24 15:22:59.017,11501,11502,11502,3,3
2020-02-24 15:22:59.017,11501,11502,11502,1,1
2020-02-24 15:22:59.017,11501,11502,11502,3,3
2020-02-24 15:22:59.017,11501,11502,11502,3,3
2020-02-24 15:22:59.018,11501,11502,11502,3,3
2020-02-24 15:22:59.018,11501,11502,11502,1,1
2020-02-24 15:22:59.983,11502,11503,11503,1,1
2020-02-24 15:23:00.073,11502,11503,11503,2,2
2020-02-24 15:23:00.465,11502,11503,11503,1,1
2020-02-24 15:23:00.701,11502,11503,11503,1,1
2020-02-24 15:23:02.254,11502,11503,11503,3,3
2020-02-24 15:23:02.432,11502,11503,11503,1,1
2020-02-24 15:23:02.534,11502,11503,11503,1,1
2020-02-24 15:23:02.736,11502,11503,11503,1,1
2020-02-24 15:23:06.375,11503,11504,11503,1,-1
2020-02-24 15:23:06.377,11503,11504,11503,1,-1
2020-02-24 15:23:06.377,11503,11504,11503,1,-1
2020-02-24 15:23:06.729,11502,11503,11503,2,2
2020-02-24 15:23:07.546,11502,11503,11503,1,1
2020-02-24 15:23:08.467,11502,11503,11503,3,3
2020-02-24 15:23:10.587,11502,11504,11504,1,1
2020-02-24 15:23:11.663,11502,11504,11504,1,1
2020-02-24 15:23:14.427,11503,11504,11503,1,-1
2020-02-24 15:23:15.080,11503,11504,11503,1,-1
2020-02-24 15:23:15.723,11503,11504,11503,1,-1
2020-02-24 15:23:17.910,11502,11504,11504,2,2
2020-02-24 15:23:21.080,11502,11503,11503,3,3
2020-02-24 15:23:21.080,11502,11503,11504,2,2
2020-02-24 15:23:21.561,11502,11503,11503,1,1
2020-02-24 15:23:21.756,11503,11504,11504,1,1
2020-02-24 15:23:21.898,11503,11504,11504,1,1
2020-02-24 15:23:22.652,11503,11504,11504,1,1
2020-02-24 15:23:24.816,11503,11504,11504,5,5
2020-02-24 15:23:24.957,11503,11504,11504,1,1
2020-02-24 15:23:26.211,11503,11504,11504,2,2
2020-02-24 15:23:28.628,11503,11504,11504,1,1
2020-02-24 15:23:29.616,11503,11504,11504,3,3
2020-02-24 15:23:31.955,11503,11504,11503,3,-3
2020-02-24 15:23:32.399,11503,11504,11504,2,2
2020-02-24 15:23:32.600,11503,11504,11504,1,1
2020-02-24 15:23:32.739,11503,11504,11504,1,1
2020-02-24 15:23:35.190,11503,11504,11504,3,3
2020-02-24 15:23:35.897,11503,11504,11503,4,-4
2020-02-24 15:23:37.070,11502,11503,11503,1,1
2020-02-24 15:23:41.250,11502,11503,11503,3,3
2020-02-24 15:23:46.379,11502,11503,11503,1,1
2020-02-24 15:23:46.439,11502,11503,11503,3,3
2020-02-24 15:23:46.442,11502,11503,11503,1,1
2020-02-24 15:23:47.238,11502,11503,11502,1,-1
2020-02-24 15:23:49.635,11502,11503,11502,3,-3
2020-02-24 15:23:49.649,11502,11503,11502,7,-7
2020-02-24 15:23:53.188,11501,11503,11503,1,1
2020-02-24 15:23:56.738,11502,11503,11502,1,-1
2020-02-24 15:23:59.690,11502,11503,11503,1,1
2020-02-24 15:24:00.465,11502,11503,11503,1,1
2020-02-24 15:24:01.132,11502,11503,11502,1,-1
2020-02-24 15:24:01.388,11502,11503,11502,1,-1
2020-02-24 15:24:01.409,11502,11503,11503,1,1
2020-02-24 15:24:02.103,11502,11503,11503,1,1
2020-02-24 15:24:02.104,11502,11503,11503,1,1
2020-02-24 15:24:02.104,11502,11503,11503,1,1
2020-02-24 15:24:02.105,11502,11503,11503,1,1
2020-02-24 15:24:05.594,11502,11503,11502,1,-1
2020-02-24 15:24:06.504,11502,11503,11502,1,-1
2020-02-24 15:24:07.995,11502,11503,11502,1,-1
2020-02-24 15:24:11.533,11501,11502,11502,1,1
2020-02-24 15:24:12.428,11501,11502,11502,1,1
2020-02-24 15:24:13.292,11501,11502,11502,1,1
2020-02-24 15:24:15.730,11501,11502,11501,2,-2
2020-02-24 15:24:33.686,11501,11502,11501,1,-1
2020-02-24 15:24:39.462,11501,11502,11501,1,-1
2020-02-24 15:24:42.580,11501,11502,11502,4,4
2020-02-24 15:24:42.878,11502,11503,11502,1,-1
2020-02-24 15:24:46.965,11502,11503,11502,1,-1
2020-02-24 15:24:47.100,11502,11503,11502,1,-1
2020-02-24 15:25:00.388,11502,11503,11502,1,-1
2020-02-24 15:25:04.835,11502,11503,11502,1,-1
2020-02-24 15:25:04.983,11502,11503,11502,1,-1
2020-02-24 15:25:05.492,11502,11503,11502,1,-1
2020-02-24 15:25:08.154,11502,11503,11502,1,-1
2020-02-24 15:25:19.897,11502,11503,11503,14,14
2020-02-24 15:25:20.022,11502,11503,11503,8,8
2020-02-24 15:25:20.022,11502,11503,11503,1,1
2020-02-24 15:25:20.022,11502,11503,11503,8,8
2020-02-24 15:25:23.660,11503,11504,11504,2,2
2020-02-24 15:25:23.772,11503,11504,11504,7,7
2020-02-24 15:25:27.930,11504,11505,11505,2,2
2020-02-24 15:25:27.931,11504,11505,11505,1,1
2020-02-24 15:25:27.931,11504,11505,11505,3,3
2020-02-24 15:25:27.931,11504,11505,11505,3,3
2020-02-24 15:25:27.932,11504,11505,11505,3,3
2020-02-24 15:25:27.932,11504,11505,11505,3,3
2020-02-24 15:25:27.932,11504,11505,11505,1,1
2020-02-24 15:25:27.932,11504,11505,11505,2,2
2020-02-24 15:25:27.932,11504,11505,11505,3,3
2020-02-24 15:25:27.933,11504,11505,11505,1,1
2020-02-24 15:25:28.023,11504,11505,11505,5,5
2020-02-24 15:25:28.023,11504,11505,11505,4,4
2020-02-24 15:25:28.023,11504,11505,11505,2,2
2020-02-24 15:25:28.023,11504,11505,11505,2,2
2020-02-24 15:25:28.549,11505,11506,11505,1,-1
2020-02-24 15:25:28.549,11505,11506,11504,3,-3
2020-02-24 15:25:28.991,11505,11506,11505,1,1
2020-02-24 15:25:30.003,11505,11506,11505,1,-1
2020-02-24 15:25:32.222,11504,11505,11505,2,2
2020-02-24 15:25:34.608,11504,11505,11505,1,1
2020-02-24 15:25:34.858,11504,11505,11505,6,6
2020-02-24 15:25:35.142,11504,11505,11504,1,-1
2020-02-24 15:25:35.143,11504,11505,11504,3,-3
2020-02-24 15:25:35.143,11504,11505,11504,2,-2
2020-02-24 15:25:35.148,11503,11504,11504,4,4
2020-02-24 15:25:35.409,11503,11504,11503,1,-1
2020-02-24 15:25:37.128,11503,11504,11503,1,-1
2020-02-24 15:25:37.602,11503,11504,11503,1,-1
2020-02-24 15:25:39.686,11503,11504,11504,1,1
2020-02-24 15:25:43.011,11503,11504,11504,1,1
2020-02-24 15:25:43.164,11503,11504,11503,1,-1
2020-02-24 15:25:48.942,11503,11504,11503,1,-1
2020-02-24 15:25:51.070,11503,11504,11503,1,-1
2020-02-24 15:25:51.524,11503,11504,11503,1,-1
2020-02-24 15:25:54.278,11503,11504,11503,3,-3
2020-02-24 15:25:54.602,11502,11503,11502,1,-1
2020-02-24 15:25:58.207,11502,11503,11503,1,1
2020-02-24 15:25:59.562,11502,11503,11503,1,1
2020-02-24 15:26:10.113,11502,11503,11502,2,-2
2020-02-24 15:26:10.113,11502,11503,11502,4,-4
2020-02-24 15:26:10.148,11501,11502,11502,9,9
2020-02-24 15:26:13.567,11501,11502,11502,1,1
2020-02-24 15:26:13.569,11501,11502,11502,1,1
2020-02-24 15:26:14.511,11501,11503,11502,1,-1
2020-02-24 15:26:15.063,11502,11503,11502,1,-1
2020-02-24 15:26:23.060,11501,11502,11502,2,2
2020-02-24 15:26:23.060,11501,11502,11502,1,1
2020-02-24 15:26:23.623,11502,11503,11502,1,-1
2020-02-24 15:26:23.695,11502,11503,11502,2,-2
2020-02-24 15:26:27.420,11502,11503,11502,2,-2
2020-02-24 15:26:30.742,11502,11503,11502,1,-1
2020-02-24 15:26:34.087,11502,11503,11502,1,-1
2020-02-24 15:26:35.217,11502,11503,11503,1,1
2020-02-24 15:26:36.225,11502,11503,11503,1,1
2020-02-24 15:26:41.504,11502,11503,11502,1,-1
2020-02-24 15:26:46.063,11502,11503,11503,1,1
2020-02-24 15:26:47.786,11502,11503,11502,1,-1
2020-02-24 15:26:49.281,11502,11503,11502,2,-2
2020-02-24 15:26:51.695,11502,11503,11502,1,-1
2020-02-24 15:26:51.703,11502,11503,11502,4,-4
2020-02-24 15:27:00.834,11502,11503,11502,1,-1
2020-02-24 15:27:03.981,11502,11503,11503,1,1
2020-02-24 15:27:09.287,11502,11503,11502,2,-2
2020-02-24 15:27:12.299,11502,11503,11502,1,-1
2020-02-24 15:27:22.043,11502,11503,11502,1,-1
2020-02-24 15:27:27.715,11502,11503,11502,1,-1
2020-02-24 15:27:28.291,11502,11503,11502,1,-1
2020-02-24 15:27:32.417,11501,11502,11502,1,1
2020-02-24 15:27:33.899,11501,11502,11501,1,-1
2020-02-24 15:27:34.074,11501,11502,11501,1,-1
2020-02-24 15:27:34.076,11501,11502,11501,1,-1
2020-02-24 15:27:34.086,11501,11502,11501,1,-1
2020-02-24 15:27:34.097,11501,11502,11501,1,-1
2020-02-24 15:27:34.116,11501,11502,11501,1,-1
2020-02-24 15:27:34.117,11501,11502,11501,1,-1
2020-02-24 15:27:34.125,11501,11502,11501,1,-1
2020-02-24 15:27:34.126,11501,11502,11501,1,-1
2020-02-24 15:27:34.126,11501,11502,11501,1,-1
2020-02-24 15:27:35.650,11500,11501,11501,1,1
2020-02-24 15:27:40.255,11500,11501,11500,2,-2
2020-02-24 15:27:40.783,11500,11501,11501,2,2
2020-02-24 15:27:49.167,11500,11501,11500,1,-1
2020-02-24 15:27:49.306,11500,11501,11501,3,3
2020-02-24 15:28:06.933,11500,11501,11500,1,-1
2020-02-24 15:28:09.973,11500,11501,11500,6,-6
2020-02-24 15:28:10.233,11499,11500,11500,1,1
2020-02-24 15:28:10.281,11499,11500,11500,1,1
2020-02-24 15:28:10.514,11499,11500,11500,1,1
2020-02-24 15:28:13.062,11499,11500,11500,1,1
2020-02-24 15:28:16.667,11499,11500,11499,1,-1
2020-02-24 15:28:17.914,11499,11500,11499,1,-1
2020-02-24 15:28:19.557,11499,11500,11499,1,-1
2020-02-24 15:28:24.222,11499,11500,11499,2,-2
2020-02-24 15:28:25.522,11499,11500,11499,5,-5
2020-02-24 15:28:27.181,11498,11499,11498,1,-1
2020-02-24 15:28:27.613,11498,11499,11498,1,-1
2020-02-24 15:28:29.713,11498,11499,11498,1,-1
2020-02-24 15:28:31.874,11498,11499,11498,1,-1
2020-02-24 15:28:35.100,11498,11499,11498,1,-1
2020-02-24 15:28:38.382,11498,11499,11498,5,-5
2020-02-24 15:28:38.695,11498,11499,11498,1,-1
2020-02-24 15:28:40.665,11498,11499,11498,1,-1
2020-02-24 15:28:41.259,11498,11499,11498,4,-4
2020-02-24 15:28:44.736,11497,11498,11497,1,-1
2020-02-24 15:28:44.900,11497,11498,11497,3,-3
2020-02-24 15:28:48.365,11497,11498,11498,1,1
2020-02-24 15:28:48.856,11497,11498,11497,1,-1
2020-02-24 15:28:56.309,11497,11498,11497,4,-4
2020-02-24 15:28:56.570,11496,11497,11497,1,1
2020-02-24 15:29:00.880,11496,11497,11496,1,-1
2020-02-24 15:29:04.999,11496,11497,11496,2,-2
2020-02-24 15:29:06.589,11496,11497,11496,1,-1
2020-02-24 15:29:06.661,11496,11497,11497,1,1
2020-02-24 15:29:07.066,11496,11497,11496,1,-1
2020-02-24 15:29:10.266,11496,11497,11496,1,-1
2020-02-24 15:29:10.494,11496,11497,11496,2,-2
2020-02-24 15:29:10.874,11495,11496,11496,1,1
2020-02-24 15:29:13.019,11495,11496,11496,1,1
2020-02-24 15:29:14.498,11495,11496,11496,1,1
2020-02-24 15:29:15.397,11495,11496,11495,10,-10
2020-02-24 15:29:15.511,11495,11496,11495,1,-1
2020-02-24 15:29:15.512,11495,11496,11495,3,-3
2020-02-24 15:29:15.512,11495,11496,11495,3,-3
2020-02-24 15:29:15.512,11495,11496,11495,1,-1
2020-02-24 15:29:15.512,11495,11496,11495,2,-2
2020-02-24 15:29:15.512,11495,11496,11495,3,-3
2020-02-24 15:29:15.512,11495,11496,11495,1,-1
2020-02-24 15:29:15.512,11495,11496,11495,1,-1
2020-02-24 15:29:15.603,11494,11495,11495,1,1
2020-02-24 15:29:15.650,11494,11495,11494,3,-3
2020-02-24 15:29:15.655,11494,11495,11494,2,-2
2020-02-24 15:29:17.967,11493,11495,11495,1,1
2020-02-24 15:29:18.618,11493,11495,11493,1,-1
2020-02-24 15:29:18.907,11493,11494,11493,1,-1
2020-02-24 15:29:20.723,11493,11494,11493,2,-2
2020-02-24 15:29:21.074,11493,11494,11493,2,-2
2020-02-24 15:29:21.322,11493,11494,11493,1,-1
2020-02-24 15:29:21.332,11493,11494,11493,1,-1
2020-02-24 15:29:23.688,11494,11495,11494,1,1
2020-02-24 15:29:25.846,11494,11495,11494,2,-2
2020-02-24 15:29:30.417,11494,11495,11494,1,-1
2020-02-24 15:29:33.074,11494,11495,11495,1,1
2020-02-24 15:29:33.918,11494,11495,11495,1,1
2020-02-24 15:29:33.918,11494,11495,11495,1,1
2020-02-24 15:29:33.918,11494,11495,11495,1,1
2020-02-24 15:29:33.918,11494,11495,11495,1,1
2020-02-24 15:29:33.918,11494,11495,11495,2,2
2020-02-24 15:29:33.918,11494,11495,11495,1,1
2020-02-24 15:29:34.288,11495,11496,11495,4,-4
2020-02-24 15:29:35.208,11494,11495,11495,1,1
2020-02-24 15:29:40.780,11495,11496,11495,1,-1
2020-02-24 15:29:44.259,11495,11496,11496,5,5
2020-02-24 15:29:44.272,11495,11496,11496,3,3
2020-02-24 15:29:51.042,11496,11497,11497,5,5
2020-02-24 15:29:51.186,11496,11497,11496,1,-1
2020-02-24 15:29:52.519,11496,11497,11496,1,-1
2020-02-24 15:29:52.757,11496,11497,11497,1,1
2020-02-24 15:29:57.056,11497,11498,11498,1,1
2020-02-24 15:29:58.825,11497,11498,11498,5,5
2020-02-24 15:30:04.682,11497,11498,11498,3,3
2020-02-24 15:30:05.096,11498,11499,11499,1,1
2020-02-24 15:30:05.369,11498,11499,11499,1,1
2020-02-24 15:30:07.204,11498,11499,11499,1,1
2020-02-24 15:30:07.209,11498,11499,11499,1,1
2020-02-24 15:30:07.375,11498,11499,11499,2,2
2020-02-24 15:30:07.397,11498,11499,11499,3,3
2020-02-24 15:30:09.898,11499,11500,11499,1,-1
2020-02-24 15:30:09.899,11499,11500,11499,1,-1
2020-02-24 15:30:09.900,11499,11500,11499,1,-1
2020-02-24 15:30:10.917,11498,11499,11499,1,1
2020-02-24 15:30:11.730,11498,11499,11499,3,3
2020-02-24 15:30:13.074,11498,11499,11498,3,-3
2020-02-24 15:30:13.795,11498,11499,11498,1,-1
2020-02-24 15:30:14.513,11498,11499,11499,1,1
2020-02-24 15:30:14.737,11498,11499,11499,1,1
2020-02-24 15:30:15.445,11499,11500,11498,1,-1
2020-02-24 15:30:15.754,11498,11499,11499,1,1
2020-02-24 15:30:20.791,11498,11499,11499,1,1
2020-02-24 15:30:28.725,11499,11500,11499,1,-1
2020-02-24 15:30:28.961,11499,11500,11499,1,-1
2020-02-24 15:30:33.964,11499,11500,11500,1,1
2020-02-24 15:30:38.458,11499,11500,11499,1,-1
2020-02-24 15:30:38.571,11499,11500,11500,1,1
2020-02-24 15:30:45.501,11499,11500,11500,1,1
2020-02-24 15:30:46.131,11499,11500,11500,1,1
2020-02-24 15:30:46.685,11499,11500,11500,1,1
2020-02-24 15:30:47.793,11499,11500,11500,1,1
2020-02-24 15:30:49.712,11499,11500,11500,1,1
2020-02-24 15:30:49.713,11499,11500,11500,1,1
2020-02-24 15:30:49.714,11499,11500,11500,1,1
2020-02-24 15:30:50.677,11500,11501,11500,4,-4
2020-02-24 15:30:52.196,11500,11501,11500,1,-1
2020-02-24 15:30:54.863,11499,11500,11500,1,1
2020-02-24 15:30:55.582,11500,11501,11500,1,-1
2020-02-24 15:30:56.162,11499,11500,11499,1,-1
2020-02-24 15:30:56.455,11499,11500,11500,1,1
2020-02-24 15:31:02.169,11499,11500,11500,1,1
2020-02-24 15:31:02.171,11499,11500,11500,1,1
2020-02-24 15:31:02.173,11499,11500,11500,1,1
2020-02-24 15:31:02.183,11499,11500,11500,1,1
2020-02-24 15:31:06.484,11500,11501,11501,2,2
2020-02-24 15:31:10.772,11500,11501,11501,1,1
2020-02-24 15:31:17.506,11500,11501,11501,1,1
2020-02-24 15:31:21.833,11500,11501,11501,2,2
2020-02-24 15:31:25.089,11500,11501,11501,1,1
2020-02-24 15:31:25.095,11500,11501,11500,2,-2
2020-02-24 15:31:25.095,11500,11501,11500,2,-2
2020-02-24 15:31:25.372,11499,11500,11499,2,-2
2020-02-24 15:31:34.436,11499,11500,11499,2,-2
2020-02-24 15:31:34.522,11499,11500,11499,5,-5
2020-02-24 15:31:34.522,11499,11500,11499,3,-3
2020-02-24 15:31:35.859,11498,11499,11498,3,-3
2020-02-24 15:31:35.860,11498,11499,11498,1,-1
2020-02-24 15:31:41.410,11497,11499,11499,2,2
2020-02-24 15:31:51.756,11498,11499,11498,2,-2
2020-02-24 15:32:02.143,11498,11499,11499,4,4
2020-02-24 15:32:02.333,11498,11499,11499,1,1
2020-02-24 15:32:21.324,11499,11500,11499,1,-1
2020-02-24 15:32:27.563,11499,11500,11500,1,1
2020-02-24 15:32:27.571,11499,11500,11500,2,2
2020-02-24 15:32:27.660,11499,11500,11500,1,1
2020-02-24 15:32:27.669,11499,11500,11500,1,1
2020-02-24 15:32:33.576,11500,11501,11501,2,2
2020-02-24 15:32:33.576,11500,11501,11501,1,1
2020-02-24 15:32:35.632,11500,11502,11501,1,-1
2020-02-24 15:32:39.423,11500,11501,11501,1,1
2020-02-24 15:32:47.450,11500,11501,11501,2,2
2020-02-24 15:32:48.510,11500,11501,11501,3,3
2020-02-24 15:32:55.375,11500,11501,11501,2,2
2020-02-24 15:32:56.086,11500,11501,11501,2,2
2020-02-24 15:32:59.082,11500,11501,11500,2,-2
2020-02-24 15:32:59.564,11500,11501,11501,1,1
2020-02-24 15:33:02.300,11500,11501,11501,5,5
2020-02-24 15:33:03.005,11501,11502,11501,1,-1
2020-02-24 15:33:05.975,11500,11501,11501,1,1
2020-02-24 15:33:12.474,11501,11502,11502,1,1
2020-02-24 15:33:12.622,11501,11502,11501,1,-1
2020-02-24 15:33:12.629,11501,11502,11502,1,1
2020-02-24 15:33:13.851,11501,11502,11502,1,1
2020-02-24 15:33:14.010,11501,11502,11502,2,2
2020-02-24 15:33:16.718,11501,11502,11502,3,3
2020-02-24 15:33:27.987,11501,11502,11501,3,-3
2020-02-24 15:33:29.796,11500,11501,11501,1,1
2020-02-24 15:33:32.640,11500,11501,11501,3,3
2020-02-24 15:33:38.394,11500,11501,11501,2,2
2020-02-24 15:33:56.160,11500,11501,11500,1,-1
2020-02-24 15:34:02.179,11500,11501,11500,1,-1
2020-02-24 15:34:02.180,11500,11501,11500,2,-2
2020-02-24 15:34:02.181,11500,11501,11500,1,-1
2020-02-24 15:34:02.206,11500,11501,11501,10,10
2020-02-24 15:34:03.348,11500,11501,11500,5,-5
2020-02-24 15:34:03.397,11500,11501,11500,3,-3
2020-02-24 15:34:06.064,11499,11500,11500,1,1
2020-02-24 15:34:06.628,11499,11500,11499,2,-2
2020-02-24 15:34:06.689,11499,11500,11499,1,-1
2020-02-24 15:34:06.694,11499,11500,11498,2,-2
2020-02-24 15:34:07.887,11498,11499,11498,2,-2
2020-02-24 15:34:09.619,11498,11499,11498,1,-1
2020-02-24 15:34:09.879,11498,11499,11498,2,-2
2020-02-24 15:34:27.376,11498,11499,11499,2,2
2020-02-24 15:34:31.522,11498,11499,11498,1,-1
2020-02-24 15:34:34.180,11498,11499,11498,1,-1
2020-02-24 15:34:35.265,11498,11499,11498,1,-1
2020-02-24 15:34:35.419,11498,11499,11498,1,-1
2020-02-24 15:34:36.645,11498,11499,11498,2,-2
2020-02-24 15:34:39.487,11497,11498,11498,1,1
2020-02-24 15:34:54.665,11498,11499,11499,4,4
2020-02-24 15:34:54.665,11498,11499,11499,1,1
2020-02-24 15:34:54.666,11498,11499,11499,1,1
2020-02-24 15:34:54.667,11498,11499,11499,1,1
2020-02-24 15:34:54.668,11498,11499,11499,1,1
2020-02-24 15:34:54.668,11498,11499,11499,1,1
2020-02-24 15:34:55.322,11499,11500,11500,2,2
2020-02-24 15:35:09.120,11499,11500,11500,1,1
2020-02-24 15:35:09.352,11499,11500,11500,1,1
2020-02-24 15:35:09.452,11499,11500,11500,4,4
2020-02-24 15:35:10.277,11500,11501,11500,4,-4
2020-02-24 15:35:14.777,11500,11501,11500,1,-1
2020-02-24 15:35:18.533,11500,11501,11501,2,2
2020-02-24 15:35:27.850,11500,11501,11500,1,-1
2020-02-24 15:35:30.930,11499,11500,11500,1,1
2020-02-24 15:35:37.465,11499,11500,11500,6,6
2020-02-24 15:35:39.386,11499,11500,11500,2,2
2020-02-24 15:35:40.083,11499,11500,11499,1,-1
2020-02-24 15:35:49.324,11499,11500,11499,27,-27
2020-02-24 15:35:49.325,11499,11500,11499,1,-1
2020-02-24 15:35:49.325,11499,11500,11499,1,-1
2020-02-24 15:35:49.325,11499,11500,11499,1,-1
2020-02-24 15:35:50.359,11498,11499,11499,1,1
2020-02-24 15:35:54.144,11498,11499,11499,1,1
2020-02-24 15:35:59.217,11498,11499,11499,1,1
2020-02-24 15:35:59.217,11498,11499,11499,1,1
2020-02-24 15:35:59.217,11498,11499,11499,3,3
2020-02-24 15:35:59.217,11498,11499,11499,2,2
2020-02-24 15:35:59.258,11498,11499,11499,3,3
2020-02-24 15:35:59.259,11498,11499,11499,8,8
2020-02-24 15:36:02.266,11499,11500,11500,3,3
2020-02-24 15:36:02.272,11499,11500,11500,2,2
2020-02-24 15:36:04.153,11499,11501,11501,1,1
2020-02-24 15:36:17.344,11500,11501,11500,1,-1
2020-02-24 15:36:17.344,11500,11501,11499,1,-1
2020-02-24 15:36:27.272,11499,11500,11500,2,2
2020-02-24 15:36:28.154,11500,11501,11500,1,-1
2020-02-24 15:37:08.120,11500,11501,11501,1,1
2020-02-24 15:37:14.745,11500,11501,11501,1,1
2020-02-24 15:37:20.772,11500,11501,11501,12,12
2020-02-24 15:37:20.897,11500,11501,11501,1,1
2020-02-24 15:37:32.722,11501,11502,11502,1,1
2020-02-24 15:37:35.896,11501,11502,11502,1,1
2020-02-24 15:37:37.321,11501,11502,11502,5,5
2020-02-24 15:37:38.664,11502,11503,11503,2,2
2020-02-24 15:37:40.263,11502,11503,11503,7,7
2020-02-24 15:37:40.838,11503,11504,11504,10,10
2020-02-24 15:37:40.897,11503,11504,11504,2,2
2020-02-24 15:37:41.930,11503,11505,11505,12,12
2020-02-24 15:37:42.011,11503,11505,11505,1,1
2020-02-24 15:37:42.400,11504,11505,11505,1,1
2020-02-24 15:37:45.029,11504,11505,11505,1,1
2020-02-24 15:37:47.567,11504,11505,11505,2,2
2020-02-24 15:37:47.922,11504,11505,11505,1,1
2020-02-24 15:37:48.091,11504,11505,11504,1,-1
2020-02-24 15:37:53.126,11503,11504,11504,1,1
2020-02-24 15:37:55.800,11503,11504,11503,1,-1
2020-02-24 15:37:58.723,11503,11504,11504,1,1
2020-02-24 15:38:08.233,11503,11504,11504,1,1
2020-02-24 15:38:08.234,11503,11504,11504,1,1
2020-02-24 15:38:08.269,11503,11504,11504,2,2
2020-02-24 15:38:08.269,11503,11504,11504,2,2
2020-02-24 15:38:08.269,11503,11504,11504,1,1
2020-02-24 15:38:10.038,11504,11505,11504,1,-1
2020-02-24 15:38:10.755,11504,11505,11505,2,2
2020-02-24 15:38:10.755,11504,11505,11505,9,9
2020-02-24 15:38:10.755,11504,11505,11505,4,4
2020-02-24 15:38:10.755,11504,11505,11505,1,1
2020-02-24 15:38:10.755,11504,11505,11505,4,4
2020-02-24 15:38:10.755,11504,11505,11505,3,3
2020-02-24 15:38:10.756,11504,11505,11505,1,1
2020-02-24 15:38:16.960,11505,11506,11505,1,-1
2020-02-24 15:38:17.126,11505,11506,11505,1,-1
2020-02-24 15:38:17.529,11505,11506,11506,1,1
2020-02-24 15:38:17.691,11505,11506,11506,1,1
2020-02-24 15:38:17.750,11505,11506,11506,1,1
2020-02-24 15:38:19.421,11505,11506,11506,1,1
2020-02-24 15:38:19.941,11505,11506,11506,1,1
2020-02-24 15:38:20.436,11505,11506,11505,1,-1
2020-02-24 15:38:21.089,11505,11506,11506,1,1
2020-02-24 15:38:23.045,11505,11506,11506,2,2
2020-02-24 15:38:24.429,11505,11506,11506,1,1
2020-02-24 15:38:24.431,11505,11506,11506,1,1
2020-02-24 15:38:25.489,11505,11506,11505,1,-1
2020-02-24 15:38:25.491,11505,11506,11505,1,-1
2020-02-24 15:38:25.491,11505,11506,11505,2,-2
2020-02-24 15:38:25.491,11505,11506,11505,3,-3
2020-02-24 15:38:25.523,11504,11505,11505,13,13
2020-02-24 15:38:26.745,11504,11505,11505,2,2
2020-02-24 15:38:28.219,11504,11505,11505,1,1
2020-02-24 15:38:28.824,11504,11505,11504,1,-1
2020-02-24 15:38:42.272,11504,11505,11504,2,-2
2020-02-24 15:38:42.273,11504,11505,11504,2,-2
2020-02-24 15:38:42.515,11503,11504,11504,2,2
2020-02-24 15:38:44.408,11503,11504,11504,2,2
2020-02-24 15:38:50.364,11504,11505,11505,1,1
2020-02-24 15:38:50.963,11504,11505,11504,1,-1
2020-02-24 15:39:07.527,11504,11505,11505,2,2
2020-02-24 15:39:08.274,11504,11505,11505,1,1
2020-02-24 15:39:08.291,11504,11505,11505,1,1
2020-02-24 15:39:09.455,11504,11505,11504,1,-1
2020-02-24 15:39:18.365,11504,11505,11505,5,5
2020-02-24 15:39:25.222,11504,11505,11505,1,1
2020-02-24 15:39:32.830,11504,11505,11504,1,-1
2020-02-24 15:39:42.830,11504,11505,11505,1,1
2020-02-24 15:39:47.341,11504,11505,11505,1,1
2020-02-24 15:39:48.821,11504,11505,11504,8,-8
2020-02-24 15:39:48.851,11504,11505,11504,9,-9
2020-02-24 15:39:48.897,11504,11505,11504,13,-13
2020-02-24 15:39:48.897,11504,11505,11504,1,-1
2020-02-24 15:39:48.897,11504,11505,11504,2,-2
2020-02-24 15:39:48.897,11504,11505,11504,2,-2
2020-02-24 15:39:49.023,11503,11504,11503,8,-8
2020-02-24 15:39:49.147,11503,11504,11503,3,-3
2020-02-24 15:39:49.185,11503,11504,11502,1,-1
2020-02-24 15:39:50.754,11502,11503,11502,2,-2
2020-02-24 15:39:51.381,11502,11503,11502,1,-1
2020-02-24 15:39:54.079,11501,11502,11501,3,-3
2020-02-24 15:39:54.872,11501,11502,11501,1,-1
2020-02-24 15:39:56.772,11501,11502,11502,1,1
2020-02-24 15:39:59.876,11502,11503,11503,1,1
2020-02-24 15:40:00.935,11502,11503,11503,2,2
2020-02-24 15:40:01.379,11503,11504,11503,2,-2
2020-02-24 15:40:02.133,11503,11504,11504,2,2
2020-02-24 15:40:13.868,11503,11504,11504,1,1
2020-02-24 15:40:26.934,11503,11504,11504,2,2
2020-02-24 15:40:27.076,11503,11504,11504,5,5
2020-02-24 15:40:30.423,11503,11504,11504,1,1
2020-02-24 15:40:41.033,11504,11505,11504,2,-2
2020-02-24 15:40:42.598,11504,11505,11505,12,12
2020-02-24 15:40:44.722,11505,11506,11506,2,2
2020-02-24 15:40:44.722,11505,11506,11506,2,2
2020-02-24 15:40:44.722,11505,11506,11506,5,5
2020-02-24 15:40:44.723,11505,11506,11506,1,1
2020-02-24 15:40:44.723,11505,11506,11506,1,1
2020-02-24 15:40:46.719,11506,11507,11506,1,-1
2020-02-24 15:40:51.976,11505,11506,11506,1,1
2020-02-24 15:40:52.365,11505,11506,11506,1,1
2020-02-24 15:40:52.968,11505,11506,11506,1,1
2020-02-24 15:40:54.909,11505,11506,11506,1,1
2020-02-24 15:40:59.160,11505,11506,11505,1,-1
2020-02-24 15:41:04.360,11504,11505,11505,1,1
2020-02-24 15:41:06.041,11504,11505,11505,1,1
2020-02-24 15:41:10.923,11505,11506,11505,12,-12
2020-02-24 15:41:11.049,11504,11505,11505,1,1
2020-02-24 15:41:16.706,11504,11505,11505,2,2
2020-02-24 15:41:18.846,11504,11505,11505,1,1
2020-02-24 15:41:23.638,11504,11505,11505,1,1
2020-02-24 15:41:24.175,11504,11505,11504,1,-1
2020-02-24 15:41:29.073,11503,11504,11504,1,1
2020-02-24 15:41:40.645,11504,11505,11504,1,-1
2020-02-24 15:41:41.471,11504,11505,11504,1,-1
2020-02-24 15:41:43.380,11504,11505,11505,1,1
2020-02-24 15:41:44.856,11504,11505,11504,1,-1
2020-02-24 15:41:51.211,11504,11505,11504,1,-1
2020-02-24 15:41:51.318,11504,11505,11505,1,1
2020-02-24 15:41:51.318,11504,11505,11505,4,4
2020-02-24 15:41:51.318,11504,11505,11505,3,3
2020-02-24 15:41:51.318,11504,11505,11505,1,1
2020-02-24 15:41:51.319,11504,11505,11505,1,1
2020-02-24 15:41:51.319,11504,11505,11505,1,1
2020-02-24 15:41:56.516,11505,11506,11506,1,1
2020-02-24 15:41:57.618,11505,11506,11505,1,-1
2020-02-24 15:42:02.188,11505,11506,11506,1,1
2020-02-24 15:42:04.989,11505,11506,11506,1,1
2020-02-24 15:42:09.068,11505,11506,11506,1,1
2020-02-24 15:42:16.432,11505,11506,11506,1,1
2020-02-24 15:42:21.976,11505,11506,11505,1,-1
2020-02-24 15:42:35.336,11505,11506,11505,1,-1
2020-02-24 15:42:35.336,11505,11506,11505,14,-14
2020-02-24 15:42:38.826,11504,11505,11504,1,-1
2020-02-24 15:42:53.413,11504,11505,11504,2,-2
2020-02-24 15:42:53.413,11504,11505,11504,2,-2
2020-02-24 15:43:05.219,11504,11505,11504,1,-1
2020-02-24 15:43:08.132,11504,11505,11504,1,-1
2020-02-24 15:43:11.049,11504,11505,11504,1,-1
2020-02-24 15:43:19.889,11503,11504,11504,3,3
2020-02-24 15:43:35.078,11504,11505,11504,1,-1
2020-02-24 15:43:38.002,11504,11505,11504,1,-1
2020-02-24 15:43:39.872,11504,11505,11504,1,-1
2020-02-24 15:44:02.255,11503,11504,11504,2,2
2020-02-24 15:44:09.614,11503,11504,11503,2,-2
2020-02-24 15:44:15.457,11503,11504,11503,1,-1
2020-02-24 15:44:15.974,11503,11504,11503,1,-1
2020-02-24 15:44:18.848,11503,11504,11503,1,-1
2020-02-24 15:44:24.927,11503,11504,11503,1,-1
2020-02-24 15:44:31.702,11503,11504,11503,1,-1
2020-02-24 15:44:31.745,11503,11504,11503,3,-3
2020-02-24 15:44:31.745,11503,11504,11503,2,-2
2020-02-24 15:44:31.772,11503,11504,11503,1,-1
2020-02-24 15:44:31.833,11503,11504,11503,1,-1
2020-02-24 15:44:37.772,11502,11503,11502,4,-4
2020-02-24 15:44:37.894,11502,11503,11503,1,1
2020-02-24 15:44:37.992,11502,11503,11503,1,1
2020-02-24 15:44:41.481,11502,11503,11502,2,-2
2020-02-24 15:44:41.481,11502,11503,11502,2,-2
2020-02-24 15:44:41.481,11502,11503,11502,1,-1
2020-02-24 15:44:51.509,11501,11502,11501,21,-21
2020-02-24 15:44:52.867,11500,11501,11501,2,2
2020-02-24 15:44:57.378,11500,11501,11501,1,1
2020-02-24 15:44:57.596,11500,11501,11500,2,-2
2020-02-24 15:44:57.798,11500,11501,11500,3,-3
2020-02-24 15:44:57.897,11500,11501,11500,1,-1
2020-02-24 15:44:58.104,11500,11501,11500,1,-1
2020-02-24 15:45:00.407,11500,11501,11500,1,-1
2020-02-24 15:45:00.799,11500,11501,11500,1,-1
2020-02-24 15:45:00.817,11500,11501,11501,2,2
2020-02-24 15:45:11.484,11500,11501,11500,2,-2
2020-02-24 15:45:12.863,11500,11501,11500,1,-1
2020-02-24 15:45:12.910,11499,11500,11500,1,1
2020-02-24 15:45:15.647,11499,11500,11499,5,-5
2020-02-24 15:45:15.810,11498,11500,11498,1,-1
2020-02-24 15:45:25.269,11498,11499,11498,1,-1
2020-02-24 15:45:30.057,11498,11499,11498,1,-1
2020-02-24 15:45:30.690,11498,11499,11499,2,2
2020-02-24 15:45:32.918,11499,11500,11499,3,-3
2020-02-24 15:45:32.918,11499,11500,11498,2,-2
2020-02-24 15:45:35.010,11498,11499,11499,2,2
2020-02-24 15:45:37.247,11498,11499,11499,1,1
2020-02-24 15:45:37.462,11498,11500,11498,1,-1
2020-02-24 15:45:51.646,11499,11500,11499,1,1
2020-02-24 15:45:52.044,11499,11500,11500,1,1
2020-02-24 15:45:52.050,11499,11500,11500,1,1
2020-02-24 15:45:59.248,11499,11500,11499,1,-1
2020-02-24 15:46:08.151,11499,11500,11499,2,-2
2020-02-24 15:46:12.869,11499,11500,11499,2,-2
2020-02-24 15:46:13.628,11499,11500,11499,1,-1
2020-02-24 15:46:16.198,11499,11500,11499,1,-1
2020-02-24 15:46:33.152,11499,11500,11499,5,-5
2020-02-24 15:46:39.488,11499,11500,11499,1,-1
2020-02-24 15:46:45.512,11499,11500,11499,4,-4
2020-02-24 15:46:48.183,11498,11499,11499,1,1
2020-02-24 15:47:05.221,11498,11499,11498,1,-1
2020-02-24 15:47:09.293,11498,11499,11498,10,-10
2020-02-24 15:47:09.397,11498,11499,11498,1,-1
2020-02-24 15:47:09.439,11498,11499,11498,2,-2
2020-02-24 15:47:09.439,11498,11499,11498,1,-1
2020-02-24 15:47:09.440,11498,11499,11498,2,-2
2020-02-24 15:47:09.440,11498,11499,11498,1,-1
2020-02-24 15:47:09.440,11498,11499,11498,1,-1
2020-02-24 15:47:09.441,11498,11499,11498,4,-4
2020-02-24 15:47:09.522,11498,11499,11498,5,-5
2020-02-24 15:47:09.522,11498,11499,11498,1,-1
2020-02-24 15:47:09.534,11498,11499,11498,1,-1
2020-02-24 15:47:09.677,11497,11498,11497,1,-1
2020-02-24 15:47:09.819,11497,11498,11498,1,1
2020-02-24 15:47:09.921,11497,11498,11497,3,-3
2020-02-24 15:47:15.439,11497,11498,11497,1,-1
2020-02-24 15:47:15.902,11497,11498,11497,1,-1
2020-02-24 15:47:17.591,11497,11498,11498,3,3
2020-02-24 15:47:18.076,11497,11499,11497,1,-1
2020-02-24 15:47:23.359,11498,11499,11499,1,1
2020-02-24 15:47:23.805,11498,11499,11498,1,-1
2020-02-24 15:47:25.565,11498,11499,11498,1,-1
2020-02-24 15:47:46.686,11497,11498,11498,1,1
2020-02-24 15:47:47.012,11497,11498,11498,1,1
2020-02-24 15:47:49.349,11497,11498,11497,10,-10
2020-02-24 15:47:49.541,11497,11498,11497,8,-8
2020-02-24 15:47:49.596,11497,11498,11497,1,-1
2020-02-24 15:47:52.532,11496,11497,11497,2,2
2020-02-24 15:47:54.128,11497,11498,11498,2,2
2020-02-24 15:47:55.383,11497,11498,11497,2,-2
2020-02-24 15:48:11.696,11497,11498,11497,1,-1
2020-02-24 15:48:15.343,11497,11498,11497,1,-1
2020-02-24 15:48:17.901,11497,11498,11497,2,-2
2020-02-24 15:48:40.211,11497,11498,11498,9,9
2020-02-24 15:48:42.013,11498,11499,11498,1,-1
2020-02-24 15:48:46.191,11497,11498,11498,2,2
2020-02-24 15:48:47.169,11497,11499,11497,1,-1
2020-02-24 15:48:52.780,11498,11499,11499,2,2
2020-02-24 15:48:52.781,11498,11499,11499,4,4
2020-02-24 15:48:52.796,11498,11499,11499,1,1
2020-02-24 15:49:07.157,11499,11500,11499,2,-2
2020-02-24 15:49:08.185,11499,11500,11499,1,-1
2020-02-24 15:49:16.453,11499,11500,11499,1,-1
2020-02-24 15:49:16.533,11499,11500,11500,1,1
2020-02-24 15:49:16.534,11499,11500,11500,1,1
2020-02-24 15:49:16.536,11499,11500,11500,1,1
2020-02-24 15:49:16.538,11499,11500,11500,1,1
2020-02-24 15:49:16.539,11499,11500,11500,1,1
2020-02-24 15:49:16.541,11499,11500,11500,1,1
2020-02-24 15:49:16.541,11499,11500,11500,1,1
2020-02-24 15:49:16.542,11499,11500,11500,1,1
2020-02-24 15:49:16.542,11499,11500,11500,1,1
2020-02-24 15:49:17.263,11499,11500,11500,1,1
2020-02-24 15:49:18.312,11499,11500,11500,1,1
2020-02-24 15:49:18.572,11500,11501,11500,1,-1
2020-02-24 15:49:18.574,11500,11501,11500,1,-1
2020-02-24 15:49:18.574,11500,11501,11500,3,-3
2020-02-24 15:49:25.473,11499,11500,11500,1,1
2020-02-24 15:49:34.799,11499,11500,11500,1,1
2020-02-24 15:49:34.956,11499,11500,11500,1,1
2020-02-24 15:49:38.551,11500,11501,11501,5,5
2020-02-24 15:49:41.834,11500,11501,11500,1,-1
2020-02-24 15:49:51.389,11499,11500,11500,1,1
2020-02-24 15:49:56.083,11499,11500,11499,10,-10
2020-02-24 15:50:05.089,11499,11500,11499,1,-1
2020-02-24 15:50:12.062,11499,11500,11499,7,-7
2020-02-24 15:50:12.147,11499,11500,11499,6,-6
2020-02-24 15:50:12.147,11499,11500,11499,1,-1
2020-02-24 15:50:12.147,11499,11500,11499,2,-2
2020-02-24 15:50:14.897,11498,11499,11498,1,-1
2020-02-24 15:50:16.555,11498,11499,11498,1,-1
2020-02-24 15:50:16.559,11498,11499,11498,1,-1
2020-02-24 15:50:16.560,11498,11499,11498,1,-1
2020-02-24 15:50:16.619,11498,11499,11498,1,-1
2020-02-24 15:50:16.630,11498,11499,11498,1,-1
2020-02-24 15:50:16.647,11498,11499,11498,4,-4
2020-02-24 15:50:23.996,11497,11498,11497,1,-1
2020-02-24 15:50:24.096,11497,11498,11497,7,-7
2020-02-24 15:50:25.805,11496,11497,11497,1,1
2020-02-24 15:50:26.189,11496,11498,11498,1,1
2020-02-24 15:50:33.254,11497,11499,11499,1,1
2020-02-24 15:50:35.451,11497,11499,11499,1,1
2020-02-24 15:50:53.115,11498,11499,11499,1,1
2020-02-24 15:50:53.115,11498,11499,11499,2,2
2020-02-24 15:51:06.253,11499,11500,11499,2,-2
2020-02-24 15:51:11.940,11499,11500,11500,1,1
2020-02-24 15:51:11.940,11499,11500,11500,2,2
2020-02-24 15:51:11.940,11499,11500,11500,1,1
2020-02-24 15:51:11.940,11499,11500,11500,1,1
2020-02-24 15:51:11.940,11499,11500,11500,12,12
2020-02-24 15:51:12.024,11500,11501,11501,2,2
2020-02-24 15:51:12.024,11500,11501,11501,1,1
2020-02-24 15:51:15.548,11500,11501,11500,1,-1
2020-02-24 15:51:15.610,11500,11501,11500,1,-1
2020-02-24 15:51:32.281,11499,11500,11500,4,4
2020-02-24 15:51:35.551,11500,11501,11501,2,2
2020-02-24 15:51:37.126,11500,11501,11501,4,4
2020-02-24 15:51:40.572,11500,11501,11500,3,-3
2020-02-24 15:51:44.323,11500,11501,11500,1,-1
2020-02-24 15:52:01.422,11500,11501,11500,1,-1
2020-02-24 15:52:01.483,11500,11501,11500,1,-1
2020-02-24 15:52:01.717,11500,11501,11501,3,3
2020-02-24 15:52:01.717,11500,11501,11501,1,1
2020-02-24 15:52:07.826,11500,11501,11500,2,-2
2020-02-24 15:52:07.826,11500,11501,11500,3,-3
2020-02-24 15:52:18.796,11500,11501,11500,1,-1
2020-02-24 15:52:32.248,11499,11500,11499,2,-2
2020-02-24 15:52:35.807,11498,11500,11498,1,-1
2020-02-24 15:52:41.129,11498,11499,11498,17,-17
2020-02-24 15:52:41.129,11498,11499,11498,1,-1
2020-02-24 15:52:41.132,11498,11499,11498,2,-2
2020-02-24 15:52:41.134,11498,11499,11498,2,-2
2020-02-24 15:53:02.387,11497,11498,11497,1,-1
2020-02-24 15:53:05.015,11497,11498,11497,5,-5
2020-02-24 15:53:08.173,11497,11498,11497,1,-1
2020-02-24 15:53:09.338,11497,11498,11497,3,-3
2020-02-24 15:53:11.604,11496,11497,11496,1,-1
2020-02-24 15:53:20.649,11496,11497,11496,1,-1
2020-02-24 15:53:20.649,11496,11497,11496,1,-1
2020-02-24 15:53:20.649,11496,11497,11496,6,-6
2020-02-24 15:53:20.649,11496,11497,11496,3,-3
2020-02-24 15:53:20.649,11496,11497,11496,1,-1
2020-02-24 15:53:20.650,11496,11497,11496,3,-3
2020-02-24 15:53:20.650,11496,11497,11496,2,-2
2020-02-24 15:53:21.672,11495,11496,11496,1,1
2020-02-24 15:53:25.131,11495,11496,11495,2,-2
2020-02-24 15:53:27.847,11495,11496,11496,2,2
2020-02-24 15:53:28.028,11495,11496,11495,1,-1
2020-02-24 15:53:31.438,11495,11496,11495,1,-1
2020-02-24 15:53:41.544,11495,11496,11496,3,3
2020-02-24 15:53:42.121,11495,11496,11495,4,-4
2020-02-24 15:53:43.686,11495,11496,11495,1,-1
2020-02-24 15:53:45.895,11495,11496,11495,1,-1
2020-02-24 15:53:47.911,11495,11496,11496,10,10
2020-02-24 15:53:53.437,11495,11496,11496,1,1
2020-02-24 15:53:58.499,11495,11496,11496,5,5
2020-02-24 15:54:02.315,11496,11497,11496,4,-4
2020-02-24 15:54:03.108,11496,11497,11497,2,2
2020-02-24 15:54:12.828,11497,11498,11497,1,-1
2020-02-24 15:54:12.906,11497,11498,11498,1,1
2020-02-24 15:54:17.403,11496,11497,11497,1,1
2020-02-24 15:54:21.108,11496,11497,11497,1,1
2020-02-24 15:54:22.222,11497,11498,11498,5,5
2020-02-24 15:54:22.245,11497,11498,11498,1,1
2020-02-24 15:54:26.925,11497,11498,11498,2,2
2020-02-24 15:54:31.638,11498,11499,11498,1,-1
2020-02-24 15:54:40.002,11498,11499,11499,1,1
2020-02-24 15:54:46.128,11498,11499,11498,1,-1
2020-02-24 15:54:46.128,11498,11499,11498,2,-2
2020-02-24 15:54:54.865,11498,11499,11498,1,-1
2020-02-24 15:54:55.946,11498,11499,11499,2,2
2020-02-24 15:54:55.946,11498,11499,11499,1,1
2020-02-24 15:54:55.946,11498,11499,11499,8,8
2020-02-24 15:54:56.450,11499,11500,11499,4,-4
2020-02-24 15:55:03.773,11498,11499,11499,1,1
2020-02-24 15:55:09.947,11499,11500,11499,1,-1
2020-02-24 15:55:18.813,11497,11498,11498,1,1
2020-02-24 15:55:22.926,11497,11498,11497,1,-1
2020-02-24 15:55:23.779,11497,11498,11497,1,-1
2020-02-24 15:55:33.689,11497,11498,11498,1,1
2020-02-24 15:55:33.772,11497,11498,11498,2,2
2020-02-24 15:55:36.411,11497,11498,11497,1,-1
2020-02-24 15:55:43.108,11497,11498,11497,10,-10
2020-02-24 15:55:43.290,11497,11498,11497,3,-3
2020-02-24 15:55:52.098,11496,11497,11496,1,-1
2020-02-24 15:55:54.418,11496,11497,11496,1,-1
2020-02-24 15:55:56.789,11496,11497,11496,1,-1
2020-02-24 15:55:56.789,11496,11497,11496,1,-1
2020-02-24 15:55:56.793,11496,11497,11496,1,-1
2020-02-24 15:55:56.799,11496,11497,11496,1,-1
2020-02-24 15:55:56.799,11496,11497,11496,1,-1
2020-02-24 15:55:56.799,11496,11497,11496,2,-2
2020-02-24 15:56:00.442,11495,11496,11495,1,-1
2020-02-24 15:56:02.307,11495,11496,11496,1,1
2020-02-24 15:56:07.726,11496,11497,11496,9,-9
2020-02-24 15:56:07.772,11495,11496,11496,1,1
2020-02-24 15:56:14.534,11496,11497,11497,1,1
2020-02-24 15:56:19.385,11495,11496,11496,1,1
2020-02-24 15:56:21.936,11496,11497,11496,13,-13
2020-02-24 15:56:31.170,11496,11497,11496,1,-1
2020-02-24 15:56:36.677,11496,11497,11496,1,-1
2020-02-24 15:56:40.723,11496,11497,11496,1,-1
2020-02-24 15:56:47.096,11496,11497,11496,1,-1
2020-02-24 15:56:47.769,11496,11497,11496,1,-1
2020-02-24 15:56:49.207,11496,11497,11496,2,-2
2020-02-24 15:57:01.915,11496,11497,11496,10,-10
2020-02-24 15:57:02.244,11496,11497,11496,4,-4
2020-02-24 15:57:03.268,11495,11496,11496,1,1
2020-02-24 15:57:03.269,11495,11496,11496,2,2
2020-02-24 15:57:03.287,11496,11497,11497,1,1
2020-02-24 15:57:06.719,11496,11497,11496,1,-1
2020-02-24 15:57:11.250,11495,11496,11496,1,1
2020-02-24 15:57:17.020,11496,11497,11496,1,-1
2020-02-24 15:57:20.705,11496,11497,11496,1,-1
2020-02-24 15:57:20.705,11496,11497,11496,1,-1
2020-02-24 15:57:24.762,11495,11496,11495,1,-1
2020-02-24 15:57:24.762,11495,11496,11495,2,-2
2020-02-24 15:57:24.762,11495,11496,11495,6,-6
2020-02-24 15:57:24.762,11495,11496,11495,1,-1
2020-02-24 15:57:24.762,11495,11496,11495,2,-2
2020-02-24 15:57:24.762,11495,11496,11495,3,-3
2020-02-24 15:57:24.763,11495,11496,11495,1,-1
2020-02-24 15:57:24.763,11495,11496,11495,1,-1
2020-02-24 15:57:24.763,11495,11496,11495,3,-3
2020-02-24 15:57:24.764,11495,11496,11495,3,-3
2020-02-24 15:57:24.765,11495,11496,11495,1,-1
2020-02-24 15:57:24.765,11495,11496,11495,2,-2
2020-02-24 15:57:24.772,11495,11496,11495,1,-1
2020-02-24 15:57:24.900,11494,11495,11495,1,1
2020-02-24 15:57:25.860,11494,11495,11494,10,-10
2020-02-24 15:57:25.973,11494,11495,11494,1,-1
2020-02-24 15:57:28.508,11493,11494,11494,1,1
2020-02-24 15:57:28.612,11493,11494,11494,2,2
2020-02-24 15:57:32.717,11493,11495,11493,5,-5
2020-02-24 15:57:36.033,11494,11495,11494,1,1
2020-02-24 15:57:39.150,11494,11495,11494,1,-1
2020-02-24 15:57:39.159,11494,11495,11494,1,-1
2020-02-24 15:57:39.901,11493,11494,11494,2,2
2020-02-24 15:57:40.470,11494,11495,11494,1,-1
2020-02-24 15:57:46.561,11494,11495,11494,1,-1
2020-02-24 15:57:50.151,11494,11495,11494,1,-1
2020-02-24 15:57:57.167,11494,11495,11494,1,-1
2020-02-24 15:58:01.311,11494,11495,11495,1,1
2020-02-24 15:58:01.311,11494,11495,11495,4,4
2020-02-24 15:58:01.311,11494,11495,11495,3,3
2020-02-24 15:58:01.311,11494,11495,11495,5,5
2020-02-24 15:58:02.820,11495,11496,11495,2,-2
2020-02-24 15:58:04.678,11495,11496,11495,1,-1
2020-02-24 15:58:04.784,11495,11496,11496,1,1
2020-02-24 15:58:10.956,11495,11496,11496,1,1
2020-02-24 15:58:17.601,11495,11496,11495,1,-1
2020-02-24 15:58:17.998,11495,11496,11496,2,2
2020-02-24 15:58:19.655,11495,11496,11496,1,1
2020-02-24 15:58:22.160,11495,11496,11495,1,-1
2020-02-24 15:58:26.802,11495,11496,11496,1,1
2020-02-24 15:58:29.595,11496,11497,11496,1,-1
2020-02-24 15:58:55.936,11496,11497,11497,1,1
2020-02-24 15:59:00.879,11496,11497,11496,2,-2
2020-02-24 15:59:05.958,11496,11497,11497,9,9
2020-02-24 15:59:05.959,11496,11497,11497,1,1
2020-02-24 15:59:05.959,11496,11497,11497,2,2
2020-02-24 15:59:05.959,11496,11497,11497,1,1
2020-02-24 15:59:05.959,11496,11497,11497,2,2
2020-02-24 15:59:10.181,11497,11498,11497,1,-1
2020-02-24 15:59:12.272,11497,11498,11497,1,-1
2020-02-24 15:59:19.212,11497,11498,11498,1,1
2020-02-24 15:59:21.224,11497,11498,11498,9,9
2020-02-24 15:59:33.822,11498,11499,11498,1,-1
2020-02-24 15:59:36.065,11498,11499,11498,1,-1
2020-02-24 15:59:36.065,11498,11499,11498,1,-1
2020-02-24 15:59:36.065,11498,11499,11498,1,-1
2020-02-24 15:59:36.066,11498,11499,11498,1,-1
2020-02-24 15:59:36.066,11498,11499,11498,1,-1
2020-02-24 15:59:42.064,11497,11498,11497,1,-1
2020-02-24 15:59:42.064,11497,11498,11497,1,-1
2020-02-24 15:59:49.522,11496,11497,11496,3,-3
2020-02-24 16:00:00.126,11495,11496,11495,1,-1
2020-02-24 16:00:00.126,11495,11496,11495,1,-1
2020-02-24 16:00:00.127,11495,11496,11495,2,-2
2020-02-24 16:00:00.127,11495,11496,11495,5,-5
2020-02-24 16:00:00.127,11495,11496,11495,1,-1
2020-02-24 16:00:00.127,11495,11496,11495,1,-1
2020-02-24 16:00:00.147,11495,11496,11495,2,-2
2020-02-24 16:00:00.399,11494,11495,11494,1,-1
2020-02-24 16:00:00.576,11494,11495,11495,1,1
2020-02-24 16:00:01.107,11494,11495,11495,1,1
2020-02-24 16:00:01.981,11494,11495,11495,1,1
2020-02-24 16:00:01.981,11494,11495,11495,1,1
2020-02-24 16:00:02.004,11494,11495,11495,2,2
2020-02-24 16:00:02.252,11495,11496,11495,2,-2
2020-02-24 16:00:02.326,11495,11496,11495,5,-5
2020-02-24 16:00:02.341,11495,11496,11495,1,-1
2020-02-24 16:00:02.342,11495,11496,11495,1,-1
2020-02-24 16:00:04.956,11495,11496,11495,1,-1
2020-02-24 16:00:14.868,11494,11495,11494,1,-1
2020-02-24 16:00:14.897,11494,11495,11494,2,-2
2020-02-24 16:00:16.133,11493,11494,11493,1,-1
2020-02-24 16:00:16.141,11493,11494,11493,1,-1
2020-02-24 16:00:16.149,11493,11494,11493,1,-1
2020-02-24 16:00:16.151,11493,11494,11493,1,-1
2020-02-24 16:00:16.151,11493,11494,11493,2,-2
2020-02-24 16:00:16.167,11493,11494,11493,4,-4
2020-02-24 16:00:16.167,11493,11494,11493,1,-1
2020-02-24 16:00:16.167,11493,11494,11493,2,-2
2020-02-24 16:00:16.819,11492,11493,11492,2,-2
2020-02-24 16:00:16.972,11492,11493,11492,2,-2
2020-02-24 16:00:17.201,11492,11493,11492,1,-1
2020-02-24 16:00:17.283,11492,11493,11492,1,-1
2020-02-24 16:00:17.425,11492,11493,11492,1,-1
2020-02-24 16:00:17.713,11492,11493,11492,2,-2
2020-02-24 16:00:17.719,11492,11493,11492,1,-1
2020-02-24 16:00:18.043,11492,11493,11493,1,1
2020-02-24 16:00:18.981,11492,11493,11492,1,-1
2020-02-24 16:00:19.006,11492,11493,11493,1,1
2020-02-24 16:00:19.305,11492,11493,11492,1,-1
2020-02-24 16:00:22.011,11492,11493,11492,1,-1
2020-02-24 16:00:22.011,11492,11493,11492,2,-2
2020-02-24 16:00:22.817,11492,11493,11492,1,-1
2020-02-24 16:00:24.257,11491,11492,11491,3,-3
2020-02-24 16:00:24.257,11491,11492,11491,1,-1
2020-02-24 16:00:24.272,11491,11492,11491,2,-2
2020-02-24 16:00:24.272,11491,11492,11491,27,-27
2020-02-24 16:00:24.335,11491,11492,11490,1,-1
2020-02-24 16:00:24.413,11490,11491,11491,2,2
2020-02-24 16:00:24.454,11490,11491,11490,1,-1
2020-02-24 16:00:24.499,11490,11491,11490,4,-4
2020-02-24 16:00:24.508,11490,11491,11490,2,-2
2020-02-24 16:00:24.561,11490,11491,11490,1,-1
2020-02-24 16:00:24.739,11490,11491,11490,5,-5
2020-02-24 16:00:24.749,11490,11491,11490,4,-4
2020-02-24 16:00:24.756,11490,11491,11490,5,-5
2020-02-24 16:00:24.809,11490,11491,11490,1,-1
2020-02-24 16:00:24.908,11490,11491,11490,1,-1
2020-02-24 16:00:24.913,11490,11491,11490,2,-2
2020-02-24 16:00:24.914,11490,11491,11490,1,-1
2020-02-24 16:00:25.022,11490,11491,11490,3,-3
2020-02-24 16:00:25.023,11490,11491,11490,4,-4
2020-02-24 16:00:25.350,11490,11491,11490,1,-1
2020-02-24 16:00:26.071,11490,11491,11490,1,-1
2020-02-24 16:00:28.266,11490,11491,11490,15,-15
2020-02-24 16:00:28.349,11489,11490,11489,2,-2
2020-02-24 16:00:28.394,11489,11490,11489,2,-2
2020-02-24 16:00:28.397,11489,11490,11489,4,-4
2020-02-24 16:00:28.397,11489,11490,11489,1,-1
2020-02-24 16:00:28.450,11489,11490,11489,1,-1
2020-02-24 16:00:28.469,11489,11490,11489,5,-5
2020-02-24 16:00:28.756,11489,11490,11489,4,-4
2020-02-24 16:00:29.239,11489,11490,11489,3,-3
2020-02-24 16:00:29.263,11489,11490,11489,1,-1
2020-02-24 16:00:29.467,11489,11490,11489,1,-1
2020-02-24 16:00:29.898,11489,11490,11489,14,-14
2020-02-24 16:00:29.919,11489,11490,11489,1,-1
2020-02-24 16:00:30.870,11488,11489,11489,1,1
2020-02-24 16:00:31.121,11488,11489,11488,1,-1
2020-02-24 16:00:31.131,11488,11489,11488,1,-1
2020-02-24 16:00:31.188,11488,11489,11488,1,-1
2020-02-24 16:00:31.199,11488,11489,11488,1,-1
2020-02-24 16:00:31.210,11488,11489,11488,1,-1
2020-02-24 16:00:31.600,11488,11489,11488,10,-10
2020-02-24 16:00:31.647,11488,11489,11488,4,-4
2020-02-24 16:00:31.679,11488,11489,11488,2,-2
2020-02-24 16:00:31.871,11487,11489,11489,1,1
2020-02-24 16:00:31.948,11487,11489,11487,5,-5
2020-02-24 16:00:32.039,11487,11489,11489,1,1
2020-02-24 16:00:32.065,11487,11489,11487,5,-5
2020-02-24 16:00:32.073,11487,11489,11488,1,1
2020-02-24 16:00:32.141,11487,11489,11487,1,-1
2020-02-24 16:00:32.211,11487,11489,11487,1,-1
2020-02-24 16:00:32.277,11487,11488,11487,1,-1
2020-02-24 16:00:32.390,11487,11488,11488,5,5
2020-02-24 16:00:32.647,11487,11488,11487,5,-5
2020-02-24 16:00:32.759,11487,11488,11486,1,-1
2020-02-24 16:00:32.806,11486,11488,11487,1,1
2020-02-24 16:00:32.807,11486,11488,11486,3,-3
2020-02-24 16:00:32.815,11486,11488,11486,1,-1
2020-02-24 16:00:32.907,11486,11487,11486,1,-1
2020-02-24 16:00:33.058,11486,11487,11486,1,-1
2020-02-24 16:00:33.062,11486,11487,11486,12,-12
2020-02-24 16:00:33.082,11486,11487,11486,5,-5
2020-02-24 16:00:33.558,11486,11487,11486,1,-1
2020-02-24 16:00:33.656,11485,11487,11485,1,-1
2020-02-24 16:00:33.668,11485,11487,11487,1,1
2020-02-24 16:00:33.888,11485,11487,11485,1,-1
2020-02-24 16:00:34.002,11485,11487,11485,1,-1
2020-02-24 16:00:34.075,11485,11487,11485,1,-1
2020-02-24 16:00:34.516,11485,11486,11486,1,1
2020-02-24 16:00:34.567,11485,11487,11486,1,-1
2020-02-24 16:00:34.755,11485,11487,11485,1,-1
2020-02-24 16:00:34.783,11485,11486,11486,1,1
2020-02-24 16:00:35.085,11485,11487,11485,10,-10
2020-02-24 16:00:35.418,11486,11487,11486,1,1
2020-02-24 16:00:35.545,11486,11487,11487,1,1
2020-02-24 16:00:35.546,11486,11487,11487,1,1
2020-02-24 16:00:35.651,11487,11488,11487,3,-3
2020-02-24 16:00:36.354,11487,11488,11487,1,-1
2020-02-24 16:00:36.392,11487,11488,11487,1,-1
2020-02-24 16:00:36.680,11486,11487,11486,5,-5
2020-02-24 16:00:36.716,11486,11487,11486,1,-1
2020-02-24 16:00:36.717,11486,11487,11486,1,-1
2020-02-24 16:00:36.717,11486,11487,11486,1,-1
2020-02-24 16:00:36.744,11486,11487,11486,2,-2
2020-02-24 16:00:37.303,11485,11487,11485,1,-1
2020-02-24 16:00:37.305,11485,11487,11485,1,-1
2020-02-24 16:00:38.034,11485,11486,11485,1,-1
2020-02-24 16:00:38.662,11486,11487,11486,2,2
2020-02-24 16:00:39.172,11486,11487,11486,10,-10
2020-02-24 16:00:39.618,11486,11487,11486,1,-1
2020-02-24 16:00:40.019,11485,11487,11487,1,1
2020-02-24 16:00:40.411,11486,11488,11486,3,-3
2020-02-24 16:00:40.909,11487,11488,11488,1,1
2020-02-24 16:00:40.909,11487,11488,11488,2,2
2020-02-24 16:00:40.909,11487,11488,11488,2,2
2020-02-24 16:00:41.647,11488,11489,11488,1,-1
2020-02-24 16:00:43.380,11488,11489,11488,2,-2
2020-02-24 16:00:44.015,11488,11489,11488,1,-1
2020-02-24 16:00:44.869,11488,11489,11489,1,1
2020-02-24 16:00:44.869,11488,11489,11489,2,2
2020-02-24 16:00:46.112,11489,11490,11489,1,-1
2020-02-24 16:00:46.451,11489,11490,11490,1,1
2020-02-24 16:00:47.093,11489,11490,11489,1,-1
2020-02-24 16:00:47.161,11489,11490,11490,1,1
2020-02-24 16:00:47.210,11489,11490,11489,2,-2
2020-02-24 16:00:48.692,11488,11490,11490,1,1
2020-02-24 16:00:54.020,11489,11490,11489,10,-10
2020-02-24 16:00:54.965,11489,11490,11490,5,5
2020-02-24 16:00:55.745,11490,11491,11490,1,-1
2020-02-24 16:00:55.855,11490,11491,11491,8,8
2020-02-24 16:00:55.897,11490,11491,11491,1,1
2020-02-24 16:00:55.897,11490,11491,11491,4,4
2020-02-24 16:00:56.003,11490,11491,11490,3,-3
2020-02-24 16:00:56.744,11490,11492,11490,6,-6
2020-02-24 16:00:57.963,11490,11491,11490,4,-4
2020-02-24 16:00:58.316,11489,11491,11490,1,-1
2020-02-24 16:00:59.185,11490,11492,11490,2,-2
2020-02-24 16:01:00.957,11491,11492,11491,5,5
2020-02-24 16:01:01.436,11491,11492,11491,1,-1
2020-02-24 16:01:02.416,11490,11491,11491,1,1
2020-02-24 16:01:04.149,11490,11491,11491,1,1
2020-02-24 16:01:04.177,11490,11491,11490,1,-1
2020-02-24 16:01:04.178,11490,11491,11490,3,-3
2020-02-24 16:01:04.178,11490,11491,11490,7,-7
2020-02-24 16:01:04.352,11489,11490,11490,1,1
2020-02-24 16:01:04.855,11489,11490,11490,1,1
2020-02-24 16:01:05.407,11489,11490,11490,1,1
2020-02-24 16:01:07.341,11490,11491,11491,2,2
2020-02-24 16:01:11.479,11491,11492,11492,1,1
2020-02-24 16:01:11.479,11491,11492,11492,1,1
2020-02-24 16:01:11.479,11491,11492,11492,2,2
2020-02-24 16:01:13.585,11491,11492,11492,1,1
2020-02-24 16:01:13.719,11491,11493,11491,3,-3
2020-02-24 16:01:14.202,11491,11493,11493,1,1
2020-02-24 16:01:14.352,11492,11493,11492,1,-1
2020-02-24 16:01:14.516,11492,11493,11492,1,-1
2020-02-24 16:01:15.094,11491,11493,11492,1,-1
2020-02-24 16:01:16.639,11492,11493,11493,1,1
2020-02-24 16:01:18.280,11492,11493,11492,3,-3
2020-02-24 16:01:18.397,11491,11492,11492,3,3
2020-02-24 16:01:18.575,11491,11493,11491,1,-1
2020-02-24 16:01:19.596,11491,11492,11492,1,1
2020-02-24 16:01:20.130,11492,11493,11493,1,1
2020-02-24 16:01:21.055,11492,11493,11492,1,-1
2020-02-24 16:01:21.648,11492,11493,11492,1,-1
2020-02-24 16:01:22.446,11492,11493,11492,1,-1
2020-02-24 16:01:23.647,11491,11492,11492,1,1
2020-02-24 16:01:24.157,11492,11493,11493,13,13
2020-02-24 16:01:26.125,11494,11495,11494,10,10
