2025-01-13 15:00:00.070,22546,22549,22543,19,-19
2025-01-13 15:00:00.083,22543,22549,22549,1,1
2025-01-13 15:00:00.104,22544,22549,22544,1,-1
2025-01-13 15:00:00.104,22544,22549,22543,1,-1
2025-01-13 15:00:00.104,22544,22549,22540,1,-1
2025-01-13 15:00:00.158,22541,22549,22549,1,1
2025-01-13 15:00:00.158,22541,22549,22550,1,1
2025-01-13 15:00:00.396,22541,22550,22550,1,1
2025-01-13 15:00:00.421,22541,22550,22554,1,1
2025-01-13 15:00:00.421,22541,22550,22555,3,3
2025-01-13 15:00:00.457,22541,22550,22556,1,1
2025-01-13 15:00:00.575,22541,22556,22541,1,-1
2025-01-13 15:00:00.580,22541,22556,22540,1,-1
2025-01-13 15:00:00.680,22540,22557,22557,1,1
2025-01-13 15:00:00.732,22543,22558,22543,1,-1
2025-01-13 15:00:00.789,22543,22558,22545,1,-1
2025-01-13 15:00:00.789,22543,22558,22540,1,-1
2025-01-13 15:00:01.267,22542,22552,22552,1,1
2025-01-13 15:00:01.346,22542,22552,22542,1,-1
2025-01-13 15:00:01.363,22542,22558,22549,1,-1
2025-01-13 15:00:01.401,22542,22558,22543,2,-2
2025-01-13 15:00:01.712,22542,22552,22552,1,1
2025-01-13 15:00:02.535,22544,22552,22552,1,1
2025-01-13 15:00:02.545,22544,22552,22554,1,1
2025-01-13 15:00:02.546,22544,22552,22556,2,2
2025-01-13 15:00:02.546,22544,22552,22557,1,1
2025-01-13 15:00:02.547,22544,22552,22558,2,2
2025-01-13 15:00:02.582,22544,22552,22559,1,1
2025-01-13 15:00:02.583,22544,22552,22560,1,1
2025-01-13 15:00:02.638,22553,22562,22562,1,1
2025-01-13 15:00:02.655,22553,22562,22563,1,1
2025-01-13 15:00:02.760,22553,22564,22553,2,-2
2025-01-13 15:00:02.760,22553,22564,22552,1,-1
2025-01-13 15:00:02.841,22553,22564,22553,1,-1
2025-01-13 15:00:02.898,22555,22563,22555,1,-1
2025-01-13 15:00:02.899,22555,22563,22563,2,2
2025-01-13 15:00:02.916,22555,22563,22563,2,2
2025-01-13 15:00:02.916,22555,22563,22564,2,2
2025-01-13 15:00:02.917,22555,22563,22563,1,1
2025-01-13 15:00:03.121,22558,22564,22564,2,2
2025-01-13 15:00:03.739,22558,22565,22558,1,-1
2025-01-13 15:00:03.740,22558,22565,22564,1,1
2025-01-13 15:00:03.740,22558,22565,22565,2,2
2025-01-13 15:00:03.827,22558,22565,22565,1,1
2025-01-13 15:00:03.827,22558,22565,22565,1,1
2025-01-13 15:00:03.829,22558,22565,22565,1,1
2025-01-13 15:00:03.830,22558,22565,22565,1,1
2025-01-13 15:00:03.832,22558,22565,22565,1,1
2025-01-13 15:00:03.847,22558,22565,22566,1,1
2025-01-13 15:00:03.859,22560,22569,22566,2,2
2025-01-13 15:00:03.859,22560,22569,22566,4,4
2025-01-13 15:00:03.896,22560,22569,22569,1,1
2025-01-13 15:00:03.961,22560,22569,22570,1,1
2025-01-13 15:00:03.962,22560,22569,22571,1,1
2025-01-13 15:00:03.984,22564,22572,22572,1,1
2025-01-13 15:00:03.985,22564,22572,22574,1,1
2025-01-13 15:00:04.006,22564,22572,22575,1,1
2025-01-13 15:00:04.062,22564,22572,22577,1,1
2025-01-13 15:00:04.268,22573,22577,22574,2,-2
2025-01-13 15:00:04.319,22573,22577,22573,1,-1
2025-01-13 15:00:04.521,22568,22577,22574,1,1
2025-01-13 15:00:04.589,22568,22577,22575,1,1
2025-01-13 15:00:04.919,22568,22577,22575,1,1
2025-01-13 15:00:04.976,22568,22577,22576,1,1
2025-01-13 15:00:05.169,22572,22578,22576,1,1
2025-01-13 15:00:05.169,22572,22578,22578,1,1
2025-01-13 15:00:05.195,22572,22578,22579,1,1
2025-01-13 15:00:05.402,22573,22580,22576,1,-1
2025-01-13 15:00:05.402,22573,22580,22577,1,1
2025-01-13 15:00:05.822,22573,22577,22577,1,1
2025-01-13 15:00:05.826,22573,22577,22577,1,1
2025-01-13 15:00:06.005,22573,22579,22576,1,1
2025-01-13 15:00:06.033,22573,22579,22574,1,-1
2025-01-13 15:00:06.034,22573,22579,22573,3,-3
2025-01-13 15:00:06.034,22573,22579,22572,2,-2
2025-01-13 15:00:06.034,22573,22579,22574,1,-1
2025-01-13 15:00:06.410,22568,22572,22572,1,1
2025-01-13 15:00:06.481,22569,22572,22572,1,1
2025-01-13 15:00:06.481,22569,22572,22573,1,1
2025-01-13 15:00:06.482,22569,22572,22573,1,1
2025-01-13 15:00:06.482,22569,22572,22574,1,1
2025-01-13 15:00:06.592,22569,22572,22575,1,1
2025-01-13 15:00:06.603,22569,22572,22575,1,1
2025-01-13 15:00:06.841,22569,22576,22576,1,1
2025-01-13 15:00:07.087,22570,22577,22577,2,2
2025-01-13 15:00:07.108,22573,22578,22573,1,-1
2025-01-13 15:00:07.108,22573,22578,22578,1,1
2025-01-13 15:00:07.108,22573,22578,22578,1,1
2025-01-13 15:00:07.108,22573,22578,22579,1,1
2025-01-13 15:00:07.114,22573,22578,22579,1,1
2025-01-13 15:00:07.213,22573,22578,22579,1,1
2025-01-13 15:00:07.373,22576,22580,22580,1,1
2025-01-13 15:00:07.374,22576,22580,22580,1,1
2025-01-13 15:00:07.508,22577,22580,22577,1,-1
2025-01-13 15:00:07.633,22577,22579,22577,1,-1
2025-01-13 15:00:07.635,22577,22579,22576,1,-1
2025-01-13 15:00:07.717,22577,22579,22578,1,-1
2025-01-13 15:00:07.717,22577,22579,22579,1,1
2025-01-13 15:00:07.741,22574,22579,22579,1,1
2025-01-13 15:00:08.191,22576,22580,22580,2,2
2025-01-13 15:00:08.363,22576,22581,22576,1,-1
2025-01-13 15:00:08.706,22576,22580,22580,1,1
2025-01-13 15:00:09.620,22576,22579,22576,1,-1
2025-01-13 15:00:11.003,22574,22577,22575,2,-2
2025-01-13 15:00:11.004,22574,22577,22577,1,1
2025-01-13 15:00:11.237,22577,22580,22577,1,-1
2025-01-13 15:00:11.537,22576,22579,22575,2,-2
2025-01-13 15:00:11.537,22576,22579,22576,2,-2
2025-01-13 15:00:11.539,22576,22579,22576,1,-1
2025-01-13 15:00:11.780,22574,22579,22576,1,-1
2025-01-13 15:00:12.631,22575,22579,22579,2,2
2025-01-13 15:00:13.335,22576,22579,22576,1,-1
2025-01-13 15:00:14.260,22575,22577,22577,1,1
2025-01-13 15:00:14.264,22575,22577,22579,1,1
2025-01-13 15:00:14.264,22575,22577,22580,4,4
2025-01-13 15:00:14.978,22578,22580,22579,1,1
2025-01-13 15:00:15.008,22578,22580,22580,1,1
2025-01-13 15:00:15.010,22578,22580,22581,2,2
2025-01-13 15:00:15.011,22578,22580,22582,1,1
2025-01-13 15:00:15.018,22578,22580,22581,1,1
2025-01-13 15:00:15.019,22578,22580,22581,2,2
2025-01-13 15:00:15.954,22580,22582,22580,1,-1
2025-01-13 15:00:16.365,22579,22583,22579,1,-1
2025-01-13 15:00:16.481,22579,22582,22579,1,-1
2025-01-13 15:00:16.488,22579,22582,22582,1,1
2025-01-13 15:00:16.488,22579,22582,22583,1,1
2025-01-13 15:00:16.488,22579,22582,22584,3,3
2025-01-13 15:00:16.500,22579,22582,22584,1,1
2025-01-13 15:00:16.500,22579,22582,22585,4,4
2025-01-13 15:00:16.509,22579,22582,22586,2,2
2025-01-13 15:00:16.509,22579,22582,22587,3,3
2025-01-13 15:00:16.509,22579,22582,22588,1,1
2025-01-13 15:00:16.538,22579,22582,22585,2,2
2025-01-13 15:00:16.680,22583,22587,22587,1,1
2025-01-13 15:00:16.680,22583,22587,22588,1,1
2025-01-13 15:00:16.695,22583,22587,22588,1,1
2025-01-13 15:00:16.703,22583,22587,22588,1,1
2025-01-13 15:00:16.738,22585,22589,22590,1,1
2025-01-13 15:00:16.738,22585,22589,22589,1,1
2025-01-13 15:00:16.804,22585,22589,22592,1,1
2025-01-13 15:00:16.901,22586,22593,22590,10,10
2025-01-13 15:00:17.099,22585,22593,22593,1,1
2025-01-13 15:00:17.165,22586,22594,22594,1,1
2025-01-13 15:00:17.313,22586,22597,22597,1,1
2025-01-13 15:00:17.586,22586,22597,22596,1,1
2025-01-13 15:00:17.595,22586,22597,22595,1,1
2025-01-13 15:00:17.868,22586,22596,22596,1,1
2025-01-13 15:00:18.033,22587,22596,22591,1,-1
2025-01-13 15:00:18.085,22587,22596,22596,2,2
2025-01-13 15:00:18.095,22587,22596,22597,1,1
2025-01-13 15:00:18.107,22587,22596,22596,1,1
2025-01-13 15:00:18.107,22587,22596,22596,1,1
2025-01-13 15:00:18.107,22587,22596,22596,1,1
2025-01-13 15:00:18.169,22587,22596,22597,3,3
2025-01-13 15:00:18.836,22588,22593,22588,1,-1
2025-01-13 15:00:19.165,22588,22593,22593,1,1
2025-01-13 15:00:19.231,22588,22594,22594,1,1
2025-01-13 15:00:19.232,22588,22594,22594,1,1
2025-01-13 15:00:19.578,22588,22594,22588,1,-1
2025-01-13 15:00:19.880,22588,22594,22589,1,-1
2025-01-13 15:00:20.507,22588,22593,22588,1,-1
2025-01-13 15:00:20.878,22587,22591,22587,1,-1
2025-01-13 15:00:20.878,22587,22591,22587,2,-2
2025-01-13 15:00:21.024,22586,22589,22589,1,1
2025-01-13 15:00:21.027,22586,22589,22587,1,-1
2025-01-13 15:00:21.083,22586,22589,22590,2,2
2025-01-13 15:00:21.576,22587,22591,22587,1,-1
2025-01-13 15:00:21.714,22586,22589,22586,1,-1
2025-01-13 15:00:21.755,22585,22589,22590,1,1
2025-01-13 15:00:21.755,22585,22589,22589,1,1
2025-01-13 15:00:22.321,22586,22591,22590,1,1
2025-01-13 15:00:22.321,22586,22591,22591,1,1
2025-01-13 15:00:22.321,22586,22591,22592,1,1
2025-01-13 15:00:22.347,22586,22591,22588,1,-1
2025-01-13 15:00:22.347,22586,22591,22587,2,-2
2025-01-13 15:00:22.670,22587,22591,22587,1,-1
2025-01-13 15:00:23.018,22587,22591,22591,1,1
2025-01-13 15:00:23.019,22587,22591,22589,1,1
2025-01-13 15:00:23.027,22587,22591,22587,2,-2
2025-01-13 15:00:23.202,22587,22590,22587,1,-1
2025-01-13 15:00:23.203,22587,22590,22587,1,-1
2025-01-13 15:00:23.212,22587,22590,22586,1,-1
2025-01-13 15:00:23.212,22587,22590,22585,2,-2
2025-01-13 15:00:23.282,22585,22588,22588,1,1
2025-01-13 15:00:23.284,22585,22588,22586,1,-1
2025-01-13 15:00:23.361,22585,22589,22586,1,-1
2025-01-13 15:00:23.632,22587,22589,22587,2,-2
2025-01-13 15:00:23.635,22587,22589,22585,1,-1
2025-01-13 15:00:23.708,22587,22589,22583,1,-1
2025-01-13 15:00:24.099,22583,22587,22583,1,-1
2025-01-13 15:00:24.234,22583,22586,22583,1,-1
2025-01-13 15:00:24.698,22583,22586,22582,1,-1
2025-01-13 15:00:24.927,22581,22586,22581,1,-1
2025-01-13 15:00:24.991,22580,22583,22583,2,2
2025-01-13 15:00:24.992,22580,22583,22581,2,-2
2025-01-13 15:00:26.321,22580,22583,22581,1,-1
2025-01-13 15:00:27.092,22580,22583,22583,1,1
2025-01-13 15:00:27.093,22580,22583,22581,1,-1
2025-01-13 15:00:27.094,22580,22583,22583,1,1
2025-01-13 15:00:27.683,22582,22586,22585,1,1
2025-01-13 15:00:27.754,22583,22586,22586,1,1
2025-01-13 15:00:27.755,22583,22586,22587,4,4
2025-01-13 15:00:29.719,22585,22588,22585,1,-1
2025-01-13 15:00:30.682,22585,22588,22585,1,-1
2025-01-13 15:00:31.635,22582,22585,22582,1,-1
2025-01-13 15:00:31.636,22582,22585,22581,3,-3
2025-01-13 15:00:32.362,22580,22582,22582,1,1
2025-01-13 15:00:32.728,22580,22582,22580,4,-4
2025-01-13 15:00:32.741,22579,22582,22581,1,1
2025-01-13 15:00:33.003,22580,22582,22582,1,1
2025-01-13 15:00:33.795,22581,22584,22584,1,1
2025-01-13 15:00:35.029,22581,22584,22581,1,-1
2025-01-13 15:00:35.732,22581,22584,22584,1,1
2025-01-13 15:00:35.733,22581,22584,22585,3,3
2025-01-13 15:00:36.754,22583,22585,22583,1,-1
2025-01-13 15:00:36.857,22581,22582,22582,1,1
2025-01-13 15:00:38.209,22581,22583,22581,3,-3
2025-01-13 15:00:38.928,22580,22582,22580,2,-2
2025-01-13 15:00:40.470,22581,22582,22582,1,1
2025-01-13 15:00:41.806,22582,22583,22583,1,1
2025-01-13 15:00:41.806,22582,22583,22583,1,1
2025-01-13 15:00:41.806,22582,22583,22583,1,1
2025-01-13 15:00:41.807,22582,22583,22583,9,9
2025-01-13 15:00:41.807,22582,22583,22584,1,1
2025-01-13 15:00:42.128,22584,22585,22584,1,-1
2025-01-13 15:00:42.772,22584,22585,22585,2,2
2025-01-13 15:00:43.193,22584,22585,22585,2,2
2025-01-13 15:00:44.984,22582,22583,22583,1,1
2025-01-13 15:00:45.104,22582,22585,22582,3,-3
2025-01-13 15:00:45.543,22582,22584,22581,2,-2
2025-01-13 15:00:45.543,22582,22584,22582,1,-1
2025-01-13 15:00:45.776,22581,22584,22581,6,-6
2025-01-13 15:00:45.777,22581,22584,22580,1,-1
2025-01-13 15:00:45.777,22581,22584,22580,1,-1
2025-01-13 15:00:45.778,22581,22584,22580,6,-6
2025-01-13 15:00:45.881,22579,22581,22580,1,-1
2025-01-13 15:00:47.635,22580,22581,22581,2,2
2025-01-13 15:00:47.649,22580,22581,22580,1,-1
2025-01-13 15:00:47.649,22580,22581,22579,1,-1
2025-01-13 15:00:48.028,22579,22581,22579,1,-1
2025-01-13 15:00:48.028,22579,22581,22579,1,-1
2025-01-13 15:00:49.513,22578,22579,22579,1,1
2025-01-13 15:00:50.937,22577,22580,22577,1,-1
2025-01-13 15:00:55.175,22578,22579,22578,1,-1
2025-01-13 15:00:56.798,22578,22579,22578,4,-4
2025-01-13 15:00:56.847,22578,22579,22576,1,-1
2025-01-13 15:00:56.847,22578,22579,22577,1,-1
2025-01-13 15:00:57.340,22576,22578,22578,1,1
2025-01-13 15:00:58.565,22576,22578,22576,1,-1
2025-01-13 15:00:58.892,22576,22578,22576,2,-2
2025-01-13 15:01:00.029,22576,22577,22577,1,1
2025-01-13 15:01:00.032,22576,22577,22578,2,2
2025-01-13 15:01:00.034,22576,22577,22579,1,1
2025-01-13 15:01:00.034,22576,22577,22579,1,1
2025-01-13 15:01:00.034,22576,22577,22579,1,1
2025-01-13 15:01:00.040,22576,22577,22580,2,2
2025-01-13 15:01:00.041,22576,22577,22580,1,1
2025-01-13 15:01:00.042,22576,22577,22581,1,1
2025-01-13 15:01:00.044,22576,22577,22581,2,2
2025-01-13 15:01:00.055,22576,22577,22581,3,3
2025-01-13 15:01:00.055,22576,22577,22582,1,1
2025-01-13 15:01:00.079,22576,22577,22582,1,1
2025-01-13 15:01:00.093,22576,22577,22584,1,1
2025-01-13 15:01:00.131,22582,22584,22584,2,2
2025-01-13 15:01:00.131,22582,22584,22584,2,2
2025-01-13 15:01:00.131,22582,22584,22584,3,3
2025-01-13 15:01:00.131,22582,22584,22584,1,1
2025-01-13 15:01:00.132,22582,22584,22584,2,2
2025-01-13 15:01:00.132,22582,22584,22584,1,1
2025-01-13 15:01:00.132,22582,22584,22584,2,2
2025-01-13 15:01:00.132,22582,22584,22585,1,1
2025-01-13 15:01:00.132,22582,22584,22585,1,1
2025-01-13 15:01:00.133,22582,22584,22585,2,2
2025-01-13 15:01:00.133,22582,22584,22585,3,3
2025-01-13 15:01:00.133,22582,22584,22585,2,2
2025-01-13 15:01:00.134,22582,22584,22584,1,1
2025-01-13 15:01:00.134,22582,22584,22585,1,1
2025-01-13 15:01:00.134,22582,22584,22585,3,3
2025-01-13 15:01:00.134,22582,22584,22585,1,1
2025-01-13 15:01:00.138,22582,22584,22586,1,1
2025-01-13 15:01:00.138,22582,22584,22586,1,1
2025-01-13 15:01:00.138,22582,22584,22587,1,1
2025-01-13 15:01:00.138,22582,22584,22587,1,1
2025-01-13 15:01:00.157,22582,22584,22586,2,2
2025-01-13 15:01:00.157,22582,22584,22585,1,1
2025-01-13 15:01:00.272,22583,22586,22586,1,1
2025-01-13 15:01:00.272,22583,22586,22586,1,1
2025-01-13 15:01:00.273,22583,22586,22587,1,1
2025-01-13 15:01:00.502,22583,22586,22583,1,-1
2025-01-13 15:01:00.503,22583,22586,22582,1,-1
2025-01-13 15:01:00.504,22583,22586,22581,2,-2
2025-01-13 15:01:00.564,22583,22586,22580,1,-1
2025-01-13 15:01:00.580,22583,22586,22580,1,-1
2025-01-13 15:01:00.618,22580,22582,22580,1,-1
2025-01-13 15:01:00.624,22580,22582,22579,1,-1
2025-01-13 15:01:00.630,22580,22582,22579,3,-3
2025-01-13 15:01:00.630,22580,22582,22582,2,2
2025-01-13 15:01:00.696,22580,22582,22578,1,-1
2025-01-13 15:01:01.131,22578,22581,22578,1,-1
2025-01-13 15:01:01.232,22576,22578,22578,1,1
2025-01-13 15:01:01.233,22576,22578,22579,1,1
2025-01-13 15:01:01.233,22576,22578,22579,1,1
2025-01-13 15:01:01.233,22576,22578,22579,1,1
2025-01-13 15:01:01.233,22576,22578,22580,1,1
2025-01-13 15:01:01.234,22576,22578,22580,2,2
2025-01-13 15:01:01.847,22578,22581,22581,1,1
2025-01-13 15:01:01.852,22578,22581,22581,1,1
2025-01-13 15:01:02.154,22579,22582,22578,1,-1
2025-01-13 15:01:02.154,22579,22582,22579,2,-2
2025-01-13 15:01:02.521,22579,22581,22579,1,-1
2025-01-13 15:01:03.006,22579,22581,22579,1,-1
2025-01-13 15:01:03.008,22579,22581,22578,1,-1
2025-01-13 15:01:04.814,22577,22580,22580,1,1
2025-01-13 15:01:07.108,22578,22580,22578,2,-2
2025-01-13 15:01:07.109,22578,22580,22577,6,-6
2025-01-13 15:01:07.110,22578,22580,22577,6,-6
2025-01-13 15:01:07.629,22576,22577,22576,2,-2
2025-01-13 15:01:07.629,22576,22577,22575,2,-2
2025-01-13 15:01:07.630,22576,22577,22574,2,-2
2025-01-13 15:01:07.718,22576,22577,22573,1,-1
2025-01-13 15:01:07.778,22572,22573,22573,1,1
2025-01-13 15:01:07.778,22572,22573,22573,1,1
2025-01-13 15:01:09.096,22570,22573,22573,1,1
2025-01-13 15:01:09.107,22571,22573,22574,1,1
2025-01-13 15:01:09.107,22571,22573,22573,1,1
2025-01-13 15:01:09.107,22571,22573,22574,1,1
2025-01-13 15:01:09.108,22571,22573,22574,1,1
2025-01-13 15:01:09.108,22571,22573,22575,1,1
2025-01-13 15:01:09.108,22571,22573,22575,1,1
2025-01-13 15:01:09.108,22571,22573,22576,1,1
2025-01-13 15:01:09.108,22571,22573,22576,1,1
2025-01-13 15:01:09.108,22571,22573,22576,1,1
2025-01-13 15:01:09.108,22571,22573,22576,1,1
2025-01-13 15:01:09.108,22571,22573,22576,1,1
2025-01-13 15:01:09.108,22571,22573,22576,1,1
2025-01-13 15:01:09.108,22571,22573,22577,1,1
2025-01-13 15:01:09.108,22571,22573,22577,1,1
2025-01-13 15:01:09.109,22571,22573,22578,1,1
2025-01-13 15:01:09.109,22571,22573,22577,1,1
2025-01-13 15:01:09.109,22571,22573,22577,1,1
2025-01-13 15:01:09.109,22571,22573,22577,1,1
2025-01-13 15:01:09.111,22571,22573,22578,1,1
2025-01-13 15:01:09.112,22571,22573,22578,1,1
2025-01-13 15:01:09.113,22571,22573,22578,2,2
2025-01-13 15:01:09.847,22578,22580,22578,1,-1
2025-01-13 15:01:10.507,22578,22580,22580,1,1
2025-01-13 15:01:10.508,22578,22580,22580,3,3
2025-01-13 15:01:10.509,22578,22580,22581,1,1
2025-01-13 15:01:10.509,22578,22580,22581,1,1
2025-01-13 15:01:11.123,22582,22584,22582,1,-1
2025-01-13 15:01:11.123,22582,22584,22581,3,-3
2025-01-13 15:01:12.356,22579,22581,22579,1,-1
2025-01-13 15:01:13.462,22576,22579,22579,1,1
2025-01-13 15:01:16.149,22575,22577,22575,1,-1
2025-01-13 15:01:17.068,22572,22575,22572,2,-2
2025-01-13 15:01:19.382,22572,22574,22572,2,-2
2025-01-13 15:01:19.482,22570,22573,22573,1,1
2025-01-13 15:01:19.482,22570,22573,22573,1,1
2025-01-13 15:01:19.482,22570,22573,22573,1,1
2025-01-13 15:01:19.483,22570,22573,22574,1,1
2025-01-13 15:01:19.483,22570,22573,22574,1,1
2025-01-13 15:01:19.483,22570,22573,22574,1,1
2025-01-13 15:01:19.483,22570,22573,22575,1,1
2025-01-13 15:01:19.483,22570,22573,22575,1,1
2025-01-13 15:01:19.483,22570,22573,22575,1,1
2025-01-13 15:01:19.483,22570,22573,22576,1,1
2025-01-13 15:01:19.487,22570,22573,22576,1,1
2025-01-13 15:01:19.643,22575,22578,22575,1,-1
2025-01-13 15:01:22.103,22572,22575,22575,1,1
2025-01-13 15:01:23.505,22572,22574,22572,1,-1
2025-01-13 15:01:24.530,22570,22571,22570,2,-2
2025-01-13 15:01:24.638,22567,22570,22568,3,-3
2025-01-13 15:01:26.552,22567,22569,22567,1,-1
2025-01-13 15:01:27.138,22566,22568,22566,1,-1
2025-01-13 15:01:27.232,22565,22567,22567,1,1
2025-01-13 15:01:27.232,22565,22567,22567,1,1
2025-01-13 15:01:27.232,22565,22567,22568,1,1
2025-01-13 15:01:27.233,22565,22567,22572,1,1
2025-01-13 15:01:27.233,22565,22567,22571,1,1
2025-01-13 15:01:27.233,22565,22567,22567,1,1
2025-01-13 15:01:27.233,22565,22567,22570,1,1
2025-01-13 15:01:27.233,22565,22567,22570,1,1
2025-01-13 15:01:27.233,22565,22567,22570,1,1
2025-01-13 15:01:27.233,22565,22567,22570,1,1
2025-01-13 15:01:27.233,22565,22567,22569,1,1
2025-01-13 15:01:27.233,22565,22567,22569,1,1
2025-01-13 15:01:27.233,22565,22567,22568,1,1
2025-01-13 15:01:27.233,22565,22567,22570,1,1
2025-01-13 15:01:27.234,22565,22567,22569,1,1
2025-01-13 15:01:27.235,22565,22567,22569,1,1
2025-01-13 15:01:27.236,22565,22567,22569,1,1
2025-01-13 15:01:27.237,22565,22567,22568,1,1
2025-01-13 15:01:27.238,22565,22567,22567,1,1
2025-01-13 15:01:27.238,22565,22567,22567,1,1
2025-01-13 15:01:27.584,22566,22569,22566,2,-2
2025-01-13 15:01:27.765,22565,22566,22566,1,1
2025-01-13 15:01:27.765,22565,22566,22566,3,3
2025-01-13 15:01:28.052,22566,22569,22566,1,-1
2025-01-13 15:01:28.894,22566,22569,22566,1,-1
2025-01-13 15:01:31.140,22568,22570,22570,1,1
2025-01-13 15:01:31.157,22568,22570,22572,1,1
2025-01-13 15:01:33.119,22566,22569,22569,1,1
2025-01-13 15:01:34.720,22569,22570,22569,1,-1
2025-01-13 15:01:36.930,22566,22568,22568,4,4
2025-01-13 15:01:36.930,22566,22568,22569,1,1
2025-01-13 15:01:37.801,22567,22569,22567,1,-1
2025-01-13 15:01:37.802,22567,22569,22566,4,-4
2025-01-13 15:01:37.857,22564,22566,22566,1,1
2025-01-13 15:01:37.857,22564,22566,22566,1,1
2025-01-13 15:01:37.857,22564,22566,22568,1,1
2025-01-13 15:01:37.897,22564,22566,22565,3,3
2025-01-13 15:01:38.337,22565,22567,22565,2,-2
2025-01-13 15:01:39.825,22564,22567,22567,1,1
2025-01-13 15:01:40.762,22567,22569,22569,1,1
2025-01-13 15:01:42.011,22567,22570,22570,1,1
2025-01-13 15:01:42.266,22567,22570,22570,1,1
2025-01-13 15:01:44.152,22569,22571,22569,2,-2
2025-01-13 15:01:44.483,22568,22570,22568,1,-1
2025-01-13 15:01:44.484,22568,22570,22568,2,-2
2025-01-13 15:01:45.497,22566,22568,22568,1,1
2025-01-13 15:01:45.551,22566,22568,22566,1,-1
2025-01-13 15:01:45.585,22566,22568,22565,1,-1
2025-01-13 15:01:45.607,22564,22566,22566,1,1
2025-01-13 15:01:45.608,22564,22566,22566,1,1
2025-01-13 15:01:45.608,22564,22566,22566,1,1
2025-01-13 15:01:45.608,22564,22566,22566,1,1
2025-01-13 15:01:45.609,22564,22566,22567,1,1
2025-01-13 15:01:45.616,22564,22566,22567,1,1
2025-01-13 15:01:45.666,22564,22566,22566,1,1
2025-01-13 15:01:45.669,22564,22566,22567,1,1
2025-01-13 15:01:45.835,22566,22569,22565,1,-1
2025-01-13 15:01:46.009,22565,22568,22565,1,-1
2025-01-13 15:01:46.029,22565,22568,22567,1,1
2025-01-13 15:01:46.164,22564,22567,22564,1,-1
2025-01-13 15:01:46.761,22563,22567,22563,3,-3
2025-01-13 15:01:46.769,22563,22567,22566,1,1
2025-01-13 15:01:46.942,22563,22566,22566,1,1
2025-01-13 15:01:47.041,22563,22566,22563,3,-3
2025-01-13 15:01:47.092,22563,22566,22566,1,1
2025-01-13 15:01:51.867,22563,22566,22563,1,-1
2025-01-13 15:01:51.907,22563,22566,22563,2,-2
2025-01-13 15:01:52.707,22564,22565,22565,1,1
2025-01-13 15:01:53.497,22565,22566,22566,1,1
2025-01-13 15:01:53.497,22565,22566,22567,1,1
2025-01-13 15:01:54.846,22565,22568,22568,2,2
2025-01-13 15:01:55.632,22567,22570,22567,2,-2
2025-01-13 15:01:57.501,22567,22568,22567,1,-1
2025-01-13 15:01:57.523,22567,22568,22568,2,2
2025-01-13 15:01:57.523,22567,22568,22569,1,1
2025-01-13 15:01:57.558,22567,22568,22567,1,-1
2025-01-13 15:01:57.559,22567,22568,22566,3,-3
2025-01-13 15:01:57.636,22564,22566,22564,1,-1
2025-01-13 15:01:57.636,22564,22566,22563,2,-2
2025-01-13 15:01:57.636,22564,22566,22564,1,-1
2025-01-13 15:01:59.854,22563,22565,22563,1,-1
2025-01-13 15:01:59.855,22563,22565,22562,1,-1
2025-01-13 15:01:59.983,22561,22564,22564,1,1
2025-01-13 15:02:00.811,22561,22565,22565,1,1
2025-01-13 15:02:03.186,22563,22566,22563,1,-1
2025-01-13 15:02:04.017,22562,22564,22562,1,-1
2025-01-13 15:02:04.018,22562,22564,22561,1,-1
2025-01-13 15:02:04.314,22559,22562,22562,2,2
2025-01-13 15:02:04.316,22559,22562,22563,2,2
2025-01-13 15:02:04.341,22559,22562,22564,1,1
2025-01-13 15:02:04.399,22562,22565,22565,1,1
2025-01-13 15:02:05.088,22562,22563,22563,1,1
2025-01-13 15:02:12.004,22564,22565,22564,1,-1
2025-01-13 15:02:12.068,22564,22565,22563,3,-3
2025-01-13 15:02:12.791,22560,22563,22563,2,2
2025-01-13 15:02:14.108,22560,22563,22560,1,-1
2025-01-13 15:02:15.900,22560,22561,22560,2,-2
2025-01-13 15:02:19.480,22559,22560,22560,1,1
2025-01-13 15:02:20.421,22560,22563,22563,1,1
2025-01-13 15:02:21.507,22562,22565,22562,3,-3
2025-01-13 15:02:22.108,22561,22564,22561,4,-4
2025-01-13 15:02:22.890,22560,22561,22560,5,-5
2025-01-13 15:02:24.077,22559,22560,22559,2,-2
2025-01-13 15:02:24.103,22559,22560,22557,2,-2
2025-01-13 15:02:24.103,22559,22560,22556,1,-1
2025-01-13 15:02:24.199,22556,22559,22557,1,-1
2025-01-13 15:02:24.199,22556,22559,22556,2,-2
2025-01-13 15:02:24.581,22556,22558,22558,1,1
2025-01-13 15:02:26.334,22557,22558,22557,1,-1
2025-01-13 15:02:26.405,22557,22558,22556,1,-1
2025-01-13 15:02:28.625,22555,22558,22555,1,-1
2025-01-13 15:02:29.224,22554,22557,22554,1,-1
2025-01-13 15:02:31.561,22555,22558,22555,3,-3
2025-01-13 15:02:31.864,22554,22557,22554,1,-1
2025-01-13 15:02:32.616,22554,22557,22557,1,1
2025-01-13 15:02:33.581,22555,22558,22555,1,-1
2025-01-13 15:02:35.773,22556,22558,22556,1,-1
2025-01-13 15:02:35.918,22557,22558,22557,1,-1
2025-01-13 15:02:38.504,22555,22558,22558,3,3
2025-01-13 15:02:38.570,22555,22558,22560,2,2
2025-01-13 15:02:40.279,22559,22562,22559,1,-1
2025-01-13 15:02:40.590,22559,22562,22559,1,-1
2025-01-13 15:02:41.543,22556,22559,22557,1,-1
2025-01-13 15:02:41.901,22558,22561,22558,1,-1
2025-01-13 15:02:42.764,22558,22561,22561,1,1
2025-01-13 15:02:43.250,22558,22561,22558,1,-1
2025-01-13 15:02:43.250,22558,22561,22558,2,-2
2025-01-13 15:02:43.402,22557,22560,22557,1,-1
2025-01-13 15:02:43.444,22557,22560,22556,1,-1
2025-01-13 15:02:46.794,22553,22555,22555,2,2
2025-01-13 15:02:47.982,22553,22556,22556,1,1
2025-01-13 15:02:50.777,22554,22557,22553,4,-4
2025-01-13 15:02:50.777,22554,22557,22554,6,-6
2025-01-13 15:02:50.907,22553,22555,22555,1,1
2025-01-13 15:02:53.761,22553,22556,22553,5,-5
2025-01-13 15:02:55.299,22554,22556,22554,1,-1
2025-01-13 15:02:58.323,22557,22559,22557,3,-3
2025-01-13 15:02:58.327,22557,22559,22556,1,-1
2025-01-13 15:02:59.752,22556,22559,22556,1,-1
2025-01-13 15:03:00.049,22556,22559,22559,1,1
2025-01-13 15:03:00.112,22556,22559,22559,1,1
2025-01-13 15:03:00.112,22556,22559,22560,1,1
2025-01-13 15:03:00.778,22556,22559,22556,1,-1
2025-01-13 15:03:04.786,22556,22559,22556,1,-1
2025-01-13 15:03:04.857,22556,22559,22559,1,1
2025-01-13 15:03:04.857,22556,22559,22559,1,1
2025-01-13 15:03:10.632,22559,22560,22560,1,1
2025-01-13 15:03:10.632,22559,22560,22560,1,1
2025-01-13 15:03:11.194,22559,22561,22559,1,-1
2025-01-13 15:03:12.875,22561,22563,22559,3,-3
2025-01-13 15:03:12.877,22558,22559,22560,1,1
2025-01-13 15:03:12.877,22561,22563,22559,1,-1
2025-01-13 15:03:12.976,22561,22563,22562,1,-1
2025-01-13 15:03:13.674,22561,22563,22561,2,-2
2025-01-13 15:03:13.676,22561,22563,22561,1,-1
2025-01-13 15:03:13.678,22561,22563,22559,3,-3
2025-01-13 15:03:15.573,22559,22562,22562,1,1
2025-01-13 15:03:15.575,22559,22562,22560,1,-1
2025-01-13 15:03:16.860,22558,22561,22561,1,1
2025-01-13 15:03:20.030,22559,22560,22560,2,2
2025-01-13 15:03:20.370,22560,22562,22559,1,-1
2025-01-13 15:03:21.832,22559,22562,22562,1,1
2025-01-13 15:03:21.857,22559,22562,22562,1,1
2025-01-13 15:03:21.858,22559,22562,22562,1,1
2025-01-13 15:03:24.732,22561,22563,22563,2,2
2025-01-13 15:03:25.360,22563,22565,22562,2,-2
2025-01-13 15:03:25.721,22559,22562,22561,1,1
2025-01-13 15:03:26.403,22560,22561,22560,1,-1
2025-01-13 15:03:31.657,22557,22560,22557,1,-1
2025-01-13 15:03:31.732,22557,22560,22560,1,1
2025-01-13 15:03:31.732,22557,22560,22560,1,1
2025-01-13 15:03:31.733,22557,22560,22560,1,1
2025-01-13 15:03:31.733,22557,22560,22561,2,2
2025-01-13 15:03:31.733,22557,22560,22561,1,1
2025-01-13 15:03:31.940,22561,22564,22562,2,-2
2025-01-13 15:03:32.080,22561,22564,22561,1,-1
2025-01-13 15:03:35.929,22560,22561,22561,1,1
2025-01-13 15:03:36.336,22560,22561,22560,1,-1
2025-01-13 15:03:36.357,22560,22561,22561,1,1
2025-01-13 15:03:36.358,22560,22561,22561,1,1
2025-01-13 15:03:36.360,22560,22561,22564,1,1
2025-01-13 15:03:37.735,22561,22562,22562,2,2
2025-01-13 15:03:37.875,22562,22565,22562,1,-1
2025-01-13 15:03:38.935,22561,22562,22562,1,1
2025-01-13 15:03:39.079,22561,22564,22561,2,-2
2025-01-13 15:03:39.640,22561,22564,22561,1,-1
2025-01-13 15:03:41.386,22560,22563,22563,1,1
2025-01-13 15:03:43.887,22563,22565,22565,1,1
2025-01-13 15:03:44.701,22566,22568,22566,1,-1
2025-01-13 15:03:48.042,22564,22566,22566,1,1
2025-01-13 15:03:48.107,22565,22568,22568,1,1
2025-01-13 15:03:48.107,22565,22568,22568,1,1
2025-01-13 15:03:48.107,22565,22568,22568,1,1
2025-01-13 15:03:48.108,22565,22568,22569,1,1
2025-01-13 15:03:52.091,22566,22568,22568,1,1
2025-01-13 15:03:52.969,22569,22570,22569,1,-1
2025-01-13 15:03:52.971,22569,22570,22568,2,-2
2025-01-13 15:03:53.038,22567,22570,22567,1,-1
2025-01-13 15:03:53.042,22567,22570,22567,1,-1
2025-01-13 15:03:53.196,22567,22569,22569,1,1
2025-01-13 15:03:55.267,22567,22570,22569,1,1
2025-01-13 15:03:58.506,22569,22570,22569,1,-1
2025-01-13 15:03:58.543,22569,22570,22566,1,-1
2025-01-13 15:03:58.580,22569,22570,22567,2,-2
2025-01-13 15:03:59.225,22565,22567,22565,1,-1
2025-01-13 15:03:59.556,22563,22565,22563,2,-2
2025-01-13 15:03:59.744,22563,22564,22564,1,1
2025-01-13 15:03:59.878,22563,22566,22563,1,-1
2025-01-13 15:04:00.073,22563,22566,22564,2,-2
2025-01-13 15:04:00.111,22563,22567,22567,1,1
2025-01-13 15:04:00.112,22563,22567,22564,2,-2
2025-01-13 15:04:02.793,22564,22565,22565,1,1
2025-01-13 15:04:02.857,22564,22567,22567,1,1
2025-01-13 15:04:05.074,22565,22568,22565,1,-1
2025-01-13 15:04:07.153,22565,22568,22568,1,1
2025-01-13 15:04:11.427,22566,22567,22567,1,1
2025-01-13 15:04:13.592,22566,22568,22568,1,1
2025-01-13 15:04:21.529,22566,22568,22566,1,-1
2025-01-13 15:04:21.529,22566,22568,22565,4,-4
2025-01-13 15:04:22.100,22564,22565,22566,1,1
2025-01-13 15:04:23.151,22565,22568,22565,1,-1
2025-01-13 15:04:25.915,22565,22568,22568,1,1
2025-01-13 15:04:33.709,22565,22568,22565,5,-5
2025-01-13 15:04:38.070,22565,22568,22568,1,1
2025-01-13 15:04:40.064,22566,22568,22566,1,-1
2025-01-13 15:04:44.423,22565,22566,22566,1,1
2025-01-13 15:04:47.478,22565,22567,22565,1,-1
2025-01-13 15:04:48.828,22565,22567,22565,5,-5
2025-01-13 15:04:49.591,22563,22564,22564,1,1
2025-01-13 15:04:56.103,22563,22564,22563,1,-1
2025-01-13 15:04:56.104,22563,22564,22563,1,-1
2025-01-13 15:04:56.596,22561,22563,22563,1,1
2025-01-13 15:04:58.848,22561,22563,22562,1,1
2025-01-13 15:05:00.274,22562,22564,22564,1,1
2025-01-13 15:05:00.673,22564,22567,22567,1,1
2025-01-13 15:05:01.228,22566,22568,22566,1,-1
2025-01-13 15:05:01.493,22566,22568,22566,1,-1
2025-01-13 15:05:02.041,22564,22567,22564,1,-1
2025-01-13 15:05:02.041,22564,22567,22564,1,-1
2025-01-13 15:05:04.385,22561,22562,22561,2,-2
2025-01-13 15:05:04.386,22561,22562,22560,3,-3
2025-01-13 15:05:05.125,22558,22559,22558,1,-1
2025-01-13 15:05:05.441,22558,22559,22558,1,-1
2025-01-13 15:05:05.862,22556,22559,22557,1,-1
2025-01-13 15:05:09.624,22556,22557,22556,1,-1
2025-01-13 15:05:09.635,22556,22557,22555,5,-5
2025-01-13 15:05:09.636,22556,22557,22554,4,-4
2025-01-13 15:05:09.638,22556,22557,22553,3,-3
2025-01-13 15:05:09.766,22552,22554,22552,2,-2
2025-01-13 15:05:11.817,22551,22553,22553,1,1
2025-01-13 15:05:13.044,22551,22552,22551,2,-2
2025-01-13 15:05:13.044,22551,22552,22550,2,-2
2025-01-13 15:05:13.045,22551,22552,22550,1,-1
2025-01-13 15:05:13.576,22550,22553,22553,1,1
2025-01-13 15:05:15.122,22554,22555,22555,1,1
2025-01-13 15:05:15.440,22556,22557,22557,1,1
2025-01-13 15:05:16.125,22556,22559,22556,1,-1
2025-01-13 15:05:21.128,22556,22559,22559,1,1
2025-01-13 15:05:21.260,22559,22562,22559,1,-1
2025-01-13 15:05:22.110,22558,22561,22558,1,-1
2025-01-13 15:05:22.232,22557,22560,22560,1,1
2025-01-13 15:05:28.183,22557,22559,22556,2,-2
2025-01-13 15:05:28.185,22557,22559,22555,1,-1
2025-01-13 15:05:37.122,22554,22557,22554,2,-2
2025-01-13 15:05:37.233,22552,22554,22554,1,1
2025-01-13 15:05:37.450,22552,22555,22555,1,1
2025-01-13 15:05:37.873,22552,22555,22555,1,1
2025-01-13 15:05:38.758,22553,22555,22555,1,1
2025-01-13 15:05:38.936,22552,22555,22552,1,-1
2025-01-13 15:05:39.290,22551,22553,22553,1,1
2025-01-13 15:05:40.073,22551,22553,22551,1,-1
2025-01-13 15:05:40.436,22550,22552,22550,2,-2
2025-01-13 15:05:40.438,22550,22552,22549,1,-1
2025-01-13 15:05:40.496,22548,22550,22548,1,-1
2025-01-13 15:05:40.497,22548,22550,22548,10,-10
2025-01-13 15:05:41.298,22544,22546,22545,1,-1
2025-01-13 15:05:43.363,22543,22545,22543,1,-1
2025-01-13 15:05:43.790,22542,22543,22542,1,-1
2025-01-13 15:05:43.792,22542,22543,22541,3,-3
2025-01-13 15:05:44.129,22541,22544,22541,2,-2
2025-01-13 15:05:48.999,22543,22545,22543,3,-3
2025-01-13 15:05:49.462,22540,22543,22543,1,1
2025-01-13 15:05:50.555,22543,22545,22543,1,-1
2025-01-13 15:05:51.221,22543,22545,22544,1,-1
2025-01-13 15:05:52.662,22543,22544,22544,1,1
2025-01-13 15:05:52.799,22543,22545,22543,1,-1
2025-01-13 15:05:54.624,22541,22543,22541,2,-2
2025-01-13 15:05:58.998,22541,22542,22541,1,-1
2025-01-13 15:05:59.824,22540,22541,22540,1,-1
2025-01-13 15:05:59.824,22540,22541,22540,3,-3
2025-01-13 15:05:59.877,22539,22540,22539,1,-1
2025-01-13 15:05:59.879,22539,22540,22538,1,-1
2025-01-13 15:05:59.879,22539,22540,22537,4,-4
2025-01-13 15:05:59.880,22539,22540,22537,1,-1
2025-01-13 15:06:00.105,22536,22538,22536,2,-2
2025-01-13 15:06:00.611,22536,22537,22536,2,-2
2025-01-13 15:06:00.611,22536,22537,22536,2,-2
2025-01-13 15:06:00.611,22536,22537,22536,7,-7
2025-01-13 15:06:00.613,22536,22537,22535,6,-6
2025-01-13 15:06:00.614,22536,22537,22534,3,-3
2025-01-13 15:06:00.658,22536,22537,22534,1,-1
2025-01-13 15:06:00.659,22536,22537,22534,1,-1
2025-01-13 15:06:00.783,22533,22535,22534,1,-1
2025-01-13 15:06:00.922,22532,22534,22532,1,-1
2025-01-13 15:06:00.975,22532,22534,22531,1,-1
2025-01-13 15:06:00.976,22532,22534,22532,2,-2
2025-01-13 15:06:01.177,22530,22532,22530,2,-2
2025-01-13 15:06:01.198,22530,22532,22529,1,-1
2025-01-13 15:06:01.269,22528,22530,22528,1,-1
2025-01-13 15:06:01.645,22527,22529,22527,1,-1
2025-01-13 15:06:01.786,22525,22528,22525,1,-1
2025-01-13 15:06:02.818,22524,22526,22524,1,-1
2025-01-13 15:06:02.820,22524,22526,22525,2,-2
2025-01-13 15:06:02.837,22524,22526,22524,1,-1
2025-01-13 15:06:03.432,22525,22528,22524,1,-1
2025-01-13 15:06:03.432,22525,22528,22525,3,-3
2025-01-13 15:06:03.625,22525,22527,22525,2,-2
2025-01-13 15:06:04.169,22525,22528,22525,1,-1
2025-01-13 15:06:05.548,22528,22531,22530,2,2
2025-01-13 15:06:05.972,22529,22531,22531,1,1
2025-01-13 15:06:06.471,22529,22532,22529,1,-1
2025-01-13 15:06:06.486,22529,22532,22532,2,2
2025-01-13 15:06:06.546,22529,22532,22531,2,2
2025-01-13 15:06:08.226,22531,22534,22531,3,-3
2025-01-13 15:06:08.694,22530,22533,22530,1,-1
2025-01-13 15:06:09.577,22531,22533,22531,1,-1
2025-01-13 15:06:09.601,22531,22533,22531,1,-1
2025-01-13 15:06:12.641,22534,22537,22537,1,1
2025-01-13 15:06:14.487,22535,22537,22537,1,1
2025-01-13 15:06:14.959,22536,22539,22539,1,1
2025-01-13 15:06:15.673,22538,22540,22538,1,-1
2025-01-13 15:06:22.484,22538,22539,22539,1,1
2025-01-13 15:06:22.569,22538,22539,22539,1,1
2025-01-13 15:06:23.227,22538,22541,22538,1,-1
2025-01-13 15:06:30.914,22540,22541,22541,2,2
2025-01-13 15:06:30.915,22540,22541,22541,1,1
2025-01-13 15:06:31.164,22540,22543,22540,1,-1
2025-01-13 15:06:33.386,22541,22543,22541,1,-1
2025-01-13 15:06:34.850,22540,22543,22543,1,1
2025-01-13 15:06:36.008,22541,22544,22541,1,-1
2025-01-13 15:06:36.999,22541,22544,22541,4,-4
2025-01-13 15:06:37.676,22540,22542,22542,1,1
2025-01-13 15:06:38.195,22540,22543,22543,1,1
2025-01-13 15:06:39.121,22540,22543,22543,1,1
2025-01-13 15:06:42.292,22541,22542,22542,1,1
2025-01-13 15:06:42.407,22541,22543,22541,1,-1
2025-01-13 15:06:42.701,22541,22542,22541,1,-1
2025-01-13 15:06:46.416,22540,22541,22540,1,-1
2025-01-13 15:06:46.738,22540,22541,22541,2,2
2025-01-13 15:06:50.458,22541,22542,22541,1,-1
2025-01-13 15:06:50.542,22540,22541,22541,1,1
2025-01-13 15:06:52.173,22540,22541,22541,1,1
2025-01-13 15:06:55.322,22540,22542,22541,1,1
2025-01-13 15:06:55.564,22540,22541,22540,1,-1
2025-01-13 15:06:58.299,22540,22541,22541,1,1
2025-01-13 15:07:02.074,22542,22543,22542,1,-1
2025-01-13 15:07:02.685,22542,22543,22542,2,-2
2025-01-13 15:07:02.931,22542,22543,22543,1,1
2025-01-13 15:07:02.933,22542,22543,22544,4,4
2025-01-13 15:07:02.941,22542,22543,22545,1,1
2025-01-13 15:07:02.942,22542,22543,22545,1,1
2025-01-13 15:07:02.942,22542,22543,22545,3,3
2025-01-13 15:07:02.942,22542,22543,22545,1,1
2025-01-13 15:07:02.942,22542,22543,22545,1,1
2025-01-13 15:07:03.468,22545,22546,22546,5,5
2025-01-13 15:07:03.482,22546,22547,22547,1,1
2025-01-13 15:07:03.716,22546,22547,22547,3,3
2025-01-13 15:07:07.056,22546,22547,22547,1,1
2025-01-13 15:07:07.189,22546,22547,22548,1,1
2025-01-13 15:07:07.217,22546,22547,22550,1,1
2025-01-13 15:07:09.370,22547,22549,22549,2,2
2025-01-13 15:07:09.482,22547,22549,22549,1,1
2025-01-13 15:07:09.482,22547,22549,22550,1,1
2025-01-13 15:07:09.483,22547,22549,22550,1,1
2025-01-13 15:07:09.588,22547,22549,22548,2,2
2025-01-13 15:07:09.812,22547,22549,22549,1,1
2025-01-13 15:07:15.532,22548,22549,22548,1,-1
2025-01-13 15:07:18.330,22547,22548,22547,1,-1
2025-01-13 15:07:18.755,22546,22548,22547,1,-1
2025-01-13 15:07:24.509,22547,22548,22548,1,1
2025-01-13 15:07:24.682,22550,22551,22550,1,-1
2025-01-13 15:07:24.744,22550,22551,22551,2,2
2025-01-13 15:07:24.890,22551,22554,22551,2,-2
2025-01-13 15:07:28.491,22548,22551,22550,1,1
2025-01-13 15:07:30.276,22550,22552,22550,1,-1
2025-01-13 15:07:30.357,22549,22551,22551,1,1
2025-01-13 15:07:36.165,22552,22553,22552,1,-1
2025-01-13 15:07:41.842,22550,22552,22550,1,-1
2025-01-13 15:07:46.875,22550,22551,22550,2,-2
2025-01-13 15:07:49.030,22547,22550,22547,1,-1
2025-01-13 15:07:52.017,22549,22550,22550,1,1
2025-01-13 15:07:58.764,22550,22552,22552,1,1
2025-01-13 15:07:58.765,22550,22552,22552,10,10
2025-01-13 15:07:59.275,22552,22553,22553,1,1
2025-01-13 15:07:59.277,22552,22553,22553,1,1
2025-01-13 15:08:00.607,22553,22554,22554,3,3
2025-01-13 15:08:00.942,22553,22555,22553,4,-4
2025-01-13 15:08:00.942,22553,22555,22552,1,-1
2025-01-13 15:08:05.388,22552,22555,22555,2,2
2025-01-13 15:08:05.409,22552,22555,22556,2,2
2025-01-13 15:08:05.409,22552,22555,22555,4,4
2025-01-13 15:08:05.409,22552,22555,22554,1,1
2025-01-13 15:08:10.403,22555,22558,22558,2,2
2025-01-13 15:08:10.536,22557,22560,22560,1,1
2025-01-13 15:08:10.637,22559,22560,22560,2,2
2025-01-13 15:08:10.637,22559,22560,22560,1,1
2025-01-13 15:08:12.564,22560,22562,22562,1,1
2025-01-13 15:08:12.564,22560,22562,22562,2,2
2025-01-13 15:08:15.450,22562,22564,22564,2,2
2025-01-13 15:08:15.553,22562,22564,22564,1,1
2025-01-13 15:08:15.553,22562,22564,22565,1,1
2025-01-13 15:08:15.788,22562,22565,22565,1,1
2025-01-13 15:08:15.812,22562,22565,22565,1,1
2025-01-13 15:08:16.485,22562,22565,22565,1,1
2025-01-13 15:08:16.635,22563,22565,22565,1,1
2025-01-13 15:08:17.776,22562,22565,22564,1,1
2025-01-13 15:08:18.081,22562,22564,22564,1,1
2025-01-13 15:08:19.397,22562,22564,22562,1,-1
2025-01-13 15:08:21.702,22561,22562,22562,2,2
2025-01-13 15:08:24.648,22562,22564,22562,1,-1
2025-01-13 15:08:35.214,22562,22564,22564,1,1
2025-01-13 15:08:35.216,22562,22564,22564,1,1
2025-01-13 15:08:41.685,22562,22564,22563,1,1
2025-01-13 15:08:45.503,22562,22564,22562,1,-1
2025-01-13 15:08:48.219,22562,22564,22562,1,-1
2025-01-13 15:08:48.356,22562,22564,22562,1,-1
2025-01-13 15:08:51.821,22561,22564,22562,1,-1
2025-01-13 15:08:54.459,22561,22562,22562,1,1
2025-01-13 15:08:55.090,22561,22564,22561,1,-1
2025-01-13 15:08:56.344,22561,22564,22564,1,1
2025-01-13 15:08:56.344,22561,22564,22564,1,1
2025-01-13 15:08:56.347,22561,22564,22565,1,1
2025-01-13 15:08:58.741,22566,22568,22566,1,-1
2025-01-13 15:09:03.333,22566,22568,22566,2,-2
2025-01-13 15:09:03.828,22566,22568,22568,1,1
2025-01-13 15:09:05.798,22566,22568,22568,1,1
2025-01-13 15:09:08.250,22565,22567,22565,1,-1
2025-01-13 15:09:09.367,22562,22563,22562,1,-1
2025-01-13 15:09:25.141,22562,22563,22562,2,-2
2025-01-13 15:09:25.433,22561,22563,22561,1,-1
2025-01-13 15:09:25.433,22561,22563,22561,1,-1
2025-01-13 15:09:25.434,22561,22563,22560,3,-3
2025-01-13 15:09:25.439,22561,22563,22560,2,-2
2025-01-13 15:09:28.707,22559,22562,22559,1,-1
2025-01-13 15:09:31.033,22559,22561,22561,1,1
2025-01-13 15:09:33.461,22562,22563,22562,1,-1
2025-01-13 15:09:35.335,22559,22561,22559,2,-2
2025-01-13 15:09:40.410,22556,22557,22557,1,1
2025-01-13 15:09:43.265,22556,22558,22556,1,-1
2025-01-13 15:09:43.266,22556,22558,22556,1,-1
2025-01-13 15:09:44.082,22555,22557,22555,1,-1
2025-01-13 15:09:44.811,22552,22553,22553,1,1
2025-01-13 15:09:46.789,22552,22554,22552,1,-1
2025-01-13 15:09:51.411,22551,22552,22552,1,1
2025-01-13 15:09:53.701,22551,22553,22551,3,-3
2025-01-13 15:09:53.703,22551,22553,22550,1,-1
2025-01-13 15:09:53.703,22551,22553,22550,1,-1
2025-01-13 15:09:53.703,22551,22553,22550,1,-1
2025-01-13 15:09:53.703,22551,22553,22550,1,-1
2025-01-13 15:09:53.703,22551,22553,22550,1,-1
2025-01-13 15:09:53.703,22551,22553,22550,1,-1
2025-01-13 15:09:53.707,22551,22553,22548,1,-1
2025-01-13 15:09:56.678,22550,22551,22550,1,-1
2025-01-13 15:09:59.079,22548,22550,22548,2,-2
2025-01-13 15:09:59.082,22548,22550,22547,1,-1
2025-01-13 15:10:02.500,22548,22550,22548,1,-1
2025-01-13 15:10:03.481,22546,22548,22548,1,1
2025-01-13 15:10:05.334,22548,22549,22549,1,1
2025-01-13 15:10:05.361,22549,22550,22549,1,-1
2025-01-13 15:10:06.239,22548,22550,22550,2,2
2025-01-13 15:10:06.765,22550,22551,22551,3,3
2025-01-13 15:10:06.765,22550,22551,22551,1,1
2025-01-13 15:10:06.765,22550,22551,22551,3,3
2025-01-13 15:10:14.275,22554,22556,22555,1,1
2025-01-13 15:10:14.438,22554,22556,22554,1,-1
2025-01-13 15:10:17.886,22552,22555,22554,1,1
2025-01-13 15:10:19.266,22554,22555,22555,1,1
2025-01-13 15:10:25.812,22558,22559,22559,3,3
2025-01-13 15:10:25.813,22558,22559,22559,1,1
2025-01-13 15:10:25.814,22558,22559,22559,1,1
2025-01-13 15:10:26.018,22559,22560,22560,2,2
2025-01-13 15:10:27.344,22559,22562,22562,2,2
2025-01-13 15:10:32.829,22558,22561,22558,1,-1
2025-01-13 15:10:38.948,22555,22556,22555,1,-1
2025-01-13 15:10:49.026,22552,22554,22552,1,-1
2025-01-13 15:10:54.800,22551,22553,22550,1,-1
2025-01-13 15:10:54.800,22551,22553,22551,1,-1
2025-01-13 15:10:54.801,22551,22553,22550,3,-3
2025-01-13 15:10:55.732,22548,22550,22550,2,2
2025-01-13 15:10:59.471,22546,22549,22549,3,3
2025-01-13 15:11:00.043,22548,22551,22551,1,1
2025-01-13 15:11:02.640,22552,22555,22552,1,-1
2025-01-13 15:11:04.812,22551,22554,22551,1,-1
2025-01-13 15:11:10.497,22551,22554,22551,3,-3
2025-01-13 15:11:13.904,22549,22552,22552,1,1
2025-01-13 15:11:13.904,22549,22552,22552,1,1
2025-01-13 15:11:19.067,22551,22554,22554,1,1
2025-01-13 15:11:19.069,22551,22554,22554,1,1
2025-01-13 15:11:20.393,22552,22555,22554,2,2
2025-01-13 15:11:20.985,22553,22555,22553,1,-1
2025-01-13 15:11:37.741,22551,22553,22554,1,1
2025-01-13 15:11:37.741,22551,22553,22553,1,1
2025-01-13 15:11:37.742,22551,22553,22554,1,1
2025-01-13 15:11:37.760,22551,22553,22555,3,3
2025-01-13 15:11:37.761,22551,22553,22555,1,1
2025-01-13 15:11:37.761,22551,22553,22555,1,1
2025-01-13 15:11:41.077,22556,22558,22556,2,-2
2025-01-13 15:11:41.077,22556,22558,22555,2,-2
2025-01-13 15:11:41.077,22556,22558,22555,1,-1
2025-01-13 15:11:41.077,22556,22558,22554,3,-3
2025-01-13 15:11:41.086,22556,22558,22552,2,-2
2025-01-13 15:11:49.192,22550,22553,22550,2,-2
2025-01-13 15:11:49.192,22550,22553,22549,1,-1
2025-01-13 15:11:49.192,22550,22553,22549,3,-3
2025-01-13 15:11:49.195,22550,22553,22548,1,-1
2025-01-13 15:11:49.216,22550,22553,22547,1,-1
2025-01-13 15:11:49.263,22545,22548,22548,1,1
2025-01-13 15:11:49.919,22545,22548,22548,1,1
2025-01-13 15:11:50.241,22545,22547,22545,1,-1
2025-01-13 15:11:54.502,22543,22544,22543,1,-1
2025-01-13 15:11:54.846,22541,22543,22543,2,2
2025-01-13 15:11:55.583,22542,22545,22542,1,-1
2025-01-13 15:11:57.768,22541,22544,22542,1,-1
2025-01-13 15:11:57.768,22541,22544,22543,1,1
2025-01-13 15:12:00.391,22541,22542,22541,1,-1
2025-01-13 15:12:02.608,22542,22545,22542,2,-2
2025-01-13 15:12:03.714,22542,22545,22542,1,-1
2025-01-13 15:12:07.673,22541,22543,22541,1,-1
2025-01-13 15:12:09.400,22541,22543,22541,1,-1
2025-01-13 15:12:09.442,22541,22543,22539,1,-1
2025-01-13 15:12:12.284,22538,22540,22538,2,-2
2025-01-13 15:12:12.284,22538,22540,22537,3,-3
2025-01-13 15:12:12.618,22536,22539,22536,2,-2
2025-01-13 15:12:13.059,22536,22539,22536,4,-4
2025-01-13 15:12:13.709,22536,22538,22538,1,1
2025-01-13 15:12:14.460,22537,22540,22537,1,-1
2025-01-13 15:12:19.303,22537,22539,22537,2,-2
2025-01-13 15:12:19.303,22537,22539,22536,3,-3
2025-01-13 15:12:19.486,22535,22537,22537,1,1
2025-01-13 15:12:20.718,22537,22539,22537,2,-2
2025-01-13 15:12:22.104,22535,22536,22535,3,-3
2025-01-13 15:12:22.278,22533,22535,22533,1,-1
2025-01-13 15:12:22.278,22533,22535,22532,1,-1
2025-01-13 15:12:23.348,22531,22534,22534,2,2
2025-01-13 15:12:24.396,22532,22534,22532,1,-1
2025-01-13 15:12:24.421,22532,22534,22534,2,2
2025-01-13 15:12:26.340,22533,22536,22533,1,-1
2025-01-13 15:12:27.421,22532,22533,22532,1,-1
2025-01-13 15:12:27.560,22531,22533,22533,1,1
2025-01-13 15:12:28.221,22531,22533,22531,2,-2
2025-01-13 15:12:28.967,22531,22533,22533,1,1
2025-01-13 15:12:28.994,22531,22533,22531,3,-3
2025-01-13 15:12:28.995,22531,22533,22530,2,-2
2025-01-13 15:12:30.314,22528,22530,22528,2,-2
2025-01-13 15:12:30.315,22528,22530,22527,7,-7
2025-01-13 15:12:30.316,22528,22530,22526,1,-1
2025-01-13 15:12:30.316,22528,22530,22526,2,-2
2025-01-13 15:12:33.561,22525,22527,22525,2,-2
2025-01-13 15:12:33.561,22525,22527,22525,1,-1
2025-01-13 15:12:33.564,22525,22527,22524,1,-1
2025-01-13 15:12:33.566,22525,22527,22525,1,-1
2025-01-13 15:12:34.762,22524,22526,22526,1,1
2025-01-13 15:12:34.873,22526,22529,22526,1,-1
2025-01-13 15:12:36.335,22525,22527,22524,3,-3
2025-01-13 15:12:36.335,22525,22527,22525,2,-2
2025-01-13 15:12:36.499,22525,22526,22526,1,1
2025-01-13 15:12:38.218,22525,22526,22526,1,1
2025-01-13 15:12:39.363,22525,22527,22525,2,-2
2025-01-13 15:12:40.118,22524,22526,22526,1,1
2025-01-13 15:12:40.684,22524,22526,22524,1,-1
2025-01-13 15:12:40.688,22524,22526,22522,1,-1
2025-01-13 15:12:40.688,22524,22526,22522,1,-1
2025-01-13 15:12:40.850,22521,22522,22521,1,-1
2025-01-13 15:12:41.249,22521,22522,22521,2,-2
2025-01-13 15:12:41.249,22521,22522,22521,2,-2
2025-01-13 15:12:41.389,22520,22521,22520,1,-1
2025-01-13 15:12:41.389,22520,22521,22520,1,-1
2025-01-13 15:12:41.389,22520,22521,22520,1,-1
2025-01-13 15:12:41.389,22520,22521,22520,1,-1
2025-01-13 15:12:41.389,22520,22521,22520,4,-4
2025-01-13 15:12:41.389,22520,22521,22520,1,-1
2025-01-13 15:12:41.389,22520,22521,22520,1,-1
2025-01-13 15:12:41.840,22519,22521,22521,1,1
2025-01-13 15:12:42.239,22520,22522,22520,1,-1
2025-01-13 15:12:44.561,22520,22523,22520,4,-4
2025-01-13 15:12:44.606,22519,22522,22519,3,-3
2025-01-13 15:12:44.606,22519,22522,22518,1,-1
2025-01-13 15:12:45.470,22518,22520,22518,1,-1
2025-01-13 15:12:46.572,22517,22518,22517,1,-1
2025-01-13 15:12:47.029,22515,22517,22517,1,1
2025-01-13 15:12:47.109,22517,22519,22517,1,-1
2025-01-13 15:12:47.272,22516,22519,22517,1,-1
2025-01-13 15:12:47.337,22516,22519,22519,1,1
2025-01-13 15:12:48.189,22517,22520,22518,1,-1
2025-01-13 15:12:48.267,22517,22520,22517,1,-1
2025-01-13 15:12:49.130,22515,22517,22517,1,1
2025-01-13 15:12:49.389,22517,22519,22517,1,-1
2025-01-13 15:12:52.492,22517,22520,22519,2,2
2025-01-13 15:12:53.195,22517,22520,22517,1,-1
2025-01-13 15:12:54.507,22518,22520,22520,2,2
2025-01-13 15:12:57.624,22522,22523,22522,1,-1
2025-01-13 15:12:57.624,22522,22523,22522,1,-1
2025-01-13 15:13:00.149,22520,22523,22523,1,1
2025-01-13 15:13:04.179,22520,22523,22523,1,1
2025-01-13 15:13:05.309,22520,22523,22520,1,-1
2025-01-13 15:13:08.453,22520,22523,22523,1,1
2025-01-13 15:13:22.535,22521,22522,22522,4,4
2025-01-13 15:13:22.570,22521,22522,22524,1,1
2025-01-13 15:13:22.664,22522,22524,22523,1,1
2025-01-13 15:13:23.946,22522,22525,22525,1,1
2025-01-13 15:13:24.152,22522,22525,22525,1,1
2025-01-13 15:13:32.537,22526,22528,22526,1,-1
2025-01-13 15:13:32.548,22526,22528,22522,1,-1
2025-01-13 15:13:32.949,22521,22522,22522,1,1
2025-01-13 15:13:33.130,22521,22522,22522,1,1
2025-01-13 15:13:33.755,22522,22525,22525,2,2
2025-01-13 15:13:42.689,22522,22524,22524,1,1
2025-01-13 15:13:43.294,22521,22524,22524,1,1
2025-01-13 15:13:43.946,22521,22524,22521,1,-1
2025-01-13 15:13:56.927,22521,22523,22521,3,-3
2025-01-13 15:13:56.929,22521,22523,22520,3,-3
2025-01-13 15:13:56.929,22521,22523,22520,4,-4
2025-01-13 15:13:57.693,22518,22521,22522,1,1
2025-01-13 15:13:58.172,22521,22523,22523,1,1
2025-01-13 15:14:01.856,22523,22525,22523,1,-1
2025-01-13 15:14:02.082,22521,22522,22522,1,1
2025-01-13 15:14:05.638,22521,22524,22524,2,2
2025-01-13 15:14:06.201,22523,22525,22525,1,1
2025-01-13 15:14:11.597,22522,22524,22522,1,-1
2025-01-13 15:14:11.597,22522,22524,22522,1,-1
2025-01-13 15:14:24.230,22523,22525,22523,1,-1
2025-01-13 15:14:28.480,22523,22525,22523,1,-1
2025-01-13 15:14:28.690,22523,22525,22523,1,-1
2025-01-13 15:14:28.690,22523,22525,22522,1,-1
2025-01-13 15:14:29.343,22522,22524,22524,1,1
2025-01-13 15:14:32.579,22522,22524,22522,1,-1
2025-01-13 15:14:32.579,22522,22524,22521,4,-4
2025-01-13 15:14:33.289,22520,22523,22523,1,1
2025-01-13 15:14:35.000,22520,22522,22520,3,-3
2025-01-13 15:14:35.000,22520,22522,22520,1,-1
2025-01-13 15:14:38.742,22517,22519,22519,1,1
2025-01-13 15:14:52.892,22522,22524,22521,3,-3
2025-01-13 15:14:52.892,22522,22524,22522,2,-2
2025-01-13 15:14:53.631,22520,22523,22523,1,1
2025-01-13 15:14:55.746,22523,22525,22525,2,2
2025-01-13 15:14:55.747,22523,22525,22526,5,5
2025-01-13 15:14:58.864,22524,22527,22527,1,1
2025-01-13 15:14:59.920,22525,22528,22528,1,1
2025-01-13 15:15:02.579,22526,22528,22527,2,2
2025-01-13 15:15:03.359,22525,22527,22525,1,-1
2025-01-13 15:15:04.699,22524,22525,22524,2,-2
2025-01-13 15:15:05.948,22524,22525,22525,1,1
2025-01-13 15:15:06.088,22525,22526,22526,1,1
2025-01-13 15:15:06.089,22525,22526,22526,1,1
2025-01-13 15:15:06.089,22525,22526,22526,2,2
2025-01-13 15:15:06.089,22525,22526,22526,1,1
2025-01-13 15:15:06.457,22527,22529,22527,1,-1
2025-01-13 15:15:08.903,22526,22529,22529,1,1
2025-01-13 15:15:08.983,22526,22529,22526,1,-1
2025-01-13 15:15:09.823,22525,22528,22528,1,1
2025-01-13 15:15:10.569,22527,22529,22529,1,1
2025-01-13 15:15:12.768,22527,22530,22530,1,1
2025-01-13 15:15:12.878,22530,22531,22530,1,-1
2025-01-13 15:15:14.042,22527,22530,22530,1,1
2025-01-13 15:15:17.979,22527,22530,22530,2,2
2025-01-13 15:15:18.426,22527,22530,22530,1,1
2025-01-13 15:15:20.010,22527,22530,22530,1,1
2025-01-13 15:15:23.666,22529,22531,22531,1,1
2025-01-13 15:15:23.851,22531,22534,22532,1,-1
2025-01-13 15:15:24.375,22533,22536,22536,2,2
2025-01-13 15:15:30.160,22535,22538,22535,1,-1
2025-01-13 15:15:30.840,22531,22533,22533,1,1
2025-01-13 15:15:31.450,22531,22533,22534,7,7
2025-01-13 15:15:31.450,22531,22533,22533,3,3
2025-01-13 15:15:31.482,22533,22536,22533,1,-1
2025-01-13 15:15:31.482,22533,22536,22533,1,-1
2025-01-13 15:15:36.762,22531,22532,22532,1,1
2025-01-13 15:15:37.364,22531,22533,22531,1,-1
2025-01-13 15:15:41.200,22531,22533,22533,1,1
2025-01-13 15:15:42.256,22532,22535,22532,5,-5
2025-01-13 15:15:42.456,22530,22533,22530,1,-1
2025-01-13 15:15:44.814,22530,22531,22530,1,-1
2025-01-13 15:15:50.259,22530,22531,22531,1,1
2025-01-13 15:15:50.591,22530,22533,22530,1,-1
2025-01-13 15:15:50.591,22530,22533,22529,2,-2
2025-01-13 15:15:51.041,22526,22529,22526,4,-4
2025-01-13 15:15:52.938,22526,22528,22528,1,1
2025-01-13 15:16:03.932,22528,22530,22528,1,-1
2025-01-13 15:16:04.542,22526,22529,22529,1,1
2025-01-13 15:16:09.039,22529,22530,22530,1,1
2025-01-13 15:16:09.039,22529,22530,22530,1,1
2025-01-13 15:16:13.545,22530,22531,22531,1,1
2025-01-13 15:16:23.535,22532,22535,22532,1,-1
2025-01-13 15:16:29.318,22532,22535,22532,1,-1
2025-01-13 15:16:29.357,22530,22532,22532,1,1
2025-01-13 15:16:29.357,22530,22532,22532,1,1
2025-01-13 15:16:35.041,22532,22534,22532,5,-5
2025-01-13 15:16:41.852,22530,22532,22530,1,-1
2025-01-13 15:16:42.441,22528,22530,22529,1,-1
2025-01-13 15:16:43.248,22528,22529,22528,1,-1
2025-01-13 15:16:43.248,22528,22529,22528,1,-1
2025-01-13 15:16:43.260,22528,22529,22526,1,-1
2025-01-13 15:16:56.704,22525,22527,22525,1,-1
2025-01-13 15:16:56.774,22524,22525,22524,1,-1
2025-01-13 15:16:56.903,22521,22524,22521,1,-1
2025-01-13 15:16:57.033,22521,22524,22521,1,-1
2025-01-13 15:16:57.348,22520,22523,22523,1,1
2025-01-13 15:17:03.457,22527,22529,22527,1,-1
2025-01-13 15:17:03.485,22527,22529,22527,1,-1
2025-01-13 15:17:10.466,22522,22525,22525,1,1
2025-01-13 15:17:12.159,22523,22527,22523,4,-4
2025-01-13 15:17:12.159,22523,22527,22522,1,-1
2025-01-13 15:17:12.805,22522,22525,22525,1,1
2025-01-13 15:17:13.325,22522,22525,22522,3,-3
2025-01-13 15:17:13.519,22520,22522,22522,1,1
2025-01-13 15:17:13.533,22520,22522,22520,1,-1
2025-01-13 15:17:18.566,22521,22524,22521,1,-1
2025-01-13 15:17:20.983,22520,22523,22523,1,1
2025-01-13 15:17:23.929,22519,22522,22522,1,1
2025-01-13 15:17:28.228,22519,22520,22519,1,-1
2025-01-13 15:17:28.283,22517,22520,22519,1,1
2025-01-13 15:17:30.504,22520,22523,22523,5,5
2025-01-13 15:17:30.505,22520,22523,22523,1,1
2025-01-13 15:17:34.925,22525,22528,22525,1,-1
2025-01-13 15:17:42.844,22524,22525,22525,1,1
2025-01-13 15:17:55.862,22528,22530,22530,1,1
2025-01-13 15:17:55.863,22528,22530,22530,1,1
2025-01-13 15:17:59.964,22530,22532,22532,5,5
2025-01-13 15:18:01.825,22531,22534,22531,1,-1
2025-01-13 15:18:03.976,22533,22535,22533,1,-1
2025-01-13 15:18:07.754,22530,22533,22533,1,1
2025-01-13 15:18:17.045,22533,22534,22533,1,-1
2025-01-13 15:18:25.560,22528,22531,22531,4,4
2025-01-13 15:18:31.013,22530,22533,22529,3,-3
2025-01-13 15:18:31.013,22530,22533,22530,1,-1
2025-01-13 15:18:38.739,22532,22534,22534,6,6
2025-01-13 15:18:38.739,22532,22534,22534,2,2
2025-01-13 15:18:38.740,22532,22534,22535,1,1
2025-01-13 15:18:38.740,22532,22534,22535,1,1
2025-01-13 15:18:38.755,22532,22534,22536,1,1
2025-01-13 15:18:42.026,22537,22538,22538,1,1
2025-01-13 15:18:42.368,22536,22539,22539,1,1
2025-01-13 15:18:42.992,22538,22541,22538,1,-1
2025-01-13 15:18:51.027,22538,22539,22538,1,-1
2025-01-13 15:18:58.230,22534,22537,22537,1,1
2025-01-13 15:18:58.945,22535,22538,22535,2,-2
2025-01-13 15:18:58.945,22535,22538,22534,5,-5
2025-01-13 15:18:59.192,22532,22533,22533,3,3
2025-01-13 15:18:59.553,22531,22534,22534,1,1
2025-01-13 15:18:59.805,22532,22534,22534,1,1
2025-01-13 15:19:01.070,22532,22534,22534,4,4
2025-01-13 15:19:01.071,22532,22534,22534,7,7
2025-01-13 15:19:07.544,22537,22538,22538,1,1
2025-01-13 15:19:12.921,22540,22542,22540,1,-1
2025-01-13 15:19:13.898,22539,22541,22541,1,1
2025-01-13 15:19:14.069,22540,22542,22542,1,1
2025-01-13 15:19:15.271,22540,22543,22543,1,1
2025-01-13 15:19:15.379,22542,22544,22544,2,2
2025-01-13 15:19:15.379,22542,22544,22545,3,3
2025-01-13 15:19:15.410,22542,22544,22545,1,1
2025-01-13 15:19:18.163,22545,22546,22546,1,1
2025-01-13 15:19:18.164,22545,22546,22546,2,2
2025-01-13 15:19:18.164,22545,22546,22546,1,1
2025-01-13 15:19:18.805,22546,22547,22547,1,1
2025-01-13 15:19:21.695,22546,22549,22549,1,1
2025-01-13 15:19:22.944,22546,22549,22549,2,2
2025-01-13 15:19:22.944,22546,22549,22550,1,1
2025-01-13 15:19:23.092,22548,22550,22550,1,1
2025-01-13 15:19:23.093,22548,22550,22550,1,1
2025-01-13 15:19:23.159,22548,22550,22550,1,1
2025-01-13 15:19:28.188,22550,22551,22550,1,-1
2025-01-13 15:19:28.188,22550,22551,22550,2,-2
2025-01-13 15:19:29.636,22547,22549,22549,1,1
2025-01-13 15:19:34.986,22547,22549,22547,1,-1
2025-01-13 15:19:42.750,22546,22549,22549,1,1
2025-01-13 15:19:48.566,22546,22548,22548,1,1
2025-01-13 15:19:48.567,22546,22548,22549,1,1
2025-01-13 15:19:48.569,22546,22548,22550,2,2
2025-01-13 15:19:48.570,22546,22548,22551,1,1
2025-01-13 15:19:50.492,22550,22552,22552,1,1
2025-01-13 15:19:51.433,22552,22553,22553,1,1
2025-01-13 15:19:51.597,22552,22553,22550,1,-1
2025-01-13 15:19:54.701,22549,22552,22552,1,1
2025-01-13 15:19:54.758,22550,22553,22550,1,-1
2025-01-13 15:19:57.190,22548,22551,22551,1,1
2025-01-13 15:19:59.430,22548,22551,22551,1,1
2025-01-13 15:19:59.801,22548,22551,22548,2,-2
2025-01-13 15:20:01.466,22547,22549,22548,1,-1
2025-01-13 15:20:01.961,22546,22549,22549,1,1
2025-01-13 15:20:02.273,22547,22550,22550,1,1
2025-01-13 15:20:02.508,22548,22551,22551,1,1
2025-01-13 15:20:02.749,22549,22552,22552,1,1
2025-01-13 15:20:02.988,22549,22551,22551,1,1
2025-01-13 15:20:03.222,22549,22552,22552,1,1
2025-01-13 15:20:03.293,22550,22553,22553,1,1
2025-01-13 15:20:03.437,22550,22553,22553,1,1
2025-01-13 15:20:03.439,22550,22553,22551,2,-2
2025-01-13 15:20:03.632,22550,22553,22553,1,1
2025-01-13 15:20:03.863,22550,22553,22553,1,1
2025-01-13 15:20:04.077,22550,22553,22553,1,1
2025-01-13 15:20:04.297,22550,22553,22553,1,1
2025-01-13 15:20:04.567,22551,22552,22552,1,1
2025-01-13 15:20:04.780,22551,22552,22552,1,1
2025-01-13 15:20:05.008,22551,22552,22552,1,1
2025-01-13 15:20:05.176,22551,22552,22552,1,1
2025-01-13 15:20:05.326,22551,22552,22552,1,1
2025-01-13 15:20:05.502,22551,22553,22553,1,1
2025-01-13 15:20:05.688,22551,22554,22554,1,1
2025-01-13 15:20:05.868,22551,22554,22554,1,1
2025-01-13 15:20:06.025,22551,22554,22554,1,1
2025-01-13 15:20:06.152,22551,22554,22555,1,1
2025-01-13 15:20:06.499,22555,22557,22555,1,-1
2025-01-13 15:20:10.341,22554,22556,22556,1,1
2025-01-13 15:20:10.343,22554,22556,22556,1,1
2025-01-13 15:20:12.133,22554,22556,22554,1,-1
2025-01-13 15:20:12.867,22554,22555,22554,3,-3
2025-01-13 15:20:14.885,22550,22552,22550,1,-1
2025-01-13 15:20:16.735,22550,22552,22552,1,1
2025-01-13 15:20:16.966,22553,22555,22553,2,-2
2025-01-13 15:20:18.721,22553,22555,22555,1,1
2025-01-13 15:20:23.406,22556,22557,22557,1,1
2025-01-13 15:20:23.713,22556,22557,22557,1,1
2025-01-13 15:20:28.911,22553,22555,22553,1,-1
2025-01-13 15:20:29.418,22551,22553,22551,1,-1
2025-01-13 15:20:38.752,22550,22552,22552,1,1
2025-01-13 15:20:42.348,22554,22557,22557,1,1
2025-01-13 15:20:47.035,22556,22558,22558,4,4
2025-01-13 15:20:49.216,22557,22559,22557,1,-1
2025-01-13 15:20:49.766,22558,22559,22559,1,1
2025-01-13 15:20:49.766,22558,22559,22560,1,1
2025-01-13 15:21:04.002,22550,22552,22550,4,-4
2025-01-13 15:21:05.619,22548,22549,22548,1,-1
2025-01-13 15:21:05.782,22547,22549,22547,1,-1
2025-01-13 15:21:05.953,22546,22548,22548,1,1
2025-01-13 15:21:06.088,22545,22547,22547,1,1
2025-01-13 15:21:06.089,22545,22547,22548,1,1
2025-01-13 15:21:19.418,22545,22548,22548,1,1
2025-01-13 15:21:30.194,22545,22547,22545,1,-1
2025-01-13 15:21:35.266,22544,22547,22544,2,-2
2025-01-13 15:21:42.039,22540,22542,22540,2,-2
2025-01-13 15:21:43.089,22538,22540,22538,1,-1
2025-01-13 15:21:45.062,22537,22540,22540,1,1
2025-01-13 15:21:45.062,22537,22540,22540,1,1
2025-01-13 15:21:45.063,22537,22540,22540,1,1
2025-01-13 15:21:48.301,22539,22542,22539,1,-1
2025-01-13 15:21:52.114,22538,22541,22538,1,-1
2025-01-13 15:21:52.220,22538,22541,22537,1,-1
2025-01-13 15:21:58.307,22534,22536,22536,1,1
2025-01-13 15:21:58.319,22534,22536,22536,1,1
2025-01-13 15:21:58.319,22534,22536,22536,1,1
2025-01-13 15:22:00.310,22536,22537,22536,1,-1
2025-01-13 15:22:00.436,22535,22537,22537,1,1
2025-01-13 15:22:02.690,22534,22537,22534,1,-1
2025-01-13 15:22:03.640,22533,22536,22536,5,5
2025-01-13 15:22:03.642,22533,22536,22537,1,1
2025-01-13 15:22:03.642,22533,22536,22536,5,5
2025-01-13 15:22:06.675,22532,22533,22533,1,1
2025-01-13 15:22:06.853,22532,22534,22532,1,-1
2025-01-13 15:22:09.755,22530,22531,22530,1,-1
2025-01-13 15:22:11.626,22527,22529,22527,1,-1
2025-01-13 15:22:11.671,22527,22529,22527,1,-1
2025-01-13 15:22:13.064,22526,22528,22526,1,-1
2025-01-13 15:22:14.619,22526,22528,22526,1,-1
2025-01-13 15:22:14.860,22526,22528,22528,1,1
2025-01-13 15:22:19.835,22529,22530,22530,1,1
2025-01-13 15:22:19.866,22529,22533,22534,5,5
2025-01-13 15:22:21.908,22533,22535,22535,1,1
2025-01-13 15:22:28.184,22536,22538,22538,1,1
2025-01-13 15:22:28.185,22536,22538,22538,1,1
2025-01-13 15:22:39.290,22539,22540,22539,1,-1
2025-01-13 15:22:46.555,22538,22540,22540,1,1
2025-01-13 15:22:52.724,22537,22540,22540,1,1
2025-01-13 15:22:56.858,22541,22542,22542,1,1
2025-01-13 15:23:06.470,22541,22544,22542,2,-2
2025-01-13 15:23:06.471,22541,22544,22540,2,-2
2025-01-13 15:23:06.472,22541,22544,22540,1,-1
2025-01-13 15:23:06.472,22541,22544,22540,1,-1
2025-01-13 15:23:13.719,22537,22539,22539,5,5
2025-01-13 15:23:27.318,22540,22543,22543,1,1
2025-01-13 15:23:27.319,22540,22543,22544,2,2
2025-01-13 15:23:31.303,22547,22549,22549,1,1
2025-01-13 15:23:31.491,22549,22550,22549,1,-1
2025-01-13 15:23:33.472,22548,22550,22550,1,1
2025-01-13 15:23:35.695,22551,22553,22553,1,1
2025-01-13 15:23:38.543,22552,22554,22554,1,1
2025-01-13 15:23:38.954,22552,22555,22555,1,1
2025-01-13 15:23:44.301,22554,22555,22555,1,1
2025-01-13 15:23:45.403,22555,22556,22555,1,-1
2025-01-13 15:23:49.336,22555,22556,22555,1,-1
2025-01-13 15:24:02.857,22553,22555,22553,1,-1
2025-01-13 15:24:02.857,22553,22555,22552,1,-1
2025-01-13 15:24:02.857,22553,22555,22551,1,-1
2025-01-13 15:24:02.858,22553,22555,22551,3,-3
2025-01-13 15:24:02.858,22553,22555,22550,1,-1
2025-01-13 15:24:05.320,22549,22551,22549,1,-1
2025-01-13 15:24:12.851,22547,22550,22550,1,1
2025-01-13 15:24:15.524,22550,22552,22552,1,1
2025-01-13 15:24:15.533,22550,22552,22553,1,1
2025-01-13 15:24:15.533,22550,22552,22553,1,1
2025-01-13 15:24:20.100,22555,22557,22556,1,1
2025-01-13 15:24:21.531,22554,22556,22556,1,1
2025-01-13 15:24:21.943,22554,22556,22556,1,1
2025-01-13 15:24:22.284,22556,22557,22556,4,-4
2025-01-13 15:24:23.682,22556,22557,22557,1,1
2025-01-13 15:24:24.062,22556,22557,22557,1,1
2025-01-13 15:24:24.063,22556,22557,22558,5,5
2025-01-13 15:24:25.245,22557,22559,22559,1,1
2025-01-13 15:24:25.247,22557,22559,22560,1,1
2025-01-13 15:24:25.248,22557,22559,22560,6,6
2025-01-13 15:24:25.249,22557,22559,22561,1,1
2025-01-13 15:24:25.481,22560,22562,22560,1,-1
2025-01-13 15:24:26.976,22555,22558,22557,1,1
2025-01-13 15:24:27.540,22555,22558,22558,1,1
2025-01-13 15:24:32.962,22554,22556,22556,2,2
2025-01-13 15:24:34.507,22555,22558,22557,1,1
2025-01-13 15:24:36.266,22554,22556,22556,4,4
2025-01-13 15:24:39.689,22556,22557,22557,1,1
2025-01-13 15:24:41.594,22556,22557,22557,1,1
2025-01-13 15:24:43.678,22556,22558,22556,1,-1
2025-01-13 15:24:47.211,22556,22558,22556,1,-1
2025-01-13 15:24:48.698,22554,22556,22556,1,1
2025-01-13 15:24:57.249,22557,22558,22558,1,1
2025-01-13 15:24:57.249,22557,22558,22558,1,1
2025-01-13 15:24:57.454,22557,22559,22559,4,4
2025-01-13 15:24:57.455,22557,22559,22560,1,1
2025-01-13 15:24:57.456,22557,22559,22560,1,1
2025-01-13 15:24:57.457,22557,22559,22561,1,1
2025-01-13 15:24:57.672,22561,22562,22561,2,-2
2025-01-13 15:25:02.748,22560,22561,22560,1,-1
2025-01-13 15:25:02.865,22558,22561,22561,1,1
2025-01-13 15:25:02.984,22560,22562,22562,8,8
2025-01-13 15:25:04.065,22562,22563,22563,1,1
2025-01-13 15:25:05.566,22564,22565,22565,1,1
2025-01-13 15:25:05.925,22565,22566,22565,1,-1
2025-01-13 15:25:06.567,22564,22566,22566,1,1
2025-01-13 15:25:09.409,22565,22566,22566,1,1
2025-01-13 15:25:09.409,22565,22566,22567,1,1
2025-01-13 15:25:10.069,22567,22568,22568,1,1
2025-01-13 15:25:10.069,22567,22568,22568,1,1
2025-01-13 15:25:10.069,22567,22568,22568,6,6
2025-01-13 15:25:10.069,22567,22568,22568,1,1
2025-01-13 15:25:10.069,22567,22568,22568,2,2
2025-01-13 15:25:10.069,22567,22568,22568,1,1
2025-01-13 15:25:10.891,22568,22569,22569,1,1
2025-01-13 15:25:11.117,22568,22570,22568,1,-1
2025-01-13 15:25:11.600,22568,22570,22568,1,-1
2025-01-13 15:25:13.363,22569,22570,22569,1,-1
2025-01-13 15:25:14.012,22569,22570,22569,2,-2
2025-01-13 15:25:14.020,22569,22570,22569,1,-1
2025-01-13 15:25:15.698,22566,22568,22566,1,-1
2025-01-13 15:25:15.739,22566,22568,22568,1,1
2025-01-13 15:25:16.487,22566,22568,22566,1,-1
2025-01-13 15:25:16.625,22565,22567,22565,1,-1
2025-01-13 15:25:16.626,22565,22567,22565,2,-2
2025-01-13 15:25:16.626,22565,22567,22565,5,-5
2025-01-13 15:25:16.626,22565,22567,22565,1,-1
2025-01-13 15:25:19.213,22564,22567,22564,1,-1
2025-01-13 15:25:21.210,22563,22565,22563,1,-1
2025-01-13 15:25:21.232,22562,22563,22563,1,1
2025-01-13 15:25:22.365,22562,22564,22562,1,-1
2025-01-13 15:25:22.365,22562,22564,22561,1,-1
2025-01-13 15:25:25.619,22560,22563,22560,1,-1
2025-01-13 15:25:27.087,22559,22561,22559,1,-1
2025-01-13 15:25:31.494,22557,22559,22559,1,1
2025-01-13 15:25:42.715,22560,22563,22563,1,1
2025-01-13 15:25:45.313,22560,22562,22560,1,-1
2025-01-13 15:25:45.313,22560,22562,22560,1,-1
2025-01-13 15:25:45.364,22559,22561,22561,1,1
2025-01-13 15:25:46.468,22559,22561,22559,1,-1
2025-01-13 15:25:47.118,22558,22560,22558,1,-1
2025-01-13 15:25:47.118,22558,22560,22558,1,-1
2025-01-13 15:25:52.871,22551,22553,22553,1,1
2025-01-13 15:25:56.654,22551,22553,22551,1,-1
2025-01-13 15:25:57.542,22550,22551,22551,1,1
2025-01-13 15:25:59.576,22550,22551,22551,1,1
2025-01-13 15:25:59.584,22550,22551,22552,1,1
2025-01-13 15:25:59.734,22551,22553,22551,1,-1
2025-01-13 15:26:00.005,22551,22553,22551,1,-1
2025-01-13 15:26:00.006,22551,22553,22550,1,-1
2025-01-13 15:26:00.006,22551,22553,22550,1,-1
2025-01-13 15:26:00.167,22548,22550,22551,1,1
2025-01-13 15:26:00.776,22550,22552,22552,1,1
2025-01-13 15:26:00.998,22552,22553,22552,1,-1
2025-01-13 15:26:02.000,22551,22553,22553,1,1
2025-01-13 15:26:02.656,22553,22554,22553,1,-1
2025-01-13 15:26:05.699,22551,22552,22552,1,1
2025-01-13 15:26:05.699,22551,22552,22553,1,1
2025-01-13 15:26:14.400,22548,22549,22548,1,-1
2025-01-13 15:26:14.401,22548,22549,22548,1,-1
2025-01-13 15:26:14.687,22546,22548,22548,1,1
2025-01-13 15:26:18.734,22548,22549,22548,1,-1
2025-01-13 15:26:23.968,22548,22549,22548,1,-1
2025-01-13 15:26:24.734,22547,22549,22549,1,1
2025-01-13 15:26:24.735,22547,22549,22550,5,5
2025-01-13 15:26:24.975,22551,22553,22553,1,1
2025-01-13 15:26:27.620,22554,22555,22555,1,1
2025-01-13 15:26:34.636,22552,22554,22553,1,1
2025-01-13 15:26:43.827,22551,22553,22551,1,-1
2025-01-13 15:26:43.827,22551,22553,22551,1,-1
2025-01-13 15:26:50.031,22550,22551,22551,1,1
2025-01-13 15:26:50.031,22550,22551,22551,1,1
2025-01-13 15:26:53.536,22552,22553,22553,1,1
2025-01-13 15:26:56.920,22554,22556,22554,1,-1
2025-01-13 15:27:05.877,22551,22553,22551,1,-1
2025-01-13 15:27:05.925,22551,22553,22549,1,-1
2025-01-13 15:27:12.024,22549,22550,22549,1,-1
2025-01-13 15:27:12.107,22549,22550,22550,1,1
2025-01-13 15:27:13.866,22549,22550,22549,1,-1
2025-01-13 15:27:13.982,22548,22550,22550,1,1
2025-01-13 15:27:17.819,22548,22550,22548,1,-1
2025-01-13 15:27:21.944,22549,22551,22551,1,1
2025-01-13 15:27:21.987,22550,22553,22553,1,1
2025-01-13 15:27:23.990,22552,22553,22553,1,1
2025-01-13 15:27:26.167,22550,22553,22553,2,2
2025-01-13 15:27:27.721,22552,22554,22552,1,-1
2025-01-13 15:27:27.721,22552,22554,22552,2,-2
2025-01-13 15:27:27.721,22552,22554,22551,5,-5
2025-01-13 15:27:27.722,22552,22554,22550,2,-2
2025-01-13 15:27:27.835,22548,22550,22548,1,-1
2025-01-13 15:27:27.836,22548,22550,22548,1,-1
2025-01-13 15:27:27.836,22548,22550,22548,7,-7
2025-01-13 15:27:27.836,22548,22550,22548,1,-1
2025-01-13 15:27:29.386,22546,22548,22546,1,-1
2025-01-13 15:27:30.949,22545,22548,22548,1,1
2025-01-13 15:27:32.057,22546,22548,22548,1,1
2025-01-13 15:27:39.318,22546,22549,22549,1,1
2025-01-13 15:27:40.501,22548,22550,22548,1,-1
2025-01-13 15:27:40.515,22548,22550,22547,1,-1
2025-01-13 15:27:40.515,22548,22550,22547,2,-2
2025-01-13 15:27:40.515,22548,22550,22547,1,-1
2025-01-13 15:27:40.607,22545,22547,22547,1,1
2025-01-13 15:27:52.585,22547,22550,22550,2,2
2025-01-13 15:28:01.181,22550,22553,22550,1,-1
2025-01-13 15:28:04.125,22548,22551,22551,1,1
2025-01-13 15:28:04.232,22549,22551,22551,1,1
2025-01-13 15:28:04.232,22549,22551,22552,1,1
2025-01-13 15:28:04.235,22549,22551,22552,1,1
2025-01-13 15:28:04.867,22551,22554,22551,4,-4
2025-01-13 15:28:04.867,22551,22554,22550,4,-4
2025-01-13 15:28:17.369,22549,22552,22549,1,-1
2025-01-13 15:28:21.029,22548,22551,22548,1,-1
2025-01-13 15:28:25.080,22548,22549,22548,2,-2
2025-01-13 15:28:25.279,22546,22547,22547,1,1
2025-01-13 15:28:27.622,22546,22547,22547,2,2
2025-01-13 15:28:27.622,22546,22547,22548,6,6
2025-01-13 15:28:36.303,22546,22548,22546,1,-1
2025-01-13 15:28:43.031,22546,22548,22548,1,1
2025-01-13 15:28:43.108,22548,22551,22551,1,1
2025-01-13 15:28:43.929,22548,22551,22549,1,-1
2025-01-13 15:28:48.567,22550,22553,22550,1,-1
2025-01-13 15:28:56.956,22552,22554,22554,3,3
2025-01-13 15:28:58.253,22553,22554,22554,1,1
2025-01-13 15:28:58.947,22554,22556,22554,2,-2
2025-01-13 15:29:02.679,22554,22555,22554,1,-1
2025-01-13 15:29:04.395,22554,22555,22554,2,-2
2025-01-13 15:29:05.555,22553,22555,22555,1,1
2025-01-13 15:29:06.603,22555,22558,22554,1,-1
2025-01-13 15:29:06.750,22552,22555,22555,1,1
2025-01-13 15:29:16.160,22553,22554,22554,1,1
2025-01-13 15:29:16.161,22553,22554,22555,1,1
2025-01-13 15:29:56.283,22554,22555,22555,1,1
2025-01-13 15:29:56.283,22554,22555,22555,1,1
2025-01-13 15:29:58.587,22556,22557,22557,1,1
2025-01-13 15:30:00.373,22555,22558,22558,1,1
2025-01-13 15:30:00.622,22555,22557,22557,1,1
2025-01-13 15:30:00.681,22555,22557,22554,2,-2
2025-01-13 15:30:00.682,22555,22557,22553,2,-2
2025-01-13 15:30:00.683,22555,22557,22553,1,-1
2025-01-13 15:30:00.683,22555,22557,22552,3,-3
2025-01-13 15:30:02.046,22551,22553,22553,1,1
2025-01-13 15:30:11.236,22550,22552,22550,1,-1
2025-01-13 15:30:16.174,22549,22552,22552,1,1
2025-01-13 15:30:16.174,22549,22552,22553,2,2
2025-01-13 15:30:26.821,22549,22551,22550,1,1
2025-01-13 15:30:27.840,22547,22550,22550,1,1
2025-01-13 15:30:32.356,22549,22550,22549,1,-1
2025-01-13 15:30:36.654,22546,22548,22546,1,-1
2025-01-13 15:30:37.300,22545,22547,22546,1,-1
2025-01-13 15:30:39.380,22545,22546,22545,2,-2
2025-01-13 15:30:40.578,22543,22545,22545,1,1
2025-01-13 15:30:43.192,22543,22545,22545,1,1
2025-01-13 15:30:43.192,22543,22545,22545,1,1
2025-01-13 15:30:43.192,22543,22545,22545,3,3
2025-01-13 15:30:43.231,22545,22547,22545,1,-1
2025-01-13 15:30:43.745,22544,22546,22546,1,1
2025-01-13 15:30:52.224,22543,22546,22546,2,2
2025-01-13 15:30:56.287,22545,22546,22545,3,-3
2025-01-13 15:30:56.287,22545,22546,22544,2,-2
2025-01-13 15:30:57.021,22544,22546,22546,4,4
2025-01-13 15:31:00.218,22546,22549,22546,3,-3
2025-01-13 15:31:00.218,22546,22549,22546,1,-1
2025-01-13 15:31:00.225,22546,22549,22545,1,-1
2025-01-13 15:31:00.225,22546,22549,22545,1,-1
2025-01-13 15:31:00.225,22546,22549,22544,1,-1
2025-01-13 15:31:00.225,22546,22549,22544,1,-1
2025-01-13 15:31:00.228,22541,22543,22541,2,-2
2025-01-13 15:31:00.228,22541,22543,22540,2,-2
2025-01-13 15:31:00.951,22541,22543,22543,1,1
2025-01-13 15:31:01.446,22540,22541,22540,3,-3
2025-01-13 15:31:05.118,22542,22543,22542,1,-1
2025-01-13 15:31:05.941,22539,22542,22539,1,-1
2025-01-13 15:31:05.946,22539,22542,22538,1,-1
2025-01-13 15:31:06.101,22537,22538,22539,1,1
2025-01-13 15:31:06.837,22537,22539,22537,1,-1
2025-01-13 15:31:07.040,22536,22538,22536,2,-2
2025-01-13 15:31:10.420,22535,22537,22535,1,-1
2025-01-13 15:31:10.535,22534,22537,22534,1,-1
2025-01-13 15:31:12.725,22534,22536,22534,1,-1
2025-01-13 15:31:12.801,22534,22536,22536,1,1
2025-01-13 15:31:13.074,22535,22538,22538,1,1
2025-01-13 15:31:21.841,22536,22537,22538,1,1
2025-01-13 15:31:28.688,22539,22541,22539,1,-1
2025-01-13 15:31:28.741,22539,22541,22541,1,1
2025-01-13 15:31:37.950,22541,22543,22541,1,-1
2025-01-13 15:31:43.210,22540,22542,22542,1,1
2025-01-13 15:31:56.595,22540,22541,22540,1,-1
2025-01-13 15:31:59.261,22540,22541,22541,2,2
2025-01-13 15:32:18.671,22543,22544,22546,9,9
2025-01-13 15:32:18.671,22543,22544,22544,1,1
2025-01-13 15:32:18.671,22543,22544,22545,3,3
2025-01-13 15:32:18.679,22543,22544,22548,1,1
2025-01-13 15:32:19.098,22546,22549,22546,2,-2
2025-01-13 15:32:21.607,22546,22548,22548,2,2
2025-01-13 15:32:25.058,22548,22549,22548,1,-1
2025-01-13 15:32:33.754,22548,22549,22549,1,1
2025-01-13 15:32:33.780,22548,22549,22550,1,1
2025-01-13 15:32:34.381,22550,22551,22551,1,1
2025-01-13 15:32:35.397,22551,22552,22552,1,1
2025-01-13 15:32:38.735,22551,22553,22551,1,-1
2025-01-13 15:32:39.023,22550,22552,22550,2,-2
2025-01-13 15:32:44.947,22551,22552,22552,1,1
2025-01-13 15:32:51.335,22551,22553,22550,1,-1
2025-01-13 15:32:51.335,22551,22553,22550,3,-3
2025-01-13 15:32:51.335,22551,22553,22551,1,-1
2025-01-13 15:32:51.336,22551,22553,22549,5,-5
2025-01-13 15:32:51.336,22551,22553,22548,2,-2
2025-01-13 15:32:51.336,22551,22553,22548,1,-1
2025-01-13 15:32:51.338,22551,22553,22547,1,-1
2025-01-13 15:32:51.339,22551,22553,22546,1,-1
2025-01-13 15:32:51.345,22551,22553,22544,1,-1
2025-01-13 15:32:51.349,22551,22553,22544,1,-1
2025-01-13 15:32:51.349,22551,22553,22543,3,-3
2025-01-13 15:32:52.512,22543,22545,22545,2,2
2025-01-13 15:32:52.512,22543,22545,22545,1,1
2025-01-13 15:32:57.120,22545,22547,22545,1,-1
2025-01-13 15:33:12.122,22542,22543,22542,2,-2
2025-01-13 15:33:12.903,22541,22542,22541,1,-1
2025-01-13 15:33:13.059,22539,22541,22539,1,-1
2025-01-13 15:33:15.262,22539,22540,22539,1,-1
2025-01-13 15:33:18.454,22538,22539,22538,1,-1
2025-01-13 15:33:18.455,22538,22539,22538,1,-1
2025-01-13 15:33:18.847,22537,22538,22537,1,-1
2025-01-13 15:33:20.736,22536,22537,22537,1,1
2025-01-13 15:33:20.738,22536,22537,22538,1,1
2025-01-13 15:33:20.749,22536,22537,22538,1,1
2025-01-13 15:33:20.750,22536,22537,22538,2,2
2025-01-13 15:33:20.750,22536,22537,22538,2,2
2025-01-13 15:33:20.879,22537,22540,22537,1,-1
2025-01-13 15:33:21.015,22536,22539,22539,2,2
2025-01-13 15:33:23.750,22536,22538,22536,1,-1
2025-01-13 15:33:23.751,22536,22538,22536,1,-1
2025-01-13 15:33:28.433,22534,22536,22536,2,2
2025-01-13 15:33:29.514,22534,22537,22534,1,-1
2025-01-13 15:33:33.310,22534,22536,22536,1,1
2025-01-13 15:33:35.949,22535,22537,22537,1,1
2025-01-13 15:34:06.710,22535,22537,22535,1,-1
2025-01-13 15:34:11.977,22539,22540,22539,1,-1
2025-01-13 15:34:19.703,22538,22540,22540,3,3
2025-01-13 15:34:19.704,22538,22540,22541,1,1
2025-01-13 15:34:19.705,22538,22540,22541,1,1
2025-01-13 15:34:20.533,22541,22544,22544,1,1
2025-01-13 15:34:24.950,22541,22543,22543,1,1
2025-01-13 15:34:27.851,22541,22544,22541,1,-1
2025-01-13 15:34:30.873,22541,22544,22541,1,-1
2025-01-13 15:34:44.673,22541,22543,22543,1,1
2025-01-13 15:34:44.978,22543,22545,22543,1,-1
2025-01-13 15:34:45.133,22542,22545,22542,1,-1
2025-01-13 15:34:45.628,22542,22544,22544,1,1
2025-01-13 15:34:48.500,22543,22545,22545,1,1
2025-01-13 15:34:52.742,22544,22546,22542,1,-1
2025-01-13 15:34:52.742,22544,22546,22542,3,-3
2025-01-13 15:34:52.742,22544,22546,22544,1,-1
2025-01-13 15:34:52.742,22544,22546,22543,3,-3
2025-01-13 15:34:52.743,22544,22546,22542,2,-2
2025-01-13 15:34:52.743,22544,22546,22541,1,-1
2025-01-13 15:34:52.743,22544,22546,22542,1,-1
2025-01-13 15:34:52.744,22544,22546,22541,3,-3
2025-01-13 15:34:52.850,22544,22546,22540,1,-1
2025-01-13 15:34:57.128,22539,22541,22541,1,1
2025-01-13 15:34:57.129,22539,22541,22542,1,1
2025-01-13 15:34:57.130,22539,22541,22543,5,5
2025-01-13 15:34:57.131,22539,22541,22544,1,1
2025-01-13 15:34:57.896,22544,22546,22546,1,1
2025-01-13 15:34:58.871,22545,22547,22547,1,1
2025-01-13 15:34:58.872,22545,22547,22547,1,1
2025-01-13 15:34:59.943,22547,22548,22548,2,2
2025-01-13 15:35:00.515,22547,22550,22550,1,1
2025-01-13 15:35:03.564,22548,22550,22550,1,1
2025-01-13 15:35:10.559,22548,22550,22548,2,-2
2025-01-13 15:35:16.590,22548,22550,22550,3,3
2025-01-13 15:35:16.590,22548,22550,22551,2,2
2025-01-13 15:35:16.616,22551,22553,22553,1,1
2025-01-13 15:35:16.753,22554,22555,22555,2,2
2025-01-13 15:35:16.944,22554,22557,22557,1,1
2025-01-13 15:35:20.320,22554,22555,22554,2,-2
2025-01-13 15:35:31.055,22548,22549,22548,1,-1
2025-01-13 15:35:32.744,22546,22548,22548,1,1
2025-01-13 15:35:35.530,22546,22548,22546,1,-1
2025-01-13 15:35:35.530,22546,22548,22546,1,-1
2025-01-13 15:35:38.184,22540,22543,22543,2,2
2025-01-13 15:35:40.177,22542,22544,22542,1,-1
2025-01-13 15:35:42.659,22541,22544,22541,2,-2
2025-01-13 15:35:44.248,22541,22544,22544,1,1
2025-01-13 15:35:47.410,22543,22545,22543,1,-1
2025-01-13 15:35:58.239,22548,22550,22548,1,-1
2025-01-13 15:36:12.572,22548,22550,22548,1,-1
2025-01-13 15:36:17.250,22546,22548,22546,1,-1
2025-01-13 15:36:23.753,22543,22546,22546,1,1
2025-01-13 15:36:53.150,22541,22543,22541,1,-1
2025-01-13 15:36:53.671,22539,22542,22542,1,1
2025-01-13 15:37:00.766,22541,22543,22541,1,-1
2025-01-13 15:37:07.226,22543,22546,22544,1,-1
2025-01-13 15:37:11.563,22544,22547,22547,5,5
2025-01-13 15:37:22.523,22551,22554,22551,1,-1
2025-01-13 15:37:27.422,22552,22554,22552,2,-2
2025-01-13 15:37:35.187,22546,22548,22548,1,1
2025-01-13 15:37:44.746,22547,22549,22547,2,-2
2025-01-13 15:37:45.312,22544,22547,22547,1,1
2025-01-13 15:37:50.851,22544,22546,22544,1,-1
2025-01-13 15:37:52.092,22543,22546,22546,1,1
2025-01-13 15:37:54.738,22541,22544,22544,1,1
2025-01-13 15:37:57.877,22541,22543,22543,2,2
2025-01-13 15:38:00.876,22543,22545,22543,1,-1
2025-01-13 15:38:00.965,22543,22545,22543,1,-1
2025-01-13 15:38:00.967,22543,22545,22543,2,-2
2025-01-13 15:38:03.967,22541,22544,22543,1,1
2025-01-13 15:38:07.790,22547,22549,22547,1,-1
2025-01-13 15:38:09.836,22546,22549,22546,1,-1
2025-01-13 15:38:09.869,22544,22546,22544,2,-2
2025-01-13 15:38:10.398,22543,22546,22546,1,1
2025-01-13 15:38:55.442,22546,22548,22548,1,1
2025-01-13 15:38:55.444,22546,22548,22549,5,5
2025-01-13 15:38:55.445,22546,22548,22550,1,1
2025-01-13 15:38:57.190,22550,22552,22552,1,1
2025-01-13 15:39:09.228,22549,22550,22550,1,1
2025-01-13 15:39:30.407,22548,22550,22550,2,2
2025-01-13 15:39:33.176,22549,22551,22551,1,1
2025-01-13 15:39:42.392,22548,22550,22548,1,-1
2025-01-13 15:39:42.392,22548,22550,22548,1,-1
2025-01-13 15:39:43.675,22546,22548,22546,1,-1
2025-01-13 15:39:44.952,22544,22546,22547,1,1
2025-01-13 15:39:48.977,22543,22544,22543,1,-1
2025-01-13 15:39:48.990,22542,22544,22542,1,-1
2025-01-13 15:39:48.990,22542,22544,22542,1,-1
2025-01-13 15:39:48.990,22542,22544,22542,1,-1
2025-01-13 15:39:49.538,22541,22544,22541,1,-1
2025-01-13 15:39:49.966,22541,22543,22543,1,1
2025-01-13 15:39:50.640,22542,22544,22544,1,1
2025-01-13 15:39:54.462,22542,22544,22542,1,-1
2025-01-13 15:40:01.010,22540,22543,22542,1,1
2025-01-13 15:40:01.378,22540,22543,22540,3,-3
2025-01-13 15:40:01.765,22538,22540,22540,1,1
2025-01-13 15:40:01.873,22539,22540,22540,1,1
2025-01-13 15:40:01.873,22539,22540,22541,3,3
2025-01-13 15:40:03.154,22539,22542,22542,1,1
2025-01-13 15:40:03.475,22541,22544,22541,1,-1
2025-01-13 15:40:05.777,22542,22544,22544,1,1
2025-01-13 15:40:07.169,22543,22545,22545,1,1
2025-01-13 15:40:07.169,22543,22545,22545,1,1
2025-01-13 15:40:07.170,22543,22545,22545,1,1
2025-01-13 15:40:07.170,22543,22545,22545,1,1
2025-01-13 15:40:07.170,22543,22545,22545,1,1
2025-01-13 15:40:17.014,22545,22548,22548,1,1
2025-01-13 15:40:28.350,22542,22545,22542,1,-1
2025-01-13 15:40:30.346,22540,22543,22543,1,1
2025-01-13 15:40:38.127,22540,22542,22542,1,1
2025-01-13 15:40:38.196,22540,22542,22543,2,2
2025-01-13 15:40:38.196,22540,22542,22543,4,4
2025-01-13 15:40:38.197,22540,22542,22543,1,1
2025-01-13 15:40:41.275,22542,22545,22542,1,-1
2025-01-13 15:40:41.285,22542,22545,22540,1,-1
2025-01-13 15:40:41.286,22542,22545,22540,1,-1
2025-01-13 15:40:55.110,22540,22542,22540,1,-1
2025-01-13 15:41:02.380,22539,22541,22539,2,-2
2025-01-13 15:41:02.381,22539,22541,22538,1,-1
2025-01-13 15:41:05.015,22536,22539,22536,1,-1
2025-01-13 15:41:06.032,22537,22540,22540,2,2
2025-01-13 15:41:06.559,22538,22541,22541,1,1
2025-01-13 15:41:06.765,22540,22543,22540,1,-1
2025-01-13 15:41:17.565,22538,22541,22539,1,-1
2025-01-13 15:41:28.337,22536,22539,22536,4,-4
2025-01-13 15:41:28.337,22536,22539,22536,2,-2
2025-01-13 15:41:28.338,22536,22539,22535,1,-1
2025-01-13 15:41:28.498,22534,22536,22534,1,-1
2025-01-13 15:41:28.965,22534,22536,22534,1,-1
2025-01-13 15:41:29.549,22534,22537,22537,1,1
2025-01-13 15:41:42.293,22539,22540,22540,1,1
2025-01-13 15:41:43.983,22540,22541,22540,1,-1
2025-01-13 15:41:48.854,22540,22541,22540,1,-1
2025-01-13 15:41:59.037,22540,22541,22541,1,1
2025-01-13 15:42:30.310,22545,22548,22545,1,-1
2025-01-13 15:42:37.998,22548,22550,22550,1,1
2025-01-13 15:42:43.933,22545,22548,22548,1,1
2025-01-13 15:42:49.302,22547,22549,22547,1,-1
2025-01-13 15:42:49.302,22547,22549,22546,5,-5
2025-01-13 15:42:49.302,22547,22549,22545,2,-2
2025-01-13 15:42:49.302,22547,22549,22545,2,-2
2025-01-13 15:42:49.302,22547,22549,22545,1,-1
2025-01-13 15:42:49.303,22547,22549,22544,1,-1
2025-01-13 15:42:49.313,22547,22549,22542,1,-1
2025-01-13 15:43:00.428,22543,22545,22543,1,-1
2025-01-13 15:43:04.229,22539,22541,22541,1,1
2025-01-13 15:43:05.951,22539,22541,22541,1,1
2025-01-13 15:43:05.952,22539,22541,22542,2,2
2025-01-13 15:43:05.953,22539,22541,22543,1,1
2025-01-13 15:43:10.328,22542,22544,22545,3,3
2025-01-13 15:43:20.545,22545,22547,22547,1,1
2025-01-13 15:43:30.665,22546,22549,22544,1,-1
2025-01-13 15:43:42.185,22546,22548,22546,1,-1
2025-01-13 15:43:51.319,22546,22549,22550,4,4
2025-01-13 15:44:00.135,22549,22551,22549,1,-1
2025-01-13 15:44:00.540,22549,22551,22549,1,-1
2025-01-13 15:44:00.674,22546,22549,22549,1,1
2025-01-13 15:44:00.690,22546,22549,22547,1,-1
2025-01-13 15:44:01.518,22547,22550,22550,1,1
2025-01-13 15:44:04.321,22550,22552,22552,2,2
2025-01-13 15:44:04.714,22552,22553,22553,2,2
2025-01-13 15:44:04.715,22552,22553,22554,1,1
2025-01-13 15:44:07.173,22551,22554,22554,5,5
2025-01-13 15:44:11.104,22552,22553,22552,1,-1
2025-01-13 15:44:19.924,22549,22552,22549,3,-3
2025-01-13 15:44:20.673,22548,22551,22552,1,1
2025-01-13 15:44:24.894,22550,22552,22550,1,-1
2025-01-13 15:44:29.474,22550,22552,22552,1,1
2025-01-13 15:44:38.888,22550,22551,22551,2,2
2025-01-13 15:44:39.047,22551,22553,22553,1,1
2025-01-13 15:44:39.047,22551,22553,22554,2,2
2025-01-13 15:44:39.331,22552,22554,22554,1,1
2025-01-13 15:44:39.332,22552,22554,22554,1,1
2025-01-13 15:44:39.435,22554,22556,22556,4,4
2025-01-13 15:44:42.883,22553,22556,22554,1,-1
2025-01-13 15:44:44.661,22553,22556,22556,1,1
2025-01-13 15:44:47.870,22555,22556,22555,1,-1
2025-01-13 15:44:49.966,22553,22554,22553,1,-1
2025-01-13 15:44:58.567,22550,22552,22552,1,1
2025-01-13 15:45:05.119,22551,22553,22551,1,-1
2025-01-13 15:45:07.656,22550,22551,22551,1,1
2025-01-13 15:45:11.362,22551,22553,22553,1,1
2025-01-13 15:45:11.363,22551,22553,22553,2,2
2025-01-13 15:45:21.425,22550,22552,22552,1,1
2025-01-13 15:45:27.857,22550,22552,22552,3,3
2025-01-13 15:45:40.292,22552,22553,22552,1,-1
2025-01-13 15:45:48.921,22551,22552,22552,1,1
2025-01-13 15:45:58.627,22550,22552,22552,2,2
2025-01-13 15:45:58.643,22550,22552,22554,3,3
2025-01-13 15:45:59.158,22554,22555,22555,1,1
2025-01-13 15:45:59.158,22554,22555,22555,1,1
2025-01-13 15:45:59.213,22554,22555,22556,2,2
2025-01-13 15:45:59.213,22554,22555,22556,6,6
2025-01-13 15:45:59.213,22554,22555,22556,2,2
2025-01-13 15:45:59.214,22554,22555,22557,3,3
2025-01-13 15:46:00.370,22556,22558,22558,2,2
2025-01-13 15:46:00.370,22556,22558,22559,1,1
2025-01-13 15:46:06.933,22555,22558,22555,2,-2
2025-01-13 15:46:06.982,22554,22556,22554,1,-1
2025-01-13 15:46:08.518,22552,22555,22552,1,-1
2025-01-13 15:46:26.361,22549,22551,22549,1,-1
2025-01-13 15:46:27.928,22548,22549,22548,1,-1
2025-01-13 15:46:27.983,22547,22549,22547,1,-1
2025-01-13 15:46:28.993,22545,22548,22548,1,1
2025-01-13 15:46:36.211,22543,22545,22543,1,-1
2025-01-13 15:46:43.132,22545,22547,22545,1,-1
2025-01-13 15:46:43.132,22545,22547,22545,1,-1
2025-01-13 15:46:43.142,22545,22547,22544,1,-1
2025-01-13 15:46:51.287,22541,22544,22543,1,1
2025-01-13 15:46:53.323,22542,22544,22542,1,-1
2025-01-13 15:46:54.264,22542,22544,22544,1,1
2025-01-13 15:47:07.966,22543,22545,22543,1,-1
2025-01-13 15:47:08.782,22542,22545,22542,1,-1
2025-01-13 15:47:14.361,22541,22543,22541,2,-2
2025-01-13 15:47:14.361,22541,22543,22541,2,-2
2025-01-13 15:47:15.902,22540,22541,22540,1,-1
2025-01-13 15:47:15.902,22540,22541,22540,1,-1
2025-01-13 15:47:16.238,22539,22541,22539,1,-1
2025-01-13 15:47:17.228,22538,22541,22541,1,1
2025-01-13 15:47:18.115,22538,22541,22541,1,1
2025-01-13 15:47:19.686,22539,22541,22539,2,-2
2025-01-13 15:47:24.523,22541,22544,22541,1,-1
2025-01-13 15:47:31.638,22543,22545,22543,2,-2
2025-01-13 15:47:31.638,22543,22545,22542,4,-4
2025-01-13 15:47:31.638,22543,22545,22541,4,-4
2025-01-13 15:48:00.121,22543,22546,22546,1,1
2025-01-13 15:48:00.310,22544,22546,22546,1,1
2025-01-13 15:48:01.996,22544,22547,22544,1,-1
2025-01-13 15:48:03.501,22544,22547,22547,1,1
2025-01-13 15:48:03.684,22546,22549,22547,1,-1
2025-01-13 15:48:06.382,22546,22549,22547,2,-2
2025-01-13 15:48:06.388,22546,22549,22544,1,-1
2025-01-13 15:48:06.391,22546,22549,22543,1,-1
2025-01-13 15:48:06.394,22546,22549,22543,1,-1
2025-01-13 15:48:15.235,22543,22545,22545,1,1
2025-01-13 15:48:18.648,22543,22544,22543,1,-1
2025-01-13 15:48:25.908,22542,22545,22542,1,-1
2025-01-13 15:48:29.960,22542,22545,22545,1,1
2025-01-13 15:48:33.298,22547,22549,22547,1,-1
2025-01-13 15:48:33.298,22547,22549,22546,1,-1
2025-01-13 15:48:36.981,22546,22549,22546,1,-1
2025-01-13 15:48:37.865,22546,22547,22546,1,-1
2025-01-13 15:48:38.019,22543,22546,22546,1,1
2025-01-13 15:48:54.786,22542,22545,22545,1,1
2025-01-13 15:49:12.647,22542,22543,22542,1,-1
2025-01-13 15:49:13.168,22540,22541,22541,1,1
2025-01-13 15:49:26.134,22544,22547,22544,1,-1
2025-01-13 15:49:33.008,22547,22549,22549,1,1
2025-01-13 15:49:33.686,22548,22551,22548,1,-1
2025-01-13 15:49:39.489,22548,22549,22549,1,1
2025-01-13 15:49:39.720,22548,22551,22548,1,-1
2025-01-13 15:49:40.376,22546,22548,22548,2,2
2025-01-13 15:49:47.588,22546,22548,22548,1,1
2025-01-13 15:49:51.546,22553,22554,22553,1,-1
2025-01-13 15:49:56.961,22553,22555,22555,1,1
2025-01-13 15:50:01.357,22553,22555,22553,1,-1
2025-01-13 15:50:01.357,22553,22555,22552,1,-1
2025-01-13 15:50:02.634,22552,22554,22552,1,-1
2025-01-13 15:50:05.581,22551,22554,22551,1,-1
2025-01-13 15:50:08.338,22549,22552,22549,2,-2
2025-01-13 15:50:15.606,22551,22554,22554,3,3
2025-01-13 15:50:17.192,22553,22556,22553,1,-1
2025-01-13 15:50:25.382,22552,22553,22552,1,-1
2025-01-13 15:50:43.741,22553,22555,22555,1,1
2025-01-13 15:50:43.754,22553,22555,22556,1,1
2025-01-13 15:50:43.756,22553,22555,22557,1,1
2025-01-13 15:50:43.841,22553,22555,22556,1,1
2025-01-13 15:50:44.746,22556,22557,22557,1,1
2025-01-13 15:50:45.390,22556,22558,22556,1,-1
2025-01-13 15:50:51.751,22555,22558,22555,1,-1
2025-01-13 15:50:52.014,22555,22557,22557,4,4
2025-01-13 15:50:52.039,22555,22557,22556,1,1
2025-01-13 15:50:53.251,22554,22557,22554,2,-2
2025-01-13 15:51:09.705,22555,22557,22557,2,2
2025-01-13 15:51:09.706,22555,22557,22557,1,1
2025-01-13 15:51:16.599,22554,22556,22558,3,3
2025-01-13 15:51:16.600,22554,22556,22559,1,1
2025-01-13 15:51:16.600,22554,22556,22559,4,4
2025-01-13 15:51:16.601,22554,22556,22560,11,11
2025-01-13 15:51:16.602,22554,22556,22560,2,2
2025-01-13 15:51:16.602,22554,22556,22560,7,7
2025-01-13 15:51:16.602,22554,22556,22560,1,1
2025-01-13 15:51:19.351,22560,22562,22562,1,1
2025-01-13 15:51:19.351,22560,22562,22562,2,2
2025-01-13 15:51:19.397,22560,22562,22562,1,1
2025-01-13 15:51:19.437,22560,22562,22563,1,1
2025-01-13 15:51:19.732,22562,22563,22563,3,3
2025-01-13 15:51:21.990,22561,22564,22564,1,1
2025-01-13 15:51:22.164,22562,22564,22562,1,-1
2025-01-13 15:51:24.231,22560,22563,22560,1,-1
2025-01-13 15:51:28.302,22560,22562,22562,1,1
2025-01-13 15:51:28.462,22562,22565,22562,1,-1
2025-01-13 15:51:29.991,22561,22563,22561,1,-1
2025-01-13 15:51:34.686,22560,22562,22562,1,1
2025-01-13 15:51:34.686,22560,22562,22563,1,1
2025-01-13 15:51:35.322,22560,22563,22560,2,-2
2025-01-13 15:51:35.323,22560,22563,22560,1,-1
2025-01-13 15:51:43.254,22560,22562,22563,1,1
2025-01-13 15:51:43.586,22560,22563,22563,1,1
2025-01-13 15:51:44.204,22562,22564,22562,2,-2
2025-01-13 15:51:46.469,22563,22565,22565,1,1
2025-01-13 15:51:46.748,22563,22565,22563,1,-1
2025-01-13 15:51:50.817,22563,22565,22563,1,-1
2025-01-13 15:51:53.082,22562,22565,22565,6,6
2025-01-13 15:51:53.187,22565,22566,22566,1,1
2025-01-13 15:51:53.187,22565,22566,22566,2,2
2025-01-13 15:51:53.805,22566,22567,22567,1,1
2025-01-13 15:51:53.851,22566,22567,22567,1,1
2025-01-13 15:51:54.761,22568,22569,22569,4,4
2025-01-13 15:51:54.763,22568,22569,22570,2,2
2025-01-13 15:51:54.763,22568,22569,22570,1,1
2025-01-13 15:51:54.764,22568,22569,22570,2,2
2025-01-13 15:51:55.028,22569,22572,22570,1,-1
2025-01-13 15:51:55.120,22569,22571,22570,1,-1
2025-01-13 15:51:55.124,22569,22571,22570,1,-1
2025-01-13 15:51:58.707,22568,22570,22570,4,4
2025-01-13 15:51:58.959,22568,22570,22570,1,1
2025-01-13 15:51:59.592,22569,22572,22569,1,-1
2025-01-13 15:52:00.705,22569,22571,22569,1,-1
2025-01-13 15:52:00.915,22569,22572,22569,1,-1
2025-01-13 15:52:01.192,22569,22572,22569,1,-1
2025-01-13 15:52:02.004,22570,22572,22570,1,-1
2025-01-13 15:52:02.500,22570,22572,22572,4,4
2025-01-13 15:52:02.626,22572,22573,22573,1,1
2025-01-13 15:52:03.150,22572,22573,22572,1,-1
2025-01-13 15:52:03.667,22572,22573,22572,1,-1
2025-01-13 15:52:03.667,22572,22573,22572,1,-1
2025-01-13 15:52:03.667,22572,22573,22572,1,-1
2025-01-13 15:52:03.667,22572,22573,22572,1,-1
2025-01-13 15:52:04.804,22571,22572,22571,1,-1
2025-01-13 15:52:06.808,22569,22572,22572,2,2
2025-01-13 15:52:09.144,22569,22571,22569,1,-1
2025-01-13 15:52:09.635,22568,22571,22571,1,1
2025-01-13 15:52:09.882,22569,22571,22569,1,-1
2025-01-13 15:52:15.977,22570,22571,22570,1,-1
2025-01-13 15:52:16.957,22570,22571,22571,1,1
2025-01-13 15:52:17.151,22570,22571,22571,2,2
2025-01-13 15:52:20.406,22571,22572,22573,3,3
2025-01-13 15:52:20.406,22571,22572,22572,1,1
2025-01-13 15:52:20.482,22571,22573,22573,1,1
2025-01-13 15:52:23.449,22572,22573,22571,1,-1
2025-01-13 15:52:27.639,22570,22572,22572,1,1
2025-01-13 15:52:28.191,22571,22573,22571,1,-1
2025-01-13 15:52:28.496,22570,22571,22570,10,-10
2025-01-13 15:52:28.497,22570,22571,22569,2,-2
2025-01-13 15:52:34.121,22568,22570,22569,1,-1
2025-01-13 15:52:38.833,22569,22570,22569,1,-1
2025-01-13 15:52:40.508,22569,22570,22570,1,1
2025-01-13 15:52:47.446,22570,22571,22571,1,1
2025-01-13 15:52:52.194,22570,22571,22571,1,1
2025-01-13 15:52:52.418,22571,22572,22572,1,1
2025-01-13 15:52:52.418,22571,22572,22573,3,3
2025-01-13 15:52:52.420,22571,22572,22573,1,1
2025-01-13 15:52:53.597,22572,22573,22571,3,-3
2025-01-13 15:52:53.597,22572,22573,22572,2,-2
2025-01-13 15:52:53.703,22571,22573,22573,1,1
2025-01-13 15:52:53.703,22571,22573,22574,2,2
2025-01-13 15:52:54.358,22573,22574,22573,2,-2
2025-01-13 15:52:56.132,22573,22574,22573,1,-1
2025-01-13 15:52:56.435,22572,22573,22572,1,-1
2025-01-13 15:53:02.212,22570,22572,22570,1,-1
2025-01-13 15:53:02.234,22569,22571,22571,1,1
2025-01-13 15:53:11.339,22569,22570,22569,1,-1
2025-01-13 15:53:11.518,22568,22569,22568,1,-1
2025-01-13 15:53:12.599,22568,22569,22569,1,1
2025-01-13 15:53:14.208,22568,22570,22568,1,-1
2025-01-13 15:53:15.298,22568,22570,22570,1,1
2025-01-13 15:53:19.062,22569,22572,22569,1,-1
2025-01-13 15:53:24.262,22570,22572,22570,2,-2
2025-01-13 15:53:24.357,22568,22570,22570,1,1
2025-01-13 15:53:25.775,22568,22571,22571,5,5
2025-01-13 15:53:31.291,22567,22569,22567,1,-1
2025-01-13 15:53:31.333,22567,22569,22566,1,-1
2025-01-13 15:53:31.334,22567,22569,22566,4,-4
2025-01-13 15:53:32.794,22565,22567,22567,1,1
2025-01-13 15:53:35.745,22565,22566,22566,1,1
2025-01-13 15:53:44.976,22565,22567,22565,1,-1
2025-01-13 15:53:45.240,22565,22566,22566,1,1
2025-01-13 15:53:46.411,22566,22567,22566,1,-1
2025-01-13 15:53:48.099,22565,22566,22566,1,1
2025-01-13 15:53:48.099,22565,22566,22566,1,1
2025-01-13 15:53:48.100,22565,22566,22567,3,3
2025-01-13 15:53:48.280,22566,22568,22566,1,-1
2025-01-13 15:53:49.969,22565,22566,22565,2,-2
2025-01-13 15:53:49.969,22565,22566,22565,1,-1
2025-01-13 15:53:49.969,22565,22566,22565,1,-1
2025-01-13 15:53:49.969,22565,22566,22565,1,-1
2025-01-13 15:54:01.767,22563,22564,22564,1,1
2025-01-13 15:54:03.543,22563,22565,22563,1,-1
2025-01-13 15:54:03.609,22562,22563,22562,1,-1
2025-01-13 15:54:05.414,22561,22564,22561,3,-3
2025-01-13 15:54:07.297,22560,22562,22560,1,-1
2025-01-13 15:54:09.404,22557,22559,22559,1,1
2025-01-13 15:54:10.012,22558,22560,22558,1,-1
2025-01-13 15:54:10.012,22558,22560,22557,1,-1
2025-01-13 15:54:11.308,22557,22560,22557,1,-1
2025-01-13 15:54:11.309,22557,22560,22557,1,-1
2025-01-13 15:54:11.309,22557,22560,22556,1,-1
2025-01-13 15:54:17.227,22557,22559,22559,1,1
2025-01-13 15:54:17.900,22558,22559,22557,3,-3
2025-01-13 15:54:17.900,22558,22559,22558,2,-2
2025-01-13 15:54:20.796,22556,22558,22556,1,-1
2025-01-13 15:54:32.141,22555,22556,22556,1,1
2025-01-13 15:54:32.141,22555,22556,22556,1,1
2025-01-13 15:54:32.141,22555,22556,22556,1,1
2025-01-13 15:54:34.618,22555,22557,22555,1,-1
2025-01-13 15:54:34.849,22555,22557,22557,1,1
2025-01-13 15:54:43.193,22556,22558,22558,1,1
2025-01-13 15:54:51.610,22558,22559,22559,2,2
2025-01-13 15:54:52.132,22558,22559,22558,1,-1
2025-01-13 15:54:53.357,22557,22559,22559,1,1
2025-01-13 15:54:54.418,22558,22560,22560,1,1
2025-01-13 15:54:54.418,22558,22560,22560,1,1
2025-01-13 15:54:54.418,22558,22560,22560,1,1
2025-01-13 15:54:58.745,22561,22563,22563,1,1
2025-01-13 15:55:01.023,22561,22563,22563,4,4
2025-01-13 15:55:01.303,22561,22563,22561,1,-1
2025-01-13 15:55:01.340,22561,22563,22561,1,-1
2025-01-13 15:55:01.340,22561,22563,22562,4,-4
2025-01-13 15:55:01.340,22561,22563,22563,1,1
2025-01-13 15:55:11.592,22560,22562,22560,1,-1
2025-01-13 15:55:11.594,22560,22562,22559,2,-2
2025-01-13 15:55:24.608,22556,22558,22556,1,-1
2025-01-13 15:55:30.332,22556,22559,22559,1,1
2025-01-13 15:55:37.223,22557,22558,22558,1,1
2025-01-13 15:55:47.784,22561,22564,22561,1,-1
2025-01-13 15:55:50.314,22563,22565,22565,1,1
2025-01-13 15:55:53.953,22563,22565,22564,1,1
2025-01-13 15:56:26.934,22557,22559,22559,2,2
2025-01-13 15:56:32.871,22559,22562,22559,1,-1
2025-01-13 15:56:44.531,22556,22558,22556,1,-1
2025-01-13 15:56:50.928,22555,22557,22555,1,-1
2025-01-13 15:56:50.928,22555,22557,22555,4,-4
2025-01-13 15:56:51.113,22553,22555,22555,1,1
2025-01-13 15:56:51.113,22553,22555,22556,3,3
2025-01-13 15:56:51.113,22553,22555,22556,2,2
2025-01-13 15:56:51.116,22553,22555,22557,1,1
2025-01-13 15:56:51.117,22553,22555,22558,1,1
2025-01-13 15:56:52.626,22557,22559,22559,1,1
2025-01-13 15:57:11.482,22555,22558,22557,2,2
2025-01-13 15:57:13.248,22555,22557,22557,1,1
2025-01-13 15:57:26.879,22557,22559,22559,1,1
2025-01-13 15:57:34.652,22559,22560,22560,1,1
2025-01-13 15:57:34.652,22559,22560,22561,1,1
2025-01-13 15:57:35.139,22561,22562,22561,1,-1
2025-01-13 15:57:35.594,22561,22562,22562,1,1
2025-01-13 15:57:36.431,22562,22563,22563,1,1
2025-01-13 15:57:36.431,22562,22563,22563,1,1
2025-01-13 15:57:36.431,22562,22563,22563,1,1
2025-01-13 15:57:40.763,22563,22565,22563,1,-1
2025-01-13 15:57:44.805,22562,22564,22564,2,2
2025-01-13 15:57:45.004,22564,22565,22564,1,-1
2025-01-13 15:57:52.470,22561,22562,22561,2,-2
2025-01-13 15:57:58.507,22562,22563,22562,1,-1
2025-01-13 15:57:58.507,22562,22563,22562,1,-1
2025-01-13 15:57:58.507,22562,22563,22562,1,-1
2025-01-13 15:58:02.472,22562,22564,22562,3,-3
2025-01-13 15:58:10.572,22562,22563,22563,1,1
2025-01-13 15:58:14.085,22562,22563,22562,1,-1
2025-01-13 15:58:14.086,22562,22563,22562,2,-2
2025-01-13 15:58:20.388,22560,22561,22561,2,2
2025-01-13 15:58:25.378,22560,22561,22560,2,-2
2025-01-13 15:58:25.379,22560,22561,22560,1,-1
2025-01-13 15:58:25.847,22559,22560,22559,2,-2
2025-01-13 15:58:29.008,22559,22560,22559,2,-2
2025-01-13 15:58:29.009,22559,22560,22559,1,-1
2025-01-13 15:58:37.118,22559,22560,22559,2,-2
2025-01-13 15:58:37.118,22559,22560,22559,2,-2
2025-01-13 15:58:37.119,22559,22560,22559,1,-1
2025-01-13 15:58:37.122,22559,22560,22558,1,-1
2025-01-13 15:58:37.154,22559,22560,22557,1,-1
2025-01-13 15:58:46.499,22557,22558,22558,2,2
2025-01-13 15:58:48.133,22558,22559,22558,1,-1
2025-01-13 15:58:48.133,22558,22559,22558,2,-2
2025-01-13 15:58:48.155,22558,22559,22557,1,-1
2025-01-13 15:58:49.778,22554,22555,22554,1,-1
2025-01-13 15:58:49.779,22554,22555,22554,2,-2
2025-01-13 15:58:49.813,22554,22555,22551,1,-1
2025-01-13 15:58:51.558,22550,22551,22550,6,-6
2025-01-13 15:58:51.891,22548,22550,22548,1,-1
2025-01-13 15:58:52.113,22548,22550,22548,1,-1
2025-01-13 15:58:52.114,22548,22550,22548,2,-2
2025-01-13 15:58:52.213,22548,22550,22547,1,-1
2025-01-13 15:58:52.393,22547,22549,22547,1,-1
2025-01-13 15:58:53.117,22545,22547,22547,1,1
2025-01-13 15:58:56.559,22549,22550,22550,1,1
2025-01-13 15:58:57.712,22549,22550,22550,1,1
2025-01-13 15:58:57.712,22549,22550,22551,1,1
2025-01-13 15:59:00.236,22551,22553,22551,1,-1
2025-01-13 15:59:01.366,22550,22551,22550,3,-3
2025-01-13 15:59:01.367,22550,22551,22550,1,-1
2025-01-13 15:59:01.948,22550,22551,22550,1,-1
2025-01-13 15:59:05.844,22547,22549,22549,1,1
2025-01-13 15:59:05.844,22547,22549,22550,6,6
2025-01-13 15:59:06.542,22549,22551,22550,1,1
2025-01-13 15:59:11.797,22550,22551,22550,1,-1
2025-01-13 15:59:19.502,22550,22551,22550,2,-2
2025-01-13 15:59:25.811,22549,22550,22550,1,1
2025-01-13 15:59:25.812,22549,22550,22550,1,1
2025-01-13 15:59:25.812,22549,22550,22550,2,2
2025-01-13 15:59:27.144,22549,22551,22549,1,-1
2025-01-13 15:59:28.361,22549,22550,22550,1,1
2025-01-13 15:59:28.446,22549,22550,22549,1,-1
2025-01-13 15:59:29.123,22548,22550,22548,1,-1
2025-01-13 15:59:33.221,22549,22550,22549,1,-1
2025-01-13 15:59:34.556,22549,22550,22550,1,1
2025-01-13 15:59:35.416,22550,22551,22551,1,1
2025-01-13 15:59:35.417,22550,22551,22551,1,1
2025-01-13 15:59:35.417,22550,22551,22551,1,1
2025-01-13 15:59:35.520,22551,22553,22551,1,-1
2025-01-13 15:59:41.959,22556,22558,22558,1,1
2025-01-13 15:59:45.063,22558,22560,22558,1,-1
2025-01-13 15:59:45.655,22557,22559,22557,1,-1
2025-01-13 15:59:50.808,22559,22561,22558,1,-1
2025-01-13 15:59:51.284,22558,22560,22558,1,-1
2025-01-13 15:59:54.947,22557,22558,22558,1,1
2025-01-13 15:59:57.299,22561,22563,22561,1,-1
2025-01-13 15:59:59.299,22561,22563,22561,1,-1
2025-01-13 15:59:59.674,22561,22563,22561,1,-1
2025-01-13 16:00:00.068,22559,22562,22560,1,-1
2025-01-13 16:00:00.116,22558,22560,22556,1,-1
2025-01-13 16:00:00.116,22558,22560,22557,1,-1
2025-01-13 16:00:00.219,22558,22560,22554,1,-1
2025-01-13 16:00:00.228,22558,22560,22554,1,-1
2025-01-13 16:00:00.264,22553,22555,22553,2,-2
2025-01-13 16:00:00.464,22553,22555,22555,2,2
2025-01-13 16:00:00.692,22556,22558,22558,1,1
2025-01-13 16:00:00.740,22556,22558,22556,1,-1
2025-01-13 16:00:01.169,22554,22556,22556,1,1
2025-01-13 16:00:01.215,22554,22556,22556,1,1
2025-01-13 16:00:01.401,22552,22555,22553,1,-1
2025-01-13 16:00:02.196,22552,22554,22554,1,1
2025-01-13 16:00:06.041,22561,22562,22562,1,1
2025-01-13 16:00:06.078,22561,22562,22565,2,2
2025-01-13 16:00:06.078,22561,22562,22565,4,4
2025-01-13 16:00:06.079,22561,22562,22566,3,3
2025-01-13 16:00:06.109,22566,22568,22568,2,2
2025-01-13 16:00:06.251,22567,22569,22569,1,1
2025-01-13 16:00:06.705,22568,22570,22570,3,3
2025-01-13 16:00:06.707,22568,22570,22571,4,4
2025-01-13 16:00:07.413,22570,22572,22572,1,1
2025-01-13 16:00:07.482,22571,22573,22573,1,1
2025-01-13 16:00:07.681,22571,22573,22573,1,1
2025-01-13 16:00:07.682,22571,22573,22574,1,1
2025-01-13 16:00:07.682,22571,22573,22574,4,4
2025-01-13 16:00:07.695,22571,22573,22575,6,6
2025-01-13 16:00:07.695,22571,22573,22575,3,3
2025-01-13 16:00:07.695,22571,22573,22575,1,1
2025-01-13 16:00:07.695,22571,22573,22575,1,1
2025-01-13 16:00:08.142,22575,22576,22576,2,2
2025-01-13 16:00:08.818,22575,22576,22576,1,1
2025-01-13 16:00:08.819,22575,22576,22577,4,4
2025-01-13 16:00:08.821,22575,22576,22578,1,1
2025-01-13 16:00:08.821,22575,22576,22578,1,1
2025-01-13 16:00:09.119,22578,22580,22578,4,-4
2025-01-13 16:00:09.121,22578,22580,22577,1,-1
2025-01-13 16:00:09.121,22578,22580,22577,1,-1
2025-01-13 16:00:09.947,22576,22579,22576,1,-1
2025-01-13 16:00:09.948,22576,22579,22576,1,-1
2025-01-13 16:00:10.087,22575,22578,22575,1,-1
2025-01-13 16:00:10.386,22572,22575,22575,1,1
2025-01-13 16:00:11.172,22574,22575,22575,2,2
2025-01-13 16:00:13.414,22576,22577,22577,1,1
2025-01-13 16:00:13.605,22576,22578,22578,1,1
2025-01-13 16:00:13.791,22576,22578,22579,1,1
2025-01-13 16:00:13.878,22577,22579,22580,2,2
2025-01-13 16:00:13.878,22577,22579,22579,2,2
2025-01-13 16:00:13.951,22577,22579,22580,1,1
2025-01-13 16:00:14.590,22578,22580,22578,1,-1
2025-01-13 16:00:15.256,22578,22580,22578,1,-1
2025-01-13 16:00:15.872,22577,22579,22579,2,2
2025-01-13 16:00:18.130,22577,22579,22577,1,-1
2025-01-13 16:00:18.204,22577,22579,22578,1,-1
2025-01-13 16:00:18.495,22577,22578,22577,2,-2
2025-01-13 16:00:18.660,22576,22578,22578,1,1
2025-01-13 16:00:18.825,22576,22578,22576,1,-1
2025-01-13 16:00:20.679,22573,22575,22572,1,-1
2025-01-13 16:00:20.732,22572,22574,22574,1,1
2025-01-13 16:00:20.733,22572,22574,22575,1,1
2025-01-13 16:00:20.733,22572,22574,22575,1,1
2025-01-13 16:00:20.734,22572,22574,22575,1,1
2025-01-13 16:00:20.734,22572,22574,22575,1,1
2025-01-13 16:00:20.929,22573,22576,22576,1,1
2025-01-13 16:00:22.201,22573,22576,22573,1,-1
2025-01-13 16:00:23.283,22573,22575,22573,1,-1
2025-01-13 16:00:27.229,22570,22571,22570,1,-1
2025-01-13 16:00:27.822,22570,22571,22571,1,1
2025-01-13 16:00:28.430,22570,22571,22570,1,-1
2025-01-13 16:00:30.230,22570,22571,22571,1,1
2025-01-13 16:00:30.231,22570,22571,22571,1,1
2025-01-13 16:00:32.990,22572,22573,22573,1,1
2025-01-13 16:00:32.991,22572,22573,22573,1,1
2025-01-13 16:00:33.040,22572,22573,22573,1,1
2025-01-13 16:00:34.808,22575,22576,22575,3,-3
2025-01-13 16:00:39.669,22574,22576,22575,1,-1
2025-01-13 16:00:40.312,22575,22576,22575,1,-1
2025-01-13 16:00:40.312,22575,22576,22575,2,-2
2025-01-13 16:00:40.358,22573,22576,22576,1,1
2025-01-13 16:00:42.190,22574,22575,22575,1,1
2025-01-13 16:00:42.191,22574,22575,22575,1,1
2025-01-13 16:00:42.191,22574,22575,22575,1,1
2025-01-13 16:00:43.810,22576,22578,22578,1,1
2025-01-13 16:00:44.430,22578,22579,22578,1,-1
2025-01-13 16:00:46.876,22578,22579,22579,1,1
2025-01-13 16:00:46.878,22578,22579,22580,3,3
2025-01-13 16:00:46.878,22578,22579,22580,1,1
2025-01-13 16:00:46.879,22578,22579,22580,1,1
2025-01-13 16:00:47.938,22580,22581,22581,1,1
2025-01-13 16:00:48.050,22580,22581,22580,3,-3
2025-01-13 16:00:50.659,22579,22580,22579,2,-2
2025-01-13 16:00:52.313,22579,22580,22579,2,-2
