2021-03-15 15:00:00,16197,16197,16197,128
2021-03-15 15:00:00,16197,16197,16197,4
2021-03-15 15:00:00,16197,16197,16197,4
2021-03-15 15:00:00,16196,16196,16196,2
2021-03-15 15:00:00,16196,16196,16196,2
2021-03-15 15:00:00,16196,16196,16196,2
2021-03-15 15:00:00,16195,16195,16195,2
2021-03-15 15:00:00,16195,16195,16195,2
2021-03-15 15:00:00,16195,16195,16195,2
2021-03-15 15:00:00,16195,16195,16195,2
2021-03-15 15:00:00,16195,16195,16195,2
2021-03-15 15:00:00,16195,16195,16195,2
2021-03-15 15:00:00,16194,16194,16194,2
2021-03-15 15:00:00,16194,16194,16194,2
2021-03-15 15:00:00,16194,16194,16194,2
2021-03-15 15:00:00,16194,16194,16194,2
2021-03-15 15:00:00,16193,16193,16193,2
2021-03-15 15:00:00,16193,16193,16193,2
2021-03-15 15:00:00,16193,16193,16193,2
2021-03-15 15:00:00,16194,16194,16194,2
2021-03-15 15:00:00,16193,16193,16193,2
2021-03-15 15:00:00,16192,16192,16192,2
2021-03-15 15:00:00,16193,16193,16193,2
2021-03-15 15:00:00,16192,16192,16192,2
2021-03-15 15:00:00,16192,16192,16192,2
2021-03-15 15:00:00,16192,16192,16192,2
2021-03-15 15:00:00,16192,16192,16192,2
2021-03-15 15:00:00,16192,16192,16192,2
2021-03-15 15:00:00,16192,16192,16192,2
2021-03-15 15:00:00,16192,16192,16192,2
2021-03-15 15:00:00,16192,16192,16192,2
2021-03-15 15:00:00,16193,16193,16193,2
2021-03-15 15:00:00,16193,16193,16193,2
2021-03-15 15:00:00,16193,16193,16193,2
2021-03-15 15:00:00,16193,16193,16193,2
2021-03-15 15:00:00,16192,16192,16192,2
2021-03-15 15:00:00,16192,16192,16192,2
2021-03-15 15:00:00,16192,16192,16192,2
2021-03-15 15:00:00,16192,16192,16192,2
2021-03-15 15:00:00,16192,16192,16192,2
2021-03-15 15:00:00,16191,16191,16191,6
2021-03-15 15:00:00,16191,16191,16191,6
2021-03-15 15:00:00,16191,16191,16191,2
2021-03-15 15:00:00,16191,16191,16191,2
2021-03-15 15:00:00,16191,16191,16191,2
2021-03-15 15:00:00,16191,16191,16191,2
2021-03-15 15:00:00,16191,16191,16191,2
2021-03-15 15:00:00,16191,16191,16191,2
2021-03-15 15:00:00,16191,16191,16191,2
2021-03-15 15:00:00,16191,16191,16191,2
2021-03-15 15:00:00,16191,16191,16191,2
2021-03-15 15:00:00,16191,16191,16191,2
2021-03-15 15:00:00,16191,16191,16191,2
2021-03-15 15:00:00,16191,16191,16191,4
2021-03-15 15:00:00,16191,16191,16191,2
2021-03-15 15:00:00,16196,16196,16196,2
2021-03-15 15:00:00,16197,16197,16197,2
2021-03-15 15:00:00,16192,16192,16192,2
2021-03-15 15:00:00,16191,16191,16191,2
2021-03-15 15:00:01,16191,16191,16191,2
2021-03-15 15:00:01,16192,16192,16192,2
2021-03-15 15:00:01,16191,16191,16191,2
2021-03-15 15:00:01,16191,16191,16191,2
2021-03-15 15:00:01,16191,16191,16191,2
2021-03-15 15:00:01,16191,16191,16191,2
2021-03-15 15:00:01,16196,16196,16196,2
2021-03-15 15:00:01,16192,16192,16192,2
2021-03-15 15:00:01,16196,16196,16196,4
2021-03-15 15:00:01,16197,16197,16197,6
2021-03-15 15:00:01,16198,16198,16198,14
2021-03-15 15:00:01,16199,16199,16199,2
2021-03-15 15:00:01,16199,16199,16199,8
2021-03-15 15:00:01,16192,16192,16192,2
2021-03-15 15:00:01,16192,16192,16192,2
2021-03-15 15:00:01,16194,16194,16194,2
2021-03-15 15:00:02,16196,16196,16196,2
2021-03-15 15:00:02,16194,16194,16194,2
2021-03-15 15:00:02,16194,16194,16194,2
2021-03-15 15:00:02,16196,16196,16196,2
2021-03-15 15:00:02,16197,16197,16197,2
2021-03-15 15:00:02,16198,16198,16198,2
2021-03-15 15:00:02,16193,16193,16193,2
2021-03-15 15:00:02,16192,16192,16192,2
2021-03-15 15:00:02,16193,16193,16193,2
2021-03-15 15:00:02,16192,16192,16192,2
2021-03-15 15:00:02,16192,16192,16192,2
2021-03-15 15:00:02,16191,16191,16191,2
2021-03-15 15:00:02,16191,16191,16191,2
2021-03-15 15:00:02,16191,16191,16191,2
2021-03-15 15:00:02,16191,16191,16191,2
2021-03-15 15:00:02,16191,16191,16191,2
2021-03-15 15:00:02,16195,16195,16195,2
2021-03-15 15:00:03,16196,16196,16196,2
2021-03-15 15:00:03,16191,16191,16191,2
2021-03-15 15:00:03,16190,16190,16190,2
2021-03-15 15:00:03,16190,16190,16190,2
2021-03-15 15:00:03,16197,16197,16197,2
2021-03-15 15:00:04,16195,16195,16195,2
2021-03-15 15:00:04,16195,16195,16195,2
2021-03-15 15:00:04,16195,16195,16195,2
2021-03-15 15:00:05,16192,16192,16192,2
2021-03-15 15:00:05,16195,16195,16195,2
2021-03-15 15:00:06,16192,16192,16192,2
2021-03-15 15:00:06,16192,16192,16192,2
2021-03-15 15:00:07,16192,16192,16192,2
2021-03-15 15:00:08,16194,16194,16194,2
2021-03-15 15:00:08,16192,16192,16192,2
2021-03-15 15:00:10,16195,16195,16195,2
2021-03-15 15:00:11,16195,16195,16195,2
2021-03-15 15:00:12,16194,16194,16194,2
2021-03-15 15:00:12,16194,16194,16194,2
2021-03-15 15:00:12,16193,16193,16193,2
2021-03-15 15:00:12,16193,16193,16193,2
2021-03-15 15:00:12,16191,16191,16191,2
2021-03-15 15:00:13,16193,16193,16193,2
2021-03-15 15:00:13,16193,16193,16193,2
2021-03-15 15:00:14,16192,16192,16192,2
2021-03-15 15:00:16,16190,16190,16190,2
2021-03-15 15:00:19,16190,16190,16190,2
2021-03-15 15:00:20,16191,16191,16191,2
2021-03-15 15:00:21,16190,16190,16190,4
2021-03-15 15:00:21,16190,16190,16190,2
2021-03-15 15:00:21,16189,16189,16189,2
2021-03-15 15:00:21,16189,16189,16189,2
2021-03-15 15:00:21,16189,16189,16189,2
2021-03-15 15:00:21,16190,16190,16190,2
2021-03-15 15:00:21,16188,16188,16188,2
2021-03-15 15:00:21,16188,16188,16188,2
2021-03-15 15:00:21,16191,16191,16191,2
2021-03-15 15:00:21,16188,16188,16188,2
2021-03-15 15:00:21,16188,16188,16188,2
2021-03-15 15:00:21,16187,16187,16187,2
2021-03-15 15:00:21,16187,16187,16187,2
2021-03-15 15:00:22,16190,16190,16190,4
2021-03-15 15:00:22,16190,16190,16190,2
2021-03-15 15:00:24,16190,16190,16190,4
2021-03-15 15:00:25,16190,16190,16190,2
2021-03-15 15:00:25,16191,16191,16191,2
2021-03-15 15:00:26,16191,16191,16191,2
2021-03-15 15:00:26,16190,16190,16190,2
2021-03-15 15:00:28,16190,16190,16190,2
2021-03-15 15:00:29,16189,16189,16189,2
2021-03-15 15:00:29,16188,16188,16188,2
2021-03-15 15:00:29,16188,16188,16188,2
2021-03-15 15:00:31,16188,16188,16188,2
2021-03-15 15:00:31,16188,16188,16188,2
2021-03-15 15:00:32,16189,16189,16189,6
2021-03-15 15:00:33,16189,16189,16189,4
2021-03-15 15:00:36,16189,16189,16189,2
2021-03-15 15:00:36,16189,16189,16189,2
2021-03-15 15:00:36,16189,16189,16189,2
2021-03-15 15:00:36,16189,16189,16189,2
2021-03-15 15:00:36,16189,16189,16189,2
2021-03-15 15:00:36,16189,16189,16189,10
2021-03-15 15:00:36,16189,16189,16189,14
2021-03-15 15:00:36,16188,16188,16188,2
2021-03-15 15:00:36,16188,16188,16188,4
2021-03-15 15:00:36,16188,16188,16188,2
2021-03-15 15:00:37,16188,16188,16188,2
2021-03-15 15:00:37,16189,16189,16189,2
2021-03-15 15:00:38,16189,16189,16189,4
2021-03-15 15:00:39,16188,16188,16188,2
2021-03-15 15:00:39,16188,16188,16188,2
2021-03-15 15:00:40,16188,16188,16188,2
2021-03-15 15:00:41,16188,16188,16188,2
2021-03-15 15:00:41,16189,16189,16189,4
2021-03-15 15:00:41,16189,16189,16189,2
2021-03-15 15:00:42,16189,16189,16189,2
2021-03-15 15:00:43,16189,16189,16189,2
2021-03-15 15:00:45,16188,16188,16188,2
2021-03-15 15:00:46,16189,16189,16189,2
2021-03-15 15:00:46,16189,16189,16189,2
2021-03-15 15:00:46,16190,16190,16190,2
2021-03-15 15:00:47,16190,16190,16190,2
2021-03-15 15:00:52,16190,16190,16190,2
2021-03-15 15:00:55,16190,16190,16190,2
2021-03-15 15:00:55,16190,16190,16190,4
2021-03-15 15:00:57,16189,16189,16189,2
2021-03-15 15:00:57,16189,16189,16189,2
2021-03-15 15:00:58,16190,16190,16190,4
2021-03-15 15:00:58,16190,16190,16190,2
2021-03-15 15:01:00,16189,16189,16189,2
2021-03-15 15:01:00,16189,16189,16189,2
2021-03-15 15:01:00,16189,16189,16189,2
2021-03-15 15:01:00,16191,16191,16191,2
2021-03-15 15:01:00,16191,16191,16191,2
2021-03-15 15:01:02,16189,16189,16189,2
2021-03-15 15:01:02,16190,16190,16190,2
2021-03-15 15:01:04,16190,16190,16190,2
2021-03-15 15:01:05,16189,16189,16189,2
2021-03-15 15:01:06,16188,16188,16188,2
2021-03-15 15:01:06,16188,16188,16188,2
2021-03-15 15:01:06,16188,16188,16188,2
2021-03-15 15:01:07,16189,16189,16189,2
2021-03-15 15:01:07,16190,16190,16190,2
2021-03-15 15:01:07,16190,16190,16190,2
2021-03-15 15:01:08,16190,16190,16190,6
2021-03-15 15:01:08,16191,16191,16191,4
2021-03-15 15:01:09,16189,16189,16189,2
2021-03-15 15:01:10,16190,16190,16190,2
2021-03-15 15:01:11,16190,16190,16190,2
2021-03-15 15:01:11,16191,16191,16191,2
2021-03-15 15:01:14,16190,16190,16190,2
2021-03-15 15:01:15,16188,16188,16188,4
2021-03-15 15:01:15,16188,16188,16188,14
2021-03-15 15:01:15,16188,16188,16188,8
2021-03-15 15:01:15,16188,16188,16188,2
2021-03-15 15:01:15,16188,16188,16188,2
2021-03-15 15:01:15,16188,16188,16188,4
2021-03-15 15:01:15,16188,16188,16188,2
2021-03-15 15:01:15,16188,16188,16188,2
2021-03-15 15:01:17,16188,16188,16188,4
2021-03-15 15:01:22,16188,16188,16188,2
2021-03-15 15:01:22,16189,16189,16189,2
2021-03-15 15:01:22,16189,16189,16189,2
2021-03-15 15:01:26,16189,16189,16189,4
2021-03-15 15:01:27,16189,16189,16189,2
2021-03-15 15:01:27,16189,16189,16189,4
2021-03-15 15:01:27,16188,16188,16188,2
2021-03-15 15:01:28,16190,16190,16190,4
2021-03-15 15:01:32,16190,16190,16190,2
2021-03-15 15:01:33,16188,16188,16188,2
2021-03-15 15:01:39,16189,16189,16189,4
2021-03-15 15:01:39,16189,16189,16189,2
2021-03-15 15:01:40,16189,16189,16189,2
2021-03-15 15:01:40,16189,16189,16189,2
2021-03-15 15:01:40,16189,16189,16189,2
2021-03-15 15:01:40,16190,16190,16190,2
2021-03-15 15:01:40,16190,16190,16190,2
2021-03-15 15:01:40,16191,16191,16191,2
2021-03-15 15:01:40,16191,16191,16191,2
2021-03-15 15:01:40,16191,16191,16191,2
2021-03-15 15:01:40,16191,16191,16191,2
2021-03-15 15:01:40,16191,16191,16191,2
2021-03-15 15:01:40,16191,16191,16191,2
2021-03-15 15:01:40,16191,16191,16191,2
2021-03-15 15:01:40,16191,16191,16191,2
2021-03-15 15:01:40,16191,16191,16191,2
2021-03-15 15:01:40,16191,16191,16191,2
2021-03-15 15:01:40,16191,16191,16191,2
2021-03-15 15:01:40,16191,16191,16191,2
2021-03-15 15:01:40,16191,16191,16191,4
2021-03-15 15:01:41,16190,16190,16190,2
2021-03-15 15:01:42,16191,16191,16191,2
2021-03-15 15:01:48,16192,16192,16192,2
2021-03-15 15:01:57,16192,16192,16192,2
2021-03-15 15:02:00,16191,16191,16191,2
2021-03-15 15:02:02,16190,16190,16190,2
2021-03-15 15:02:04,16191,16191,16191,4
2021-03-15 15:02:04,16190,16190,16190,2
2021-03-15 15:02:05,16190,16190,16190,2
2021-03-15 15:02:07,16189,16189,16189,2
2021-03-15 15:02:07,16189,16189,16189,2
2021-03-15 15:02:10,16190,16190,16190,2
2021-03-15 15:02:13,16188,16188,16188,2
2021-03-15 15:02:13,16188,16188,16188,2
2021-03-15 15:02:13,16188,16188,16188,2
2021-03-15 15:02:13,16188,16188,16188,2
2021-03-15 15:02:13,16188,16188,16188,2
2021-03-15 15:02:13,16188,16188,16188,2
2021-03-15 15:02:13,16188,16188,16188,2
2021-03-15 15:02:13,16188,16188,16188,2
2021-03-15 15:02:15,16187,16187,16187,2
2021-03-15 15:02:15,16188,16188,16188,2
2021-03-15 15:02:19,16187,16187,16187,2
2021-03-15 15:02:20,16187,16187,16187,2
2021-03-15 15:02:20,16187,16187,16187,2
2021-03-15 15:02:21,16188,16188,16188,2
2021-03-15 15:02:21,16187,16187,16187,2
2021-03-15 15:02:21,16188,16188,16188,2
2021-03-15 15:02:25,16187,16187,16187,2
2021-03-15 15:02:25,16187,16187,16187,2
2021-03-15 15:02:27,16188,16188,16188,10
2021-03-15 15:02:27,16187,16187,16187,2
2021-03-15 15:02:34,16187,16187,16187,2
2021-03-15 15:02:34,16187,16187,16187,4
2021-03-15 15:02:34,16187,16187,16187,2
2021-03-15 15:02:34,16187,16187,16187,2
2021-03-15 15:02:34,16187,16187,16187,2
2021-03-15 15:02:38,16187,16187,16187,2
2021-03-15 15:02:38,16186,16186,16186,2
2021-03-15 15:02:40,16186,16186,16186,2
2021-03-15 15:02:42,16187,16187,16187,2
2021-03-15 15:02:46,16186,16186,16186,2
2021-03-15 15:02:46,16186,16186,16186,2
2021-03-15 15:02:46,16186,16186,16186,2
2021-03-15 15:02:46,16186,16186,16186,2
2021-03-15 15:02:46,16186,16186,16186,2
2021-03-15 15:02:47,16186,16186,16186,2
2021-03-15 15:02:55,16187,16187,16187,2
2021-03-15 15:02:57,16188,16188,16188,2
2021-03-15 15:02:57,16188,16188,16188,8
2021-03-15 15:02:57,16188,16188,16188,4
2021-03-15 15:02:57,16188,16188,16188,2
2021-03-15 15:02:58,16189,16189,16189,2
2021-03-15 15:03:06,16189,16189,16189,2
2021-03-15 15:03:11,16188,16188,16188,2
2021-03-15 15:03:11,16188,16188,16188,6
2021-03-15 15:03:16,16189,16189,16189,2
2021-03-15 15:03:19,16190,16190,16190,4
2021-03-15 15:03:25,16190,16190,16190,2
2021-03-15 15:03:25,16190,16190,16190,2
2021-03-15 15:03:28,16190,16190,16190,2
2021-03-15 15:03:29,16190,16190,16190,2
2021-03-15 15:03:29,16189,16189,16189,2
2021-03-15 15:03:40,16189,16189,16189,2
2021-03-15 15:03:40,16189,16189,16189,2
2021-03-15 15:03:40,16189,16189,16189,2
2021-03-15 15:03:40,16189,16189,16189,2
2021-03-15 15:03:40,16189,16189,16189,2
2021-03-15 15:03:40,16189,16189,16189,2
2021-03-15 15:03:40,16189,16189,16189,2
2021-03-15 15:03:43,16188,16188,16188,4
2021-03-15 15:03:43,16188,16188,16188,4
2021-03-15 15:03:43,16188,16188,16188,2
2021-03-15 15:03:43,16188,16188,16188,2
2021-03-15 15:03:43,16188,16188,16188,2
2021-03-15 15:03:51,16187,16187,16187,2
2021-03-15 15:03:51,16187,16187,16187,2
2021-03-15 15:03:53,16188,16188,16188,2
2021-03-15 15:03:59,16188,16188,16188,2
2021-03-15 15:03:59,16188,16188,16188,2
2021-03-15 15:04:02,16188,16188,16188,2
2021-03-15 15:04:05,16189,16189,16189,2
2021-03-15 15:04:06,16190,16190,16190,4
2021-03-15 15:04:06,16191,16191,16191,24
2021-03-15 15:04:07,16192,16192,16192,10
2021-03-15 15:04:07,16193,16193,16193,10
2021-03-15 15:04:08,16194,16194,16194,2
2021-03-15 15:04:08,16194,16194,16194,6
2021-03-15 15:04:09,16194,16194,16194,2
2021-03-15 15:04:10,16193,16193,16193,2
2021-03-15 15:04:23,16193,16193,16193,2
2021-03-15 15:04:26,16193,16193,16193,2
2021-03-15 15:04:29,16193,16193,16193,4
2021-03-15 15:04:33,16191,16191,16191,2
2021-03-15 15:04:35,16192,16192,16192,2
2021-03-15 15:04:37,16191,16191,16191,2
2021-03-15 15:04:41,16190,16190,16190,2
2021-03-15 15:04:41,16190,16190,16190,2
2021-03-15 15:04:43,16190,16190,16190,2
2021-03-15 15:04:44,16190,16190,16190,6
2021-03-15 15:04:53,16190,16190,16190,2
2021-03-15 15:04:54,16190,16190,16190,2
2021-03-15 15:04:58,16191,16191,16191,2
2021-03-15 15:05:05,16191,16191,16191,2
2021-03-15 15:05:07,16191,16191,16191,6
2021-03-15 15:05:09,16191,16191,16191,2
2021-03-15 15:05:12,16190,16190,16190,2
2021-03-15 15:05:12,16190,16190,16190,2
2021-03-15 15:05:12,16189,16189,16189,2
2021-03-15 15:05:12,16189,16189,16189,4
2021-03-15 15:05:12,16189,16189,16189,2
2021-03-15 15:05:14,16188,16188,16188,2
2021-03-15 15:05:14,16188,16188,16188,2
2021-03-15 15:05:14,16187,16187,16187,4
2021-03-15 15:05:14,16187,16187,16187,2
2021-03-15 15:05:21,16187,16187,16187,2
2021-03-15 15:05:28,16186,16186,16186,2
2021-03-15 15:05:28,16186,16186,16186,2
2021-03-15 15:05:28,16186,16186,16186,8
2021-03-15 15:05:28,16186,16186,16186,2
2021-03-15 15:05:28,16186,16186,16186,2
2021-03-15 15:05:28,16186,16186,16186,10
2021-03-15 15:05:28,16186,16186,16186,2
2021-03-15 15:05:28,16186,16186,16186,2
2021-03-15 15:05:28,16186,16186,16186,2
2021-03-15 15:05:28,16186,16186,16186,2
2021-03-15 15:05:28,16186,16186,16186,2
2021-03-15 15:05:32,16185,16185,16185,2
2021-03-15 15:05:35,16186,16186,16186,2
2021-03-15 15:05:36,16185,16185,16185,2
2021-03-15 15:05:36,16185,16185,16185,2
2021-03-15 15:05:36,16185,16185,16185,2
2021-03-15 15:05:36,16185,16185,16185,2
2021-03-15 15:05:36,16185,16185,16185,2
2021-03-15 15:05:36,16185,16185,16185,4
2021-03-15 15:05:36,16185,16185,16185,2
2021-03-15 15:05:37,16186,16186,16186,2
2021-03-15 15:05:37,16187,16187,16187,2
2021-03-15 15:05:43,16185,16185,16185,2
2021-03-15 15:05:43,16185,16185,16185,2
2021-03-15 15:05:43,16185,16185,16185,2
2021-03-15 15:05:45,16185,16185,16185,2
2021-03-15 15:05:50,16184,16184,16184,2
2021-03-15 15:05:50,16184,16184,16184,4
2021-03-15 15:05:50,16184,16184,16184,2
2021-03-15 15:05:50,16183,16183,16183,2
2021-03-15 15:05:50,16183,16183,16183,2
2021-03-15 15:05:51,16184,16184,16184,2
2021-03-15 15:05:51,16184,16184,16184,2
2021-03-15 15:05:51,16183,16183,16183,2
2021-03-15 15:05:52,16183,16183,16183,2
2021-03-15 15:05:52,16183,16183,16183,2
2021-03-15 15:05:54,16183,16183,16183,4
2021-03-15 15:05:54,16183,16183,16183,2
2021-03-15 15:05:56,16183,16183,16183,2
2021-03-15 15:05:57,16183,16183,16183,2
2021-03-15 15:05:57,16183,16183,16183,2
2021-03-15 15:05:59,16183,16183,16183,4
2021-03-15 15:06:00,16182,16182,16182,2
2021-03-15 15:06:00,16182,16182,16182,2
2021-03-15 15:06:00,16182,16182,16182,2
2021-03-15 15:06:00,16182,16182,16182,2
2021-03-15 15:06:00,16182,16182,16182,2
2021-03-15 15:06:00,16182,16182,16182,2
2021-03-15 15:06:00,16182,16182,16182,2
2021-03-15 15:06:00,16182,16182,16182,6
2021-03-15 15:06:00,16182,16182,16182,6
2021-03-15 15:06:00,16182,16182,16182,2
2021-03-15 15:06:00,16182,16182,16182,2
2021-03-15 15:06:00,16182,16182,16182,2
2021-03-15 15:06:00,16181,16181,16181,2
2021-03-15 15:06:00,16181,16181,16181,2
2021-03-15 15:06:00,16181,16181,16181,2
2021-03-15 15:06:00,16181,16181,16181,2
2021-03-15 15:06:00,16181,16181,16181,2
2021-03-15 15:06:00,16180,16180,16180,2
2021-03-15 15:06:00,16180,16180,16180,2
2021-03-15 15:06:00,16180,16180,16180,4
2021-03-15 15:06:01,16180,16180,16180,4
2021-03-15 15:06:01,16180,16180,16180,2
2021-03-15 15:06:01,16180,16180,16180,2
2021-03-15 15:06:01,16180,16180,16180,2
2021-03-15 15:06:01,16180,16180,16180,2
2021-03-15 15:06:01,16180,16180,16180,2
2021-03-15 15:06:01,16180,16180,16180,2
2021-03-15 15:06:01,16180,16180,16180,2
2021-03-15 15:06:01,16180,16180,16180,2
2021-03-15 15:06:01,16180,16180,16180,2
2021-03-15 15:06:01,16180,16180,16180,2
2021-03-15 15:06:01,16180,16180,16180,2
2021-03-15 15:06:01,16180,16180,16180,2
2021-03-15 15:06:01,16180,16180,16180,2
2021-03-15 15:06:01,16180,16180,16180,2
2021-03-15 15:06:01,16180,16180,16180,2
2021-03-15 15:06:01,16180,16180,16180,2
2021-03-15 15:06:01,16180,16180,16180,2
2021-03-15 15:06:01,16180,16180,16180,4
2021-03-15 15:06:01,16179,16179,16179,4
2021-03-15 15:06:01,16179,16179,16179,2
2021-03-15 15:06:01,16179,16179,16179,2
2021-03-15 15:06:01,16178,16178,16178,2
2021-03-15 15:06:01,16178,16178,16178,4
2021-03-15 15:06:01,16178,16178,16178,4
2021-03-15 15:06:01,16178,16178,16178,2
2021-03-15 15:06:01,16178,16178,16178,2
2021-03-15 15:06:01,16177,16177,16177,2
2021-03-15 15:06:01,16177,16177,16177,2
2021-03-15 15:06:01,16177,16177,16177,2
2021-03-15 15:06:01,16177,16177,16177,2
2021-03-15 15:06:01,16177,16177,16177,2
2021-03-15 15:06:01,16177,16177,16177,2
2021-03-15 15:06:01,16177,16177,16177,2
2021-03-15 15:06:01,16177,16177,16177,2
2021-03-15 15:06:01,16177,16177,16177,2
2021-03-15 15:06:01,16177,16177,16177,2
2021-03-15 15:06:01,16177,16177,16177,2
2021-03-15 15:06:01,16176,16176,16176,2
2021-03-15 15:06:01,16177,16177,16177,2
2021-03-15 15:06:01,16177,16177,16177,2
2021-03-15 15:06:02,16178,16178,16178,2
2021-03-15 15:06:02,16179,16179,16179,2
2021-03-15 15:06:02,16178,16178,16178,2
2021-03-15 15:06:02,16178,16178,16178,2
2021-03-15 15:06:02,16178,16178,16178,2
2021-03-15 15:06:02,16178,16178,16178,2
2021-03-15 15:06:02,16178,16178,16178,2
2021-03-15 15:06:02,16178,16178,16178,2
2021-03-15 15:06:02,16177,16177,16177,2
2021-03-15 15:06:02,16177,16177,16177,2
2021-03-15 15:06:02,16177,16177,16177,2
2021-03-15 15:06:02,16177,16177,16177,2
2021-03-15 15:06:02,16176,16176,16176,2
2021-03-15 15:06:02,16177,16177,16177,2
2021-03-15 15:06:02,16177,16177,16177,2
2021-03-15 15:06:02,16176,16176,16176,2
2021-03-15 15:06:02,16177,16177,16177,2
2021-03-15 15:06:02,16177,16177,16177,2
2021-03-15 15:06:02,16176,16176,16176,2
2021-03-15 15:06:02,16177,16177,16177,2
2021-03-15 15:06:02,16178,16178,16178,2
2021-03-15 15:06:02,16176,16176,16176,2
2021-03-15 15:06:03,16177,16177,16177,2
2021-03-15 15:06:03,16177,16177,16177,2
2021-03-15 15:06:03,16177,16177,16177,2
2021-03-15 15:06:03,16176,16176,16176,4
2021-03-15 15:06:03,16176,16176,16176,2
2021-03-15 15:06:03,16176,16176,16176,2
2021-03-15 15:06:03,16178,16178,16178,2
2021-03-15 15:06:04,16177,16177,16177,2
2021-03-15 15:06:04,16177,16177,16177,4
2021-03-15 15:06:04,16177,16177,16177,2
2021-03-15 15:06:04,16176,16176,16176,2
2021-03-15 15:06:04,16176,16176,16176,2
2021-03-15 15:06:04,16177,16177,16177,2
2021-03-15 15:06:05,16176,16176,16176,2
2021-03-15 15:06:08,16179,16179,16179,2
2021-03-15 15:06:08,16178,16178,16178,2
2021-03-15 15:06:10,16180,16180,16180,2
2021-03-15 15:06:10,16179,16179,16179,2
2021-03-15 15:06:11,16180,16180,16180,2
2021-03-15 15:06:12,16179,16179,16179,2
2021-03-15 15:06:13,16180,16180,16180,2
2021-03-15 15:06:17,16180,16180,16180,2
2021-03-15 15:06:17,16180,16180,16180,4
2021-03-15 15:06:17,16179,16179,16179,2
2021-03-15 15:06:19,16180,16180,16180,2
2021-03-15 15:06:19,16179,16179,16179,2
2021-03-15 15:06:19,16178,16178,16178,2
2021-03-15 15:06:19,16178,16178,16178,2
2021-03-15 15:06:19,16178,16178,16178,2
2021-03-15 15:06:19,16178,16178,16178,2
2021-03-15 15:06:19,16178,16178,16178,2
2021-03-15 15:06:22,16180,16180,16180,2
2021-03-15 15:06:26,16178,16178,16178,2
2021-03-15 15:06:26,16177,16177,16177,2
2021-03-15 15:06:28,16176,16176,16176,2
2021-03-15 15:06:28,16176,16176,16176,2
2021-03-15 15:06:28,16176,16176,16176,2
2021-03-15 15:06:29,16175,16175,16175,2
2021-03-15 15:06:29,16177,16177,16177,4
2021-03-15 15:06:34,16177,16177,16177,2
2021-03-15 15:06:34,16177,16177,16177,2
2021-03-15 15:06:35,16177,16177,16177,2
2021-03-15 15:06:35,16177,16177,16177,2
2021-03-15 15:06:35,16176,16176,16176,2
2021-03-15 15:06:35,16176,16176,16176,2
2021-03-15 15:06:35,16176,16176,16176,2
2021-03-15 15:06:35,16176,16176,16176,2
2021-03-15 15:06:35,16176,16176,16176,2
2021-03-15 15:06:35,16176,16176,16176,6
2021-03-15 15:06:35,16176,16176,16176,4
2021-03-15 15:06:35,16176,16176,16176,2
2021-03-15 15:06:39,16175,16175,16175,2
2021-03-15 15:06:40,16178,16178,16178,4
2021-03-15 15:06:40,16176,16176,16176,2
2021-03-15 15:06:40,16175,16175,16175,2
2021-03-15 15:06:41,16175,16175,16175,2
2021-03-15 15:06:41,16175,16175,16175,2
2021-03-15 15:06:41,16175,16175,16175,2
2021-03-15 15:06:41,16175,16175,16175,8
2021-03-15 15:06:42,16175,16175,16175,2
2021-03-15 15:06:42,16175,16175,16175,16
2021-03-15 15:06:43,16175,16175,16175,2
2021-03-15 15:06:43,16175,16175,16175,2
2021-03-15 15:06:45,16175,16175,16175,2
2021-03-15 15:06:47,16175,16175,16175,2
2021-03-15 15:06:47,16175,16175,16175,2
2021-03-15 15:06:47,16175,16175,16175,2
2021-03-15 15:06:47,16175,16175,16175,2
2021-03-15 15:06:47,16175,16175,16175,2
2021-03-15 15:06:48,16175,16175,16175,2
2021-03-15 15:06:48,16175,16175,16175,2
2021-03-15 15:06:48,16175,16175,16175,2
2021-03-15 15:06:48,16175,16175,16175,2
2021-03-15 15:06:53,16175,16175,16175,2
2021-03-15 15:06:53,16175,16175,16175,2
2021-03-15 15:06:55,16175,16175,16175,2
2021-03-15 15:06:59,16176,16176,16176,12
2021-03-15 15:07:01,16177,16177,16177,12
2021-03-15 15:07:01,16178,16178,16178,2
2021-03-15 15:07:02,16177,16177,16177,2
2021-03-15 15:07:02,16177,16177,16177,2
2021-03-15 15:07:02,16177,16177,16177,2
2021-03-15 15:07:03,16177,16177,16177,2
2021-03-15 15:07:04,16178,16178,16178,2
2021-03-15 15:07:06,16179,16179,16179,6
2021-03-15 15:07:06,16178,16178,16178,4
2021-03-15 15:07:07,16179,16179,16179,2
2021-03-15 15:07:11,16180,16180,16180,2
2021-03-15 15:07:12,16179,16179,16179,2
2021-03-15 15:07:15,16180,16180,16180,2
2021-03-15 15:07:15,16182,16182,16182,2
2021-03-15 15:07:20,16180,16180,16180,2
2021-03-15 15:07:22,16180,16180,16180,6
2021-03-15 15:07:22,16180,16180,16180,2
2021-03-15 15:07:23,16179,16179,16179,2
2021-03-15 15:07:26,16179,16179,16179,2
2021-03-15 15:07:26,16178,16178,16178,2
2021-03-15 15:07:28,16179,16179,16179,2
2021-03-15 15:07:28,16178,16178,16178,2
2021-03-15 15:07:28,16178,16178,16178,2
2021-03-15 15:07:30,16178,16178,16178,2
2021-03-15 15:07:30,16178,16178,16178,2
2021-03-15 15:07:38,16177,16177,16177,2
2021-03-15 15:07:39,16178,16178,16178,2
2021-03-15 15:07:41,16177,16177,16177,2
2021-03-15 15:07:46,16178,16178,16178,2
2021-03-15 15:07:47,16177,16177,16177,2
2021-03-15 15:07:56,16176,16176,16176,2
2021-03-15 15:07:56,16176,16176,16176,2
2021-03-15 15:07:56,16176,16176,16176,2
2021-03-15 15:07:56,16176,16176,16176,2
2021-03-15 15:07:56,16176,16176,16176,2
2021-03-15 15:07:56,16176,16176,16176,2
2021-03-15 15:07:56,16177,16177,16177,4
2021-03-15 15:08:02,16176,16176,16176,2
2021-03-15 15:08:04,16176,16176,16176,2
2021-03-15 15:08:04,16176,16176,16176,2
2021-03-15 15:08:04,16176,16176,16176,2
2021-03-15 15:08:08,16176,16176,16176,2
2021-03-15 15:08:21,16176,16176,16176,2
2021-03-15 15:08:22,16175,16175,16175,2
2021-03-15 15:08:22,16175,16175,16175,2
2021-03-15 15:08:22,16175,16175,16175,2
2021-03-15 15:08:22,16175,16175,16175,2
2021-03-15 15:08:22,16175,16175,16175,2
2021-03-15 15:08:22,16175,16175,16175,2
2021-03-15 15:08:23,16175,16175,16175,2
2021-03-15 15:08:23,16175,16175,16175,2
2021-03-15 15:08:25,16175,16175,16175,2
2021-03-15 15:08:26,16176,16176,16176,2
2021-03-15 15:08:30,16176,16176,16176,2
2021-03-15 15:08:30,16176,16176,16176,2
2021-03-15 15:08:32,16177,16177,16177,6
2021-03-15 15:08:32,16178,16178,16178,20
2021-03-15 15:08:33,16178,16178,16178,2
2021-03-15 15:08:33,16179,16179,16179,2
2021-03-15 15:08:33,16178,16178,16178,2
2021-03-15 15:08:34,16178,16178,16178,2
2021-03-15 15:08:41,16179,16179,16179,2
2021-03-15 15:08:43,16180,16180,16180,4
2021-03-15 15:08:44,16179,16179,16179,2
2021-03-15 15:08:44,16180,16180,16180,2
2021-03-15 15:08:49,16180,16180,16180,2
2021-03-15 15:08:49,16180,16180,16180,4
2021-03-15 15:08:49,16180,16180,16180,4
2021-03-15 15:08:49,16180,16180,16180,2
2021-03-15 15:08:49,16180,16180,16180,2
2021-03-15 15:09:03,16180,16180,16180,2
2021-03-15 15:09:03,16179,16179,16179,2
2021-03-15 15:09:03,16179,16179,16179,2
2021-03-15 15:09:04,16180,16180,16180,2
2021-03-15 15:09:07,16179,16179,16179,2
2021-03-15 15:09:12,16179,16179,16179,2
2021-03-15 15:09:21,16176,16176,16176,4
2021-03-15 15:09:21,16176,16176,16176,4
2021-03-15 15:09:21,16176,16176,16176,2
2021-03-15 15:09:22,16177,16177,16177,2
2021-03-15 15:09:24,16177,16177,16177,2
2021-03-15 15:09:26,16176,16176,16176,2
2021-03-15 15:09:31,16176,16176,16176,2
2021-03-15 15:09:33,16175,16175,16175,2
2021-03-15 15:09:37,16177,16177,16177,6
2021-03-15 15:09:40,16175,16175,16175,2
2021-03-15 15:09:43,16175,16175,16175,2
2021-03-15 15:09:46,16175,16175,16175,2
2021-03-15 15:09:46,16175,16175,16175,2
2021-03-15 15:09:46,16175,16175,16175,2
2021-03-15 15:09:46,16175,16175,16175,2
2021-03-15 15:09:46,16175,16175,16175,2
2021-03-15 15:09:46,16175,16175,16175,2
2021-03-15 15:09:46,16175,16175,16175,6
2021-03-15 15:09:50,16175,16175,16175,2
2021-03-15 15:09:51,16175,16175,16175,2
2021-03-15 15:09:53,16175,16175,16175,2
2021-03-15 15:09:53,16175,16175,16175,6
2021-03-15 15:09:55,16176,16176,16176,2
2021-03-15 15:10:02,16176,16176,16176,2
2021-03-15 15:10:02,16176,16176,16176,4
2021-03-15 15:10:02,16175,16175,16175,2
2021-03-15 15:10:02,16175,16175,16175,2
2021-03-15 15:10:02,16175,16175,16175,2
2021-03-15 15:10:02,16174,16174,16174,2
2021-03-15 15:10:02,16174,16174,16174,4
2021-03-15 15:10:02,16175,16175,16175,4
2021-03-15 15:10:11,16175,16175,16175,2
2021-03-15 15:10:29,16175,16175,16175,2
2021-03-15 15:10:41,16176,16176,16176,2
2021-03-15 15:10:50,16175,16175,16175,4
2021-03-15 15:10:50,16175,16175,16175,2
2021-03-15 15:10:51,16175,16175,16175,4
2021-03-15 15:10:51,16175,16175,16175,2
2021-03-15 15:10:51,16175,16175,16175,2
2021-03-15 15:10:54,16175,16175,16175,2
2021-03-15 15:11:02,16175,16175,16175,2
2021-03-15 15:11:03,16175,16175,16175,2
2021-03-15 15:11:03,16176,16176,16176,4
2021-03-15 15:11:06,16175,16175,16175,2
2021-03-15 15:11:09,16175,16175,16175,2
2021-03-15 15:11:09,16174,16174,16174,2
2021-03-15 15:11:09,16174,16174,16174,2
2021-03-15 15:11:09,16174,16174,16174,2
2021-03-15 15:11:09,16174,16174,16174,2
2021-03-15 15:11:09,16174,16174,16174,2
2021-03-15 15:11:09,16174,16174,16174,2
2021-03-15 15:11:11,16175,16175,16175,2
2021-03-15 15:11:15,16173,16173,16173,2
2021-03-15 15:11:16,16173,16173,16173,2
2021-03-15 15:11:16,16173,16173,16173,2
2021-03-15 15:11:16,16173,16173,16173,6
2021-03-15 15:11:16,16173,16173,16173,2
2021-03-15 15:11:16,16173,16173,16173,2
2021-03-15 15:11:16,16173,16173,16173,2
2021-03-15 15:11:16,16173,16173,16173,2
2021-03-15 15:11:16,16172,16172,16172,2
2021-03-15 15:11:16,16172,16172,16172,2
2021-03-15 15:11:16,16172,16172,16172,2
2021-03-15 15:11:21,16171,16171,16171,4
2021-03-15 15:11:21,16171,16171,16171,2
2021-03-15 15:11:21,16171,16171,16171,4
2021-03-15 15:11:24,16173,16173,16173,2
2021-03-15 15:11:28,16173,16173,16173,2
2021-03-15 15:11:34,16174,16174,16174,2
2021-03-15 15:11:37,16175,16175,16175,4
2021-03-15 15:11:37,16175,16175,16175,4
2021-03-15 15:11:37,16175,16175,16175,2
2021-03-15 15:11:37,16175,16175,16175,2
2021-03-15 15:11:43,16175,16175,16175,2
2021-03-15 15:11:47,16175,16175,16175,2
2021-03-15 15:11:53,16174,16174,16174,2
2021-03-15 15:11:55,16174,16174,16174,2
2021-03-15 15:11:55,16174,16174,16174,2
2021-03-15 15:11:55,16174,16174,16174,2
2021-03-15 15:11:55,16174,16174,16174,2
2021-03-15 15:12:07,16174,16174,16174,2
2021-03-15 15:12:07,16174,16174,16174,2
2021-03-15 15:12:07,16174,16174,16174,2
2021-03-15 15:12:07,16173,16173,16173,2
2021-03-15 15:12:08,16174,16174,16174,2
2021-03-15 15:12:15,16174,16174,16174,4
2021-03-15 15:12:29,16174,16174,16174,4
2021-03-15 15:12:29,16174,16174,16174,2
2021-03-15 15:12:30,16175,16175,16175,2
2021-03-15 15:12:30,16174,16174,16174,4
2021-03-15 15:12:30,16174,16174,16174,2
2021-03-15 15:12:31,16175,16175,16175,2
2021-03-15 15:12:35,16174,16174,16174,2
2021-03-15 15:12:35,16174,16174,16174,2
2021-03-15 15:12:35,16174,16174,16174,2
2021-03-15 15:12:37,16174,16174,16174,4
2021-03-15 15:12:37,16174,16174,16174,2
2021-03-15 15:12:40,16174,16174,16174,2
2021-03-15 15:12:40,16173,16173,16173,2
2021-03-15 15:12:40,16175,16175,16175,2
2021-03-15 15:12:44,16174,16174,16174,2
2021-03-15 15:12:44,16174,16174,16174,2
2021-03-15 15:12:54,16174,16174,16174,2
2021-03-15 15:12:56,16174,16174,16174,2
2021-03-15 15:12:56,16174,16174,16174,2
2021-03-15 15:13:02,16174,16174,16174,2
2021-03-15 15:13:07,16175,16175,16175,2
2021-03-15 15:13:13,16173,16173,16173,2
2021-03-15 15:13:13,16173,16173,16173,2
2021-03-15 15:13:13,16173,16173,16173,2
2021-03-15 15:13:13,16173,16173,16173,2
2021-03-15 15:13:18,16172,16172,16172,2
2021-03-15 15:13:18,16172,16172,16172,2
2021-03-15 15:13:19,16171,16171,16171,2
2021-03-15 15:13:20,16171,16171,16171,2
2021-03-15 15:13:20,16171,16171,16171,2
2021-03-15 15:13:20,16171,16171,16171,2
2021-03-15 15:13:20,16171,16171,16171,2
2021-03-15 15:13:20,16171,16171,16171,2
2021-03-15 15:13:20,16171,16171,16171,2
2021-03-15 15:13:20,16171,16171,16171,2
2021-03-15 15:13:20,16171,16171,16171,2
2021-03-15 15:13:20,16171,16171,16171,2
2021-03-15 15:13:20,16171,16171,16171,2
2021-03-15 15:13:20,16170,16170,16170,6
2021-03-15 15:13:20,16170,16170,16170,2
2021-03-15 15:13:21,16170,16170,16170,8
2021-03-15 15:13:21,16170,16170,16170,2
2021-03-15 15:13:21,16170,16170,16170,2
2021-03-15 15:13:21,16170,16170,16170,10
2021-03-15 15:13:21,16170,16170,16170,2
2021-03-15 15:13:21,16170,16170,16170,2
2021-03-15 15:13:21,16170,16170,16170,2
2021-03-15 15:13:21,16170,16170,16170,2
2021-03-15 15:13:21,16170,16170,16170,2
2021-03-15 15:13:21,16170,16170,16170,6
2021-03-15 15:13:21,16170,16170,16170,2
2021-03-15 15:13:21,16170,16170,16170,2
2021-03-15 15:13:21,16170,16170,16170,2
2021-03-15 15:13:21,16170,16170,16170,2
2021-03-15 15:13:21,16170,16170,16170,2
2021-03-15 15:13:21,16170,16170,16170,2
2021-03-15 15:13:21,16170,16170,16170,2
2021-03-15 15:13:21,16170,16170,16170,2
2021-03-15 15:13:21,16170,16170,16170,2
2021-03-15 15:13:21,16170,16170,16170,2
2021-03-15 15:13:21,16170,16170,16170,2
2021-03-15 15:13:21,16170,16170,16170,2
2021-03-15 15:13:21,16170,16170,16170,2
2021-03-15 15:13:21,16170,16170,16170,2
2021-03-15 15:13:21,16170,16170,16170,2
2021-03-15 15:13:21,16170,16170,16170,2
2021-03-15 15:13:22,16170,16170,16170,2
2021-03-15 15:13:22,16170,16170,16170,2
2021-03-15 15:13:22,16170,16170,16170,6
2021-03-15 15:13:22,16170,16170,16170,2
2021-03-15 15:13:22,16170,16170,16170,2
2021-03-15 15:13:22,16170,16170,16170,2
2021-03-15 15:13:23,16169,16169,16169,2
2021-03-15 15:13:23,16169,16169,16169,2
2021-03-15 15:13:23,16169,16169,16169,2
2021-03-15 15:13:23,16169,16169,16169,2
2021-03-15 15:13:23,16170,16170,16170,2
2021-03-15 15:13:23,16169,16169,16169,2
2021-03-15 15:13:24,16170,16170,16170,4
2021-03-15 15:13:25,16169,16169,16169,2
2021-03-15 15:13:26,16169,16169,16169,2
2021-03-15 15:13:26,16169,16169,16169,2
2021-03-15 15:13:26,16169,16169,16169,2
2021-03-15 15:13:30,16169,16169,16169,2
2021-03-15 15:13:31,16170,16170,16170,4
2021-03-15 15:13:33,16170,16170,16170,2
2021-03-15 15:13:36,16170,16170,16170,4
2021-03-15 15:13:39,16171,16171,16171,4
2021-03-15 15:13:40,16172,16172,16172,6
2021-03-15 15:13:41,16173,16173,16173,4
2021-03-15 15:13:43,16171,16171,16171,2
2021-03-15 15:13:43,16171,16171,16171,2
2021-03-15 15:13:43,16171,16171,16171,2
2021-03-15 15:13:43,16171,16171,16171,2
2021-03-15 15:13:44,16171,16171,16171,2
2021-03-15 15:13:44,16171,16171,16171,2
2021-03-15 15:13:48,16171,16171,16171,2
2021-03-15 15:13:48,16171,16171,16171,2
2021-03-15 15:13:52,16171,16171,16171,2
2021-03-15 15:13:53,16171,16171,16171,2
2021-03-15 15:13:53,16171,16171,16171,2
2021-03-15 15:13:54,16171,16171,16171,2
2021-03-15 15:13:54,16171,16171,16171,2
2021-03-15 15:13:55,16171,16171,16171,2
2021-03-15 15:14:00,16171,16171,16171,2
2021-03-15 15:14:03,16173,16173,16173,4
2021-03-15 15:14:04,16171,16171,16171,2
2021-03-15 15:14:04,16171,16171,16171,2
2021-03-15 15:14:04,16171,16171,16171,2
2021-03-15 15:14:04,16173,16173,16173,2
2021-03-15 15:14:09,16173,16173,16173,14
2021-03-15 15:14:09,16173,16173,16173,2
2021-03-15 15:14:09,16173,16173,16173,2
2021-03-15 15:14:10,16174,16174,16174,14
2021-03-15 15:14:10,16174,16174,16174,2
2021-03-15 15:14:10,16174,16174,16174,2
2021-03-15 15:14:10,16174,16174,16174,2
2021-03-15 15:14:10,16174,16174,16174,2
2021-03-15 15:14:10,16174,16174,16174,4
2021-03-15 15:14:12,16173,16173,16173,2
2021-03-15 15:14:14,16173,16173,16173,2
2021-03-15 15:14:21,16175,16175,16175,22
2021-03-15 15:14:21,16176,16176,16176,2
2021-03-15 15:14:21,16176,16176,16176,2
2021-03-15 15:14:24,16174,16174,16174,2
2021-03-15 15:14:25,16174,16174,16174,2
2021-03-15 15:14:25,16176,16176,16176,2
2021-03-15 15:14:26,16176,16176,16176,2
2021-03-15 15:14:29,16176,16176,16176,8
2021-03-15 15:14:31,16176,16176,16176,2
2021-03-15 15:14:31,16175,16175,16175,2
2021-03-15 15:14:31,16175,16175,16175,2
2021-03-15 15:14:31,16175,16175,16175,2
2021-03-15 15:14:31,16175,16175,16175,2
2021-03-15 15:14:31,16175,16175,16175,2
2021-03-15 15:14:31,16175,16175,16175,2
2021-03-15 15:14:31,16175,16175,16175,6
2021-03-15 15:14:34,16176,16176,16176,2
2021-03-15 15:14:40,16175,16175,16175,2
2021-03-15 15:14:41,16176,16176,16176,2
2021-03-15 15:14:43,16174,16174,16174,2
2021-03-15 15:14:43,16174,16174,16174,2
2021-03-15 15:14:50,16173,16173,16173,2
2021-03-15 15:14:51,16175,16175,16175,2
2021-03-15 15:14:55,16174,16174,16174,2
2021-03-15 15:14:55,16174,16174,16174,2
2021-03-15 15:14:59,16175,16175,16175,2
2021-03-15 15:14:59,16175,16175,16175,2
2021-03-15 15:14:59,16175,16175,16175,4
2021-03-15 15:14:59,16175,16175,16175,36
2021-03-15 15:15:00,16177,16177,16177,4
2021-03-15 15:15:00,16175,16175,16175,2
2021-03-15 15:15:00,16174,16174,16174,2
2021-03-15 15:15:00,16174,16174,16174,2
2021-03-15 15:15:02,16174,16174,16174,2
2021-03-15 15:15:02,16174,16174,16174,2
2021-03-15 15:15:02,16173,16173,16173,4
2021-03-15 15:15:02,16173,16173,16173,2
2021-03-15 15:15:02,16173,16173,16173,2
2021-03-15 15:15:03,16174,16174,16174,2
2021-03-15 15:15:11,16173,16173,16173,2
2021-03-15 15:15:11,16173,16173,16173,2
2021-03-15 15:15:11,16173,16173,16173,2
2021-03-15 15:15:11,16173,16173,16173,2
2021-03-15 15:15:16,16172,16172,16172,2
2021-03-15 15:15:17,16172,16172,16172,2
2021-03-15 15:15:18,16171,16171,16171,2
2021-03-15 15:15:18,16171,16171,16171,4
2021-03-15 15:15:18,16171,16171,16171,2
2021-03-15 15:15:18,16171,16171,16171,2
2021-03-15 15:15:18,16171,16171,16171,2
2021-03-15 15:15:18,16171,16171,16171,4
2021-03-15 15:15:18,16171,16171,16171,2
2021-03-15 15:15:18,16171,16171,16171,2
2021-03-15 15:15:18,16171,16171,16171,2
2021-03-15 15:15:18,16172,16172,16172,8
2021-03-15 15:15:20,16172,16172,16172,2
2021-03-15 15:15:20,16172,16172,16172,2
2021-03-15 15:15:20,16172,16172,16172,2
2021-03-15 15:15:20,16172,16172,16172,2
2021-03-15 15:15:24,16171,16171,16171,2
2021-03-15 15:15:28,16173,16173,16173,2
2021-03-15 15:15:32,16175,16175,16175,6
2021-03-15 15:15:36,16175,16175,16175,2
2021-03-15 15:15:36,16175,16175,16175,2
2021-03-15 15:15:36,16175,16175,16175,2
2021-03-15 15:15:36,16175,16175,16175,2
2021-03-15 15:15:36,16175,16175,16175,2
2021-03-15 15:15:36,16175,16175,16175,2
2021-03-15 15:15:36,16175,16175,16175,8
2021-03-15 15:15:40,16175,16175,16175,2
2021-03-15 15:15:40,16175,16175,16175,2
2021-03-15 15:15:46,16174,16174,16174,2
2021-03-15 15:15:48,16174,16174,16174,2
2021-03-15 15:15:48,16174,16174,16174,2
2021-03-15 15:15:48,16173,16173,16173,2
2021-03-15 15:15:48,16173,16173,16173,2
2021-03-15 15:15:48,16173,16173,16173,2
2021-03-15 15:15:59,16173,16173,16173,2
2021-03-15 15:16:01,16173,16173,16173,2
2021-03-15 15:16:05,16175,16175,16175,4
2021-03-15 15:16:09,16176,16176,16176,20
2021-03-15 15:16:09,16178,16178,16178,2
2021-03-15 15:16:09,16178,16178,16178,2
2021-03-15 15:16:14,16178,16178,16178,2
2021-03-15 15:16:16,16176,16176,16176,2
2021-03-15 15:16:16,16176,16176,16176,2
2021-03-15 15:16:19,16176,16176,16176,4
2021-03-15 15:16:19,16177,16177,16177,2
2021-03-15 15:16:23,16177,16177,16177,2
2021-03-15 15:16:25,16177,16177,16177,2
2021-03-15 15:16:27,16178,16178,16178,12
2021-03-15 15:16:28,16178,16178,16178,2
2021-03-15 15:16:32,16177,16177,16177,2
2021-03-15 15:16:32,16177,16177,16177,2
2021-03-15 15:16:32,16177,16177,16177,2
2021-03-15 15:16:32,16177,16177,16177,2
2021-03-15 15:16:32,16177,16177,16177,2
2021-03-15 15:16:33,16178,16178,16178,4
2021-03-15 15:16:33,16177,16177,16177,2
2021-03-15 15:16:34,16176,16176,16176,2
2021-03-15 15:16:34,16176,16176,16176,4
2021-03-15 15:16:34,16176,16176,16176,2
2021-03-15 15:16:34,16176,16176,16176,2
2021-03-15 15:16:39,16176,16176,16176,2
2021-03-15 15:16:39,16175,16175,16175,2
2021-03-15 15:16:39,16175,16175,16175,2
2021-03-15 15:16:39,16175,16175,16175,2
2021-03-15 15:16:39,16175,16175,16175,2
2021-03-15 15:16:39,16175,16175,16175,2
2021-03-15 15:16:40,16176,16176,16176,2
2021-03-15 15:16:41,16176,16176,16176,6
2021-03-15 15:16:42,16176,16176,16176,2
2021-03-15 15:16:42,16176,16176,16176,2
2021-03-15 15:16:42,16176,16176,16176,6
2021-03-15 15:16:43,16176,16176,16176,2
2021-03-15 15:16:43,16176,16176,16176,2
2021-03-15 15:16:43,16176,16176,16176,6
2021-03-15 15:16:44,16176,16176,16176,2
2021-03-15 15:16:49,16176,16176,16176,8
2021-03-15 15:16:49,16177,16177,16177,4
2021-03-15 15:16:55,16176,16176,16176,2
2021-03-15 15:16:55,16176,16176,16176,4
2021-03-15 15:16:55,16176,16176,16176,2
2021-03-15 15:16:55,16176,16176,16176,2
2021-03-15 15:16:56,16176,16176,16176,2
2021-03-15 15:16:56,16176,16176,16176,2
2021-03-15 15:16:56,16176,16176,16176,6
2021-03-15 15:16:57,16175,16175,16175,2
2021-03-15 15:16:57,16175,16175,16175,2
2021-03-15 15:16:57,16175,16175,16175,2
2021-03-15 15:16:57,16175,16175,16175,4
2021-03-15 15:16:58,16176,16176,16176,2
2021-03-15 15:16:58,16175,16175,16175,2
2021-03-15 15:16:58,16175,16175,16175,2
2021-03-15 15:16:58,16175,16175,16175,2
2021-03-15 15:16:58,16175,16175,16175,2
2021-03-15 15:17:02,16175,16175,16175,2
2021-03-15 15:17:02,16175,16175,16175,8
2021-03-15 15:17:07,16177,16177,16177,2
2021-03-15 15:17:07,16177,16177,16177,2
2021-03-15 15:17:07,16177,16177,16177,6
2021-03-15 15:17:08,16177,16177,16177,2
2021-03-15 15:17:08,16178,16178,16178,8
2021-03-15 15:17:09,16178,16178,16178,2
2021-03-15 15:17:09,16178,16178,16178,2
2021-03-15 15:17:09,16179,16179,16179,8
2021-03-15 15:17:13,16178,16178,16178,6
2021-03-15 15:17:24,16178,16178,16178,2
2021-03-15 15:17:24,16176,16176,16176,2
2021-03-15 15:17:24,16178,16178,16178,6
2021-03-15 15:17:25,16177,16177,16177,2
2021-03-15 15:17:25,16176,16176,16176,2
2021-03-15 15:17:28,16178,16178,16178,2
2021-03-15 15:17:29,16176,16176,16176,2
2021-03-15 15:17:29,16176,16176,16176,2
2021-03-15 15:17:29,16176,16176,16176,2
2021-03-15 15:17:40,16176,16176,16176,2
2021-03-15 15:17:44,16176,16176,16176,2
2021-03-15 15:17:48,16176,16176,16176,2
2021-03-15 15:17:52,16176,16176,16176,2
2021-03-15 15:17:57,16176,16176,16176,2
2021-03-15 15:18:00,16176,16176,16176,2
2021-03-15 15:18:01,16176,16176,16176,2
2021-03-15 15:18:01,16176,16176,16176,2
2021-03-15 15:18:01,16176,16176,16176,2
2021-03-15 15:18:01,16176,16176,16176,2
2021-03-15 15:18:01,16176,16176,16176,2
2021-03-15 15:18:01,16175,16175,16175,2
2021-03-15 15:18:01,16175,16175,16175,2
2021-03-15 15:18:02,16175,16175,16175,2
2021-03-15 15:18:02,16175,16175,16175,2
2021-03-15 15:18:02,16174,16174,16174,2
2021-03-15 15:18:02,16174,16174,16174,2
2021-03-15 15:18:02,16174,16174,16174,2
2021-03-15 15:18:02,16174,16174,16174,2
2021-03-15 15:18:16,16176,16176,16176,2
2021-03-15 15:18:17,16175,16175,16175,2
2021-03-15 15:18:34,16175,16175,16175,2
2021-03-15 15:18:46,16176,16176,16176,2
2021-03-15 15:18:48,16177,16177,16177,2
2021-03-15 15:18:48,16177,16177,16177,10
2021-03-15 15:19:03,16178,16178,16178,4
2021-03-15 15:19:03,16178,16178,16178,4
2021-03-15 15:19:03,16178,16178,16178,2
2021-03-15 15:19:03,16178,16178,16178,6
2021-03-15 15:19:04,16177,16177,16177,2
2021-03-15 15:19:04,16177,16177,16177,2
2021-03-15 15:19:04,16177,16177,16177,2
2021-03-15 15:19:04,16177,16177,16177,2
2021-03-15 15:19:18,16177,16177,16177,2
2021-03-15 15:19:18,16177,16177,16177,2
2021-03-15 15:19:18,16177,16177,16177,2
2021-03-15 15:19:18,16177,16177,16177,2
2021-03-15 15:19:30,16177,16177,16177,4
2021-03-15 15:19:33,16177,16177,16177,2
2021-03-15 15:19:38,16177,16177,16177,2
2021-03-15 15:19:39,16176,16176,16176,2
2021-03-15 15:19:39,16176,16176,16176,2
2021-03-15 15:19:39,16176,16176,16176,2
2021-03-15 15:19:39,16176,16176,16176,2
2021-03-15 15:19:40,16176,16176,16176,2
2021-03-15 15:19:41,16175,16175,16175,2
2021-03-15 15:19:41,16176,16176,16176,2
2021-03-15 15:19:46,16176,16176,16176,4
2021-03-15 15:19:50,16176,16176,16176,2
2021-03-15 15:19:50,16176,16176,16176,2
2021-03-15 15:19:50,16176,16176,16176,2
2021-03-15 15:19:50,16176,16176,16176,14
2021-03-15 15:19:59,16177,16177,16177,4
2021-03-15 15:19:59,16177,16177,16177,2
2021-03-15 15:19:59,16177,16177,16177,2
2021-03-15 15:19:59,16177,16177,16177,4
2021-03-15 15:20:03,16178,16178,16178,6
2021-03-15 15:20:30,16178,16178,16178,2
2021-03-15 15:20:31,16178,16178,16178,2
2021-03-15 15:20:34,16178,16178,16178,4
2021-03-15 15:20:34,16179,16179,16179,2
2021-03-15 15:20:40,16179,16179,16179,2
2021-03-15 15:20:48,16179,16179,16179,2
2021-03-15 15:20:52,16179,16179,16179,2
2021-03-15 15:20:52,16179,16179,16179,2
2021-03-15 15:20:53,16179,16179,16179,2
2021-03-15 15:20:57,16179,16179,16179,4
2021-03-15 15:21:03,16179,16179,16179,10
2021-03-15 15:21:03,16180,16180,16180,2
2021-03-15 15:21:04,16179,16179,16179,2
2021-03-15 15:21:11,16180,16180,16180,2
2021-03-15 15:21:12,16180,16180,16180,18
2021-03-15 15:21:12,16181,16181,16181,2
2021-03-15 15:21:14,16180,16180,16180,2
2021-03-15 15:21:14,16180,16180,16180,2
2021-03-15 15:21:14,16180,16180,16180,8
2021-03-15 15:21:15,16181,16181,16181,2
2021-03-15 15:21:16,16180,16180,16180,2
2021-03-15 15:21:20,16181,16181,16181,2
2021-03-15 15:21:21,16180,16180,16180,2
2021-03-15 15:21:24,16181,16181,16181,6
2021-03-15 15:21:29,16181,16181,16181,4
2021-03-15 15:21:33,16181,16181,16181,2
2021-03-15 15:21:35,16181,16181,16181,2
2021-03-15 15:21:39,16181,16181,16181,2
2021-03-15 15:21:39,16181,16181,16181,2
2021-03-15 15:21:41,16181,16181,16181,2
2021-03-15 15:21:42,16180,16180,16180,2
2021-03-15 15:21:42,16180,16180,16180,2
2021-03-15 15:21:42,16180,16180,16180,2
2021-03-15 15:21:44,16180,16180,16180,2
2021-03-15 15:21:45,16180,16180,16180,2
2021-03-15 15:21:46,16180,16180,16180,2
2021-03-15 15:21:50,16181,16181,16181,8
2021-03-15 15:21:50,16181,16181,16181,2
2021-03-15 15:21:51,16182,16182,16182,10
2021-03-15 15:21:51,16182,16182,16182,4
2021-03-15 15:21:52,16182,16182,16182,8
2021-03-15 15:21:52,16183,16183,16183,2
2021-03-15 15:21:52,16183,16183,16183,8
2021-03-15 15:21:52,16184,16184,16184,4
2021-03-15 15:21:52,16183,16183,16183,4
2021-03-15 15:21:52,16183,16183,16183,4
2021-03-15 15:21:52,16184,16184,16184,6
2021-03-15 15:21:54,16183,16183,16183,2
2021-03-15 15:21:54,16184,16184,16184,6
2021-03-15 15:21:54,16184,16184,16184,2
2021-03-15 15:21:55,16183,16183,16183,10
2021-03-15 15:21:56,16183,16183,16183,10
2021-03-15 15:21:59,16182,16182,16182,8
2021-03-15 15:21:59,16183,16183,16183,2
2021-03-15 15:22:02,16183,16183,16183,2
2021-03-15 15:22:02,16182,16182,16182,2
2021-03-15 15:22:03,16181,16181,16181,2
2021-03-15 15:22:03,16181,16181,16181,2
2021-03-15 15:22:03,16182,16182,16182,2
2021-03-15 15:22:05,16180,16180,16180,2
2021-03-15 15:22:05,16180,16180,16180,2
2021-03-15 15:22:05,16180,16180,16180,4
2021-03-15 15:22:05,16180,16180,16180,2
2021-03-15 15:22:05,16180,16180,16180,2
2021-03-15 15:22:05,16180,16180,16180,2
2021-03-15 15:22:06,16180,16180,16180,2
2021-03-15 15:22:06,16179,16179,16179,2
2021-03-15 15:22:06,16181,16181,16181,6
2021-03-15 15:22:07,16181,16181,16181,4
2021-03-15 15:22:07,16182,16182,16182,2
2021-03-15 15:22:08,16181,16181,16181,6
2021-03-15 15:22:09,16182,16182,16182,6
2021-03-15 15:22:10,16182,16182,16182,6
2021-03-15 15:22:13,16182,16182,16182,2
2021-03-15 15:22:15,16181,16181,16181,6
2021-03-15 15:22:15,16181,16181,16181,2
2021-03-15 15:22:18,16181,16181,16181,2
2021-03-15 15:22:34,16182,16182,16182,2
2021-03-15 15:22:41,16181,16181,16181,2
2021-03-15 15:22:41,16180,16180,16180,2
2021-03-15 15:22:48,16182,16182,16182,2
2021-03-15 15:22:48,16182,16182,16182,2
2021-03-15 15:22:48,16182,16182,16182,2
2021-03-15 15:22:48,16182,16182,16182,2
2021-03-15 15:22:48,16182,16182,16182,2
2021-03-15 15:22:48,16182,16182,16182,2
2021-03-15 15:22:48,16182,16182,16182,2
2021-03-15 15:22:48,16182,16182,16182,2
2021-03-15 15:22:49,16183,16183,16183,2
2021-03-15 15:23:01,16180,16180,16180,2
2021-03-15 15:23:03,16181,16181,16181,2
2021-03-15 15:23:06,16181,16181,16181,2
2021-03-15 15:23:07,16181,16181,16181,4
2021-03-15 15:23:07,16182,16182,16182,6
2021-03-15 15:23:08,16182,16182,16182,6
2021-03-15 15:23:08,16182,16182,16182,2
2021-03-15 15:23:08,16182,16182,16182,2
2021-03-15 15:23:16,16182,16182,16182,4
2021-03-15 15:23:20,16182,16182,16182,6
2021-03-15 15:23:20,16183,16183,16183,4
2021-03-15 15:23:20,16182,16182,16182,6
2021-03-15 15:23:31,16182,16182,16182,4
2021-03-15 15:23:31,16183,16183,16183,6
2021-03-15 15:23:34,16183,16183,16183,2
2021-03-15 15:23:48,16183,16183,16183,6
2021-03-15 15:23:56,16182,16182,16182,2
2021-03-15 15:24:25,16182,16182,16182,2
2021-03-15 15:24:29,16182,16182,16182,2
2021-03-15 15:24:29,16182,16182,16182,2
2021-03-15 15:24:30,16183,16183,16183,8
2021-03-15 15:24:31,16182,16182,16182,2
2021-03-15 15:24:31,16182,16182,16182,2
2021-03-15 15:24:31,16182,16182,16182,2
2021-03-15 15:24:31,16181,16181,16181,2
2021-03-15 15:24:31,16181,16181,16181,2
2021-03-15 15:24:31,16181,16181,16181,6
2021-03-15 15:24:31,16181,16181,16181,4
2021-03-15 15:24:35,16181,16181,16181,2
2021-03-15 15:24:43,16181,16181,16181,2
2021-03-15 15:24:44,16181,16181,16181,2
2021-03-15 15:24:48,16181,16181,16181,2
2021-03-15 15:24:48,16181,16181,16181,4
2021-03-15 15:24:50,16181,16181,16181,2
2021-03-15 15:25:02,16180,16180,16180,2
2021-03-15 15:25:04,16180,16180,16180,4
2021-03-15 15:25:04,16180,16180,16180,2
2021-03-15 15:25:04,16180,16180,16180,2
2021-03-15 15:25:04,16180,16180,16180,2
2021-03-15 15:25:04,16180,16180,16180,4
2021-03-15 15:25:04,16180,16180,16180,2
2021-03-15 15:25:17,16180,16180,16180,2
2021-03-15 15:25:21,16180,16180,16180,2
2021-03-15 15:25:23,16180,16180,16180,2
2021-03-15 15:25:23,16180,16180,16180,2
2021-03-15 15:25:23,16179,16179,16179,2
2021-03-15 15:25:29,16180,16180,16180,2
2021-03-15 15:25:41,16180,16180,16180,2
2021-03-15 15:25:51,16180,16180,16180,2
2021-03-15 15:26:14,16180,16180,16180,2
2021-03-15 15:26:32,16180,16180,16180,2
2021-03-15 15:26:48,16181,16181,16181,2
2021-03-15 15:26:48,16181,16181,16181,2
2021-03-15 15:26:48,16180,16180,16180,6
2021-03-15 15:26:56,16180,16180,16180,2
2021-03-15 15:27:01,16180,16180,16180,2
2021-03-15 15:27:02,16179,16179,16179,2
2021-03-15 15:27:02,16179,16179,16179,2
2021-03-15 15:27:02,16179,16179,16179,2
2021-03-15 15:27:02,16179,16179,16179,2
2021-03-15 15:27:02,16179,16179,16179,2
2021-03-15 15:27:02,16179,16179,16179,2
2021-03-15 15:27:02,16179,16179,16179,2
2021-03-15 15:27:06,16179,16179,16179,2
2021-03-15 15:27:12,16179,16179,16179,2
2021-03-15 15:27:18,16178,16178,16178,2
2021-03-15 15:27:23,16179,16179,16179,2
2021-03-15 15:27:31,16178,16178,16178,2
2021-03-15 15:27:41,16179,16179,16179,2
2021-03-15 15:27:44,16178,16178,16178,4
2021-03-15 15:28:02,16180,16180,16180,4
2021-03-15 15:28:02,16180,16180,16180,2
2021-03-15 15:28:05,16179,16179,16179,2
2021-03-15 15:28:08,16179,16179,16179,2
2021-03-15 15:28:08,16180,16180,16180,2
2021-03-15 15:28:08,16180,16180,16180,8
2021-03-15 15:28:08,16180,16180,16180,2
2021-03-15 15:28:22,16180,16180,16180,2
2021-03-15 15:28:22,16180,16180,16180,2
2021-03-15 15:28:30,16180,16180,16180,4
2021-03-15 15:28:30,16180,16180,16180,2
2021-03-15 15:28:33,16180,16180,16180,4
2021-03-15 15:28:33,16180,16180,16180,2
2021-03-15 15:28:34,16181,16181,16181,2
2021-03-15 15:28:37,16180,16180,16180,2
2021-03-15 15:28:37,16180,16180,16180,2
2021-03-15 15:28:45,16180,16180,16180,2
2021-03-15 15:28:46,16181,16181,16181,2
2021-03-15 15:28:46,16180,16180,16180,2
2021-03-15 15:28:48,16180,16180,16180,2
2021-03-15 15:28:53,16181,16181,16181,2
2021-03-15 15:28:53,16181,16181,16181,2
2021-03-15 15:28:53,16181,16181,16181,34
2021-03-15 15:29:11,16182,16182,16182,4
2021-03-15 15:29:12,16181,16181,16181,2
2021-03-15 15:29:18,16182,16182,16182,2
2021-03-15 15:29:28,16183,16183,16183,2
2021-03-15 15:29:29,16183,16183,16183,12
2021-03-15 15:29:46,16184,16184,16184,2
2021-03-15 15:29:46,16184,16184,16184,2
2021-03-15 15:29:46,16184,16184,16184,2
2021-03-15 15:30:00,16184,16184,16184,4
2021-03-15 15:30:00,16185,16185,16185,2
2021-03-15 15:30:00,16185,16185,16185,2
2021-03-15 15:30:00,16183,16183,16183,2
2021-03-15 15:30:01,16183,16183,16183,2
2021-03-15 15:30:01,16183,16183,16183,8
2021-03-15 15:30:01,16183,16183,16183,2
2021-03-15 15:30:01,16182,16182,16182,2
2021-03-15 15:30:01,16182,16182,16182,2
2021-03-15 15:30:01,16182,16182,16182,2
2021-03-15 15:30:01,16182,16182,16182,2
2021-03-15 15:30:01,16182,16182,16182,2
2021-03-15 15:30:01,16181,16181,16181,2
2021-03-15 15:30:01,16181,16181,16181,2
2021-03-15 15:30:01,16180,16180,16180,4
2021-03-15 15:30:01,16180,16180,16180,2
2021-03-15 15:30:01,16180,16180,16180,2
2021-03-15 15:30:01,16180,16180,16180,2
2021-03-15 15:30:01,16180,16180,16180,2
2021-03-15 15:30:01,16179,16179,16179,2
2021-03-15 15:30:01,16179,16179,16179,4
2021-03-15 15:30:01,16179,16179,16179,2
2021-03-15 15:30:01,16179,16179,16179,2
2021-03-15 15:30:01,16179,16179,16179,2
2021-03-15 15:30:01,16179,16179,16179,2
2021-03-15 15:30:01,16179,16179,16179,2
2021-03-15 15:30:01,16179,16179,16179,2
2021-03-15 15:30:01,16178,16178,16178,2
2021-03-15 15:30:10,16183,16183,16183,2
2021-03-15 15:30:19,16183,16183,16183,2
2021-03-15 15:30:19,16184,16184,16184,2
2021-03-15 15:30:19,16184,16184,16184,2
2021-03-15 15:30:19,16185,16185,16185,2
2021-03-15 15:30:19,16185,16185,16185,2
2021-03-15 15:30:19,16185,16185,16185,2
2021-03-15 15:30:19,16185,16185,16185,2
2021-03-15 15:30:19,16185,16185,16185,2
2021-03-15 15:30:24,16183,16183,16183,2
2021-03-15 15:30:24,16184,16184,16184,2
2021-03-15 15:30:24,16184,16184,16184,2
2021-03-15 15:30:24,16184,16184,16184,2
2021-03-15 15:30:24,16184,16184,16184,2
2021-03-15 15:30:30,16184,16184,16184,2
2021-03-15 15:30:35,16184,16184,16184,2
2021-03-15 15:30:35,16185,16185,16185,2
2021-03-15 15:30:39,16183,16183,16183,2
2021-03-15 15:30:41,16184,16184,16184,2
2021-03-15 15:30:41,16184,16184,16184,2
2021-03-15 15:30:41,16184,16184,16184,2
2021-03-15 15:30:41,16184,16184,16184,2
2021-03-15 15:30:41,16184,16184,16184,2
2021-03-15 15:30:41,16184,16184,16184,2
2021-03-15 15:30:41,16185,16185,16185,2
2021-03-15 15:30:41,16184,16184,16184,2
2021-03-15 15:30:41,16184,16184,16184,2
2021-03-15 15:30:41,16184,16184,16184,2
2021-03-15 15:30:41,16184,16184,16184,2
2021-03-15 15:30:41,16184,16184,16184,2
2021-03-15 15:30:41,16185,16185,16185,2
2021-03-15 15:30:41,16185,16185,16185,2
2021-03-15 15:30:42,16184,16184,16184,14
2021-03-15 15:30:46,16184,16184,16184,2
2021-03-15 15:30:47,16185,16185,16185,2
2021-03-15 15:31:00,16184,16184,16184,2
2021-03-15 15:31:02,16184,16184,16184,2
2021-03-15 15:31:03,16185,16185,16185,10
2021-03-15 15:31:03,16184,16184,16184,2
2021-03-15 15:31:03,16183,16183,16183,2
2021-03-15 15:31:03,16183,16183,16183,2
2021-03-15 15:31:05,16184,16184,16184,4
2021-03-15 15:31:05,16184,16184,16184,2
2021-03-15 15:31:06,16184,16184,16184,6
2021-03-15 15:31:10,16183,16183,16183,2
2021-03-15 15:31:10,16183,16183,16183,2
2021-03-15 15:31:10,16183,16183,16183,2
2021-03-15 15:31:11,16182,16182,16182,2
2021-03-15 15:31:12,16183,16183,16183,2
2021-03-15 15:31:32,16183,16183,16183,2
2021-03-15 15:31:32,16182,16182,16182,2
2021-03-15 15:31:33,16183,16183,16183,4
2021-03-15 15:31:33,16182,16182,16182,2
2021-03-15 15:31:33,16182,16182,16182,2
2021-03-15 15:31:33,16182,16182,16182,2
2021-03-15 15:31:33,16182,16182,16182,2
2021-03-15 15:31:33,16182,16182,16182,2
2021-03-15 15:31:33,16181,16181,16181,2
2021-03-15 15:31:33,16181,16181,16181,2
2021-03-15 15:31:33,16181,16181,16181,2
2021-03-15 15:31:33,16181,16181,16181,2
2021-03-15 15:31:33,16180,16180,16180,2
2021-03-15 15:31:33,16180,16180,16180,2
2021-03-15 15:31:33,16181,16181,16181,2
2021-03-15 15:31:33,16181,16181,16181,2
2021-03-15 15:31:42,16182,16182,16182,2
2021-03-15 15:32:08,16183,16183,16183,2
2021-03-15 15:32:08,16183,16183,16183,2
2021-03-15 15:32:10,16184,16184,16184,2
2021-03-15 15:32:10,16184,16184,16184,2
2021-03-15 15:32:10,16184,16184,16184,2
2021-03-15 15:32:12,16183,16183,16183,4
2021-03-15 15:32:12,16183,16183,16183,2
2021-03-15 15:32:12,16183,16183,16183,4
2021-03-15 15:32:12,16183,16183,16183,10
2021-03-15 15:32:26,16182,16182,16182,2
2021-03-15 15:32:26,16182,16182,16182,2
2021-03-15 15:32:26,16182,16182,16182,2
2021-03-15 15:32:26,16182,16182,16182,2
2021-03-15 15:32:26,16182,16182,16182,2
2021-03-15 15:32:55,16182,16182,16182,2
2021-03-15 15:33:07,16182,16182,16182,2
2021-03-15 15:33:07,16182,16182,16182,2
2021-03-15 15:33:12,16182,16182,16182,2
2021-03-15 15:33:20,16182,16182,16182,2
2021-03-15 15:33:50,16182,16182,16182,2
2021-03-15 15:33:57,16181,16181,16181,2
2021-03-15 15:34:10,16182,16182,16182,6
2021-03-15 15:34:10,16182,16182,16182,4
2021-03-15 15:34:10,16182,16182,16182,4
2021-03-15 15:34:10,16183,16183,16183,4
2021-03-15 15:34:10,16183,16183,16183,2
2021-03-15 15:34:11,16183,16183,16183,2
2021-03-15 15:34:28,16183,16183,16183,2
2021-03-15 15:34:28,16183,16183,16183,4
2021-03-15 15:34:28,16183,16183,16183,2
2021-03-15 15:34:37,16183,16183,16183,2
2021-03-15 15:34:43,16183,16183,16183,2
2021-03-15 15:34:58,16183,16183,16183,2
2021-03-15 15:34:58,16183,16183,16183,2
2021-03-15 15:34:58,16183,16183,16183,2
2021-03-15 15:34:58,16183,16183,16183,2
2021-03-15 15:34:58,16183,16183,16183,2
2021-03-15 15:35:04,16184,16184,16184,4
2021-03-15 15:35:21,16184,16184,16184,2
2021-03-15 15:35:26,16182,16182,16182,2
2021-03-15 15:35:26,16182,16182,16182,2
2021-03-15 15:35:26,16182,16182,16182,2
2021-03-15 15:35:26,16182,16182,16182,2
2021-03-15 15:35:34,16181,16181,16181,2
2021-03-15 15:35:34,16181,16181,16181,2
2021-03-15 15:35:34,16181,16181,16181,2
2021-03-15 15:35:34,16181,16181,16181,2
2021-03-15 15:35:36,16180,16180,16180,2
2021-03-15 15:35:36,16180,16180,16180,2
2021-03-15 15:35:36,16180,16180,16180,2
2021-03-15 15:36:02,16182,16182,16182,4
2021-03-15 15:36:06,16181,16181,16181,2
2021-03-15 15:36:06,16181,16181,16181,2
2021-03-15 15:36:06,16181,16181,16181,2
2021-03-15 15:36:08,16181,16181,16181,2
2021-03-15 15:36:09,16180,16180,16180,2
2021-03-15 15:36:09,16180,16180,16180,2
2021-03-15 15:36:12,16180,16180,16180,2
2021-03-15 15:36:26,16180,16180,16180,2
2021-03-15 15:36:29,16180,16180,16180,2
2021-03-15 15:36:38,16180,16180,16180,2
2021-03-15 15:37:00,16181,16181,16181,2
2021-03-15 15:37:00,16180,16180,16180,2
2021-03-15 15:37:01,16181,16181,16181,2
2021-03-15 15:37:03,16182,16182,16182,8
2021-03-15 15:37:03,16183,16183,16183,8
2021-03-15 15:37:03,16182,16182,16182,2
2021-03-15 15:37:05,16182,16182,16182,2
2021-03-15 15:37:16,16182,16182,16182,10
2021-03-15 15:37:16,16182,16182,16182,10
2021-03-15 15:37:20,16182,16182,16182,2
2021-03-15 15:37:21,16181,16181,16181,2
2021-03-15 15:37:26,16180,16180,16180,4
2021-03-15 15:37:30,16180,16180,16180,2
2021-03-15 15:37:31,16180,16180,16180,2
2021-03-15 15:37:31,16180,16180,16180,2
2021-03-15 15:37:33,16180,16180,16180,2
2021-03-15 15:37:40,16180,16180,16180,2
2021-03-15 15:37:40,16180,16180,16180,2
2021-03-15 15:37:40,16180,16180,16180,6
2021-03-15 15:37:40,16180,16180,16180,2
2021-03-15 15:37:40,16180,16180,16180,2
2021-03-15 15:37:40,16180,16180,16180,2
2021-03-15 15:37:55,16181,16181,16181,6
2021-03-15 15:37:58,16181,16181,16181,2
2021-03-15 15:38:02,16181,16181,16181,2
2021-03-15 15:38:02,16181,16181,16181,6
2021-03-15 15:38:02,16181,16181,16181,8
2021-03-15 15:38:04,16182,16182,16182,4
2021-03-15 15:38:04,16183,16183,16183,2
2021-03-15 15:38:04,16183,16183,16183,2
2021-03-15 15:38:20,16182,16182,16182,2
2021-03-15 15:38:24,16181,16181,16181,2
2021-03-15 15:38:31,16181,16181,16181,4
2021-03-15 15:38:40,16180,16180,16180,2
2021-03-15 15:38:40,16180,16180,16180,2
2021-03-15 15:38:40,16180,16180,16180,2
2021-03-15 15:38:42,16179,16179,16179,2
2021-03-15 15:38:54,16179,16179,16179,2
2021-03-15 15:38:54,16179,16179,16179,2
2021-03-15 15:38:55,16179,16179,16179,2
2021-03-15 15:39:08,16179,16179,16179,2
2021-03-15 15:39:11,16179,16179,16179,2
2021-03-15 15:39:12,16180,16180,16180,2
2021-03-15 15:39:20,16180,16180,16180,2
2021-03-15 15:39:23,16179,16179,16179,2
2021-03-15 15:39:29,16180,16180,16180,2
2021-03-15 15:39:33,16179,16179,16179,2
2021-03-15 15:39:33,16179,16179,16179,2
2021-03-15 15:39:33,16179,16179,16179,2
2021-03-15 15:39:37,16178,16178,16178,2
2021-03-15 15:39:38,16178,16178,16178,2
2021-03-15 15:39:40,16178,16178,16178,2
2021-03-15 15:39:55,16178,16178,16178,8
2021-03-15 15:39:55,16178,16178,16178,2
2021-03-15 15:39:55,16178,16178,16178,2
2021-03-15 15:39:55,16178,16178,16178,2
2021-03-15 15:39:55,16178,16178,16178,2
2021-03-15 15:39:55,16178,16178,16178,2
2021-03-15 15:39:55,16178,16178,16178,2
2021-03-15 15:39:55,16178,16178,16178,4
2021-03-15 15:39:55,16178,16178,16178,2
2021-03-15 15:39:55,16178,16178,16178,2
2021-03-15 15:39:55,16178,16178,16178,2
2021-03-15 15:39:55,16178,16178,16178,2
2021-03-15 15:39:55,16178,16178,16178,2
2021-03-15 15:39:55,16178,16178,16178,2
2021-03-15 15:39:55,16178,16178,16178,2
2021-03-15 15:39:55,16178,16178,16178,2
2021-03-15 15:40:07,16179,16179,16179,2
2021-03-15 15:40:07,16178,16178,16178,2
2021-03-15 15:40:07,16178,16178,16178,2
2021-03-15 15:40:08,16179,16179,16179,2
2021-03-15 15:40:08,16179,16179,16179,2
2021-03-15 15:40:08,16178,16178,16178,2
2021-03-15 15:40:08,16179,16179,16179,4
2021-03-15 15:40:08,16180,16180,16180,6
2021-03-15 15:40:08,16181,16181,16181,10
2021-03-15 15:40:08,16181,16181,16181,8
2021-03-15 15:40:08,16182,16182,16182,8
2021-03-15 15:40:08,16181,16181,16181,2
2021-03-15 15:40:08,16182,16182,16182,6
2021-03-15 15:40:14,16180,16180,16180,2
2021-03-15 15:40:19,16180,16180,16180,2
2021-03-15 15:40:20,16179,16179,16179,2
2021-03-15 15:40:20,16178,16178,16178,2
2021-03-15 15:40:20,16178,16178,16178,4
2021-03-15 15:40:20,16178,16178,16178,2
2021-03-15 15:40:20,16178,16178,16178,4
2021-03-15 15:40:20,16178,16178,16178,2
2021-03-15 15:40:21,16178,16178,16178,2
2021-03-15 15:40:21,16178,16178,16178,2
2021-03-15 15:40:21,16177,16177,16177,2
2021-03-15 15:40:21,16177,16177,16177,2
2021-03-15 15:40:21,16177,16177,16177,2
2021-03-15 15:40:21,16177,16177,16177,2
2021-03-15 15:40:25,16177,16177,16177,2
2021-03-15 15:40:25,16177,16177,16177,6
2021-03-15 15:40:25,16177,16177,16177,2
2021-03-15 15:40:25,16177,16177,16177,2
2021-03-15 15:40:25,16177,16177,16177,2
2021-03-15 15:40:25,16177,16177,16177,2
2021-03-15 15:40:25,16177,16177,16177,2
2021-03-15 15:40:25,16177,16177,16177,2
2021-03-15 15:40:25,16177,16177,16177,4
2021-03-15 15:40:25,16177,16177,16177,2
2021-03-15 15:40:25,16177,16177,16177,2
2021-03-15 15:40:25,16177,16177,16177,2
2021-03-15 15:40:27,16178,16178,16178,2
2021-03-15 15:40:35,16178,16178,16178,4
2021-03-15 15:40:35,16177,16177,16177,2
2021-03-15 15:40:35,16177,16177,16177,2
2021-03-15 15:40:35,16177,16177,16177,2
2021-03-15 15:40:35,16177,16177,16177,2
2021-03-15 15:40:35,16176,16176,16176,2
2021-03-15 15:40:35,16177,16177,16177,2
2021-03-15 15:40:42,16177,16177,16177,2
2021-03-15 15:40:47,16178,16178,16178,2
2021-03-15 15:40:47,16178,16178,16178,2
2021-03-15 15:40:47,16178,16178,16178,2
2021-03-15 15:40:52,16177,16177,16177,2
2021-03-15 15:41:02,16177,16177,16177,2
2021-03-15 15:41:07,16178,16178,16178,2
2021-03-15 15:41:09,16179,16179,16179,4
2021-03-15 15:41:10,16179,16179,16179,2
2021-03-15 15:41:10,16179,16179,16179,2
2021-03-15 15:41:10,16179,16179,16179,2
2021-03-15 15:41:10,16179,16179,16179,4
2021-03-15 15:41:19,16180,16180,16180,2
2021-03-15 15:41:21,16181,16181,16181,8
2021-03-15 15:41:22,16182,16182,16182,10
2021-03-15 15:41:25,16182,16182,16182,2
2021-03-15 15:41:31,16181,16181,16181,2
2021-03-15 15:41:43,16179,16179,16179,2
2021-03-15 15:41:43,16179,16179,16179,2
2021-03-15 15:41:47,16180,16180,16180,2
2021-03-15 15:41:55,16180,16180,16180,2
2021-03-15 15:42:18,16181,16181,16181,4
2021-03-15 15:42:19,16181,16181,16181,2
2021-03-15 15:42:20,16181,16181,16181,2
2021-03-15 15:42:22,16182,16182,16182,2
2021-03-15 15:42:28,16182,16182,16182,2
2021-03-15 15:42:33,16182,16182,16182,6
2021-03-15 15:42:36,16182,16182,16182,2
2021-03-15 15:42:40,16182,16182,16182,4
2021-03-15 15:42:51,16182,16182,16182,2
2021-03-15 15:43:02,16182,16182,16182,2
2021-03-15 15:43:04,16182,16182,16182,2
2021-03-15 15:43:14,16183,16183,16183,2
2021-03-15 15:43:16,16183,16183,16183,2
2021-03-15 15:43:31,16182,16182,16182,2
2021-03-15 15:43:31,16182,16182,16182,2
2021-03-15 15:43:31,16182,16182,16182,2
2021-03-15 15:43:33,16181,16181,16181,2
2021-03-15 15:43:33,16181,16181,16181,2
2021-03-15 15:43:33,16181,16181,16181,2
2021-03-15 15:43:38,16180,16180,16180,2
2021-03-15 15:43:44,16179,16179,16179,2
2021-03-15 15:43:44,16178,16178,16178,2
2021-03-15 15:43:44,16178,16178,16178,2
2021-03-15 15:43:44,16178,16178,16178,4
2021-03-15 15:43:47,16179,16179,16179,2
2021-03-15 15:43:50,16181,16181,16181,2
2021-03-15 15:44:02,16180,16180,16180,2
2021-03-15 15:44:15,16180,16180,16180,2
2021-03-15 15:44:30,16180,16180,16180,2
2021-03-15 15:44:37,16181,16181,16181,2
2021-03-15 15:44:50,16183,16183,16183,2
2021-03-15 15:44:54,16182,16182,16182,2
2021-03-15 15:44:58,16182,16182,16182,2
2021-03-15 15:44:59,16183,16183,16183,8
2021-03-15 15:45:01,16183,16183,16183,2
2021-03-15 15:45:01,16183,16183,16183,2
2021-03-15 15:45:04,16182,16182,16182,2
2021-03-15 15:45:05,16182,16182,16182,2
2021-03-15 15:45:05,16181,16181,16181,2
2021-03-15 15:45:15,16181,16181,16181,2
2021-03-15 15:45:26,16182,16182,16182,2
2021-03-15 15:45:39,16183,16183,16183,2
2021-03-15 15:45:44,16183,16183,16183,2
2021-03-15 15:45:48,16183,16183,16183,12
2021-03-15 15:45:48,16183,16183,16183,8
2021-03-15 15:45:48,16183,16183,16183,6
2021-03-15 15:45:48,16183,16183,16183,2
2021-03-15 15:45:48,16183,16183,16183,2
2021-03-15 15:45:48,16184,16184,16184,2
2021-03-15 15:45:48,16184,16184,16184,2
2021-03-15 15:45:48,16184,16184,16184,2
2021-03-15 15:45:50,16184,16184,16184,2
2021-03-15 15:45:50,16184,16184,16184,6
2021-03-15 15:45:50,16183,16183,16183,2
2021-03-15 15:45:50,16183,16183,16183,2
2021-03-15 15:45:50,16183,16183,16183,2
2021-03-15 15:45:52,16183,16183,16183,2
2021-03-15 15:45:56,16184,16184,16184,2
2021-03-15 15:46:03,16185,16185,16185,2
2021-03-15 15:46:03,16184,16184,16184,2
2021-03-15 15:46:03,16184,16184,16184,2
2021-03-15 15:46:04,16184,16184,16184,2
2021-03-15 15:46:05,16183,16183,16183,2
2021-03-15 15:46:05,16183,16183,16183,2
2021-03-15 15:46:05,16183,16183,16183,2
2021-03-15 15:46:05,16183,16183,16183,2
2021-03-15 15:46:05,16183,16183,16183,2
2021-03-15 15:46:05,16183,16183,16183,8
2021-03-15 15:46:05,16183,16183,16183,2
2021-03-15 15:46:08,16182,16182,16182,2
2021-03-15 15:46:08,16182,16182,16182,2
2021-03-15 15:46:08,16182,16182,16182,2
2021-03-15 15:46:14,16182,16182,16182,2
2021-03-15 15:46:14,16182,16182,16182,4
2021-03-15 15:46:18,16182,16182,16182,2
2021-03-15 15:46:19,16183,16183,16183,2
2021-03-15 15:46:43,16183,16183,16183,2
2021-03-15 15:47:04,16183,16183,16183,2
2021-03-15 15:47:13,16183,16183,16183,2
2021-03-15 15:47:13,16183,16183,16183,2
2021-03-15 15:47:22,16183,16183,16183,2
2021-03-15 15:47:40,16183,16183,16183,4
2021-03-15 15:47:42,16183,16183,16183,2
2021-03-15 15:48:09,16184,16184,16184,4
2021-03-15 15:48:09,16184,16184,16184,8
2021-03-15 15:48:15,16185,16185,16185,2
2021-03-15 15:48:16,16185,16185,16185,2
2021-03-15 15:48:16,16185,16185,16185,2
2021-03-15 15:48:16,16185,16185,16185,2
2021-03-15 15:48:16,16185,16185,16185,2
2021-03-15 15:48:16,16186,16186,16186,2
2021-03-15 15:48:16,16186,16186,16186,2
2021-03-15 15:48:16,16186,16186,16186,2
2021-03-15 15:48:16,16186,16186,16186,2
2021-03-15 15:48:16,16186,16186,16186,2
2021-03-15 15:48:16,16186,16186,16186,2
2021-03-15 15:48:17,16186,16186,16186,2
2021-03-15 15:48:17,16186,16186,16186,2
2021-03-15 15:48:17,16186,16186,16186,2
2021-03-15 15:48:19,16186,16186,16186,2
2021-03-15 15:48:20,16186,16186,16186,2
2021-03-15 15:48:34,16186,16186,16186,2
2021-03-15 15:48:34,16186,16186,16186,2
2021-03-15 15:48:36,16186,16186,16186,6
2021-03-15 15:48:36,16187,16187,16187,14
2021-03-15 15:48:36,16187,16187,16187,2
2021-03-15 15:48:36,16187,16187,16187,14
2021-03-15 15:48:36,16186,16186,16186,2
2021-03-15 15:48:39,16185,16185,16185,2
2021-03-15 15:48:39,16185,16185,16185,2
2021-03-15 15:48:43,16186,16186,16186,2
2021-03-15 15:48:48,16184,16184,16184,2
2021-03-15 15:48:48,16184,16184,16184,2
2021-03-15 15:48:55,16185,16185,16185,2
2021-03-15 15:49:04,16185,16185,16185,2
2021-03-15 15:49:06,16185,16185,16185,4
2021-03-15 15:49:24,16186,16186,16186,10
2021-03-15 15:49:37,16186,16186,16186,2
2021-03-15 15:49:42,16186,16186,16186,2
2021-03-15 15:49:43,16186,16186,16186,2
2021-03-15 15:49:50,16186,16186,16186,6
2021-03-15 15:50:02,16185,16185,16185,4
2021-03-15 15:50:02,16185,16185,16185,2
2021-03-15 15:50:02,16185,16185,16185,2
2021-03-15 15:50:06,16184,16184,16184,2
2021-03-15 15:50:06,16184,16184,16184,2
2021-03-15 15:50:06,16184,16184,16184,2
2021-03-15 15:50:06,16184,16184,16184,2
2021-03-15 15:50:06,16184,16184,16184,2
2021-03-15 15:50:08,16185,16185,16185,2
2021-03-15 15:50:15,16184,16184,16184,2
2021-03-15 15:50:15,16185,16185,16185,14
2021-03-15 15:50:19,16185,16185,16185,2
2021-03-15 15:50:19,16186,16186,16186,2
2021-03-15 15:50:28,16184,16184,16184,2
2021-03-15 15:50:35,16184,16184,16184,2
2021-03-15 15:50:48,16183,16183,16183,2
2021-03-15 15:50:48,16183,16183,16183,2
2021-03-15 15:50:48,16183,16183,16183,2
2021-03-15 15:50:48,16183,16183,16183,2
2021-03-15 15:50:48,16183,16183,16183,2
2021-03-15 15:50:48,16183,16183,16183,2
2021-03-15 15:50:48,16183,16183,16183,2
2021-03-15 15:50:48,16183,16183,16183,2
2021-03-15 15:50:48,16183,16183,16183,2
2021-03-15 15:50:48,16183,16183,16183,4
2021-03-15 15:50:48,16183,16183,16183,2
2021-03-15 15:51:01,16183,16183,16183,2
2021-03-15 15:51:03,16182,16182,16182,2
2021-03-15 15:51:03,16183,16183,16183,2
2021-03-15 15:51:03,16183,16183,16183,8
2021-03-15 15:51:10,16183,16183,16183,2
2021-03-15 15:51:14,16185,16185,16185,4
2021-03-15 15:51:27,16183,16183,16183,2
2021-03-15 15:51:40,16184,16184,16184,2
2021-03-15 15:51:45,16184,16184,16184,2
2021-03-15 15:51:56,16184,16184,16184,2
2021-03-15 15:52:22,16184,16184,16184,2
2021-03-15 15:52:22,16184,16184,16184,2
2021-03-15 15:52:22,16184,16184,16184,2
2021-03-15 15:52:23,16184,16184,16184,2
2021-03-15 15:52:28,16185,16185,16185,4
2021-03-15 15:52:28,16185,16185,16185,22
2021-03-15 15:52:28,16185,16185,16185,4
2021-03-15 15:52:28,16185,16185,16185,2
2021-03-15 15:52:28,16185,16185,16185,2
2021-03-15 15:52:29,16185,16185,16185,2
2021-03-15 15:52:29,16186,16186,16186,2
2021-03-15 15:52:38,16186,16186,16186,2
2021-03-15 15:52:55,16186,16186,16186,2
2021-03-15 15:52:58,16187,16187,16187,2
2021-03-15 15:52:58,16187,16187,16187,6
2021-03-15 15:52:59,16188,16188,16188,6
2021-03-15 15:52:59,16188,16188,16188,2
2021-03-15 15:52:59,16188,16188,16188,2
2021-03-15 15:52:59,16188,16188,16188,2
2021-03-15 15:53:00,16188,16188,16188,2
2021-03-15 15:53:00,16188,16188,16188,2
2021-03-15 15:53:00,16188,16188,16188,6
2021-03-15 15:53:00,16188,16188,16188,2
2021-03-15 15:53:00,16188,16188,16188,2
2021-03-15 15:53:00,16188,16188,16188,8
2021-03-15 15:53:00,16188,16188,16188,2
2021-03-15 15:53:00,16188,16188,16188,66
2021-03-15 15:53:00,16188,16188,16188,2
2021-03-15 15:53:00,16189,16189,16189,2
2021-03-15 15:53:01,16189,16189,16189,2
2021-03-15 15:53:01,16189,16189,16189,2
2021-03-15 15:53:08,16189,16189,16189,4
2021-03-15 15:53:18,16189,16189,16189,2
2021-03-15 15:53:20,16189,16189,16189,2
2021-03-15 15:53:34,16189,16189,16189,2
2021-03-15 15:53:35,16189,16189,16189,2
2021-03-15 15:53:37,16189,16189,16189,2
2021-03-15 15:53:38,16189,16189,16189,2
2021-03-15 15:53:44,16189,16189,16189,4
2021-03-15 15:53:47,16189,16189,16189,2
2021-03-15 15:53:48,16189,16189,16189,2
2021-03-15 15:53:48,16188,16188,16188,4
2021-03-15 15:53:48,16188,16188,16188,2
2021-03-15 15:53:48,16188,16188,16188,4
2021-03-15 15:53:48,16188,16188,16188,2
2021-03-15 15:53:48,16188,16188,16188,4
2021-03-15 15:53:49,16186,16186,16186,2
2021-03-15 15:54:01,16186,16186,16186,2
2021-03-15 15:54:01,16186,16186,16186,2
2021-03-15 15:54:20,16187,16187,16187,2
2021-03-15 15:54:20,16187,16187,16187,2
2021-03-15 15:54:20,16187,16187,16187,6
2021-03-15 15:54:23,16186,16186,16186,2
2021-03-15 15:54:23,16186,16186,16186,2
2021-03-15 15:54:26,16187,16187,16187,2
2021-03-15 15:54:26,16187,16187,16187,2
2021-03-15 15:54:27,16187,16187,16187,2
2021-03-15 15:54:27,16187,16187,16187,2
2021-03-15 15:54:45,16187,16187,16187,2
2021-03-15 15:54:45,16188,16188,16188,2
2021-03-15 15:54:46,16187,16187,16187,2
2021-03-15 15:54:46,16187,16187,16187,2
2021-03-15 15:54:47,16188,16188,16188,2
2021-03-15 15:54:48,16188,16188,16188,2
2021-03-15 15:54:50,16189,16189,16189,2
2021-03-15 15:54:54,16190,16190,16190,2
2021-03-15 15:54:54,16189,16189,16189,2
2021-03-15 15:54:54,16190,16190,16190,4
2021-03-15 15:54:54,16190,16190,16190,2
2021-03-15 15:54:54,16190,16190,16190,2
2021-03-15 15:54:55,16190,16190,16190,4
2021-03-15 15:54:56,16189,16189,16189,2
2021-03-15 15:55:09,16189,16189,16189,2
2021-03-15 15:55:11,16189,16189,16189,2
2021-03-15 15:55:11,16189,16189,16189,2
2021-03-15 15:55:13,16190,16190,16190,10
2021-03-15 15:55:13,16190,16190,16190,2
2021-03-15 15:55:16,16190,16190,16190,2
2021-03-15 15:55:16,16190,16190,16190,2
2021-03-15 15:55:16,16190,16190,16190,2
2021-03-15 15:55:16,16190,16190,16190,2
2021-03-15 15:55:16,16190,16190,16190,2
2021-03-15 15:55:17,16190,16190,16190,2
2021-03-15 15:55:24,16190,16190,16190,4
2021-03-15 15:55:30,16190,16190,16190,2
2021-03-15 15:55:42,16189,16189,16189,2
2021-03-15 15:55:43,16189,16189,16189,2
2021-03-15 15:55:45,16189,16189,16189,2
2021-03-15 15:55:48,16189,16189,16189,2
2021-03-15 15:56:07,16189,16189,16189,2
2021-03-15 15:56:08,16189,16189,16189,2
2021-03-15 15:56:09,16190,16190,16190,2
2021-03-15 15:56:14,16189,16189,16189,4
2021-03-15 15:56:14,16189,16189,16189,2
2021-03-15 15:56:14,16188,16188,16188,2
2021-03-15 15:56:20,16189,16189,16189,2
2021-03-15 15:56:27,16189,16189,16189,2
2021-03-15 15:56:29,16189,16189,16189,2
2021-03-15 15:56:29,16190,16190,16190,2
2021-03-15 15:56:31,16190,16190,16190,2
2021-03-15 15:56:38,16190,16190,16190,2
2021-03-15 15:56:41,16190,16190,16190,30
2021-03-15 15:56:41,16190,16190,16190,2
2021-03-15 15:56:42,16190,16190,16190,2
2021-03-15 15:56:44,16190,16190,16190,2
2021-03-15 15:56:47,16190,16190,16190,2
2021-03-15 15:56:48,16191,16191,16191,4
2021-03-15 15:56:50,16190,16190,16190,2
2021-03-15 15:56:51,16190,16190,16190,2
2021-03-15 15:56:55,16190,16190,16190,2
2021-03-15 15:56:57,16190,16190,16190,2
2021-03-15 15:57:11,16189,16189,16189,6
2021-03-15 15:57:11,16189,16189,16189,2
2021-03-15 15:57:11,16189,16189,16189,2
2021-03-15 15:57:11,16189,16189,16189,2
2021-03-15 15:57:11,16189,16189,16189,2
2021-03-15 15:57:11,16189,16189,16189,2
2021-03-15 15:57:15,16189,16189,16189,2
2021-03-15 15:57:15,16189,16189,16189,2
2021-03-15 15:57:25,16189,16189,16189,2
2021-03-15 15:57:28,16189,16189,16189,2
2021-03-15 15:57:47,16189,16189,16189,2
2021-03-15 15:57:47,16189,16189,16189,2
2021-03-15 15:57:55,16190,16190,16190,8
2021-03-15 15:57:55,16190,16190,16190,2
2021-03-15 15:57:56,16189,16189,16189,2
2021-03-15 15:58:06,16190,16190,16190,2
2021-03-15 15:58:18,16190,16190,16190,2
2021-03-15 15:58:22,16190,16190,16190,2
2021-03-15 15:58:24,16191,16191,16191,8
2021-03-15 15:58:30,16191,16191,16191,4
2021-03-15 15:58:30,16190,16190,16190,2
2021-03-15 15:58:30,16190,16190,16190,2
2021-03-15 15:58:30,16190,16190,16190,2
2021-03-15 15:58:30,16190,16190,16190,4
2021-03-15 15:58:30,16190,16190,16190,2
2021-03-15 15:58:30,16190,16190,16190,2
2021-03-15 15:58:45,16190,16190,16190,2
2021-03-15 15:58:45,16190,16190,16190,2
2021-03-15 15:58:45,16190,16190,16190,2
2021-03-15 15:58:48,16190,16190,16190,2
2021-03-15 15:58:48,16190,16190,16190,2
2021-03-15 15:58:49,16190,16190,16190,2
2021-03-15 15:58:50,16190,16190,16190,4
2021-03-15 15:58:50,16190,16190,16190,2
2021-03-15 15:58:50,16190,16190,16190,2
2021-03-15 15:58:57,16190,16190,16190,2
2021-03-15 15:59:01,16190,16190,16190,2
2021-03-15 15:59:01,16189,16189,16189,2
2021-03-15 15:59:04,16191,16191,16191,2
2021-03-15 15:59:14,16190,16190,16190,2
2021-03-15 15:59:14,16190,16190,16190,6
2021-03-15 15:59:14,16190,16190,16190,2
2021-03-15 15:59:14,16190,16190,16190,2
2021-03-15 15:59:14,16190,16190,16190,2
2021-03-15 15:59:14,16190,16190,16190,2
2021-03-15 15:59:14,16191,16191,16191,2
2021-03-15 15:59:14,16191,16191,16191,2
2021-03-15 15:59:15,16191,16191,16191,8
2021-03-15 15:59:15,16191,16191,16191,2
2021-03-15 15:59:15,16191,16191,16191,2
2021-03-15 15:59:15,16192,16192,16192,16
2021-03-15 15:59:15,16191,16191,16191,2
2021-03-15 15:59:15,16192,16192,16192,4
2021-03-15 15:59:22,16191,16191,16191,2
2021-03-15 15:59:22,16191,16191,16191,2
2021-03-15 15:59:22,16191,16191,16191,2
2021-03-15 15:59:22,16191,16191,16191,2
2021-03-15 15:59:25,16191,16191,16191,2
2021-03-15 15:59:27,16191,16191,16191,8
2021-03-15 15:59:27,16191,16191,16191,2
2021-03-15 15:59:27,16191,16191,16191,2
2021-03-15 15:59:28,16190,16190,16190,2
2021-03-15 15:59:28,16190,16190,16190,2
2021-03-15 15:59:28,16190,16190,16190,88
2021-03-15 15:59:28,16190,16190,16190,36
2021-03-15 15:59:28,16190,16190,16190,2
2021-03-15 15:59:28,16190,16190,16190,16
2021-03-15 15:59:28,16190,16190,16190,2
2021-03-15 15:59:28,16190,16190,16190,4
2021-03-15 15:59:28,16190,16190,16190,2
2021-03-15 15:59:28,16190,16190,16190,6
2021-03-15 15:59:28,16190,16190,16190,2
2021-03-15 15:59:28,16190,16190,16190,24
2021-03-15 15:59:28,16190,16190,16190,2
2021-03-15 15:59:28,16190,16190,16190,4
2021-03-15 15:59:28,16190,16190,16190,2
2021-03-15 15:59:28,16190,16190,16190,2
2021-03-15 15:59:28,16190,16190,16190,2
2021-03-15 15:59:28,16190,16190,16190,2
2021-03-15 15:59:28,16189,16189,16189,2
2021-03-15 15:59:28,16190,16190,16190,2
2021-03-15 15:59:29,16190,16190,16190,2
2021-03-15 15:59:30,16190,16190,16190,2
2021-03-15 15:59:30,16190,16190,16190,2
2021-03-15 15:59:32,16189,16189,16189,2
2021-03-15 15:59:32,16189,16189,16189,2
2021-03-15 15:59:32,16189,16189,16189,2
2021-03-15 15:59:32,16189,16189,16189,2
2021-03-15 15:59:32,16189,16189,16189,4
2021-03-15 15:59:40,16190,16190,16190,2
2021-03-15 15:59:45,16191,16191,16191,10
2021-03-15 15:59:50,16191,16191,16191,2
2021-03-15 15:59:50,16190,16190,16190,4
2021-03-15 15:59:51,16190,16190,16190,2
2021-03-15 15:59:59,16191,16191,16191,2
2021-03-15 16:00:01,16192,16192,16192,2
2021-03-15 16:00:01,16192,16192,16192,2
2021-03-15 16:00:01,16192,16192,16192,2
2021-03-15 16:00:01,16192,16192,16192,2
2021-03-15 16:00:01,16193,16193,16193,4
2021-03-15 16:00:02,16193,16193,16193,2
2021-03-15 16:00:02,16193,16193,16193,2
2021-03-15 16:00:05,16192,16192,16192,4
2021-03-15 16:00:05,16191,16191,16191,2
2021-03-15 16:00:05,16191,16191,16191,2
2021-03-15 16:00:05,16191,16191,16191,2
2021-03-15 16:00:05,16191,16191,16191,2
2021-03-15 16:00:05,16191,16191,16191,2
2021-03-15 16:00:10,16191,16191,16191,8
2021-03-15 16:00:10,16191,16191,16191,2
2021-03-15 16:00:10,16190,16190,16190,2
2021-03-15 16:00:10,16190,16190,16190,2
2021-03-15 16:00:10,16190,16190,16190,2
2021-03-15 16:00:11,16190,16190,16190,4
2021-03-15 16:00:12,16190,16190,16190,2
2021-03-15 16:00:12,16190,16190,16190,2
2021-03-15 16:00:12,16190,16190,16190,2
2021-03-15 16:00:12,16191,16191,16191,2
2021-03-15 16:00:12,16191,16191,16191,2
2021-03-15 16:00:12,16191,16191,16191,2
2021-03-15 16:00:12,16191,16191,16191,2
2021-03-15 16:00:13,16190,16190,16190,2
2021-03-15 16:00:14,16190,16190,16190,2
2021-03-15 16:00:16,16190,16190,16190,2
2021-03-15 16:00:17,16190,16190,16190,8
2021-03-15 16:00:17,16190,16190,16190,2
2021-03-15 16:00:17,16191,16191,16191,2
2021-03-15 16:00:17,16191,16191,16191,2
2021-03-15 16:00:17,16191,16191,16191,2
2021-03-15 16:00:18,16190,16190,16190,2
2021-03-15 16:00:19,16190,16190,16190,2
2021-03-15 16:00:19,16189,16189,16189,4
2021-03-15 16:00:19,16189,16189,16189,2
2021-03-15 16:00:19,16189,16189,16189,2
2021-03-15 16:00:21,16189,16189,16189,2
2021-03-15 16:00:23,16190,16190,16190,2
2021-03-15 16:00:26,16190,16190,16190,2
2021-03-15 16:00:33,16189,16189,16189,2
2021-03-15 16:00:33,16189,16189,16189,2
2021-03-15 16:00:33,16189,16189,16189,2
2021-03-15 16:00:33,16189,16189,16189,4
2021-03-15 16:00:33,16189,16189,16189,2
2021-03-15 16:00:34,16189,16189,16189,2
2021-03-15 16:00:38,16188,16188,16188,2
2021-03-15 16:00:39,16188,16188,16188,2
2021-03-15 16:00:39,16188,16188,16188,4
2021-03-15 16:00:39,16188,16188,16188,2
2021-03-15 16:00:39,16188,16188,16188,18
2021-03-15 16:00:39,16188,16188,16188,2
2021-03-15 16:00:39,16188,16188,16188,4
2021-03-15 16:00:39,16188,16188,16188,2
2021-03-15 16:00:39,16188,16188,16188,2
2021-03-15 16:00:39,16188,16188,16188,2
2021-03-15 16:00:39,16188,16188,16188,2
2021-03-15 16:00:39,16188,16188,16188,2
2021-03-15 16:00:39,16188,16188,16188,2
2021-03-15 16:00:39,16188,16188,16188,2
2021-03-15 16:00:39,16189,16189,16189,2
2021-03-15 16:00:39,16189,16189,16189,2
2021-03-15 16:00:39,16189,16189,16189,2
2021-03-15 16:00:39,16189,16189,16189,2
2021-03-15 16:00:39,16189,16189,16189,2
2021-03-15 16:00:39,16189,16189,16189,2
2021-03-15 16:00:39,16189,16189,16189,2
2021-03-15 16:00:39,16190,16190,16190,2
2021-03-15 16:00:39,16190,16190,16190,2
2021-03-15 16:00:39,16190,16190,16190,2
2021-03-15 16:00:39,16190,16190,16190,2
2021-03-15 16:00:39,16190,16190,16190,2
2021-03-15 16:00:41,16187,16187,16187,2
2021-03-15 16:00:42,16187,16187,16187,2
2021-03-15 16:00:42,16187,16187,16187,4
2021-03-15 16:00:42,16187,16187,16187,2
2021-03-15 16:00:49,16188,16188,16188,2
2021-03-15 16:00:50,16188,16188,16188,2
2021-03-15 16:00:50,16188,16188,16188,2
2021-03-15 16:00:50,16188,16188,16188,2
2021-03-15 16:00:50,16188,16188,16188,2
2021-03-15 16:00:50,16188,16188,16188,2
2021-03-15 16:00:54,16189,16189,16189,4
2021-03-15 16:00:54,16189,16189,16189,2
2021-03-15 16:01:05,16191,16191,16191,2
2021-03-15 16:01:05,16191,16191,16191,4
2021-03-15 16:01:17,16190,16190,16190,2
2021-03-15 16:01:20,16191,16191,16191,2
2021-03-15 16:01:26,16190,16190,16190,2
2021-03-15 16:01:26,16190,16190,16190,8
2021-03-15 16:01:26,16190,16190,16190,2
2021-03-15 16:01:26,16190,16190,16190,2
2021-03-15 16:01:26,16190,16190,16190,4
2021-03-15 16:01:33,16191,16191,16191,2
2021-03-15 16:01:57,16188,16188,16188,2
2021-03-15 16:01:58,16189,16189,16189,2
2021-03-15 16:02:08,16190,16190,16190,4
2021-03-15 16:02:09,16188,16188,16188,2
2021-03-15 16:02:10,16188,16188,16188,2
2021-03-15 16:02:10,16188,16188,16188,2
2021-03-15 16:02:10,16188,16188,16188,2
2021-03-15 16:02:10,16188,16188,16188,2
2021-03-15 16:02:10,16188,16188,16188,2
2021-03-15 16:02:10,16188,16188,16188,2
2021-03-15 16:02:12,16187,16187,16187,2
2021-03-15 16:02:12,16187,16187,16187,2
2021-03-15 16:02:14,16187,16187,16187,2
2021-03-15 16:02:14,16187,16187,16187,2
2021-03-15 16:02:14,16187,16187,16187,2
2021-03-15 16:02:14,16187,16187,16187,2
2021-03-15 16:02:14,16187,16187,16187,2
2021-03-15 16:02:21,16186,16186,16186,2
2021-03-15 16:02:23,16186,16186,16186,2
2021-03-15 16:02:23,16186,16186,16186,2
2021-03-15 16:02:23,16185,16185,16185,2
2021-03-15 16:02:23,16185,16185,16185,2
2021-03-15 16:02:23,16185,16185,16185,2
2021-03-15 16:02:23,16185,16185,16185,2
2021-03-15 16:02:24,16185,16185,16185,2
2021-03-15 16:02:24,16185,16185,16185,2
2021-03-15 16:02:26,16186,16186,16186,2
2021-03-15 16:02:27,16185,16185,16185,2
2021-03-15 16:02:28,16186,16186,16186,2
2021-03-15 16:02:32,16187,16187,16187,6
2021-03-15 16:02:32,16187,16187,16187,2
2021-03-15 16:02:32,16186,16186,16186,2
2021-03-15 16:02:45,16187,16187,16187,2
2021-03-15 16:03:05,16188,16188,16188,2
2021-03-15 16:03:13,16188,16188,16188,2
2021-03-15 16:03:19,16189,16189,16189,2
2021-03-15 16:03:28,16188,16188,16188,2
2021-03-15 16:03:30,16187,16187,16187,2
2021-03-15 16:03:30,16188,16188,16188,8
2021-03-15 16:03:42,16187,16187,16187,2
2021-03-15 16:03:53,16187,16187,16187,2
2021-03-15 16:04:00,16188,16188,16188,2
2021-03-15 16:04:07,16188,16188,16188,2
2021-03-15 16:04:07,16188,16188,16188,2
2021-03-15 16:04:08,16189,16189,16189,2
2021-03-15 16:04:12,16189,16189,16189,10
2021-03-15 16:04:17,16189,16189,16189,2
2021-03-15 16:04:18,16190,16190,16190,2
2021-03-15 16:04:23,16190,16190,16190,2
2021-03-15 16:04:27,16190,16190,16190,6
2021-03-15 16:04:32,16191,16191,16191,2
2021-03-15 16:04:36,16191,16191,16191,2
2021-03-15 16:04:36,16191,16191,16191,8
2021-03-15 16:04:36,16192,16192,16192,2
2021-03-15 16:04:41,16192,16192,16192,2
2021-03-15 16:04:41,16192,16192,16192,4
2021-03-15 16:04:41,16192,16192,16192,2
2021-03-15 16:04:41,16192,16192,16192,2
2021-03-15 16:04:41,16192,16192,16192,2
2021-03-15 16:04:45,16193,16193,16193,2
2021-03-15 16:04:45,16193,16193,16193,2
2021-03-15 16:04:45,16192,16192,16192,2
2021-03-15 16:04:45,16192,16192,16192,2
2021-03-15 16:04:52,16192,16192,16192,4
2021-03-15 16:04:53,16192,16192,16192,2
2021-03-15 16:04:53,16192,16192,16192,2
2021-03-15 16:04:57,16192,16192,16192,2
2021-03-15 16:05:04,16193,16193,16193,36
2021-03-15 16:05:06,16194,16194,16194,10
2021-03-15 16:05:06,16194,16194,16194,6
2021-03-15 16:05:06,16194,16194,16194,8
2021-03-15 16:05:06,16194,16194,16194,10
2021-03-15 16:05:07,16193,16193,16193,2
2021-03-15 16:05:11,16195,16195,16195,22
2021-03-15 16:05:11,16196,16196,16196,2
2021-03-15 16:05:11,16196,16196,16196,2
2021-03-15 16:05:11,16196,16196,16196,2
2021-03-15 16:05:11,16196,16196,16196,8
2021-03-15 16:05:11,16196,16196,16196,14
2021-03-15 16:05:12,16196,16196,16196,2
2021-03-15 16:05:12,16196,16196,16196,2
2021-03-15 16:05:12,16197,16197,16197,2
2021-03-15 16:05:12,16195,16195,16195,2
2021-03-15 16:05:12,16197,16197,16197,4
2021-03-15 16:05:12,16195,16195,16195,2
2021-03-15 16:05:13,16195,16195,16195,4
2021-03-15 16:05:14,16197,16197,16197,10
2021-03-15 16:05:16,16197,16197,16197,10
2021-03-15 16:05:16,16197,16197,16197,2
2021-03-15 16:05:16,16197,16197,16197,2
2021-03-15 16:05:18,16197,16197,16197,2
2021-03-15 16:05:18,16197,16197,16197,2
2021-03-15 16:05:19,16198,16198,16198,10
2021-03-15 16:05:20,16198,16198,16198,10
2021-03-15 16:05:20,16198,16198,16198,2
2021-03-15 16:05:21,16198,16198,16198,2
2021-03-15 16:05:21,16198,16198,16198,2
2021-03-15 16:05:21,16198,16198,16198,2
2021-03-15 16:05:21,16198,16198,16198,2
2021-03-15 16:05:22,16198,16198,16198,4
2021-03-15 16:05:23,16199,16199,16199,4
2021-03-15 16:05:23,16199,16199,16199,2
2021-03-15 16:05:23,16199,16199,16199,10
2021-03-15 16:05:23,16199,16199,16199,4
2021-03-15 16:05:23,16199,16199,16199,2
2021-03-15 16:05:23,16199,16199,16199,2
2021-03-15 16:05:23,16199,16199,16199,8
2021-03-15 16:05:23,16199,16199,16199,2
2021-03-15 16:05:23,16199,16199,16199,2
2021-03-15 16:05:23,16199,16199,16199,4
2021-03-15 16:05:23,16199,16199,16199,8
2021-03-15 16:05:23,16199,16199,16199,14
2021-03-15 16:05:23,16199,16199,16199,4
2021-03-15 16:05:23,16199,16199,16199,14
2021-03-15 16:05:23,16199,16199,16199,20
2021-03-15 16:05:24,16200,16200,16200,2
2021-03-15 16:05:24,16200,16200,16200,2
2021-03-15 16:05:24,16200,16200,16200,2
2021-03-15 16:05:24,16200,16200,16200,6
2021-03-15 16:05:24,16198,16198,16198,2
2021-03-15 16:05:24,16200,16200,16200,2
2021-03-15 16:05:24,16198,16198,16198,2
2021-03-15 16:05:24,16198,16198,16198,2
2021-03-15 16:05:24,16198,16198,16198,4
2021-03-15 16:05:24,16198,16198,16198,2
2021-03-15 16:05:24,16198,16198,16198,6
2021-03-15 16:05:24,16199,16199,16199,2
2021-03-15 16:05:24,16198,16198,16198,2
2021-03-15 16:05:24,16198,16198,16198,4
2021-03-15 16:05:24,16198,16198,16198,2
2021-03-15 16:05:24,16198,16198,16198,2
2021-03-15 16:05:24,16199,16199,16199,4
2021-03-15 16:05:24,16197,16197,16197,12
2021-03-15 16:05:24,16197,16197,16197,2
2021-03-15 16:05:24,16197,16197,16197,2
2021-03-15 16:05:24,16197,16197,16197,2
2021-03-15 16:05:24,16197,16197,16197,2
2021-03-15 16:05:24,16197,16197,16197,6
2021-03-15 16:05:27,16199,16199,16199,2
2021-03-15 16:05:27,16199,16199,16199,4
2021-03-15 16:05:28,16199,16199,16199,2
2021-03-15 16:05:28,16200,16200,16200,4
2021-03-15 16:05:28,16200,16200,16200,4
2021-03-15 16:05:28,16200,16200,16200,2
2021-03-15 16:05:28,16200,16200,16200,2
2021-03-15 16:05:28,16200,16200,16200,2
2021-03-15 16:05:28,16200,16200,16200,2
2021-03-15 16:05:28,16200,16200,16200,2
2021-03-15 16:05:28,16200,16200,16200,2
2021-03-15 16:05:28,16200,16200,16200,2
2021-03-15 16:05:28,16200,16200,16200,6
2021-03-15 16:05:28,16200,16200,16200,2
2021-03-15 16:05:31,16201,16201,16201,2
2021-03-15 16:05:32,16202,16202,16202,2
2021-03-15 16:05:32,16202,16202,16202,2
2021-03-15 16:05:32,16202,16202,16202,8
2021-03-15 16:05:32,16202,16202,16202,2
2021-03-15 16:05:32,16202,16202,16202,2
2021-03-15 16:05:32,16202,16202,16202,2
2021-03-15 16:05:32,16202,16202,16202,2
2021-03-15 16:05:32,16202,16202,16202,2
2021-03-15 16:05:32,16202,16202,16202,2
2021-03-15 16:05:32,16202,16202,16202,2
2021-03-15 16:05:32,16202,16202,16202,6
2021-03-15 16:05:32,16203,16203,16203,2
2021-03-15 16:05:32,16203,16203,16203,2
2021-03-15 16:05:32,16203,16203,16203,2
2021-03-15 16:05:32,16203,16203,16203,2
2021-03-15 16:05:32,16204,16204,16204,4
2021-03-15 16:05:32,16204,16204,16204,2
2021-03-15 16:05:32,16204,16204,16204,2
2021-03-15 16:05:32,16204,16204,16204,2
2021-03-15 16:05:32,16204,16204,16204,2
2021-03-15 16:05:32,16204,16204,16204,2
2021-03-15 16:05:32,16205,16205,16205,2
2021-03-15 16:05:32,16205,16205,16205,4
2021-03-15 16:05:32,16205,16205,16205,2
2021-03-15 16:05:32,16205,16205,16205,2
2021-03-15 16:05:32,16205,16205,16205,2
2021-03-15 16:05:32,16205,16205,16205,2
2021-03-15 16:05:33,16205,16205,16205,2
2021-03-15 16:05:33,16205,16205,16205,4
2021-03-15 16:05:33,16205,16205,16205,2
2021-03-15 16:05:33,16205,16205,16205,2
2021-03-15 16:05:33,16205,16205,16205,2
2021-03-15 16:05:33,16205,16205,16205,2
2021-03-15 16:05:33,16205,16205,16205,2
2021-03-15 16:05:33,16205,16205,16205,2
2021-03-15 16:05:33,16205,16205,16205,2
2021-03-15 16:05:33,16205,16205,16205,2
2021-03-15 16:05:33,16205,16205,16205,2
2021-03-15 16:05:33,16204,16204,16204,2
2021-03-15 16:05:33,16205,16205,16205,2
2021-03-15 16:05:33,16206,16206,16206,10
2021-03-15 16:05:33,16206,16206,16206,2
2021-03-15 16:05:33,16206,16206,16206,2
2021-03-15 16:05:33,16206,16206,16206,4
2021-03-15 16:05:33,16206,16206,16206,2
2021-03-15 16:05:33,16206,16206,16206,2
2021-03-15 16:05:33,16206,16206,16206,2
2021-03-15 16:05:33,16207,16207,16207,2
2021-03-15 16:05:33,16207,16207,16207,2
2021-03-15 16:05:33,16207,16207,16207,2
2021-03-15 16:05:33,16207,16207,16207,4
2021-03-15 16:05:33,16207,16207,16207,2
2021-03-15 16:05:33,16207,16207,16207,2
2021-03-15 16:05:33,16207,16207,16207,2
2021-03-15 16:05:33,16207,16207,16207,2
2021-03-15 16:05:33,16207,16207,16207,2
2021-03-15 16:05:33,16207,16207,16207,2
2021-03-15 16:05:33,16207,16207,16207,2
2021-03-15 16:05:33,16208,16208,16208,2
2021-03-15 16:05:33,16208,16208,16208,2
2021-03-15 16:05:33,16206,16206,16206,2
2021-03-15 16:05:33,16207,16207,16207,2
2021-03-15 16:05:34,16207,16207,16207,2
2021-03-15 16:05:34,16207,16207,16207,2
2021-03-15 16:05:34,16207,16207,16207,4
2021-03-15 16:05:34,16207,16207,16207,2
2021-03-15 16:05:34,16206,16206,16206,2
2021-03-15 16:05:35,16207,16207,16207,2
2021-03-15 16:05:35,16205,16205,16205,2
2021-03-15 16:05:36,16206,16206,16206,4
2021-03-15 16:05:36,16204,16204,16204,2
2021-03-15 16:05:36,16205,16205,16205,2
2021-03-15 16:05:38,16205,16205,16205,2
2021-03-15 16:05:38,16205,16205,16205,8
2021-03-15 16:05:38,16205,16205,16205,2
2021-03-15 16:05:38,16205,16205,16205,4
2021-03-15 16:05:38,16205,16205,16205,2
2021-03-15 16:05:38,16206,16206,16206,4
2021-03-15 16:05:38,16206,16206,16206,2
2021-03-15 16:05:38,16205,16205,16205,2
2021-03-15 16:05:38,16206,16206,16206,4
2021-03-15 16:05:38,16206,16206,16206,2
2021-03-15 16:05:38,16206,16206,16206,2
2021-03-15 16:05:38,16206,16206,16206,2
2021-03-15 16:05:38,16206,16206,16206,4
2021-03-15 16:05:38,16206,16206,16206,2
2021-03-15 16:05:38,16206,16206,16206,2
2021-03-15 16:05:38,16206,16206,16206,4
2021-03-15 16:05:38,16206,16206,16206,2
2021-03-15 16:05:38,16206,16206,16206,2
2021-03-15 16:05:38,16206,16206,16206,2
2021-03-15 16:05:38,16207,16207,16207,2
2021-03-15 16:05:38,16206,16206,16206,2
2021-03-15 16:05:38,16206,16206,16206,2
2021-03-15 16:05:38,16206,16206,16206,2
2021-03-15 16:05:38,16207,16207,16207,2
2021-03-15 16:05:38,16206,16206,16206,2
2021-03-15 16:05:38,16207,16207,16207,2
2021-03-15 16:05:38,16207,16207,16207,2
2021-03-15 16:05:38,16208,16208,16208,2
2021-03-15 16:05:38,16208,16208,16208,2
2021-03-15 16:05:38,16208,16208,16208,2
2021-03-15 16:05:38,16208,16208,16208,2
2021-03-15 16:05:38,16208,16208,16208,2
2021-03-15 16:05:38,16207,16207,16207,2
2021-03-15 16:05:38,16207,16207,16207,2
2021-03-15 16:05:38,16206,16206,16206,2
2021-03-15 16:05:38,16207,16207,16207,2
2021-03-15 16:05:38,16205,16205,16205,2
2021-03-15 16:05:39,16205,16205,16205,2
2021-03-15 16:05:40,16205,16205,16205,2
2021-03-15 16:05:40,16206,16206,16206,4
2021-03-15 16:05:41,16204,16204,16204,2
2021-03-15 16:05:42,16204,16204,16204,2
2021-03-15 16:05:42,16205,16205,16205,4
2021-03-15 16:05:47,16204,16204,16204,2
2021-03-15 16:05:48,16204,16204,16204,2
2021-03-15 16:05:48,16205,16205,16205,2
2021-03-15 16:05:48,16205,16205,16205,2
2021-03-15 16:05:48,16205,16205,16205,2
2021-03-15 16:05:48,16205,16205,16205,2
2021-03-15 16:05:48,16205,16205,16205,2
2021-03-15 16:05:48,16206,16206,16206,2
2021-03-15 16:05:49,16205,16205,16205,6
2021-03-15 16:05:49,16206,16206,16206,2
2021-03-15 16:05:49,16206,16206,16206,2
2021-03-15 16:05:49,16206,16206,16206,4
2021-03-15 16:05:49,16206,16206,16206,2
2021-03-15 16:05:50,16205,16205,16205,2
2021-03-15 16:05:50,16206,16206,16206,2
2021-03-15 16:05:51,16205,16205,16205,2
2021-03-15 16:05:51,16204,16204,16204,2
2021-03-15 16:05:56,16205,16205,16205,2
2021-03-15 16:05:57,16206,16206,16206,4
2021-03-15 16:05:57,16206,16206,16206,10
2021-03-15 16:05:58,16205,16205,16205,2
2021-03-15 16:05:59,16206,16206,16206,2
2021-03-15 16:06:00,16207,16207,16207,30
2021-03-15 16:06:00,16208,16208,16208,4
2021-03-15 16:06:01,16207,16207,16207,2
2021-03-15 16:06:01,16208,16208,16208,6
2021-03-15 16:06:01,16208,16208,16208,4
2021-03-15 16:06:01,16208,16208,16208,2
2021-03-15 16:06:01,16208,16208,16208,2
2021-03-15 16:06:01,16208,16208,16208,2
2021-03-15 16:06:01,16208,16208,16208,4
2021-03-15 16:06:02,16208,16208,16208,10
2021-03-15 16:06:03,16207,16207,16207,2
2021-03-15 16:06:03,16208,16208,16208,4
2021-03-15 16:06:03,16208,16208,16208,6
2021-03-15 16:06:03,16207,16207,16207,2
2021-03-15 16:06:04,16208,16208,16208,2
2021-03-15 16:06:05,16209,16209,16209,2
2021-03-15 16:06:06,16208,16208,16208,2
2021-03-15 16:06:06,16209,16209,16209,10
2021-03-15 16:06:07,16209,16209,16209,8
2021-03-15 16:06:08,16208,16208,16208,2
2021-03-15 16:06:08,16209,16209,16209,2
2021-03-15 16:06:09,16208,16208,16208,2
2021-03-15 16:06:10,16208,16208,16208,2
2021-03-15 16:06:10,16208,16208,16208,2
2021-03-15 16:06:10,16208,16208,16208,2
2021-03-15 16:06:10,16208,16208,16208,2
2021-03-15 16:06:11,16209,16209,16209,4
2021-03-15 16:06:14,16209,16209,16209,2
2021-03-15 16:06:14,16208,16208,16208,2
2021-03-15 16:06:14,16209,16209,16209,2
2021-03-15 16:06:14,16209,16209,16209,4
2021-03-15 16:06:15,16208,16208,16208,2
2021-03-15 16:06:15,16208,16208,16208,2
2021-03-15 16:06:15,16208,16208,16208,2
2021-03-15 16:06:16,16208,16208,16208,2
2021-03-15 16:06:19,16209,16209,16209,2
2021-03-15 16:06:20,16207,16207,16207,2
2021-03-15 16:06:20,16207,16207,16207,2
2021-03-15 16:06:21,16207,16207,16207,2
2021-03-15 16:06:22,16208,16208,16208,2
2021-03-15 16:06:24,16206,16206,16206,2
2021-03-15 16:06:24,16206,16206,16206,2
2021-03-15 16:06:24,16206,16206,16206,2
2021-03-15 16:06:24,16207,16207,16207,4
2021-03-15 16:06:26,16207,16207,16207,2
2021-03-15 16:06:27,16205,16205,16205,2
2021-03-15 16:06:27,16207,16207,16207,2
2021-03-15 16:06:28,16206,16206,16206,2
2021-03-15 16:06:28,16206,16206,16206,2
2021-03-15 16:06:28,16207,16207,16207,2
2021-03-15 16:06:29,16206,16206,16206,2
2021-03-15 16:06:29,16205,16205,16205,2
2021-03-15 16:06:29,16205,16205,16205,4
2021-03-15 16:06:29,16205,16205,16205,2
2021-03-15 16:06:30,16208,16208,16208,2
2021-03-15 16:06:31,16206,16206,16206,2
2021-03-15 16:06:34,16207,16207,16207,2
2021-03-15 16:06:34,16206,16206,16206,2
2021-03-15 16:06:35,16207,16207,16207,2
2021-03-15 16:06:36,16207,16207,16207,2
2021-03-15 16:06:36,16208,16208,16208,2
2021-03-15 16:06:37,16207,16207,16207,2
2021-03-15 16:06:37,16208,16208,16208,2
2021-03-15 16:06:38,16208,16208,16208,2
2021-03-15 16:06:38,16208,16208,16208,2
2021-03-15 16:06:38,16208,16208,16208,2
2021-03-15 16:06:38,16208,16208,16208,2
2021-03-15 16:06:38,16209,16209,16209,2
2021-03-15 16:06:38,16209,16209,16209,2
2021-03-15 16:06:39,16208,16208,16208,2
2021-03-15 16:06:39,16207,16207,16207,2
2021-03-15 16:06:41,16209,16209,16209,2
2021-03-15 16:06:42,16208,16208,16208,2
2021-03-15 16:06:42,16208,16208,16208,2
2021-03-15 16:06:42,16209,16209,16209,20
2021-03-15 16:06:42,16209,16209,16209,2
2021-03-15 16:06:42,16209,16209,16209,2
2021-03-15 16:06:43,16208,16208,16208,2
2021-03-15 16:06:43,16208,16208,16208,8
2021-03-15 16:06:48,16209,16209,16209,2
2021-03-15 16:06:48,16209,16209,16209,2
2021-03-15 16:06:48,16210,16210,16210,2
2021-03-15 16:06:49,16209,16209,16209,2
2021-03-15 16:06:49,16210,16210,16210,2
2021-03-15 16:06:49,16210,16210,16210,2
2021-03-15 16:06:49,16210,16210,16210,2
2021-03-15 16:06:50,16209,16209,16209,2
2021-03-15 16:06:50,16208,16208,16208,2
2021-03-15 16:06:50,16208,16208,16208,2
2021-03-15 16:06:50,16208,16208,16208,2
2021-03-15 16:06:52,16209,16209,16209,2
2021-03-15 16:06:52,16210,16210,16210,8
2021-03-15 16:06:55,16209,16209,16209,2
2021-03-15 16:07:00,16209,16209,16209,2
2021-03-15 16:07:00,16209,16209,16209,2
2021-03-15 16:07:01,16210,16210,16210,2
2021-03-15 16:07:03,16209,16209,16209,2
2021-03-15 16:07:03,16209,16209,16209,2
2021-03-15 16:07:03,16208,16208,16208,4
2021-03-15 16:07:04,16209,16209,16209,2
2021-03-15 16:07:04,16209,16209,16209,2
2021-03-15 16:07:04,16209,16209,16209,2
2021-03-15 16:07:06,16209,16209,16209,2
2021-03-15 16:07:06,16209,16209,16209,2
2021-03-15 16:07:06,16208,16208,16208,2
2021-03-15 16:07:06,16208,16208,16208,2
2021-03-15 16:07:06,16208,16208,16208,2
2021-03-15 16:07:06,16208,16208,16208,2
2021-03-15 16:07:07,16208,16208,16208,2
2021-03-15 16:07:08,16209,16209,16209,2
2021-03-15 16:07:11,16208,16208,16208,2
2021-03-15 16:07:11,16208,16208,16208,2
2021-03-15 16:07:11,16207,16207,16207,2
2021-03-15 16:07:12,16208,16208,16208,2
2021-03-15 16:07:14,16207,16207,16207,2
2021-03-15 16:07:14,16207,16207,16207,10
2021-03-15 16:07:14,16207,16207,16207,2
2021-03-15 16:07:14,16207,16207,16207,2
2021-03-15 16:07:14,16207,16207,16207,2
2021-03-15 16:07:14,16208,16208,16208,2
2021-03-15 16:07:15,16206,16206,16206,2
2021-03-15 16:07:15,16206,16206,16206,4
2021-03-15 16:07:16,16207,16207,16207,2
2021-03-15 16:07:16,16207,16207,16207,10
2021-03-15 16:07:16,16208,16208,16208,20
2021-03-15 16:07:17,16207,16207,16207,2
2021-03-15 16:07:17,16209,16209,16209,2
2021-03-15 16:07:21,16207,16207,16207,2
2021-03-15 16:07:22,16209,16209,16209,6
2021-03-15 16:07:23,16207,16207,16207,2
2021-03-15 16:07:23,16207,16207,16207,2
2021-03-15 16:07:28,16209,16209,16209,2
2021-03-15 16:07:37,16209,16209,16209,2
2021-03-15 16:07:37,16209,16209,16209,2
2021-03-15 16:07:40,16207,16207,16207,2
2021-03-15 16:07:43,16208,16208,16208,2
2021-03-15 16:07:44,16208,16208,16208,2
2021-03-15 16:07:47,16207,16207,16207,2
2021-03-15 16:07:47,16207,16207,16207,18
2021-03-15 16:07:47,16207,16207,16207,2
2021-03-15 16:07:47,16207,16207,16207,2
2021-03-15 16:07:47,16207,16207,16207,4
2021-03-15 16:07:47,16207,16207,16207,4
2021-03-15 16:07:47,16207,16207,16207,2
2021-03-15 16:07:47,16207,16207,16207,2
2021-03-15 16:07:47,16207,16207,16207,2
2021-03-15 16:07:52,16207,16207,16207,2
2021-03-15 16:07:56,16206,16206,16206,2
2021-03-15 16:07:56,16206,16206,16206,2
2021-03-15 16:07:57,16206,16206,16206,2
2021-03-15 16:07:57,16206,16206,16206,2
2021-03-15 16:07:59,16206,16206,16206,2
2021-03-15 16:08:00,16205,16205,16205,2
2021-03-15 16:08:00,16205,16205,16205,2
2021-03-15 16:08:01,16205,16205,16205,2
2021-03-15 16:08:01,16205,16205,16205,2
2021-03-15 16:08:01,16205,16205,16205,2
2021-03-15 16:08:01,16205,16205,16205,2
2021-03-15 16:08:01,16205,16205,16205,2
2021-03-15 16:08:01,16204,16204,16204,2
2021-03-15 16:08:01,16206,16206,16206,2
2021-03-15 16:08:11,16204,16204,16204,2
2021-03-15 16:08:15,16205,16205,16205,2
2021-03-15 16:08:15,16205,16205,16205,2
2021-03-15 16:08:15,16205,16205,16205,2
2021-03-15 16:08:16,16205,16205,16205,2
2021-03-15 16:08:20,16205,16205,16205,2
2021-03-15 16:08:22,16205,16205,16205,4
2021-03-15 16:08:25,16204,16204,16204,2
2021-03-15 16:08:27,16204,16204,16204,2
2021-03-15 16:08:27,16204,16204,16204,6
2021-03-15 16:08:27,16204,16204,16204,2
2021-03-15 16:08:27,16204,16204,16204,6
2021-03-15 16:08:27,16204,16204,16204,2
2021-03-15 16:08:27,16203,16203,16203,2
2021-03-15 16:08:30,16203,16203,16203,2
2021-03-15 16:08:30,16203,16203,16203,2
2021-03-15 16:08:31,16203,16203,16203,2
2021-03-15 16:08:31,16203,16203,16203,4
2021-03-15 16:08:32,16203,16203,16203,2
2021-03-15 16:08:32,16202,16202,16202,2
2021-03-15 16:08:32,16202,16202,16202,2
2021-03-15 16:08:32,16202,16202,16202,2
2021-03-15 16:08:32,16202,16202,16202,2
2021-03-15 16:08:33,16203,16203,16203,2
2021-03-15 16:08:33,16202,16202,16202,2
2021-03-15 16:08:33,16202,16202,16202,2
2021-03-15 16:08:33,16203,16203,16203,2
2021-03-15 16:08:34,16202,16202,16202,2
2021-03-15 16:08:34,16201,16201,16201,2
2021-03-15 16:08:34,16201,16201,16201,2
2021-03-15 16:08:35,16202,16202,16202,2
2021-03-15 16:08:36,16202,16202,16202,2
2021-03-15 16:08:36,16202,16202,16202,4
2021-03-15 16:08:38,16203,16203,16203,2
2021-03-15 16:08:41,16202,16202,16202,2
2021-03-15 16:08:41,16202,16202,16202,4
2021-03-15 16:08:41,16201,16201,16201,2
2021-03-15 16:08:41,16201,16201,16201,2
2021-03-15 16:08:50,16202,16202,16202,2
2021-03-15 16:08:54,16202,16202,16202,2
2021-03-15 16:08:54,16202,16202,16202,2
2021-03-15 16:08:57,16201,16201,16201,2
2021-03-15 16:09:00,16203,16203,16203,4
2021-03-15 16:09:01,16203,16203,16203,2
2021-03-15 16:09:02,16204,16204,16204,4
2021-03-15 16:09:03,16203,16203,16203,2
2021-03-15 16:09:18,16203,16203,16203,2
2021-03-15 16:09:27,16203,16203,16203,2
2021-03-15 16:09:39,16203,16203,16203,2
2021-03-15 16:09:39,16203,16203,16203,4
2021-03-15 16:09:39,16203,16203,16203,2
