2021-12-13 15:00:00,17765,17765,17765,182,0
2021-12-13 15:00:00,17765,17765,17765,6,0
2021-12-13 15:00:00,17765,17765,17765,4,0
2021-12-13 15:00:00,17764,17764,17764,2,-2
2021-12-13 15:00:00,17763,17763,17763,6,-6
2021-12-13 15:00:00,17763,17763,17763,2,0
2021-12-13 15:00:00,17765,17765,17765,6,6
2021-12-13 15:00:00,17765,17765,17765,6,0
2021-12-13 15:00:00,17761,17761,17761,4,-4
2021-12-13 15:00:00,17761,17761,17761,2,0
2021-12-13 15:00:00,17761,17761,17761,2,0
2021-12-13 15:00:00,17760,17760,17760,2,-2
2021-12-13 15:00:00,17760,17760,17760,2,0
2021-12-13 15:00:00,17760,17760,17760,2,0
2021-12-13 15:00:00,17765,17765,17765,6,6
2021-12-13 15:00:00,17760,17760,17760,2,-2
2021-12-13 15:00:00,17759,17759,17759,4,-4
2021-12-13 15:00:00,17759,17759,17759,2,0
2021-12-13 15:00:00,17760,17760,17760,2,2
2021-12-13 15:00:00,17764,17764,17764,2,2
2021-12-13 15:00:00,17760,17760,17760,2,-2
2021-12-13 15:00:00,17759,17759,17759,2,-2
2021-12-13 15:00:00,17759,17759,17759,2,0
2021-12-13 15:00:00,17759,17759,17759,2,0
2021-12-13 15:00:00,17758,17758,17758,4,-4
2021-12-13 15:00:00,17758,17758,17758,2,0
2021-12-13 15:00:00,17757,17757,17757,2,-2
2021-12-13 15:00:00,17757,17757,17757,2,0
2021-12-13 15:00:00,17756,17756,17756,2,-2
2021-12-13 15:00:00,17756,17756,17756,2,0
2021-12-13 15:00:00,17759,17759,17759,2,2
2021-12-13 15:00:00,17758,17758,17758,2,-2
2021-12-13 15:00:00,17760,17760,17760,2,2
2021-12-13 15:00:00,17761,17761,17761,4,4
2021-12-13 15:00:00,17762,17762,17762,2,2
2021-12-13 15:00:00,17758,17758,17758,4,-4
2021-12-13 15:00:00,17758,17758,17758,2,0
2021-12-13 15:00:00,17756,17756,17756,2,-2
2021-12-13 15:00:00,17756,17756,17756,2,0
2021-12-13 15:00:00,17758,17758,17758,2,2
2021-12-13 15:00:00,17759,17759,17759,4,4
2021-12-13 15:00:00,17760,17760,17760,4,4
2021-12-13 15:00:00,17761,17761,17761,2,2
2021-12-13 15:00:00,17762,17762,17762,2,2
2021-12-13 15:00:00,17759,17759,17759,2,-2
2021-12-13 15:00:00,17758,17758,17758,2,-2
2021-12-13 15:00:00,17758,17758,17758,2,0
2021-12-13 15:00:00,17757,17757,17757,2,-2
2021-12-13 15:00:00,17761,17761,17761,2,2
2021-12-13 15:00:00,17758,17758,17758,2,-2
2021-12-13 15:00:00,17758,17758,17758,2,0
2021-12-13 15:00:00,17760,17760,17760,2,2
2021-12-13 15:00:00,17759,17759,17759,2,-2
2021-12-13 15:00:00,17760,17760,17760,2,2
2021-12-13 15:00:00,17761,17761,17761,4,4
2021-12-13 15:00:00,17762,17762,17762,6,6
2021-12-13 15:00:00,17759,17759,17759,2,-2
2021-12-13 15:00:00,17758,17758,17758,2,-2
2021-12-13 15:00:00,17758,17758,17758,2,0
2021-12-13 15:00:00,17759,17759,17759,2,2
2021-12-13 15:00:00,17760,17760,17760,6,6
2021-12-13 15:00:00,17759,17759,17759,2,-2
2021-12-13 15:00:00,17760,17760,17760,2,2
2021-12-13 15:00:00,17761,17761,17761,4,4
2021-12-13 15:00:00,17760,17760,17760,2,-2
2021-12-13 15:00:01,17759,17759,17759,2,-2
2021-12-13 15:00:01,17760,17760,17760,4,4
2021-12-13 15:00:01,17757,17757,17757,2,-2
2021-12-13 15:00:01,17756,17756,17756,2,-2
2021-12-13 15:00:01,17758,17758,17758,2,2
2021-12-13 15:00:01,17759,17759,17759,4,4
2021-12-13 15:00:01,17759,17759,17759,2,0
2021-12-13 15:00:01,17759,17759,17759,2,0
2021-12-13 15:00:01,17759,17759,17759,2,0
2021-12-13 15:00:02,17758,17758,17758,2,-2
2021-12-13 15:00:02,17760,17760,17760,2,2
2021-12-13 15:00:02,17761,17761,17761,4,4
2021-12-13 15:00:02,17760,17760,17760,2,-2
2021-12-13 15:00:02,17762,17762,17762,2,2
2021-12-13 15:00:02,17762,17762,17762,2,0
2021-12-13 15:00:02,17763,17763,17763,4,4
2021-12-13 15:00:03,17760,17760,17760,2,-2
2021-12-13 15:00:03,17760,17760,17760,2,0
2021-12-13 15:00:03,17760,17760,17760,2,0
2021-12-13 15:00:03,17762,17762,17762,2,2
2021-12-13 15:00:03,17759,17759,17759,2,-2
2021-12-13 15:00:03,17762,17762,17762,2,2
2021-12-13 15:00:03,17763,17763,17763,2,2
2021-12-13 15:00:04,17761,17761,17761,4,-4
2021-12-13 15:00:04,17761,17761,17761,2,0
2021-12-13 15:00:04,17763,17763,17763,8,8
2021-12-13 15:00:04,17764,17764,17764,4,4
2021-12-13 15:00:04,17765,17765,17765,8,8
2021-12-13 15:00:04,17762,17762,17762,2,-2
2021-12-13 15:00:04,17762,17762,17762,2,0
2021-12-13 15:00:05,17762,17762,17762,2,0
2021-12-13 15:00:05,17763,17763,17763,2,2
2021-12-13 15:00:06,17764,17764,17764,8,8
2021-12-13 15:00:06,17765,17765,17765,12,12
2021-12-13 15:00:06,17765,17765,17765,2,0
2021-12-13 15:00:06,17763,17763,17763,2,-2
2021-12-13 15:00:06,17762,17762,17762,2,-2
2021-12-13 15:00:06,17762,17762,17762,2,0
2021-12-13 15:00:07,17764,17764,17764,2,2
2021-12-13 15:00:07,17763,17763,17763,2,-2
2021-12-13 15:00:08,17761,17761,17761,2,-2
2021-12-13 15:00:08,17761,17761,17761,2,0
2021-12-13 15:00:08,17764,17764,17764,4,4
2021-12-13 15:00:08,17765,17765,17765,16,16
2021-12-13 15:00:09,17763,17763,17763,6,-6
2021-12-13 15:00:09,17764,17764,17764,8,8
2021-12-13 15:00:09,17765,17765,17765,6,6
2021-12-13 15:00:11,17764,17764,17764,2,-2
2021-12-13 15:00:11,17765,17765,17765,6,6
2021-12-13 15:00:11,17765,17765,17765,2,0
2021-12-13 15:00:13,17764,17764,17764,2,-2
2021-12-13 15:00:13,17765,17765,17765,6,6
2021-12-13 15:00:13,17764,17764,17764,2,-2
2021-12-13 15:00:13,17765,17765,17765,8,8
2021-12-13 15:00:13,17765,17765,17765,6,0
2021-12-13 15:00:13,17765,17765,17765,2,0
2021-12-13 15:00:13,17766,17766,17766,4,4
2021-12-13 15:00:13,17766,17766,17766,12,0
2021-12-13 15:00:13,17766,17766,17766,22,0
2021-12-13 15:00:13,17766,17766,17766,2,0
2021-12-13 15:00:13,17766,17766,17766,2,0
2021-12-13 15:00:13,17766,17766,17766,2,0
2021-12-13 15:00:14,17765,17765,17765,2,-2
2021-12-13 15:00:14,17765,17765,17765,2,0
2021-12-13 15:00:15,17765,17765,17765,2,0
2021-12-13 15:00:15,17765,17765,17765,2,0
2021-12-13 15:00:15,17765,17765,17765,2,0
2021-12-13 15:00:15,17765,17765,17765,2,0
2021-12-13 15:00:15,17765,17765,17765,2,0
2021-12-13 15:00:15,17764,17764,17764,2,-2
2021-12-13 15:00:15,17764,17764,17764,2,0
2021-12-13 15:00:15,17763,17763,17763,2,-2
2021-12-13 15:00:15,17763,17763,17763,2,0
2021-12-13 15:00:15,17763,17763,17763,2,0
2021-12-13 15:00:15,17762,17762,17762,2,-2
2021-12-13 15:00:15,17763,17763,17763,2,2
2021-12-13 15:00:15,17762,17762,17762,2,-2
2021-12-13 15:00:16,17765,17765,17765,2,2
2021-12-13 15:00:17,17764,17764,17764,2,-2
2021-12-13 15:00:18,17765,17765,17765,4,4
2021-12-13 15:00:18,17764,17764,17764,2,-2
2021-12-13 15:00:18,17766,17766,17766,4,4
2021-12-13 15:00:18,17764,17764,17764,2,-2
2021-12-13 15:00:18,17764,17764,17764,2,0
2021-12-13 15:00:21,17763,17763,17763,2,-2
2021-12-13 15:00:21,17763,17763,17763,2,0
2021-12-13 15:00:21,17763,17763,17763,2,0
2021-12-13 15:00:21,17762,17762,17762,2,-2
2021-12-13 15:00:21,17762,17762,17762,2,0
2021-12-13 15:00:21,17764,17764,17764,2,2
2021-12-13 15:00:21,17763,17763,17763,2,-2
2021-12-13 15:00:22,17762,17762,17762,2,-2
2021-12-13 15:00:22,17763,17763,17763,2,2
2021-12-13 15:00:23,17762,17762,17762,2,-2
2021-12-13 15:00:25,17763,17763,17763,2,2
2021-12-13 15:00:26,17763,17763,17763,2,0
2021-12-13 15:00:26,17764,17764,17764,2,2
2021-12-13 15:00:26,17764,17764,17764,2,0
2021-12-13 15:00:27,17764,17764,17764,2,0
2021-12-13 15:00:28,17764,17764,17764,2,0
2021-12-13 15:00:29,17765,17765,17765,2,2
2021-12-13 15:00:30,17765,17765,17765,18,0
2021-12-13 15:00:30,17766,17766,17766,2,2
2021-12-13 15:00:30,17766,17766,17766,4,0
2021-12-13 15:00:31,17766,17766,17766,2,0
2021-12-13 15:00:31,17766,17766,17766,4,0
2021-12-13 15:00:31,17765,17765,17765,2,-2
2021-12-13 15:00:31,17765,17765,17765,2,0
2021-12-13 15:00:32,17765,17765,17765,2,0
2021-12-13 15:00:32,17767,17767,17767,2,2
2021-12-13 15:00:33,17766,17766,17766,2,-2
2021-12-13 15:00:33,17766,17766,17766,2,0
2021-12-13 15:00:34,17766,17766,17766,4,0
2021-12-13 15:00:34,17767,17767,17767,4,4
2021-12-13 15:00:34,17767,17767,17767,2,0
2021-12-13 15:00:35,17765,17765,17765,2,-2
2021-12-13 15:00:36,17766,17766,17766,4,4
2021-12-13 15:00:36,17767,17767,17767,4,4
2021-12-13 15:00:38,17767,17767,17767,2,0
2021-12-13 15:00:38,17765,17765,17765,10,-10
2021-12-13 15:00:38,17765,17765,17765,4,0
2021-12-13 15:00:38,17765,17765,17765,2,0
2021-12-13 15:00:38,17765,17765,17765,2,0
2021-12-13 15:00:38,17765,17765,17765,2,0
2021-12-13 15:00:38,17765,17765,17765,2,0
2021-12-13 15:00:41,17766,17766,17766,2,2
2021-12-13 15:00:41,17766,17766,17766,2,0
2021-12-13 15:00:41,17765,17765,17765,2,-2
2021-12-13 15:00:41,17765,17765,17765,8,0
2021-12-13 15:00:41,17765,17765,17765,2,0
2021-12-13 15:00:42,17765,17765,17765,2,0
2021-12-13 15:00:43,17767,17767,17767,8,8
2021-12-13 15:00:44,17765,17765,17765,2,-2
2021-12-13 15:00:45,17766,17766,17766,4,4
2021-12-13 15:00:45,17766,17766,17766,2,0
2021-12-13 15:00:45,17767,17767,17767,14,14
2021-12-13 15:00:49,17766,17766,17766,2,-2
2021-12-13 15:00:49,17765,17765,17765,2,-2
2021-12-13 15:00:49,17765,17765,17765,2,0
2021-12-13 15:00:49,17765,17765,17765,2,0
2021-12-13 15:00:51,17765,17765,17765,2,0
2021-12-13 15:00:51,17765,17765,17765,2,0
2021-12-13 15:00:51,17765,17765,17765,4,0
2021-12-13 15:00:51,17765,17765,17765,2,0
2021-12-13 15:00:51,17766,17766,17766,4,4
2021-12-13 15:00:52,17765,17765,17765,2,-2
2021-12-13 15:00:52,17765,17765,17765,2,0
2021-12-13 15:00:52,17765,17765,17765,2,0
2021-12-13 15:00:52,17766,17766,17766,2,2
2021-12-13 15:00:55,17764,17764,17764,2,-2
2021-12-13 15:00:55,17764,17764,17764,2,0
2021-12-13 15:00:55,17764,17764,17764,2,0
2021-12-13 15:00:55,17765,17765,17765,2,2
2021-12-13 15:00:57,17763,17763,17763,4,-4
2021-12-13 15:00:58,17763,17763,17763,2,0
2021-12-13 15:00:58,17762,17762,17762,2,-2
2021-12-13 15:00:58,17764,17764,17764,2,2
2021-12-13 15:00:59,17763,17763,17763,2,-2
2021-12-13 15:01:00,17764,17764,17764,2,2
2021-12-13 15:01:00,17765,17765,17765,2,2
2021-12-13 15:01:00,17762,17762,17762,2,-2
2021-12-13 15:01:00,17762,17762,17762,2,0
2021-12-13 15:01:00,17763,17763,17763,2,2
2021-12-13 15:01:00,17764,17764,17764,6,6
2021-12-13 15:01:00,17765,17765,17765,4,4
2021-12-13 15:01:00,17765,17765,17765,2,0
2021-12-13 15:01:00,17764,17764,17764,2,-2
2021-12-13 15:01:00,17765,17765,17765,10,10
2021-12-13 15:01:01,17763,17763,17763,2,-2
2021-12-13 15:01:01,17763,17763,17763,2,0
2021-12-13 15:01:01,17765,17765,17765,2,2
2021-12-13 15:01:01,17765,17765,17765,2,0
2021-12-13 15:01:01,17765,17765,17765,2,0
2021-12-13 15:01:01,17765,17765,17765,2,0
2021-12-13 15:01:01,17765,17765,17765,2,0
2021-12-13 15:01:02,17763,17763,17763,2,-2
2021-12-13 15:01:02,17763,17763,17763,2,0
2021-12-13 15:01:03,17763,17763,17763,2,0
2021-12-13 15:01:03,17763,17763,17763,2,0
2021-12-13 15:01:04,17764,17764,17764,2,2
2021-12-13 15:01:04,17765,17765,17765,2,2
2021-12-13 15:01:05,17763,17763,17763,2,-2
2021-12-13 15:01:06,17763,17763,17763,2,0
2021-12-13 15:01:08,17765,17765,17765,2,2
2021-12-13 15:01:08,17764,17764,17764,2,-2
2021-12-13 15:01:08,17765,17765,17765,2,2
2021-12-13 15:01:08,17765,17765,17765,2,0
2021-12-13 15:01:08,17766,17766,17766,2,2
2021-12-13 15:01:08,17765,17765,17765,2,-2
2021-12-13 15:01:08,17765,17765,17765,2,0
2021-12-13 15:01:08,17766,17766,17766,2,2
2021-12-13 15:01:09,17764,17764,17764,2,-2
2021-12-13 15:01:11,17763,17763,17763,2,-2
2021-12-13 15:01:13,17764,17764,17764,2,2
2021-12-13 15:01:17,17764,17764,17764,6,0
2021-12-13 15:01:17,17764,17764,17764,2,0
2021-12-13 15:01:18,17763,17763,17763,2,-2
2021-12-13 15:01:18,17766,17766,17766,2,2
2021-12-13 15:01:18,17766,17766,17766,2,0
2021-12-13 15:01:18,17766,17766,17766,2,0
2021-12-13 15:01:18,17766,17766,17766,2,0
2021-12-13 15:01:18,17766,17766,17766,2,0
2021-12-13 15:01:18,17766,17766,17766,2,0
2021-12-13 15:01:18,17766,17766,17766,2,0
2021-12-13 15:01:18,17767,17767,17767,2,2
2021-12-13 15:01:19,17764,17764,17764,2,-2
2021-12-13 15:01:26,17764,17764,17764,2,0
2021-12-13 15:01:33,17764,17764,17764,4,0
2021-12-13 15:01:33,17764,17764,17764,2,0
2021-12-13 15:01:33,17765,17765,17765,2,2
2021-12-13 15:01:33,17765,17765,17765,2,0
2021-12-13 15:01:33,17765,17765,17765,2,0
2021-12-13 15:01:33,17765,17765,17765,2,0
2021-12-13 15:01:33,17765,17765,17765,2,0
2021-12-13 15:01:33,17765,17765,17765,2,0
2021-12-13 15:01:33,17766,17766,17766,2,2
2021-12-13 15:01:33,17766,17766,17766,2,0
2021-12-13 15:01:33,17766,17766,17766,2,0
2021-12-13 15:01:33,17765,17765,17765,2,-2
2021-12-13 15:01:33,17765,17765,17765,2,0
2021-12-13 15:01:33,17766,17766,17766,2,2
2021-12-13 15:01:33,17765,17765,17765,2,-2
2021-12-13 15:01:34,17763,17763,17763,2,-2
2021-12-13 15:01:35,17764,17764,17764,4,4
2021-12-13 15:01:35,17763,17763,17763,2,-2
2021-12-13 15:01:36,17764,17764,17764,2,2
2021-12-13 15:01:39,17764,17764,17764,6,0
2021-12-13 15:01:39,17765,17765,17765,8,8
2021-12-13 15:01:39,17765,17765,17765,12,0
2021-12-13 15:01:39,17765,17765,17765,2,0
2021-12-13 15:01:39,17765,17765,17765,2,0
2021-12-13 15:01:39,17765,17765,17765,2,0
2021-12-13 15:01:42,17763,17763,17763,2,-2
2021-12-13 15:01:42,17763,17763,17763,2,0
2021-12-13 15:01:42,17763,17763,17763,2,0
2021-12-13 15:01:42,17763,17763,17763,6,0
2021-12-13 15:01:43,17764,17764,17764,4,4
2021-12-13 15:01:47,17764,17764,17764,6,0
2021-12-13 15:01:49,17764,17764,17764,4,0
2021-12-13 15:01:51,17763,17763,17763,2,-2
2021-12-13 15:01:51,17763,17763,17763,2,0
2021-12-13 15:01:51,17764,17764,17764,4,4
2021-12-13 15:01:51,17764,17764,17764,2,0
2021-12-13 15:01:52,17764,17764,17764,4,0
2021-12-13 15:01:52,17762,17762,17762,2,-2
2021-12-13 15:01:54,17763,17763,17763,2,2
2021-12-13 15:01:55,17765,17765,17765,2,2
2021-12-13 15:01:56,17764,17764,17764,6,-6
2021-12-13 15:01:57,17762,17762,17762,2,-2
2021-12-13 15:01:57,17762,17762,17762,2,0
2021-12-13 15:01:59,17763,17763,17763,2,2
2021-12-13 15:02:00,17763,17763,17763,2,0
2021-12-13 15:02:00,17763,17763,17763,2,0
2021-12-13 15:02:00,17762,17762,17762,2,-2
2021-12-13 15:02:00,17762,17762,17762,4,0
2021-12-13 15:02:01,17763,17763,17763,2,2
2021-12-13 15:02:01,17762,17762,17762,2,-2
2021-12-13 15:02:01,17761,17761,17761,2,-2
2021-12-13 15:02:01,17761,17761,17761,2,0
2021-12-13 15:02:01,17763,17763,17763,4,4
2021-12-13 15:02:01,17763,17763,17763,2,0
2021-12-13 15:02:02,17762,17762,17762,2,-2
2021-12-13 15:02:05,17761,17761,17761,2,-2
2021-12-13 15:02:05,17761,17761,17761,2,0
2021-12-13 15:02:05,17761,17761,17761,2,0
2021-12-13 15:02:05,17761,17761,17761,2,0
2021-12-13 15:02:05,17761,17761,17761,2,0
2021-12-13 15:02:06,17761,17761,17761,2,0
2021-12-13 15:02:06,17763,17763,17763,2,2
2021-12-13 15:02:06,17761,17761,17761,2,-2
2021-12-13 15:02:10,17763,17763,17763,6,6
2021-12-13 15:02:12,17763,17763,17763,2,0
2021-12-13 15:02:13,17761,17761,17761,2,-2
2021-12-13 15:02:14,17763,17763,17763,4,4
2021-12-13 15:02:14,17763,17763,17763,4,0
2021-12-13 15:02:18,17763,17763,17763,2,0
2021-12-13 15:02:21,17763,17763,17763,2,0
2021-12-13 15:02:23,17763,17763,17763,2,0
2021-12-13 15:02:24,17763,17763,17763,2,0
2021-12-13 15:02:24,17763,17763,17763,2,0
2021-12-13 15:02:25,17763,17763,17763,2,0
2021-12-13 15:02:27,17763,17763,17763,2,0
2021-12-13 15:02:27,17762,17762,17762,2,-2
2021-12-13 15:02:27,17762,17762,17762,2,0
2021-12-13 15:02:28,17763,17763,17763,2,2
2021-12-13 15:02:30,17763,17763,17763,2,0
2021-12-13 15:02:31,17762,17762,17762,2,-2
2021-12-13 15:02:32,17763,17763,17763,2,2
2021-12-13 15:02:33,17761,17761,17761,2,-2
2021-12-13 15:02:33,17762,17762,17762,2,2
2021-12-13 15:02:36,17763,17763,17763,2,2
2021-12-13 15:02:40,17763,17763,17763,2,0
2021-12-13 15:02:40,17762,17762,17762,2,-2
2021-12-13 15:02:42,17763,17763,17763,4,4
2021-12-13 15:02:43,17763,17763,17763,2,0
2021-12-13 15:02:44,17763,17763,17763,2,0
2021-12-13 15:02:46,17763,17763,17763,6,0
2021-12-13 15:02:47,17764,17764,17764,4,4
2021-12-13 15:03:00,17764,17764,17764,2,0
2021-12-13 15:03:00,17764,17764,17764,4,0
2021-12-13 15:03:00,17764,17764,17764,4,0
2021-12-13 15:03:00,17764,17764,17764,2,0
2021-12-13 15:03:13,17764,17764,17764,2,0
2021-12-13 15:03:14,17764,17764,17764,2,0
2021-12-13 15:03:14,17764,17764,17764,2,0
2021-12-13 15:03:14,17764,17764,17764,2,0
2021-12-13 15:03:14,17764,17764,17764,14,0
2021-12-13 15:03:14,17765,17765,17765,4,4
2021-12-13 15:03:14,17765,17765,17765,4,0
2021-12-13 15:03:15,17765,17765,17765,2,0
2021-12-13 15:03:15,17765,17765,17765,2,0
2021-12-13 15:03:15,17763,17763,17763,2,-2
2021-12-13 15:03:16,17765,17765,17765,2,2
2021-12-13 15:03:16,17765,17765,17765,2,0
2021-12-13 15:03:18,17765,17765,17765,4,0
2021-12-13 15:03:23,17763,17763,17763,2,-2
2021-12-13 15:03:39,17763,17763,17763,2,0
2021-12-13 15:03:39,17763,17763,17763,4,0
2021-12-13 15:03:39,17763,17763,17763,10,0
2021-12-13 15:03:39,17763,17763,17763,2,0
2021-12-13 15:03:39,17763,17763,17763,2,0
2021-12-13 15:03:39,17763,17763,17763,2,0
2021-12-13 15:03:39,17763,17763,17763,2,0
2021-12-13 15:03:39,17763,17763,17763,2,0
2021-12-13 15:03:43,17763,17763,17763,2,0
2021-12-13 15:03:44,17762,17762,17762,2,-2
2021-12-13 15:03:44,17762,17762,17762,4,0
2021-12-13 15:03:44,17762,17762,17762,2,0
2021-12-13 15:03:44,17762,17762,17762,4,0
2021-12-13 15:03:46,17762,17762,17762,2,0
2021-12-13 15:03:47,17763,17763,17763,2,2
2021-12-13 15:03:48,17763,17763,17763,4,0
2021-12-13 15:03:53,17762,17762,17762,4,-4
2021-12-13 15:04:00,17762,17762,17762,2,0
2021-12-13 15:04:00,17761,17761,17761,2,-2
2021-12-13 15:04:00,17761,17761,17761,2,0
2021-12-13 15:04:00,17761,17761,17761,2,0
2021-12-13 15:04:00,17761,17761,17761,2,0
2021-12-13 15:04:02,17763,17763,17763,2,2
2021-12-13 15:04:02,17763,17763,17763,2,0
2021-12-13 15:04:04,17761,17761,17761,2,-2
2021-12-13 15:04:05,17762,17762,17762,8,8
2021-12-13 15:04:05,17763,17763,17763,4,4
2021-12-13 15:04:05,17764,17764,17764,16,16
2021-12-13 15:04:05,17764,17764,17764,2,0
2021-12-13 15:04:06,17762,17762,17762,2,-2
2021-12-13 15:04:06,17761,17761,17761,2,-2
2021-12-13 15:04:08,17762,17762,17762,2,2
2021-12-13 15:04:10,17762,17762,17762,2,0
2021-12-13 15:04:10,17761,17761,17761,2,-2
2021-12-13 15:04:14,17763,17763,17763,6,6
2021-12-13 15:04:16,17761,17761,17761,2,-2
2021-12-13 15:04:16,17761,17761,17761,2,0
2021-12-13 15:04:17,17761,17761,17761,2,0
2021-12-13 15:04:18,17762,17762,17762,2,2
2021-12-13 15:04:24,17761,17761,17761,2,-2
2021-12-13 15:04:31,17762,17762,17762,2,2
2021-12-13 15:04:36,17761,17761,17761,2,-2
2021-12-13 15:04:39,17761,17761,17761,2,0
2021-12-13 15:04:40,17761,17761,17761,2,0
2021-12-13 15:04:42,17761,17761,17761,2,0
2021-12-13 15:04:49,17761,17761,17761,2,0
2021-12-13 15:04:49,17761,17761,17761,2,0
2021-12-13 15:04:53,17762,17762,17762,2,2
2021-12-13 15:04:53,17762,17762,17762,2,0
2021-12-13 15:04:53,17762,17762,17762,2,0
2021-12-13 15:04:53,17762,17762,17762,2,0
2021-12-13 15:04:53,17762,17762,17762,2,0
2021-12-13 15:04:53,17762,17762,17762,2,0
2021-12-13 15:04:54,17762,17762,17762,2,0
2021-12-13 15:04:56,17763,17763,17763,2,2
2021-12-13 15:04:56,17763,17763,17763,6,0
2021-12-13 15:04:56,17763,17763,17763,2,0
2021-12-13 15:04:56,17763,17763,17763,10,0
2021-12-13 15:04:59,17762,17762,17762,2,-2
2021-12-13 15:05:02,17762,17762,17762,2,0
2021-12-13 15:05:06,17762,17762,17762,2,0
2021-12-13 15:05:10,17762,17762,17762,2,0
2021-12-13 15:05:11,17762,17762,17762,2,0
2021-12-13 15:05:12,17763,17763,17763,6,6
2021-12-13 15:05:12,17764,17764,17764,8,8
2021-12-13 15:05:12,17764,17764,17764,8,0
2021-12-13 15:05:15,17765,17765,17765,2,2
2021-12-13 15:05:15,17765,17765,17765,6,0
2021-12-13 15:05:15,17765,17765,17765,24,0
2021-12-13 15:05:15,17765,17765,17765,2,0
2021-12-13 15:05:15,17766,17766,17766,18,18
2021-12-13 15:05:15,17766,17766,17766,2,0
2021-12-13 15:05:15,17766,17766,17766,4,0
2021-12-13 15:05:15,17766,17766,17766,28,0
2021-12-13 15:05:15,17767,17767,17767,2,2
2021-12-13 15:05:15,17766,17766,17766,2,-2
2021-12-13 15:05:15,17765,17765,17765,2,-2
2021-12-13 15:05:17,17764,17764,17764,2,-2
2021-12-13 15:05:17,17764,17764,17764,2,0
2021-12-13 15:05:17,17764,17764,17764,2,0
2021-12-13 15:05:17,17764,17764,17764,2,0
2021-12-13 15:05:17,17763,17763,17763,2,-2
2021-12-13 15:05:17,17763,17763,17763,2,0
2021-12-13 15:05:17,17763,17763,17763,2,0
2021-12-13 15:05:17,17763,17763,17763,2,0
2021-12-13 15:05:17,17763,17763,17763,2,0
2021-12-13 15:05:17,17762,17762,17762,2,-2
2021-12-13 15:05:17,17762,17762,17762,2,0
2021-12-13 15:05:17,17762,17762,17762,2,0
2021-12-13 15:05:17,17762,17762,17762,2,0
2021-12-13 15:05:17,17762,17762,17762,2,0
2021-12-13 15:05:17,17762,17762,17762,6,0
2021-12-13 15:05:17,17762,17762,17762,2,0
2021-12-13 15:05:17,17762,17762,17762,2,0
2021-12-13 15:05:17,17762,17762,17762,4,0
2021-12-13 15:05:17,17762,17762,17762,2,0
2021-12-13 15:05:17,17762,17762,17762,2,0
2021-12-13 15:05:17,17762,17762,17762,2,0
2021-12-13 15:05:17,17762,17762,17762,2,0
2021-12-13 15:05:18,17763,17763,17763,2,2
2021-12-13 15:05:21,17763,17763,17763,2,0
2021-12-13 15:05:22,17762,17762,17762,2,-2
2021-12-13 15:05:22,17762,17762,17762,2,0
2021-12-13 15:05:22,17761,17761,17761,2,-2
2021-12-13 15:05:22,17761,17761,17761,2,0
2021-12-13 15:05:22,17761,17761,17761,2,0
2021-12-13 15:05:22,17761,17761,17761,2,0
2021-12-13 15:05:22,17761,17761,17761,2,0
2021-12-13 15:05:22,17761,17761,17761,2,0
2021-12-13 15:05:22,17761,17761,17761,2,0
2021-12-13 15:05:22,17761,17761,17761,2,0
2021-12-13 15:05:22,17761,17761,17761,2,0
2021-12-13 15:05:22,17760,17760,17760,2,-2
2021-12-13 15:05:22,17760,17760,17760,4,0
2021-12-13 15:05:22,17760,17760,17760,2,0
2021-12-13 15:05:22,17760,17760,17760,2,0
2021-12-13 15:05:22,17760,17760,17760,2,0
2021-12-13 15:05:22,17760,17760,17760,2,0
2021-12-13 15:05:22,17760,17760,17760,10,0
2021-12-13 15:05:32,17761,17761,17761,2,2
2021-12-13 15:05:41,17762,17762,17762,2,2
2021-12-13 15:05:45,17763,17763,17763,2,2
2021-12-13 15:05:48,17763,17763,17763,2,0
2021-12-13 15:05:48,17762,17762,17762,2,-2
2021-12-13 15:05:48,17763,17763,17763,2,2
2021-12-13 15:05:50,17764,17764,17764,2,2
2021-12-13 15:05:50,17764,17764,17764,2,0
2021-12-13 15:05:50,17764,17764,17764,2,0
2021-12-13 15:05:51,17764,17764,17764,2,0
2021-12-13 15:05:52,17764,17764,17764,2,0
2021-12-13 15:05:54,17765,17765,17765,6,6
2021-12-13 15:05:54,17766,17766,17766,12,12
2021-12-13 15:05:54,17767,17767,17767,8,8
2021-12-13 15:05:54,17766,17766,17766,12,-12
2021-12-13 15:05:54,17767,17767,17767,8,8
2021-12-13 15:05:56,17765,17765,17765,2,-2
2021-12-13 15:05:56,17766,17766,17766,2,2
2021-12-13 15:05:58,17765,17765,17765,2,-2
2021-12-13 15:06:00,17766,17766,17766,2,2
2021-12-13 15:06:00,17767,17767,17767,2,2
2021-12-13 15:06:01,17767,17767,17767,8,0
2021-12-13 15:06:01,17768,17768,17768,2,2
2021-12-13 15:06:01,17766,17766,17766,2,-2
2021-12-13 15:06:01,17768,17768,17768,2,2
2021-12-13 15:06:01,17768,17768,17768,2,0
2021-12-13 15:06:01,17768,17768,17768,2,0
2021-12-13 15:06:02,17767,17767,17767,2,-2
2021-12-13 15:06:02,17768,17768,17768,2,2
2021-12-13 15:06:02,17767,17767,17767,2,-2
2021-12-13 15:06:09,17766,17766,17766,4,-4
2021-12-13 15:06:13,17766,17766,17766,2,0
2021-12-13 15:06:14,17766,17766,17766,2,0
2021-12-13 15:06:17,17765,17765,17765,2,-2
2021-12-13 15:06:17,17765,17765,17765,2,0
2021-12-13 15:06:17,17766,17766,17766,2,2
2021-12-13 15:06:26,17765,17765,17765,2,-2
2021-12-13 15:06:26,17766,17766,17766,2,2
2021-12-13 15:06:26,17764,17764,17764,2,-2
2021-12-13 15:06:31,17765,17765,17765,2,2
2021-12-13 15:06:31,17765,17765,17765,2,0
2021-12-13 15:06:32,17765,17765,17765,2,0
2021-12-13 15:06:35,17764,17764,17764,2,-2
2021-12-13 15:06:44,17765,17765,17765,4,4
2021-12-13 15:06:48,17765,17765,17765,2,0
2021-12-13 15:06:53,17764,17764,17764,2,-2
2021-12-13 15:06:56,17764,17764,17764,2,0
2021-12-13 15:06:59,17764,17764,17764,2,0
2021-12-13 15:07:01,17765,17765,17765,2,2
2021-12-13 15:07:01,17764,17764,17764,2,-2
2021-12-13 15:07:01,17765,17765,17765,4,4
2021-12-13 15:07:01,17765,17765,17765,2,0
2021-12-13 15:07:01,17766,17766,17766,2,2
2021-12-13 15:07:01,17766,17766,17766,2,0
2021-12-13 15:07:01,17766,17766,17766,6,0
2021-12-13 15:07:01,17766,17766,17766,2,0
2021-12-13 15:07:01,17766,17766,17766,2,0
2021-12-13 15:07:01,17766,17766,17766,2,0
2021-12-13 15:07:01,17766,17766,17766,2,0
2021-12-13 15:07:02,17765,17765,17765,2,-2
2021-12-13 15:07:02,17766,17766,17766,2,2
2021-12-13 15:07:02,17764,17764,17764,2,-2
2021-12-13 15:07:02,17764,17764,17764,2,0
2021-12-13 15:07:02,17764,17764,17764,2,0
2021-12-13 15:07:02,17764,17764,17764,2,0
2021-12-13 15:07:02,17764,17764,17764,2,0
2021-12-13 15:07:02,17764,17764,17764,2,0
2021-12-13 15:07:02,17764,17764,17764,2,0
2021-12-13 15:07:02,17764,17764,17764,2,0
2021-12-13 15:07:02,17765,17765,17765,2,2
2021-12-13 15:07:09,17764,17764,17764,2,-2
2021-12-13 15:07:10,17763,17763,17763,2,-2
2021-12-13 15:07:10,17763,17763,17763,2,0
2021-12-13 15:07:10,17763,17763,17763,2,0
2021-12-13 15:07:10,17763,17763,17763,2,0
2021-12-13 15:07:10,17762,17762,17762,2,-2
2021-12-13 15:07:10,17762,17762,17762,2,0
2021-12-13 15:07:10,17762,17762,17762,2,0
2021-12-13 15:07:10,17762,17762,17762,2,0
2021-12-13 15:07:10,17762,17762,17762,2,0
2021-12-13 15:07:10,17762,17762,17762,2,0
2021-12-13 15:07:10,17761,17761,17761,2,-2
2021-12-13 15:07:10,17761,17761,17761,2,0
2021-12-13 15:07:10,17761,17761,17761,2,0
2021-12-13 15:07:10,17761,17761,17761,2,0
2021-12-13 15:07:14,17764,17764,17764,2,2
2021-12-13 15:07:18,17765,17765,17765,2,2
2021-12-13 15:07:18,17765,17765,17765,2,0
2021-12-13 15:07:22,17764,17764,17764,2,-2
2021-12-13 15:07:22,17764,17764,17764,2,0
2021-12-13 15:07:22,17764,17764,17764,2,0
2021-12-13 15:07:22,17764,17764,17764,2,0
2021-12-13 15:07:22,17763,17763,17763,2,-2
2021-12-13 15:07:22,17763,17763,17763,2,0
2021-12-13 15:07:22,17763,17763,17763,2,0
2021-12-13 15:07:28,17764,17764,17764,2,2
2021-12-13 15:07:33,17763,17763,17763,2,-2
2021-12-13 15:07:33,17762,17762,17762,2,-2
2021-12-13 15:07:33,17762,17762,17762,2,0
2021-12-13 15:07:33,17762,17762,17762,2,0
2021-12-13 15:07:33,17761,17761,17761,2,-2
2021-12-13 15:08:00,17762,17762,17762,6,6
2021-12-13 15:08:00,17762,17762,17762,4,0
2021-12-13 15:08:09,17762,17762,17762,10,0
2021-12-13 15:08:09,17762,17762,17762,2,0
2021-12-13 15:08:17,17763,17763,17763,2,2
2021-12-13 15:08:17,17763,17763,17763,2,0
2021-12-13 15:08:18,17763,17763,17763,2,0
2021-12-13 15:08:18,17764,17764,17764,4,4
2021-12-13 15:08:20,17764,17764,17764,2,0
2021-12-13 15:08:22,17765,17765,17765,4,4
2021-12-13 15:08:31,17765,17765,17765,6,0
2021-12-13 15:08:46,17763,17763,17763,2,-2
2021-12-13 15:08:46,17763,17763,17763,2,0
2021-12-13 15:08:46,17763,17763,17763,2,0
2021-12-13 15:08:46,17763,17763,17763,2,0
2021-12-13 15:09:02,17763,17763,17763,2,0
2021-12-13 15:09:02,17762,17762,17762,2,-2
2021-12-13 15:09:03,17762,17762,17762,8,0
2021-12-13 15:09:03,17762,17762,17762,12,0
2021-12-13 15:09:03,17762,17762,17762,4,0
2021-12-13 15:09:03,17762,17762,17762,4,0
2021-12-13 15:09:03,17762,17762,17762,2,0
2021-12-13 15:09:03,17762,17762,17762,2,0
2021-12-13 15:09:03,17762,17762,17762,2,0
2021-12-13 15:09:03,17762,17762,17762,2,0
2021-12-13 15:09:04,17762,17762,17762,2,0
2021-12-13 15:09:09,17762,17762,17762,2,0
2021-12-13 15:09:09,17761,17761,17761,2,-2
2021-12-13 15:09:11,17762,17762,17762,2,2
2021-12-13 15:09:11,17762,17762,17762,2,0
2021-12-13 15:09:12,17761,17761,17761,2,-2
2021-12-13 15:09:12,17761,17761,17761,2,0
2021-12-13 15:09:12,17761,17761,17761,10,0
2021-12-13 15:09:12,17761,17761,17761,2,0
2021-12-13 15:09:12,17761,17761,17761,2,0
2021-12-13 15:09:12,17761,17761,17761,2,0
2021-12-13 15:09:12,17761,17761,17761,2,0
2021-12-13 15:09:12,17761,17761,17761,2,0
2021-12-13 15:09:12,17761,17761,17761,2,0
2021-12-13 15:09:12,17761,17761,17761,2,0
2021-12-13 15:09:12,17761,17761,17761,4,0
2021-12-13 15:09:12,17761,17761,17761,2,0
2021-12-13 15:09:12,17761,17761,17761,2,0
2021-12-13 15:09:12,17761,17761,17761,4,0
2021-12-13 15:09:12,17761,17761,17761,2,0
2021-12-13 15:09:12,17762,17762,17762,2,2
2021-12-13 15:09:12,17760,17760,17760,4,-4
2021-12-13 15:09:12,17761,17761,17761,6,6
2021-12-13 15:09:12,17762,17762,17762,18,18
2021-12-13 15:09:12,17762,17762,17762,26,0
2021-12-13 15:09:17,17761,17761,17761,4,-4
2021-12-13 15:09:17,17761,17761,17761,2,0
2021-12-13 15:09:18,17761,17761,17761,2,0
2021-12-13 15:09:19,17761,17761,17761,8,0
2021-12-13 15:09:19,17761,17761,17761,2,0
2021-12-13 15:09:32,17761,17761,17761,2,0
2021-12-13 15:09:34,17761,17761,17761,2,0
2021-12-13 15:09:38,17761,17761,17761,2,0
2021-12-13 15:09:43,17761,17761,17761,2,0
2021-12-13 15:09:47,17761,17761,17761,4,0
2021-12-13 15:09:58,17761,17761,17761,2,0
2021-12-13 15:10:00,17760,17760,17760,2,-2
2021-12-13 15:10:00,17760,17760,17760,4,0
2021-12-13 15:10:00,17760,17760,17760,2,0
2021-12-13 15:10:00,17760,17760,17760,2,0
2021-12-13 15:10:00,17760,17760,17760,2,0
2021-12-13 15:10:00,17760,17760,17760,4,0
2021-12-13 15:10:00,17760,17760,17760,2,0
2021-12-13 15:10:00,17760,17760,17760,4,0
2021-12-13 15:10:00,17760,17760,17760,2,0
2021-12-13 15:10:00,17760,17760,17760,2,0
2021-12-13 15:10:00,17760,17760,17760,2,0
2021-12-13 15:10:00,17760,17760,17760,2,0
2021-12-13 15:10:00,17759,17759,17759,10,-10
2021-12-13 15:10:01,17759,17759,17759,2,0
2021-12-13 15:10:01,17758,17758,17758,2,-2
2021-12-13 15:10:01,17758,17758,17758,2,0
2021-12-13 15:10:01,17758,17758,17758,2,0
2021-12-13 15:10:01,17758,17758,17758,2,0
2021-12-13 15:10:04,17757,17757,17757,2,-2
2021-12-13 15:10:04,17757,17757,17757,18,0
2021-12-13 15:10:04,17757,17757,17757,2,0
2021-12-13 15:10:04,17758,17758,17758,2,2
2021-12-13 15:10:04,17758,17758,17758,14,0
2021-12-13 15:10:07,17759,17759,17759,2,2
2021-12-13 15:10:09,17757,17757,17757,2,-2
2021-12-13 15:10:15,17756,17756,17756,2,-2
2021-12-13 15:10:15,17756,17756,17756,2,0
2021-12-13 15:10:16,17756,17756,17756,2,0
2021-12-13 15:10:16,17756,17756,17756,2,0
2021-12-13 15:10:16,17756,17756,17756,2,0
2021-12-13 15:10:16,17756,17756,17756,2,0
2021-12-13 15:10:18,17756,17756,17756,2,0
2021-12-13 15:10:18,17755,17755,17755,2,-2
2021-12-13 15:10:18,17755,17755,17755,2,0
2021-12-13 15:10:18,17755,17755,17755,2,0
2021-12-13 15:10:18,17754,17754,17754,2,-2
2021-12-13 15:10:19,17754,17754,17754,2,0
2021-12-13 15:10:19,17754,17754,17754,2,0
2021-12-13 15:10:19,17754,17754,17754,2,0
2021-12-13 15:10:20,17754,17754,17754,2,0
2021-12-13 15:10:24,17754,17754,17754,2,0
2021-12-13 15:10:24,17754,17754,17754,2,0
2021-12-13 15:10:25,17755,17755,17755,4,4
2021-12-13 15:10:29,17754,17754,17754,2,-2
2021-12-13 15:10:29,17754,17754,17754,2,0
2021-12-13 15:10:30,17754,17754,17754,4,0
2021-12-13 15:10:30,17754,17754,17754,2,0
2021-12-13 15:10:31,17754,17754,17754,4,0
2021-12-13 15:10:31,17754,17754,17754,2,0
2021-12-13 15:10:31,17754,17754,17754,2,0
2021-12-13 15:10:34,17754,17754,17754,2,0
2021-12-13 15:10:35,17754,17754,17754,4,0
2021-12-13 15:10:35,17754,17754,17754,6,0
2021-12-13 15:10:35,17754,17754,17754,2,0
2021-12-13 15:10:35,17754,17754,17754,2,0
2021-12-13 15:10:35,17754,17754,17754,2,0
2021-12-13 15:10:35,17754,17754,17754,2,0
2021-12-13 15:10:38,17754,17754,17754,2,0
2021-12-13 15:10:38,17754,17754,17754,2,0
2021-12-13 15:10:39,17755,17755,17755,2,2
2021-12-13 15:10:44,17754,17754,17754,2,-2
2021-12-13 15:10:45,17754,17754,17754,2,0
2021-12-13 15:10:47,17753,17753,17753,4,-4
2021-12-13 15:10:47,17753,17753,17753,2,0
2021-12-13 15:10:47,17754,17754,17754,2,2
2021-12-13 15:10:49,17753,17753,17753,2,-2
2021-12-13 15:10:49,17754,17754,17754,2,2
2021-12-13 15:10:51,17753,17753,17753,2,-2
2021-12-13 15:10:51,17753,17753,17753,2,0
2021-12-13 15:10:51,17753,17753,17753,2,0
2021-12-13 15:10:51,17754,17754,17754,2,2
2021-12-13 15:10:55,17753,17753,17753,8,-8
2021-12-13 15:10:56,17753,17753,17753,2,0
2021-12-13 15:10:57,17753,17753,17753,2,0
2021-12-13 15:10:58,17754,17754,17754,6,6
2021-12-13 15:10:59,17753,17753,17753,2,-2
2021-12-13 15:10:59,17753,17753,17753,2,0
2021-12-13 15:11:00,17753,17753,17753,2,0
2021-12-13 15:11:08,17753,17753,17753,2,0
2021-12-13 15:11:09,17754,17754,17754,2,2
2021-12-13 15:11:09,17754,17754,17754,14,0
2021-12-13 15:11:10,17754,17754,17754,2,0
2021-12-13 15:11:11,17755,17755,17755,2,2
2021-12-13 15:11:11,17755,17755,17755,2,0
2021-12-13 15:11:11,17755,17755,17755,2,0
2021-12-13 15:11:11,17755,17755,17755,2,0
2021-12-13 15:11:11,17755,17755,17755,2,0
2021-12-13 15:11:11,17755,17755,17755,18,0
2021-12-13 15:11:11,17756,17756,17756,2,2
2021-12-13 15:11:11,17756,17756,17756,2,0
2021-12-13 15:11:11,17756,17756,17756,2,0
2021-12-13 15:11:14,17755,17755,17755,2,-2
2021-12-13 15:11:15,17755,17755,17755,2,0
2021-12-13 15:11:17,17756,17756,17756,2,2
2021-12-13 15:11:19,17755,17755,17755,2,-2
2021-12-13 15:11:19,17755,17755,17755,8,0
2021-12-13 15:11:20,17756,17756,17756,2,2
2021-12-13 15:11:20,17756,17756,17756,4,0
2021-12-13 15:11:24,17756,17756,17756,2,0
2021-12-13 15:11:25,17756,17756,17756,2,0
2021-12-13 15:11:25,17756,17756,17756,2,0
2021-12-13 15:11:27,17755,17755,17755,2,-2
2021-12-13 15:11:29,17755,17755,17755,2,0
2021-12-13 15:11:34,17754,17754,17754,2,-2
2021-12-13 15:11:40,17754,17754,17754,2,0
2021-12-13 15:11:42,17754,17754,17754,2,0
2021-12-13 15:11:42,17755,17755,17755,4,4
2021-12-13 15:11:42,17755,17755,17755,2,0
2021-12-13 15:11:42,17755,17755,17755,2,0
2021-12-13 15:11:42,17755,17755,17755,2,0
2021-12-13 15:11:43,17755,17755,17755,2,0
2021-12-13 15:11:43,17755,17755,17755,2,0
2021-12-13 15:11:44,17754,17754,17754,2,-2
2021-12-13 15:11:45,17754,17754,17754,2,0
2021-12-13 15:11:45,17754,17754,17754,2,0
2021-12-13 15:11:47,17755,17755,17755,2,2
2021-12-13 15:11:47,17756,17756,17756,2,2
2021-12-13 15:11:58,17754,17754,17754,2,-2
2021-12-13 15:11:59,17753,17753,17753,2,-2
2021-12-13 15:11:59,17753,17753,17753,2,0
2021-12-13 15:11:59,17754,17754,17754,4,4
2021-12-13 15:11:59,17754,17754,17754,2,0
2021-12-13 15:12:07,17753,17753,17753,2,-2
2021-12-13 15:12:07,17753,17753,17753,2,0
2021-12-13 15:12:09,17754,17754,17754,2,2
2021-12-13 15:12:09,17754,17754,17754,2,0
2021-12-13 15:12:10,17754,17754,17754,2,0
2021-12-13 15:12:19,17754,17754,17754,2,0
2021-12-13 15:12:20,17754,17754,17754,2,0
2021-12-13 15:12:20,17754,17754,17754,2,0
2021-12-13 15:12:20,17754,17754,17754,2,0
2021-12-13 15:12:34,17755,17755,17755,8,8
2021-12-13 15:12:40,17756,17756,17756,2,2
2021-12-13 15:12:41,17756,17756,17756,2,0
2021-12-13 15:12:45,17756,17756,17756,2,0
2021-12-13 15:12:45,17757,17757,17757,2,2
2021-12-13 15:12:48,17756,17756,17756,2,-2
2021-12-13 15:12:48,17755,17755,17755,2,-2
2021-12-13 15:12:50,17756,17756,17756,2,2
2021-12-13 15:12:51,17756,17756,17756,2,0
2021-12-13 15:12:52,17756,17756,17756,2,0
2021-12-13 15:13:00,17756,17756,17756,2,0
2021-12-13 15:13:04,17756,17756,17756,2,0
2021-12-13 15:13:12,17757,17757,17757,10,10
2021-12-13 15:13:15,17757,17757,17757,2,0
2021-12-13 15:13:16,17757,17757,17757,2,0
2021-12-13 15:13:16,17756,17756,17756,2,-2
2021-12-13 15:13:26,17756,17756,17756,2,0
2021-12-13 15:13:30,17755,17755,17755,2,-2
2021-12-13 15:13:31,17756,17756,17756,2,2
2021-12-13 15:13:32,17755,17755,17755,2,-2
2021-12-13 15:13:36,17756,17756,17756,2,2
2021-12-13 15:13:37,17755,17755,17755,2,-2
2021-12-13 15:13:37,17755,17755,17755,2,0
2021-12-13 15:13:37,17755,17755,17755,2,0
2021-12-13 15:13:37,17755,17755,17755,2,0
2021-12-13 15:13:46,17755,17755,17755,2,0
2021-12-13 15:13:57,17754,17754,17754,2,-2
2021-12-13 15:13:57,17754,17754,17754,2,0
2021-12-13 15:14:03,17754,17754,17754,2,0
2021-12-13 15:14:04,17754,17754,17754,2,0
2021-12-13 15:14:04,17754,17754,17754,2,0
2021-12-13 15:14:06,17754,17754,17754,2,0
2021-12-13 15:14:09,17754,17754,17754,2,0
2021-12-13 15:14:13,17754,17754,17754,2,0
2021-12-13 15:14:13,17754,17754,17754,6,0
2021-12-13 15:14:14,17753,17753,17753,4,-4
2021-12-13 15:14:21,17753,17753,17753,4,0
2021-12-13 15:14:25,17753,17753,17753,2,0
2021-12-13 15:14:32,17754,17754,17754,2,2
2021-12-13 15:14:34,17755,17755,17755,22,22
2021-12-13 15:14:36,17755,17755,17755,2,0
2021-12-13 15:14:37,17756,17756,17756,2,2
2021-12-13 15:14:37,17756,17756,17756,2,0
2021-12-13 15:14:37,17756,17756,17756,2,0
2021-12-13 15:14:37,17756,17756,17756,6,0
2021-12-13 15:14:37,17757,17757,17757,2,2
2021-12-13 15:14:37,17757,17757,17757,6,0
2021-12-13 15:14:37,17758,17758,17758,14,14
2021-12-13 15:14:43,17758,17758,17758,14,0
2021-12-13 15:14:43,17757,17757,17757,2,-2
2021-12-13 15:14:47,17756,17756,17756,2,-2
2021-12-13 15:14:47,17756,17756,17756,2,0
2021-12-13 15:15:00,17756,17756,17756,2,0
2021-12-13 15:15:11,17757,17757,17757,2,2
2021-12-13 15:15:12,17756,17756,17756,2,-2
2021-12-13 15:15:12,17755,17755,17755,2,-2
2021-12-13 15:15:12,17755,17755,17755,2,0
2021-12-13 15:15:12,17755,17755,17755,2,0
2021-12-13 15:15:12,17755,17755,17755,4,0
2021-12-13 15:15:15,17756,17756,17756,6,6
2021-12-13 15:15:15,17757,17757,17757,2,2
2021-12-13 15:15:15,17756,17756,17756,2,-2
2021-12-13 15:15:17,17757,17757,17757,8,8
2021-12-13 15:15:23,17756,17756,17756,2,-2
2021-12-13 15:15:26,17756,17756,17756,2,0
2021-12-13 15:15:26,17756,17756,17756,2,0
2021-12-13 15:15:26,17756,17756,17756,2,0
2021-12-13 15:15:28,17756,17756,17756,2,0
2021-12-13 15:15:36,17755,17755,17755,2,-2
2021-12-13 15:15:36,17755,17755,17755,6,0
2021-12-13 15:15:36,17755,17755,17755,2,0
2021-12-13 15:15:36,17755,17755,17755,2,0
2021-12-13 15:15:36,17754,17754,17754,2,-2
2021-12-13 15:15:36,17754,17754,17754,2,0
2021-12-13 15:15:44,17754,17754,17754,2,0
2021-12-13 15:15:44,17754,17754,17754,2,0
2021-12-13 15:15:47,17756,17756,17756,4,4
2021-12-13 15:15:50,17756,17756,17756,2,0
2021-12-13 15:15:52,17755,17755,17755,2,-2
2021-12-13 15:16:00,17755,17755,17755,2,0
2021-12-13 15:16:01,17756,17756,17756,4,4
2021-12-13 15:16:01,17756,17756,17756,16,0
2021-12-13 15:16:01,17757,17757,17757,2,2
2021-12-13 15:16:03,17757,17757,17757,10,0
2021-12-13 15:16:03,17758,17758,17758,2,2
2021-12-13 15:16:03,17758,17758,17758,10,0
2021-12-13 15:16:03,17758,17758,17758,4,0
2021-12-13 15:16:04,17759,17759,17759,4,4
2021-12-13 15:16:04,17760,17760,17760,14,14
2021-12-13 15:16:04,17760,17760,17760,10,0
2021-12-13 15:16:04,17761,17761,17761,2,2
2021-12-13 15:16:09,17760,17760,17760,2,-2
2021-12-13 15:16:10,17760,17760,17760,2,0
2021-12-13 15:16:10,17761,17761,17761,2,2
2021-12-13 15:16:10,17761,17761,17761,6,0
2021-12-13 15:16:10,17762,17762,17762,2,2
2021-12-13 15:16:11,17762,17762,17762,2,0
2021-12-13 15:16:11,17762,17762,17762,2,0
2021-12-13 15:16:11,17762,17762,17762,14,0
2021-12-13 15:16:11,17762,17762,17762,42,0
2021-12-13 15:16:11,17763,17763,17763,2,2
2021-12-13 15:16:11,17763,17763,17763,4,0
2021-12-13 15:16:11,17763,17763,17763,2,0
2021-12-13 15:16:11,17763,17763,17763,4,0
2021-12-13 15:16:12,17763,17763,17763,2,0
2021-12-13 15:16:14,17764,17764,17764,2,2
2021-12-13 15:16:14,17764,17764,17764,2,0
2021-12-13 15:16:14,17764,17764,17764,4,0
2021-12-13 15:16:15,17764,17764,17764,2,0
2021-12-13 15:16:16,17764,17764,17764,4,0
2021-12-13 15:16:17,17764,17764,17764,2,0
2021-12-13 15:16:17,17764,17764,17764,2,0
2021-12-13 15:16:17,17765,17765,17765,2,2
2021-12-13 15:16:17,17765,17765,17765,2,0
2021-12-13 15:16:17,17765,17765,17765,2,0
2021-12-13 15:16:17,17765,17765,17765,2,0
2021-12-13 15:16:17,17765,17765,17765,2,0
2021-12-13 15:16:17,17765,17765,17765,2,0
2021-12-13 15:16:18,17765,17765,17765,10,0
2021-12-13 15:16:18,17766,17766,17766,2,2
2021-12-13 15:16:18,17765,17765,17765,2,-2
2021-12-13 15:16:18,17765,17765,17765,2,0
2021-12-13 15:16:18,17766,17766,17766,12,12
2021-12-13 15:16:18,17766,17766,17766,12,0
2021-12-13 15:16:18,17766,17766,17766,20,0
2021-12-13 15:16:18,17767,17767,17767,2,2
2021-12-13 15:16:19,17767,17767,17767,2,0
2021-12-13 15:16:19,17765,17765,17765,2,-2
2021-12-13 15:16:19,17765,17765,17765,2,0
2021-12-13 15:16:19,17765,17765,17765,2,0
2021-12-13 15:16:22,17766,17766,17766,2,2
2021-12-13 15:16:22,17766,17766,17766,2,0
2021-12-13 15:16:23,17766,17766,17766,2,0
2021-12-13 15:16:23,17767,17767,17767,2,2
2021-12-13 15:16:25,17766,17766,17766,2,-2
2021-12-13 15:16:27,17766,17766,17766,2,0
2021-12-13 15:16:30,17765,17765,17765,2,-2
2021-12-13 15:16:30,17766,17766,17766,2,2
2021-12-13 15:16:30,17766,17766,17766,2,0
2021-12-13 15:16:30,17766,17766,17766,2,0
2021-12-13 15:16:30,17766,17766,17766,2,0
2021-12-13 15:16:32,17766,17766,17766,4,0
2021-12-13 15:16:32,17767,17767,17767,2,2
2021-12-13 15:16:34,17767,17767,17767,2,0
2021-12-13 15:16:35,17767,17767,17767,4,0
2021-12-13 15:16:35,17766,17766,17766,2,-2
2021-12-13 15:16:35,17767,17767,17767,2,2
2021-12-13 15:16:36,17766,17766,17766,2,-2
2021-12-13 15:16:39,17766,17766,17766,8,0
2021-12-13 15:16:39,17767,17767,17767,8,8
2021-12-13 15:16:40,17767,17767,17767,4,0
2021-12-13 15:16:41,17767,17767,17767,4,0
2021-12-13 15:16:41,17767,17767,17767,4,0
2021-12-13 15:16:41,17767,17767,17767,2,0
2021-12-13 15:16:42,17768,17768,17768,4,4
2021-12-13 15:16:42,17768,17768,17768,2,0
2021-12-13 15:16:42,17768,17768,17768,2,0
2021-12-13 15:16:45,17768,17768,17768,2,0
2021-12-13 15:16:45,17768,17768,17768,2,0
2021-12-13 15:16:45,17768,17768,17768,2,0
2021-12-13 15:16:45,17768,17768,17768,4,0
2021-12-13 15:16:45,17768,17768,17768,2,0
2021-12-13 15:16:47,17768,17768,17768,2,0
2021-12-13 15:16:48,17768,17768,17768,2,0
2021-12-13 15:16:48,17768,17768,17768,2,0
2021-12-13 15:16:48,17768,17768,17768,2,0
2021-12-13 15:16:49,17767,17767,17767,4,-4
2021-12-13 15:16:49,17768,17768,17768,2,2
2021-12-13 15:16:50,17768,17768,17768,2,0
2021-12-13 15:16:51,17768,17768,17768,2,0
2021-12-13 15:16:51,17768,17768,17768,2,0
2021-12-13 15:16:52,17768,17768,17768,2,0
2021-12-13 15:16:52,17768,17768,17768,2,0
2021-12-13 15:16:53,17768,17768,17768,2,0
2021-12-13 15:16:54,17767,17767,17767,2,-2
2021-12-13 15:16:55,17768,17768,17768,2,2
2021-12-13 15:16:55,17768,17768,17768,2,0
2021-12-13 15:16:56,17768,17768,17768,2,0
2021-12-13 15:16:56,17768,17768,17768,2,0
2021-12-13 15:16:57,17768,17768,17768,2,0
2021-12-13 15:16:57,17768,17768,17768,2,0
2021-12-13 15:16:58,17768,17768,17768,2,0
2021-12-13 15:17:00,17769,17769,17769,4,4
2021-12-13 15:17:00,17768,17768,17768,6,-6
2021-12-13 15:17:00,17769,17769,17769,4,4
2021-12-13 15:17:02,17768,17768,17768,4,-4
2021-12-13 15:17:02,17769,17769,17769,2,2
2021-12-13 15:17:02,17769,17769,17769,2,0
2021-12-13 15:17:02,17769,17769,17769,2,0
2021-12-13 15:17:03,17768,17768,17768,2,-2
2021-12-13 15:17:03,17769,17769,17769,4,4
2021-12-13 15:17:03,17769,17769,17769,2,0
2021-12-13 15:17:03,17769,17769,17769,2,0
2021-12-13 15:17:04,17769,17769,17769,2,0
2021-12-13 15:17:05,17769,17769,17769,2,0
2021-12-13 15:17:06,17769,17769,17769,4,0
2021-12-13 15:17:08,17769,17769,17769,4,0
2021-12-13 15:17:09,17769,17769,17769,2,0
2021-12-13 15:17:10,17768,17768,17768,2,-2
2021-12-13 15:17:11,17769,17769,17769,2,2
2021-12-13 15:17:12,17769,17769,17769,2,0
2021-12-13 15:17:13,17769,17769,17769,2,0
2021-12-13 15:17:14,17769,17769,17769,2,0
2021-12-13 15:17:16,17768,17768,17768,2,-2
2021-12-13 15:17:16,17768,17768,17768,2,0
2021-12-13 15:17:16,17768,17768,17768,2,0
2021-12-13 15:17:16,17768,17768,17768,2,0
2021-12-13 15:17:17,17767,17767,17767,2,-2
2021-12-13 15:17:26,17767,17767,17767,2,0
2021-12-13 15:17:27,17767,17767,17767,8,0
2021-12-13 15:17:27,17766,17766,17766,2,-2
2021-12-13 15:17:27,17766,17766,17766,2,0
2021-12-13 15:17:31,17767,17767,17767,4,4
2021-12-13 15:17:35,17767,17767,17767,2,0
2021-12-13 15:17:37,17767,17767,17767,4,0
2021-12-13 15:17:37,17767,17767,17767,2,0
2021-12-13 15:17:37,17767,17767,17767,2,0
2021-12-13 15:17:37,17767,17767,17767,2,0
2021-12-13 15:17:37,17766,17766,17766,2,-2
2021-12-13 15:17:45,17766,17766,17766,2,0
2021-12-13 15:17:49,17766,17766,17766,2,0
2021-12-13 15:17:53,17766,17766,17766,10,0
2021-12-13 15:17:55,17767,17767,17767,2,2
2021-12-13 15:17:58,17766,17766,17766,2,-2
2021-12-13 15:18:00,17766,17766,17766,4,0
2021-12-13 15:18:00,17766,17766,17766,2,0
2021-12-13 15:18:01,17766,17766,17766,2,0
2021-12-13 15:18:01,17766,17766,17766,2,0
2021-12-13 15:18:02,17767,17767,17767,2,2
2021-12-13 15:18:02,17767,17767,17767,2,0
2021-12-13 15:18:02,17768,17768,17768,2,2
2021-12-13 15:18:02,17768,17768,17768,2,0
2021-12-13 15:18:03,17767,17767,17767,2,-2
2021-12-13 15:18:03,17767,17767,17767,2,0
2021-12-13 15:18:03,17766,17766,17766,2,-2
2021-12-13 15:18:10,17768,17768,17768,2,2
2021-12-13 15:18:13,17767,17767,17767,2,-2
2021-12-13 15:18:13,17766,17766,17766,2,-2
2021-12-13 15:18:14,17766,17766,17766,2,0
2021-12-13 15:18:16,17767,17767,17767,2,2
2021-12-13 15:18:24,17768,17768,17768,2,2
2021-12-13 15:18:44,17767,17767,17767,2,-2
2021-12-13 15:18:44,17767,17767,17767,6,0
2021-12-13 15:18:45,17768,17768,17768,2,2
2021-12-13 15:18:45,17767,17767,17767,2,-2
2021-12-13 15:18:49,17768,17768,17768,2,2
2021-12-13 15:18:52,17768,17768,17768,2,0
2021-12-13 15:18:56,17768,17768,17768,10,0
2021-12-13 15:19:01,17767,17767,17767,2,-2
2021-12-13 15:19:03,17768,17768,17768,2,2
2021-12-13 15:19:03,17767,17767,17767,2,-2
2021-12-13 15:19:03,17767,17767,17767,2,0
2021-12-13 15:19:03,17767,17767,17767,2,0
2021-12-13 15:19:03,17767,17767,17767,2,0
2021-12-13 15:19:03,17767,17767,17767,2,0
2021-12-13 15:19:03,17767,17767,17767,6,0
2021-12-13 15:19:03,17767,17767,17767,2,0
2021-12-13 15:19:03,17767,17767,17767,2,0
2021-12-13 15:19:03,17767,17767,17767,2,0
2021-12-13 15:19:03,17767,17767,17767,2,0
2021-12-13 15:19:03,17767,17767,17767,2,0
2021-12-13 15:19:03,17766,17766,17766,2,-2
2021-12-13 15:19:11,17767,17767,17767,2,2
2021-12-13 15:19:16,17767,17767,17767,2,0
2021-12-13 15:19:16,17767,17767,17767,4,0
2021-12-13 15:19:16,17767,17767,17767,12,0
2021-12-13 15:19:16,17767,17767,17767,2,0
2021-12-13 15:19:16,17766,17766,17766,26,-26
2021-12-13 15:19:16,17766,17766,17766,2,0
2021-12-13 15:19:16,17766,17766,17766,14,0
2021-12-13 15:19:16,17766,17766,17766,2,0
2021-12-13 15:19:16,17766,17766,17766,2,0
2021-12-13 15:19:16,17766,17766,17766,2,0
2021-12-13 15:19:16,17766,17766,17766,2,0
2021-12-13 15:19:16,17766,17766,17766,4,0
2021-12-13 15:19:21,17766,17766,17766,2,0
2021-12-13 15:19:31,17767,17767,17767,2,2
2021-12-13 15:19:35,17767,17767,17767,6,0
2021-12-13 15:19:49,17767,17767,17767,2,0
2021-12-13 15:19:52,17767,17767,17767,2,0
2021-12-13 15:19:52,17767,17767,17767,2,0
2021-12-13 15:19:54,17766,17766,17766,2,-2
2021-12-13 15:19:54,17766,17766,17766,2,0
2021-12-13 15:19:56,17766,17766,17766,4,0
2021-12-13 15:19:58,17766,17766,17766,2,0
2021-12-13 15:19:58,17766,17766,17766,2,0
2021-12-13 15:20:02,17766,17766,17766,2,0
2021-12-13 15:20:09,17766,17766,17766,2,0
2021-12-13 15:20:13,17766,17766,17766,2,0
2021-12-13 15:20:20,17766,17766,17766,2,0
2021-12-13 15:20:20,17765,17765,17765,2,-2
2021-12-13 15:20:20,17765,17765,17765,2,0
2021-12-13 15:20:25,17767,17767,17767,2,2
2021-12-13 15:20:28,17767,17767,17767,2,0
2021-12-13 15:20:30,17765,17765,17765,2,-2
2021-12-13 15:20:31,17766,17766,17766,2,2
2021-12-13 15:20:42,17765,17765,17765,2,-2
2021-12-13 15:20:45,17765,17765,17765,2,0
2021-12-13 15:20:46,17765,17765,17765,2,0
2021-12-13 15:20:51,17765,17765,17765,2,0
2021-12-13 15:20:53,17765,17765,17765,2,0
2021-12-13 15:20:54,17764,17764,17764,2,-2
2021-12-13 15:20:54,17764,17764,17764,2,0
2021-12-13 15:21:06,17764,17764,17764,2,0
2021-12-13 15:21:06,17765,17765,17765,2,2
2021-12-13 15:21:38,17765,17765,17765,2,0
2021-12-13 15:21:38,17765,17765,17765,2,0
2021-12-13 15:21:38,17765,17765,17765,2,0
2021-12-13 15:21:38,17765,17765,17765,2,0
2021-12-13 15:21:41,17765,17765,17765,2,0
2021-12-13 15:21:43,17765,17765,17765,2,0
2021-12-13 15:21:49,17764,17764,17764,6,-6
2021-12-13 15:21:50,17764,17764,17764,10,0
2021-12-13 15:21:50,17764,17764,17764,2,0
2021-12-13 15:21:53,17764,17764,17764,2,0
2021-12-13 15:22:01,17763,17763,17763,2,-2
2021-12-13 15:22:03,17763,17763,17763,2,0
2021-12-13 15:22:10,17763,17763,17763,2,0
2021-12-13 15:22:16,17764,17764,17764,2,2
2021-12-13 15:22:17,17765,17765,17765,4,4
2021-12-13 15:22:57,17765,17765,17765,4,0
2021-12-13 15:22:57,17765,17765,17765,8,0
2021-12-13 15:23:01,17765,17765,17765,2,0
2021-12-13 15:23:01,17766,17766,17766,4,4
2021-12-13 15:23:03,17765,17765,17765,2,-2
2021-12-13 15:23:08,17764,17764,17764,2,-2
2021-12-13 15:23:08,17764,17764,17764,2,0
2021-12-13 15:23:08,17764,17764,17764,2,0
2021-12-13 15:23:08,17764,17764,17764,2,0
2021-12-13 15:23:23,17764,17764,17764,2,0
2021-12-13 15:23:23,17764,17764,17764,2,0
2021-12-13 15:23:23,17763,17763,17763,4,-4
2021-12-13 15:23:23,17763,17763,17763,14,0
2021-12-13 15:23:23,17763,17763,17763,2,0
2021-12-13 15:23:23,17763,17763,17763,2,0
2021-12-13 15:23:23,17763,17763,17763,4,0
2021-12-13 15:23:23,17762,17762,17762,2,-2
2021-12-13 15:23:23,17762,17762,17762,20,0
2021-12-13 15:23:28,17762,17762,17762,2,0
2021-12-13 15:23:31,17762,17762,17762,2,0
2021-12-13 15:23:41,17761,17761,17761,2,-2
2021-12-13 15:23:41,17761,17761,17761,2,0
2021-12-13 15:23:41,17761,17761,17761,8,0
2021-12-13 15:23:42,17761,17761,17761,2,0
2021-12-13 15:23:42,17761,17761,17761,2,0
2021-12-13 15:23:42,17761,17761,17761,8,0
2021-12-13 15:23:42,17761,17761,17761,2,0
2021-12-13 15:23:42,17761,17761,17761,6,0
2021-12-13 15:23:42,17761,17761,17761,2,0
2021-12-13 15:23:42,17761,17761,17761,2,0
2021-12-13 15:24:01,17760,17760,17760,6,-6
2021-12-13 15:24:01,17760,17760,17760,2,0
2021-12-13 15:24:02,17760,17760,17760,2,0
2021-12-13 15:24:15,17760,17760,17760,2,0
2021-12-13 15:24:20,17760,17760,17760,2,0
2021-12-13 15:24:24,17760,17760,17760,2,0
2021-12-13 15:24:31,17760,17760,17760,2,0
2021-12-13 15:24:38,17760,17760,17760,2,0
2021-12-13 15:24:38,17760,17760,17760,2,0
2021-12-13 15:24:51,17760,17760,17760,2,0
2021-12-13 15:24:57,17760,17760,17760,2,0
2021-12-13 15:25:00,17761,17761,17761,2,2
2021-12-13 15:25:00,17761,17761,17761,8,0
2021-12-13 15:25:00,17761,17761,17761,2,0
2021-12-13 15:25:11,17761,17761,17761,2,0
2021-12-13 15:25:12,17761,17761,17761,2,0
2021-12-13 15:25:12,17762,17762,17762,10,10
2021-12-13 15:25:20,17762,17762,17762,2,0
2021-12-13 15:25:23,17761,17761,17761,2,-2
2021-12-13 15:25:23,17761,17761,17761,4,0
2021-12-13 15:25:23,17761,17761,17761,2,0
2021-12-13 15:25:33,17761,17761,17761,2,0
2021-12-13 15:25:56,17761,17761,17761,2,0
2021-12-13 15:25:56,17760,17760,17760,2,-2
2021-12-13 15:26:03,17761,17761,17761,2,2
2021-12-13 15:26:10,17760,17760,17760,4,-4
2021-12-13 15:26:17,17761,17761,17761,2,2
2021-12-13 15:26:26,17761,17761,17761,2,0
2021-12-13 15:27:03,17761,17761,17761,2,0
2021-12-13 15:27:03,17761,17761,17761,2,0
2021-12-13 15:27:14,17760,17760,17760,2,-2
2021-12-13 15:27:16,17761,17761,17761,2,2
2021-12-13 15:27:29,17761,17761,17761,2,0
2021-12-13 15:27:40,17760,17760,17760,2,-2
2021-12-13 15:27:47,17760,17760,17760,2,0
2021-12-13 15:27:52,17760,17760,17760,4,0
2021-12-13 15:27:52,17760,17760,17760,2,0
2021-12-13 15:27:53,17760,17760,17760,20,0
2021-12-13 15:27:53,17760,17760,17760,2,0
2021-12-13 15:27:53,17760,17760,17760,2,0
2021-12-13 15:27:53,17760,17760,17760,2,0
2021-12-13 15:27:53,17760,17760,17760,6,0
2021-12-13 15:27:53,17760,17760,17760,2,0
2021-12-13 15:27:53,17760,17760,17760,2,0
2021-12-13 15:27:53,17759,17759,17759,2,-2
2021-12-13 15:27:55,17760,17760,17760,16,16
2021-12-13 15:27:55,17761,17761,17761,36,36
2021-12-13 15:27:55,17761,17761,17761,8,0
2021-12-13 15:27:55,17761,17761,17761,2,0
2021-12-13 15:27:55,17761,17761,17761,2,0
2021-12-13 15:27:56,17760,17760,17760,2,-2
2021-12-13 15:27:56,17760,17760,17760,2,0
2021-12-13 15:27:56,17760,17760,17760,2,0
2021-12-13 15:27:56,17760,17760,17760,2,0
2021-12-13 15:27:56,17760,17760,17760,2,0
2021-12-13 15:27:56,17760,17760,17760,2,0
2021-12-13 15:27:56,17759,17759,17759,8,-8
2021-12-13 15:28:03,17760,17760,17760,2,2
2021-12-13 15:28:10,17760,17760,17760,2,0
2021-12-13 15:28:28,17760,17760,17760,2,0
2021-12-13 15:28:32,17760,17760,17760,2,0
2021-12-13 15:28:32,17760,17760,17760,2,0
2021-12-13 15:28:33,17761,17761,17761,2,2
2021-12-13 15:28:39,17761,17761,17761,2,0
2021-12-13 15:28:45,17761,17761,17761,2,0
2021-12-13 15:28:51,17761,17761,17761,2,0
2021-12-13 15:28:57,17761,17761,17761,2,0
2021-12-13 15:29:06,17761,17761,17761,2,0
2021-12-13 15:29:15,17761,17761,17761,2,0
2021-12-13 15:29:17,17760,17760,17760,2,-2
2021-12-13 15:29:25,17761,17761,17761,2,2
2021-12-13 15:29:26,17760,17760,17760,4,-4
2021-12-13 15:29:34,17760,17760,17760,4,0
2021-12-13 15:29:40,17760,17760,17760,2,0
2021-12-13 15:29:52,17761,17761,17761,2,2
2021-12-13 15:29:54,17761,17761,17761,2,0
2021-12-13 15:29:58,17760,17760,17760,2,-2
2021-12-13 15:30:00,17761,17761,17761,2,2
2021-12-13 15:30:00,17761,17761,17761,30,0
2021-12-13 15:30:00,17761,17761,17761,2,0
2021-12-13 15:30:01,17761,17761,17761,2,0
2021-12-13 15:30:02,17761,17761,17761,2,0
2021-12-13 15:30:02,17761,17761,17761,2,0
2021-12-13 15:30:02,17760,17760,17760,2,-2
2021-12-13 15:30:02,17760,17760,17760,2,0
2021-12-13 15:30:02,17761,17761,17761,2,2
2021-12-13 15:30:02,17761,17761,17761,2,0
2021-12-13 15:30:04,17761,17761,17761,4,0
2021-12-13 15:30:07,17762,17762,17762,2,2
2021-12-13 15:30:07,17762,17762,17762,10,0
2021-12-13 15:30:07,17763,17763,17763,10,10
2021-12-13 15:30:08,17761,17761,17761,2,-2
2021-12-13 15:30:09,17762,17762,17762,2,2
2021-12-13 15:30:09,17761,17761,17761,2,-2
2021-12-13 15:30:17,17761,17761,17761,2,0
2021-12-13 15:30:17,17761,17761,17761,2,0
2021-12-13 15:30:18,17761,17761,17761,20,0
2021-12-13 15:30:18,17761,17761,17761,2,0
2021-12-13 15:30:18,17760,17760,17760,32,-32
2021-12-13 15:30:18,17760,17760,17760,8,0
2021-12-13 15:30:18,17760,17760,17760,4,0
2021-12-13 15:30:18,17760,17760,17760,2,0
2021-12-13 15:30:18,17760,17760,17760,4,0
2021-12-13 15:30:18,17760,17760,17760,2,0
2021-12-13 15:30:18,17760,17760,17760,2,0
2021-12-13 15:30:18,17760,17760,17760,2,0
2021-12-13 15:30:20,17760,17760,17760,2,0
2021-12-13 15:30:20,17760,17760,17760,2,0
2021-12-13 15:30:20,17760,17760,17760,2,0
2021-12-13 15:30:22,17761,17761,17761,4,4
2021-12-13 15:30:26,17761,17761,17761,2,0
2021-12-13 15:30:34,17761,17761,17761,2,0
2021-12-13 15:30:41,17762,17762,17762,2,2
2021-12-13 15:30:56,17763,17763,17763,4,4
2021-12-13 15:31:04,17764,17764,17764,6,6
2021-12-13 15:31:13,17764,17764,17764,2,0
2021-12-13 15:31:13,17764,17764,17764,2,0
2021-12-13 15:31:20,17764,17764,17764,2,0
2021-12-13 15:31:21,17765,17765,17765,30,30
2021-12-13 15:31:21,17765,17765,17765,2,0
2021-12-13 15:31:21,17766,17766,17766,2,2
2021-12-13 15:31:21,17766,17766,17766,2,0
2021-12-13 15:31:21,17766,17766,17766,2,0
2021-12-13 15:31:21,17766,17766,17766,2,0
2021-12-13 15:31:21,17766,17766,17766,2,0
2021-12-13 15:31:21,17766,17766,17766,2,0
2021-12-13 15:31:21,17766,17766,17766,2,0
2021-12-13 15:31:21,17766,17766,17766,2,0
2021-12-13 15:31:21,17766,17766,17766,2,0
2021-12-13 15:31:30,17766,17766,17766,2,0
2021-12-13 15:31:33,17766,17766,17766,2,0
2021-12-13 15:31:33,17767,17767,17767,2,2
2021-12-13 15:31:33,17767,17767,17767,2,0
2021-12-13 15:31:37,17767,17767,17767,16,0
2021-12-13 15:31:42,17767,17767,17767,2,0
2021-12-13 15:31:43,17768,17768,17768,4,4
2021-12-13 15:31:43,17768,17768,17768,14,0
2021-12-13 15:31:49,17768,17768,17768,2,0
2021-12-13 15:31:52,17769,17769,17769,18,18
2021-12-13 15:31:52,17770,17770,17770,14,14
2021-12-13 15:31:52,17770,17770,17770,10,0
2021-12-13 15:31:52,17771,17771,17771,2,2
2021-12-13 15:31:52,17771,17771,17771,12,0
2021-12-13 15:31:52,17771,17771,17771,2,0
2021-12-13 15:31:52,17771,17771,17771,2,0
2021-12-13 15:31:52,17771,17771,17771,2,0
2021-12-13 15:31:52,17771,17771,17771,4,0
2021-12-13 15:31:53,17772,17772,17772,2,2
2021-12-13 15:31:59,17771,17771,17771,2,-2
2021-12-13 15:32:00,17772,17772,17772,4,4
2021-12-13 15:32:01,17772,17772,17772,2,0
2021-12-13 15:32:01,17771,17771,17771,2,-2
2021-12-13 15:32:02,17772,17772,17772,2,2
2021-12-13 15:32:02,17772,17772,17772,4,0
2021-12-13 15:32:02,17772,17772,17772,2,0
2021-12-13 15:32:03,17772,17772,17772,2,0
2021-12-13 15:32:04,17772,17772,17772,2,0
2021-12-13 15:32:06,17772,17772,17772,4,0
2021-12-13 15:32:06,17771,17771,17771,2,-2
2021-12-13 15:32:07,17772,17772,17772,4,4
2021-12-13 15:32:07,17772,17772,17772,2,0
2021-12-13 15:32:07,17772,17772,17772,2,0
2021-12-13 15:32:07,17771,17771,17771,2,-2
2021-12-13 15:32:08,17772,17772,17772,2,2
2021-12-13 15:32:10,17771,17771,17771,2,-2
2021-12-13 15:32:13,17772,17772,17772,2,2
2021-12-13 15:32:15,17772,17772,17772,2,0
2021-12-13 15:32:17,17771,17771,17771,4,-4
2021-12-13 15:32:18,17771,17771,17771,2,0
2021-12-13 15:32:18,17772,17772,17772,2,2
2021-12-13 15:32:19,17772,17772,17772,2,0
2021-12-13 15:32:21,17772,17772,17772,30,0
2021-12-13 15:32:21,17772,17772,17772,2,0
2021-12-13 15:32:21,17772,17772,17772,14,0
2021-12-13 15:32:21,17772,17772,17772,2,0
2021-12-13 15:32:21,17772,17772,17772,2,0
2021-12-13 15:32:21,17772,17772,17772,2,0
2021-12-13 15:32:21,17773,17773,17773,8,8
2021-12-13 15:32:21,17773,17773,17773,46,0
2021-12-13 15:32:21,17774,17774,17774,2,2
2021-12-13 15:32:21,17773,17773,17773,2,-2
2021-12-13 15:32:21,17774,17774,17774,2,2
2021-12-13 15:32:21,17774,17774,17774,2,0
2021-12-13 15:32:21,17774,17774,17774,2,0
2021-12-13 15:32:21,17774,17774,17774,2,0
2021-12-13 15:32:21,17774,17774,17774,2,0
2021-12-13 15:32:21,17774,17774,17774,2,0
2021-12-13 15:32:21,17774,17774,17774,2,0
2021-12-13 15:32:21,17774,17774,17774,2,0
2021-12-13 15:32:21,17774,17774,17774,2,0
2021-12-13 15:32:21,17774,17774,17774,2,0
2021-12-13 15:32:21,17774,17774,17774,4,0
2021-12-13 15:32:21,17774,17774,17774,2,0
2021-12-13 15:32:21,17774,17774,17774,2,0
2021-12-13 15:32:22,17774,17774,17774,8,0
2021-12-13 15:32:22,17774,17774,17774,2,0
2021-12-13 15:32:25,17775,17775,17775,4,4
2021-12-13 15:32:25,17775,17775,17775,4,0
2021-12-13 15:32:25,17775,17775,17775,10,0
2021-12-13 15:32:25,17775,17775,17775,2,0
2021-12-13 15:32:25,17775,17775,17775,2,0
2021-12-13 15:32:25,17775,17775,17775,2,0
2021-12-13 15:32:26,17775,17775,17775,4,0
2021-12-13 15:32:29,17775,17775,17775,4,0
2021-12-13 15:32:29,17775,17775,17775,4,0
2021-12-13 15:32:36,17775,17775,17775,2,0
2021-12-13 15:32:38,17775,17775,17775,2,0
2021-12-13 15:32:39,17775,17775,17775,2,0
2021-12-13 15:32:39,17774,17774,17774,2,-2
2021-12-13 15:32:39,17774,17774,17774,2,0
2021-12-13 15:32:42,17774,17774,17774,2,0
2021-12-13 15:32:42,17774,17774,17774,2,0
2021-12-13 15:32:43,17774,17774,17774,2,0
2021-12-13 15:32:45,17774,17774,17774,2,0
2021-12-13 15:32:46,17775,17775,17775,2,2
2021-12-13 15:32:46,17775,17775,17775,2,0
2021-12-13 15:32:46,17775,17775,17775,6,0
2021-12-13 15:32:46,17775,17775,17775,10,0
2021-12-13 15:32:46,17776,17776,17776,4,4
2021-12-13 15:32:46,17776,17776,17776,2,0
2021-12-13 15:32:50,17775,17775,17775,2,-2
2021-12-13 15:32:52,17776,17776,17776,2,2
2021-12-13 15:32:59,17776,17776,17776,2,0
2021-12-13 15:33:00,17776,17776,17776,4,0
2021-12-13 15:33:00,17776,17776,17776,20,0
2021-12-13 15:33:00,17776,17776,17776,2,0
2021-12-13 15:33:00,17776,17776,17776,2,0
2021-12-13 15:33:00,17775,17775,17775,2,-2
2021-12-13 15:33:00,17775,17775,17775,2,0
2021-12-13 15:33:00,17775,17775,17775,2,0
2021-12-13 15:33:00,17777,17777,17777,4,4
2021-12-13 15:33:02,17776,17776,17776,2,-2
2021-12-13 15:33:02,17776,17776,17776,2,0
2021-12-13 15:33:02,17776,17776,17776,2,0
2021-12-13 15:33:02,17776,17776,17776,2,0
2021-12-13 15:33:02,17777,17777,17777,2,2
2021-12-13 15:33:03,17777,17777,17777,2,0
2021-12-13 15:33:04,17777,17777,17777,2,0
2021-12-13 15:33:05,17777,17777,17777,2,0
2021-12-13 15:33:07,17777,17777,17777,2,0
2021-12-13 15:33:07,17777,17777,17777,10,0
2021-12-13 15:33:07,17777,17777,17777,2,0
2021-12-13 15:33:08,17777,17777,17777,2,0
2021-12-13 15:33:08,17777,17777,17777,2,0
2021-12-13 15:33:08,17777,17777,17777,2,0
2021-12-13 15:33:09,17777,17777,17777,2,0
2021-12-13 15:33:09,17777,17777,17777,2,0
2021-12-13 15:33:10,17777,17777,17777,2,0
2021-12-13 15:33:11,17778,17778,17778,4,4
2021-12-13 15:33:12,17777,17777,17777,2,-2
2021-12-13 15:33:15,17777,17777,17777,2,0
2021-12-13 15:33:16,17777,17777,17777,2,0
2021-12-13 15:33:17,17777,17777,17777,6,0
2021-12-13 15:33:17,17777,17777,17777,2,0
2021-12-13 15:33:18,17777,17777,17777,8,0
2021-12-13 15:33:20,17777,17777,17777,2,0
2021-12-13 15:33:21,17776,17776,17776,2,-2
2021-12-13 15:33:22,17777,17777,17777,2,2
2021-12-13 15:33:24,17777,17777,17777,2,0
2021-12-13 15:33:28,17776,17776,17776,2,-2
2021-12-13 15:33:31,17777,17777,17777,2,2
2021-12-13 15:33:36,17777,17777,17777,2,0
2021-12-13 15:33:36,17776,17776,17776,2,-2
2021-12-13 15:33:36,17777,17777,17777,2,2
2021-12-13 15:33:38,17777,17777,17777,6,0
2021-12-13 15:33:40,17777,17777,17777,2,0
2021-12-13 15:33:45,17777,17777,17777,2,0
2021-12-13 15:33:45,17777,17777,17777,2,0
2021-12-13 15:33:45,17776,17776,17776,2,-2
2021-12-13 15:33:45,17776,17776,17776,4,0
2021-12-13 15:33:45,17776,17776,17776,12,0
2021-12-13 15:33:45,17776,17776,17776,4,0
2021-12-13 15:33:45,17776,17776,17776,4,0
2021-12-13 15:33:50,17777,17777,17777,6,6
2021-12-13 15:33:51,17776,17776,17776,2,-2
2021-12-13 15:33:51,17777,17777,17777,2,2
2021-12-13 15:33:52,17777,17777,17777,18,0
2021-12-13 15:33:52,17776,17776,17776,2,-2
2021-12-13 15:33:55,17777,17777,17777,6,6
2021-12-13 15:33:55,17777,17777,17777,2,0
2021-12-13 15:33:55,17777,17777,17777,2,0
2021-12-13 15:33:55,17777,17777,17777,8,0
2021-12-13 15:33:55,17777,17777,17777,2,0
2021-12-13 15:33:59,17777,17777,17777,8,0
2021-12-13 15:33:59,17777,17777,17777,12,0
2021-12-13 15:34:00,17777,17777,17777,4,0
2021-12-13 15:34:00,17776,17776,17776,2,-2
2021-12-13 15:34:03,17777,17777,17777,2,2
2021-12-13 15:34:03,17778,17778,17778,4,4
2021-12-13 15:34:03,17778,17778,17778,2,0
2021-12-13 15:34:04,17778,17778,17778,2,0
2021-12-13 15:34:05,17778,17778,17778,28,0
2021-12-13 15:34:05,17777,17777,17777,2,-2
2021-12-13 15:34:05,17777,17777,17777,2,0
2021-12-13 15:34:05,17778,17778,17778,2,2
2021-12-13 15:34:07,17777,17777,17777,2,-2
2021-12-13 15:34:08,17777,17777,17777,4,0
2021-12-13 15:34:10,17776,17776,17776,4,-4
2021-12-13 15:34:10,17776,17776,17776,14,0
2021-12-13 15:34:10,17776,17776,17776,2,0
2021-12-13 15:34:10,17776,17776,17776,2,0
2021-12-13 15:34:10,17776,17776,17776,4,0
2021-12-13 15:34:10,17777,17777,17777,2,2
2021-12-13 15:34:10,17777,17777,17777,2,0
2021-12-13 15:34:12,17777,17777,17777,2,0
2021-12-13 15:34:12,17775,17775,17775,2,-2
2021-12-13 15:34:18,17775,17775,17775,2,0
2021-12-13 15:34:21,17776,17776,17776,4,4
2021-12-13 15:34:30,17777,17777,17777,2,2
2021-12-13 15:34:31,17776,17776,17776,2,-2
2021-12-13 15:34:44,17776,17776,17776,2,0
2021-12-13 15:34:46,17777,17777,17777,2,2
2021-12-13 15:34:49,17777,17777,17777,10,0
2021-12-13 15:34:58,17777,17777,17777,2,0
2021-12-13 15:35:02,17777,17777,17777,6,0
2021-12-13 15:35:04,17778,17778,17778,2,2
2021-12-13 15:35:06,17777,17777,17777,2,-2
2021-12-13 15:35:06,17777,17777,17777,20,0
2021-12-13 15:35:06,17777,17777,17777,2,0
2021-12-13 15:35:06,17777,17777,17777,2,0
2021-12-13 15:35:06,17776,17776,17776,2,-2
2021-12-13 15:35:06,17776,17776,17776,8,0
2021-12-13 15:35:06,17776,17776,17776,8,0
2021-12-13 15:35:06,17776,17776,17776,2,0
2021-12-13 15:35:06,17776,17776,17776,2,0
2021-12-13 15:35:09,17775,17775,17775,2,-2
2021-12-13 15:35:09,17775,17775,17775,2,0
2021-12-13 15:35:09,17775,17775,17775,20,0
2021-12-13 15:35:09,17775,17775,17775,2,0
2021-12-13 15:35:09,17775,17775,17775,2,0
2021-12-13 15:35:09,17775,17775,17775,2,0
2021-12-13 15:35:09,17774,17774,17774,6,-6
2021-12-13 15:35:09,17774,17774,17774,4,0
2021-12-13 15:35:11,17774,17774,17774,2,0
2021-12-13 15:35:12,17774,17774,17774,8,0
2021-12-13 15:35:12,17774,17774,17774,6,0
2021-12-13 15:35:18,17774,17774,17774,2,0
2021-12-13 15:35:19,17774,17774,17774,2,0
2021-12-13 15:35:19,17774,17774,17774,2,0
2021-12-13 15:35:50,17775,17775,17775,2,2
2021-12-13 15:35:50,17775,17775,17775,2,0
2021-12-13 15:35:50,17775,17775,17775,2,0
2021-12-13 15:35:50,17775,17775,17775,2,0
2021-12-13 15:35:50,17775,17775,17775,2,0
2021-12-13 15:35:51,17775,17775,17775,2,0
2021-12-13 15:35:54,17775,17775,17775,2,0
2021-12-13 15:36:00,17776,17776,17776,2,2
2021-12-13 15:36:00,17776,17776,17776,10,0
2021-12-13 15:36:01,17775,17775,17775,2,-2
2021-12-13 15:36:01,17776,17776,17776,12,12
2021-12-13 15:36:01,17776,17776,17776,2,0
2021-12-13 15:36:02,17777,17777,17777,2,2
2021-12-13 15:36:02,17776,17776,17776,2,-2
2021-12-13 15:36:06,17777,17777,17777,2,2
2021-12-13 15:36:07,17776,17776,17776,2,-2
2021-12-13 15:36:17,17778,17778,17778,2,2
2021-12-13 15:36:27,17778,17778,17778,2,0
2021-12-13 15:36:29,17778,17778,17778,2,0
2021-12-13 15:36:30,17776,17776,17776,2,-2
2021-12-13 15:36:30,17775,17775,17775,2,-2
2021-12-13 15:36:30,17776,17776,17776,2,2
2021-12-13 15:36:31,17775,17775,17775,4,-4
2021-12-13 15:36:31,17775,17775,17775,2,0
2021-12-13 15:36:31,17775,17775,17775,2,0
2021-12-13 15:36:32,17775,17775,17775,4,0
2021-12-13 15:36:32,17776,17776,17776,2,2
2021-12-13 15:36:37,17776,17776,17776,6,0
2021-12-13 15:36:37,17776,17776,17776,6,0
2021-12-13 15:36:42,17775,17775,17775,2,-2
2021-12-13 15:36:43,17776,17776,17776,6,6
2021-12-13 15:36:52,17776,17776,17776,2,0
2021-12-13 15:36:52,17776,17776,17776,8,0
2021-12-13 15:36:58,17777,17777,17777,2,2
2021-12-13 15:37:14,17777,17777,17777,2,0
2021-12-13 15:37:17,17777,17777,17777,2,0
2021-12-13 15:37:17,17778,17778,17778,2,2
2021-12-13 15:37:23,17777,17777,17777,2,-2
2021-12-13 15:37:31,17777,17777,17777,2,0
2021-12-13 15:37:31,17777,17777,17777,2,0
2021-12-13 15:37:33,17777,17777,17777,2,0
2021-12-13 15:37:36,17777,17777,17777,2,0
2021-12-13 15:37:38,17777,17777,17777,6,0
2021-12-13 15:37:40,17778,17778,17778,4,4
2021-12-13 15:37:43,17778,17778,17778,20,0
2021-12-13 15:37:45,17778,17778,17778,8,0
2021-12-13 15:37:45,17778,17778,17778,6,0
2021-12-13 15:37:46,17778,17778,17778,6,0
2021-12-13 15:37:55,17778,17778,17778,2,0
2021-12-13 15:38:01,17778,17778,17778,2,0
2021-12-13 15:38:01,17778,17778,17778,2,0
2021-12-13 15:38:01,17778,17778,17778,2,0
2021-12-13 15:38:04,17777,17777,17777,20,-20
2021-12-13 15:38:04,17777,17777,17777,2,0
2021-12-13 15:38:04,17777,17777,17777,2,0
2021-12-13 15:38:04,17776,17776,17776,2,-2
2021-12-13 15:38:04,17776,17776,17776,2,0
2021-12-13 15:38:04,17776,17776,17776,2,0
2021-12-13 15:38:07,17777,17777,17777,2,2
2021-12-13 15:38:09,17777,17777,17777,2,0
2021-12-13 15:38:14,17778,17778,17778,2,2
2021-12-13 15:38:14,17778,17778,17778,8,0
2021-12-13 15:38:15,17778,17778,17778,10,0
2021-12-13 15:38:15,17778,17778,17778,2,0
2021-12-13 15:38:15,17777,17777,17777,2,-2
2021-12-13 15:38:16,17778,17778,17778,2,2
2021-12-13 15:38:18,17778,17778,17778,2,0
2021-12-13 15:38:23,17778,17778,17778,4,0
2021-12-13 15:38:23,17778,17778,17778,14,0
2021-12-13 15:38:28,17778,17778,17778,2,0
2021-12-13 15:38:28,17778,17778,17778,18,0
2021-12-13 15:38:28,17777,17777,17777,2,-2
2021-12-13 15:38:28,17777,17777,17777,6,0
2021-12-13 15:38:28,17777,17777,17777,6,0
2021-12-13 15:38:34,17778,17778,17778,20,20
2021-12-13 15:38:37,17778,17778,17778,6,0
2021-12-13 15:38:41,17779,17779,17779,2,2
2021-12-13 15:38:41,17779,17779,17779,2,0
2021-12-13 15:38:50,17779,17779,17779,2,0
2021-12-13 15:38:55,17779,17779,17779,2,0
2021-12-13 15:39:00,17779,17779,17779,2,0
2021-12-13 15:39:02,17779,17779,17779,22,0
2021-12-13 15:39:02,17779,17779,17779,2,0
2021-12-13 15:39:02,17780,17780,17780,2,2
2021-12-13 15:39:02,17779,17779,17779,2,-2
2021-12-13 15:39:07,17780,17780,17780,4,4
2021-12-13 15:39:11,17780,17780,17780,2,0
2021-12-13 15:39:13,17779,17779,17779,2,-2
2021-12-13 15:39:18,17779,17779,17779,2,0
2021-12-13 15:39:19,17779,17779,17779,2,0
2021-12-13 15:39:19,17780,17780,17780,2,2
2021-12-13 15:39:23,17779,17779,17779,2,-2
2021-12-13 15:39:24,17780,17780,17780,2,2
2021-12-13 15:39:28,17779,17779,17779,2,-2
2021-12-13 15:39:31,17779,17779,17779,2,0
2021-12-13 15:39:31,17780,17780,17780,2,2
2021-12-13 15:39:38,17779,17779,17779,2,-2
2021-12-13 15:39:41,17780,17780,17780,2,2
2021-12-13 15:39:41,17780,17780,17780,2,0
2021-12-13 15:39:41,17780,17780,17780,2,0
2021-12-13 15:39:43,17780,17780,17780,2,0
2021-12-13 15:39:44,17780,17780,17780,4,0
2021-12-13 15:39:44,17780,17780,17780,4,0
2021-12-13 15:39:45,17780,17780,17780,4,0
2021-12-13 15:39:46,17780,17780,17780,2,0
2021-12-13 15:39:48,17780,17780,17780,2,0
2021-12-13 15:39:51,17780,17780,17780,2,0
2021-12-13 15:39:51,17780,17780,17780,2,0
2021-12-13 15:39:51,17780,17780,17780,2,0
2021-12-13 15:39:52,17780,17780,17780,2,0
2021-12-13 15:39:56,17780,17780,17780,2,0
2021-12-13 15:39:57,17780,17780,17780,2,0
2021-12-13 15:39:57,17780,17780,17780,20,0
2021-12-13 15:39:58,17780,17780,17780,2,0
2021-12-13 15:40:01,17781,17781,17781,4,4
2021-12-13 15:40:01,17780,17780,17780,2,-2
2021-12-13 15:40:01,17781,17781,17781,2,2
2021-12-13 15:40:01,17781,17781,17781,14,0
2021-12-13 15:40:01,17781,17781,17781,2,0
2021-12-13 15:40:03,17781,17781,17781,2,0
2021-12-13 15:40:09,17780,17780,17780,2,-2
2021-12-13 15:40:09,17780,17780,17780,2,0
2021-12-13 15:40:09,17780,17780,17780,2,0
2021-12-13 15:40:09,17780,17780,17780,2,0
2021-12-13 15:40:09,17780,17780,17780,2,0
2021-12-13 15:40:09,17780,17780,17780,2,0
2021-12-13 15:40:09,17780,17780,17780,2,0
2021-12-13 15:40:09,17780,17780,17780,2,0
2021-12-13 15:40:09,17780,17780,17780,2,0
2021-12-13 15:40:09,17780,17780,17780,2,0
2021-12-13 15:40:09,17780,17780,17780,2,0
2021-12-13 15:40:09,17780,17780,17780,2,0
2021-12-13 15:40:09,17780,17780,17780,2,0
2021-12-13 15:40:09,17780,17780,17780,4,0
2021-12-13 15:40:09,17780,17780,17780,2,0
2021-12-13 15:40:10,17781,17781,17781,2,2
2021-12-13 15:40:11,17781,17781,17781,2,0
2021-12-13 15:40:13,17779,17779,17779,2,-2
2021-12-13 15:40:15,17779,17779,17779,2,0
2021-12-13 15:40:15,17779,17779,17779,2,0
2021-12-13 15:40:15,17779,17779,17779,2,0
2021-12-13 15:40:15,17779,17779,17779,2,0
2021-12-13 15:40:19,17779,17779,17779,2,0
2021-12-13 15:40:21,17779,17779,17779,2,0
2021-12-13 15:40:31,17779,17779,17779,4,0
2021-12-13 15:40:31,17779,17779,17779,2,0
2021-12-13 15:40:37,17779,17779,17779,2,0
2021-12-13 15:40:39,17779,17779,17779,2,0
2021-12-13 15:40:59,17780,17780,17780,2,2
2021-12-13 15:41:10,17779,17779,17779,2,-2
2021-12-13 15:41:11,17779,17779,17779,2,0
2021-12-13 15:41:11,17779,17779,17779,2,0
2021-12-13 15:41:11,17779,17779,17779,2,0
2021-12-13 15:41:11,17779,17779,17779,2,0
2021-12-13 15:41:11,17779,17779,17779,2,0
2021-12-13 15:41:11,17779,17779,17779,2,0
2021-12-13 15:41:11,17779,17779,17779,2,0
2021-12-13 15:41:11,17778,17778,17778,2,-2
2021-12-13 15:41:11,17778,17778,17778,2,0
2021-12-13 15:41:11,17778,17778,17778,2,0
2021-12-13 15:41:11,17778,17778,17778,2,0
2021-12-13 15:41:11,17778,17778,17778,2,0
2021-12-13 15:41:11,17778,17778,17778,2,0
2021-12-13 15:41:11,17778,17778,17778,2,0
2021-12-13 15:41:11,17778,17778,17778,4,0
2021-12-13 15:41:11,17778,17778,17778,2,0
2021-12-13 15:41:11,17778,17778,17778,2,0
2021-12-13 15:41:11,17778,17778,17778,2,0
2021-12-13 15:41:11,17778,17778,17778,6,0
2021-12-13 15:41:11,17778,17778,17778,2,0
2021-12-13 15:41:11,17777,17777,17777,2,-2
2021-12-13 15:41:11,17777,17777,17777,2,0
2021-12-13 15:41:11,17777,17777,17777,2,0
2021-12-13 15:41:11,17777,17777,17777,2,0
2021-12-13 15:41:11,17777,17777,17777,2,0
2021-12-13 15:41:11,17777,17777,17777,2,0
2021-12-13 15:41:11,17777,17777,17777,2,0
2021-12-13 15:41:11,17776,17776,17776,2,-2
2021-12-13 15:41:15,17776,17776,17776,2,0
2021-12-13 15:41:19,17775,17775,17775,2,-2
2021-12-13 15:41:23,17775,17775,17775,2,0
2021-12-13 15:41:25,17775,17775,17775,2,0
2021-12-13 15:41:26,17776,17776,17776,4,4
2021-12-13 15:41:26,17776,17776,17776,2,0
2021-12-13 15:41:32,17776,17776,17776,4,0
2021-12-13 15:41:32,17776,17776,17776,2,0
2021-12-13 15:41:54,17777,17777,17777,2,2
2021-12-13 15:41:57,17777,17777,17777,10,0
2021-12-13 15:41:59,17777,17777,17777,2,0
2021-12-13 15:42:05,17778,17778,17778,8,8
2021-12-13 15:42:08,17778,17778,17778,2,0
2021-12-13 15:42:14,17778,17778,17778,2,0
2021-12-13 15:42:19,17778,17778,17778,8,0
2021-12-13 15:42:25,17777,17777,17777,4,-4
2021-12-13 15:42:52,17778,17778,17778,2,2
2021-12-13 15:42:56,17777,17777,17777,6,-6
2021-12-13 15:42:56,17777,17777,17777,2,0
2021-12-13 15:42:56,17777,17777,17777,2,0
2021-12-13 15:42:56,17777,17777,17777,2,0
2021-12-13 15:42:56,17777,17777,17777,2,0
2021-12-13 15:42:56,17777,17777,17777,2,0
2021-12-13 15:43:14,17777,17777,17777,2,0
2021-12-13 15:43:18,17777,17777,17777,4,0
2021-12-13 15:43:21,17776,17776,17776,2,-2
2021-12-13 15:43:21,17776,17776,17776,2,0
2021-12-13 15:43:21,17776,17776,17776,2,0
2021-12-13 15:43:21,17776,17776,17776,2,0
2021-12-13 15:43:22,17777,17777,17777,12,12
2021-12-13 15:43:22,17777,17777,17777,8,0
2021-12-13 15:43:23,17776,17776,17776,2,-2
2021-12-13 15:43:24,17777,17777,17777,2,2
2021-12-13 15:43:25,17776,17776,17776,4,-4
2021-12-13 15:43:25,17776,17776,17776,4,0
2021-12-13 15:43:25,17776,17776,17776,2,0
2021-12-13 15:43:25,17776,17776,17776,4,0
2021-12-13 15:43:25,17776,17776,17776,2,0
2021-12-13 15:43:30,17775,17775,17775,2,-2
2021-12-13 15:43:36,17775,17775,17775,2,0
2021-12-13 15:43:40,17775,17775,17775,4,0
2021-12-13 15:43:40,17775,17775,17775,10,0
2021-12-13 15:43:40,17775,17775,17775,2,0
2021-12-13 15:43:40,17775,17775,17775,2,0
2021-12-13 15:43:40,17775,17775,17775,2,0
2021-12-13 15:43:54,17774,17774,17774,2,-2
2021-12-13 15:43:54,17774,17774,17774,10,0
2021-12-13 15:43:54,17773,17773,17773,2,-2
2021-12-13 15:43:54,17773,17773,17773,2,0
2021-12-13 15:43:54,17773,17773,17773,2,0
2021-12-13 15:43:54,17773,17773,17773,2,0
2021-12-13 15:44:02,17773,17773,17773,2,0
2021-12-13 15:44:04,17773,17773,17773,2,0
2021-12-13 15:44:05,17773,17773,17773,2,0
2021-12-13 15:44:08,17773,17773,17773,4,0
2021-12-13 15:44:08,17772,17772,17772,2,-2
2021-12-13 15:44:08,17772,17772,17772,2,0
2021-12-13 15:44:08,17774,17774,17774,2,2
2021-12-13 15:44:18,17772,17772,17772,2,-2
2021-12-13 15:44:18,17772,17772,17772,2,0
2021-12-13 15:44:18,17772,17772,17772,4,0
2021-12-13 15:44:22,17772,17772,17772,2,0
2021-12-13 15:44:29,17772,17772,17772,4,0
2021-12-13 15:44:29,17772,17772,17772,2,0
2021-12-13 15:44:34,17772,17772,17772,2,0
2021-12-13 15:44:36,17774,17774,17774,20,20
2021-12-13 15:44:39,17773,17773,17773,2,-2
2021-12-13 15:44:39,17773,17773,17773,2,0
2021-12-13 15:44:39,17773,17773,17773,2,0
2021-12-13 15:45:02,17773,17773,17773,2,0
2021-12-13 15:45:02,17774,17774,17774,2,2
2021-12-13 15:45:02,17773,17773,17773,2,-2
2021-12-13 15:45:02,17773,17773,17773,2,0
2021-12-13 15:45:02,17773,17773,17773,2,0
2021-12-13 15:45:02,17773,17773,17773,2,0
2021-12-13 15:45:02,17773,17773,17773,2,0
2021-12-13 15:45:02,17772,17772,17772,4,-4
2021-12-13 15:45:02,17772,17772,17772,2,0
2021-12-13 15:45:02,17772,17772,17772,2,0
2021-12-13 15:45:12,17773,17773,17773,2,2
2021-12-13 15:45:12,17772,17772,17772,2,-2
2021-12-13 15:45:21,17773,17773,17773,2,2
2021-12-13 15:45:33,17772,17772,17772,2,-2
2021-12-13 15:45:33,17773,17773,17773,2,2
2021-12-13 15:45:49,17773,17773,17773,2,0
2021-12-13 15:45:51,17773,17773,17773,4,0
2021-12-13 15:45:59,17774,17774,17774,26,26
2021-12-13 15:45:59,17775,17775,17775,2,2
2021-12-13 15:45:59,17775,17775,17775,2,0
2021-12-13 15:46:00,17775,17775,17775,2,0
2021-12-13 15:46:00,17775,17775,17775,2,0
2021-12-13 15:46:00,17775,17775,17775,2,0
2021-12-13 15:46:00,17775,17775,17775,6,0
2021-12-13 15:46:12,17776,17776,17776,8,8
2021-12-13 15:46:12,17777,17777,17777,2,2
2021-12-13 15:46:16,17777,17777,17777,4,0
2021-12-13 15:46:16,17777,17777,17777,2,0
2021-12-13 15:46:16,17777,17777,17777,2,0
2021-12-13 15:46:16,17777,17777,17777,2,0
2021-12-13 15:46:16,17778,17778,17778,2,2
2021-12-13 15:46:16,17778,17778,17778,2,0
2021-12-13 15:46:16,17778,17778,17778,2,0
2021-12-13 15:46:16,17778,17778,17778,2,0
2021-12-13 15:46:16,17778,17778,17778,2,0
2021-12-13 15:46:16,17778,17778,17778,2,0
2021-12-13 15:46:16,17778,17778,17778,2,0
2021-12-13 15:46:17,17777,17777,17777,2,-2
2021-12-13 15:46:17,17779,17779,17779,2,2
2021-12-13 15:46:17,17779,17779,17779,2,0
2021-12-13 15:46:17,17779,17779,17779,2,0
2021-12-13 15:46:27,17777,17777,17777,2,-2
2021-12-13 15:46:43,17778,17778,17778,2,2
2021-12-13 15:46:43,17778,17778,17778,2,0
2021-12-13 15:46:43,17778,17778,17778,2,0
2021-12-13 15:46:43,17778,17778,17778,2,0
2021-12-13 15:46:43,17778,17778,17778,2,0
2021-12-13 15:46:43,17778,17778,17778,2,0
2021-12-13 15:46:44,17778,17778,17778,2,0
2021-12-13 15:46:44,17778,17778,17778,2,0
2021-12-13 15:46:44,17778,17778,17778,2,0
2021-12-13 15:46:44,17778,17778,17778,2,0
2021-12-13 15:46:44,17776,17776,17776,2,-2
2021-12-13 15:46:46,17776,17776,17776,2,0
2021-12-13 15:46:49,17777,17777,17777,2,2
2021-12-13 15:46:49,17777,17777,17777,2,0
2021-12-13 15:46:58,17776,17776,17776,2,-2
2021-12-13 15:46:58,17776,17776,17776,2,0
2021-12-13 15:47:37,17776,17776,17776,2,0
2021-12-13 15:47:37,17777,17777,17777,2,2
2021-12-13 15:47:45,17777,17777,17777,2,0
2021-12-13 15:47:48,17777,17777,17777,2,0
2021-12-13 15:47:53,17777,17777,17777,14,0
2021-12-13 15:47:58,17777,17777,17777,4,0
2021-12-13 15:48:08,17778,17778,17778,4,4
2021-12-13 15:48:09,17778,17778,17778,2,0
2021-12-13 15:48:12,17779,17779,17779,2,2
2021-12-13 15:48:12,17779,17779,17779,10,0
2021-12-13 15:48:12,17778,17778,17778,2,-2
2021-12-13 15:48:30,17779,17779,17779,4,4
2021-12-13 15:48:30,17780,17780,17780,2,2
2021-12-13 15:48:38,17780,17780,17780,4,0
2021-12-13 15:48:40,17779,17779,17779,2,-2
2021-12-13 15:48:47,17780,17780,17780,2,2
2021-12-13 15:48:49,17780,17780,17780,30,0
2021-12-13 15:48:49,17780,17780,17780,6,0
2021-12-13 15:48:51,17781,17781,17781,2,2
2021-12-13 15:48:51,17781,17781,17781,2,0
2021-12-13 15:48:54,17781,17781,17781,18,0
2021-12-13 15:48:54,17782,17782,17782,2,2
2021-12-13 15:48:55,17781,17781,17781,2,-2
2021-12-13 15:48:58,17780,17780,17780,2,-2
2021-12-13 15:48:59,17781,17781,17781,2,2
2021-12-13 15:49:00,17781,17781,17781,2,0
2021-12-13 15:49:01,17780,17780,17780,4,-4
2021-12-13 15:49:01,17780,17780,17780,2,0
2021-12-13 15:49:01,17782,17782,17782,4,4
2021-12-13 15:49:01,17782,17782,17782,2,0
2021-12-13 15:49:02,17782,17782,17782,2,0
2021-12-13 15:49:03,17782,17782,17782,2,0
2021-12-13 15:49:07,17781,17781,17781,2,-2
2021-12-13 15:49:07,17781,17781,17781,2,0
2021-12-13 15:49:10,17782,17782,17782,12,12
2021-12-13 15:49:10,17783,17783,17783,8,8
2021-12-13 15:49:11,17783,17783,17783,8,0
2021-12-13 15:49:21,17781,17781,17781,2,-2
2021-12-13 15:49:21,17781,17781,17781,2,0
2021-12-13 15:49:21,17781,17781,17781,10,0
2021-12-13 15:49:22,17781,17781,17781,2,0
2021-12-13 15:49:29,17781,17781,17781,2,0
2021-12-13 15:49:38,17781,17781,17781,4,0
2021-12-13 15:49:39,17781,17781,17781,6,0
2021-12-13 15:49:44,17782,17782,17782,2,2
2021-12-13 15:49:46,17780,17780,17780,2,-2
2021-12-13 15:49:46,17780,17780,17780,2,0
2021-12-13 15:49:46,17780,17780,17780,2,0
2021-12-13 15:49:46,17780,17780,17780,2,0
2021-12-13 15:49:46,17780,17780,17780,2,0
2021-12-13 15:49:46,17780,17780,17780,4,0
2021-12-13 15:49:46,17780,17780,17780,2,0
2021-12-13 15:49:46,17779,17779,17779,2,-2
2021-12-13 15:49:48,17779,17779,17779,2,0
2021-12-13 15:49:48,17779,17779,17779,2,0
2021-12-13 15:49:48,17779,17779,17779,4,0
2021-12-13 15:49:48,17778,17778,17778,2,-2
2021-12-13 15:49:51,17778,17778,17778,2,0
2021-12-13 15:49:53,17778,17778,17778,2,0
2021-12-13 15:50:32,17779,17779,17779,6,6
2021-12-13 15:50:32,17779,17779,17779,2,0
2021-12-13 15:50:32,17779,17779,17779,4,0
2021-12-13 15:50:32,17779,17779,17779,4,0
2021-12-13 15:50:32,17779,17779,17779,2,0
2021-12-13 15:50:32,17779,17779,17779,2,0
2021-12-13 15:50:39,17779,17779,17779,2,0
2021-12-13 15:50:43,17779,17779,17779,2,0
2021-12-13 15:50:46,17778,17778,17778,2,-2
2021-12-13 15:50:46,17778,17778,17778,2,0
2021-12-13 15:50:51,17779,17779,17779,2,2
2021-12-13 15:50:51,17779,17779,17779,2,0
2021-12-13 15:50:51,17779,17779,17779,2,0
2021-12-13 15:50:57,17780,17780,17780,6,6
2021-12-13 15:50:58,17781,17781,17781,4,4
2021-12-13 15:51:05,17781,17781,17781,2,0
2021-12-13 15:51:05,17782,17782,17782,6,6
2021-12-13 15:51:14,17783,17783,17783,2,2
2021-12-13 15:51:14,17783,17783,17783,2,0
2021-12-13 15:51:14,17783,17783,17783,2,0
2021-12-13 15:51:21,17781,17781,17781,2,-2
2021-12-13 15:51:21,17781,17781,17781,2,0
2021-12-13 15:51:21,17781,17781,17781,4,0
2021-12-13 15:51:21,17781,17781,17781,2,0
2021-12-13 15:51:21,17781,17781,17781,2,0
2021-12-13 15:51:21,17781,17781,17781,2,0
2021-12-13 15:51:21,17781,17781,17781,2,0
2021-12-13 15:51:21,17780,17780,17780,2,-2
2021-12-13 15:51:21,17780,17780,17780,4,0
2021-12-13 15:51:21,17780,17780,17780,2,0
2021-12-13 15:51:21,17782,17782,17782,2,2
2021-12-13 15:51:21,17782,17782,17782,2,0
2021-12-13 15:51:21,17782,17782,17782,2,0
2021-12-13 15:51:21,17782,17782,17782,2,0
2021-12-13 15:51:21,17782,17782,17782,2,0
2021-12-13 15:51:21,17783,17783,17783,2,2
2021-12-13 15:51:22,17780,17780,17780,2,-2
2021-12-13 15:51:22,17780,17780,17780,2,0
2021-12-13 15:51:22,17782,17782,17782,2,2
2021-12-13 15:51:22,17782,17782,17782,2,0
2021-12-13 15:51:22,17782,17782,17782,2,0
2021-12-13 15:51:22,17782,17782,17782,2,0
2021-12-13 15:51:22,17783,17783,17783,2,2
2021-12-13 15:51:22,17783,17783,17783,2,0
2021-12-13 15:51:22,17783,17783,17783,2,0
2021-12-13 15:51:22,17782,17782,17782,2,-2
2021-12-13 15:51:22,17783,17783,17783,2,2
2021-12-13 15:51:22,17783,17783,17783,2,0
2021-12-13 15:51:22,17783,17783,17783,2,0
2021-12-13 15:51:22,17783,17783,17783,2,0
2021-12-13 15:51:22,17783,17783,17783,2,0
2021-12-13 15:51:35,17782,17782,17782,2,-2
2021-12-13 15:51:49,17782,17782,17782,2,0
2021-12-13 15:51:49,17782,17782,17782,2,0
2021-12-13 15:51:52,17781,17781,17781,10,-10
2021-12-13 15:51:54,17781,17781,17781,4,0
2021-12-13 15:51:54,17781,17781,17781,4,0
2021-12-13 15:51:54,17780,17780,17780,2,-2
2021-12-13 15:52:16,17781,17781,17781,2,2
2021-12-13 15:52:18,17781,17781,17781,6,0
2021-12-13 15:52:40,17781,17781,17781,2,0
2021-12-13 15:52:40,17782,17782,17782,2,2
2021-12-13 15:53:11,17780,17780,17780,2,-2
2021-12-13 15:53:13,17781,17781,17781,2,2
2021-12-13 15:53:14,17781,17781,17781,2,0
2021-12-13 15:53:31,17781,17781,17781,2,0
2021-12-13 15:53:35,17780,17780,17780,2,-2
2021-12-13 15:53:42,17780,17780,17780,2,0
2021-12-13 15:53:46,17781,17781,17781,2,2
2021-12-13 15:53:46,17781,17781,17781,4,0
2021-12-13 15:53:46,17781,17781,17781,2,0
2021-12-13 15:53:48,17780,17780,17780,2,-2
2021-12-13 15:53:56,17780,17780,17780,2,0
2021-12-13 15:53:56,17780,17780,17780,4,0
2021-12-13 15:53:56,17780,17780,17780,20,0
2021-12-13 15:53:56,17780,17780,17780,2,0
2021-12-13 15:53:56,17780,17780,17780,4,0
2021-12-13 15:53:56,17780,17780,17780,2,0
2021-12-13 15:53:56,17779,17779,17779,2,-2
2021-12-13 15:53:56,17779,17779,17779,2,0
2021-12-13 15:53:58,17779,17779,17779,4,0
2021-12-13 15:53:58,17779,17779,17779,2,0
2021-12-13 15:54:16,17779,17779,17779,4,0
2021-12-13 15:54:16,17778,17778,17778,2,-2
2021-12-13 15:54:16,17779,17779,17779,8,8
2021-12-13 15:54:16,17779,17779,17779,2,0
2021-12-13 15:54:17,17780,17780,17780,2,2
2021-12-13 15:54:17,17780,17780,17780,4,0
2021-12-13 15:54:17,17780,17780,17780,2,0
2021-12-13 15:54:17,17779,17779,17779,2,-2
2021-12-13 15:54:17,17780,17780,17780,2,2
2021-12-13 15:54:17,17780,17780,17780,4,0
2021-12-13 15:54:17,17780,17780,17780,4,0
2021-12-13 15:54:18,17780,17780,17780,4,0
2021-12-13 15:54:32,17780,17780,17780,10,0
2021-12-13 15:54:49,17779,17779,17779,2,-2
2021-12-13 15:55:05,17778,17778,17778,2,-2
2021-12-13 15:55:06,17779,17779,17779,2,2
2021-12-13 15:55:06,17779,17779,17779,2,0
2021-12-13 15:55:06,17779,17779,17779,2,0
2021-12-13 15:55:06,17778,17778,17778,2,-2
2021-12-13 15:55:11,17778,17778,17778,2,0
2021-12-13 15:55:16,17778,17778,17778,2,0
2021-12-13 15:55:19,17778,17778,17778,8,0
2021-12-13 15:55:19,17778,17778,17778,22,0
2021-12-13 15:55:19,17778,17778,17778,4,0
2021-12-13 15:55:23,17777,17777,17777,2,-2
2021-12-13 15:55:23,17777,17777,17777,2,0
2021-12-13 15:55:23,17777,17777,17777,2,0
2021-12-13 15:55:23,17777,17777,17777,2,0
2021-12-13 15:55:23,17777,17777,17777,2,0
2021-12-13 15:55:23,17777,17777,17777,2,0
2021-12-13 15:55:23,17777,17777,17777,2,0
2021-12-13 15:55:23,17776,17776,17776,2,-2
2021-12-13 15:55:24,17776,17776,17776,2,0
2021-12-13 15:55:28,17776,17776,17776,2,0
2021-12-13 15:55:29,17776,17776,17776,2,0
2021-12-13 15:55:29,17776,17776,17776,2,0
2021-12-13 15:55:29,17776,17776,17776,2,0
2021-12-13 15:55:29,17775,17775,17775,2,-2
2021-12-13 15:55:29,17775,17775,17775,2,0
2021-12-13 15:55:29,17777,17777,17777,2,2
2021-12-13 15:55:29,17777,17777,17777,2,0
2021-12-13 15:55:50,17776,17776,17776,2,-2
2021-12-13 15:55:57,17776,17776,17776,2,0
2021-12-13 15:56:10,17776,17776,17776,2,0
2021-12-13 15:56:13,17776,17776,17776,2,0
2021-12-13 15:56:55,17776,17776,17776,2,0
2021-12-13 15:57:11,17775,17775,17775,2,-2
2021-12-13 15:57:11,17775,17775,17775,2,0
2021-12-13 15:57:16,17775,17775,17775,4,0
2021-12-13 15:57:16,17775,17775,17775,2,0
2021-12-13 15:57:16,17775,17775,17775,2,0
2021-12-13 15:57:17,17775,17775,17775,2,0
2021-12-13 15:57:19,17775,17775,17775,2,0
2021-12-13 15:57:42,17775,17775,17775,4,0
2021-12-13 15:57:42,17775,17775,17775,2,0
2021-12-13 15:57:42,17775,17775,17775,2,0
2021-12-13 15:57:42,17775,17775,17775,2,0
2021-12-13 15:57:42,17775,17775,17775,2,0
2021-12-13 15:57:42,17775,17775,17775,2,0
2021-12-13 15:57:42,17775,17775,17775,2,0
2021-12-13 15:57:42,17775,17775,17775,10,0
2021-12-13 15:57:53,17776,17776,17776,24,24
2021-12-13 15:58:00,17777,17777,17777,2,2
2021-12-13 15:58:00,17777,17777,17777,6,0
2021-12-13 15:58:10,17777,17777,17777,2,0
2021-12-13 15:58:19,17777,17777,17777,2,0
2021-12-13 15:58:29,17778,17778,17778,2,2
2021-12-13 15:58:30,17777,17777,17777,2,-2
2021-12-13 15:58:45,17778,17778,17778,2,2
2021-12-13 15:58:52,17778,17778,17778,2,0
2021-12-13 15:59:30,17779,17779,17779,10,10
2021-12-13 15:59:30,17780,17780,17780,2,2
2021-12-13 15:59:30,17780,17780,17780,4,0
2021-12-13 15:59:30,17780,17780,17780,2,0
2021-12-13 15:59:30,17780,17780,17780,4,0
2021-12-13 15:59:44,17780,17780,17780,2,0
2021-12-13 15:59:44,17780,17780,17780,2,0
2021-12-13 15:59:44,17780,17780,17780,2,0
2021-12-13 15:59:44,17780,17780,17780,2,0
2021-12-13 15:59:44,17780,17780,17780,2,0
2021-12-13 15:59:44,17780,17780,17780,2,0
2021-12-13 15:59:44,17780,17780,17780,2,0
2021-12-13 15:59:44,17780,17780,17780,2,0
2021-12-13 15:59:44,17780,17780,17780,2,0
2021-12-13 15:59:44,17780,17780,17780,2,0
2021-12-13 15:59:44,17780,17780,17780,2,0
2021-12-13 15:59:44,17780,17780,17780,2,0
2021-12-13 15:59:49,17778,17778,17778,4,-4
2021-12-13 15:59:49,17780,17780,17780,2,2
2021-12-13 15:59:49,17780,17780,17780,2,0
2021-12-13 15:59:49,17780,17780,17780,2,0
2021-12-13 15:59:49,17780,17780,17780,2,0
2021-12-13 15:59:49,17780,17780,17780,2,0
2021-12-13 15:59:50,17780,17780,17780,4,0
2021-12-13 15:59:50,17780,17780,17780,2,0
2021-12-13 15:59:51,17778,17778,17778,4,-4
2021-12-13 15:59:56,17779,17779,17779,2,2
2021-12-13 15:59:59,17778,17778,17778,6,-6
2021-12-13 15:59:59,17778,17778,17778,2,0
2021-12-13 15:59:59,17778,17778,17778,2,0
2021-12-13 15:59:59,17778,17778,17778,2,0
2021-12-13 15:59:59,17778,17778,17778,2,0
2021-12-13 15:59:59,17778,17778,17778,2,0
2021-12-13 15:59:59,17778,17778,17778,2,0
2021-12-13 15:59:59,17778,17778,17778,2,0
2021-12-13 15:59:59,17778,17778,17778,2,0
2021-12-13 16:00:01,17779,17779,17779,2,2
2021-12-13 16:00:01,17780,17780,17780,2,2
2021-12-13 16:00:01,17780,17780,17780,2,0
2021-12-13 16:00:01,17780,17780,17780,2,0
2021-12-13 16:00:01,17778,17778,17778,2,-2
2021-12-13 16:00:01,17778,17778,17778,2,0
2021-12-13 16:00:01,17778,17778,17778,2,0
2021-12-13 16:00:01,17780,17780,17780,2,2
2021-12-13 16:00:01,17781,17781,17781,2,2
2021-12-13 16:00:01,17779,17779,17779,2,-2
2021-12-13 16:00:01,17779,17779,17779,2,0
2021-12-13 16:00:02,17781,17781,17781,2,2
2021-12-13 16:00:07,17778,17778,17778,2,-2
2021-12-13 16:00:07,17778,17778,17778,2,0
2021-12-13 16:00:11,17777,17777,17777,2,-2
2021-12-13 16:00:11,17777,17777,17777,2,0
2021-12-13 16:00:11,17777,17777,17777,2,0
2021-12-13 16:00:11,17776,17776,17776,2,-2
2021-12-13 16:00:11,17776,17776,17776,2,0
2021-12-13 16:00:11,17776,17776,17776,2,0
2021-12-13 16:00:11,17776,17776,17776,2,0
2021-12-13 16:00:11,17777,17777,17777,2,2
2021-12-13 16:00:11,17777,17777,17777,2,0
2021-12-13 16:00:18,17775,17775,17775,2,-2
2021-12-13 16:00:18,17775,17775,17775,2,0
2021-12-13 16:00:18,17775,17775,17775,2,0
2021-12-13 16:00:18,17775,17775,17775,12,0
2021-12-13 16:00:18,17775,17775,17775,2,0
2021-12-13 16:00:19,17775,17775,17775,4,0
2021-12-13 16:00:20,17775,17775,17775,8,0
2021-12-13 16:00:20,17775,17775,17775,2,0
2021-12-13 16:00:20,17774,17774,17774,2,-2
2021-12-13 16:00:20,17774,17774,17774,2,0
2021-12-13 16:00:20,17774,17774,17774,2,0
2021-12-13 16:00:23,17775,17775,17775,2,2
2021-12-13 16:00:25,17774,17774,17774,4,-4
2021-12-13 16:00:25,17774,17774,17774,2,0
2021-12-13 16:00:25,17774,17774,17774,2,0
2021-12-13 16:00:27,17773,17773,17773,2,-2
2021-12-13 16:00:27,17773,17773,17773,2,0
2021-12-13 16:00:27,17773,17773,17773,2,0
2021-12-13 16:00:27,17773,17773,17773,2,0
2021-12-13 16:00:27,17773,17773,17773,2,0
2021-12-13 16:00:28,17775,17775,17775,4,4
2021-12-13 16:00:31,17776,17776,17776,2,2
2021-12-13 16:00:33,17775,17775,17775,2,-2
2021-12-13 16:00:37,17775,17775,17775,2,0
2021-12-13 16:00:50,17774,17774,17774,2,-2
2021-12-13 16:00:50,17774,17774,17774,2,0
2021-12-13 16:00:50,17774,17774,17774,2,0
2021-12-13 16:00:50,17774,17774,17774,4,0
2021-12-13 16:00:50,17774,17774,17774,2,0
2021-12-13 16:00:51,17773,17773,17773,2,-2
2021-12-13 16:00:51,17773,17773,17773,2,0
2021-12-13 16:00:51,17773,17773,17773,2,0
2021-12-13 16:00:51,17772,17772,17772,2,-2
2021-12-13 16:00:51,17772,17772,17772,2,0
2021-12-13 16:00:51,17772,17772,17772,2,0
2021-12-13 16:00:51,17772,17772,17772,2,0
2021-12-13 16:00:51,17772,17772,17772,2,0
2021-12-13 16:00:51,17772,17772,17772,2,0
2021-12-13 16:00:52,17772,17772,17772,4,0
2021-12-13 16:00:53,17771,17771,17771,2,-2
2021-12-13 16:00:56,17772,17772,17772,2,2
2021-12-13 16:00:56,17771,17771,17771,2,-2
2021-12-13 16:00:57,17771,17771,17771,2,0
2021-12-13 16:00:57,17771,17771,17771,2,0
2021-12-13 16:00:57,17772,17772,17772,2,2
2021-12-13 16:00:57,17771,17771,17771,2,-2
2021-12-13 16:00:57,17771,17771,17771,2,0
2021-12-13 16:00:57,17771,17771,17771,2,0
2021-12-13 16:00:57,17771,17771,17771,2,0
2021-12-13 16:01:01,17770,17770,17770,2,-2
2021-12-13 16:01:05,17770,17770,17770,2,0
2021-12-13 16:01:09,17771,17771,17771,4,4
2021-12-13 16:01:09,17771,17771,17771,2,0
2021-12-13 16:01:17,17771,17771,17771,2,0
2021-12-13 16:01:23,17771,17771,17771,6,0
2021-12-13 16:01:23,17771,17771,17771,2,0
2021-12-13 16:01:23,17771,17771,17771,2,0
2021-12-13 16:01:23,17771,17771,17771,2,0
2021-12-13 16:01:23,17771,17771,17771,2,0
2021-12-13 16:01:23,17770,17770,17770,2,-2
2021-12-13 16:01:23,17770,17770,17770,2,0
2021-12-13 16:01:30,17770,17770,17770,2,0
2021-12-13 16:01:31,17770,17770,17770,2,0
2021-12-13 16:01:31,17770,17770,17770,2,0
2021-12-13 16:01:31,17770,17770,17770,2,0
2021-12-13 16:01:48,17769,17769,17769,2,-2
2021-12-13 16:01:49,17769,17769,17769,2,0
2021-12-13 16:01:50,17768,17768,17768,2,-2
2021-12-13 16:01:53,17768,17768,17768,2,0
2021-12-13 16:01:53,17768,17768,17768,4,0
2021-12-13 16:01:53,17768,17768,17768,2,0
2021-12-13 16:01:53,17767,17767,17767,2,-2
2021-12-13 16:01:54,17768,17768,17768,4,4
2021-12-13 16:01:57,17767,17767,17767,2,-2
2021-12-13 16:02:00,17767,17767,17767,2,0
2021-12-13 16:02:00,17768,17768,17768,2,2
2021-12-13 16:02:01,17768,17768,17768,2,0
2021-12-13 16:02:01,17768,17768,17768,2,0
2021-12-13 16:02:03,17769,17769,17769,6,6
2021-12-13 16:02:03,17769,17769,17769,4,0
2021-12-13 16:02:06,17770,17770,17770,4,4
2021-12-13 16:02:08,17770,17770,17770,2,0
2021-12-13 16:02:10,17769,17769,17769,2,-2
2021-12-13 16:02:10,17769,17769,17769,2,0
2021-12-13 16:02:11,17770,17770,17770,2,2
2021-12-13 16:02:14,17770,17770,17770,2,0
2021-12-13 16:02:23,17769,17769,17769,2,-2
2021-12-13 16:02:31,17769,17769,17769,2,0
2021-12-13 16:02:31,17769,17769,17769,2,0
2021-12-13 16:02:39,17770,17770,17770,2,2
2021-12-13 16:02:50,17770,17770,17770,4,0
2021-12-13 16:02:54,17770,17770,17770,4,0
2021-12-13 16:02:57,17770,17770,17770,2,0
2021-12-13 16:03:04,17769,17769,17769,4,-4
2021-12-13 16:03:11,17770,17770,17770,2,2
2021-12-13 16:03:11,17770,17770,17770,2,0
2021-12-13 16:03:11,17770,17770,17770,2,0
2021-12-13 16:03:19,17770,17770,17770,2,0
2021-12-13 16:03:19,17769,17769,17769,2,-2
2021-12-13 16:03:19,17769,17769,17769,2,0
2021-12-13 16:03:23,17769,17769,17769,2,0
2021-12-13 16:03:24,17769,17769,17769,2,0
2021-12-13 16:03:24,17769,17769,17769,2,0
2021-12-13 16:03:31,17769,17769,17769,2,0
2021-12-13 16:03:35,17770,17770,17770,6,6
2021-12-13 16:03:39,17770,17770,17770,2,0
2021-12-13 16:03:41,17771,17771,17771,2,2
2021-12-13 16:03:41,17771,17771,17771,6,0
2021-12-13 16:03:41,17772,17772,17772,4,4
2021-12-13 16:03:44,17772,17772,17772,2,0
2021-12-13 16:03:44,17773,17773,17773,6,6
2021-12-13 16:03:50,17770,17770,17770,2,-2
2021-12-13 16:03:50,17770,17770,17770,2,0
2021-12-13 16:03:50,17770,17770,17770,2,0
2021-12-13 16:03:59,17770,17770,17770,2,0
2021-12-13 16:04:00,17770,17770,17770,2,0
2021-12-13 16:04:03,17771,17771,17771,2,2
2021-12-13 16:04:03,17771,17771,17771,2,0
2021-12-13 16:04:14,17769,17769,17769,2,-2
2021-12-13 16:04:15,17769,17769,17769,2,0
2021-12-13 16:04:19,17770,17770,17770,2,2
2021-12-13 16:04:27,17769,17769,17769,2,-2
2021-12-13 16:04:27,17769,17769,17769,2,0
2021-12-13 16:04:27,17769,17769,17769,2,0
2021-12-13 16:04:27,17769,17769,17769,2,0
2021-12-13 16:04:27,17769,17769,17769,2,0
2021-12-13 16:04:33,17769,17769,17769,10,0
2021-12-13 16:04:34,17769,17769,17769,2,0
2021-12-13 16:04:35,17769,17769,17769,2,0
2021-12-13 16:04:37,17769,17769,17769,6,0
2021-12-13 16:04:37,17768,17768,17768,2,-2
2021-12-13 16:04:37,17768,17768,17768,2,0
2021-12-13 16:04:37,17768,17768,17768,2,0
2021-12-13 16:04:37,17768,17768,17768,2,0
2021-12-13 16:04:37,17768,17768,17768,2,0
2021-12-13 16:04:37,17768,17768,17768,2,0
2021-12-13 16:04:37,17768,17768,17768,2,0
2021-12-13 16:04:37,17768,17768,17768,2,0
2021-12-13 16:04:37,17768,17768,17768,2,0
2021-12-13 16:04:37,17768,17768,17768,6,0
2021-12-13 16:04:43,17768,17768,17768,2,0
2021-12-13 16:04:46,17768,17768,17768,2,0
2021-12-13 16:04:51,17769,17769,17769,22,22
2021-12-13 16:04:52,17770,17770,17770,4,4
2021-12-13 16:05:05,17769,17769,17769,2,-2
2021-12-13 16:05:06,17768,17768,17768,2,-2
2021-12-13 16:05:06,17768,17768,17768,2,0
2021-12-13 16:05:16,17769,17769,17769,2,2
2021-12-13 16:05:20,17769,17769,17769,2,0
2021-12-13 16:05:20,17769,17769,17769,2,0
2021-12-13 16:05:20,17770,17770,17770,14,14
2021-12-13 16:05:20,17770,17770,17770,2,0
2021-12-13 16:05:21,17771,17771,17771,2,2
2021-12-13 16:05:22,17770,17770,17770,2,-2
2021-12-13 16:05:22,17770,17770,17770,2,0
2021-12-13 16:05:22,17770,17770,17770,2,0
2021-12-13 16:05:22,17770,17770,17770,2,0
2021-12-13 16:05:24,17771,17771,17771,2,2
2021-12-13 16:05:25,17770,17770,17770,2,-2
2021-12-13 16:05:32,17770,17770,17770,2,0
2021-12-13 16:05:33,17770,17770,17770,2,0
2021-12-13 16:05:34,17770,17770,17770,4,0
2021-12-13 16:05:36,17771,17771,17771,2,2
2021-12-13 16:05:47,17771,17771,17771,6,0
2021-12-13 16:05:57,17772,17772,17772,2,2
2021-12-13 16:05:57,17772,17772,17772,2,0
2021-12-13 16:06:03,17772,17772,17772,2,0
2021-12-13 16:06:03,17772,17772,17772,2,0
2021-12-13 16:06:04,17773,17773,17773,2,2
2021-12-13 16:06:10,17773,17773,17773,12,0
2021-12-13 16:06:14,17773,17773,17773,2,0
2021-12-13 16:06:17,17774,17774,17774,2,2
2021-12-13 16:06:26,17773,17773,17773,2,-2
2021-12-13 16:06:26,17773,17773,17773,2,0
2021-12-13 16:06:29,17773,17773,17773,6,0
2021-12-13 16:06:30,17773,17773,17773,2,0
2021-12-13 16:06:30,17773,17773,17773,2,0
2021-12-13 16:06:34,17773,17773,17773,4,0
2021-12-13 16:06:57,17772,17772,17772,2,-2
2021-12-13 16:06:57,17772,17772,17772,2,0
2021-12-13 16:06:57,17772,17772,17772,4,0
2021-12-13 16:06:57,17772,17772,17772,2,0
2021-12-13 16:06:59,17772,17772,17772,2,0
2021-12-13 16:07:04,17771,17771,17771,2,-2
2021-12-13 16:07:32,17768,17768,17768,2,-2
2021-12-13 16:07:32,17768,17768,17768,6,0
2021-12-13 16:07:32,17768,17768,17768,4,0
2021-12-13 16:07:32,17768,17768,17768,2,0
2021-12-13 16:07:32,17768,17768,17768,2,0
2021-12-13 16:07:40,17768,17768,17768,2,0
2021-12-13 16:07:40,17768,17768,17768,6,0
2021-12-13 16:07:46,17768,17768,17768,2,0
2021-12-13 16:07:46,17769,17769,17769,2,2
2021-12-13 16:07:48,17769,17769,17769,2,0
2021-12-13 16:07:57,17768,17768,17768,2,-2
2021-12-13 16:07:57,17768,17768,17768,2,0
2021-12-13 16:07:57,17768,17768,17768,2,0
2021-12-13 16:08:00,17768,17768,17768,2,0
2021-12-13 16:08:01,17769,17769,17769,2,2
2021-12-13 16:08:01,17767,17767,17767,4,-4
2021-12-13 16:08:01,17767,17767,17767,4,0
2021-12-13 16:08:01,17767,17767,17767,2,0
2021-12-13 16:08:07,17767,17767,17767,2,0
2021-12-13 16:08:07,17767,17767,17767,2,0
2021-12-13 16:08:15,17768,17768,17768,4,4
2021-12-13 16:08:15,17768,17768,17768,2,0
2021-12-13 16:08:15,17768,17768,17768,2,0
2021-12-13 16:08:15,17767,17767,17767,2,-2
2021-12-13 16:08:15,17767,17767,17767,2,0
2021-12-13 16:08:16,17767,17767,17767,2,0
2021-12-13 16:08:16,17767,17767,17767,2,0
2021-12-13 16:08:16,17767,17767,17767,2,0
2021-12-13 16:08:16,17767,17767,17767,2,0
2021-12-13 16:08:16,17767,17767,17767,2,0
2021-12-13 16:08:16,17767,17767,17767,2,0
2021-12-13 16:08:19,17767,17767,17767,2,0
2021-12-13 16:08:19,17767,17767,17767,2,0
2021-12-13 16:08:19,17767,17767,17767,4,0
2021-12-13 16:08:19,17767,17767,17767,2,0
2021-12-13 16:08:19,17767,17767,17767,2,0
2021-12-13 16:08:19,17767,17767,17767,4,0
2021-12-13 16:08:24,17766,17766,17766,2,-2
2021-12-13 16:08:24,17767,17767,17767,2,2
2021-12-13 16:08:25,17766,17766,17766,2,-2
2021-12-13 16:08:29,17766,17766,17766,2,0
2021-12-13 16:08:33,17767,17767,17767,2,2
2021-12-13 16:08:35,17767,17767,17767,2,0
2021-12-13 16:08:35,17768,17768,17768,6,6
2021-12-13 16:08:37,17766,17766,17766,2,-2
2021-12-13 16:08:52,17767,17767,17767,2,2
2021-12-13 16:08:53,17766,17766,17766,2,-2
2021-12-13 16:08:53,17766,17766,17766,2,0
2021-12-13 16:08:55,17767,17767,17767,2,2
2021-12-13 16:08:57,17766,17766,17766,10,-10
2021-12-13 16:08:57,17766,17766,17766,2,0
2021-12-13 16:09:02,17766,17766,17766,6,0
2021-12-13 16:09:05,17765,17765,17765,2,-2
2021-12-13 16:09:05,17765,17765,17765,2,0
2021-12-13 16:09:05,17765,17765,17765,2,0
2021-12-13 16:09:05,17765,17765,17765,2,0
2021-12-13 16:09:05,17765,17765,17765,2,0
2021-12-13 16:09:05,17765,17765,17765,2,0
2021-12-13 16:09:05,17765,17765,17765,2,0
2021-12-13 16:09:09,17765,17765,17765,2,0
2021-12-13 16:09:09,17766,17766,17766,4,4
2021-12-13 16:09:13,17765,17765,17765,2,-2
2021-12-13 16:09:19,17765,17765,17765,2,0
2021-12-13 16:09:21,17765,17765,17765,2,0
2021-12-13 16:09:23,17765,17765,17765,2,0
2021-12-13 16:09:30,17766,17766,17766,4,4
2021-12-13 16:09:30,17766,17766,17766,4,0
2021-12-13 16:09:30,17766,17766,17766,4,0
2021-12-13 16:09:30,17766,17766,17766,4,0
2021-12-13 16:09:30,17767,17767,17767,4,4
2021-12-13 16:09:30,17767,17767,17767,4,0
2021-12-13 16:09:30,17767,17767,17767,4,0
2021-12-13 16:09:30,17765,17765,17765,2,-2
2021-12-13 16:09:30,17765,17765,17765,2,0
2021-12-13 16:09:30,17765,17765,17765,2,0
2021-12-13 16:09:34,17765,17765,17765,2,0
2021-12-13 16:09:34,17765,17765,17765,2,0
2021-12-13 16:09:38,17765,17765,17765,2,0
2021-12-13 16:09:40,17764,17764,17764,2,-2
2021-12-13 16:09:46,17764,17764,17764,2,0
2021-12-13 16:09:46,17764,17764,17764,2,0
2021-12-13 16:09:47,17764,17764,17764,4,0
2021-12-13 16:09:47,17764,17764,17764,4,0
2021-12-13 16:09:47,17764,17764,17764,12,0
2021-12-13 16:09:47,17763,17763,17763,2,-2
2021-12-13 16:09:47,17763,17763,17763,2,0
2021-12-13 16:09:49,17764,17764,17764,2,2
2021-12-13 16:09:50,17764,17764,17764,2,0
2021-12-13 16:09:50,17764,17764,17764,2,0
2021-12-13 16:09:50,17764,17764,17764,2,0
2021-12-13 16:09:52,17764,17764,17764,2,0
2021-12-13 16:09:52,17764,17764,17764,2,0
2021-12-13 16:09:52,17764,17764,17764,2,0
2021-12-13 16:09:55,17764,17764,17764,2,0
2021-12-13 16:09:56,17765,17765,17765,2,2
2021-12-13 16:10:00,17765,17765,17765,12,0
2021-12-13 16:10:00,17765,17765,17765,2,0
2021-12-13 16:10:01,17765,17765,17765,2,0
2021-12-13 16:10:02,17765,17765,17765,2,0
2021-12-13 16:10:02,17766,17766,17766,6,6
2021-12-13 16:10:02,17766,17766,17766,16,0
2021-12-13 16:10:07,17768,17768,17768,2,2
2021-12-13 16:10:13,17770,17770,17770,10,10
2021-12-13 16:10:19,17770,17770,17770,2,0
2021-12-13 16:10:19,17770,17770,17770,2,0
2021-12-13 16:10:24,17770,17770,17770,2,0
2021-12-13 16:10:24,17770,17770,17770,2,0
2021-12-13 16:10:40,17770,17770,17770,2,0
2021-12-13 16:10:47,17770,17770,17770,2,0
2021-12-13 16:10:50,17771,17771,17771,6,6
2021-12-13 16:10:50,17771,17771,17771,8,0
2021-12-13 16:10:50,17772,17772,17772,2,2
2021-12-13 16:11:11,17772,17772,17772,2,0
2021-12-13 16:11:11,17772,17772,17772,2,0
2021-12-13 16:11:11,17772,17772,17772,8,0
2021-12-13 16:11:11,17772,17772,17772,2,0
2021-12-13 16:11:35,17771,17771,17771,2,-2
2021-12-13 16:11:35,17772,17772,17772,4,4
2021-12-13 16:11:38,17772,17772,17772,2,0
2021-12-13 16:11:54,17770,17770,17770,2,-2
2021-12-13 16:12:03,17771,17771,17771,2,2
2021-12-13 16:12:16,17771,17771,17771,2,0
2021-12-13 16:12:38,17771,17771,17771,2,0
2021-12-13 16:12:41,17771,17771,17771,2,0
2021-12-13 16:12:42,17772,17772,17772,2,2
2021-12-13 16:12:44,17770,17770,17770,2,-2
