2023-03-02 15:00:00,15540,15540,15540,58,0
2023-03-02 15:00:00,15540,15540,15540,8,0
2023-03-02 15:00:00,15541,15541,15541,2,2
2023-03-02 15:00:00,15539,15539,15539,2,-2
2023-03-02 15:00:00,15541,15541,15541,2,2
2023-03-02 15:00:00,15540,15540,15540,2,-2
2023-03-02 15:00:00,15540,15540,15540,2,0
2023-03-02 15:00:00,15539,15539,15539,4,-4
2023-03-02 15:00:00,15542,15542,15542,4,4
2023-03-02 15:00:00,15542,15542,15542,2,0
2023-03-02 15:00:00,15543,15543,15543,2,2
2023-03-02 15:00:00,15540,15540,15540,2,-2
2023-03-02 15:00:00,15542,15542,15542,2,2
2023-03-02 15:00:00,15539,15539,15539,2,-2
2023-03-02 15:00:00,15539,15539,15539,2,0
2023-03-02 15:00:00,15540,15540,15540,4,4
2023-03-02 15:00:00,15538,15538,15538,2,-2
2023-03-02 15:00:00,15538,15538,15538,10,0
2023-03-02 15:00:00,15538,15538,15538,2,0
2023-03-02 15:00:00,15538,15538,15538,2,0
2023-03-02 15:00:00,15538,15538,15538,2,0
2023-03-02 15:00:00,15538,15538,15538,4,0
2023-03-02 15:00:00,15537,15537,15537,2,-2
2023-03-02 15:00:01,15540,15540,15540,2,2
2023-03-02 15:00:01,15539,15539,15539,2,-2
2023-03-02 15:00:01,15538,15538,15538,2,-2
2023-03-02 15:00:01,15538,15538,15538,2,0
2023-03-02 15:00:01,15538,15538,15538,2,0
2023-03-02 15:00:02,15538,15538,15538,2,0
2023-03-02 15:00:02,15538,15538,15538,2,0
2023-03-02 15:00:02,15539,15539,15539,2,2
2023-03-02 15:00:04,15539,15539,15539,2,0
2023-03-02 15:00:06,15538,15538,15538,2,-2
2023-03-02 15:00:06,15538,15538,15538,4,0
2023-03-02 15:00:06,15537,15537,15537,2,-2
2023-03-02 15:00:06,15537,15537,15537,2,0
2023-03-02 15:00:06,15537,15537,15537,4,0
2023-03-02 15:00:06,15537,15537,15537,6,0
2023-03-02 15:00:06,15538,15538,15538,2,2
2023-03-02 15:00:06,15538,15538,15538,4,0
2023-03-02 15:00:06,15539,15539,15539,2,2
2023-03-02 15:00:07,15537,15537,15537,2,-2
2023-03-02 15:00:07,15536,15536,15536,2,-2
2023-03-02 15:00:07,15536,15536,15536,2,0
2023-03-02 15:00:08,15538,15538,15538,2,2
2023-03-02 15:00:08,15538,15538,15538,2,0
2023-03-02 15:00:08,15538,15538,15538,4,0
2023-03-02 15:00:10,15538,15538,15538,2,0
2023-03-02 15:00:10,15539,15539,15539,4,4
2023-03-02 15:00:11,15539,15539,15539,2,0
2023-03-02 15:00:11,15538,15538,15538,2,-2
2023-03-02 15:00:11,15538,15538,15538,2,0
2023-03-02 15:00:12,15537,15537,15537,2,-2
2023-03-02 15:00:12,15539,15539,15539,2,2
2023-03-02 15:00:12,15540,15540,15540,4,4
2023-03-02 15:00:12,15541,15541,15541,2,2
2023-03-02 15:00:13,15542,15542,15542,2,2
2023-03-02 15:00:13,15542,15542,15542,2,0
2023-03-02 15:00:13,15542,15542,15542,2,0
2023-03-02 15:00:13,15541,15541,15541,2,-2
2023-03-02 15:00:13,15541,15541,15541,2,0
2023-03-02 15:00:14,15541,15541,15541,2,0
2023-03-02 15:00:14,15540,15540,15540,2,-2
2023-03-02 15:00:15,15544,15544,15544,16,16
2023-03-02 15:00:16,15544,15544,15544,6,0
2023-03-02 15:00:16,15543,15543,15543,2,-2
2023-03-02 15:00:16,15543,15543,15543,2,0
2023-03-02 15:00:17,15543,15543,15543,2,0
2023-03-02 15:00:18,15543,15543,15543,2,0
2023-03-02 15:00:18,15542,15542,15542,2,-2
2023-03-02 15:00:18,15542,15542,15542,2,0
2023-03-02 15:00:20,15541,15541,15541,4,-4
2023-03-02 15:00:20,15541,15541,15541,2,0
2023-03-02 15:00:20,15541,15541,15541,2,0
2023-03-02 15:00:20,15541,15541,15541,2,0
2023-03-02 15:00:20,15541,15541,15541,4,0
2023-03-02 15:00:20,15540,15540,15540,2,-2
2023-03-02 15:00:20,15540,15540,15540,2,0
2023-03-02 15:00:21,15542,15542,15542,2,2
2023-03-02 15:00:24,15541,15541,15541,2,-2
2023-03-02 15:00:25,15542,15542,15542,8,8
2023-03-02 15:00:26,15541,15541,15541,2,-2
2023-03-02 15:00:26,15541,15541,15541,2,0
2023-03-02 15:00:26,15541,15541,15541,2,0
2023-03-02 15:00:26,15541,15541,15541,8,0
2023-03-02 15:00:26,15541,15541,15541,2,0
2023-03-02 15:00:27,15541,15541,15541,4,0
2023-03-02 15:00:32,15540,15540,15540,2,-2
2023-03-02 15:00:32,15540,15540,15540,2,0
2023-03-02 15:00:35,15540,15540,15540,2,0
2023-03-02 15:00:37,15540,15540,15540,4,0
2023-03-02 15:00:37,15539,15539,15539,2,-2
2023-03-02 15:00:37,15539,15539,15539,2,0
2023-03-02 15:00:37,15539,15539,15539,2,0
2023-03-02 15:00:40,15538,15538,15538,2,-2
2023-03-02 15:00:40,15538,15538,15538,2,0
2023-03-02 15:00:42,15539,15539,15539,2,2
2023-03-02 15:00:42,15539,15539,15539,2,0
2023-03-02 15:00:43,15538,15538,15538,2,-2
2023-03-02 15:00:44,15539,15539,15539,4,4
2023-03-02 15:00:45,15540,15540,15540,4,4
2023-03-02 15:00:47,15539,15539,15539,4,-4
2023-03-02 15:00:47,15539,15539,15539,2,0
2023-03-02 15:00:47,15539,15539,15539,2,0
2023-03-02 15:00:48,15540,15540,15540,2,2
2023-03-02 15:00:49,15541,15541,15541,4,4
2023-03-02 15:00:50,15540,15540,15540,2,-2
2023-03-02 15:00:50,15541,15541,15541,2,2
2023-03-02 15:00:52,15540,15540,15540,2,-2
2023-03-02 15:00:52,15541,15541,15541,2,2
2023-03-02 15:00:54,15540,15540,15540,2,-2
2023-03-02 15:00:55,15541,15541,15541,2,2
2023-03-02 15:00:55,15541,15541,15541,2,0
2023-03-02 15:00:55,15542,15542,15542,28,28
2023-03-02 15:00:55,15543,15543,15543,8,8
2023-03-02 15:00:55,15544,15544,15544,12,12
2023-03-02 15:00:55,15545,15545,15545,2,2
2023-03-02 15:00:56,15544,15544,15544,2,-2
2023-03-02 15:00:58,15544,15544,15544,2,0
2023-03-02 15:00:58,15544,15544,15544,2,0
2023-03-02 15:00:58,15544,15544,15544,2,0
2023-03-02 15:00:58,15545,15545,15545,8,8
2023-03-02 15:00:59,15545,15545,15545,16,0
2023-03-02 15:00:59,15546,15546,15546,8,8
2023-03-02 15:00:59,15546,15546,15546,10,0
2023-03-02 15:00:59,15546,15546,15546,2,0
2023-03-02 15:01:00,15544,15544,15544,2,-2
2023-03-02 15:01:00,15544,15544,15544,2,0
2023-03-02 15:01:00,15544,15544,15544,2,0
2023-03-02 15:01:00,15544,15544,15544,2,0
2023-03-02 15:01:00,15544,15544,15544,4,0
2023-03-02 15:01:00,15543,15543,15543,2,-2
2023-03-02 15:01:00,15543,15543,15543,4,0
2023-03-02 15:01:00,15543,15543,15543,2,0
2023-03-02 15:01:00,15543,15543,15543,2,0
2023-03-02 15:01:01,15545,15545,15545,2,2
2023-03-02 15:01:03,15545,15545,15545,2,0
2023-03-02 15:01:03,15543,15543,15543,4,-4
2023-03-02 15:01:03,15543,15543,15543,2,0
2023-03-02 15:01:03,15543,15543,15543,2,0
2023-03-02 15:01:03,15543,15543,15543,4,0
2023-03-02 15:01:03,15544,15544,15544,6,6
2023-03-02 15:01:05,15543,15543,15543,4,-4
2023-03-02 15:01:06,15543,15543,15543,2,0
2023-03-02 15:01:08,15542,15542,15542,4,-4
2023-03-02 15:01:08,15542,15542,15542,4,0
2023-03-02 15:01:08,15542,15542,15542,4,0
2023-03-02 15:01:08,15542,15542,15542,4,0
2023-03-02 15:01:08,15542,15542,15542,2,0
2023-03-02 15:01:08,15542,15542,15542,2,0
2023-03-02 15:01:08,15541,15541,15541,2,-2
2023-03-02 15:01:08,15541,15541,15541,4,0
2023-03-02 15:01:08,15541,15541,15541,8,0
2023-03-02 15:01:08,15541,15541,15541,4,0
2023-03-02 15:01:08,15541,15541,15541,4,0
2023-03-02 15:01:08,15541,15541,15541,4,0
2023-03-02 15:01:08,15541,15541,15541,4,0
2023-03-02 15:01:14,15541,15541,15541,10,0
2023-03-02 15:01:14,15541,15541,15541,4,0
2023-03-02 15:01:14,15541,15541,15541,4,0
2023-03-02 15:01:14,15541,15541,15541,2,0
2023-03-02 15:01:14,15541,15541,15541,4,0
2023-03-02 15:01:14,15540,15540,15540,2,-2
2023-03-02 15:01:14,15540,15540,15540,2,0
2023-03-02 15:01:14,15540,15540,15540,2,0
2023-03-02 15:01:14,15540,15540,15540,4,0
2023-03-02 15:01:14,15540,15540,15540,2,0
2023-03-02 15:01:14,15540,15540,15540,4,0
2023-03-02 15:01:14,15540,15540,15540,2,0
2023-03-02 15:01:14,15540,15540,15540,4,0
2023-03-02 15:01:14,15540,15540,15540,2,0
2023-03-02 15:01:14,15540,15540,15540,2,0
2023-03-02 15:01:15,15542,15542,15542,2,2
2023-03-02 15:01:16,15542,15542,15542,2,0
2023-03-02 15:01:18,15541,15541,15541,2,-2
2023-03-02 15:01:20,15541,15541,15541,2,0
2023-03-02 15:01:28,15541,15541,15541,2,0
2023-03-02 15:01:28,15542,15542,15542,2,2
2023-03-02 15:01:31,15541,15541,15541,2,-2
2023-03-02 15:01:39,15542,15542,15542,4,4
2023-03-02 15:01:43,15542,15542,15542,10,0
2023-03-02 15:01:49,15542,15542,15542,4,0
2023-03-02 15:01:49,15541,15541,15541,4,-4
2023-03-02 15:01:50,15541,15541,15541,2,0
2023-03-02 15:02:00,15541,15541,15541,2,0
2023-03-02 15:02:00,15542,15542,15542,4,4
2023-03-02 15:02:00,15543,15543,15543,4,4
2023-03-02 15:02:00,15543,15543,15543,4,0
2023-03-02 15:02:00,15543,15543,15543,4,0
2023-03-02 15:02:00,15544,15544,15544,4,4
2023-03-02 15:02:05,15542,15542,15542,4,-4
2023-03-02 15:02:05,15542,15542,15542,2,0
2023-03-02 15:02:05,15541,15541,15541,2,-2
2023-03-02 15:02:05,15541,15541,15541,4,0
2023-03-02 15:02:05,15541,15541,15541,2,0
2023-03-02 15:02:05,15541,15541,15541,20,0
2023-03-02 15:02:05,15541,15541,15541,2,0
2023-03-02 15:02:05,15541,15541,15541,2,0
2023-03-02 15:02:05,15541,15541,15541,4,0
2023-03-02 15:02:05,15541,15541,15541,2,0
2023-03-02 15:02:05,15541,15541,15541,2,0
2023-03-02 15:02:05,15541,15541,15541,4,0
2023-03-02 15:02:05,15542,15542,15542,4,4
2023-03-02 15:02:07,15541,15541,15541,2,-2
2023-03-02 15:02:07,15541,15541,15541,2,0
2023-03-02 15:02:08,15542,15542,15542,2,2
2023-03-02 15:02:10,15541,15541,15541,2,-2
2023-03-02 15:02:12,15541,15541,15541,4,0
2023-03-02 15:02:12,15541,15541,15541,16,0
2023-03-02 15:02:12,15541,15541,15541,2,0
2023-03-02 15:02:12,15541,15541,15541,2,0
2023-03-02 15:02:12,15540,15540,15540,8,-8
2023-03-02 15:02:12,15540,15540,15540,4,0
2023-03-02 15:02:12,15540,15540,15540,10,0
2023-03-02 15:02:12,15540,15540,15540,2,0
2023-03-02 15:02:12,15540,15540,15540,2,0
2023-03-02 15:02:13,15541,15541,15541,2,2
2023-03-02 15:02:18,15542,15542,15542,2,2
2023-03-02 15:02:22,15542,15542,15542,2,0
2023-03-02 15:02:22,15542,15542,15542,2,0
2023-03-02 15:02:22,15542,15542,15542,4,0
2023-03-02 15:02:23,15543,15543,15543,2,2
2023-03-02 15:02:23,15543,15543,15543,2,0
2023-03-02 15:02:23,15543,15543,15543,2,0
2023-03-02 15:02:27,15543,15543,15543,2,0
2023-03-02 15:02:27,15543,15543,15543,2,0
2023-03-02 15:02:27,15543,15543,15543,2,0
2023-03-02 15:02:31,15543,15543,15543,2,0
2023-03-02 15:02:33,15543,15543,15543,2,0
2023-03-02 15:02:38,15543,15543,15543,2,0
2023-03-02 15:02:41,15544,15544,15544,2,2
2023-03-02 15:02:43,15544,15544,15544,6,0
2023-03-02 15:02:44,15545,15545,15545,2,2
2023-03-02 15:02:44,15544,15544,15544,2,-2
2023-03-02 15:02:44,15544,15544,15544,6,0
2023-03-02 15:02:44,15544,15544,15544,2,0
2023-03-02 15:02:45,15544,15544,15544,2,0
2023-03-02 15:02:45,15544,15544,15544,2,0
2023-03-02 15:02:48,15544,15544,15544,2,0
2023-03-02 15:02:49,15545,15545,15545,2,2
2023-03-02 15:02:51,15545,15545,15545,4,0
2023-03-02 15:02:53,15545,15545,15545,2,0
2023-03-02 15:02:53,15544,15544,15544,2,-2
2023-03-02 15:02:54,15544,15544,15544,2,0
2023-03-02 15:02:55,15544,15544,15544,2,0
2023-03-02 15:02:58,15544,15544,15544,2,0
2023-03-02 15:02:58,15544,15544,15544,2,0
2023-03-02 15:02:58,15544,15544,15544,2,0
2023-03-02 15:02:58,15545,15545,15545,2,2
2023-03-02 15:03:00,15545,15545,15545,2,0
2023-03-02 15:03:00,15545,15545,15545,2,0
2023-03-02 15:03:00,15545,15545,15545,2,0
2023-03-02 15:03:00,15545,15545,15545,2,0
2023-03-02 15:03:00,15545,15545,15545,2,0
2023-03-02 15:03:00,15545,15545,15545,2,0
2023-03-02 15:03:00,15545,15545,15545,2,0
2023-03-02 15:03:00,15546,15546,15546,2,2
2023-03-02 15:03:00,15546,15546,15546,4,0
2023-03-02 15:03:00,15546,15546,15546,2,0
2023-03-02 15:03:00,15544,15544,15544,2,-2
2023-03-02 15:03:00,15546,15546,15546,6,6
2023-03-02 15:03:00,15546,15546,15546,4,0
2023-03-02 15:03:00,15546,15546,15546,2,0
2023-03-02 15:03:00,15546,15546,15546,4,0
2023-03-02 15:03:00,15547,15547,15547,4,4
2023-03-02 15:03:00,15546,15546,15546,2,-2
2023-03-02 15:03:00,15547,15547,15547,4,4
2023-03-02 15:03:01,15547,15547,15547,6,0
2023-03-02 15:03:01,15548,15548,15548,2,2
2023-03-02 15:03:01,15548,15548,15548,2,0
2023-03-02 15:03:01,15548,15548,15548,2,0
2023-03-02 15:03:01,15548,15548,15548,2,0
2023-03-02 15:03:01,15546,15546,15546,2,-2
2023-03-02 15:03:03,15546,15546,15546,2,0
2023-03-02 15:03:03,15547,15547,15547,4,4
2023-03-02 15:03:04,15547,15547,15547,2,0
2023-03-02 15:03:09,15547,15547,15547,2,0
2023-03-02 15:03:09,15547,15547,15547,2,0
2023-03-02 15:03:09,15547,15547,15547,4,0
2023-03-02 15:03:09,15546,15546,15546,2,-2
2023-03-02 15:03:09,15546,15546,15546,4,0
2023-03-02 15:03:09,15546,15546,15546,2,0
2023-03-02 15:03:11,15547,15547,15547,2,2
2023-03-02 15:03:15,15547,15547,15547,2,0
2023-03-02 15:03:21,15548,15548,15548,4,4
2023-03-02 15:03:22,15548,15548,15548,2,0
2023-03-02 15:03:22,15548,15548,15548,2,0
2023-03-02 15:03:29,15548,15548,15548,4,0
2023-03-02 15:03:29,15548,15548,15548,4,0
2023-03-02 15:03:30,15548,15548,15548,2,0
2023-03-02 15:03:31,15547,15547,15547,2,-2
2023-03-02 15:03:33,15548,15548,15548,2,2
2023-03-02 15:03:39,15547,15547,15547,2,-2
2023-03-02 15:03:39,15547,15547,15547,2,0
2023-03-02 15:03:39,15547,15547,15547,4,0
2023-03-02 15:03:39,15547,15547,15547,2,0
2023-03-02 15:03:39,15547,15547,15547,2,0
2023-03-02 15:03:39,15547,15547,15547,4,0
2023-03-02 15:03:43,15546,15546,15546,2,-2
2023-03-02 15:03:44,15547,15547,15547,2,2
2023-03-02 15:03:44,15547,15547,15547,2,0
2023-03-02 15:03:45,15547,15547,15547,2,0
2023-03-02 15:03:48,15548,15548,15548,2,2
2023-03-02 15:03:50,15547,15547,15547,2,-2
2023-03-02 15:03:51,15547,15547,15547,2,0
2023-03-02 15:03:52,15548,15548,15548,2,2
2023-03-02 15:03:52,15548,15548,15548,2,0
2023-03-02 15:03:57,15548,15548,15548,2,0
2023-03-02 15:03:57,15548,15548,15548,2,0
2023-03-02 15:03:58,15547,15547,15547,4,-4
2023-03-02 15:03:58,15547,15547,15547,2,0
2023-03-02 15:03:59,15547,15547,15547,2,0
2023-03-02 15:04:00,15547,15547,15547,2,0
2023-03-02 15:04:00,15547,15547,15547,2,0
2023-03-02 15:04:00,15548,15548,15548,4,4
2023-03-02 15:04:02,15547,15547,15547,2,-2
2023-03-02 15:04:03,15547,15547,15547,2,0
2023-03-02 15:04:04,15547,15547,15547,2,0
2023-03-02 15:04:07,15546,15546,15546,2,-2
2023-03-02 15:04:08,15546,15546,15546,2,0
2023-03-02 15:04:09,15546,15546,15546,2,0
2023-03-02 15:04:18,15545,15545,15545,2,-2
2023-03-02 15:04:27,15545,15545,15545,2,0
2023-03-02 15:04:29,15545,15545,15545,2,0
2023-03-02 15:04:37,15545,15545,15545,2,0
2023-03-02 15:04:37,15545,15545,15545,4,0
2023-03-02 15:04:54,15544,15544,15544,2,-2
2023-03-02 15:04:54,15544,15544,15544,4,0
2023-03-02 15:05:03,15543,15543,15543,2,-2
2023-03-02 15:05:03,15543,15543,15543,4,0
2023-03-02 15:05:03,15543,15543,15543,2,0
2023-03-02 15:05:03,15543,15543,15543,2,0
2023-03-02 15:05:06,15542,15542,15542,2,-2
2023-03-02 15:05:06,15542,15542,15542,6,0
2023-03-02 15:05:06,15542,15542,15542,4,0
2023-03-02 15:05:07,15542,15542,15542,2,0
2023-03-02 15:05:07,15542,15542,15542,2,0
2023-03-02 15:05:09,15541,15541,15541,4,-4
2023-03-02 15:05:19,15541,15541,15541,2,0
2023-03-02 15:05:20,15541,15541,15541,2,0
2023-03-02 15:05:20,15541,15541,15541,4,0
2023-03-02 15:05:20,15541,15541,15541,2,0
2023-03-02 15:05:21,15542,15542,15542,2,2
2023-03-02 15:05:21,15542,15542,15542,2,0
2023-03-02 15:05:23,15541,15541,15541,2,-2
2023-03-02 15:05:28,15542,15542,15542,2,2
2023-03-02 15:05:30,15541,15541,15541,2,-2
2023-03-02 15:05:31,15541,15541,15541,2,0
2023-03-02 15:05:34,15541,15541,15541,2,0
2023-03-02 15:05:34,15541,15541,15541,2,0
2023-03-02 15:05:34,15541,15541,15541,2,0
2023-03-02 15:05:34,15541,15541,15541,2,0
2023-03-02 15:05:34,15541,15541,15541,2,0
2023-03-02 15:05:34,15541,15541,15541,2,0
2023-03-02 15:05:40,15541,15541,15541,2,0
2023-03-02 15:05:40,15541,15541,15541,2,0
2023-03-02 15:05:42,15541,15541,15541,2,0
2023-03-02 15:05:49,15541,15541,15541,2,0
2023-03-02 15:05:54,15541,15541,15541,2,0
2023-03-02 15:05:57,15541,15541,15541,2,0
2023-03-02 15:06:00,15540,15540,15540,2,-2
2023-03-02 15:06:00,15540,15540,15540,2,0
2023-03-02 15:06:00,15540,15540,15540,2,0
2023-03-02 15:06:00,15541,15541,15541,2,2
2023-03-02 15:06:00,15541,15541,15541,8,0
2023-03-02 15:06:00,15542,15542,15542,6,6
2023-03-02 15:06:10,15542,15542,15542,2,0
2023-03-02 15:06:11,15542,15542,15542,2,0
2023-03-02 15:06:20,15542,15542,15542,2,0
2023-03-02 15:06:25,15542,15542,15542,2,0
2023-03-02 15:06:36,15542,15542,15542,2,0
2023-03-02 15:06:48,15542,15542,15542,2,0
2023-03-02 15:06:49,15541,15541,15541,8,-8
2023-03-02 15:06:49,15541,15541,15541,4,0
2023-03-02 15:06:56,15541,15541,15541,2,0
2023-03-02 15:07:04,15541,15541,15541,2,0
2023-03-02 15:07:05,15541,15541,15541,2,0
2023-03-02 15:07:06,15541,15541,15541,4,0
2023-03-02 15:07:10,15541,15541,15541,2,0
2023-03-02 15:07:13,15541,15541,15541,2,0
2023-03-02 15:07:13,15541,15541,15541,4,0
2023-03-02 15:07:13,15541,15541,15541,2,0
2023-03-02 15:07:16,15542,15542,15542,4,4
2023-03-02 15:07:16,15542,15542,15542,4,0
2023-03-02 15:07:18,15543,15543,15543,2,2
2023-03-02 15:07:18,15543,15543,15543,4,0
2023-03-02 15:07:18,15543,15543,15543,2,0
2023-03-02 15:07:20,15543,15543,15543,2,0
2023-03-02 15:07:20,15543,15543,15543,2,0
2023-03-02 15:07:25,15542,15542,15542,2,-2
2023-03-02 15:07:32,15543,15543,15543,4,4
2023-03-02 15:07:43,15543,15543,15543,2,0
2023-03-02 15:07:43,15543,15543,15543,2,0
2023-03-02 15:08:00,15543,15543,15543,2,0
2023-03-02 15:08:00,15543,15543,15543,4,0
2023-03-02 15:08:00,15543,15543,15543,2,0
2023-03-02 15:08:07,15542,15542,15542,2,-2
2023-03-02 15:08:07,15542,15542,15542,2,0
2023-03-02 15:08:07,15542,15542,15542,4,0
2023-03-02 15:08:07,15542,15542,15542,4,0
2023-03-02 15:08:13,15543,15543,15543,2,2
2023-03-02 15:08:13,15543,15543,15543,2,0
2023-03-02 15:08:19,15543,15543,15543,2,0
2023-03-02 15:08:27,15544,15544,15544,2,2
2023-03-02 15:08:27,15544,15544,15544,2,0
2023-03-02 15:08:27,15544,15544,15544,2,0
2023-03-02 15:08:27,15545,15545,15545,4,4
2023-03-02 15:08:27,15545,15545,15545,2,0
2023-03-02 15:08:27,15545,15545,15545,6,0
2023-03-02 15:08:27,15545,15545,15545,2,0
2023-03-02 15:08:27,15545,15545,15545,2,0
2023-03-02 15:08:27,15545,15545,15545,2,0
2023-03-02 15:08:27,15545,15545,15545,4,0
2023-03-02 15:08:27,15545,15545,15545,2,0
2023-03-02 15:08:27,15545,15545,15545,4,0
2023-03-02 15:08:29,15545,15545,15545,2,0
2023-03-02 15:08:29,15545,15545,15545,2,0
2023-03-02 15:08:32,15545,15545,15545,2,0
2023-03-02 15:08:34,15545,15545,15545,2,0
2023-03-02 15:08:36,15545,15545,15545,2,0
2023-03-02 15:08:41,15545,15545,15545,2,0
2023-03-02 15:08:44,15545,15545,15545,2,0
2023-03-02 15:08:45,15544,15544,15544,2,-2
2023-03-02 15:08:48,15545,15545,15545,2,2
2023-03-02 15:08:49,15544,15544,15544,4,-4
2023-03-02 15:08:50,15545,15545,15545,4,4
2023-03-02 15:08:54,15545,15545,15545,2,0
2023-03-02 15:08:58,15546,15546,15546,2,2
2023-03-02 15:09:03,15546,15546,15546,2,0
2023-03-02 15:09:06,15546,15546,15546,2,0
2023-03-02 15:09:13,15545,15545,15545,2,-2
2023-03-02 15:09:13,15545,15545,15545,2,0
2023-03-02 15:09:13,15545,15545,15545,2,0
2023-03-02 15:09:13,15545,15545,15545,2,0
2023-03-02 15:09:13,15545,15545,15545,2,0
2023-03-02 15:09:32,15544,15544,15544,2,-2
2023-03-02 15:09:32,15544,15544,15544,2,0
2023-03-02 15:09:32,15544,15544,15544,2,0
2023-03-02 15:09:32,15544,15544,15544,2,0
2023-03-02 15:09:32,15544,15544,15544,2,0
2023-03-02 15:09:44,15543,15543,15543,2,-2
2023-03-02 15:09:44,15543,15543,15543,2,0
2023-03-02 15:09:45,15543,15543,15543,2,0
2023-03-02 15:09:45,15543,15543,15543,2,0
2023-03-02 15:09:53,15543,15543,15543,2,0
2023-03-02 15:09:53,15543,15543,15543,2,0
2023-03-02 15:10:00,15543,15543,15543,2,0
2023-03-02 15:10:12,15543,15543,15543,2,0
2023-03-02 15:10:15,15543,15543,15543,2,0
2023-03-02 15:10:15,15543,15543,15543,12,0
2023-03-02 15:10:15,15543,15543,15543,4,0
2023-03-02 15:10:15,15543,15543,15543,2,0
2023-03-02 15:10:15,15543,15543,15543,8,0
2023-03-02 15:10:15,15543,15543,15543,2,0
2023-03-02 15:10:15,15543,15543,15543,6,0
2023-03-02 15:10:15,15543,15543,15543,2,0
2023-03-02 15:10:15,15543,15543,15543,4,0
2023-03-02 15:10:19,15543,15543,15543,2,0
2023-03-02 15:10:27,15544,15544,15544,4,4
2023-03-02 15:10:27,15545,15545,15545,16,16
2023-03-02 15:10:29,15543,15543,15543,2,-2
2023-03-02 15:10:34,15544,15544,15544,2,2
2023-03-02 15:10:40,15544,15544,15544,2,0
2023-03-02 15:10:49,15544,15544,15544,4,0
2023-03-02 15:10:49,15544,15544,15544,4,0
2023-03-02 15:10:52,15545,15545,15545,2,2
2023-03-02 15:11:00,15545,15545,15545,12,0
2023-03-02 15:11:00,15544,15544,15544,2,-2
2023-03-02 15:11:00,15544,15544,15544,2,0
2023-03-02 15:11:00,15544,15544,15544,2,0
2023-03-02 15:11:00,15544,15544,15544,4,0
2023-03-02 15:11:00,15544,15544,15544,4,0
2023-03-02 15:11:00,15544,15544,15544,2,0
2023-03-02 15:11:12,15544,15544,15544,2,0
2023-03-02 15:11:17,15544,15544,15544,2,0
2023-03-02 15:11:25,15544,15544,15544,2,0
2023-03-02 15:11:31,15545,15545,15545,22,22
2023-03-02 15:11:50,15545,15545,15545,2,0
2023-03-02 15:11:53,15545,15545,15545,12,0
2023-03-02 15:11:56,15545,15545,15545,2,0
2023-03-02 15:11:59,15545,15545,15545,4,0
2023-03-02 15:12:00,15544,15544,15544,2,-2
2023-03-02 15:12:09,15545,15545,15545,2,2
2023-03-02 15:12:20,15546,15546,15546,12,12
2023-03-02 15:12:24,15546,15546,15546,4,0
2023-03-02 15:12:26,15545,15545,15545,2,-2
2023-03-02 15:12:26,15545,15545,15545,4,0
2023-03-02 15:12:26,15545,15545,15545,4,0
2023-03-02 15:12:35,15545,15545,15545,2,0
2023-03-02 15:12:35,15545,15545,15545,2,0
2023-03-02 15:12:35,15545,15545,15545,2,0
2023-03-02 15:12:43,15545,15545,15545,2,0
2023-03-02 15:12:46,15547,15547,15547,22,22
2023-03-02 15:12:46,15547,15547,15547,4,0
2023-03-02 15:12:56,15547,15547,15547,2,0
2023-03-02 15:13:02,15548,15548,15548,8,8
2023-03-02 15:13:03,15548,15548,15548,2,0
2023-03-02 15:13:15,15548,15548,15548,4,0
2023-03-02 15:13:15,15547,15547,15547,6,-6
2023-03-02 15:13:15,15547,15547,15547,2,0
2023-03-02 15:13:15,15547,15547,15547,4,0
2023-03-02 15:13:15,15547,15547,15547,2,0
2023-03-02 15:13:15,15547,15547,15547,2,0
2023-03-02 15:13:15,15547,15547,15547,2,0
2023-03-02 15:13:24,15546,15546,15546,2,-2
2023-03-02 15:13:24,15546,15546,15546,2,0
2023-03-02 15:13:24,15546,15546,15546,2,0
2023-03-02 15:13:24,15546,15546,15546,2,0
2023-03-02 15:13:26,15547,15547,15547,2,2
2023-03-02 15:13:28,15546,15546,15546,2,-2
2023-03-02 15:13:29,15547,15547,15547,6,6
2023-03-02 15:13:31,15547,15547,15547,6,0
2023-03-02 15:13:35,15547,15547,15547,4,0
2023-03-02 15:13:36,15547,15547,15547,2,0
2023-03-02 15:13:44,15547,15547,15547,4,0
2023-03-02 15:13:47,15547,15547,15547,12,0
2023-03-02 15:14:00,15547,15547,15547,2,0
2023-03-02 15:14:05,15547,15547,15547,2,0
2023-03-02 15:14:12,15547,15547,15547,12,0
2023-03-02 15:14:29,15548,15548,15548,4,4
2023-03-02 15:14:41,15548,15548,15548,8,0
2023-03-02 15:14:46,15546,15546,15546,2,-2
2023-03-02 15:15:00,15546,15546,15546,2,0
2023-03-02 15:15:00,15547,15547,15547,30,30
2023-03-02 15:15:00,15547,15547,15547,4,0
2023-03-02 15:15:01,15546,15546,15546,2,-2
2023-03-02 15:15:01,15546,15546,15546,4,0
2023-03-02 15:15:01,15546,15546,15546,20,0
2023-03-02 15:15:01,15546,15546,15546,2,0
2023-03-02 15:15:01,15546,15546,15546,2,0
2023-03-02 15:15:01,15545,15545,15545,2,-2
2023-03-02 15:15:01,15545,15545,15545,2,0
2023-03-02 15:15:01,15545,15545,15545,2,0
2023-03-02 15:15:01,15545,15545,15545,2,0
2023-03-02 15:15:01,15545,15545,15545,2,0
2023-03-02 15:15:01,15545,15545,15545,8,0
2023-03-02 15:15:01,15545,15545,15545,4,0
2023-03-02 15:15:01,15546,15546,15546,8,8
2023-03-02 15:15:05,15545,15545,15545,4,-4
2023-03-02 15:15:05,15545,15545,15545,4,0
2023-03-02 15:15:09,15545,15545,15545,12,0
2023-03-02 15:15:12,15546,15546,15546,2,2
2023-03-02 15:15:19,15546,15546,15546,24,0
2023-03-02 15:15:21,15545,15545,15545,2,-2
2023-03-02 15:15:21,15545,15545,15545,2,0
2023-03-02 15:15:25,15546,15546,15546,12,12
2023-03-02 15:15:30,15546,15546,15546,2,0
2023-03-02 15:15:33,15546,15546,15546,16,0
2023-03-02 15:15:37,15545,15545,15545,4,-4
2023-03-02 15:15:37,15545,15545,15545,2,0
2023-03-02 15:15:37,15545,15545,15545,2,0
2023-03-02 15:15:37,15545,15545,15545,2,0
2023-03-02 15:15:38,15544,15544,15544,2,-2
2023-03-02 15:15:41,15545,15545,15545,2,2
2023-03-02 15:15:42,15545,15545,15545,2,0
2023-03-02 15:15:47,15544,15544,15544,2,-2
2023-03-02 15:15:47,15544,15544,15544,2,0
2023-03-02 15:15:47,15544,15544,15544,2,0
2023-03-02 15:15:47,15544,15544,15544,2,0
2023-03-02 15:15:47,15544,15544,15544,2,0
2023-03-02 15:15:47,15544,15544,15544,2,0
2023-03-02 15:15:47,15544,15544,15544,2,0
2023-03-02 15:15:47,15544,15544,15544,2,0
2023-03-02 15:15:47,15544,15544,15544,4,0
2023-03-02 15:15:47,15543,15543,15543,2,-2
2023-03-02 15:15:47,15543,15543,15543,2,0
2023-03-02 15:15:47,15543,15543,15543,2,0
2023-03-02 15:15:47,15543,15543,15543,2,0
2023-03-02 15:15:47,15543,15543,15543,2,0
2023-03-02 15:15:47,15543,15543,15543,2,0
2023-03-02 15:15:47,15543,15543,15543,2,0
2023-03-02 15:15:47,15543,15543,15543,2,0
2023-03-02 15:15:47,15543,15543,15543,4,0
2023-03-02 15:15:47,15542,15542,15542,2,-2
2023-03-02 15:15:47,15542,15542,15542,2,0
2023-03-02 15:15:47,15542,15542,15542,2,0
2023-03-02 15:15:47,15541,15541,15541,2,-2
2023-03-02 15:15:47,15541,15541,15541,2,0
2023-03-02 15:15:47,15541,15541,15541,2,0
2023-03-02 15:15:47,15541,15541,15541,2,0
2023-03-02 15:15:47,15541,15541,15541,2,0
2023-03-02 15:15:47,15541,15541,15541,2,0
2023-03-02 15:15:47,15541,15541,15541,2,0
2023-03-02 15:15:47,15541,15541,15541,2,0
2023-03-02 15:15:47,15541,15541,15541,2,0
2023-03-02 15:15:47,15541,15541,15541,6,0
2023-03-02 15:15:47,15541,15541,15541,4,0
2023-03-02 15:15:47,15541,15541,15541,2,0
2023-03-02 15:15:47,15541,15541,15541,2,0
2023-03-02 15:15:47,15540,15540,15540,2,-2
2023-03-02 15:15:47,15540,15540,15540,2,0
2023-03-02 15:15:47,15540,15540,15540,4,0
2023-03-02 15:15:47,15540,15540,15540,2,0
2023-03-02 15:15:47,15540,15540,15540,2,0
2023-03-02 15:15:47,15540,15540,15540,2,0
2023-03-02 15:15:47,15540,15540,15540,2,0
2023-03-02 15:15:47,15540,15540,15540,2,0
2023-03-02 15:15:47,15540,15540,15540,2,0
2023-03-02 15:15:47,15540,15540,15540,2,0
2023-03-02 15:15:47,15540,15540,15540,2,0
2023-03-02 15:15:47,15539,15539,15539,4,-4
2023-03-02 15:15:47,15539,15539,15539,2,0
2023-03-02 15:15:47,15539,15539,15539,2,0
2023-03-02 15:15:47,15539,15539,15539,2,0
2023-03-02 15:15:47,15539,15539,15539,2,0
2023-03-02 15:15:47,15539,15539,15539,2,0
2023-03-02 15:15:47,15539,15539,15539,2,0
2023-03-02 15:15:47,15539,15539,15539,2,0
2023-03-02 15:15:48,15539,15539,15539,2,0
2023-03-02 15:15:48,15540,15540,15540,2,2
2023-03-02 15:15:48,15540,15540,15540,4,0
2023-03-02 15:15:48,15540,15540,15540,2,0
2023-03-02 15:15:48,15540,15540,15540,2,0
2023-03-02 15:15:48,15540,15540,15540,8,0
2023-03-02 15:15:48,15540,15540,15540,2,0
2023-03-02 15:15:49,15540,15540,15540,2,0
2023-03-02 15:15:49,15540,15540,15540,2,0
2023-03-02 15:15:50,15542,15542,15542,2,2
2023-03-02 15:15:52,15543,15543,15543,2,2
2023-03-02 15:15:53,15544,15544,15544,2,2
2023-03-02 15:15:53,15544,15544,15544,2,0
2023-03-02 15:15:56,15541,15541,15541,2,-2
2023-03-02 15:15:58,15541,15541,15541,2,0
2023-03-02 15:16:03,15541,15541,15541,2,0
2023-03-02 15:16:05,15540,15540,15540,2,-2
2023-03-02 15:16:06,15540,15540,15540,2,0
2023-03-02 15:16:14,15539,15539,15539,2,-2
2023-03-02 15:16:14,15538,15538,15538,2,-2
2023-03-02 15:16:14,15538,15538,15538,2,0
2023-03-02 15:16:16,15539,15539,15539,2,2
2023-03-02 15:16:16,15539,15539,15539,2,0
2023-03-02 15:16:16,15539,15539,15539,2,0
2023-03-02 15:16:16,15539,15539,15539,4,0
2023-03-02 15:16:20,15538,15538,15538,4,-4
2023-03-02 15:16:21,15538,15538,15538,2,0
2023-03-02 15:16:23,15539,15539,15539,2,2
2023-03-02 15:16:23,15539,15539,15539,2,0
2023-03-02 15:16:24,15539,15539,15539,2,0
2023-03-02 15:16:26,15539,15539,15539,2,0
2023-03-02 15:16:26,15539,15539,15539,2,0
2023-03-02 15:16:26,15538,15538,15538,2,-2
2023-03-02 15:16:34,15539,15539,15539,2,2
2023-03-02 15:16:37,15539,15539,15539,2,0
2023-03-02 15:16:38,15538,15538,15538,2,-2
2023-03-02 15:16:38,15540,15540,15540,2,2
2023-03-02 15:16:39,15539,15539,15539,2,-2
2023-03-02 15:16:41,15540,15540,15540,4,4
2023-03-02 15:16:44,15539,15539,15539,2,-2
2023-03-02 15:16:45,15539,15539,15539,2,0
2023-03-02 15:16:46,15539,15539,15539,2,0
2023-03-02 15:16:47,15538,15538,15538,2,-2
2023-03-02 15:16:47,15538,15538,15538,2,0
2023-03-02 15:16:48,15538,15538,15538,2,0
2023-03-02 15:16:49,15539,15539,15539,2,2
2023-03-02 15:16:51,15538,15538,15538,2,-2
2023-03-02 15:16:51,15538,15538,15538,2,0
2023-03-02 15:16:51,15538,15538,15538,2,0
2023-03-02 15:16:51,15538,15538,15538,2,0
2023-03-02 15:16:51,15538,15538,15538,2,0
2023-03-02 15:16:51,15538,15538,15538,2,0
2023-03-02 15:16:54,15537,15537,15537,4,-4
2023-03-02 15:16:59,15537,15537,15537,2,0
2023-03-02 15:16:59,15537,15537,15537,2,0
2023-03-02 15:17:00,15538,15538,15538,2,2
2023-03-02 15:17:01,15537,15537,15537,2,-2
2023-03-02 15:17:01,15537,15537,15537,2,0
2023-03-02 15:17:05,15537,15537,15537,2,0
2023-03-02 15:17:05,15537,15537,15537,2,0
2023-03-02 15:17:05,15537,15537,15537,2,0
2023-03-02 15:17:06,15537,15537,15537,6,0
2023-03-02 15:17:06,15537,15537,15537,2,0
2023-03-02 15:17:07,15537,15537,15537,2,0
2023-03-02 15:17:11,15537,15537,15537,2,0
2023-03-02 15:17:11,15537,15537,15537,2,0
2023-03-02 15:17:11,15537,15537,15537,2,0
2023-03-02 15:17:11,15537,15537,15537,2,0
2023-03-02 15:17:11,15537,15537,15537,2,0
2023-03-02 15:17:12,15538,15538,15538,4,4
2023-03-02 15:17:13,15537,15537,15537,2,-2
2023-03-02 15:17:13,15537,15537,15537,2,0
2023-03-02 15:17:18,15536,15536,15536,2,-2
2023-03-02 15:17:18,15536,15536,15536,2,0
2023-03-02 15:17:18,15536,15536,15536,2,0
2023-03-02 15:17:18,15536,15536,15536,2,0
2023-03-02 15:17:18,15536,15536,15536,2,0
2023-03-02 15:17:18,15536,15536,15536,2,0
2023-03-02 15:17:18,15536,15536,15536,2,0
2023-03-02 15:17:18,15536,15536,15536,2,0
2023-03-02 15:17:18,15536,15536,15536,2,0
2023-03-02 15:17:18,15536,15536,15536,2,0
2023-03-02 15:17:18,15536,15536,15536,2,0
2023-03-02 15:17:18,15535,15535,15535,2,-2
2023-03-02 15:17:18,15535,15535,15535,2,0
2023-03-02 15:17:18,15535,15535,15535,2,0
2023-03-02 15:17:18,15535,15535,15535,2,0
2023-03-02 15:17:18,15535,15535,15535,2,0
2023-03-02 15:17:18,15535,15535,15535,2,0
2023-03-02 15:17:18,15535,15535,15535,4,0
2023-03-02 15:17:18,15535,15535,15535,2,0
2023-03-02 15:17:18,15535,15535,15535,2,0
2023-03-02 15:17:18,15535,15535,15535,2,0
2023-03-02 15:17:19,15534,15534,15534,2,-2
2023-03-02 15:17:19,15534,15534,15534,2,0
2023-03-02 15:17:19,15534,15534,15534,2,0
2023-03-02 15:17:19,15534,15534,15534,2,0
2023-03-02 15:17:19,15534,15534,15534,2,0
2023-03-02 15:17:19,15533,15533,15533,4,-4
2023-03-02 15:17:19,15533,15533,15533,2,0
2023-03-02 15:17:19,15533,15533,15533,2,0
2023-03-02 15:17:19,15533,15533,15533,2,0
2023-03-02 15:17:19,15535,15535,15535,4,4
2023-03-02 15:17:20,15534,15534,15534,2,-2
2023-03-02 15:17:21,15534,15534,15534,2,0
2023-03-02 15:17:22,15534,15534,15534,2,0
2023-03-02 15:17:25,15534,15534,15534,2,0
2023-03-02 15:17:25,15535,15535,15535,2,2
2023-03-02 15:17:26,15534,15534,15534,2,-2
2023-03-02 15:17:30,15534,15534,15534,2,0
2023-03-02 15:17:30,15534,15534,15534,2,0
2023-03-02 15:17:33,15534,15534,15534,2,0
2023-03-02 15:17:38,15533,15533,15533,4,-4
2023-03-02 15:17:38,15533,15533,15533,2,0
2023-03-02 15:17:38,15533,15533,15533,2,0
2023-03-02 15:17:40,15533,15533,15533,8,0
2023-03-02 15:17:40,15533,15533,15533,2,0
2023-03-02 15:17:41,15533,15533,15533,2,0
2023-03-02 15:17:43,15532,15532,15532,2,-2
2023-03-02 15:17:43,15532,15532,15532,2,0
2023-03-02 15:17:43,15532,15532,15532,10,0
2023-03-02 15:17:43,15532,15532,15532,2,0
2023-03-02 15:17:43,15532,15532,15532,2,0
2023-03-02 15:17:43,15532,15532,15532,2,0
2023-03-02 15:17:43,15532,15532,15532,2,0
2023-03-02 15:17:44,15533,15533,15533,2,2
2023-03-02 15:17:46,15533,15533,15533,2,0
2023-03-02 15:17:46,15533,15533,15533,2,0
2023-03-02 15:17:47,15532,15532,15532,2,-2
2023-03-02 15:17:48,15533,15533,15533,2,2
2023-03-02 15:17:48,15534,15534,15534,4,4
2023-03-02 15:17:54,15533,15533,15533,2,-2
2023-03-02 15:17:57,15533,15533,15533,2,0
2023-03-02 15:17:59,15533,15533,15533,2,0
2023-03-02 15:18:00,15533,15533,15533,2,0
2023-03-02 15:18:00,15533,15533,15533,2,0
2023-03-02 15:18:01,15533,15533,15533,2,0
2023-03-02 15:18:02,15532,15532,15532,2,-2
2023-03-02 15:18:02,15532,15532,15532,2,0
2023-03-02 15:18:02,15532,15532,15532,4,0
2023-03-02 15:18:02,15532,15532,15532,2,0
2023-03-02 15:18:02,15532,15532,15532,2,0
2023-03-02 15:18:04,15533,15533,15533,2,2
2023-03-02 15:18:04,15533,15533,15533,2,0
2023-03-02 15:18:05,15534,15534,15534,2,2
2023-03-02 15:18:07,15532,15532,15532,4,-4
2023-03-02 15:18:07,15532,15532,15532,2,0
2023-03-02 15:18:07,15532,15532,15532,2,0
2023-03-02 15:18:07,15532,15532,15532,2,0
2023-03-02 15:18:07,15532,15532,15532,2,0
2023-03-02 15:18:10,15532,15532,15532,2,0
2023-03-02 15:18:17,15534,15534,15534,2,2
2023-03-02 15:18:19,15533,15533,15533,2,-2
2023-03-02 15:18:19,15533,15533,15533,2,0
2023-03-02 15:18:19,15533,15533,15533,2,0
2023-03-02 15:18:28,15533,15533,15533,4,0
2023-03-02 15:18:31,15534,15534,15534,2,2
2023-03-02 15:18:33,15534,15534,15534,2,0
2023-03-02 15:18:34,15535,15535,15535,2,2
2023-03-02 15:18:39,15535,15535,15535,2,0
2023-03-02 15:18:40,15535,15535,15535,2,0
2023-03-02 15:18:40,15534,15534,15534,2,-2
2023-03-02 15:18:40,15534,15534,15534,2,0
2023-03-02 15:18:40,15534,15534,15534,2,0
2023-03-02 15:18:40,15534,15534,15534,2,0
2023-03-02 15:18:40,15534,15534,15534,2,0
2023-03-02 15:18:41,15535,15535,15535,4,4
2023-03-02 15:18:41,15536,15536,15536,4,4
2023-03-02 15:18:41,15534,15534,15534,4,-4
2023-03-02 15:18:41,15534,15534,15534,2,0
2023-03-02 15:18:41,15534,15534,15534,2,0
2023-03-02 15:18:41,15534,15534,15534,2,0
2023-03-02 15:18:41,15534,15534,15534,2,0
2023-03-02 15:18:43,15534,15534,15534,4,0
2023-03-02 15:18:43,15534,15534,15534,2,0
2023-03-02 15:18:43,15534,15534,15534,2,0
2023-03-02 15:18:47,15536,15536,15536,2,2
2023-03-02 15:18:48,15536,15536,15536,12,0
2023-03-02 15:18:54,15536,15536,15536,12,0
2023-03-02 15:18:55,15535,15535,15535,2,-2
2023-03-02 15:18:55,15536,15536,15536,2,2
2023-03-02 15:18:55,15537,15537,15537,10,10
2023-03-02 15:18:56,15537,15537,15537,4,0
2023-03-02 15:18:56,15538,15538,15538,8,8
2023-03-02 15:18:58,15538,15538,15538,12,0
2023-03-02 15:18:58,15539,15539,15539,2,2
2023-03-02 15:18:59,15539,15539,15539,12,0
2023-03-02 15:19:00,15539,15539,15539,2,0
2023-03-02 15:19:00,15540,15540,15540,10,10
2023-03-02 15:19:00,15538,15538,15538,2,-2
2023-03-02 15:19:04,15540,15540,15540,8,8
2023-03-02 15:19:05,15540,15540,15540,2,0
2023-03-02 15:19:05,15540,15540,15540,2,0
2023-03-02 15:19:07,15540,15540,15540,2,0
2023-03-02 15:19:07,15540,15540,15540,2,0
2023-03-02 15:19:08,15539,15539,15539,2,-2
2023-03-02 15:19:08,15539,15539,15539,2,0
2023-03-02 15:19:09,15540,15540,15540,2,2
2023-03-02 15:19:09,15540,15540,15540,2,0
2023-03-02 15:19:11,15538,15538,15538,2,-2
2023-03-02 15:19:14,15539,15539,15539,6,6
2023-03-02 15:19:15,15539,15539,15539,4,0
2023-03-02 15:19:18,15539,15539,15539,2,0
2023-03-02 15:19:30,15538,15538,15538,2,-2
2023-03-02 15:19:37,15538,15538,15538,4,0
2023-03-02 15:19:41,15538,15538,15538,2,0
2023-03-02 15:19:41,15538,15538,15538,4,0
2023-03-02 15:19:44,15538,15538,15538,4,0
2023-03-02 15:19:45,15538,15538,15538,2,0
2023-03-02 15:19:45,15538,15538,15538,2,0
2023-03-02 15:19:50,15539,15539,15539,4,4
2023-03-02 15:19:54,15539,15539,15539,2,0
2023-03-02 15:19:56,15540,15540,15540,2,2
2023-03-02 15:19:58,15539,15539,15539,2,-2
2023-03-02 15:20:03,15539,15539,15539,2,0
2023-03-02 15:20:06,15538,15538,15538,2,-2
2023-03-02 15:20:10,15538,15538,15538,2,0
2023-03-02 15:20:19,15538,15538,15538,2,0
2023-03-02 15:20:25,15539,15539,15539,2,2
2023-03-02 15:20:28,15539,15539,15539,2,0
2023-03-02 15:20:28,15540,15540,15540,4,4
2023-03-02 15:20:41,15540,15540,15540,14,0
2023-03-02 15:20:56,15539,15539,15539,2,-2
2023-03-02 15:20:56,15539,15539,15539,2,0
2023-03-02 15:21:02,15538,15538,15538,2,-2
2023-03-02 15:21:06,15538,15538,15538,2,0
2023-03-02 15:21:11,15538,15538,15538,2,0
2023-03-02 15:21:15,15538,15538,15538,2,0
2023-03-02 15:21:23,15538,15538,15538,2,0
2023-03-02 15:21:24,15538,15538,15538,2,0
2023-03-02 15:21:24,15538,15538,15538,2,0
2023-03-02 15:21:28,15537,15537,15537,2,-2
2023-03-02 15:21:28,15537,15537,15537,6,0
2023-03-02 15:21:28,15537,15537,15537,2,0
2023-03-02 15:21:40,15536,15536,15536,8,-8
2023-03-02 15:21:40,15536,15536,15536,2,0
2023-03-02 15:21:55,15535,15535,15535,2,-2
2023-03-02 15:21:55,15535,15535,15535,2,0
2023-03-02 15:21:55,15535,15535,15535,2,0
2023-03-02 15:21:55,15535,15535,15535,2,0
2023-03-02 15:21:58,15535,15535,15535,4,0
2023-03-02 15:22:01,15535,15535,15535,2,0
2023-03-02 15:22:02,15535,15535,15535,2,0
2023-03-02 15:22:05,15536,15536,15536,2,2
2023-03-02 15:22:05,15535,15535,15535,2,-2
2023-03-02 15:22:09,15535,15535,15535,2,0
2023-03-02 15:22:14,15536,15536,15536,2,2
2023-03-02 15:22:14,15536,15536,15536,2,0
2023-03-02 15:22:21,15536,15536,15536,2,0
2023-03-02 15:22:43,15536,15536,15536,2,0
2023-03-02 15:22:43,15536,15536,15536,2,0
2023-03-02 15:22:43,15536,15536,15536,2,0
2023-03-02 15:22:45,15536,15536,15536,2,0
2023-03-02 15:22:54,15535,15535,15535,2,-2
2023-03-02 15:23:11,15534,15534,15534,2,-2
2023-03-02 15:23:14,15535,15535,15535,2,2
2023-03-02 15:23:26,15534,15534,15534,2,-2
2023-03-02 15:23:26,15534,15534,15534,2,0
2023-03-02 15:23:26,15534,15534,15534,2,0
2023-03-02 15:23:26,15534,15534,15534,2,0
2023-03-02 15:23:26,15534,15534,15534,4,0
2023-03-02 15:23:29,15533,15533,15533,2,-2
2023-03-02 15:23:33,15533,15533,15533,2,0
2023-03-02 15:23:33,15533,15533,15533,2,0
2023-03-02 15:23:34,15533,15533,15533,2,0
2023-03-02 15:23:36,15534,15534,15534,2,2
2023-03-02 15:23:36,15533,15533,15533,2,-2
2023-03-02 15:23:37,15533,15533,15533,2,0
2023-03-02 15:23:37,15533,15533,15533,2,0
2023-03-02 15:23:46,15533,15533,15533,4,0
2023-03-02 15:23:52,15534,15534,15534,2,2
2023-03-02 15:23:53,15534,15534,15534,2,0
2023-03-02 15:23:53,15533,15533,15533,2,-2
2023-03-02 15:23:55,15533,15533,15533,24,0
2023-03-02 15:23:55,15533,15533,15533,2,0
2023-03-02 15:23:55,15533,15533,15533,2,0
2023-03-02 15:23:55,15533,15533,15533,2,0
2023-03-02 15:23:55,15533,15533,15533,2,0
2023-03-02 15:23:55,15533,15533,15533,2,0
2023-03-02 15:24:00,15532,15532,15532,2,-2
2023-03-02 15:24:01,15533,15533,15533,2,2
2023-03-02 15:24:01,15533,15533,15533,2,0
2023-03-02 15:24:01,15532,15532,15532,2,-2
2023-03-02 15:24:03,15532,15532,15532,2,0
2023-03-02 15:24:03,15532,15532,15532,2,0
2023-03-02 15:24:10,15533,15533,15533,4,4
2023-03-02 15:24:10,15533,15533,15533,2,0
2023-03-02 15:24:12,15532,15532,15532,2,-2
2023-03-02 15:24:17,15533,15533,15533,4,4
2023-03-02 15:24:19,15532,15532,15532,10,-10
2023-03-02 15:24:23,15532,15532,15532,2,0
2023-03-02 15:24:24,15532,15532,15532,2,0
2023-03-02 15:24:24,15532,15532,15532,2,0
2023-03-02 15:24:24,15532,15532,15532,6,0
2023-03-02 15:24:25,15532,15532,15532,4,0
2023-03-02 15:24:25,15532,15532,15532,2,0
2023-03-02 15:24:25,15532,15532,15532,4,0
2023-03-02 15:24:25,15532,15532,15532,10,0
2023-03-02 15:24:25,15533,15533,15533,10,10
2023-03-02 15:24:28,15533,15533,15533,10,0
2023-03-02 15:24:31,15533,15533,15533,2,0
2023-03-02 15:24:32,15531,15531,15531,2,-2
2023-03-02 15:24:32,15531,15531,15531,2,0
2023-03-02 15:24:32,15531,15531,15531,2,0
2023-03-02 15:24:32,15531,15531,15531,2,0
2023-03-02 15:24:47,15532,15532,15532,2,2
2023-03-02 15:24:48,15532,15532,15532,6,0
2023-03-02 15:24:48,15532,15532,15532,2,0
2023-03-02 15:24:51,15533,15533,15533,2,2
2023-03-02 15:24:51,15533,15533,15533,2,0
2023-03-02 15:24:51,15533,15533,15533,4,0
2023-03-02 15:24:51,15533,15533,15533,2,0
2023-03-02 15:24:51,15533,15533,15533,2,0
2023-03-02 15:24:52,15533,15533,15533,2,0
2023-03-02 15:24:54,15533,15533,15533,2,0
2023-03-02 15:24:54,15532,15532,15532,2,-2
2023-03-02 15:24:55,15533,15533,15533,2,2
2023-03-02 15:25:02,15534,15534,15534,2,2
2023-03-02 15:25:02,15534,15534,15534,2,0
2023-03-02 15:25:02,15534,15534,15534,6,0
2023-03-02 15:25:06,15535,15535,15535,2,2
2023-03-02 15:25:06,15535,15535,15535,4,0
2023-03-02 15:25:08,15535,15535,15535,2,0
2023-03-02 15:25:09,15534,15534,15534,2,-2
2023-03-02 15:25:09,15534,15534,15534,2,0
2023-03-02 15:25:09,15534,15534,15534,2,0
2023-03-02 15:25:09,15534,15534,15534,2,0
2023-03-02 15:25:20,15533,15533,15533,2,-2
2023-03-02 15:25:20,15533,15533,15533,2,0
2023-03-02 15:25:20,15533,15533,15533,4,0
2023-03-02 15:25:20,15533,15533,15533,2,0
2023-03-02 15:25:20,15533,15533,15533,2,0
2023-03-02 15:25:26,15533,15533,15533,2,0
2023-03-02 15:25:31,15533,15533,15533,2,0
2023-03-02 15:25:33,15532,15532,15532,2,-2
2023-03-02 15:25:40,15533,15533,15533,10,10
2023-03-02 15:25:40,15534,15534,15534,8,8
2023-03-02 15:25:43,15532,15532,15532,2,-2
2023-03-02 15:25:43,15532,15532,15532,2,0
2023-03-02 15:25:46,15532,15532,15532,2,0
2023-03-02 15:25:46,15532,15532,15532,2,0
2023-03-02 15:25:55,15534,15534,15534,4,4
2023-03-02 15:25:57,15533,15533,15533,2,-2
2023-03-02 15:25:59,15533,15533,15533,2,0
2023-03-02 15:26:13,15533,15533,15533,2,0
2023-03-02 15:26:32,15533,15533,15533,2,0
2023-03-02 15:26:32,15533,15533,15533,2,0
2023-03-02 15:26:32,15533,15533,15533,2,0
2023-03-02 15:26:32,15533,15533,15533,2,0
2023-03-02 15:26:32,15533,15533,15533,2,0
2023-03-02 15:26:32,15533,15533,15533,2,0
2023-03-02 15:26:32,15533,15533,15533,2,0
2023-03-02 15:26:32,15533,15533,15533,2,0
2023-03-02 15:26:33,15533,15533,15533,2,0
2023-03-02 15:26:42,15532,15532,15532,2,-2
2023-03-02 15:26:42,15532,15532,15532,4,0
2023-03-02 15:26:42,15532,15532,15532,4,0
2023-03-02 15:26:42,15532,15532,15532,4,0
2023-03-02 15:26:42,15532,15532,15532,2,0
2023-03-02 15:26:42,15532,15532,15532,2,0
2023-03-02 15:26:42,15532,15532,15532,2,0
2023-03-02 15:26:42,15532,15532,15532,2,0
2023-03-02 15:26:42,15532,15532,15532,2,0
2023-03-02 15:26:42,15532,15532,15532,2,0
2023-03-02 15:26:42,15532,15532,15532,2,0
2023-03-02 15:26:42,15531,15531,15531,2,-2
2023-03-02 15:26:42,15531,15531,15531,8,0
2023-03-02 15:26:42,15531,15531,15531,4,0
2023-03-02 15:26:42,15531,15531,15531,6,0
2023-03-02 15:26:42,15531,15531,15531,2,0
2023-03-02 15:26:42,15531,15531,15531,2,0
2023-03-02 15:26:42,15531,15531,15531,2,0
2023-03-02 15:26:42,15531,15531,15531,8,0
2023-03-02 15:26:42,15531,15531,15531,2,0
2023-03-02 15:26:42,15531,15531,15531,4,0
2023-03-02 15:26:42,15531,15531,15531,2,0
2023-03-02 15:26:42,15530,15530,15530,2,-2
2023-03-02 15:26:42,15530,15530,15530,2,0
2023-03-02 15:26:42,15530,15530,15530,2,0
2023-03-02 15:26:42,15530,15530,15530,2,0
2023-03-02 15:26:42,15530,15530,15530,2,0
2023-03-02 15:26:42,15530,15530,15530,2,0
2023-03-02 15:26:42,15530,15530,15530,2,0
2023-03-02 15:26:42,15530,15530,15530,2,0
2023-03-02 15:26:42,15530,15530,15530,2,0
2023-03-02 15:26:42,15530,15530,15530,2,0
2023-03-02 15:26:42,15530,15530,15530,2,0
2023-03-02 15:26:42,15530,15530,15530,2,0
2023-03-02 15:26:42,15530,15530,15530,8,0
2023-03-02 15:26:42,15530,15530,15530,2,0
2023-03-02 15:26:42,15530,15530,15530,4,0
2023-03-02 15:26:42,15530,15530,15530,2,0
2023-03-02 15:26:42,15530,15530,15530,2,0
2023-03-02 15:26:42,15530,15530,15530,2,0
2023-03-02 15:26:42,15530,15530,15530,2,0
2023-03-02 15:26:42,15530,15530,15530,4,0
2023-03-02 15:26:42,15530,15530,15530,2,0
2023-03-02 15:26:42,15530,15530,15530,2,0
2023-03-02 15:26:42,15529,15529,15529,2,-2
2023-03-02 15:26:42,15529,15529,15529,2,0
2023-03-02 15:26:42,15529,15529,15529,2,0
2023-03-02 15:26:42,15529,15529,15529,2,0
2023-03-02 15:26:42,15529,15529,15529,2,0
2023-03-02 15:26:42,15529,15529,15529,2,0
2023-03-02 15:26:42,15528,15528,15528,2,-2
2023-03-02 15:26:42,15528,15528,15528,2,0
2023-03-02 15:26:42,15528,15528,15528,2,0
2023-03-02 15:26:42,15528,15528,15528,2,0
2023-03-02 15:26:42,15528,15528,15528,2,0
2023-03-02 15:26:42,15528,15528,15528,2,0
2023-03-02 15:26:42,15528,15528,15528,2,0
2023-03-02 15:26:42,15528,15528,15528,4,0
2023-03-02 15:26:42,15528,15528,15528,2,0
2023-03-02 15:26:42,15528,15528,15528,2,0
2023-03-02 15:26:42,15528,15528,15528,4,0
2023-03-02 15:26:43,15527,15527,15527,2,-2
2023-03-02 15:26:43,15527,15527,15527,2,0
2023-03-02 15:26:43,15528,15528,15528,2,2
2023-03-02 15:26:52,15528,15528,15528,2,0
2023-03-02 15:26:52,15528,15528,15528,2,0
2023-03-02 15:26:53,15528,15528,15528,2,0
2023-03-02 15:26:53,15528,15528,15528,2,0
2023-03-02 15:26:53,15529,15529,15529,4,4
2023-03-02 15:26:55,15529,15529,15529,2,0
2023-03-02 15:26:55,15529,15529,15529,2,0
2023-03-02 15:26:55,15529,15529,15529,2,0
2023-03-02 15:26:55,15529,15529,15529,2,0
2023-03-02 15:27:00,15529,15529,15529,2,0
2023-03-02 15:27:02,15530,15530,15530,2,2
2023-03-02 15:27:10,15529,15529,15529,2,-2
2023-03-02 15:27:12,15530,15530,15530,2,2
2023-03-02 15:27:12,15528,15528,15528,2,-2
2023-03-02 15:27:12,15528,15528,15528,2,0
2023-03-02 15:27:16,15528,15528,15528,2,0
2023-03-02 15:27:17,15528,15528,15528,2,0
2023-03-02 15:27:17,15528,15528,15528,2,0
2023-03-02 15:27:17,15528,15528,15528,2,0
2023-03-02 15:27:17,15528,15528,15528,2,0
2023-03-02 15:27:17,15528,15528,15528,4,0
2023-03-02 15:27:17,15528,15528,15528,4,0
2023-03-02 15:27:17,15528,15528,15528,2,0
2023-03-02 15:27:21,15528,15528,15528,2,0
2023-03-02 15:27:22,15527,15527,15527,2,-2
2023-03-02 15:27:22,15527,15527,15527,2,0
2023-03-02 15:27:22,15527,15527,15527,2,0
2023-03-02 15:27:22,15527,15527,15527,2,0
2023-03-02 15:27:22,15527,15527,15527,2,0
2023-03-02 15:27:23,15528,15528,15528,4,4
2023-03-02 15:27:26,15526,15526,15526,2,-2
2023-03-02 15:27:26,15526,15526,15526,2,0
2023-03-02 15:27:26,15526,15526,15526,2,0
2023-03-02 15:27:26,15526,15526,15526,2,0
2023-03-02 15:27:26,15526,15526,15526,2,0
2023-03-02 15:27:26,15526,15526,15526,2,0
2023-03-02 15:27:26,15526,15526,15526,2,0
2023-03-02 15:27:28,15527,15527,15527,2,2
2023-03-02 15:27:29,15525,15525,15525,2,-2
2023-03-02 15:27:29,15525,15525,15525,2,0
2023-03-02 15:27:29,15525,15525,15525,2,0
2023-03-02 15:27:29,15525,15525,15525,2,0
2023-03-02 15:27:29,15525,15525,15525,2,0
2023-03-02 15:27:29,15525,15525,15525,2,0
2023-03-02 15:27:29,15525,15525,15525,2,0
2023-03-02 15:27:31,15525,15525,15525,2,0
2023-03-02 15:27:31,15525,15525,15525,2,0
2023-03-02 15:27:32,15525,15525,15525,2,0
2023-03-02 15:27:32,15525,15525,15525,4,0
2023-03-02 15:27:32,15525,15525,15525,4,0
2023-03-02 15:27:32,15525,15525,15525,2,0
2023-03-02 15:27:32,15525,15525,15525,4,0
2023-03-02 15:27:32,15524,15524,15524,2,-2
2023-03-02 15:27:32,15524,15524,15524,4,0
2023-03-02 15:27:32,15524,15524,15524,4,0
2023-03-02 15:27:32,15524,15524,15524,4,0
2023-03-02 15:27:32,15524,15524,15524,2,0
2023-03-02 15:27:32,15524,15524,15524,4,0
2023-03-02 15:27:32,15524,15524,15524,2,0
2023-03-02 15:27:32,15524,15524,15524,10,0
2023-03-02 15:27:32,15523,15523,15523,8,-8
2023-03-02 15:27:32,15523,15523,15523,2,0
2023-03-02 15:27:32,15523,15523,15523,2,0
2023-03-02 15:27:32,15523,15523,15523,2,0
2023-03-02 15:27:32,15523,15523,15523,2,0
2023-03-02 15:27:32,15523,15523,15523,2,0
2023-03-02 15:27:32,15523,15523,15523,4,0
2023-03-02 15:27:34,15524,15524,15524,2,2
2023-03-02 15:27:34,15523,15523,15523,2,-2
2023-03-02 15:27:35,15524,15524,15524,2,2
2023-03-02 15:27:35,15523,15523,15523,2,-2
2023-03-02 15:27:37,15523,15523,15523,2,0
2023-03-02 15:27:38,15523,15523,15523,2,0
2023-03-02 15:27:38,15523,15523,15523,2,0
2023-03-02 15:27:38,15523,15523,15523,2,0
2023-03-02 15:27:38,15523,15523,15523,2,0
2023-03-02 15:27:39,15524,15524,15524,2,2
2023-03-02 15:27:39,15523,15523,15523,2,-2
2023-03-02 15:27:39,15523,15523,15523,2,0
2023-03-02 15:27:41,15523,15523,15523,2,0
2023-03-02 15:27:41,15525,15525,15525,2,2
2023-03-02 15:27:45,15526,15526,15526,2,2
2023-03-02 15:27:46,15526,15526,15526,2,0
2023-03-02 15:27:46,15526,15526,15526,4,0
2023-03-02 15:27:46,15526,15526,15526,2,0
2023-03-02 15:27:46,15526,15526,15526,2,0
2023-03-02 15:27:46,15526,15526,15526,2,0
2023-03-02 15:27:46,15526,15526,15526,2,0
2023-03-02 15:27:46,15525,15525,15525,2,-2
2023-03-02 15:27:48,15525,15525,15525,2,0
2023-03-02 15:27:48,15525,15525,15525,2,0
2023-03-02 15:27:48,15525,15525,15525,2,0
2023-03-02 15:27:48,15525,15525,15525,2,0
2023-03-02 15:27:57,15525,15525,15525,4,0
2023-03-02 15:27:57,15525,15525,15525,2,0
2023-03-02 15:27:57,15525,15525,15525,2,0
2023-03-02 15:27:58,15525,15525,15525,2,0
2023-03-02 15:27:59,15525,15525,15525,2,0
2023-03-02 15:28:03,15526,15526,15526,2,2
2023-03-02 15:28:03,15526,15526,15526,2,0
2023-03-02 15:28:04,15526,15526,15526,2,0
2023-03-02 15:28:04,15526,15526,15526,2,0
2023-03-02 15:28:04,15525,15525,15525,2,-2
2023-03-02 15:28:04,15525,15525,15525,2,0
2023-03-02 15:28:04,15525,15525,15525,2,0
2023-03-02 15:28:04,15525,15525,15525,2,0
2023-03-02 15:28:04,15525,15525,15525,2,0
2023-03-02 15:28:04,15525,15525,15525,2,0
2023-03-02 15:28:04,15525,15525,15525,2,0
2023-03-02 15:28:04,15525,15525,15525,2,0
2023-03-02 15:28:04,15525,15525,15525,2,0
2023-03-02 15:28:04,15525,15525,15525,2,0
2023-03-02 15:28:04,15525,15525,15525,2,0
2023-03-02 15:28:04,15525,15525,15525,2,0
2023-03-02 15:28:04,15525,15525,15525,2,0
2023-03-02 15:28:05,15525,15525,15525,4,0
2023-03-02 15:28:05,15525,15525,15525,2,0
2023-03-02 15:28:07,15525,15525,15525,2,0
2023-03-02 15:28:07,15525,15525,15525,4,0
2023-03-02 15:28:07,15525,15525,15525,8,0
2023-03-02 15:28:07,15526,15526,15526,2,2
2023-03-02 15:28:08,15525,15525,15525,2,-2
2023-03-02 15:28:09,15526,15526,15526,2,2
2023-03-02 15:28:10,15526,15526,15526,2,0
2023-03-02 15:28:10,15525,15525,15525,2,-2
2023-03-02 15:28:10,15525,15525,15525,4,0
2023-03-02 15:28:11,15525,15525,15525,2,0
2023-03-02 15:28:11,15525,15525,15525,4,0
2023-03-02 15:28:13,15525,15525,15525,2,0
2023-03-02 15:28:13,15525,15525,15525,2,0
2023-03-02 15:28:14,15524,15524,15524,4,-4
2023-03-02 15:28:18,15525,15525,15525,2,2
2023-03-02 15:28:20,15524,15524,15524,6,-6
2023-03-02 15:28:20,15524,15524,15524,2,0
2023-03-02 15:28:20,15524,15524,15524,2,0
2023-03-02 15:28:20,15523,15523,15523,2,-2
2023-03-02 15:28:20,15523,15523,15523,2,0
2023-03-02 15:28:20,15523,15523,15523,2,0
2023-03-02 15:28:20,15523,15523,15523,4,0
2023-03-02 15:28:21,15524,15524,15524,4,4
2023-03-02 15:28:23,15524,15524,15524,4,0
2023-03-02 15:28:24,15523,15523,15523,2,-2
2023-03-02 15:28:24,15523,15523,15523,4,0
2023-03-02 15:28:24,15523,15523,15523,12,0
2023-03-02 15:28:24,15523,15523,15523,2,0
2023-03-02 15:28:26,15524,15524,15524,2,2
2023-03-02 15:28:30,15522,15522,15522,2,-2
2023-03-02 15:28:30,15522,15522,15522,2,0
2023-03-02 15:28:30,15523,15523,15523,2,2
2023-03-02 15:28:30,15523,15523,15523,2,0
2023-03-02 15:28:30,15524,15524,15524,2,2
2023-03-02 15:28:31,15522,15522,15522,2,-2
2023-03-02 15:28:31,15522,15522,15522,2,0
2023-03-02 15:28:32,15522,15522,15522,2,0
2023-03-02 15:28:34,15523,15523,15523,4,4
2023-03-02 15:28:35,15522,15522,15522,2,-2
2023-03-02 15:28:35,15522,15522,15522,2,0
2023-03-02 15:28:35,15522,15522,15522,4,0
2023-03-02 15:28:36,15522,15522,15522,2,0
2023-03-02 15:28:37,15522,15522,15522,2,0
2023-03-02 15:28:38,15524,15524,15524,2,2
2023-03-02 15:28:38,15524,15524,15524,2,0
2023-03-02 15:28:41,15524,15524,15524,8,0
2023-03-02 15:28:41,15525,15525,15525,2,2
2023-03-02 15:28:42,15525,15525,15525,10,0
2023-03-02 15:28:42,15524,15524,15524,2,-2
2023-03-02 15:28:42,15524,15524,15524,2,0
2023-03-02 15:28:42,15524,15524,15524,4,0
2023-03-02 15:28:42,15523,15523,15523,6,-6
2023-03-02 15:28:42,15523,15523,15523,4,0
2023-03-02 15:28:42,15523,15523,15523,2,0
2023-03-02 15:28:43,15525,15525,15525,10,10
2023-03-02 15:28:43,15523,15523,15523,2,-2
2023-03-02 15:28:44,15525,15525,15525,10,10
2023-03-02 15:28:45,15525,15525,15525,10,0
2023-03-02 15:28:46,15525,15525,15525,10,0
2023-03-02 15:28:46,15524,15524,15524,2,-2
2023-03-02 15:28:47,15524,15524,15524,2,0
2023-03-02 15:28:47,15524,15524,15524,2,0
2023-03-02 15:28:47,15524,15524,15524,2,0
2023-03-02 15:28:47,15524,15524,15524,2,0
2023-03-02 15:28:53,15524,15524,15524,2,0
2023-03-02 15:28:53,15524,15524,15524,2,0
2023-03-02 15:28:53,15523,15523,15523,2,-2
2023-03-02 15:28:53,15523,15523,15523,2,0
2023-03-02 15:28:53,15523,15523,15523,2,0
2023-03-02 15:28:53,15523,15523,15523,4,0
2023-03-02 15:28:53,15523,15523,15523,4,0
2023-03-02 15:28:56,15523,15523,15523,2,0
2023-03-02 15:28:56,15523,15523,15523,2,0
2023-03-02 15:28:56,15523,15523,15523,2,0
2023-03-02 15:28:56,15523,15523,15523,2,0
2023-03-02 15:28:56,15523,15523,15523,2,0
2023-03-02 15:28:58,15522,15522,15522,2,-2
2023-03-02 15:28:58,15522,15522,15522,2,0
2023-03-02 15:28:58,15522,15522,15522,2,0
2023-03-02 15:28:58,15522,15522,15522,2,0
2023-03-02 15:29:02,15522,15522,15522,2,0
2023-03-02 15:29:02,15522,15522,15522,4,0
2023-03-02 15:29:03,15521,15521,15521,2,-2
2023-03-02 15:29:03,15521,15521,15521,2,0
2023-03-02 15:29:03,15521,15521,15521,4,0
2023-03-02 15:29:05,15521,15521,15521,2,0
2023-03-02 15:29:06,15521,15521,15521,2,0
2023-03-02 15:29:06,15521,15521,15521,2,0
2023-03-02 15:29:06,15521,15521,15521,4,0
2023-03-02 15:29:06,15521,15521,15521,2,0
2023-03-02 15:29:06,15521,15521,15521,2,0
2023-03-02 15:29:06,15520,15520,15520,2,-2
2023-03-02 15:29:06,15520,15520,15520,2,0
2023-03-02 15:29:06,15520,15520,15520,2,0
2023-03-02 15:29:07,15520,15520,15520,2,0
2023-03-02 15:29:07,15520,15520,15520,2,0
2023-03-02 15:29:07,15520,15520,15520,2,0
2023-03-02 15:29:08,15521,15521,15521,2,2
2023-03-02 15:29:08,15521,15521,15521,4,0
2023-03-02 15:29:10,15520,15520,15520,2,-2
2023-03-02 15:29:11,15520,15520,15520,2,0
2023-03-02 15:29:12,15521,15521,15521,2,2
2023-03-02 15:29:14,15521,15521,15521,22,0
2023-03-02 15:29:14,15521,15521,15521,4,0
2023-03-02 15:29:14,15521,15521,15521,2,0
2023-03-02 15:29:14,15521,15521,15521,2,0
2023-03-02 15:29:14,15521,15521,15521,4,0
2023-03-02 15:29:14,15521,15521,15521,2,0
2023-03-02 15:29:14,15521,15521,15521,2,0
2023-03-02 15:29:15,15522,15522,15522,22,22
2023-03-02 15:29:17,15522,15522,15522,4,0
2023-03-02 15:29:20,15522,15522,15522,2,0
2023-03-02 15:29:20,15522,15522,15522,2,0
2023-03-02 15:29:20,15522,15522,15522,2,0
2023-03-02 15:29:20,15523,15523,15523,4,4
2023-03-02 15:29:20,15523,15523,15523,18,0
2023-03-02 15:29:22,15523,15523,15523,6,0
2023-03-02 15:29:22,15523,15523,15523,6,0
2023-03-02 15:29:22,15523,15523,15523,2,0
2023-03-02 15:29:24,15524,15524,15524,2,2
2023-03-02 15:29:25,15524,15524,15524,2,0
2023-03-02 15:29:25,15523,15523,15523,2,-2
2023-03-02 15:29:26,15524,15524,15524,2,2
2023-03-02 15:29:26,15524,15524,15524,2,0
2023-03-02 15:29:29,15525,15525,15525,6,6
2023-03-02 15:29:30,15524,15524,15524,2,-2
2023-03-02 15:29:31,15525,15525,15525,2,2
2023-03-02 15:29:31,15525,15525,15525,2,0
2023-03-02 15:29:31,15525,15525,15525,6,0
2023-03-02 15:29:31,15526,15526,15526,4,4
2023-03-02 15:29:31,15526,15526,15526,2,0
2023-03-02 15:29:33,15524,15524,15524,4,-4
2023-03-02 15:29:33,15524,15524,15524,6,0
2023-03-02 15:29:33,15524,15524,15524,2,0
2023-03-02 15:29:33,15524,15524,15524,2,0
2023-03-02 15:29:35,15524,15524,15524,4,0
2023-03-02 15:29:37,15524,15524,15524,2,0
2023-03-02 15:29:38,15523,15523,15523,2,-2
2023-03-02 15:29:38,15522,15522,15522,2,-2
2023-03-02 15:29:38,15522,15522,15522,2,0
2023-03-02 15:29:40,15522,15522,15522,2,0
2023-03-02 15:29:40,15524,15524,15524,2,2
2023-03-02 15:29:42,15523,15523,15523,2,-2
2023-03-02 15:29:44,15524,15524,15524,2,2
2023-03-02 15:29:46,15523,15523,15523,2,-2
2023-03-02 15:29:46,15522,15522,15522,2,-2
2023-03-02 15:29:48,15523,15523,15523,2,2
2023-03-02 15:29:52,15522,15522,15522,2,-2
2023-03-02 15:29:54,15522,15522,15522,2,0
2023-03-02 15:29:54,15522,15522,15522,2,0
2023-03-02 15:29:54,15522,15522,15522,2,0
2023-03-02 15:29:54,15522,15522,15522,2,0
2023-03-02 15:29:54,15522,15522,15522,2,0
2023-03-02 15:29:54,15522,15522,15522,2,0
2023-03-02 15:29:54,15522,15522,15522,2,0
2023-03-02 15:29:57,15521,15521,15521,2,-2
2023-03-02 15:29:57,15521,15521,15521,2,0
2023-03-02 15:30:02,15521,15521,15521,2,0
2023-03-02 15:30:02,15521,15521,15521,2,0
2023-03-02 15:30:02,15520,15520,15520,2,-2
2023-03-02 15:30:02,15520,15520,15520,2,0
2023-03-02 15:30:03,15520,15520,15520,2,0
2023-03-02 15:30:03,15520,15520,15520,2,0
2023-03-02 15:30:03,15520,15520,15520,2,0
2023-03-02 15:30:03,15520,15520,15520,2,0
2023-03-02 15:30:03,15520,15520,15520,2,0
2023-03-02 15:30:03,15520,15520,15520,2,0
2023-03-02 15:30:03,15520,15520,15520,2,0
2023-03-02 15:30:03,15520,15520,15520,2,0
2023-03-02 15:30:03,15520,15520,15520,2,0
2023-03-02 15:30:03,15520,15520,15520,2,0
2023-03-02 15:30:03,15519,15519,15519,2,-2
2023-03-02 15:30:03,15519,15519,15519,2,0
2023-03-02 15:30:03,15519,15519,15519,4,0
2023-03-02 15:30:03,15519,15519,15519,2,0
2023-03-02 15:30:03,15519,15519,15519,2,0
2023-03-02 15:30:03,15518,15518,15518,2,-2
2023-03-02 15:30:03,15518,15518,15518,2,0
2023-03-02 15:30:03,15519,15519,15519,4,4
2023-03-02 15:30:03,15519,15519,15519,6,0
2023-03-02 15:30:03,15519,15519,15519,2,0
2023-03-02 15:30:03,15520,15520,15520,12,12
2023-03-02 15:30:03,15521,15521,15521,4,4
2023-03-02 15:30:03,15520,15520,15520,2,-2
2023-03-02 15:30:05,15520,15520,15520,2,0
2023-03-02 15:30:05,15520,15520,15520,2,0
2023-03-02 15:30:05,15520,15520,15520,2,0
2023-03-02 15:30:05,15519,15519,15519,2,-2
2023-03-02 15:30:06,15521,15521,15521,2,2
2023-03-02 15:30:10,15521,15521,15521,2,0
2023-03-02 15:30:13,15522,15522,15522,2,2
2023-03-02 15:30:14,15523,15523,15523,16,16
2023-03-02 15:30:14,15523,15523,15523,18,0
2023-03-02 15:30:18,15522,15522,15522,2,-2
2023-03-02 15:30:18,15522,15522,15522,2,0
2023-03-02 15:30:18,15522,15522,15522,4,0
2023-03-02 15:30:18,15522,15522,15522,4,0
2023-03-02 15:30:18,15522,15522,15522,2,0
2023-03-02 15:30:18,15522,15522,15522,2,0
2023-03-02 15:30:18,15522,15522,15522,2,0
2023-03-02 15:30:18,15522,15522,15522,2,0
2023-03-02 15:30:21,15523,15523,15523,2,2
2023-03-02 15:30:22,15523,15523,15523,2,0
2023-03-02 15:30:28,15522,15522,15522,2,-2
2023-03-02 15:30:32,15524,15524,15524,2,2
2023-03-02 15:30:32,15523,15523,15523,2,-2
2023-03-02 15:30:33,15524,15524,15524,2,2
2023-03-02 15:30:36,15522,15522,15522,2,-2
2023-03-02 15:30:36,15523,15523,15523,2,2
2023-03-02 15:30:39,15523,15523,15523,10,0
2023-03-02 15:30:39,15524,15524,15524,10,10
2023-03-02 15:30:40,15523,15523,15523,2,-2
2023-03-02 15:30:41,15522,15522,15522,4,-4
2023-03-02 15:30:42,15522,15522,15522,2,0
2023-03-02 15:30:44,15523,15523,15523,2,2
2023-03-02 15:30:46,15523,15523,15523,2,0
2023-03-02 15:30:46,15523,15523,15523,4,0
2023-03-02 15:30:52,15523,15523,15523,2,0
2023-03-02 15:30:55,15523,15523,15523,2,0
2023-03-02 15:31:00,15524,15524,15524,2,2
2023-03-02 15:31:00,15524,15524,15524,6,0
2023-03-02 15:31:07,15524,15524,15524,2,0
2023-03-02 15:31:07,15524,15524,15524,2,0
2023-03-02 15:31:07,15524,15524,15524,2,0
2023-03-02 15:31:07,15524,15524,15524,2,0
2023-03-02 15:31:07,15523,15523,15523,2,-2
2023-03-02 15:31:10,15524,15524,15524,2,2
2023-03-02 15:31:10,15524,15524,15524,6,0
2023-03-02 15:31:10,15524,15524,15524,2,0
2023-03-02 15:31:15,15524,15524,15524,2,0
2023-03-02 15:31:27,15524,15524,15524,2,0
2023-03-02 15:31:33,15525,15525,15525,2,2
2023-03-02 15:31:34,15525,15525,15525,2,0
2023-03-02 15:31:39,15524,15524,15524,2,-2
2023-03-02 15:31:39,15524,15524,15524,2,0
2023-03-02 15:31:39,15525,15525,15525,28,28
2023-03-02 15:31:41,15525,15525,15525,2,0
2023-03-02 15:31:41,15525,15525,15525,2,0
2023-03-02 15:31:54,15525,15525,15525,4,0
2023-03-02 15:31:59,15525,15525,15525,6,0
2023-03-02 15:32:02,15524,15524,15524,2,-2
2023-03-02 15:32:02,15524,15524,15524,2,0
2023-03-02 15:32:02,15524,15524,15524,2,0
2023-03-02 15:32:02,15524,15524,15524,2,0
2023-03-02 15:32:02,15524,15524,15524,2,0
2023-03-02 15:32:02,15524,15524,15524,2,0
2023-03-02 15:32:02,15524,15524,15524,2,0
2023-03-02 15:32:04,15523,15523,15523,2,-2
2023-03-02 15:32:05,15524,15524,15524,6,6
2023-03-02 15:32:12,15523,15523,15523,2,-2
2023-03-02 15:32:12,15523,15523,15523,2,0
2023-03-02 15:32:14,15523,15523,15523,2,0
2023-03-02 15:32:14,15523,15523,15523,4,0
2023-03-02 15:32:16,15523,15523,15523,2,0
2023-03-02 15:32:30,15522,15522,15522,4,-4
2023-03-02 15:32:30,15522,15522,15522,2,0
2023-03-02 15:32:30,15522,15522,15522,2,0
2023-03-02 15:32:35,15521,15521,15521,2,-2
2023-03-02 15:32:38,15522,15522,15522,2,2
2023-03-02 15:32:39,15520,15520,15520,2,-2
2023-03-02 15:32:39,15520,15520,15520,2,0
2023-03-02 15:32:39,15522,15522,15522,2,2
2023-03-02 15:32:39,15520,15520,15520,2,-2
2023-03-02 15:32:41,15521,15521,15521,2,2
2023-03-02 15:32:42,15521,15521,15521,2,0
2023-03-02 15:32:43,15522,15522,15522,2,2
2023-03-02 15:32:45,15521,15521,15521,2,-2
2023-03-02 15:32:45,15521,15521,15521,2,0
2023-03-02 15:32:45,15521,15521,15521,2,0
2023-03-02 15:32:45,15521,15521,15521,2,0
2023-03-02 15:32:45,15521,15521,15521,2,0
2023-03-02 15:32:48,15522,15522,15522,2,2
2023-03-02 15:32:59,15522,15522,15522,2,0
2023-03-02 15:32:59,15521,15521,15521,2,-2
2023-03-02 15:32:59,15522,15522,15522,2,2
2023-03-02 15:33:11,15521,15521,15521,4,-4
2023-03-02 15:33:13,15522,15522,15522,8,8
2023-03-02 15:33:32,15522,15522,15522,4,0
2023-03-02 15:33:32,15521,15521,15521,2,-2
2023-03-02 15:33:32,15521,15521,15521,6,0
2023-03-02 15:33:32,15521,15521,15521,2,0
2023-03-02 15:33:32,15521,15521,15521,4,0
2023-03-02 15:33:32,15521,15521,15521,4,0
2023-03-02 15:33:32,15521,15521,15521,4,0
2023-03-02 15:33:32,15521,15521,15521,2,0
2023-03-02 15:33:32,15521,15521,15521,2,0
2023-03-02 15:33:32,15521,15521,15521,2,0
2023-03-02 15:33:32,15520,15520,15520,2,-2
2023-03-02 15:33:32,15520,15520,15520,2,0
2023-03-02 15:33:32,15520,15520,15520,2,0
2023-03-02 15:33:32,15520,15520,15520,2,0
2023-03-02 15:33:32,15520,15520,15520,2,0
2023-03-02 15:33:32,15520,15520,15520,2,0
2023-03-02 15:33:32,15520,15520,15520,2,0
2023-03-02 15:33:32,15520,15520,15520,2,0
2023-03-02 15:33:33,15521,15521,15521,2,2
2023-03-02 15:33:33,15521,15521,15521,10,0
2023-03-02 15:33:34,15521,15521,15521,2,0
2023-03-02 15:33:35,15519,15519,15519,2,-2
2023-03-02 15:33:35,15520,15520,15520,2,2
2023-03-02 15:33:38,15520,15520,15520,2,0
2023-03-02 15:33:40,15520,15520,15520,2,0
2023-03-02 15:33:46,15520,15520,15520,2,0
2023-03-02 15:33:49,15520,15520,15520,2,0
2023-03-02 15:33:50,15519,15519,15519,2,-2
2023-03-02 15:33:50,15519,15519,15519,2,0
2023-03-02 15:33:50,15519,15519,15519,2,0
2023-03-02 15:33:50,15519,15519,15519,4,0
2023-03-02 15:33:50,15519,15519,15519,4,0
2023-03-02 15:33:50,15519,15519,15519,2,0
2023-03-02 15:33:50,15519,15519,15519,2,0
2023-03-02 15:33:50,15519,15519,15519,2,0
2023-03-02 15:33:50,15519,15519,15519,12,0
2023-03-02 15:33:50,15520,15520,15520,22,22
2023-03-02 15:33:51,15518,15518,15518,2,-2
2023-03-02 15:33:51,15518,15518,15518,2,0
2023-03-02 15:33:52,15519,15519,15519,2,2
2023-03-02 15:33:52,15518,15518,15518,2,-2
2023-03-02 15:33:52,15518,15518,15518,2,0
2023-03-02 15:33:52,15518,15518,15518,2,0
2023-03-02 15:33:52,15518,15518,15518,4,0
2023-03-02 15:33:53,15519,15519,15519,2,2
2023-03-02 15:33:55,15518,15518,15518,4,-4
2023-03-02 15:33:59,15518,15518,15518,2,0
2023-03-02 15:34:03,15518,15518,15518,2,0
2023-03-02 15:34:05,15518,15518,15518,2,0
2023-03-02 15:34:05,15517,15517,15517,2,-2
2023-03-02 15:34:05,15517,15517,15517,2,0
2023-03-02 15:34:05,15517,15517,15517,6,0
2023-03-02 15:34:11,15519,15519,15519,2,2
2023-03-02 15:34:11,15519,15519,15519,2,0
2023-03-02 15:34:11,15519,15519,15519,2,0
2023-03-02 15:34:11,15519,15519,15519,4,0
2023-03-02 15:34:12,15519,15519,15519,2,0
2023-03-02 15:34:13,15519,15519,15519,2,0
2023-03-02 15:34:13,15519,15519,15519,2,0
2023-03-02 15:34:14,15518,15518,15518,2,-2
2023-03-02 15:34:14,15518,15518,15518,2,0
2023-03-02 15:34:14,15518,15518,15518,2,0
2023-03-02 15:34:14,15518,15518,15518,2,0
2023-03-02 15:34:15,15519,15519,15519,4,4
2023-03-02 15:34:16,15520,15520,15520,2,2
2023-03-02 15:34:16,15519,15519,15519,4,-4
2023-03-02 15:34:16,15519,15519,15519,4,0
2023-03-02 15:34:25,15520,15520,15520,2,2
2023-03-02 15:34:29,15520,15520,15520,2,0
2023-03-02 15:34:29,15519,15519,15519,2,-2
2023-03-02 15:34:30,15520,15520,15520,2,2
2023-03-02 15:34:33,15520,15520,15520,2,0
2023-03-02 15:34:33,15519,15519,15519,2,-2
2023-03-02 15:34:34,15520,15520,15520,2,2
2023-03-02 15:34:39,15519,15519,15519,2,-2
2023-03-02 15:34:40,15520,15520,15520,2,2
2023-03-02 15:34:40,15520,15520,15520,8,0
2023-03-02 15:34:40,15520,15520,15520,2,0
2023-03-02 15:34:40,15520,15520,15520,4,0
2023-03-02 15:34:40,15520,15520,15520,8,0
2023-03-02 15:34:41,15520,15520,15520,2,0
2023-03-02 15:34:43,15520,15520,15520,2,0
2023-03-02 15:34:45,15520,15520,15520,2,0
2023-03-02 15:34:46,15521,15521,15521,2,2
2023-03-02 15:34:46,15521,15521,15521,2,0
2023-03-02 15:34:48,15521,15521,15521,2,0
2023-03-02 15:34:48,15521,15521,15521,2,0
2023-03-02 15:34:49,15521,15521,15521,2,0
2023-03-02 15:34:49,15521,15521,15521,2,0
2023-03-02 15:34:50,15521,15521,15521,2,0
2023-03-02 15:35:05,15522,15522,15522,4,4
2023-03-02 15:35:07,15521,15521,15521,2,-2
2023-03-02 15:35:13,15522,15522,15522,2,2
2023-03-02 15:35:13,15522,15522,15522,2,0
2023-03-02 15:35:20,15522,15522,15522,2,0
2023-03-02 15:35:33,15522,15522,15522,2,0
2023-03-02 15:35:33,15522,15522,15522,4,0
2023-03-02 15:35:33,15521,15521,15521,2,-2
2023-03-02 15:35:36,15521,15521,15521,2,0
2023-03-02 15:35:37,15523,15523,15523,2,2
2023-03-02 15:35:40,15523,15523,15523,2,0
2023-03-02 15:35:44,15522,15522,15522,2,-2
2023-03-02 15:35:48,15522,15522,15522,2,0
2023-03-02 15:35:48,15521,15521,15521,4,-4
2023-03-02 15:35:49,15522,15522,15522,10,10
2023-03-02 15:35:53,15523,15523,15523,2,2
2023-03-02 15:35:59,15523,15523,15523,2,0
2023-03-02 15:36:03,15522,15522,15522,2,-2
2023-03-02 15:36:08,15521,15521,15521,2,-2
2023-03-02 15:36:08,15521,15521,15521,2,0
2023-03-02 15:36:08,15521,15521,15521,2,0
2023-03-02 15:36:08,15521,15521,15521,4,0
2023-03-02 15:36:08,15521,15521,15521,4,0
2023-03-02 15:36:08,15521,15521,15521,4,0
2023-03-02 15:36:08,15521,15521,15521,2,0
2023-03-02 15:36:11,15521,15521,15521,2,0
2023-03-02 15:36:12,15520,15520,15520,2,-2
2023-03-02 15:36:12,15520,15520,15520,2,0
2023-03-02 15:36:12,15520,15520,15520,2,0
2023-03-02 15:36:12,15520,15520,15520,2,0
2023-03-02 15:36:13,15520,15520,15520,2,0
2023-03-02 15:36:17,15520,15520,15520,2,0
2023-03-02 15:36:17,15520,15520,15520,2,0
2023-03-02 15:36:17,15520,15520,15520,4,0
2023-03-02 15:36:28,15520,15520,15520,2,0
2023-03-02 15:36:34,15520,15520,15520,4,0
2023-03-02 15:36:35,15519,15519,15519,2,-2
2023-03-02 15:36:38,15519,15519,15519,6,0
2023-03-02 15:36:48,15519,15519,15519,2,0
2023-03-02 15:36:55,15520,15520,15520,2,2
2023-03-02 15:37:00,15520,15520,15520,2,0
2023-03-02 15:37:00,15520,15520,15520,8,0
2023-03-02 15:37:00,15520,15520,15520,4,0
2023-03-02 15:37:00,15520,15520,15520,12,0
2023-03-02 15:37:13,15521,15521,15521,2,2
2023-03-02 15:37:27,15521,15521,15521,2,0
2023-03-02 15:37:27,15521,15521,15521,2,0
2023-03-02 15:37:27,15521,15521,15521,2,0
2023-03-02 15:37:27,15521,15521,15521,2,0
2023-03-02 15:37:27,15521,15521,15521,2,0
2023-03-02 15:37:28,15522,15522,15522,2,2
2023-03-02 15:37:33,15521,15521,15521,2,-2
2023-03-02 15:37:33,15521,15521,15521,2,0
2023-03-02 15:37:33,15521,15521,15521,2,0
2023-03-02 15:37:51,15521,15521,15521,4,0
2023-03-02 15:37:56,15520,15520,15520,2,-2
2023-03-02 15:37:56,15520,15520,15520,2,0
2023-03-02 15:37:56,15521,15521,15521,2,2
2023-03-02 15:38:03,15520,15520,15520,2,-2
2023-03-02 15:38:03,15520,15520,15520,2,0
2023-03-02 15:38:03,15520,15520,15520,2,0
2023-03-02 15:38:03,15520,15520,15520,2,0
2023-03-02 15:38:11,15520,15520,15520,2,0
2023-03-02 15:38:11,15520,15520,15520,2,0
2023-03-02 15:38:11,15520,15520,15520,2,0
2023-03-02 15:38:11,15520,15520,15520,2,0
2023-03-02 15:38:12,15520,15520,15520,2,0
2023-03-02 15:38:16,15519,15519,15519,8,-8
2023-03-02 15:38:19,15520,15520,15520,2,2
2023-03-02 15:38:25,15519,15519,15519,2,-2
2023-03-02 15:38:25,15520,15520,15520,2,2
2023-03-02 15:38:35,15520,15520,15520,4,0
2023-03-02 15:38:35,15520,15520,15520,2,0
2023-03-02 15:38:40,15521,15521,15521,2,2
2023-03-02 15:38:40,15520,15520,15520,4,-4
2023-03-02 15:38:40,15520,15520,15520,2,0
2023-03-02 15:38:49,15521,15521,15521,2,2
2023-03-02 15:38:50,15521,15521,15521,2,0
2023-03-02 15:38:59,15521,15521,15521,2,0
2023-03-02 15:39:00,15521,15521,15521,2,0
2023-03-02 15:39:03,15522,15522,15522,2,2
2023-03-02 15:39:03,15521,15521,15521,2,-2
2023-03-02 15:39:13,15521,15521,15521,2,0
2023-03-02 15:39:18,15521,15521,15521,2,0
2023-03-02 15:39:22,15522,15522,15522,2,2
2023-03-02 15:39:22,15522,15522,15522,8,0
2023-03-02 15:39:22,15522,15522,15522,2,0
2023-03-02 15:39:22,15522,15522,15522,2,0
2023-03-02 15:39:22,15522,15522,15522,10,0
2023-03-02 15:39:22,15522,15522,15522,2,0
2023-03-02 15:39:22,15522,15522,15522,4,0
2023-03-02 15:39:22,15522,15522,15522,4,0
2023-03-02 15:39:24,15523,15523,15523,2,2
2023-03-02 15:39:24,15523,15523,15523,2,0
2023-03-02 15:39:26,15522,15522,15522,2,-2
2023-03-02 15:39:26,15522,15522,15522,2,0
2023-03-02 15:39:26,15522,15522,15522,2,0
2023-03-02 15:39:26,15522,15522,15522,2,0
2023-03-02 15:39:26,15522,15522,15522,2,0
2023-03-02 15:39:26,15522,15522,15522,4,0
2023-03-02 15:39:27,15523,15523,15523,2,2
2023-03-02 15:39:31,15523,15523,15523,4,0
2023-03-02 15:39:32,15523,15523,15523,2,0
2023-03-02 15:39:34,15523,15523,15523,2,0
2023-03-02 15:39:35,15523,15523,15523,2,0
2023-03-02 15:39:35,15523,15523,15523,2,0
2023-03-02 15:39:35,15523,15523,15523,2,0
2023-03-02 15:39:35,15523,15523,15523,2,0
2023-03-02 15:39:35,15523,15523,15523,4,0
2023-03-02 15:39:45,15524,15524,15524,2,2
2023-03-02 15:39:45,15522,15522,15522,2,-2
2023-03-02 15:39:45,15522,15522,15522,2,0
2023-03-02 15:39:45,15524,15524,15524,2,2
2023-03-02 15:39:47,15524,15524,15524,2,0
2023-03-02 15:39:49,15524,15524,15524,2,0
2023-03-02 15:39:49,15524,15524,15524,4,0
2023-03-02 15:39:49,15524,15524,15524,2,0
2023-03-02 15:39:50,15523,15523,15523,2,-2
2023-03-02 15:39:50,15524,15524,15524,2,2
2023-03-02 15:39:50,15523,15523,15523,2,-2
2023-03-02 15:39:56,15524,15524,15524,2,2
2023-03-02 15:39:56,15523,15523,15523,2,-2
2023-03-02 15:40:03,15525,15525,15525,2,2
2023-03-02 15:40:04,15525,15525,15525,2,0
2023-03-02 15:40:04,15524,15524,15524,2,-2
2023-03-02 15:40:07,15524,15524,15524,2,0
2023-03-02 15:40:09,15523,15523,15523,2,-2
2023-03-02 15:40:11,15523,15523,15523,2,0
2023-03-02 15:40:15,15523,15523,15523,2,0
2023-03-02 15:40:15,15523,15523,15523,2,0
2023-03-02 15:40:17,15522,15522,15522,2,-2
2023-03-02 15:40:17,15522,15522,15522,2,0
2023-03-02 15:40:28,15522,15522,15522,2,0
2023-03-02 15:40:28,15522,15522,15522,2,0
2023-03-02 15:40:28,15522,15522,15522,2,0
2023-03-02 15:40:28,15523,15523,15523,2,2
2023-03-02 15:40:33,15524,15524,15524,4,4
2023-03-02 15:40:40,15524,15524,15524,4,0
2023-03-02 15:40:40,15524,15524,15524,2,0
2023-03-02 15:40:40,15524,15524,15524,2,0
2023-03-02 15:40:40,15524,15524,15524,2,0
2023-03-02 15:40:40,15524,15524,15524,2,0
2023-03-02 15:40:40,15524,15524,15524,2,0
2023-03-02 15:40:40,15524,15524,15524,2,0
2023-03-02 15:40:40,15524,15524,15524,2,0
2023-03-02 15:40:41,15524,15524,15524,2,0
2023-03-02 15:41:06,15524,15524,15524,4,0
2023-03-02 15:41:07,15525,15525,15525,4,4
2023-03-02 15:41:13,15525,15525,15525,2,0
2023-03-02 15:41:15,15525,15525,15525,2,0
2023-03-02 15:41:16,15525,15525,15525,2,0
2023-03-02 15:41:18,15524,15524,15524,2,-2
2023-03-02 15:41:19,15525,15525,15525,2,2
2023-03-02 15:41:21,15524,15524,15524,2,-2
2023-03-02 15:41:21,15524,15524,15524,2,0
2023-03-02 15:41:21,15524,15524,15524,2,0
2023-03-02 15:41:30,15524,15524,15524,2,0
2023-03-02 15:41:31,15525,15525,15525,2,2
2023-03-02 15:41:33,15523,15523,15523,2,-2
2023-03-02 15:41:33,15523,15523,15523,2,0
2023-03-02 15:41:33,15523,15523,15523,2,0
2023-03-02 15:41:35,15523,15523,15523,2,0
2023-03-02 15:41:35,15523,15523,15523,2,0
2023-03-02 15:41:35,15523,15523,15523,2,0
2023-03-02 15:41:38,15522,15522,15522,2,-2
2023-03-02 15:41:40,15523,15523,15523,8,8
2023-03-02 15:41:42,15522,15522,15522,4,-4
2023-03-02 15:41:45,15522,15522,15522,2,0
2023-03-02 15:41:45,15522,15522,15522,2,0
2023-03-02 15:41:48,15522,15522,15522,2,0
2023-03-02 15:41:50,15522,15522,15522,2,0
2023-03-02 15:41:51,15522,15522,15522,2,0
2023-03-02 15:41:58,15522,15522,15522,2,0
2023-03-02 15:42:02,15521,15521,15521,2,-2
2023-03-02 15:42:03,15521,15521,15521,2,0
2023-03-02 15:42:03,15521,15521,15521,2,0
2023-03-02 15:42:03,15523,15523,15523,2,2
2023-03-02 15:42:12,15522,15522,15522,6,-6
2023-03-02 15:42:16,15522,15522,15522,8,0
2023-03-02 15:42:21,15521,15521,15521,2,-2
2023-03-02 15:42:26,15521,15521,15521,2,0
2023-03-02 15:42:30,15522,15522,15522,2,2
2023-03-02 15:42:30,15522,15522,15522,2,0
2023-03-02 15:42:30,15522,15522,15522,2,0
2023-03-02 15:42:36,15522,15522,15522,4,0
2023-03-02 15:42:38,15521,15521,15521,2,-2
2023-03-02 15:42:38,15521,15521,15521,2,0
2023-03-02 15:42:38,15521,15521,15521,2,0
2023-03-02 15:42:38,15521,15521,15521,2,0
2023-03-02 15:42:38,15521,15521,15521,2,0
2023-03-02 15:42:38,15521,15521,15521,2,0
2023-03-02 15:42:38,15521,15521,15521,4,0
2023-03-02 15:42:38,15521,15521,15521,2,0
2023-03-02 15:42:45,15520,15520,15520,2,-2
2023-03-02 15:42:45,15520,15520,15520,2,0
2023-03-02 15:42:45,15520,15520,15520,2,0
2023-03-02 15:42:47,15520,15520,15520,8,0
2023-03-02 15:42:50,15520,15520,15520,2,0
2023-03-02 15:42:51,15521,15521,15521,4,4
2023-03-02 15:42:56,15520,15520,15520,2,-2
2023-03-02 15:42:59,15521,15521,15521,4,4
2023-03-02 15:43:01,15520,15520,15520,4,-4
2023-03-02 15:43:01,15520,15520,15520,2,0
2023-03-02 15:43:01,15520,15520,15520,6,0
2023-03-02 15:43:01,15520,15520,15520,2,0
2023-03-02 15:43:04,15521,15521,15521,2,2
2023-03-02 15:43:05,15520,15520,15520,10,-10
2023-03-02 15:43:05,15520,15520,15520,2,0
2023-03-02 15:43:05,15520,15520,15520,2,0
2023-03-02 15:43:05,15520,15520,15520,4,0
2023-03-02 15:43:05,15520,15520,15520,2,0
2023-03-02 15:43:05,15520,15520,15520,2,0
2023-03-02 15:43:05,15520,15520,15520,2,0
2023-03-02 15:43:05,15520,15520,15520,2,0
2023-03-02 15:43:05,15520,15520,15520,2,0
2023-03-02 15:43:05,15520,15520,15520,2,0
2023-03-02 15:43:05,15520,15520,15520,4,0
2023-03-02 15:43:05,15520,15520,15520,4,0
2023-03-02 15:43:18,15519,15519,15519,2,-2
2023-03-02 15:43:18,15519,15519,15519,4,0
2023-03-02 15:43:18,15519,15519,15519,2,0
2023-03-02 15:43:18,15519,15519,15519,2,0
2023-03-02 15:43:18,15519,15519,15519,2,0
2023-03-02 15:43:18,15519,15519,15519,4,0
2023-03-02 15:43:18,15519,15519,15519,2,0
2023-03-02 15:43:18,15519,15519,15519,2,0
2023-03-02 15:43:18,15519,15519,15519,2,0
2023-03-02 15:43:18,15519,15519,15519,2,0
2023-03-02 15:43:18,15519,15519,15519,2,0
2023-03-02 15:43:18,15519,15519,15519,2,0
2023-03-02 15:43:18,15519,15519,15519,4,0
2023-03-02 15:43:18,15519,15519,15519,6,0
2023-03-02 15:43:18,15519,15519,15519,2,0
2023-03-02 15:43:18,15518,15518,15518,2,-2
2023-03-02 15:43:18,15518,15518,15518,2,0
2023-03-02 15:43:18,15518,15518,15518,2,0
2023-03-02 15:43:18,15518,15518,15518,2,0
2023-03-02 15:43:19,15518,15518,15518,2,0
2023-03-02 15:43:20,15519,15519,15519,2,2
2023-03-02 15:43:22,15518,15518,15518,2,-2
2023-03-02 15:43:23,15518,15518,15518,2,0
2023-03-02 15:43:34,15519,15519,15519,4,4
2023-03-02 15:43:34,15519,15519,15519,4,0
2023-03-02 15:43:37,15519,15519,15519,2,0
2023-03-02 15:43:46,15519,15519,15519,2,0
2023-03-02 15:43:46,15519,15519,15519,4,0
2023-03-02 15:43:46,15519,15519,15519,2,0
2023-03-02 15:43:52,15519,15519,15519,2,0
2023-03-02 15:43:52,15519,15519,15519,2,0
2023-03-02 15:43:52,15519,15519,15519,2,0
2023-03-02 15:43:52,15519,15519,15519,2,0
2023-03-02 15:43:52,15519,15519,15519,2,0
2023-03-02 15:43:52,15519,15519,15519,2,0
2023-03-02 15:43:52,15519,15519,15519,2,0
2023-03-02 15:43:52,15519,15519,15519,2,0
2023-03-02 15:43:52,15519,15519,15519,2,0
2023-03-02 15:43:52,15519,15519,15519,2,0
2023-03-02 15:43:52,15519,15519,15519,2,0
2023-03-02 15:43:53,15519,15519,15519,2,0
2023-03-02 15:43:54,15518,15518,15518,2,-2
2023-03-02 15:43:54,15518,15518,15518,2,0
2023-03-02 15:43:54,15518,15518,15518,2,0
2023-03-02 15:43:54,15518,15518,15518,2,0
2023-03-02 15:43:54,15518,15518,15518,4,0
2023-03-02 15:43:54,15518,15518,15518,2,0
2023-03-02 15:43:54,15518,15518,15518,2,0
2023-03-02 15:44:01,15518,15518,15518,2,0
2023-03-02 15:44:03,15519,15519,15519,4,4
2023-03-02 15:44:03,15518,15518,15518,8,-8
2023-03-02 15:44:08,15518,15518,15518,2,0
2023-03-02 15:44:08,15518,15518,15518,2,0
2023-03-02 15:44:08,15518,15518,15518,2,0
2023-03-02 15:44:08,15518,15518,15518,2,0
2023-03-02 15:44:08,15518,15518,15518,2,0
2023-03-02 15:44:08,15517,15517,15517,8,-8
2023-03-02 15:44:08,15517,15517,15517,4,0
2023-03-02 15:44:08,15517,15517,15517,4,0
2023-03-02 15:44:08,15517,15517,15517,2,0
2023-03-02 15:44:08,15517,15517,15517,2,0
2023-03-02 15:44:10,15517,15517,15517,2,0
2023-03-02 15:44:10,15517,15517,15517,2,0
2023-03-02 15:44:10,15517,15517,15517,2,0
2023-03-02 15:44:10,15517,15517,15517,2,0
2023-03-02 15:44:13,15517,15517,15517,2,0
2023-03-02 15:44:13,15517,15517,15517,2,0
2023-03-02 15:44:18,15517,15517,15517,2,0
2023-03-02 15:44:18,15517,15517,15517,2,0
2023-03-02 15:44:21,15518,15518,15518,2,2
2023-03-02 15:44:21,15518,15518,15518,4,0
2023-03-02 15:44:23,15519,15519,15519,2,2
2023-03-02 15:44:23,15519,15519,15519,2,0
2023-03-02 15:44:24,15520,15520,15520,4,4
2023-03-02 15:44:24,15520,15520,15520,4,0
2023-03-02 15:44:24,15520,15520,15520,2,0
2023-03-02 15:44:27,15521,15521,15521,2,2
2023-03-02 15:44:28,15521,15521,15521,2,0
2023-03-02 15:44:37,15520,15520,15520,2,-2
2023-03-02 15:44:52,15520,15520,15520,2,0
2023-03-02 15:44:52,15520,15520,15520,2,0
2023-03-02 15:44:55,15521,15521,15521,2,2
2023-03-02 15:45:03,15521,15521,15521,2,0
2023-03-02 15:45:17,15521,15521,15521,2,0
2023-03-02 15:45:18,15521,15521,15521,2,0
2023-03-02 15:45:19,15521,15521,15521,2,0
2023-03-02 15:45:19,15521,15521,15521,2,0
2023-03-02 15:45:19,15521,15521,15521,2,0
2023-03-02 15:45:24,15522,15522,15522,2,2
2023-03-02 15:45:25,15522,15522,15522,10,0
2023-03-02 15:45:36,15523,15523,15523,2,2
2023-03-02 15:45:38,15522,15522,15522,2,-2
2023-03-02 15:45:40,15523,15523,15523,2,2
2023-03-02 15:45:40,15523,15523,15523,4,0
2023-03-02 15:45:40,15523,15523,15523,2,0
2023-03-02 15:45:40,15523,15523,15523,2,0
2023-03-02 15:45:40,15523,15523,15523,2,0
2023-03-02 15:45:40,15523,15523,15523,6,0
2023-03-02 15:45:46,15524,15524,15524,2,2
2023-03-02 15:45:48,15524,15524,15524,2,0
2023-03-02 15:45:49,15523,15523,15523,2,-2
2023-03-02 15:45:49,15523,15523,15523,2,0
2023-03-02 15:45:49,15523,15523,15523,4,0
2023-03-02 15:46:00,15523,15523,15523,2,0
2023-03-02 15:46:03,15523,15523,15523,2,0
2023-03-02 15:46:03,15523,15523,15523,2,0
2023-03-02 15:46:04,15524,15524,15524,2,2
2023-03-02 15:46:14,15523,15523,15523,2,-2
2023-03-02 15:46:17,15524,15524,15524,2,2
2023-03-02 15:46:20,15524,15524,15524,2,0
2023-03-02 15:46:21,15524,15524,15524,2,0
2023-03-02 15:46:46,15523,15523,15523,2,-2
2023-03-02 15:46:46,15523,15523,15523,2,0
2023-03-02 15:46:46,15523,15523,15523,2,0
2023-03-02 15:46:46,15523,15523,15523,2,0
2023-03-02 15:46:46,15523,15523,15523,2,0
2023-03-02 15:47:00,15523,15523,15523,2,0
2023-03-02 15:47:00,15522,15522,15522,2,-2
2023-03-02 15:47:02,15522,15522,15522,2,0
2023-03-02 15:47:09,15523,15523,15523,2,2
2023-03-02 15:47:14,15523,15523,15523,2,0
2023-03-02 15:47:27,15522,15522,15522,2,-2
2023-03-02 15:47:27,15522,15522,15522,2,0
2023-03-02 15:47:27,15522,15522,15522,2,0
2023-03-02 15:47:27,15523,15523,15523,8,8
2023-03-02 15:47:39,15522,15522,15522,2,-2
2023-03-02 15:47:50,15522,15522,15522,2,0
2023-03-02 15:47:50,15522,15522,15522,2,0
2023-03-02 15:47:56,15522,15522,15522,2,0
2023-03-02 15:47:57,15522,15522,15522,2,0
2023-03-02 15:48:00,15523,15523,15523,4,4
2023-03-02 15:48:04,15522,15522,15522,4,-4
2023-03-02 15:48:05,15523,15523,15523,2,2
2023-03-02 15:48:05,15523,15523,15523,2,0
2023-03-02 15:48:08,15523,15523,15523,2,0
2023-03-02 15:48:08,15523,15523,15523,4,0
2023-03-02 15:48:08,15523,15523,15523,6,0
2023-03-02 15:48:08,15523,15523,15523,6,0
2023-03-02 15:48:08,15523,15523,15523,12,0
2023-03-02 15:48:08,15523,15523,15523,2,0
2023-03-02 15:48:08,15523,15523,15523,12,0
2023-03-02 15:48:08,15523,15523,15523,2,0
2023-03-02 15:48:08,15523,15523,15523,4,0
2023-03-02 15:48:08,15523,15523,15523,2,0
2023-03-02 15:48:08,15523,15523,15523,4,0
2023-03-02 15:48:08,15523,15523,15523,26,0
2023-03-02 15:48:08,15523,15523,15523,4,0
2023-03-02 15:48:08,15523,15523,15523,12,0
2023-03-02 15:48:09,15523,15523,15523,2,0
2023-03-02 15:48:14,15522,15522,15522,2,-2
2023-03-02 15:48:23,15523,15523,15523,4,4
2023-03-02 15:48:24,15524,15524,15524,2,2
2023-03-02 15:48:24,15524,15524,15524,6,0
2023-03-02 15:48:30,15524,15524,15524,2,0
2023-03-02 15:48:31,15524,15524,15524,2,0
2023-03-02 15:48:36,15524,15524,15524,2,0
2023-03-02 15:48:45,15524,15524,15524,2,0
2023-03-02 15:48:45,15524,15524,15524,2,0
2023-03-02 15:48:45,15524,15524,15524,6,0
2023-03-02 15:48:45,15524,15524,15524,4,0
2023-03-02 15:48:45,15524,15524,15524,2,0
2023-03-02 15:48:45,15524,15524,15524,4,0
2023-03-02 15:48:45,15524,15524,15524,8,0
2023-03-02 15:48:45,15524,15524,15524,4,0
2023-03-02 15:48:45,15524,15524,15524,4,0
2023-03-02 15:48:45,15524,15524,15524,2,0
2023-03-02 15:48:47,15525,15525,15525,2,2
2023-03-02 15:48:47,15525,15525,15525,2,0
2023-03-02 15:48:49,15525,15525,15525,2,0
2023-03-02 15:48:50,15525,15525,15525,2,0
2023-03-02 15:48:52,15525,15525,15525,2,0
2023-03-02 15:48:53,15525,15525,15525,6,0
2023-03-02 15:48:54,15525,15525,15525,18,0
2023-03-02 15:48:54,15525,15525,15525,2,0
2023-03-02 15:48:54,15525,15525,15525,2,0
2023-03-02 15:48:54,15525,15525,15525,4,0
2023-03-02 15:48:56,15524,15524,15524,2,-2
2023-03-02 15:48:57,15523,15523,15523,4,-4
2023-03-02 15:48:59,15524,15524,15524,2,2
2023-03-02 15:49:01,15524,15524,15524,4,0
2023-03-02 15:49:02,15524,15524,15524,2,0
2023-03-02 15:49:06,15524,15524,15524,2,0
2023-03-02 15:49:08,15524,15524,15524,4,0
2023-03-02 15:49:14,15524,15524,15524,2,0
2023-03-02 15:49:14,15524,15524,15524,2,0
2023-03-02 15:49:14,15524,15524,15524,2,0
2023-03-02 15:49:14,15524,15524,15524,2,0
2023-03-02 15:49:14,15524,15524,15524,2,0
2023-03-02 15:49:14,15524,15524,15524,2,0
2023-03-02 15:49:17,15524,15524,15524,2,0
2023-03-02 15:49:19,15524,15524,15524,2,0
2023-03-02 15:49:20,15525,15525,15525,2,2
2023-03-02 15:49:22,15525,15525,15525,2,0
2023-03-02 15:49:27,15524,15524,15524,2,-2
2023-03-02 15:49:27,15524,15524,15524,2,0
2023-03-02 15:49:27,15524,15524,15524,2,0
2023-03-02 15:49:27,15524,15524,15524,4,0
2023-03-02 15:49:27,15524,15524,15524,2,0
2023-03-02 15:49:30,15525,15525,15525,2,2
2023-03-02 15:49:30,15525,15525,15525,2,0
2023-03-02 15:49:30,15525,15525,15525,2,0
2023-03-02 15:49:30,15525,15525,15525,4,0
2023-03-02 15:49:30,15525,15525,15525,4,0
2023-03-02 15:49:30,15525,15525,15525,2,0
2023-03-02 15:49:30,15525,15525,15525,2,0
2023-03-02 15:49:30,15525,15525,15525,32,0
2023-03-02 15:49:30,15525,15525,15525,8,0
2023-03-02 15:49:30,15525,15525,15525,2,0
2023-03-02 15:49:30,15525,15525,15525,2,0
2023-03-02 15:49:30,15525,15525,15525,2,0
2023-03-02 15:49:30,15524,15524,15524,2,-2
2023-03-02 15:49:30,15525,15525,15525,2,2
2023-03-02 15:49:30,15525,15525,15525,6,0
2023-03-02 15:49:30,15525,15525,15525,4,0
2023-03-02 15:49:30,15525,15525,15525,2,0
2023-03-02 15:49:30,15525,15525,15525,6,0
2023-03-02 15:49:30,15525,15525,15525,8,0
2023-03-02 15:49:31,15526,15526,15526,4,4
2023-03-02 15:49:31,15526,15526,15526,4,0
2023-03-02 15:49:36,15526,15526,15526,2,0
2023-03-02 15:49:37,15526,15526,15526,2,0
2023-03-02 15:49:40,15526,15526,15526,4,0
2023-03-02 15:49:40,15526,15526,15526,2,0
2023-03-02 15:49:44,15526,15526,15526,2,0
2023-03-02 15:49:55,15526,15526,15526,2,0
2023-03-02 15:50:00,15526,15526,15526,2,0
2023-03-02 15:50:00,15526,15526,15526,2,0
2023-03-02 15:50:00,15526,15526,15526,2,0
2023-03-02 15:50:01,15526,15526,15526,2,0
2023-03-02 15:50:03,15526,15526,15526,2,0
2023-03-02 15:50:04,15526,15526,15526,2,0
2023-03-02 15:50:06,15526,15526,15526,4,0
2023-03-02 15:50:06,15526,15526,15526,8,0
2023-03-02 15:50:06,15526,15526,15526,6,0
2023-03-02 15:50:10,15526,15526,15526,2,0
2023-03-02 15:50:17,15525,15525,15525,2,-2
2023-03-02 15:50:17,15525,15525,15525,2,0
2023-03-02 15:50:17,15525,15525,15525,2,0
2023-03-02 15:50:17,15525,15525,15525,2,0
2023-03-02 15:50:17,15525,15525,15525,2,0
2023-03-02 15:51:07,15523,15523,15523,2,-2
2023-03-02 15:51:08,15524,15524,15524,2,2
2023-03-02 15:51:13,15523,15523,15523,2,-2
2023-03-02 15:51:13,15523,15523,15523,2,0
2023-03-02 15:51:16,15523,15523,15523,2,0
2023-03-02 15:51:16,15522,15522,15522,2,-2
2023-03-02 15:51:25,15522,15522,15522,2,0
2023-03-02 15:51:30,15522,15522,15522,2,0
2023-03-02 15:51:55,15522,15522,15522,2,0
2023-03-02 15:51:55,15522,15522,15522,2,0
2023-03-02 15:51:57,15523,15523,15523,2,2
2023-03-02 15:52:00,15523,15523,15523,8,0
2023-03-02 15:52:02,15523,15523,15523,2,0
2023-03-02 15:52:07,15522,15522,15522,2,-2
2023-03-02 15:52:09,15522,15522,15522,2,0
2023-03-02 15:52:09,15522,15522,15522,2,0
2023-03-02 15:52:12,15522,15522,15522,2,0
2023-03-02 15:52:12,15522,15522,15522,2,0
2023-03-02 15:52:26,15522,15522,15522,2,0
2023-03-02 15:52:26,15522,15522,15522,2,0
2023-03-02 15:52:33,15523,15523,15523,4,4
2023-03-02 15:52:35,15523,15523,15523,2,0
2023-03-02 15:52:35,15523,15523,15523,2,0
2023-03-02 15:53:00,15524,15524,15524,4,4
2023-03-02 15:53:00,15523,15523,15523,4,-4
2023-03-02 15:53:04,15525,15525,15525,2,2
2023-03-02 15:53:24,15525,15525,15525,2,0
2023-03-02 15:53:25,15525,15525,15525,2,0
2023-03-02 15:53:25,15525,15525,15525,6,0
2023-03-02 15:53:38,15526,15526,15526,2,2
2023-03-02 15:53:39,15526,15526,15526,2,0
2023-03-02 15:53:42,15526,15526,15526,2,0
2023-03-02 15:53:43,15525,15525,15525,2,-2
2023-03-02 15:53:48,15527,15527,15527,18,18
2023-03-02 15:53:48,15527,15527,15527,2,0
2023-03-02 15:53:48,15526,15526,15526,2,-2
2023-03-02 15:54:00,15527,15527,15527,2,2
2023-03-02 15:54:03,15526,15526,15526,2,-2
2023-03-02 15:54:05,15527,15527,15527,2,2
2023-03-02 15:54:21,15528,15528,15528,10,10
2023-03-02 15:54:21,15528,15528,15528,2,0
2023-03-02 15:54:28,15528,15528,15528,4,0
2023-03-02 15:54:46,15527,15527,15527,4,-4
2023-03-02 15:54:49,15528,15528,15528,2,2
2023-03-02 15:54:56,15527,15527,15527,4,-4
2023-03-02 15:54:56,15527,15527,15527,2,0
2023-03-02 15:54:56,15527,15527,15527,2,0
2023-03-02 15:54:56,15526,15526,15526,2,-2
2023-03-02 15:55:00,15526,15526,15526,2,0
2023-03-02 15:55:03,15526,15526,15526,2,0
2023-03-02 15:55:03,15526,15526,15526,2,0
2023-03-02 15:55:03,15526,15526,15526,2,0
2023-03-02 15:55:03,15526,15526,15526,2,0
2023-03-02 15:55:03,15526,15526,15526,2,0
2023-03-02 15:55:03,15526,15526,15526,4,0
2023-03-02 15:55:03,15526,15526,15526,2,0
2023-03-02 15:55:03,15526,15526,15526,2,0
2023-03-02 15:55:03,15526,15526,15526,2,0
2023-03-02 15:55:03,15526,15526,15526,2,0
2023-03-02 15:55:09,15525,15525,15525,4,-4
2023-03-02 15:55:09,15525,15525,15525,2,0
2023-03-02 15:55:09,15525,15525,15525,2,0
2023-03-02 15:55:12,15524,15524,15524,2,-2
2023-03-02 15:55:15,15524,15524,15524,2,0
2023-03-02 15:55:16,15523,15523,15523,2,-2
2023-03-02 15:55:20,15523,15523,15523,2,0
2023-03-02 15:55:23,15523,15523,15523,2,0
2023-03-02 15:55:23,15523,15523,15523,4,0
2023-03-02 15:55:23,15523,15523,15523,2,0
2023-03-02 15:55:31,15523,15523,15523,2,0
2023-03-02 15:55:31,15523,15523,15523,2,0
2023-03-02 15:55:38,15522,15522,15522,2,-2
2023-03-02 15:56:00,15523,15523,15523,2,2
2023-03-02 15:56:00,15522,15522,15522,2,-2
2023-03-02 15:56:02,15522,15522,15522,2,0
2023-03-02 15:56:02,15522,15522,15522,2,0
2023-03-02 15:56:02,15522,15522,15522,4,0
2023-03-02 15:56:06,15522,15522,15522,2,0
2023-03-02 15:56:16,15524,15524,15524,4,4
2023-03-02 15:56:21,15523,15523,15523,2,-2
2023-03-02 15:56:21,15523,15523,15523,2,0
2023-03-02 15:56:21,15523,15523,15523,2,0
2023-03-02 15:56:21,15523,15523,15523,2,0
2023-03-02 15:56:25,15522,15522,15522,2,-2
2023-03-02 15:56:38,15523,15523,15523,8,8
2023-03-02 15:56:44,15523,15523,15523,2,0
2023-03-02 15:56:45,15522,15522,15522,2,-2
2023-03-02 15:56:48,15523,15523,15523,2,2
2023-03-02 15:56:55,15522,15522,15522,10,-10
2023-03-02 15:56:57,15523,15523,15523,2,2
2023-03-02 15:57:15,15524,15524,15524,2,2
2023-03-02 15:57:15,15524,15524,15524,4,0
2023-03-02 15:57:22,15525,15525,15525,4,4
2023-03-02 15:57:28,15525,15525,15525,2,0
2023-03-02 15:57:30,15525,15525,15525,2,0
2023-03-02 15:57:30,15525,15525,15525,2,0
2023-03-02 15:57:30,15524,15524,15524,2,-2
2023-03-02 15:57:30,15524,15524,15524,2,0
2023-03-02 15:57:55,15524,15524,15524,2,0
2023-03-02 15:58:00,15523,15523,15523,2,-2
2023-03-02 15:58:00,15524,15524,15524,2,2
2023-03-02 15:58:08,15524,15524,15524,2,0
2023-03-02 15:58:36,15525,15525,15525,4,4
2023-03-02 15:58:36,15525,15525,15525,2,0
2023-03-02 15:58:36,15525,15525,15525,2,0
2023-03-02 15:58:36,15525,15525,15525,4,0
2023-03-02 15:58:36,15525,15525,15525,2,0
2023-03-02 15:58:37,15526,15526,15526,14,14
2023-03-02 15:58:39,15525,15525,15525,2,-2
2023-03-02 15:58:39,15525,15525,15525,4,0
2023-03-02 15:58:47,15525,15525,15525,2,0
2023-03-02 15:59:00,15525,15525,15525,2,0
2023-03-02 15:59:00,15524,15524,15524,2,-2
2023-03-02 15:59:01,15524,15524,15524,2,0
2023-03-02 15:59:01,15524,15524,15524,2,0
2023-03-02 15:59:01,15524,15524,15524,2,0
2023-03-02 15:59:02,15523,15523,15523,2,-2
2023-03-02 15:59:02,15523,15523,15523,2,0
2023-03-02 15:59:02,15523,15523,15523,2,0
2023-03-02 15:59:12,15524,15524,15524,2,2
2023-03-02 15:59:12,15524,15524,15524,2,0
2023-03-02 15:59:12,15524,15524,15524,2,0
2023-03-02 15:59:14,15523,15523,15523,2,-2
2023-03-02 15:59:14,15523,15523,15523,2,0
2023-03-02 15:59:14,15522,15522,15522,2,-2
2023-03-02 15:59:26,15523,15523,15523,2,2
2023-03-02 15:59:27,15522,15522,15522,4,-4
2023-03-02 15:59:27,15522,15522,15522,2,0
2023-03-02 15:59:27,15522,15522,15522,4,0
2023-03-02 15:59:27,15522,15522,15522,2,0
2023-03-02 15:59:27,15522,15522,15522,2,0
2023-03-02 15:59:27,15522,15522,15522,2,0
2023-03-02 15:59:27,15522,15522,15522,4,0
2023-03-02 15:59:27,15522,15522,15522,8,0
2023-03-02 15:59:38,15523,15523,15523,4,4
2023-03-02 15:59:52,15524,15524,15524,2,2
2023-03-02 15:59:56,15525,15525,15525,2,2
2023-03-02 15:59:59,15525,15525,15525,2,0
2023-03-02 16:00:00,15525,15525,15525,2,0
2023-03-02 16:00:00,15524,15524,15524,2,-2
2023-03-02 16:00:00,15525,15525,15525,2,2
2023-03-02 16:00:00,15525,15525,15525,2,0
2023-03-02 16:00:00,15523,15523,15523,2,-2
2023-03-02 16:00:01,15525,15525,15525,2,2
2023-03-02 16:00:01,15525,15525,15525,2,0
2023-03-02 16:00:01,15525,15525,15525,2,0
2023-03-02 16:00:01,15525,15525,15525,2,0
2023-03-02 16:00:01,15525,15525,15525,2,0
2023-03-02 16:00:01,15526,15526,15526,2,2
2023-03-02 16:00:01,15526,15526,15526,2,0
2023-03-02 16:00:01,15526,15526,15526,2,0
2023-03-02 16:00:01,15524,15524,15524,2,-2
2023-03-02 16:00:01,15524,15524,15524,2,0
2023-03-02 16:00:01,15524,15524,15524,2,0
2023-03-02 16:00:01,15524,15524,15524,2,0
2023-03-02 16:00:01,15524,15524,15524,2,0
2023-03-02 16:00:01,15524,15524,15524,2,0
2023-03-02 16:00:01,15524,15524,15524,2,0
2023-03-02 16:00:01,15524,15524,15524,2,0
2023-03-02 16:00:01,15523,15523,15523,2,-2
2023-03-02 16:00:01,15523,15523,15523,2,0
2023-03-02 16:00:08,15522,15522,15522,2,-2
2023-03-02 16:00:08,15522,15522,15522,2,0
2023-03-02 16:00:08,15522,15522,15522,4,0
2023-03-02 16:00:08,15522,15522,15522,2,0
2023-03-02 16:00:09,15521,15521,15521,2,-2
2023-03-02 16:00:09,15521,15521,15521,2,0
2023-03-02 16:00:11,15521,15521,15521,2,0
2023-03-02 16:00:11,15521,15521,15521,2,0
2023-03-02 16:00:11,15521,15521,15521,2,0
2023-03-02 16:00:11,15521,15521,15521,2,0
2023-03-02 16:00:11,15521,15521,15521,2,0
2023-03-02 16:00:12,15520,15520,15520,2,-2
2023-03-02 16:00:14,15520,15520,15520,2,0
2023-03-02 16:00:14,15520,15520,15520,2,0
2023-03-02 16:00:14,15520,15520,15520,6,0
2023-03-02 16:00:14,15520,15520,15520,2,0
2023-03-02 16:00:14,15520,15520,15520,2,0
2023-03-02 16:00:14,15520,15520,15520,2,0
2023-03-02 16:00:14,15520,15520,15520,2,0
2023-03-02 16:00:18,15520,15520,15520,2,0
2023-03-02 16:00:22,15521,15521,15521,2,2
2023-03-02 16:00:24,15521,15521,15521,2,0
2023-03-02 16:00:26,15520,15520,15520,2,-2
2023-03-02 16:00:27,15519,15519,15519,4,-4
2023-03-02 16:00:27,15518,15518,15518,2,-2
2023-03-02 16:00:27,15520,15520,15520,4,4
2023-03-02 16:00:33,15519,15519,15519,10,-10
2023-03-02 16:00:33,15519,15519,15519,10,0
2023-03-02 16:00:33,15518,15518,15518,2,-2
2023-03-02 16:00:33,15518,15518,15518,2,0
2023-03-02 16:00:33,15519,15519,15519,10,10
2023-03-02 16:00:35,15518,15518,15518,4,-4
2023-03-02 16:00:35,15518,15518,15518,4,0
2023-03-02 16:00:35,15518,15518,15518,4,0
2023-03-02 16:00:35,15518,15518,15518,2,0
2023-03-02 16:00:35,15518,15518,15518,2,0
2023-03-02 16:00:35,15518,15518,15518,2,0
2023-03-02 16:00:35,15518,15518,15518,4,0
2023-03-02 16:00:35,15518,15518,15518,2,0
2023-03-02 16:00:35,15518,15518,15518,2,0
2023-03-02 16:00:35,15518,15518,15518,2,0
2023-03-02 16:00:35,15518,15518,15518,2,0
2023-03-02 16:00:35,15518,15518,15518,4,0
2023-03-02 16:00:35,15518,15518,15518,2,0
2023-03-02 16:00:35,15518,15518,15518,2,0
2023-03-02 16:00:35,15517,15517,15517,6,-6
2023-03-02 16:00:35,15517,15517,15517,2,0
2023-03-02 16:00:35,15517,15517,15517,2,0
2023-03-02 16:00:36,15518,15518,15518,2,2
2023-03-02 16:00:39,15518,15518,15518,4,0
2023-03-02 16:00:39,15518,15518,15518,2,0
2023-03-02 16:00:41,15517,15517,15517,2,-2
2023-03-02 16:00:41,15517,15517,15517,2,0
2023-03-02 16:00:41,15517,15517,15517,28,0
2023-03-02 16:00:41,15517,15517,15517,4,0
2023-03-02 16:00:41,15517,15517,15517,2,0
2023-03-02 16:00:41,15517,15517,15517,2,0
2023-03-02 16:00:41,15517,15517,15517,6,0
2023-03-02 16:00:41,15517,15517,15517,8,0
2023-03-02 16:00:41,15517,15517,15517,2,0
2023-03-02 16:00:41,15517,15517,15517,2,0
2023-03-02 16:00:41,15517,15517,15517,2,0
2023-03-02 16:00:41,15517,15517,15517,4,0
2023-03-02 16:00:41,15517,15517,15517,2,0
2023-03-02 16:00:41,15517,15517,15517,2,0
2023-03-02 16:00:41,15517,15517,15517,2,0
2023-03-02 16:00:41,15517,15517,15517,2,0
2023-03-02 16:00:41,15517,15517,15517,2,0
2023-03-02 16:00:41,15517,15517,15517,6,0
2023-03-02 16:00:41,15517,15517,15517,2,0
2023-03-02 16:00:41,15517,15517,15517,2,0
2023-03-02 16:00:41,15517,15517,15517,2,0
2023-03-02 16:00:41,15517,15517,15517,2,0
2023-03-02 16:00:42,15516,15516,15516,2,-2
2023-03-02 16:00:42,15518,15518,15518,4,4
2023-03-02 16:00:42,15516,15516,15516,2,-2
2023-03-02 16:00:43,15518,15518,15518,4,4
2023-03-02 16:00:45,15518,15518,15518,4,0
2023-03-02 16:00:45,15518,15518,15518,4,0
2023-03-02 16:00:45,15517,15517,15517,2,-2
2023-03-02 16:00:46,15517,15517,15517,2,0
2023-03-02 16:00:46,15518,15518,15518,2,2
2023-03-02 16:00:49,15518,15518,15518,2,0
2023-03-02 16:00:49,15518,15518,15518,2,0
2023-03-02 16:00:50,15518,15518,15518,2,0
2023-03-02 16:00:51,15519,15519,15519,2,2
2023-03-02 16:00:53,15519,15519,15519,2,0
2023-03-02 16:00:53,15519,15519,15519,2,0
2023-03-02 16:00:53,15519,15519,15519,4,0
2023-03-02 16:00:55,15520,15520,15520,2,2
2023-03-02 16:00:55,15520,15520,15520,2,0
2023-03-02 16:00:56,15521,15521,15521,2,2
2023-03-02 16:01:00,15521,15521,15521,2,0
2023-03-02 16:01:02,15522,15522,15522,2,2
2023-03-02 16:01:03,15521,15521,15521,4,-4
2023-03-02 16:01:05,15520,15520,15520,2,-2
2023-03-02 16:01:08,15520,15520,15520,4,0
2023-03-02 16:01:08,15519,15519,15519,2,-2
2023-03-02 16:01:11,15519,15519,15519,2,0
2023-03-02 16:01:12,15518,15518,15518,2,-2
2023-03-02 16:01:13,15517,15517,15517,2,-2
2023-03-02 16:01:13,15517,15517,15517,2,0
2023-03-02 16:01:13,15517,15517,15517,2,0
2023-03-02 16:01:13,15517,15517,15517,2,0
2023-03-02 16:01:17,15518,15518,15518,2,2
2023-03-02 16:01:20,15516,15516,15516,2,-2
2023-03-02 16:01:20,15516,15516,15516,2,0
2023-03-02 16:01:20,15516,15516,15516,2,0
2023-03-02 16:01:20,15516,15516,15516,2,0
2023-03-02 16:01:20,15516,15516,15516,2,0
2023-03-02 16:01:22,15516,15516,15516,2,0
2023-03-02 16:01:23,15517,15517,15517,2,2
2023-03-02 16:01:23,15517,15517,15517,2,0
2023-03-02 16:01:24,15517,15517,15517,2,0
2023-03-02 16:01:24,15517,15517,15517,2,0
2023-03-02 16:01:26,15516,15516,15516,2,-2
2023-03-02 16:01:27,15516,15516,15516,4,0
2023-03-02 16:01:27,15516,15516,15516,2,0
2023-03-02 16:01:27,15516,15516,15516,2,0
2023-03-02 16:01:27,15515,15515,15515,2,-2
2023-03-02 16:01:28,15515,15515,15515,4,0
2023-03-02 16:01:28,15515,15515,15515,2,0
2023-03-02 16:01:28,15515,15515,15515,2,0
2023-03-02 16:01:28,15515,15515,15515,4,0
2023-03-02 16:01:28,15515,15515,15515,2,0
2023-03-02 16:01:28,15515,15515,15515,2,0
2023-03-02 16:01:28,15515,15515,15515,2,0
2023-03-02 16:01:28,15515,15515,15515,2,0
2023-03-02 16:01:28,15515,15515,15515,2,0
2023-03-02 16:01:28,15515,15515,15515,2,0
2023-03-02 16:01:28,15515,15515,15515,2,0
2023-03-02 16:01:28,15515,15515,15515,2,0
2023-03-02 16:01:28,15515,15515,15515,2,0
2023-03-02 16:01:28,15514,15514,15514,2,-2
2023-03-02 16:01:28,15514,15514,15514,2,0
2023-03-02 16:01:28,15514,15514,15514,2,0
2023-03-02 16:01:28,15514,15514,15514,2,0
2023-03-02 16:01:28,15514,15514,15514,2,0
2023-03-02 16:01:28,15514,15514,15514,2,0
2023-03-02 16:01:28,15514,15514,15514,2,0
2023-03-02 16:01:28,15514,15514,15514,2,0
2023-03-02 16:01:28,15515,15515,15515,2,2
2023-03-02 16:01:28,15514,15514,15514,6,-6
2023-03-02 16:01:28,15514,15514,15514,2,0
2023-03-02 16:01:28,15513,15513,15513,4,-4
2023-03-02 16:01:28,15513,15513,15513,2,0
2023-03-02 16:01:28,15513,15513,15513,2,0
2023-03-02 16:01:28,15513,15513,15513,2,0
2023-03-02 16:01:28,15513,15513,15513,2,0
2023-03-02 16:01:28,15513,15513,15513,2,0
2023-03-02 16:01:28,15513,15513,15513,2,0
2023-03-02 16:01:28,15513,15513,15513,2,0
2023-03-02 16:01:28,15513,15513,15513,2,0
2023-03-02 16:01:29,15514,15514,15514,2,2
2023-03-02 16:01:29,15516,15516,15516,2,2
2023-03-02 16:01:29,15515,15515,15515,2,-2
2023-03-02 16:01:31,15516,15516,15516,2,2
2023-03-02 16:01:31,15516,15516,15516,2,0
2023-03-02 16:01:31,15516,15516,15516,2,0
2023-03-02 16:01:31,15516,15516,15516,2,0
2023-03-02 16:01:31,15516,15516,15516,2,0
2023-03-02 16:01:33,15516,15516,15516,2,0
2023-03-02 16:01:35,15517,15517,15517,2,2
2023-03-02 16:01:35,15516,15516,15516,2,-2
2023-03-02 16:01:35,15516,15516,15516,2,0
2023-03-02 16:01:36,15516,15516,15516,2,0
2023-03-02 16:01:36,15516,15516,15516,2,0
2023-03-02 16:01:40,15517,15517,15517,2,2
2023-03-02 16:01:40,15516,15516,15516,2,-2
2023-03-02 16:01:42,15517,15517,15517,2,2
2023-03-02 16:01:50,15516,15516,15516,2,-2
2023-03-02 16:01:51,15517,15517,15517,4,4
2023-03-02 16:01:51,15517,15517,15517,2,0
2023-03-02 16:01:52,15518,15518,15518,2,2
2023-03-02 16:01:52,15518,15518,15518,2,0
2023-03-02 16:01:52,15518,15518,15518,2,0
2023-03-02 16:01:57,15519,15519,15519,2,2
2023-03-02 16:01:57,15519,15519,15519,2,0
2023-03-02 16:01:57,15519,15519,15519,2,0
2023-03-02 16:01:58,15519,15519,15519,2,0
2023-03-02 16:02:00,15519,15519,15519,2,0
2023-03-02 16:02:00,15519,15519,15519,4,0
2023-03-02 16:02:00,15520,15520,15520,10,10
2023-03-02 16:02:01,15519,15519,15519,2,-2
2023-03-02 16:02:11,15519,15519,15519,4,0
2023-03-02 16:02:11,15519,15519,15519,4,0
2023-03-02 16:02:11,15519,15519,15519,2,0
2023-03-02 16:02:12,15520,15520,15520,2,2
2023-03-02 16:02:12,15520,15520,15520,2,0
2023-03-02 16:02:12,15520,15520,15520,8,0
2023-03-02 16:02:17,15519,15519,15519,2,-2
2023-03-02 16:02:17,15520,15520,15520,2,2
2023-03-02 16:02:19,15518,15518,15518,2,-2
2023-03-02 16:02:33,15519,15519,15519,2,2
2023-03-02 16:02:33,15519,15519,15519,2,0
2023-03-02 16:02:33,15519,15519,15519,2,0
2023-03-02 16:02:33,15519,15519,15519,2,0
2023-03-02 16:02:33,15519,15519,15519,2,0
2023-03-02 16:02:33,15519,15519,15519,4,0
2023-03-02 16:02:33,15519,15519,15519,2,0
2023-03-02 16:02:33,15519,15519,15519,2,0
2023-03-02 16:02:34,15519,15519,15519,2,0
2023-03-02 16:02:34,15519,15519,15519,4,0
2023-03-02 16:02:34,15519,15519,15519,2,0
2023-03-02 16:02:37,15519,15519,15519,4,0
2023-03-02 16:02:37,15519,15519,15519,2,0
2023-03-02 16:02:44,15517,15517,15517,2,-2
2023-03-02 16:02:44,15517,15517,15517,2,0
2023-03-02 16:02:44,15517,15517,15517,2,0
2023-03-02 16:02:44,15516,15516,15516,2,-2
2023-03-02 16:02:44,15517,15517,15517,4,4
2023-03-02 16:02:44,15517,15517,15517,4,0
2023-03-02 16:02:48,15515,15515,15515,2,-2
2023-03-02 16:02:48,15515,15515,15515,2,0
2023-03-02 16:02:48,15515,15515,15515,4,0
2023-03-02 16:02:48,15515,15515,15515,4,0
2023-03-02 16:02:48,15515,15515,15515,6,0
2023-03-02 16:02:48,15515,15515,15515,2,0
2023-03-02 16:02:48,15515,15515,15515,4,0
2023-03-02 16:02:51,15515,15515,15515,2,0
2023-03-02 16:02:51,15515,15515,15515,2,0
2023-03-02 16:02:53,15517,15517,15517,4,4
2023-03-02 16:02:57,15516,15516,15516,2,-2
2023-03-02 16:02:58,15515,15515,15515,2,-2
2023-03-02 16:02:58,15516,15516,15516,8,8
2023-03-02 16:03:00,15514,15514,15514,2,-2
2023-03-02 16:03:00,15514,15514,15514,2,0
2023-03-02 16:03:00,15513,15513,15513,2,-2
2023-03-02 16:03:00,15514,15514,15514,6,6
2023-03-02 16:03:00,15513,15513,15513,2,-2
2023-03-02 16:03:00,15513,15513,15513,2,0
2023-03-02 16:03:00,15513,15513,15513,2,0
2023-03-02 16:03:01,15513,15513,15513,2,0
2023-03-02 16:03:01,15513,15513,15513,2,0
2023-03-02 16:03:01,15513,15513,15513,4,0
2023-03-02 16:03:01,15512,15512,15512,2,-2
2023-03-02 16:03:01,15512,15512,15512,2,0
2023-03-02 16:03:01,15512,15512,15512,2,0
2023-03-02 16:03:01,15512,15512,15512,2,0
2023-03-02 16:03:01,15512,15512,15512,4,0
