2019-05-08 15:00:00.034,10893,10894,10894,24,24
2019-05-08 15:00:00.047,10893,10895,10895,1,1
2019-05-08 15:00:00.115,10893,10895,10895,1,1
2019-05-08 15:00:00.209,10893,10895,10895,2,2
2019-05-08 15:00:00.318,10893,10895,10893,1,-1
2019-05-08 15:00:00.335,10893,10895,10892,1,-1
2019-05-08 15:00:00.758,10892,10895,10895,1,1
2019-05-08 15:00:00.762,10892,10895,10892,1,-1
2019-05-08 15:00:00.906,10892,10895,10893,2,2
2019-05-08 15:00:01.180,10893,10894,10893,3,-3
2019-05-08 15:00:01.215,10893,10894,10893,1,-1
2019-05-08 15:00:01.226,10893,10894,10893,1,-1
2019-05-08 15:00:01.469,10892,10893,10892,1,-1
2019-05-08 15:00:01.489,10892,10893,10893,1,1
2019-05-08 15:00:01.587,10892,10893,10892,3,-3
2019-05-08 15:00:01.591,10892,10893,10892,4,-4
2019-05-08 15:00:01.615,10892,10893,10892,3,-3
2019-05-08 15:00:01.829,10891,10893,10891,1,-1
2019-05-08 15:00:03.305,10891,10893,10893,1,1
2019-05-08 15:00:04.871,10891,10892,10892,3,3
2019-05-08 15:00:05.737,10892,10893,10892,5,-5
2019-05-08 15:00:05.966,10892,10893,10893,1,1
2019-05-08 15:00:06.341,10893,10894,10894,3,3
2019-05-08 15:00:06.841,10894,10895,10895,2,2
2019-05-08 15:00:06.968,10895,10896,10896,4,4
2019-05-08 15:00:07.201,10895,10896,10896,3,3
2019-05-08 15:00:08.021,10895,10896,10895,1,-1
2019-05-08 15:00:08.952,10895,10896,10895,1,-1
2019-05-08 15:00:09.228,10895,10896,10896,5,5
2019-05-08 15:00:09.669,10895,10897,10897,4,4
2019-05-08 15:00:09.675,10895,10897,10897,4,4
2019-05-08 15:00:09.687,10895,10897,10897,4,4
2019-05-08 15:00:11.626,10895,10896,10895,1,-1
2019-05-08 15:00:11.713,10895,10896,10896,2,2
2019-05-08 15:00:17.334,10895,10896,10896,5,5
2019-05-08 15:00:18.684,10895,10896,10896,1,1
2019-05-08 15:00:19.169,10895,10896,10896,2,2
2019-05-08 15:00:19.509,10895,10896,10895,1,-1
2019-05-08 15:00:19.997,10895,10896,10896,1,1
2019-05-08 15:00:24.355,10895,10896,10895,2,-2
2019-05-08 15:00:24.637,10895,10896,10896,1,1
2019-05-08 15:00:25.181,10895,10896,10896,1,1
2019-05-08 15:00:26.171,10895,10896,10895,1,-1
2019-05-08 15:00:28.223,10895,10896,10896,1,1
2019-05-08 15:00:29.811,10895,10896,10895,1,-1
2019-05-08 15:00:32.357,10895,10896,10896,1,1
2019-05-08 15:00:32.713,10895,10896,10895,1,-1
2019-05-08 15:00:32.885,10895,10896,10896,1,1
2019-05-08 15:00:33.565,10895,10896,10895,1,-1
2019-05-08 15:00:33.662,10895,10896,10895,1,-1
2019-05-08 15:00:35.182,10895,10896,10895,2,-2
2019-05-08 15:00:35.201,10895,10896,10896,2,2
2019-05-08 15:00:35.481,10895,10896,10895,1,-1
2019-05-08 15:00:35.677,10895,10896,10895,5,-5
2019-05-08 15:00:35.715,10895,10896,10895,2,-2
2019-05-08 15:00:36.728,10894,10895,10895,1,1
2019-05-08 15:00:36.995,10894,10895,10894,1,-1
2019-05-08 15:00:37.132,10894,10895,10895,1,1
2019-05-08 15:00:37.724,10893,10894,10893,1,-1
2019-05-08 15:00:38.107,10893,10894,10894,1,1
2019-05-08 15:00:41.082,10893,10894,10893,8,-8
2019-05-08 15:00:43.130,10893,10894,10893,1,-1
2019-05-08 15:00:50.439,10893,10894,10893,2,-2
2019-05-08 15:00:52.285,10893,10894,10893,4,-4
2019-05-08 15:00:53.988,10893,10894,10894,14,14
2019-05-08 15:01:00.039,10893,10894,10893,4,-4
2019-05-08 15:01:00.044,10893,10894,10893,1,-1
2019-05-08 15:01:00.045,10893,10894,10893,3,-3
2019-05-08 15:01:00.058,10893,10894,10893,1,-1
2019-05-08 15:01:00.068,10893,10894,10894,2,2
2019-05-08 15:01:00.082,10893,10894,10893,4,-4
2019-05-08 15:01:00.082,10893,10894,10893,6,-6
2019-05-08 15:01:00.105,10893,10894,10893,1,-1
2019-05-08 15:01:00.105,10893,10894,10892,4,-4
2019-05-08 15:01:00.107,10893,10894,10892,1,-1
2019-05-08 15:01:00.152,10893,10894,10892,1,-1
2019-05-08 15:01:00.290,10892,10894,10893,3,3
2019-05-08 15:01:00.502,10892,10893,10892,2,-2
2019-05-08 15:01:00.713,10891,10893,10891,2,-2
2019-05-08 15:01:00.731,10891,10893,10891,1,-1
2019-05-08 15:01:00.841,10891,10892,10892,2,2
2019-05-08 15:01:01.120,10891,10892,10891,3,-3
2019-05-08 15:01:01.304,10891,10892,10892,1,1
2019-05-08 15:01:02.928,10891,10892,10891,4,-4
2019-05-08 15:01:04.221,10891,10892,10892,1,1
2019-05-08 15:01:07.972,10891,10892,10892,15,15
2019-05-08 15:01:07.972,10891,10892,10892,1,1
2019-05-08 15:01:07.972,10891,10892,10892,1,1
2019-05-08 15:01:07.972,10891,10892,10892,1,1
2019-05-08 15:01:07.973,10891,10892,10892,1,1
2019-05-08 15:01:08.164,10892,10893,10892,1,-1
2019-05-08 15:01:09.936,10892,10893,10893,4,4
2019-05-08 15:01:09.965,10892,10893,10893,2,2
2019-05-08 15:01:09.966,10892,10893,10893,1,1
2019-05-08 15:01:09.966,10892,10893,10893,1,1
2019-05-08 15:01:09.966,10892,10893,10893,1,1
2019-05-08 15:01:10.015,10892,10893,10892,1,-1
2019-05-08 15:01:10.263,10892,10893,10892,1,-1
2019-05-08 15:01:11.177,10892,10893,10893,2,2
2019-05-08 15:01:13.090,10893,10894,10894,1,1
2019-05-08 15:01:13.141,10893,10894,10893,1,-1
2019-05-08 15:01:15.846,10893,10894,10893,7,-7
2019-05-08 15:01:15.867,10893,10894,10892,1,-1
2019-05-08 15:01:16.002,10892,10893,10892,1,-1
2019-05-08 15:01:16.746,10892,10893,10893,1,1
2019-05-08 15:01:19.795,10893,10894,10893,5,-5
2019-05-08 15:01:40.033,10893,10894,10893,4,-4
2019-05-08 15:01:45.802,10893,10894,10893,1,-1
2019-05-08 15:01:47.526,10893,10894,10893,1,-1
2019-05-08 15:01:48.499,10893,10894,10893,1,-1
2019-05-08 15:01:49.091,10893,10894,10893,1,-1
2019-05-08 15:01:49.426,10893,10894,10893,1,-1
2019-05-08 15:01:49.515,10893,10894,10893,2,-2
2019-05-08 15:01:49.694,10893,10894,10893,1,-1
2019-05-08 15:01:49.970,10893,10894,10893,1,-1
2019-05-08 15:01:50.117,10893,10894,10893,1,-1
2019-05-08 15:01:50.352,10893,10894,10893,1,-1
2019-05-08 15:01:50.548,10893,10894,10893,1,-1
2019-05-08 15:01:50.690,10893,10894,10893,1,-1
2019-05-08 15:01:50.852,10893,10894,10893,1,-1
2019-05-08 15:01:56.680,10893,10894,10893,2,-2
2019-05-08 15:01:59.416,10893,10894,10894,1,1
2019-05-08 15:01:59.430,10893,10894,10894,10,10
2019-05-08 15:02:00.049,10894,10895,10894,1,-1
2019-05-08 15:02:00.095,10894,10895,10894,2,-2
2019-05-08 15:02:00.096,10894,10895,10894,2,-2
2019-05-08 15:02:00.096,10894,10895,10894,1,-1
2019-05-08 15:02:00.179,10894,10895,10894,1,-1
2019-05-08 15:02:03.052,10894,10895,10894,1,-1
2019-05-08 15:02:04.030,10894,10895,10894,1,-1
2019-05-08 15:02:06.892,10894,10895,10894,1,-1
2019-05-08 15:02:11.499,10894,10895,10894,3,-3
2019-05-08 15:02:12.283,10894,10895,10894,4,-4
2019-05-08 15:02:17.835,10894,10895,10895,24,24
2019-05-08 15:02:18.019,10895,10896,10895,4,-4
2019-05-08 15:02:20.090,10895,10896,10896,10,10
2019-05-08 15:02:20.201,10895,10896,10896,2,2
2019-05-08 15:02:20.215,10895,10896,10896,1,1
2019-05-08 15:02:20.452,10896,10897,10896,1,-1
2019-05-08 15:02:22.042,10896,10897,10897,14,14
2019-05-08 15:02:22.520,10897,10898,10897,1,-1
2019-05-08 15:02:24.237,10897,10898,10898,1,1
2019-05-08 15:02:24.513,10897,10898,10898,1,1
2019-05-08 15:02:24.905,10897,10898,10898,1,1
2019-05-08 15:02:29.060,10897,10898,10897,1,-1
2019-05-08 15:02:29.264,10897,10898,10897,2,-2
2019-05-08 15:02:31.663,10897,10898,10897,1,-1
2019-05-08 15:02:34.899,10897,10898,10897,1,-1
2019-05-08 15:02:38.706,10897,10898,10897,1,-1
2019-05-08 15:02:41.497,10897,10898,10898,1,1
2019-05-08 15:02:45.054,10897,10898,10898,1,1
2019-05-08 15:02:46.400,10897,10898,10897,3,-3
2019-05-08 15:02:46.468,10897,10898,10897,2,-2
2019-05-08 15:02:47.583,10897,10898,10898,8,8
2019-05-08 15:02:48.603,10897,10898,10898,3,3
2019-05-08 15:02:49.715,10898,10899,10898,1,-1
2019-05-08 15:02:50.256,10898,10899,10898,1,-1
2019-05-08 15:02:52.278,10898,10899,10898,1,-1
2019-05-08 15:02:53.081,10897,10899,10899,3,3
2019-05-08 15:02:53.449,10898,10899,10898,1,-1
2019-05-08 15:02:53.764,10898,10899,10898,2,-2
2019-05-08 15:02:53.764,10898,10899,10898,1,-1
2019-05-08 15:02:53.764,10898,10899,10898,1,-1
2019-05-08 15:02:53.828,10898,10899,10897,1,-1
2019-05-08 15:02:53.966,10898,10899,10898,1,1
2019-05-08 15:02:56.716,10898,10899,10898,1,-1
2019-05-08 15:02:56.879,10897,10899,10899,1,1
2019-05-08 15:02:57.715,10898,10899,10898,1,-1
2019-05-08 15:02:57.841,10898,10899,10898,2,-2
2019-05-08 15:03:00.060,10898,10899,10898,1,-1
2019-05-08 15:03:00.060,10898,10899,10897,1,-1
2019-05-08 15:03:00.099,10897,10899,10897,2,-2
2019-05-08 15:03:00.104,10897,10899,10897,1,-1
2019-05-08 15:03:02.860,10898,10899,10898,3,3
2019-05-08 15:03:03.946,10898,10899,10898,2,-2
2019-05-08 15:03:05.870,10898,10899,10899,15,15
2019-05-08 15:03:07.084,10899,10900,10899,1,-1
2019-05-08 15:03:07.546,10899,10900,10900,10,10
2019-05-08 15:03:08.152,10899,10900,10899,9,-9
2019-05-08 15:03:08.152,10899,10900,10900,1,1
2019-05-08 15:03:08.966,10899,10900,10899,1,-1
2019-05-08 15:03:09.841,10899,10900,10899,1,-1
2019-05-08 15:03:10.068,10898,10900,10898,1,-1
2019-05-08 15:03:10.068,10898,10900,10898,2,-2
2019-05-08 15:03:10.102,10898,10899,10898,1,-1
2019-05-08 15:03:10.102,10898,10899,10898,3,-3
2019-05-08 15:03:10.120,10898,10899,10898,1,-1
2019-05-08 15:03:10.121,10898,10899,10898,2,-2
2019-05-08 15:03:10.298,10897,10898,10898,1,1
2019-05-08 15:03:10.376,10897,10898,10898,1,1
2019-05-08 15:03:11.605,10897,10898,10898,1,1
2019-05-08 15:03:12.271,10897,10898,10898,3,3
2019-05-08 15:03:12.495,10897,10898,10898,4,4
2019-05-08 15:03:13.773,10897,10898,10898,1,1
2019-05-08 15:03:14.710,10897,10898,10898,1,1
2019-05-08 15:03:16.747,10898,10899,10898,1,-1
2019-05-08 15:03:17.768,10898,10899,10898,1,-1
2019-05-08 15:03:17.949,10898,10899,10898,1,-1
2019-05-08 15:03:19.701,10898,10899,10899,1,1
2019-05-08 15:03:21.361,10898,10899,10899,11,11
2019-05-08 15:03:24.390,10899,10900,10899,2,-2
2019-05-08 15:03:26.826,10899,10900,10900,5,5
2019-05-08 15:03:30.086,10899,10900,10900,21,21
2019-05-08 15:03:30.786,10900,10901,10900,1,-1
2019-05-08 15:03:32.895,10900,10901,10900,3,-3
2019-05-08 15:03:35.802,10900,10901,10900,1,-1
2019-05-08 15:03:36.480,10900,10901,10901,10,10
2019-05-08 15:03:36.534,10900,10901,10900,1,-1
2019-05-08 15:03:45.860,10900,10901,10900,1,-1
2019-05-08 15:03:46.024,10900,10901,10900,5,-5
2019-05-08 15:03:46.025,10900,10901,10900,1,-1
2019-05-08 15:03:46.025,10900,10901,10900,4,-4
2019-05-08 15:03:46.096,10899,10901,10900,2,-2
2019-05-08 15:03:47.299,10899,10900,10900,1,1
2019-05-08 15:03:48.373,10899,10900,10900,3,3
2019-05-08 15:03:50.411,10899,10900,10899,1,-1
2019-05-08 15:03:51.504,10899,10900,10899,1,-1
2019-05-08 15:04:00.088,10899,10900,10899,1,-1
2019-05-08 15:04:00.088,10899,10900,10899,1,-1
2019-05-08 15:04:00.192,10899,10900,10899,2,-2
2019-05-08 15:04:01.875,10899,10900,10899,1,-1
2019-05-08 15:04:02.722,10899,10900,10899,3,-3
2019-05-08 15:04:05.602,10899,10900,10900,2,2
2019-05-08 15:04:10.015,10900,10901,10900,1,-1
2019-05-08 15:04:12.565,10900,10901,10900,1,-1
2019-05-08 15:04:24.961,10900,10901,10901,19,19
2019-05-08 15:04:25.466,10901,10902,10902,2,2
2019-05-08 15:04:25.592,10901,10902,10902,29,29
2019-05-08 15:04:25.715,10901,10902,10902,8,8
2019-05-08 15:04:25.716,10901,10902,10902,1,1
2019-05-08 15:04:25.735,10901,10902,10903,1,1
2019-05-08 15:04:25.876,10902,10903,10903,1,1
2019-05-08 15:04:31.652,10902,10903,10903,5,5
2019-05-08 15:04:32.699,10902,10903,10903,5,5
2019-05-08 15:04:34.094,10902,10903,10903,1,1
2019-05-08 15:04:34.350,10902,10903,10903,1,1
2019-05-08 15:04:34.656,10902,10903,10903,2,2
2019-05-08 15:04:35.589,10902,10903,10903,1,1
2019-05-08 15:04:35.918,10902,10903,10903,2,2
2019-05-08 15:04:36.156,10902,10903,10903,2,2
2019-05-08 15:04:36.392,10902,10903,10903,2,2
2019-05-08 15:04:36.625,10902,10903,10903,5,5
2019-05-08 15:04:36.694,10902,10903,10903,2,2
2019-05-08 15:04:36.800,10902,10903,10902,17,-17
2019-05-08 15:04:36.800,10902,10903,10902,1,-1
2019-05-08 15:04:36.841,10902,10903,10902,1,-1
2019-05-08 15:04:36.842,10902,10903,10902,2,-2
2019-05-08 15:04:36.931,10902,10903,10902,1,-1
2019-05-08 15:04:36.931,10902,10903,10903,1,1
2019-05-08 15:04:37.035,10901,10903,10903,2,2
2019-05-08 15:04:38.470,10902,10903,10903,2,2
2019-05-08 15:04:38.715,10902,10903,10903,4,4
2019-05-08 15:04:39.117,10903,10904,10904,1,1
2019-05-08 15:04:39.180,10903,10904,10903,1,-1
2019-05-08 15:04:39.774,10903,10904,10904,1,1
2019-05-08 15:04:40.370,10903,10904,10903,1,-1
2019-05-08 15:04:40.711,10903,10904,10904,1,1
2019-05-08 15:04:43.995,10903,10904,10904,3,3
2019-05-08 15:04:44.816,10903,10904,10904,2,2
2019-05-08 15:04:46.168,10903,10904,10904,5,5
2019-05-08 15:04:46.884,10903,10904,10904,1,1
2019-05-08 15:04:48.808,10903,10904,10904,1,1
2019-05-08 15:04:51.787,10903,10904,10903,10,-10
2019-05-08 15:04:52.187,10903,10904,10903,9,-9
2019-05-08 15:04:52.536,10902,10903,10902,1,-1
2019-05-08 15:04:52.736,10901,10902,10902,1,1
2019-05-08 15:04:52.909,10901,10902,10901,10,-10
2019-05-08 15:04:52.998,10901,10903,10902,2,2
2019-05-08 15:04:57.349,10901,10902,10901,3,-3
2019-05-08 15:05:00.113,10901,10902,10901,1,-1
2019-05-08 15:05:00.289,10901,10902,10902,3,3
2019-05-08 15:05:01.849,10901,10902,10902,1,1
2019-05-08 15:05:02.732,10901,10902,10902,1,1
2019-05-08 15:05:02.760,10901,10902,10902,2,2
2019-05-08 15:05:02.787,10901,10902,10901,1,-1
2019-05-08 15:05:11.327,10901,10902,10901,2,-2
2019-05-08 15:05:15.328,10901,10902,10901,1,-1
2019-05-08 15:05:15.761,10901,10902,10902,4,4
2019-05-08 15:05:21.934,10902,10903,10902,1,-1
2019-05-08 15:05:22.057,10902,10903,10902,1,-1
2019-05-08 15:05:22.215,10902,10903,10902,2,-2
2019-05-08 15:05:22.215,10902,10903,10902,1,-1
2019-05-08 15:05:25.795,10902,10903,10902,1,-1
2019-05-08 15:05:26.517,10902,10903,10902,1,-1
2019-05-08 15:05:28.215,10901,10902,10902,1,1
2019-05-08 15:05:28.520,10901,10903,10903,4,4
2019-05-08 15:05:29.021,10902,10903,10902,1,-1
2019-05-08 15:05:30.251,10901,10903,10903,1,1
2019-05-08 15:05:34.849,10902,10903,10903,1,1
2019-05-08 15:05:41.062,10902,10903,10903,14,14
2019-05-08 15:05:41.652,10902,10903,10903,3,3
2019-05-08 15:05:41.716,10902,10903,10903,20,20
2019-05-08 15:05:41.841,10902,10903,10903,2,2
2019-05-08 15:05:41.841,10902,10903,10903,1,1
2019-05-08 15:05:41.841,10902,10903,10903,1,1
2019-05-08 15:05:41.841,10902,10903,10903,1,1
2019-05-08 15:05:41.841,10902,10903,10903,1,1
2019-05-08 15:05:41.841,10902,10903,10903,1,1
2019-05-08 15:05:41.841,10902,10903,10903,4,4
2019-05-08 15:05:41.841,10902,10903,10903,1,1
2019-05-08 15:05:41.841,10902,10903,10903,1,1
2019-05-08 15:05:41.842,10902,10903,10903,5,5
2019-05-08 15:05:41.966,10902,10903,10903,5,5
2019-05-08 15:05:47.251,10903,10904,10904,1,1
2019-05-08 15:05:49.161,10903,10904,10904,1,1
2019-05-08 15:05:52.385,10903,10904,10904,1,1
2019-05-08 15:05:54.273,10903,10904,10904,1,1
2019-05-08 15:05:57.209,10903,10904,10904,1,1
2019-05-08 15:05:59.069,10903,10904,10904,2,2
2019-05-08 15:05:59.714,10903,10904,10904,10,10
2019-05-08 15:06:00.898,10903,10904,10904,1,1
2019-05-08 15:06:01.883,10903,10904,10904,2,2
2019-05-08 15:06:01.967,10903,10904,10904,4,4
2019-05-08 15:06:02.491,10904,10905,10905,1,1
2019-05-08 15:06:02.535,10904,10905,10904,6,-6
2019-05-08 15:06:12.564,10904,10905,10905,1,1
2019-05-08 15:06:16.270,10904,10905,10904,3,-3
2019-05-08 15:06:18.984,10904,10905,10905,1,1
2019-05-08 15:06:21.125,10904,10905,10904,1,-1
2019-05-08 15:06:22.216,10904,10905,10904,1,-1
2019-05-08 15:06:24.901,10904,10905,10904,2,-2
2019-05-08 15:06:26.747,10904,10905,10905,2,2
2019-05-08 15:06:29.354,10904,10905,10905,5,5
2019-05-08 15:06:29.378,10904,10905,10904,2,-2
2019-05-08 15:06:29.704,10904,10905,10905,1,1
2019-05-08 15:06:31.340,10904,10905,10904,1,-1
2019-05-08 15:06:31.467,10904,10905,10904,12,-12
2019-05-08 15:06:31.614,10903,10905,10904,1,-1
2019-05-08 15:06:31.734,10903,10904,10904,1,1
2019-05-08 15:06:32.947,10903,10904,10904,1,1
2019-05-08 15:06:38.109,10903,10904,10904,1,1
2019-05-08 15:06:44.689,10904,10905,10905,1,1
2019-05-08 15:06:58.401,10904,10905,10904,19,-19
2019-05-08 15:06:58.459,10904,10905,10904,2,-2
2019-05-08 15:07:02.541,10903,10904,10904,1,1
2019-05-08 15:07:02.584,10903,10904,10904,1,1
2019-05-08 15:07:06.616,10903,10904,10904,10,10
2019-05-08 15:07:06.856,10903,10904,10904,2,2
2019-05-08 15:07:14.065,10904,10905,10904,2,-2
2019-05-08 15:07:14.486,10904,10905,10904,1,-1
2019-05-08 15:07:17.176,10904,10905,10904,2,-2
2019-05-08 15:07:19.986,10904,10905,10905,1,1
2019-05-08 15:07:22.870,10904,10905,10905,1,1
2019-05-08 15:07:23.933,10904,10905,10905,1,1
2019-05-08 15:07:28.086,10904,10905,10904,7,-7
2019-05-08 15:07:28.795,10904,10905,10904,1,-1
2019-05-08 15:07:38.438,10904,10905,10904,1,-1
2019-05-08 15:07:57.296,10904,10905,10905,10,10
2019-05-08 15:07:59.257,10904,10905,10904,1,-1
2019-05-08 15:08:02.822,10904,10905,10904,9,-9
2019-05-08 15:08:02.882,10904,10905,10904,1,-1
2019-05-08 15:08:03.607,10904,10905,10905,2,2
2019-05-08 15:08:09.361,10904,10905,10904,1,-1
2019-05-08 15:08:13.475,10904,10905,10904,1,-1
2019-05-08 15:08:22.370,10904,10905,10904,1,-1
2019-05-08 15:08:31.023,10904,10905,10905,2,2
2019-05-08 15:08:32.716,10904,10905,10904,4,-4
2019-05-08 15:08:40.386,10904,10905,10904,1,-1
2019-05-08 15:08:42.336,10904,10905,10904,1,-1
2019-05-08 15:08:45.319,10904,10905,10904,2,-2
2019-05-08 15:08:45.340,10904,10905,10904,20,-20
2019-05-08 15:08:45.581,10903,10905,10904,1,-1
2019-05-08 15:08:55.248,10903,10904,10903,13,-13
2019-05-08 15:08:55.340,10903,10904,10903,8,-8
2019-05-08 15:08:58.031,10902,10903,10902,1,-1
2019-05-08 15:08:58.106,10902,10903,10902,14,-14
2019-05-08 15:09:18.160,10902,10903,10903,1,1
2019-05-08 15:09:32.819,10902,10903,10902,2,-2
2019-05-08 15:09:35.256,10902,10903,10902,3,-3
2019-05-08 15:09:36.124,10902,10903,10902,1,-1
2019-05-08 15:09:36.157,10902,10903,10902,1,-1
2019-05-08 15:09:40.259,10902,10903,10903,7,7
2019-05-08 15:09:40.259,10902,10903,10903,9,9
2019-05-08 15:09:40.259,10902,10903,10903,15,15
2019-05-08 15:09:51.330,10903,10904,10903,2,-2
2019-05-08 15:09:55.768,10903,10904,10904,1,1
2019-05-08 15:09:58.740,10903,10904,10903,1,-1
2019-05-08 15:10:01.658,10903,10904,10903,1,-1
2019-05-08 15:10:04.112,10903,10904,10903,5,-5
2019-05-08 15:10:04.673,10903,10904,10903,1,-1
2019-05-08 15:10:05.831,10903,10904,10903,1,-1
2019-05-08 15:10:06.365,10903,10904,10903,1,-1
2019-05-08 15:10:08.011,10903,10904,10903,1,-1
2019-05-08 15:10:08.768,10903,10904,10904,20,20
2019-05-08 15:10:19.472,10903,10904,10904,1,1
2019-05-08 15:10:29.594,10903,10904,10904,1,1
2019-05-08 15:10:39.501,10903,10904,10903,1,-1
2019-05-08 15:10:43.972,10903,10904,10903,2,-2
2019-05-08 15:10:45.753,10903,10904,10903,1,-1
2019-05-08 15:10:45.840,10903,10904,10903,2,-2
2019-05-08 15:10:47.618,10902,10903,10903,6,6
2019-05-08 15:10:57.123,10902,10903,10902,1,-1
2019-05-08 15:10:57.786,10902,10903,10903,1,1
2019-05-08 15:11:02.411,10902,10903,10902,3,-3
2019-05-08 15:11:05.654,10902,10903,10902,1,-1
2019-05-08 15:11:09.742,10902,10903,10902,1,-1
2019-05-08 15:11:11.612,10902,10903,10902,2,-2
2019-05-08 15:11:11.715,10902,10903,10902,2,-2
2019-05-08 15:11:15.197,10901,10902,10902,3,3
2019-05-08 15:11:22.715,10901,10902,10902,4,4
2019-05-08 15:11:22.970,10902,10903,10902,1,-1
2019-05-08 15:11:28.724,10902,10903,10903,2,2
2019-05-08 15:11:31.514,10902,10903,10902,2,-2
2019-05-08 15:11:42.239,10902,10903,10903,2,2
2019-05-08 15:11:42.978,10902,10903,10902,1,-1
2019-05-08 15:11:44.308,10902,10903,10902,1,-1
2019-05-08 15:11:47.319,10902,10903,10903,5,5
2019-05-08 15:11:50.208,10902,10903,10903,1,1
2019-05-08 15:11:52.215,10903,10904,10903,1,-1
2019-05-08 15:12:02.862,10903,10904,10904,9,9
2019-05-08 15:12:02.862,10903,10904,10904,3,3
2019-05-08 15:12:02.966,10903,10904,10904,1,1
2019-05-08 15:12:03.592,10904,10905,10904,1,-1
2019-05-08 15:12:04.243,10903,10905,10904,1,-1
2019-05-08 15:12:04.298,10903,10905,10903,1,-1
2019-05-08 15:12:04.323,10903,10905,10903,1,-1
2019-05-08 15:12:04.347,10903,10905,10903,1,-1
2019-05-08 15:12:14.994,10904,10905,10905,16,16
2019-05-08 15:12:15.042,10904,10905,10905,2,2
2019-05-08 15:12:15.090,10904,10905,10905,2,2
2019-05-08 15:12:15.090,10904,10905,10905,4,4
2019-05-08 15:12:15.091,10904,10905,10905,1,1
2019-05-08 15:12:15.091,10904,10905,10905,4,4
2019-05-08 15:12:15.091,10904,10905,10905,1,1
2019-05-08 15:12:15.091,10904,10905,10905,1,1
2019-05-08 15:12:15.092,10904,10905,10905,3,3
2019-05-08 15:12:18.493,10905,10906,10905,1,-1
2019-05-08 15:12:19.464,10905,10906,10905,3,-3
2019-05-08 15:12:19.591,10905,10906,10905,1,-1
2019-05-08 15:12:19.591,10905,10906,10905,1,-1
2019-05-08 15:12:19.591,10905,10906,10905,1,-1
2019-05-08 15:12:22.274,10905,10906,10905,1,-1
2019-05-08 15:12:24.747,10905,10906,10905,1,-1
2019-05-08 15:12:31.357,10905,10906,10906,1,1
2019-05-08 15:12:31.628,10905,10906,10906,1,1
2019-05-08 15:12:36.362,10905,10906,10906,2,2
2019-05-08 15:12:37.354,10905,10906,10906,5,5
2019-05-08 15:12:38.620,10905,10906,10906,3,3
2019-05-08 15:12:39.344,10905,10906,10906,1,1
2019-05-08 15:12:39.545,10905,10906,10906,1,1
2019-05-08 15:12:41.425,10905,10906,10906,2,2
2019-05-08 15:12:41.664,10905,10906,10906,3,3
2019-05-08 15:12:44.482,10906,10907,10906,2,-2
2019-05-08 15:12:48.020,10906,10907,10906,1,-1
2019-05-08 15:12:56.800,10905,10906,10906,1,1
2019-05-08 15:12:57.058,10905,10906,10906,1,1
2019-05-08 15:12:57.478,10905,10906,10906,2,2
2019-05-08 15:13:01.444,10906,10907,10906,2,-2
2019-05-08 15:13:02.762,10906,10907,10906,1,-1
2019-05-08 15:13:02.863,10905,10907,10906,1,-1
2019-05-08 15:13:03.072,10906,10907,10906,1,-1
2019-05-08 15:13:07.197,10905,10906,10906,1,1
2019-05-08 15:13:11.855,10906,10907,10906,1,-1
2019-05-08 15:13:11.946,10906,10907,10906,1,-1
2019-05-08 15:13:16.214,10906,10907,10906,1,-1
2019-05-08 15:13:20.745,10906,10907,10907,1,1
2019-05-08 15:13:21.011,10906,10907,10907,1,1
2019-05-08 15:13:21.058,10906,10907,10907,1,1
2019-05-08 15:13:21.113,10906,10907,10907,1,1
2019-05-08 15:13:28.583,10906,10907,10907,1,1
2019-05-08 15:13:32.036,10906,10907,10907,4,4
2019-05-08 15:13:33.175,10906,10907,10906,7,-7
2019-05-08 15:13:33.215,10906,10907,10906,1,-1
2019-05-08 15:13:33.510,10905,10907,10906,2,-2
2019-05-08 15:13:33.591,10905,10906,10906,1,1
2019-05-08 15:13:34.145,10905,10906,10906,2,2
2019-05-08 15:13:34.152,10905,10906,10906,1,1
2019-05-08 15:13:35.224,10905,10906,10907,2,2
2019-05-08 15:13:36.127,10905,10906,10906,1,1
2019-05-08 15:13:36.561,10905,10907,10907,1,1
2019-05-08 15:13:40.621,10906,10907,10907,2,2
2019-05-08 15:13:42.383,10906,10907,10907,2,2
2019-05-08 15:13:43.594,10906,10907,10907,2,2
2019-05-08 15:13:46.883,10906,10907,10907,2,2
2019-05-08 15:13:50.821,10906,10907,10907,2,2
2019-05-08 15:13:51.434,10906,10907,10907,1,1
2019-05-08 15:13:51.670,10906,10907,10907,9,9
2019-05-08 15:13:52.796,10907,10908,10907,1,-1
2019-05-08 15:13:56.648,10907,10908,10907,7,-7
2019-05-08 15:13:58.982,10907,10908,10907,1,-1
2019-05-08 15:14:02.727,10906,10907,10906,1,-1
2019-05-08 15:14:05.444,10906,10907,10907,1,1
2019-05-08 15:14:10.464,10906,10907,10907,7,7
2019-05-08 15:14:12.005,10906,10907,10907,1,1
2019-05-08 15:14:19.923,10906,10907,10907,2,2
2019-05-08 15:14:25.519,10906,10907,10907,1,1
2019-05-08 15:14:26.389,10906,10907,10907,5,5
2019-05-08 15:14:27.222,10906,10907,10906,4,-4
2019-05-08 15:14:27.420,10906,10907,10907,1,1
2019-05-08 15:14:30.350,10906,10907,10907,18,18
2019-05-08 15:14:30.351,10906,10907,10907,2,2
2019-05-08 15:14:32.185,10906,10907,10906,1,-1
2019-05-08 15:14:32.197,10906,10907,10906,7,-7
2019-05-08 15:14:32.540,10905,10906,10905,3,-3
2019-05-08 15:14:32.699,10905,10906,10905,1,-1
2019-05-08 15:14:32.870,10905,10906,10906,1,1
2019-05-08 15:14:40.332,10906,10907,10906,1,-1
2019-05-08 15:14:45.779,10906,10907,10906,1,-1
2019-05-08 15:14:46.118,10906,10907,10906,1,-1
2019-05-08 15:14:47.219,10906,10907,10906,1,-1
2019-05-08 15:14:49.910,10906,10907,10906,2,-2
2019-05-08 15:14:51.087,10906,10907,10906,3,-3
2019-05-08 15:14:51.196,10905,10907,10906,1,-1
2019-05-08 15:14:52.342,10905,10906,10905,2,-2
2019-05-08 15:14:53.070,10905,10906,10906,1,1
2019-05-08 15:14:54.571,10905,10906,10906,2,2
2019-05-08 15:14:54.937,10905,10906,10906,1,1
2019-05-08 15:14:59.220,10905,10906,10906,2,2
2019-05-08 15:15:02.825,10905,10906,10905,7,-7
2019-05-08 15:15:03.321,10905,10906,10905,2,-2
2019-05-08 15:15:03.570,10905,10906,10905,1,-1
2019-05-08 15:15:07.965,10905,10906,10905,2,-2
2019-05-08 15:15:16.121,10904,10905,10905,1,1
2019-05-08 15:15:20.362,10905,10906,10905,1,-1
2019-05-08 15:15:28.065,10904,10905,10905,3,3
2019-05-08 15:15:34.525,10904,10905,10905,1,1
2019-05-08 15:15:36.766,10904,10905,10905,1,1
2019-05-08 15:15:36.799,10904,10905,10905,5,5
2019-05-08 15:15:44.426,10905,10906,10905,1,-1
2019-05-08 15:15:54.332,10905,10906,10905,1,-1
2019-05-08 15:15:54.528,10905,10906,10905,1,-1
2019-05-08 15:15:55.149,10905,10906,10905,1,-1
2019-05-08 15:15:55.250,10905,10906,10905,1,-1
2019-05-08 15:16:02.912,10905,10906,10905,1,-1
2019-05-08 15:16:04.392,10905,10906,10906,5,5
2019-05-08 15:16:10.465,10905,10906,10905,11,-11
2019-05-08 15:16:10.590,10905,10906,10905,2,-2
2019-05-08 15:16:13.966,10904,10905,10904,5,-5
2019-05-08 15:16:14.090,10903,10905,10904,1,-1
2019-05-08 15:16:25.590,10903,10904,10904,1,1
2019-05-08 15:16:26.071,10903,10905,10905,1,1
2019-05-08 15:16:38.274,10904,10905,10904,1,-1
2019-05-08 15:16:50.532,10904,10905,10904,1,-1
2019-05-08 15:16:51.641,10904,10905,10904,2,-2
2019-05-08 15:16:56.647,10904,10905,10905,2,2
2019-05-08 15:17:01.896,10904,10905,10904,1,-1
2019-05-08 15:17:03.251,10904,10905,10904,1,-1
2019-05-08 15:17:04.702,10904,10905,10904,1,-1
2019-05-08 15:17:05.319,10904,10905,10904,3,-3
2019-05-08 15:17:25.715,10903,10904,10903,1,-1
2019-05-08 15:17:27.727,10903,10904,10903,1,-1
2019-05-08 15:17:31.475,10903,10904,10903,1,-1
2019-05-08 15:17:34.079,10903,10904,10903,1,-1
2019-05-08 15:17:34.188,10903,10904,10903,1,-1
2019-05-08 15:17:38.025,10903,10904,10903,6,-6
2019-05-08 15:17:41.720,10903,10904,10903,2,-2
2019-05-08 15:17:49.600,10902,10903,10903,1,1
2019-05-08 15:17:55.340,10902,10903,10902,4,-4
2019-05-08 15:17:55.510,10902,10903,10902,8,-8
2019-05-08 15:17:55.569,10902,10903,10902,4,-4
2019-05-08 15:17:55.571,10902,10903,10902,1,-1
2019-05-08 15:17:55.571,10902,10903,10901,3,-3
2019-05-08 15:17:55.591,10901,10902,10902,2,2
2019-05-08 15:17:55.595,10901,10902,10901,4,-4
2019-05-08 15:18:03.803,10901,10903,10901,3,-3
2019-05-08 15:18:03.987,10901,10903,10901,2,-2
2019-05-08 15:18:05.909,10901,10902,10902,5,5
2019-05-08 15:18:08.636,10901,10903,10903,1,1
2019-05-08 15:18:10.199,10902,10903,10902,1,-1
2019-05-08 15:18:11.910,10902,10903,10902,1,-1
2019-05-08 15:18:18.122,10902,10903,10902,1,-1
2019-05-08 15:18:22.456,10902,10903,10902,1,-1
2019-05-08 15:18:30.269,10902,10903,10902,1,-1
2019-05-08 15:18:31.599,10901,10902,10902,1,1
2019-05-08 15:18:31.797,10901,10903,10901,10,-10
2019-05-08 15:18:32.123,10901,10902,10901,10,-10
2019-05-08 15:18:35.822,10901,10902,10901,1,-1
2019-05-08 15:18:42.217,10901,10902,10902,12,12
2019-05-08 15:18:44.004,10902,10903,10902,3,-3
2019-05-08 15:18:55.465,10902,10903,10903,1,1
2019-05-08 15:19:02.479,10902,10903,10902,10,-10
2019-05-08 15:19:29.268,10902,10903,10902,2,-2
2019-05-08 15:19:47.178,10902,10903,10902,2,-2
2019-05-08 15:19:49.015,10902,10903,10902,1,-1
2019-05-08 15:19:50.382,10902,10903,10902,3,-3
2019-05-08 15:19:59.215,10901,10902,10901,6,-6
2019-05-08 15:19:59.215,10901,10902,10901,2,-2
2019-05-08 15:19:59.340,10901,10902,10901,4,-4
2019-05-08 15:20:00.273,10901,10902,10901,1,-1
2019-05-08 15:20:02.088,10901,10902,10901,5,-5
2019-05-08 15:20:02.591,10901,10902,10901,3,-3
2019-05-08 15:20:02.837,10901,10902,10901,1,-1
2019-05-08 15:20:03.231,10900,10901,10901,2,2
2019-05-08 15:20:03.476,10900,10902,10901,1,-1
2019-05-08 15:20:08.259,10900,10901,10901,3,3
2019-05-08 15:20:09.722,10901,10902,10901,2,-2
2019-05-08 15:20:16.801,10900,10901,10901,1,1
2019-05-08 15:20:23.024,10900,10901,10901,1,1
2019-05-08 15:20:28.840,10900,10901,10901,1,1
2019-05-08 15:20:29.202,10900,10901,10901,1,1
2019-05-08 15:20:32.331,10900,10901,10900,1,-1
2019-05-08 15:20:34.358,10900,10901,10900,1,-1
2019-05-08 15:20:42.502,10900,10901,10901,1,1
2019-05-08 15:20:43.356,10900,10901,10900,10,-10
2019-05-08 15:20:57.842,10900,10901,10901,1,1
2019-05-08 15:20:59.713,10900,10901,10900,2,-2
2019-05-08 15:21:01.234,10900,10901,10901,25,25
2019-05-08 15:21:02.221,10901,10902,10901,2,-2
2019-05-08 15:21:02.690,10901,10902,10901,8,-8
2019-05-08 15:21:03.020,10901,10902,10901,2,-2
2019-05-08 15:21:09.391,10901,10902,10902,2,2
2019-05-08 15:21:09.466,10901,10902,10902,2,2
2019-05-08 15:21:14.449,10902,10903,10902,1,-1
2019-05-08 15:21:15.242,10902,10903,10902,1,-1
2019-05-08 15:21:15.716,10902,10903,10902,1,-1
2019-05-08 15:21:19.908,10901,10903,10901,1,-1
2019-05-08 15:21:30.479,10902,10903,10902,1,1
2019-05-08 15:21:47.710,10902,10903,10902,1,-1
2019-05-08 15:21:54.140,10902,10903,10902,1,-1
2019-05-08 15:21:54.140,10902,10903,10902,1,-1
2019-05-08 15:21:54.140,10902,10903,10902,1,-1
2019-05-08 15:21:54.376,10901,10902,10902,2,2
2019-05-08 15:22:18.536,10901,10902,10901,1,-1
2019-05-08 15:22:32.570,10901,10902,10901,2,-2
2019-05-08 15:22:39.060,10901,10902,10901,1,-1
2019-05-08 15:22:40.752,10901,10902,10901,8,-8
2019-05-08 15:22:40.753,10901,10902,10901,9,-9
2019-05-08 15:22:43.121,10900,10901,10900,1,-1
2019-05-08 15:22:57.984,10900,10901,10900,1,-1
2019-05-08 15:23:02.770,10900,10901,10900,1,-1
2019-05-08 15:23:03.228,10900,10901,10900,10,-10
2019-05-08 15:23:03.472,10900,10901,10900,4,-4
2019-05-08 15:23:05.819,10900,10901,10901,2,2
2019-05-08 15:23:08.812,10900,10901,10901,12,12
2019-05-08 15:23:17.411,10900,10901,10901,1,1
2019-05-08 15:23:26.626,10900,10901,10901,1,1
2019-05-08 15:23:32.289,10900,10901,10901,1,1
2019-05-08 15:23:55.995,10900,10901,10900,25,-25
2019-05-08 15:24:00.521,10900,10901,10900,1,-1
2019-05-08 15:24:00.642,10900,10901,10900,1,-1
2019-05-08 15:24:00.783,10900,10901,10900,1,-1
2019-05-08 15:24:00.915,10900,10901,10900,25,-25
2019-05-08 15:24:00.966,10900,10901,10900,1,-1
2019-05-08 15:24:00.966,10900,10901,10900,3,-3
2019-05-08 15:24:01.917,10899,10900,10899,1,-1
2019-05-08 15:24:02.363,10899,10900,10899,1,-1
2019-05-08 15:24:10.745,10899,10900,10899,1,-1
2019-05-08 15:24:11.518,10899,10900,10899,2,-2
2019-05-08 15:24:12.704,10899,10900,10899,2,-2
2019-05-08 15:24:12.705,10899,10900,10899,1,-1
2019-05-08 15:24:12.705,10899,10900,10899,1,-1
2019-05-08 15:24:14.169,10899,10900,10899,4,-4
2019-05-08 15:24:17.547,10898,10899,10898,1,-1
2019-05-08 15:24:18.041,10898,10899,10899,3,3
2019-05-08 15:24:20.463,10899,10900,10899,1,-1
2019-05-08 15:24:24.451,10899,10900,10899,1,-1
2019-05-08 15:24:38.843,10899,10900,10899,1,-1
2019-05-08 15:24:39.856,10899,10900,10899,10,-10
2019-05-08 15:24:45.560,10899,10900,10900,11,11
2019-05-08 15:24:48.752,10900,10901,10900,1,-1
2019-05-08 15:24:58.315,10900,10901,10900,1,-1
2019-05-08 15:25:00.740,10900,10901,10900,4,-4
2019-05-08 15:25:05.272,10900,10901,10901,1,1
2019-05-08 15:25:06.505,10900,10901,10900,1,-1
2019-05-08 15:25:06.951,10900,10901,10901,3,3
2019-05-08 15:25:06.965,10900,10901,10901,20,20
2019-05-08 15:25:19.878,10901,10902,10901,5,-5
2019-05-08 15:25:20.074,10901,10902,10901,1,-1
2019-05-08 15:25:35.105,10901,10902,10901,6,-6
2019-05-08 15:25:39.401,10901,10902,10901,1,-1
2019-05-08 15:25:47.162,10901,10902,10901,1,-1
2019-05-08 15:25:50.963,10901,10902,10901,1,-1
2019-05-08 15:26:11.079,10901,10902,10901,1,-1
2019-05-08 15:26:15.964,10901,10902,10901,1,-1
2019-05-08 15:26:28.131,10901,10902,10902,3,3
2019-05-08 15:26:28.215,10901,10902,10902,7,7
2019-05-08 15:26:32.633,10901,10902,10902,2,2
2019-05-08 15:26:47.110,10901,10902,10902,1,1
2019-05-08 15:26:49.077,10901,10902,10902,1,1
2019-05-08 15:26:58.586,10902,10903,10902,1,-1
2019-05-08 15:26:59.721,10902,10903,10902,1,-1
2019-05-08 15:27:04.203,10902,10903,10902,1,-1
2019-05-08 15:27:11.128,10902,10903,10902,1,-1
2019-05-08 15:27:14.285,10902,10903,10902,1,-1
2019-05-08 15:27:27.578,10902,10903,10903,1,1
2019-05-08 15:27:29.560,10902,10903,10903,2,2
2019-05-08 15:27:29.721,10902,10903,10903,1,1
2019-05-08 15:27:29.992,10902,10903,10903,1,1
2019-05-08 15:27:32.895,10902,10903,10903,4,4
2019-05-08 15:27:35.094,10903,10904,10904,15,15
2019-05-08 15:27:43.638,10903,10904,10904,9,9
2019-05-08 15:27:43.715,10904,10905,10904,6,-6
2019-05-08 15:27:43.840,10903,10905,10904,1,-1
2019-05-08 15:27:44.215,10904,10905,10904,5,-5
2019-05-08 15:27:45.465,10904,10905,10904,1,-1
2019-05-08 15:27:45.496,10904,10905,10904,1,-1
2019-05-08 15:27:50.527,10904,10905,10904,1,-1
2019-05-08 15:27:50.527,10904,10905,10904,1,-1
2019-05-08 15:27:50.527,10904,10905,10904,1,-1
2019-05-08 15:28:01.204,10903,10904,10903,3,-3
2019-05-08 15:28:01.204,10903,10904,10903,2,-2
2019-05-08 15:28:01.204,10903,10904,10903,7,-7
2019-05-08 15:28:01.204,10903,10904,10903,2,-2
2019-05-08 15:28:01.216,10903,10904,10903,8,-8
2019-05-08 15:28:07.094,10902,10903,10902,1,-1
2019-05-08 15:28:07.389,10902,10903,10902,2,-2
2019-05-08 15:28:15.483,10902,10903,10902,1,-1
2019-05-08 15:28:25.007,10902,10903,10902,1,-1
2019-05-08 15:28:28.736,10902,10903,10902,1,-1
2019-05-08 15:28:43.679,10902,10903,10902,1,-1
2019-05-08 15:28:58.770,10902,10903,10902,1,-1
2019-05-08 15:29:11.374,10902,10903,10903,3,3
2019-05-08 15:29:11.374,10902,10903,10903,1,1
2019-05-08 15:29:11.466,10902,10903,10903,1,1
2019-05-08 15:29:27.828,10902,10903,10903,1,1
2019-05-08 15:29:45.340,10902,10903,10902,8,-8
2019-05-08 15:29:45.465,10902,10903,10902,1,-1
2019-05-08 15:30:14.345,10902,10903,10902,1,-1
2019-05-08 15:30:14.969,10902,10903,10902,1,-1
2019-05-08 15:30:14.989,10902,10903,10902,1,-1
2019-05-08 15:30:15.169,10902,10903,10902,1,-1
2019-05-08 15:30:15.211,10902,10903,10903,4,4
2019-05-08 15:30:15.307,10902,10903,10902,2,-2
2019-05-08 15:30:15.425,10902,10903,10902,4,-4
2019-05-08 15:30:15.659,10902,10903,10902,1,-1
2019-05-08 15:30:17.001,10902,10903,10902,2,-2
2019-05-08 15:30:17.713,10902,10903,10901,1,-1
2019-05-08 15:30:34.761,10901,10902,10902,1,1
2019-05-08 15:30:38.250,10902,10903,10902,1,-1
2019-05-08 15:30:55.418,10901,10902,10902,2,2
2019-05-08 15:30:55.419,10901,10902,10902,2,2
2019-05-08 15:30:56.419,10902,10903,10902,1,-1
2019-05-08 15:31:05.641,10902,10903,10903,1,1
2019-05-08 15:31:14.251,10902,10903,10902,4,-4
2019-05-08 15:31:40.755,10902,10903,10903,1,1
2019-05-08 15:31:40.758,10902,10903,10903,2,2
2019-05-08 15:31:40.758,10902,10903,10903,1,1
2019-05-08 15:31:40.841,10902,10903,10903,10,10
2019-05-08 15:31:40.841,10902,10903,10903,1,1
2019-05-08 15:31:40.841,10902,10903,10903,1,1
2019-05-08 15:31:40.841,10902,10903,10903,1,1
2019-05-08 15:31:40.841,10902,10903,10903,1,1
2019-05-08 15:31:40.841,10902,10903,10903,7,7
2019-05-08 15:31:41.090,10903,10904,10904,4,4
2019-05-08 15:31:54.031,10904,10905,10904,1,-1
2019-05-08 15:32:00.574,10904,10905,10904,4,-4
2019-05-08 15:32:00.591,10904,10905,10904,1,-1
2019-05-08 15:32:00.716,10904,10905,10904,1,-1
2019-05-08 15:32:06.231,10904,10905,10904,1,-1
2019-05-08 15:32:07.616,10904,10905,10904,1,-1
2019-05-08 15:32:18.573,10904,10905,10905,1,1
2019-05-08 15:32:40.314,10904,10905,10905,3,3
2019-05-08 15:32:54.000,10904,10905,10904,1,-1
2019-05-08 15:32:55.308,10904,10905,10905,2,2
2019-05-08 15:33:10.330,10904,10905,10904,1,-1
2019-05-08 15:33:10.336,10904,10905,10904,1,-1
2019-05-08 15:33:10.340,10904,10905,10904,1,-1
2019-05-08 15:33:10.590,10904,10905,10904,14,-14
2019-05-08 15:33:10.841,10903,10904,10904,1,1
2019-05-08 15:33:11.612,10903,10904,10903,7,-7
2019-05-08 15:33:15.050,10903,10904,10903,1,-1
2019-05-08 15:33:28.826,10903,10904,10903,7,-7
2019-05-08 15:33:40.714,10903,10904,10903,12,-12
2019-05-08 15:33:42.018,10902,10903,10903,1,1
2019-05-08 15:33:51.168,10903,10904,10904,2,2
2019-05-08 15:33:57.074,10904,10905,10904,19,-19
2019-05-08 15:33:57.091,10903,10904,10904,11,11
2019-05-08 15:34:05.555,10904,10905,10905,2,2
2019-05-08 15:34:12.527,10904,10905,10904,1,-1
2019-05-08 15:34:12.527,10904,10905,10903,8,-8
2019-05-08 15:34:23.965,10903,10904,10903,12,-12
2019-05-08 15:34:23.965,10903,10904,10903,11,-11
2019-05-08 15:34:30.388,10902,10903,10902,5,-5
2019-05-08 15:34:55.457,10902,10903,10902,12,-12
2019-05-08 15:34:56.686,10902,10903,10903,1,1
2019-05-08 15:35:00.282,10901,10903,10901,2,-2
2019-05-08 15:35:18.969,10901,10902,10902,2,2
2019-05-08 15:35:31.882,10901,10902,10902,1,1
2019-05-08 15:35:31.884,10901,10902,10902,1,1
2019-05-08 15:35:42.871,10901,10902,10901,7,-7
2019-05-08 15:36:04.625,10901,10902,10902,5,5
2019-05-08 15:36:06.817,10902,10903,10902,1,-1
2019-05-08 15:36:25.158,10902,10903,10903,1,1
2019-05-08 15:36:25.907,10902,10903,10903,1,1
2019-05-08 15:36:29.224,10902,10904,10904,5,5
2019-05-08 15:36:29.970,10903,10904,10904,1,1
2019-05-08 15:36:30.874,10903,10904,10903,1,-1
2019-05-08 15:36:32.769,10903,10904,10904,5,5
2019-05-08 15:36:33.530,10903,10904,10904,1,1
2019-05-08 15:36:56.746,10903,10904,10903,1,-1
2019-05-08 15:36:56.784,10903,10904,10903,1,-1
2019-05-08 15:37:10.954,10902,10903,10903,1,1
2019-05-08 15:37:30.216,10903,10904,10903,14,-14
2019-05-08 15:37:30.433,10902,10903,10903,6,6
2019-05-08 15:37:30.433,10902,10903,10903,2,2
2019-05-08 15:37:30.433,10902,10903,10903,2,2
2019-05-08 15:37:44.835,10903,10904,10904,1,1
2019-05-08 15:38:15.921,10903,10904,10904,1,1
2019-05-08 15:38:21.185,10903,10904,10903,1,-1
2019-05-08 15:38:51.641,10903,10904,10903,1,-1
2019-05-08 15:39:10.303,10903,10904,10904,1,1
2019-05-08 15:39:38.807,10903,10904,10904,2,2
2019-05-08 15:39:41.281,10903,10904,10904,1,1
2019-05-08 15:39:52.861,10903,10904,10904,1,1
2019-05-08 15:40:09.843,10903,10904,10904,1,1
2019-05-08 15:40:13.968,10903,10904,10904,3,3
2019-05-08 15:40:24.461,10903,10904,10904,1,1
2019-05-08 15:40:29.194,10903,10904,10904,1,1
2019-05-08 15:40:39.140,10903,10904,10903,1,-1
2019-05-08 15:40:56.613,10903,10904,10903,1,-1
2019-05-08 15:41:04.026,10903,10904,10903,2,-2
2019-05-08 15:41:04.091,10903,10904,10904,2,2
2019-05-08 15:41:26.476,10903,10904,10903,1,-1
2019-05-08 15:41:30.949,10903,10904,10903,1,-1
2019-05-08 15:41:32.060,10903,10904,10903,2,-2
2019-05-08 15:41:34.938,10903,10904,10903,1,-1
2019-05-08 15:41:35.055,10903,10904,10903,1,-1
2019-05-08 15:41:35.055,10903,10904,10903,1,-1
2019-05-08 15:41:38.755,10902,10903,10902,2,-2
2019-05-08 15:41:52.400,10902,10903,10903,3,3
2019-05-08 15:41:52.400,10902,10903,10903,1,1
2019-05-08 15:41:52.400,10902,10903,10903,1,1
2019-05-08 15:41:58.847,10902,10903,10903,1,1
2019-05-08 15:42:35.747,10902,10903,10903,1,1
2019-05-08 15:42:45.767,10902,10903,10903,1,1
2019-05-08 15:43:00.170,10902,10903,10903,8,8
2019-05-08 15:43:00.215,10902,10903,10903,3,3
2019-05-08 15:43:12.153,10903,10904,10903,1,-1
2019-05-08 15:43:15.465,10903,10904,10903,1,-1
2019-05-08 15:43:15.466,10903,10904,10903,1,-1
2019-05-08 15:43:19.601,10903,10904,10903,1,-1
2019-05-08 15:43:22.532,10903,10904,10903,1,-1
2019-05-08 15:43:22.532,10903,10904,10903,1,-1
2019-05-08 15:43:22.590,10903,10904,10903,1,-1
2019-05-08 15:43:22.590,10903,10904,10903,2,-2
2019-05-08 15:43:22.591,10903,10904,10903,1,-1
2019-05-08 15:43:22.591,10903,10904,10903,3,-3
2019-05-08 15:43:37.488,10902,10903,10902,2,-2
2019-05-08 15:43:41.361,10902,10903,10902,1,-1
2019-05-08 15:43:53.965,10902,10903,10903,1,1
2019-05-08 15:43:54.090,10902,10903,10903,1,1
2019-05-08 15:43:54.650,10902,10903,10903,2,2
2019-05-08 15:43:54.715,10902,10903,10903,1,1
2019-05-08 15:44:00.184,10902,10903,10903,1,1
2019-05-08 15:44:03.770,10902,10903,10903,1,1
2019-05-08 15:44:18.871,10903,10904,10903,1,-1
2019-05-08 15:44:45.013,10902,10903,10903,1,1
2019-05-08 15:44:45.748,10902,10903,10902,2,-2
2019-05-08 15:45:27.150,10902,10903,10902,1,-1
2019-05-08 15:45:35.325,10902,10903,10902,2,-2
2019-05-08 15:45:35.335,10902,10903,10902,2,-2
2019-05-08 15:45:53.012,10902,10903,10903,1,1
2019-05-08 15:46:36.457,10902,10903,10903,1,1
2019-05-08 15:47:13.944,10902,10903,10903,1,1
2019-05-08 15:47:13.944,10902,10903,10903,1,1
2019-05-08 15:47:13.944,10902,10903,10903,1,1
2019-05-08 15:47:13.945,10902,10903,10903,1,1
2019-05-08 15:47:13.945,10902,10903,10903,1,1
2019-05-08 15:47:13.945,10902,10903,10903,1,1
2019-05-08 15:47:13.965,10902,10903,10903,1,1
2019-05-08 15:47:17.446,10903,10904,10903,1,-1
2019-05-08 15:47:17.909,10902,10904,10904,1,1
2019-05-08 15:47:29.480,10902,10903,10903,1,1
2019-05-08 15:47:34.453,10902,10903,10903,2,2
2019-05-08 15:47:34.673,10902,10903,10903,1,1
2019-05-08 15:47:49.229,10902,10903,10903,2,2
2019-05-08 15:47:50.945,10902,10903,10902,1,-1
2019-05-08 15:47:50.946,10902,10903,10902,1,-1
2019-05-08 15:47:50.946,10902,10903,10902,2,-2
2019-05-08 15:47:50.965,10902,10903,10902,3,-3
2019-05-08 15:47:51.478,10902,10903,10902,1,-1
2019-05-08 15:47:51.478,10902,10903,10902,1,-1
2019-05-08 15:47:51.478,10902,10903,10902,1,-1
2019-05-08 15:47:51.478,10902,10903,10902,4,-4
2019-05-08 15:47:51.478,10902,10903,10902,1,-1
2019-05-08 15:47:57.773,10901,10902,10901,4,-4
2019-05-08 15:47:59.597,10901,10902,10902,1,1
2019-05-08 15:48:03.029,10901,10902,10901,1,-1
2019-05-08 15:48:07.442,10901,10902,10901,2,-2
2019-05-08 15:48:08.056,10901,10902,10901,2,-2
2019-05-08 15:48:42.475,10901,10902,10901,2,-2
2019-05-08 15:49:00.022,10901,10902,10901,5,-5
2019-05-08 15:49:00.362,10901,10902,10901,1,-1
2019-05-08 15:49:08.365,10901,10902,10901,2,-2
2019-05-08 15:49:40.052,10901,10902,10902,2,2
2019-05-08 15:50:06.052,10901,10902,10902,1,1
2019-05-08 15:50:12.931,10901,10902,10902,1,1
2019-05-08 15:50:34.098,10901,10902,10901,2,-2
2019-05-08 15:50:42.749,10901,10902,10901,2,-2
2019-05-08 15:50:48.039,10901,10902,10901,1,-1
2019-05-08 15:50:49.787,10901,10902,10901,2,-2
2019-05-08 15:50:55.570,10901,10902,10901,2,-2
2019-05-08 15:51:01.898,10901,10902,10901,2,-2
2019-05-08 15:51:06.725,10901,10902,10901,3,-3
2019-05-08 15:51:29.162,10901,10902,10901,1,-1
2019-05-08 15:51:33.705,10901,10902,10902,24,24
2019-05-08 15:51:33.706,10901,10902,10902,1,1
2019-05-08 15:51:35.768,10902,10903,10902,5,-5
2019-05-08 15:51:44.757,10902,10903,10902,2,-2
2019-05-08 15:52:23.161,10902,10903,10903,9,9
2019-05-08 15:52:44.340,10903,10904,10904,17,17
2019-05-08 15:53:09.136,10903,10904,10904,1,1
2019-05-08 15:53:11.675,10903,10904,10904,2,2
2019-05-08 15:53:11.676,10903,10904,10904,1,1
2019-05-08 15:53:11.676,10903,10904,10904,1,1
2019-05-08 15:53:14.403,10903,10905,10905,1,1
2019-05-08 15:53:26.779,10904,10905,10904,1,-1
2019-05-08 15:53:30.581,10903,10904,10903,1,-1
2019-05-08 15:53:31.913,10903,10904,10904,1,1
2019-05-08 15:53:38.158,10904,10905,10905,1,1
2019-05-08 15:53:54.778,10904,10905,10905,5,5
2019-05-08 15:53:56.715,10904,10905,10905,5,5
2019-05-08 15:53:56.840,10904,10905,10905,1,1
2019-05-08 15:53:56.841,10904,10905,10905,9,9
2019-05-08 15:53:56.841,10904,10905,10905,1,1
2019-05-08 15:53:56.841,10904,10905,10905,4,4
2019-05-08 15:53:56.841,10904,10905,10905,3,3
2019-05-08 15:53:56.841,10904,10905,10905,1,1
2019-05-08 15:53:56.841,10904,10905,10905,4,4
2019-05-08 15:53:56.841,10904,10905,10905,1,1
2019-05-08 15:53:56.841,10904,10905,10905,1,1
2019-05-08 15:53:56.841,10904,10905,10905,6,6
2019-05-08 15:53:56.841,10904,10905,10905,1,1
2019-05-08 15:54:00.500,10905,10906,10906,5,5
2019-05-08 15:54:05.400,10905,10906,10906,1,1
2019-05-08 15:54:06.316,10905,10906,10905,1,-1
2019-05-08 15:54:07.749,10905,10906,10906,1,1
2019-05-08 15:54:15.253,10905,10906,10906,1,1
2019-05-08 15:54:17.167,10905,10906,10906,3,3
2019-05-08 15:54:19.850,10905,10906,10906,1,1
2019-05-08 15:54:20.457,10905,10906,10906,1,1
2019-05-08 15:54:31.650,10905,10906,10906,4,4
2019-05-08 15:54:34.419,10905,10906,10906,4,4
2019-05-08 15:54:34.728,10905,10906,10906,4,4
2019-05-08 15:54:41.144,10906,10907,10907,5,5
2019-05-08 15:54:41.262,10906,10907,10907,1,1
2019-05-08 15:54:41.548,10906,10907,10907,1,1
2019-05-08 15:54:41.550,10906,10907,10907,1,1
2019-05-08 15:54:44.109,10906,10907,10907,1,1
2019-05-08 15:54:51.115,10906,10907,10907,1,1
2019-05-08 15:55:00.152,10906,10907,10907,2,2
2019-05-08 15:55:01.773,10906,10907,10906,9,-9
2019-05-08 15:55:03.535,10905,10906,10906,2,2
2019-05-08 15:55:05.008,10905,10906,10905,1,-1
2019-05-08 15:55:05.008,10905,10906,10905,2,-2
2019-05-08 15:55:05.008,10905,10906,10905,1,-1
2019-05-08 15:55:05.091,10904,10905,10905,1,1
2019-05-08 15:55:05.630,10905,10906,10905,1,-1
2019-05-08 15:55:12.720,10905,10906,10906,2,2
2019-05-08 15:55:17.765,10905,10906,10906,11,11
2019-05-08 15:55:27.768,10905,10906,10906,1,1
2019-05-08 15:55:53.247,10905,10906,10906,1,1
2019-05-08 15:55:53.758,10905,10906,10906,1,1
2019-05-08 15:55:54.215,10905,10906,10906,1,1
2019-05-08 15:56:15.941,10905,10906,10906,1,1
2019-05-08 15:56:17.279,10905,10906,10906,2,2
2019-05-08 15:56:23.682,10905,10906,10906,1,1
2019-05-08 15:56:23.716,10906,10907,10906,1,-1
2019-05-08 15:56:23.965,10906,10907,10906,1,-1
2019-05-08 15:56:24.215,10906,10907,10906,1,-1
2019-05-08 15:56:28.601,10906,10907,10906,1,-1
2019-05-08 15:56:30.341,10906,10907,10906,1,-1
2019-05-08 15:57:19.911,10906,10907,10906,1,-1
2019-05-08 15:57:42.541,10906,10907,10906,1,-1
2019-05-08 15:57:44.697,10906,10907,10907,3,3
2019-05-08 15:57:51.317,10906,10907,10907,1,1
2019-05-08 15:57:54.232,10906,10907,10907,1,1
2019-05-08 15:57:59.510,10906,10907,10907,1,1
2019-05-08 15:57:59.510,10906,10907,10907,1,1
2019-05-08 15:57:59.510,10906,10907,10907,3,3
2019-05-08 15:57:59.511,10906,10907,10907,1,1
2019-05-08 15:57:59.511,10906,10907,10907,1,1
2019-05-08 15:57:59.511,10906,10907,10907,3,3
2019-05-08 15:57:59.511,10906,10907,10907,8,8
2019-05-08 15:57:59.511,10906,10907,10907,1,1
2019-05-08 15:57:59.511,10906,10907,10907,1,1
2019-05-08 15:57:59.511,10906,10907,10907,7,7
2019-05-08 15:57:59.511,10906,10907,10907,5,5
2019-05-08 15:57:59.511,10906,10907,10907,1,1
2019-05-08 15:57:59.511,10906,10907,10907,3,3
2019-05-08 15:57:59.511,10906,10907,10907,5,5
2019-05-08 15:57:59.590,10906,10907,10907,2,2
2019-05-08 15:58:03.171,10907,10908,10907,1,-1
2019-05-08 15:58:17.282,10907,10908,10908,2,2
2019-05-08 15:58:17.340,10907,10908,10908,2,2
2019-05-08 15:58:17.366,10907,10908,10908,4,4
2019-05-08 15:58:17.452,10907,10908,10908,1,1
2019-05-08 15:58:17.476,10907,10908,10908,1,1
2019-05-08 15:58:17.757,10907,10908,10908,1,1
2019-05-08 15:58:18.358,10907,10908,10908,5,5
2019-05-08 15:58:18.468,10907,10908,10908,2,2
2019-05-08 15:58:18.468,10907,10908,10908,1,1
2019-05-08 15:58:19.781,10907,10908,10908,14,14
2019-05-08 15:58:19.781,10907,10908,10908,8,8
2019-05-08 15:58:19.781,10907,10908,10908,2,2
2019-05-08 15:58:19.841,10907,10908,10908,1,1
2019-05-08 15:58:19.841,10907,10908,10908,1,1
2019-05-08 15:58:22.199,10908,10909,10908,1,-1
2019-05-08 15:58:22.216,10907,10908,10908,1,1
2019-05-08 15:58:23.277,10907,10908,10908,4,4
2019-05-08 15:58:28.526,10908,10909,10909,2,2
2019-05-08 15:58:29.947,10908,10909,10909,1,1
2019-05-08 15:58:32.477,10908,10909,10908,1,-1
2019-05-08 15:58:33.166,10908,10909,10909,5,5
2019-05-08 15:58:34.427,10908,10909,10909,1,1
2019-05-08 15:58:35.213,10908,10909,10909,1,1
2019-05-08 15:58:36.314,10908,10909,10909,1,1
2019-05-08 15:58:42.226,10908,10909,10909,1,1
2019-05-08 15:58:44.916,10908,10909,10909,1,1
2019-05-08 15:59:01.445,10908,10909,10909,5,5
2019-05-08 15:59:05.642,10908,10909,10908,1,-1
2019-05-08 15:59:08.637,10908,10909,10909,1,1
2019-05-08 15:59:09.635,10908,10909,10908,1,-1
2019-05-08 15:59:10.909,10908,10909,10908,1,-1
2019-05-08 15:59:18.124,10908,10909,10908,1,-1
2019-05-08 15:59:27.865,10908,10909,10908,5,-5
2019-05-08 15:59:32.937,10908,10909,10909,1,1
2019-05-08 15:59:42.280,10908,10909,10909,1,1
2019-05-08 15:59:42.723,10908,10909,10909,10,10
2019-05-08 15:59:42.966,10908,10909,10909,1,1
2019-05-08 15:59:58.032,10908,10909,10909,1,1
2019-05-08 15:59:58.310,10908,10909,10909,2,2
2019-05-08 15:59:59.670,10908,10909,10909,1,1
2019-05-08 16:00:00.111,10908,10909,10909,1,1
2019-05-08 16:00:00.479,10908,10909,10909,2,2
2019-05-08 16:00:00.494,10908,10909,10909,2,2
2019-05-08 16:00:00.525,10908,10909,10909,2,2
2019-05-08 16:00:00.592,10908,10909,10909,23,23
2019-05-08 16:00:00.592,10908,10909,10909,5,5
2019-05-08 16:00:00.593,10908,10909,10909,3,3
2019-05-08 16:00:00.699,10908,10909,10909,3,3
2019-05-08 16:00:01.183,10909,10910,10910,1,1
2019-05-08 16:00:01.247,10909,10910,10910,5,5
2019-05-08 16:00:01.258,10909,10910,10910,1,1
2019-05-08 16:00:01.259,10909,10910,10910,5,5
2019-05-08 16:00:01.259,10909,10910,10910,5,5
2019-05-08 16:00:01.268,10909,10910,10910,1,1
2019-05-08 16:00:01.345,10909,10910,10910,2,2
2019-05-08 16:00:01.985,10909,10910,10910,1,1
2019-05-08 16:00:02.014,10909,10910,10910,1,1
2019-05-08 16:00:02.129,10909,10910,10910,1,1
2019-05-08 16:00:02.452,10909,10910,10910,1,1
2019-05-08 16:00:02.464,10909,10910,10910,1,1
2019-05-08 16:00:02.870,10909,10910,10910,1,1
2019-05-08 16:00:03.995,10909,10910,10909,5,-5
2019-05-08 16:00:13.553,10909,10910,10910,8,8
2019-05-08 16:00:20.506,10909,10910,10910,2,2
2019-05-08 16:00:21.865,10909,10910,10910,4,4
2019-05-08 16:00:22.012,10909,10910,10910,1,1
2019-05-08 16:00:22.441,10909,10910,10910,1,1
2019-05-08 16:00:23.511,10909,10910,10910,1,1
2019-05-08 16:00:24.412,10909,10910,10910,2,2
2019-05-08 16:00:24.937,10909,10910,10910,3,3
2019-05-08 16:00:28.196,10910,10911,10910,3,-3
2019-05-08 16:00:31.304,10909,10910,10910,1,1
2019-05-08 16:00:32.511,10909,10910,10910,1,1
2019-05-08 16:00:33.855,10909,10910,10910,1,1
2019-05-08 16:00:34.968,10909,10910,10910,2,2
2019-05-08 16:00:34.969,10909,10910,10910,1,1
2019-05-08 16:00:35.335,10910,10911,10910,2,-2
2019-05-08 16:00:39.770,10910,10911,10910,2,-2
2019-05-08 16:00:39.771,10910,10911,10910,3,-3
2019-05-08 16:00:42.124,10909,10910,10910,1,1
2019-05-08 16:00:45.020,10909,10910,10910,1,1
2019-05-08 16:00:46.778,10909,10910,10910,1,1
2019-05-08 16:00:51.614,10909,10910,10909,2,-2
2019-05-08 16:00:51.889,10909,10910,10909,4,-4
2019-05-08 16:00:51.965,10909,10910,10909,23,-23
2019-05-08 16:00:53.862,10908,10909,10909,1,1
2019-05-08 16:00:58.177,10908,10909,10908,2,-2
2019-05-08 16:01:00.237,10908,10909,10908,3,-3
2019-05-08 16:01:00.340,10908,10909,10908,1,-1
2019-05-08 16:01:00.341,10908,10909,10908,1,-1
2019-05-08 16:01:00.341,10908,10909,10908,1,-1
2019-05-08 16:01:01.231,10908,10909,10908,1,-1
2019-05-08 16:01:03.597,10908,10909,10909,1,1
2019-05-08 16:01:06.264,10908,10909,10908,1,-1
2019-05-08 16:01:13.712,10908,10909,10908,1,-1
2019-05-08 16:01:22.088,10908,10909,10908,1,-1
2019-05-08 16:01:23.668,10908,10909,10908,1,-1
2019-05-08 16:01:23.668,10908,10909,10908,1,-1
2019-05-08 16:01:23.668,10908,10909,10908,1,-1
2019-05-08 16:01:24.599,10907,10908,10908,1,1
2019-05-08 16:01:25.283,10907,10909,10908,1,-1
2019-05-08 16:01:38.731,10907,10908,10908,1,1
2019-05-08 16:01:53.409,10907,10908,10908,1,1
2019-05-08 16:02:02.362,10908,10909,10908,1,-1
2019-05-08 16:02:03.762,10908,10909,10908,1,-1
2019-05-08 16:02:09.497,10908,10909,10908,1,-1
2019-05-08 16:02:11.120,10908,10909,10909,6,6
2019-05-08 16:02:11.215,10908,10909,10909,3,3
2019-05-08 16:02:15.495,10909,10910,10909,1,-1
2019-05-08 16:02:33.335,10909,10910,10909,1,-1
2019-05-08 16:02:38.604,10909,10910,10909,1,-1
2019-05-08 16:02:46.826,10909,10910,10909,1,-1
2019-05-08 16:02:46.857,10909,10910,10909,1,-1
2019-05-08 16:02:46.873,10909,10910,10909,1,-1
2019-05-08 16:02:48.791,10908,10909,10909,1,1
2019-05-08 16:02:55.721,10908,10909,10909,1,1
2019-05-08 16:02:56.253,10908,10909,10909,1,1
2019-05-08 16:03:02.895,10909,10910,10909,1,-1
2019-05-08 16:03:12.432,10909,10910,10909,4,-4
2019-05-08 16:03:14.021,10909,10910,10910,10,10
2019-05-08 16:03:18.483,10909,10910,10909,1,-1
2019-05-08 16:03:26.694,10909,10910,10909,1,-1
2019-05-08 16:03:36.814,10909,10910,10909,2,-2
2019-05-08 16:03:40.090,10909,10910,10910,1,1
2019-05-08 16:03:40.215,10909,10910,10910,6,6
2019-05-08 16:03:40.215,10909,10910,10910,3,3
2019-05-08 16:03:40.340,10909,10910,10910,4,4
2019-05-08 16:03:40.340,10909,10910,10910,1,1
2019-05-08 16:03:40.465,10909,10910,10910,3,3
2019-05-08 16:03:40.466,10909,10910,10910,3,3
2019-05-08 16:03:42.832,10910,10911,10910,1,-1
2019-05-08 16:03:45.688,10910,10911,10911,5,5
2019-05-08 16:03:45.737,10910,10911,10911,1,1
2019-05-08 16:03:45.896,10910,10911,10911,1,1
2019-05-08 16:03:45.977,10910,10911,10911,1,1
2019-05-08 16:03:46.010,10910,10911,10911,1,1
2019-05-08 16:03:47.874,10910,10911,10911,1,1
2019-05-08 16:03:51.880,10910,10911,10911,1,1
2019-05-08 16:03:54.471,10910,10911,10911,1,1
2019-05-08 16:03:55.286,10910,10911,10911,1,1
2019-05-08 16:03:57.895,10910,10911,10911,1,1
2019-05-08 16:03:58.107,10910,10911,10911,1,1
2019-05-08 16:03:58.340,10910,10911,10911,4,4
2019-05-08 16:03:58.466,10910,10911,10911,1,1
2019-05-08 16:04:00.951,10911,10912,10911,1,-1
2019-05-08 16:04:00.952,10911,10912,10911,2,-2
2019-05-08 16:04:13.289,10911,10912,10912,1,1
2019-05-08 16:04:16.103,10911,10912,10912,1,1
2019-05-08 16:04:19.215,10911,10912,10912,1,1
2019-05-08 16:04:19.879,10911,10912,10912,1,1
2019-05-08 16:04:21.067,10911,10912,10912,1,1
2019-05-08 16:04:23.748,10911,10912,10912,1,1
2019-05-08 16:04:25.861,10911,10912,10912,6,6
2019-05-08 16:04:26.460,10911,10912,10912,1,1
2019-05-08 16:04:28.215,10911,10912,10912,1,1
2019-05-08 16:04:30.820,10911,10912,10912,2,2
2019-05-08 16:04:31.984,10911,10912,10912,4,4
2019-05-08 16:04:33.043,10911,10912,10912,2,2
2019-05-08 16:04:34.210,10911,10912,10912,3,3
2019-05-08 16:04:34.481,10911,10912,10912,1,1
2019-05-08 16:04:34.481,10911,10912,10913,5,5
2019-05-08 16:04:34.803,10911,10913,10913,1,1
2019-05-08 16:04:35.000,10911,10913,10913,1,1
2019-05-08 16:04:35.022,10911,10913,10913,1,1
2019-05-08 16:04:35.216,10912,10913,10912,1,-1
2019-05-08 16:04:35.341,10912,10913,10912,4,-4
2019-05-08 16:04:36.445,10911,10912,10912,1,1
2019-05-08 16:04:45.838,10911,10912,10912,3,3
2019-05-08 16:05:04.905,10911,10912,10912,3,3
2019-05-08 16:05:06.916,10911,10912,10912,3,3
2019-05-08 16:05:10.411,10911,10912,10912,1,1
2019-05-08 16:05:12.806,10911,10912,10912,2,2
2019-05-08 16:05:12.807,10911,10912,10913,2,2
2019-05-08 16:05:15.506,10912,10913,10913,1,1
2019-05-08 16:05:15.648,10912,10913,10912,1,-1
2019-05-08 16:05:17.402,10911,10912,10912,1,1
2019-05-08 16:05:28.969,10911,10912,10912,2,2
2019-05-08 16:05:40.142,10911,10912,10912,1,1
2019-05-08 16:05:42.851,10911,10912,10912,1,1
2019-05-08 16:05:43.504,10911,10912,10912,2,2
2019-05-08 16:05:59.742,10911,10912,10912,1,1
2019-05-08 16:06:13.925,10911,10912,10912,1,1
2019-05-08 16:06:21.013,10911,10912,10912,1,1
2019-05-08 16:06:27.909,10911,10912,10911,25,-25
2019-05-08 16:06:27.966,10911,10912,10911,5,-5
2019-05-08 16:06:30.026,10910,10911,10911,1,1
2019-05-08 16:06:30.899,10910,10911,10910,9,-9
2019-05-08 16:06:30.902,10910,10911,10910,1,-1
2019-05-08 16:06:31.297,10909,10910,10909,1,-1
2019-05-08 16:06:31.481,10909,10910,10910,1,1
2019-05-08 16:06:39.436,10909,10910,10910,5,5
2019-05-08 16:06:41.465,10909,10910,10910,1,1
2019-05-08 16:06:42.465,10909,10910,10910,5,5
2019-05-08 16:06:46.216,10909,10911,10911,1,1
2019-05-08 16:06:46.385,10909,10911,10911,1,1
2019-05-08 16:06:53.969,10910,10911,10910,1,-1
2019-05-08 16:06:59.734,10911,10912,10911,1,1
2019-05-08 16:07:14.168,10911,10912,10912,1,1
2019-05-08 16:07:23.849,10911,10912,10912,2,2
2019-05-08 16:07:26.288,10911,10912,10912,3,3
2019-05-08 16:07:26.340,10911,10912,10912,5,5
2019-05-08 16:07:31.871,10912,10913,10912,2,-2
2019-05-08 16:07:31.951,10912,10913,10912,1,-1
2019-05-08 16:07:34.604,10912,10913,10913,1,1
2019-05-08 16:07:44.278,10912,10913,10912,1,-1
2019-05-08 16:07:49.362,10912,10913,10912,1,-1
2019-05-08 16:07:49.526,10912,10913,10912,1,-1
2019-05-08 16:07:51.808,10912,10913,10912,1,-1
2019-05-08 16:07:58.610,10912,10913,10912,1,-1
2019-05-08 16:08:01.850,10911,10912,10912,1,1
2019-05-08 16:08:22.214,10911,10912,10911,25,-25
2019-05-08 16:08:34.384,10910,10911,10910,1,-1
2019-05-08 16:08:39.623,10910,10911,10911,1,1
2019-05-08 16:08:44.105,10910,10911,10911,1,1
2019-05-08 16:08:54.225,10910,10911,10911,1,1
2019-05-08 16:09:06.320,10910,10911,10910,2,-2
2019-05-08 16:09:23.482,10910,10911,10910,1,-1
2019-05-08 16:09:26.616,10910,10911,10910,2,-2
2019-05-08 16:09:46.632,10910,10911,10910,2,-2
2019-05-08 16:09:47.743,10910,10911,10910,1,-1
2019-05-08 16:09:55.217,10910,10911,10910,1,-1
2019-05-08 16:10:00.128,10910,10911,10910,1,-1
2019-05-08 16:10:01.852,10910,10911,10910,1,-1
2019-05-08 16:10:04.144,10910,10911,10911,1,1
2019-05-08 16:10:04.255,10910,10911,10911,1,1
2019-05-08 16:10:06.094,10910,10911,10910,5,-5
2019-05-08 16:10:19.377,10910,10911,10910,1,-1
2019-05-08 16:10:20.930,10910,10911,10910,2,-2
2019-05-08 16:10:33.109,10910,10911,10911,1,1
2019-05-08 16:10:37.868,10910,10911,10911,1,1
2019-05-08 16:10:46.346,10910,10911,10911,1,1
2019-05-08 16:11:35.329,10910,10911,10910,1,-1
2019-05-08 16:12:05.412,10910,10911,10910,1,-1
2019-05-08 16:12:13.029,10910,10911,10911,1,1
2019-05-08 16:12:21.540,10910,10911,10911,1,1
2019-05-08 16:12:49.723,10910,10911,10911,1,1
2019-05-08 16:13:04.852,10910,10911,10911,1,1
2019-05-08 16:13:05.718,10910,10911,10911,1,1
2019-05-08 16:13:05.732,10910,10911,10911,1,1
2019-05-08 16:13:06.840,10910,10911,10911,3,3
2019-05-08 16:13:06.965,10910,10911,10911,5,5
2019-05-08 16:13:06.965,10910,10911,10911,4,4
2019-05-08 16:13:06.966,10910,10911,10911,5,5
2019-05-08 16:13:06.966,10910,10911,10911,1,1
2019-05-08 16:13:24.656,10911,10912,10912,3,3
2019-05-08 16:13:33.853,10911,10912,10912,1,1
2019-05-08 16:13:33.998,10911,10912,10912,1,1
2019-05-08 16:13:36.167,10911,10912,10912,4,4
2019-05-08 16:13:36.215,10911,10912,10912,1,1
2019-05-08 16:13:36.215,10911,10912,10912,5,5
2019-05-08 16:13:36.340,10911,10912,10912,2,2
2019-05-08 16:13:36.340,10911,10912,10912,1,1
2019-05-08 16:13:36.349,10911,10912,10912,4,4
2019-05-08 16:13:36.715,10911,10912,10912,2,2
2019-05-08 16:13:36.716,10911,10912,10912,1,1
2019-05-08 16:13:43.709,10912,10913,10913,1,1
2019-05-08 16:13:51.265,10912,10913,10913,1,1
2019-05-08 16:13:51.295,10912,10913,10912,2,-2
2019-05-08 16:13:51.868,10912,10913,10912,3,-3
2019-05-08 16:13:57.056,10912,10913,10912,1,-1
2019-05-08 16:14:02.998,10912,10913,10913,10,10
2019-05-08 16:14:03.244,10912,10913,10913,5,5
2019-05-08 16:14:03.340,10912,10913,10913,1,1
2019-05-08 16:14:03.341,10912,10913,10913,1,1
2019-05-08 16:14:03.341,10912,10913,10913,3,3
2019-05-08 16:14:03.341,10912,10913,10913,1,1
2019-05-08 16:14:06.248,10913,10914,10913,1,-1
2019-05-08 16:14:07.585,10913,10914,10913,1,-1
2019-05-08 16:14:08.252,10913,10914,10913,2,-2
2019-05-08 16:14:15.140,10913,10914,10913,1,-1
2019-05-08 16:14:21.648,10913,10914,10914,5,5
2019-05-08 16:14:21.743,10913,10914,10914,8,8
2019-05-08 16:14:22.605,10913,10914,10914,5,5
2019-05-08 16:14:22.715,10913,10914,10914,1,1
2019-05-08 16:14:24.454,10913,10914,10914,1,1
2019-05-08 16:14:25.247,10913,10914,10914,1,1
2019-05-08 16:14:25.271,10913,10914,10913,1,-1
2019-05-08 16:14:27.100,10913,10914,10914,2,2
2019-05-08 16:14:28.250,10914,10915,10914,1,-1
2019-05-08 16:14:29.053,10914,10915,10915,5,5
2019-05-08 16:14:29.828,10914,10915,10915,1,1
2019-05-08 16:14:30.498,10914,10915,10915,3,3
2019-05-08 16:14:36.467,10914,10915,10915,2,2
2019-05-08 16:14:36.613,10914,10915,10915,2,2
2019-05-08 16:14:38.094,10914,10915,10915,2,2
2019-05-08 16:14:39.790,10914,10915,10915,2,2
2019-05-08 16:14:39.950,10914,10915,10915,8,8
2019-05-08 16:14:39.950,10914,10915,10915,8,8
2019-05-08 16:14:39.950,10914,10915,10915,2,2
2019-05-08 16:14:39.950,10914,10915,10915,1,1
2019-05-08 16:14:39.951,10914,10915,10916,8,8
2019-05-08 16:14:39.951,10914,10915,10916,7,7
2019-05-08 16:14:39.951,10914,10915,10916,8,8
2019-05-08 16:14:39.951,10914,10915,10916,7,7
2019-05-08 16:14:39.967,10915,10916,10916,3,3
2019-05-08 16:14:39.992,10915,10916,10916,1,1
2019-05-08 16:14:39.992,10915,10916,10916,1,1
2019-05-08 16:14:40.002,10915,10916,10916,1,1
2019-05-08 16:14:40.091,10915,10916,10916,15,15
2019-05-08 16:14:41.554,10916,10917,10916,1,-1
2019-05-08 16:14:41.801,10916,10917,10916,15,-15
2019-05-08 16:14:41.801,10916,10917,10915,11,-11
2019-05-08 16:14:43.586,10915,10916,10916,2,2
2019-05-08 16:14:47.574,10915,10916,10916,2,2
2019-05-08 16:14:48.788,10915,10916,10916,1,1
2019-05-08 16:14:49.024,10915,10916,10916,2,2
2019-05-08 16:14:49.562,10915,10917,10915,1,-1
2019-05-08 16:14:50.358,10916,10917,10917,2,2
2019-05-08 16:14:50.568,10916,10917,10917,2,2
2019-05-08 16:14:50.822,10916,10917,10917,1,1
2019-05-08 16:14:51.801,10916,10917,10917,1,1
2019-05-08 16:14:52.539,10916,10917,10916,1,-1
2019-05-08 16:14:53.272,10916,10917,10917,20,20
2019-05-08 16:14:53.368,10916,10917,10916,1,-1
2019-05-08 16:14:55.074,10916,10918,10918,2,2
2019-05-08 16:14:56.293,10917,10918,10917,1,-1
2019-05-08 16:14:57.495,10917,10918,10917,1,-1
2019-05-08 16:14:58.115,10917,10918,10917,1,-1
2019-05-08 16:14:59.923,10916,10917,10917,1,1
2019-05-08 16:15:00.372,10917,10918,10918,2,2
2019-05-08 16:15:00.372,10917,10918,10918,1,1
2019-05-08 16:15:00.372,10917,10918,10918,1,1
2019-05-08 16:15:00.372,10917,10918,10918,1,1
2019-05-08 16:15:00.372,10917,10918,10918,1,1
2019-05-08 16:15:00.372,10917,10918,10918,1,1
2019-05-08 16:15:00.372,10917,10918,10918,1,1
2019-05-08 16:15:00.372,10917,10918,10918,2,2
2019-05-08 16:15:00.373,10917,10918,10918,2,2
2019-05-08 16:15:00.374,10917,10918,10918,4,4
2019-05-08 16:15:00.376,10917,10918,10918,2,2
2019-05-08 16:15:00.380,10917,10918,10918,7,7
2019-05-08 16:15:00.381,10917,10918,10918,1,1
2019-05-08 16:15:00.780,10917,10918,10918,1,1
2019-05-08 16:15:00.841,10917,10918,10918,2,2
2019-05-08 16:15:00.945,10917,10918,10918,1,1
2019-05-08 16:15:01.078,10917,10918,10917,1,-1
2019-05-08 16:15:02.227,10917,10918,10918,1,1
2019-05-08 16:15:02.474,10917,10918,10918,5,5
2019-05-08 16:15:05.327,10917,10918,10918,5,5
2019-05-08 16:15:10.081,10917,10918,10918,3,3
2019-05-08 16:15:10.427,10917,10918,10918,1,1
2019-05-08 16:15:11.095,10917,10918,10917,1,-1
2019-05-08 16:15:13.324,10917,10918,10917,1,-1
2019-05-08 16:15:14.314,10916,10917,10917,1,1
2019-05-08 16:15:14.845,10916,10917,10917,6,6
2019-05-08 16:15:16.058,10916,10917,10917,2,2
2019-05-08 16:15:16.482,10916,10917,10917,1,1
2019-05-08 16:15:20.362,10917,10918,10917,2,-2
2019-05-08 16:15:22.234,10916,10917,10916,1,-1
2019-05-08 16:15:22.666,10916,10917,10917,2,2
2019-05-08 16:15:23.764,10916,10917,10917,7,7
2019-05-08 16:15:24.771,10916,10917,10917,1,1
2019-05-08 16:15:25.143,10916,10917,10917,19,19
2019-05-08 16:15:25.143,10916,10917,10918,15,15
2019-05-08 16:15:32.544,10917,10918,10917,1,-1
2019-05-08 16:15:37.245,10917,10918,10917,1,-1
2019-05-08 16:15:38.633,10917,10918,10917,1,-1
2019-05-08 16:15:40.383,10917,10918,10918,5,5
2019-05-08 16:15:42.551,10917,10918,10917,1,-1
2019-05-08 16:15:43.920,10917,10918,10918,5,5
2019-05-08 16:15:47.590,10917,10918,10917,9,-9
2019-05-08 16:15:49.440,10916,10917,10917,1,1
2019-05-08 16:15:50.261,10916,10917,10917,5,5
2019-05-08 16:15:51.236,10916,10917,10917,12,12
2019-05-08 16:15:52.195,10916,10917,10917,1,1
2019-05-08 16:15:52.271,10916,10917,10916,1,-1
2019-05-08 16:15:52.280,10916,10917,10917,1,1
2019-05-08 16:15:53.061,10916,10917,10917,2,2
2019-05-08 16:15:57.513,10916,10917,10917,5,5
2019-05-08 16:16:01.651,10916,10918,10918,1,1
2019-05-08 16:16:01.811,10916,10918,10918,1,1
2019-05-08 16:16:02.123,10917,10918,10918,1,1
2019-05-08 16:16:02.182,10917,10918,10918,1,1
2019-05-08 16:16:02.489,10917,10918,10918,1,1
2019-05-08 16:16:02.544,10917,10918,10918,1,1
2019-05-08 16:16:02.752,10917,10918,10918,1,1
2019-05-08 16:16:02.988,10917,10918,10918,1,1
2019-05-08 16:16:07.595,10917,10918,10918,1,1
2019-05-08 16:16:10.472,10917,10918,10918,5,5
2019-05-08 16:16:11.470,10918,10919,10918,17,-17
2019-05-08 16:16:12.785,10917,10918,10918,2,2
2019-05-08 16:16:13.318,10917,10918,10918,1,1
2019-05-08 16:16:14.853,10917,10918,10918,3,3
2019-05-08 16:16:17.783,10917,10918,10918,3,3
2019-05-08 16:16:19.826,10917,10918,10918,2,2
2019-05-08 16:16:20.925,10917,10918,10918,1,1
2019-05-08 16:16:21.511,10917,10918,10918,1,1
2019-05-08 16:16:24.623,10917,10918,10917,1,-1
2019-05-08 16:16:28.119,10917,10918,10918,1,1
2019-05-08 16:16:31.380,10917,10918,10918,1,1
2019-05-08 16:16:36.737,10917,10918,10917,2,-2
2019-05-08 16:16:38.383,10917,10918,10918,1,1
2019-05-08 16:16:40.449,10917,10918,10918,3,3
2019-05-08 16:16:41.085,10917,10918,10918,1,1
2019-05-08 16:16:41.592,10917,10918,10917,21,-21
2019-05-08 16:16:41.724,10916,10918,10917,1,-1
2019-05-08 16:16:41.814,10916,10918,10916,1,-1
2019-05-08 16:16:43.250,10916,10918,10916,1,-1
2019-05-08 16:16:44.234,10917,10918,10918,2,2
2019-05-08 16:16:49.094,10917,10918,10918,1,1
2019-05-08 16:16:53.812,10917,10918,10918,1,1
2019-05-08 16:16:55.475,10917,10918,10918,2,2
2019-05-08 16:16:55.590,10917,10918,10918,8,8
2019-05-08 16:16:55.715,10917,10918,10918,7,7
2019-05-08 16:16:55.890,10917,10918,10918,1,1
2019-05-08 16:16:56.147,10917,10918,10918,2,2
2019-05-08 16:16:56.147,10917,10918,10918,3,3
2019-05-08 16:16:56.147,10917,10918,10918,4,4
2019-05-08 16:16:56.149,10917,10918,10918,1,1
2019-05-08 16:17:00.309,10917,10918,10918,1,1
2019-05-08 16:17:03.759,10918,10919,10919,1,1
2019-05-08 16:17:06.148,10918,10919,10919,1,1
2019-05-08 16:17:08.104,10918,10919,10919,2,2
2019-05-08 16:17:08.360,10918,10919,10919,4,4
2019-05-08 16:17:08.468,10918,10919,10919,2,2
2019-05-08 16:17:08.700,10918,10919,10919,1,1
2019-05-08 16:17:11.123,10918,10919,10919,1,1
2019-05-08 16:17:14.508,10918,10919,10919,1,1
2019-05-08 16:17:15.628,10918,10919,10919,7,7
2019-05-08 16:17:16.689,10918,10919,10918,1,-1
2019-05-08 16:17:21.734,10918,10919,10919,1,1
2019-05-08 16:17:22.845,10918,10919,10919,1,1
2019-05-08 16:17:28.142,10918,10919,10919,1,1
2019-05-08 16:17:28.812,10918,10919,10919,1,1
2019-05-08 16:17:29.373,10918,10919,10919,1,1
2019-05-08 16:17:29.989,10918,10919,10919,1,1
2019-05-08 16:17:38.806,10918,10919,10919,1,1
2019-05-08 16:17:40.716,10918,10919,10919,2,2
2019-05-08 16:17:51.230,10918,10919,10919,1,1
2019-05-08 16:17:51.393,10918,10919,10918,31,-31
2019-05-08 16:17:55.032,10917,10918,10917,1,-1
2019-05-08 16:17:56.675,10918,10919,10918,1,1
2019-05-08 16:18:01.182,10917,10918,10918,1,1
2019-05-08 16:18:01.824,10917,10918,10918,3,3
2019-05-08 16:18:01.860,10917,10918,10918,2,2
2019-05-08 16:18:01.883,10917,10918,10918,1,1
2019-05-08 16:18:02.819,10917,10918,10918,8,8
2019-05-08 16:18:08.984,10917,10918,10918,2,2
2019-05-08 16:18:15.731,10917,10918,10918,4,4
2019-05-08 16:18:17.232,10917,10918,10918,1,1
2019-05-08 16:18:25.842,10918,10919,10918,2,-2
2019-05-08 16:18:25.991,10918,10919,10918,1,-1
2019-05-08 16:18:29.026,10917,10918,10918,2,2
2019-05-08 16:18:29.774,10917,10918,10918,1,1
2019-05-08 16:18:29.860,10917,10918,10917,1,-1
2019-05-08 16:18:44.979,10917,10918,10918,1,1
2019-05-08 16:18:54.523,10917,10918,10918,2,2
2019-05-08 16:18:58.574,10917,10918,10918,1,1
2019-05-08 16:18:58.787,10917,10918,10918,1,1
2019-05-08 16:19:16.340,10917,10918,10917,26,-26
2019-05-08 16:19:16.347,10917,10918,10918,18,18
2019-05-08 16:19:16.466,10917,10918,10917,4,-4
2019-05-08 16:19:16.466,10917,10918,10917,1,-1
2019-05-08 16:19:16.466,10917,10918,10917,4,-4
2019-05-08 16:19:16.472,10917,10918,10917,4,-4
2019-05-08 16:19:23.330,10916,10917,10917,1,1
2019-05-08 16:19:31.683,10916,10917,10917,1,1
2019-05-08 16:19:33.993,10916,10917,10917,1,1
2019-05-08 16:19:37.690,10916,10917,10917,2,2
2019-05-08 16:19:37.971,10916,10917,10917,1,1
2019-05-08 16:19:38.465,10916,10917,10916,1,-1
2019-05-08 16:19:38.523,10916,10917,10917,1,1
2019-05-08 16:19:41.887,10916,10917,10916,1,-1
2019-05-08 16:19:43.902,10916,10917,10917,2,2
2019-05-08 16:19:44.270,10916,10917,10917,1,1
2019-05-08 16:19:44.578,10917,10918,10917,1,-1
2019-05-08 16:19:59.025,10916,10917,10916,1,-1
2019-05-08 16:20:00.785,10916,10917,10917,2,2
2019-05-08 16:20:02.828,10916,10917,10917,3,3
2019-05-08 16:20:03.235,10917,10918,10918,2,2
2019-05-08 16:20:03.381,10917,10918,10918,3,3
2019-05-08 16:20:03.392,10917,10918,10918,3,3
2019-05-08 16:20:07.388,10917,10918,10918,1,1
2019-05-08 16:20:07.389,10917,10918,10918,1,1
2019-05-08 16:20:07.389,10917,10918,10918,1,1
2019-05-08 16:20:07.389,10917,10918,10918,4,4
2019-05-08 16:20:07.465,10917,10918,10918,10,10
2019-05-08 16:20:19.842,10918,10919,10918,10,-10
2019-05-08 16:20:26.411,10917,10918,10918,3,3
2019-05-08 16:20:31.758,10917,10918,10917,1,-1
2019-05-08 16:20:31.840,10917,10918,10917,1,-1
2019-05-08 16:20:31.841,10917,10918,10917,1,-1
2019-05-08 16:20:31.841,10917,10918,10917,1,-1
2019-05-08 16:20:31.965,10917,10918,10917,4,-4
2019-05-08 16:20:32.743,10916,10917,10917,6,6
2019-05-08 16:20:33.340,10916,10917,10917,1,1
2019-05-08 16:20:41.217,10916,10917,10917,1,1
2019-05-08 16:20:55.682,10916,10917,10916,1,-1
2019-05-08 16:20:56.861,10916,10917,10916,4,-4
2019-05-08 16:21:04.564,10916,10917,10916,5,-5
2019-05-08 16:21:06.087,10916,10917,10916,5,-5
2019-05-08 16:21:09.218,10916,10917,10916,1,-1
2019-05-08 16:21:09.653,10916,10917,10916,5,-5
2019-05-08 16:21:09.715,10916,10917,10916,4,-4
2019-05-08 16:21:10.442,10915,10916,10916,5,5
2019-05-08 16:21:17.829,10916,10917,10916,1,-1
2019-05-08 16:21:18.416,10916,10917,10916,1,-1
2019-05-08 16:21:22.213,10916,10917,10916,1,-1
2019-05-08 16:21:23.965,10916,10917,10916,2,-2
2019-05-08 16:21:41.013,10915,10916,10916,3,3
2019-05-08 16:21:44.326,10915,10916,10916,3,3
2019-05-08 16:21:51.447,10915,10916,10916,1,1
2019-05-08 16:21:51.760,10915,10916,10915,20,-20
2019-05-08 16:21:52.276,10915,10916,10916,1,1
2019-05-08 16:21:52.995,10915,10916,10915,1,-1
2019-05-08 16:21:58.590,10915,10916,10915,1,-1
2019-05-08 16:21:59.358,10915,10916,10915,1,-1
2019-05-08 16:22:00.383,10915,10916,10915,4,-4
2019-05-08 16:22:11.045,10915,10916,10915,1,-1
2019-05-08 16:22:16.513,10915,10916,10915,1,-1
2019-05-08 16:22:19.512,10915,10916,10915,1,-1
2019-05-08 16:22:21.548,10915,10916,10915,1,-1
2019-05-08 16:22:21.548,10915,10916,10915,1,-1
2019-05-08 16:22:26.575,10914,10915,10915,1,1
2019-05-08 16:22:34.025,10915,10916,10915,2,-2
2019-05-08 16:22:47.026,10915,10916,10915,1,-1
2019-05-08 16:22:58.218,10915,10916,10915,1,-1
2019-05-08 16:22:58.675,10915,10916,10915,1,-1
2019-05-08 16:23:03.610,10915,10916,10915,2,-2
2019-05-08 16:23:10.582,10915,10916,10915,1,-1
2019-05-08 16:23:12.941,10915,10916,10916,1,1
2019-05-08 16:23:15.176,10915,10916,10916,1,1
2019-05-08 16:23:20.030,10915,10916,10916,1,1
2019-05-08 16:23:21.498,10915,10916,10916,1,1
2019-05-08 16:23:22.386,10915,10916,10916,1,1
2019-05-08 16:23:22.552,10915,10916,10916,1,1
2019-05-08 16:23:23.378,10915,10916,10916,1,1
2019-05-08 16:23:28.765,10915,10916,10916,1,1
2019-05-08 16:23:29.241,10915,10916,10916,1,1
2019-05-08 16:23:30.190,10915,10916,10916,1,1
2019-05-08 16:23:36.064,10915,10916,10915,1,-1
2019-05-08 16:23:41.292,10915,10916,10915,1,-1
2019-05-08 16:23:41.435,10915,10916,10915,1,-1
2019-05-08 16:23:41.435,10915,10916,10915,1,-1
2019-05-08 16:23:41.435,10915,10916,10915,1,-1
2019-05-08 16:23:41.435,10915,10916,10915,2,-2
2019-05-08 16:23:41.435,10915,10916,10915,1,-1
2019-05-08 16:23:41.466,10915,10916,10915,18,-18
2019-05-08 16:23:41.466,10915,10916,10915,2,-2
2019-05-08 16:23:41.466,10915,10916,10915,1,-1
2019-05-08 16:23:44.806,10914,10915,10915,1,1
2019-05-08 16:23:46.434,10914,10915,10915,2,2
2019-05-08 16:23:56.025,10914,10915,10915,2,2
2019-05-08 16:24:13.536,10914,10915,10915,1,1
2019-05-08 16:24:15.525,10914,10915,10915,1,1
2019-05-08 16:24:16.618,10914,10915,10915,1,1
2019-05-08 16:24:18.264,10914,10915,10915,1,1
2019-05-08 16:24:22.589,10914,10915,10915,1,1
2019-05-08 16:24:29.396,10914,10915,10915,1,1
2019-05-08 16:24:53.838,10914,10915,10915,1,1
2019-05-08 16:24:57.791,10914,10915,10915,4,4
2019-05-08 16:24:58.785,10914,10915,10915,3,3
2019-05-08 16:25:05.434,10914,10915,10915,1,1
2019-05-08 16:25:06.715,10914,10915,10914,5,-5
2019-05-08 16:25:07.167,10914,10915,10915,1,1
2019-05-08 16:25:15.505,10914,10915,10915,2,2
2019-05-08 16:25:15.590,10914,10915,10915,5,5
2019-05-08 16:25:23.133,10915,10916,10916,1,1
2019-05-08 16:25:23.193,10915,10916,10916,2,2
2019-05-08 16:25:23.215,10915,10916,10916,6,6
2019-05-08 16:25:32.668,10916,10917,10917,1,1
2019-05-08 16:25:33.350,10916,10917,10917,2,2
2019-05-08 16:26:02.874,10916,10917,10916,1,-1
2019-05-08 16:26:10.340,10916,10917,10916,1,-1
2019-05-08 16:26:10.340,10916,10917,10916,2,-2
2019-05-08 16:26:18.872,10915,10916,10915,1,-1
2019-05-08 16:26:19.090,10915,10916,10915,1,-1
2019-05-08 16:26:22.407,10915,10916,10915,1,-1
2019-05-08 16:26:22.465,10915,10916,10915,3,-3
2019-05-08 16:26:23.477,10914,10916,10916,1,1
2019-05-08 16:26:26.379,10914,10915,10915,1,1
2019-05-08 16:26:27.367,10914,10915,10915,5,5
2019-05-08 16:26:32.180,10915,10916,10915,1,-1
2019-05-08 16:26:33.740,10915,10916,10915,1,-1
2019-05-08 16:26:41.352,10914,10915,10915,2,2
2019-05-08 16:26:47.493,10914,10915,10915,1,1
2019-05-08 16:27:04.542,10914,10915,10914,1,-1
2019-05-08 16:27:05.695,10914,10915,10915,2,2
2019-05-08 16:27:16.305,10914,10915,10914,1,-1
2019-05-08 16:27:23.754,10914,10915,10914,10,-10
2019-05-08 16:27:23.840,10914,10915,10914,7,-7
2019-05-08 16:27:25.624,10913,10914,10914,1,1
2019-05-08 16:27:25.743,10913,10914,10914,5,5
2019-05-08 16:27:25.959,10913,10914,10914,1,1
2019-05-08 16:27:26.462,10913,10914,10914,5,5
2019-05-08 16:27:27.926,10913,10914,10914,1,1
2019-05-08 16:27:31.467,10913,10914,10913,2,-2
2019-05-08 16:27:31.801,10913,10914,10914,1,1
2019-05-08 16:27:32.917,10913,10914,10913,5,-5
2019-05-08 16:27:40.352,10913,10914,10913,1,-1
2019-05-08 16:27:42.171,10913,10914,10913,10,-10
2019-05-08 16:27:46.776,10913,10914,10913,1,-1
2019-05-08 16:27:51.044,10913,10914,10913,10,-10
2019-05-08 16:27:53.684,10913,10914,10913,1,-1
2019-05-08 16:27:54.234,10913,10914,10913,5,-5
2019-05-08 16:27:54.719,10913,10914,10913,4,-4
2019-05-08 16:27:58.754,10913,10914,10913,1,-1
2019-05-08 16:28:10.081,10912,10913,10913,3,3
2019-05-08 16:28:13.024,10913,10914,10913,1,-1
2019-05-08 16:28:15.653,10913,10914,10914,1,1
2019-05-08 16:28:15.715,10913,10914,10914,9,9
2019-05-08 16:28:15.840,10913,10914,10914,6,6
2019-05-08 16:28:16.671,10914,10915,10914,1,-1
2019-05-08 16:28:23.212,10914,10915,10914,3,-3
2019-05-08 16:28:54.517,10913,10914,10913,1,-1
2019-05-08 16:29:02.879,10913,10914,10913,9,-9
2019-05-08 16:29:02.888,10913,10914,10913,1,-1
2019-05-08 16:29:08.302,10912,10913,10913,1,1
2019-05-08 16:29:14.289,10912,10913,10913,1,1
2019-05-08 16:29:14.936,10912,10913,10912,8,-8
2019-05-08 16:29:15.295,10912,10913,10913,1,1
2019-05-08 16:29:15.478,10912,10913,10913,1,1
2019-05-08 16:29:26.069,10912,10913,10912,5,-5
2019-05-08 16:29:26.605,10912,10913,10912,5,-5
2019-05-08 16:29:34.431,10912,10913,10912,1,-1
2019-05-08 16:29:34.431,10912,10913,10912,2,-2
2019-05-08 16:29:34.770,10912,10913,10912,1,-1
2019-05-08 16:29:37.066,10912,10913,10912,1,-1
2019-05-08 16:29:37.254,10911,10912,10912,1,1
2019-05-08 16:29:40.686,10911,10912,10912,3,3
2019-05-08 16:29:43.991,10911,10912,10912,1,1
2019-05-08 16:29:48.507,10911,10912,10912,1,1
2019-05-08 16:29:52.006,10911,10912,10912,8,8
2019-05-08 16:29:55.410,10912,10913,10912,1,-1
2019-05-08 16:29:58.955,10912,10913,10912,1,-1
2019-05-08 16:30:00.146,10912,10913,10912,1,-1
2019-05-08 16:30:03.865,10912,10913,10913,2,2
2019-05-08 16:30:05.066,10912,10913,10912,1,-1
2019-05-08 16:30:05.175,10912,10913,10913,3,3
2019-05-08 16:30:07.359,10913,10914,10913,1,-1
2019-05-08 16:30:19.667,10913,10914,10913,1,-1
2019-05-08 16:30:39.983,10913,10914,10913,1,-1
2019-05-08 16:30:45.351,10913,10914,10913,1,-1
2019-05-08 16:30:56.932,10913,10914,10913,1,-1
2019-05-08 16:31:05.976,10913,10914,10913,1,-1
2019-05-08 16:31:13.970,10913,10914,10913,1,-1
2019-05-08 16:31:13.975,10913,10914,10913,8,-8
2019-05-08 16:31:19.192,10912,10913,10912,1,-1
2019-05-08 16:31:21.228,10912,10913,10912,12,-12
2019-05-08 16:31:21.340,10912,10913,10912,11,-11
2019-05-08 16:31:21.466,10911,10912,10912,1,1
2019-05-08 16:31:31.912,10911,10912,10912,2,2
2019-05-08 16:31:35.290,10912,10913,10913,5,5
2019-05-08 16:31:39.335,10912,10913,10912,1,-1
2019-05-08 16:31:53.665,10911,10912,10912,1,1
2019-05-08 16:32:04.629,10911,10912,10911,1,-1
2019-05-08 16:32:12.015,10911,10912,10911,1,-1
2019-05-08 16:32:14.847,10911,10912,10911,1,-1
2019-05-08 16:32:15.597,10911,10912,10911,1,-1
2019-05-08 16:32:16.755,10911,10912,10911,1,-1
2019-05-08 16:32:20.981,10911,10912,10911,2,-2
2019-05-08 16:32:27.104,10911,10912,10911,2,-2
2019-05-08 16:32:27.405,10911,10912,10911,4,-4
2019-05-08 16:32:28.283,10911,10912,10911,1,-1
2019-05-08 16:32:33.948,10911,10912,10911,1,-1
2019-05-08 16:32:34.677,10911,10912,10911,7,-7
2019-05-08 16:32:35.210,10910,10911,10910,1,-1
2019-05-08 16:32:35.264,10910,10911,10910,2,-2
2019-05-08 16:32:39.900,10910,10911,10910,1,-1
2019-05-08 16:32:40.238,10910,10911,10910,10,-10
2019-05-08 16:32:42.198,10910,10911,10911,2,2
2019-05-08 16:32:44.400,10910,10911,10910,1,-1
2019-05-08 16:32:44.403,10910,10911,10910,2,-2
2019-05-08 16:32:46.248,10910,10911,10910,2,-2
2019-05-08 16:32:47.290,10910,10911,10911,1,1
2019-05-08 16:32:47.356,10910,10911,10910,10,-10
2019-05-08 16:32:47.662,10910,10911,10910,1,-1
2019-05-08 16:32:47.905,10910,10911,10910,1,-1
2019-05-08 16:32:48.551,10910,10911,10910,7,-7
2019-05-08 16:32:48.551,10910,10911,10909,7,-7
2019-05-08 16:32:48.633,10909,10910,10909,3,-3
2019-05-08 16:32:58.387,10909,10910,10909,1,-1
2019-05-08 16:32:59.965,10909,10910,10910,11,11
2019-05-08 16:33:03.240,10910,10911,10910,1,-1
2019-05-08 16:33:07.090,10910,10911,10910,2,-2
2019-05-08 16:33:07.511,10910,10911,10911,1,1
2019-05-08 16:33:08.966,10910,10911,10911,1,1
2019-05-08 16:33:10.572,10910,10911,10911,1,1
2019-05-08 16:33:12.962,10911,10912,10911,5,-5
2019-05-08 16:33:13.680,10910,10911,10910,1,-1
2019-05-08 16:33:21.009,10910,10911,10911,1,1
2019-05-08 16:33:31.282,10911,10912,10911,2,-2
2019-05-08 16:33:33.950,10911,10912,10911,1,-1
2019-05-08 16:33:38.834,10911,10912,10911,1,-1
2019-05-08 16:33:48.917,10911,10912,10912,2,2
2019-05-08 16:34:06.601,10911,10912,10911,1,-1
2019-05-08 16:34:07.234,10911,10912,10912,1,1
2019-05-08 16:34:11.940,10911,10912,10911,1,-1
2019-05-08 16:34:18.691,10911,10912,10911,1,-1
2019-05-08 16:34:21.796,10911,10912,10911,1,-1
2019-05-08 16:34:37.634,10911,10912,10911,1,-1
2019-05-08 16:35:08.153,10911,10912,10911,1,-1
2019-05-08 16:35:18.338,10911,10912,10912,1,1
2019-05-08 16:35:18.339,10911,10912,10912,1,1
2019-05-08 16:35:18.340,10911,10912,10912,10,10
2019-05-08 16:35:20.213,10912,10913,10912,1,-1
2019-05-08 16:35:29.538,10912,10913,10913,1,1
2019-05-08 16:35:41.377,10912,10913,10913,1,1
2019-05-08 16:35:44.091,10912,10913,10913,5,5
2019-05-08 16:35:45.472,10912,10913,10913,1,1
2019-05-08 16:35:46.767,10912,10913,10913,1,1
2019-05-08 16:35:48.149,10912,10913,10913,2,2
2019-05-08 16:36:03.007,10913,10914,10913,4,-4
2019-05-08 16:36:21.606,10912,10913,10913,1,1
2019-05-08 16:36:34.710,10912,10913,10913,5,5
2019-05-08 16:36:35.494,10913,10914,10913,3,-3
2019-05-08 16:37:05.090,10913,10914,10914,9,9
2019-05-08 16:37:05.215,10913,10914,10914,4,4
2019-05-08 16:37:11.989,10913,10914,10914,1,1
2019-05-08 16:37:17.528,10913,10914,10914,1,1
2019-05-08 16:37:24.941,10913,10914,10914,2,2
2019-05-08 16:37:29.369,10913,10914,10914,1,1
2019-05-08 16:37:29.514,10913,10914,10914,1,1
2019-05-08 16:37:46.114,10913,10914,10914,3,3
2019-05-08 16:37:49.639,10913,10914,10914,1,1
2019-05-08 16:37:53.274,10913,10914,10914,2,2
2019-05-08 16:37:53.700,10913,10914,10913,1,-1
2019-05-08 16:37:59.532,10913,10914,10914,2,2
2019-05-08 16:37:59.532,10913,10914,10914,1,1
2019-05-08 16:38:01.346,10914,10915,10914,1,-1
2019-05-08 16:38:07.024,10914,10915,10915,1,1
2019-05-08 16:38:45.149,10914,10915,10915,1,1
2019-05-08 16:38:49.584,10914,10915,10915,5,5
2019-05-08 16:39:05.090,10914,10915,10914,10,-10
2019-05-08 16:39:17.401,10913,10914,10913,4,-4
2019-05-08 16:39:17.497,10912,10914,10914,2,2
2019-05-08 16:40:06.179,10913,10914,10914,1,1
2019-05-08 16:40:16.181,10913,10914,10913,1,-1
2019-05-08 16:40:18.161,10913,10914,10913,1,-1
2019-05-08 16:40:31.464,10913,10914,10913,1,-1
2019-05-08 16:40:31.464,10913,10914,10913,1,-1
2019-05-08 16:40:31.465,10913,10914,10913,1,-1
2019-05-08 16:40:35.712,10913,10914,10913,1,-1
2019-05-08 16:40:48.370,10913,10914,10913,2,-2
2019-05-08 16:40:48.466,10912,10913,10913,1,1
2019-05-08 16:40:48.466,10912,10913,10913,15,15
2019-05-08 16:41:27.511,10912,10913,10912,3,-3
2019-05-08 16:41:31.050,10911,10912,10911,1,-1
2019-05-08 16:41:31.295,10911,10912,10911,2,-2
2019-05-08 16:41:31.477,10911,10912,10911,1,-1
2019-05-08 16:41:35.113,10911,10912,10911,2,-2
2019-05-08 16:41:39.349,10911,10912,10911,1,-1
2019-05-08 16:41:41.094,10911,10912,10911,1,-1
2019-05-08 16:41:41.609,10911,10912,10911,2,-2
2019-05-08 16:41:41.643,10911,10912,10911,2,-2
2019-05-08 16:41:41.643,10911,10912,10911,7,-7
2019-05-08 16:41:41.643,10911,10912,10911,2,-2
2019-05-08 16:41:41.831,10910,10911,10911,2,2
2019-05-08 16:41:46.848,10910,10911,10910,12,-12
2019-05-08 16:41:48.100,10910,10911,10911,2,2
2019-05-08 16:41:53.657,10911,10912,10911,1,-1
2019-05-08 16:41:55.132,10911,10912,10911,1,-1
2019-05-08 16:42:00.716,10910,10911,10911,1,1
2019-05-08 16:42:08.112,10910,10911,10910,1,-1
2019-05-08 16:42:35.044,10910,10911,10910,1,-1
2019-05-08 16:42:36.798,10910,10911,10910,1,-1
2019-05-08 16:42:37.853,10910,10911,10910,1,-1
2019-05-08 16:42:45.133,10910,10911,10910,5,-5
2019-05-08 16:42:56.834,10910,10911,10910,6,-6
2019-05-08 16:43:03.404,10910,10911,10910,4,-4
2019-05-08 16:43:03.465,10910,10911,10910,4,-4
2019-05-08 16:43:04.015,10910,10911,10910,4,-4
2019-05-08 16:43:08.455,10909,10910,10910,1,1
2019-05-08 16:43:08.907,10909,10910,10910,1,1
2019-05-08 16:43:11.617,10909,10910,10910,5,5
2019-05-08 16:43:11.817,10910,10911,10910,1,-1
2019-05-08 16:43:17.190,10909,10910,10909,1,-1
2019-05-08 16:43:25.171,10909,10910,10909,2,-2
2019-05-08 16:43:40.092,10909,10910,10910,2,2
2019-05-08 16:43:53.432,10910,10911,10910,1,-1
2019-05-08 16:43:54.582,10910,10911,10911,2,2
2019-05-08 16:43:54.582,10910,10911,10911,2,2
2019-05-08 16:43:54.583,10910,10911,10911,3,3
2019-05-08 16:43:58.094,10911,10912,10912,2,2
2019-05-08 16:44:10.383,10911,10912,10912,1,1
2019-05-08 16:44:11.923,10911,10912,10912,1,1
2019-05-08 16:44:12.458,10911,10912,10912,1,1
2019-05-08 16:44:46.071,10912,10913,10913,1,1
2019-05-08 16:44:47.340,10912,10913,10913,1,1
2019-05-08 16:44:47.465,10912,10913,10913,1,1
2019-05-08 16:44:47.465,10912,10913,10913,1,1
2019-05-08 16:44:52.830,10913,10914,10913,1,-1
2019-05-08 16:45:18.642,10913,10914,10913,1,-1
2019-05-08 16:45:30.769,10913,10914,10913,1,-1
2019-05-08 16:45:56.823,10913,10914,10913,1,-1
2019-05-08 16:45:56.823,10913,10914,10913,2,-2
2019-05-08 16:45:56.823,10913,10914,10913,15,-15
2019-05-08 16:45:57.203,10912,10913,10912,2,-2
2019-05-08 16:45:57.205,10912,10913,10912,2,-2
2019-05-08 16:45:57.207,10912,10913,10912,4,-4
2019-05-08 16:45:57.341,10911,10912,10911,2,-2
2019-05-08 16:45:57.341,10911,10912,10911,14,-14
2019-05-08 16:45:57.436,10911,10912,10910,2,-2
2019-05-08 16:45:57.879,10910,10911,10910,2,-2
2019-05-08 16:45:57.879,10910,10911,10910,5,-5
2019-05-08 16:45:57.879,10910,10911,10910,2,-2
2019-05-08 16:45:57.974,10909,10910,10909,2,-2
2019-05-08 16:45:57.978,10909,10910,10909,3,-3
2019-05-08 16:45:57.988,10909,10910,10909,6,-6
2019-05-08 16:45:58.055,10909,10910,10910,1,1
2019-05-08 16:45:58.090,10909,10910,10909,4,-4
2019-05-08 16:45:58.920,10909,10910,10909,10,-10
2019-05-08 16:46:02.729,10909,10910,10909,1,-1
2019-05-08 16:46:02.729,10909,10910,10909,1,-1
2019-05-08 16:46:02.729,10909,10910,10909,1,-1
2019-05-08 16:46:02.729,10909,10910,10909,1,-1
2019-05-08 16:46:02.729,10909,10910,10909,1,-1
2019-05-08 16:46:02.736,10909,10910,10909,4,-4
2019-05-08 16:46:03.473,10908,10909,10908,2,-2
2019-05-08 16:46:03.769,10908,10909,10908,2,-2
2019-05-08 16:46:03.819,10908,10909,10908,4,-4
2019-05-08 16:46:03.821,10908,10909,10908,2,-2
2019-05-08 16:46:03.822,10908,10909,10908,3,-3
2019-05-08 16:46:03.822,10908,10909,10908,3,-3
2019-05-08 16:46:03.841,10908,10909,10908,1,-1
2019-05-08 16:46:03.850,10908,10909,10907,1,-1
2019-05-08 16:46:04.260,10908,10909,10908,5,5
2019-05-08 16:46:04.827,10908,10909,10909,7,7
2019-05-08 16:46:04.827,10908,10909,10909,4,4
2019-05-08 16:46:04.898,10909,10910,10910,4,4
2019-05-08 16:46:04.922,10909,10910,10911,1,1
2019-05-08 16:46:04.922,10909,10910,10911,1,1
2019-05-08 16:46:05.215,10910,10911,10911,2,2
2019-05-08 16:46:05.394,10911,10912,10912,24,24
2019-05-08 16:46:05.395,10911,10912,10912,2,2
2019-05-08 16:46:05.395,10911,10912,10912,3,3
2019-05-08 16:46:05.542,10912,10913,10912,10,-10
2019-05-08 16:46:05.574,10912,10913,10913,4,4
2019-05-08 16:46:05.577,10912,10913,10913,2,2
2019-05-08 16:46:05.578,10912,10913,10913,2,2
2019-05-08 16:46:05.578,10912,10913,10913,2,2
2019-05-08 16:46:05.579,10912,10913,10913,1,1
2019-05-08 16:46:05.591,10912,10914,10913,1,-1
2019-05-08 16:46:05.593,10912,10914,10913,1,-1
2019-05-08 16:46:05.639,10912,10914,10912,1,-1
2019-05-08 16:46:05.654,10912,10914,10913,1,1
2019-05-08 16:46:05.834,10912,10913,10913,2,2
2019-05-08 16:46:05.914,10912,10913,10913,2,2
2019-05-08 16:46:05.942,10912,10913,10912,5,-5
2019-05-08 16:46:05.965,10912,10913,10913,3,3
2019-05-08 16:46:07.722,10911,10912,10912,2,2
2019-05-08 16:46:11.745,10911,10912,10911,1,-1
2019-05-08 16:46:14.451,10911,10912,10911,1,-1
2019-05-08 16:46:18.420,10912,10913,10912,2,2
2019-05-08 16:46:18.466,10911,10912,10911,2,-2
2019-05-08 16:46:18.591,10911,10912,10911,8,-8
2019-05-08 16:46:26.712,10911,10912,10911,1,-1
2019-05-08 16:46:26.715,10911,10912,10911,1,-1
2019-05-08 16:46:27.969,10910,10911,10911,7,7
2019-05-08 16:46:27.969,10910,10911,10911,8,8
2019-05-08 16:46:27.969,10910,10911,10911,2,2
2019-05-08 16:46:28.342,10911,10912,10912,2,2
2019-05-08 16:46:30.715,10911,10912,10912,2,2
2019-05-08 16:46:30.715,10911,10912,10912,1,1
2019-05-08 16:46:37.978,10911,10912,10912,2,2
2019-05-08 16:46:47.970,10911,10912,10912,2,2
2019-05-08 16:46:49.713,10911,10912,10911,12,-12
2019-05-08 16:46:53.607,10911,10912,10911,1,-1
2019-05-08 16:46:54.328,10910,10911,10911,1,1
2019-05-08 16:47:01.625,10910,10911,10911,1,1
2019-05-08 16:47:05.685,10910,10911,10910,3,-3
2019-05-08 16:47:09.845,10909,10910,10909,1,-1
2019-05-08 16:47:11.351,10909,10910,10909,4,-4
2019-05-08 16:47:13.527,10908,10909,10909,1,1
2019-05-08 16:47:17.717,10908,10909,10908,3,-3
2019-05-08 16:47:18.044,10907,10908,10908,1,1
2019-05-08 16:47:18.089,10907,10908,10908,1,1
2019-05-08 16:47:21.748,10907,10908,10907,4,-4
2019-05-08 16:47:22.797,10907,10908,10907,16,-16
2019-05-08 16:47:22.797,10907,10908,10906,2,-2
2019-05-08 16:47:22.873,10906,10908,10906,2,-2
2019-05-08 16:47:22.907,10906,10908,10906,1,-1
2019-05-08 16:47:24.759,10907,10908,10907,5,5
2019-05-08 16:47:25.288,10906,10907,10906,2,-2
2019-05-08 16:47:26.430,10906,10907,10906,1,-1
2019-05-08 16:47:26.880,10906,10907,10907,1,1
2019-05-08 16:47:29.805,10906,10907,10907,2,2
2019-05-08 16:47:29.805,10906,10907,10907,1,1
2019-05-08 16:47:29.840,10906,10907,10907,12,12
2019-05-08 16:47:30.371,10907,10908,10907,1,-1
2019-05-08 16:47:37.239,10907,10908,10907,1,-1
2019-05-08 16:47:44.357,10907,10908,10907,2,-2
2019-05-08 16:47:50.982,10906,10907,10906,5,-5
2019-05-08 16:47:55.234,10906,10907,10906,1,-1
2019-05-08 16:47:57.197,10906,10907,10906,1,-1
2019-05-08 16:47:58.005,10906,10907,10906,2,-2
2019-05-08 16:47:58.007,10906,10907,10906,1,-1
2019-05-08 16:47:58.007,10906,10907,10906,1,-1
2019-05-08 16:47:58.007,10906,10907,10906,1,-1
2019-05-08 16:47:58.007,10906,10907,10906,1,-1
2019-05-08 16:47:58.007,10906,10907,10906,2,-2
2019-05-08 16:47:58.007,10906,10907,10906,2,-2
2019-05-08 16:47:58.007,10906,10907,10906,3,-3
2019-05-08 16:48:02.098,10905,10906,10905,1,-1
2019-05-08 16:48:02.239,10905,10906,10905,1,-1
2019-05-08 16:48:02.351,10905,10906,10905,10,-10
2019-05-08 16:48:02.571,10905,10906,10905,5,-5
2019-05-08 16:48:02.598,10905,10906,10905,6,-6
2019-05-08 16:48:02.906,10905,10906,10905,1,-1
2019-05-08 16:48:03.198,10905,10906,10906,1,1
2019-05-08 16:48:05.712,10905,10906,10906,1,1
2019-05-08 16:48:05.855,10905,10906,10905,2,-2
2019-05-08 16:48:05.968,10905,10906,10905,24,-24
2019-05-08 16:48:10.025,10904,10905,10904,3,-3
2019-05-08 16:48:10.026,10904,10905,10904,3,-3
2019-05-08 16:48:10.026,10904,10905,10904,2,-2
2019-05-08 16:48:10.026,10904,10905,10904,1,-1
2019-05-08 16:48:10.135,10903,10904,10903,2,-2
2019-05-08 16:48:10.231,10903,10904,10903,2,-2
2019-05-08 16:48:10.327,10903,10904,10903,2,-2
2019-05-08 16:48:10.490,10903,10904,10903,10,-10
2019-05-08 16:48:10.590,10903,10904,10903,19,-19
2019-05-08 16:48:14.215,10902,10903,10902,2,-2
2019-05-08 16:48:14.736,10902,10903,10902,1,-1
2019-05-08 16:48:14.772,10902,10903,10902,3,-3
2019-05-08 16:48:15.135,10902,10903,10902,1,-1
2019-05-08 16:48:15.323,10902,10903,10903,1,1
2019-05-08 16:48:15.359,10902,10903,10902,1,-1
2019-05-08 16:48:16.099,10902,10903,10902,1,-1
2019-05-08 16:48:17.021,10902,10903,10903,4,4
2019-05-08 16:48:17.039,10902,10903,10902,8,-8
2019-05-08 16:48:17.201,10902,10904,10902,1,-1
2019-05-08 16:48:17.309,10902,10904,10902,1,-1
2019-05-08 16:48:17.771,10903,10904,10903,1,1
2019-05-08 16:48:17.827,10903,10904,10903,1,-1
2019-05-08 16:48:20.019,10902,10903,10902,1,-1
2019-05-08 16:48:20.706,10902,10903,10903,1,1
2019-05-08 16:48:21.105,10903,10904,10904,1,1
2019-05-08 16:48:21.249,10903,10904,10903,1,-1
2019-05-08 16:48:21.249,10903,10904,10902,1,-1
2019-05-08 16:48:21.604,10902,10903,10903,1,1
2019-05-08 16:48:21.639,10902,10903,10903,2,2
2019-05-08 16:48:21.908,10902,10903,10903,1,1
2019-05-08 16:48:22.143,10902,10903,10902,1,-1
2019-05-08 16:48:23.345,10902,10903,10902,3,-3
2019-05-08 16:48:23.372,10902,10903,10903,2,2
2019-05-08 16:48:24.038,10901,10902,10901,9,-9
2019-05-08 16:48:24.059,10901,10902,10902,3,3
2019-05-08 16:48:24.653,10901,10902,10902,10,10
2019-05-08 16:48:24.843,10901,10902,10901,5,-5
2019-05-08 16:48:25.057,10901,10902,10901,1,-1
2019-05-08 16:48:25.625,10901,10902,10901,1,-1
2019-05-08 16:48:26.528,10901,10903,10901,1,-1
2019-05-08 16:48:27.569,10901,10903,10902,2,2
2019-05-08 16:48:28.032,10902,10903,10902,8,-8
2019-05-08 16:48:28.043,10902,10903,10902,2,-2
2019-05-08 16:48:29.200,10902,10903,10902,1,-1
2019-05-08 16:48:29.995,10901,10902,10901,1,-1
2019-05-08 16:48:31.514,10901,10902,10901,2,-2
2019-05-08 16:48:32.924,10901,10902,10901,1,-1
2019-05-08 16:48:34.406,10901,10902,10901,22,-22
2019-05-08 16:48:34.465,10901,10902,10901,1,-1
2019-05-08 16:48:34.611,10900,10902,10902,1,1
2019-05-08 16:48:35.030,10900,10902,10900,5,-5
2019-05-08 16:48:36.382,10900,10901,10900,1,-1
2019-05-08 16:48:37.018,10900,10901,10900,1,-1
2019-05-08 16:48:37.842,10900,10901,10901,1,1
2019-05-08 16:48:38.739,10900,10901,10900,50,-50
2019-05-08 16:48:38.841,10900,10901,10900,8,-8
2019-05-08 16:48:38.841,10900,10901,10900,8,-8
2019-05-08 16:48:38.966,10900,10901,10900,7,-7
2019-05-08 16:48:39.090,10900,10901,10900,2,-2
2019-05-08 16:48:40.144,10899,10900,10899,1,-1
2019-05-08 16:48:41.404,10899,10900,10900,1,1
2019-05-08 16:48:41.688,10899,10900,10900,1,1
2019-05-08 16:48:42.605,10899,10900,10899,5,-5
2019-05-08 16:48:42.715,10899,10900,10899,1,-1
2019-05-08 16:48:44.231,10898,10899,10899,1,1
2019-05-08 16:48:44.951,10898,10899,10899,1,1
2019-05-08 16:48:46.929,10898,10899,10899,5,5
2019-05-08 16:48:48.128,10898,10899,10898,1,-1
2019-05-08 16:48:48.262,10898,10899,10898,1,-1
2019-05-08 16:48:48.390,10898,10899,10898,6,-6
2019-05-08 16:48:48.487,10897,10899,10898,4,-4
2019-05-08 16:48:48.818,10898,10899,10898,1,-1
2019-05-08 16:48:49.391,10897,10898,10897,2,-2
2019-05-08 16:48:49.538,10897,10898,10897,1,-1
2019-05-08 16:48:49.628,10897,10898,10897,1,-1
2019-05-08 16:48:49.740,10897,10898,10898,1,1
2019-05-08 16:48:49.848,10897,10898,10898,1,1
2019-05-08 16:48:51.001,10897,10898,10897,1,-1
2019-05-08 16:48:51.154,10897,10898,10897,2,-2
2019-05-08 16:48:51.371,10897,10898,10898,3,3
2019-05-08 16:48:53.181,10896,10897,10896,1,-1
2019-05-08 16:48:53.602,10896,10897,10896,1,-1
2019-05-08 16:48:53.739,10896,10897,10896,1,-1
2019-05-08 16:48:54.047,10896,10897,10896,5,-5
2019-05-08 16:48:54.340,10896,10897,10896,4,-4
2019-05-08 16:48:54.340,10896,10897,10895,4,-4
2019-05-08 16:48:54.373,10895,10897,10895,1,-1
2019-05-08 16:48:55.932,10895,10897,10897,1,1
2019-05-08 16:48:56.133,10895,10897,10895,1,-1
2019-05-08 16:48:57.592,10895,10897,10895,2,-2
2019-05-08 16:48:58.711,10896,10897,10896,1,1
2019-05-08 16:48:58.736,10896,10897,10896,1,-1
2019-05-08 16:48:59.402,10896,10897,10896,2,-2
2019-05-08 16:48:59.403,10896,10897,10896,1,-1
2019-05-08 16:49:00.341,10896,10897,10897,20,20
2019-05-08 16:49:00.341,10896,10897,10897,2,2
2019-05-08 16:49:00.341,10896,10897,10897,1,1
2019-05-08 16:49:00.643,10897,10898,10897,1,-1
2019-05-08 16:49:00.651,10897,10898,10897,6,-6
2019-05-08 16:49:02.310,10897,10898,10897,1,-1
2019-05-08 16:49:04.172,10897,10898,10898,1,1
2019-05-08 16:49:06.132,10897,10898,10898,2,2
2019-05-08 16:49:07.022,10897,10898,10898,2,2
2019-05-08 16:49:08.526,10898,10899,10898,1,-1
2019-05-08 16:49:08.933,10897,10898,10898,1,1
2019-05-08 16:49:08.933,10897,10898,10898,1,1
2019-05-08 16:49:12.362,10898,10899,10899,1,1
2019-05-08 16:49:14.805,10898,10899,10899,1,1
2019-05-08 16:49:14.840,10898,10899,10899,1,1
2019-05-08 16:49:15.446,10899,10900,10899,1,-1
2019-05-08 16:49:15.541,10899,10900,10899,1,-1
2019-05-08 16:49:17.117,10899,10900,10899,2,-2
2019-05-08 16:49:17.155,10899,10900,10900,2,2
2019-05-08 16:49:17.157,10899,10900,10900,5,5
2019-05-08 16:49:17.158,10899,10900,10899,1,-1
2019-05-08 16:49:17.194,10899,10900,10900,1,1
2019-05-08 16:49:17.741,10899,10900,10900,2,2
2019-05-08 16:49:17.786,10899,10900,10900,2,2
2019-05-08 16:49:17.787,10899,10900,10900,1,1
2019-05-08 16:49:19.336,10899,10900,10900,1,1
2019-05-08 16:49:20.742,10899,10900,10900,1,1
2019-05-08 16:49:21.757,10899,10900,10900,1,1
2019-05-08 16:49:23.159,10899,10900,10899,27,-27
2019-05-08 16:49:23.159,10899,10900,10899,1,-1
2019-05-08 16:49:23.159,10899,10900,10899,3,-3
2019-05-08 16:49:23.159,10899,10900,10899,2,-2
2019-05-08 16:49:23.159,10899,10900,10899,1,-1
2019-05-08 16:49:23.160,10899,10900,10899,2,-2
2019-05-08 16:49:23.160,10899,10900,10899,1,-1
2019-05-08 16:49:23.198,10899,10900,10899,2,-2
2019-05-08 16:49:23.215,10898,10899,10899,2,2
2019-05-08 16:49:23.216,10898,10899,10899,11,11
2019-05-08 16:49:23.221,10898,10899,10899,1,1
2019-05-08 16:49:23.391,10899,10900,10899,1,-1
2019-05-08 16:49:24.148,10899,10900,10900,1,1
2019-05-08 16:49:26.445,10899,10900,10900,1,1
2019-05-08 16:49:35.800,10899,10900,10900,13,13
2019-05-08 16:49:35.800,10899,10900,10901,1,1
2019-05-08 16:49:37.112,10899,10900,10900,1,1
2019-05-08 16:49:37.215,10899,10900,10900,1,1
2019-05-08 16:49:38.112,10899,10900,10899,1,-1
2019-05-08 16:49:39.165,10899,10900,10900,1,1
2019-05-08 16:49:41.824,10899,10901,10901,2,2
2019-05-08 16:49:44.061,10900,10901,10901,1,1
2019-05-08 16:49:47.189,10900,10901,10900,1,-1
2019-05-08 16:49:47.341,10900,10901,10900,1,-1
2019-05-08 16:49:51.128,10900,10901,10900,1,-1
2019-05-08 16:49:55.163,10899,10900,10900,1,1
2019-05-08 16:49:57.875,10899,10900,10900,1,1
2019-05-08 16:50:00.243,10899,10900,10900,3,3
2019-05-08 16:50:00.753,10899,10900,10900,1,1
2019-05-08 16:50:01.082,10899,10900,10899,1,-1
2019-05-08 16:50:01.879,10899,10900,10899,1,-1
2019-05-08 16:50:02.337,10899,10900,10899,6,-6
2019-05-08 16:50:06.533,10898,10899,10898,1,-1
2019-05-08 16:50:09.715,10898,10899,10898,4,-4
2019-05-08 16:50:09.948,10898,10899,10898,1,-1
2019-05-08 16:50:10.809,10898,10899,10899,2,2
2019-05-08 16:50:11.596,10898,10899,10899,2,2
2019-05-08 16:50:11.717,10898,10899,10898,32,-32
2019-05-08 16:50:12.221,10897,10898,10897,1,-1
2019-05-08 16:50:13.390,10897,10898,10898,2,2
2019-05-08 16:50:14.447,10897,10898,10897,1,-1
2019-05-08 16:50:16.670,10897,10898,10897,2,-2
2019-05-08 16:50:17.360,10897,10898,10898,1,1
2019-05-08 16:50:17.628,10897,10898,10897,2,-2
2019-05-08 16:50:18.713,10897,10898,10897,2,-2
2019-05-08 16:50:19.623,10897,10898,10897,2,-2
2019-05-08 16:50:19.760,10897,10898,10897,1,-1
2019-05-08 16:50:20.269,10897,10898,10897,4,-4
2019-05-08 16:50:20.960,10897,10898,10897,5,-5
2019-05-08 16:50:21.801,10897,10898,10897,2,-2
2019-05-08 16:50:23.815,10897,10898,10897,1,-1
2019-05-08 16:50:24.197,10897,10898,10897,1,-1
2019-05-08 16:50:26.224,10897,10898,10897,1,-1
2019-05-08 16:50:27.119,10897,10898,10897,1,-1
2019-05-08 16:50:29.765,10897,10898,10897,2,-2
2019-05-08 16:50:30.730,10897,10898,10897,2,-2
2019-05-08 16:50:33.735,10897,10898,10897,2,-2
2019-05-08 16:50:34.455,10897,10898,10897,2,-2
2019-05-08 16:50:36.285,10897,10898,10898,2,2
2019-05-08 16:50:36.466,10897,10898,10897,3,-3
2019-05-08 16:50:36.922,10897,10898,10897,1,-1
2019-05-08 16:50:37.175,10897,10898,10897,1,-1
2019-05-08 16:50:37.499,10897,10898,10897,3,-3
2019-05-08 16:50:38.725,10897,10898,10897,1,-1
2019-05-08 16:50:46.819,10897,10898,10897,10,-10
2019-05-08 16:50:46.819,10897,10898,10896,10,-10
2019-05-08 16:50:47.265,10896,10897,10897,1,1
2019-05-08 16:50:47.791,10896,10897,10896,1,-1
2019-05-08 16:50:48.056,10896,10897,10897,1,1
2019-05-08 16:50:48.291,10896,10897,10897,2,2
2019-05-08 16:50:48.592,10896,10897,10897,1,1
2019-05-08 16:50:48.691,10896,10897,10896,1,-1
2019-05-08 16:50:50.834,10896,10897,10897,1,1
2019-05-08 16:50:51.509,10897,10898,10897,1,-1
2019-05-08 16:50:53.493,10897,10898,10897,1,-1
2019-05-08 16:50:57.763,10897,10898,10897,1,-1
2019-05-08 16:50:58.215,10897,10898,10898,9,9
2019-05-08 16:50:58.215,10897,10898,10898,5,5
2019-05-08 16:50:58.216,10897,10898,10898,2,2
2019-05-08 16:50:59.614,10898,10899,10898,2,-2
2019-05-08 16:51:00.273,10898,10899,10898,1,-1
2019-05-08 16:51:00.944,10898,10899,10899,2,2
2019-05-08 16:51:01.737,10898,10899,10898,1,-1
2019-05-08 16:51:02.516,10898,10899,10899,1,1
2019-05-08 16:51:02.843,10898,10899,10899,1,1
2019-05-08 16:51:06.368,10899,10900,10900,3,3
2019-05-08 16:51:06.369,10899,10900,10900,7,7
2019-05-08 16:51:06.369,10899,10900,10900,2,2
2019-05-08 16:51:06.369,10899,10900,10900,1,1
2019-05-08 16:51:09.108,10900,10901,10900,1,-1
2019-05-08 16:51:09.369,10900,10901,10901,1,1
2019-05-08 16:51:10.429,10900,10901,10901,1,1
2019-05-08 16:51:11.329,10900,10901,10901,3,3
2019-05-08 16:51:19.502,10900,10901,10901,2,2
2019-05-08 16:51:22.118,10900,10901,10901,1,1
2019-05-08 16:51:32.458,10900,10901,10901,1,1
2019-05-08 16:51:36.295,10900,10901,10901,1,1
2019-05-08 16:51:42.048,10900,10901,10901,2,2
2019-05-08 16:51:42.173,10900,10901,10901,1,1
2019-05-08 16:51:45.204,10900,10901,10901,1,1
2019-05-08 16:51:45.317,10900,10901,10900,1,-1
2019-05-08 16:51:50.040,10900,10901,10900,1,-1
2019-05-08 16:51:54.009,10900,10901,10901,2,2
2019-05-08 16:51:57.194,10900,10901,10900,3,-3
2019-05-08 16:51:57.549,10900,10901,10900,1,-1
2019-05-08 16:52:02.871,10900,10901,10901,8,8
2019-05-08 16:52:03.676,10900,10901,10900,1,-1
2019-05-08 16:52:03.687,10900,10901,10900,1,-1
2019-05-08 16:52:03.735,10900,10901,10900,1,-1
2019-05-08 16:52:04.663,10900,10901,10901,16,16
2019-05-08 16:52:05.011,10900,10901,10901,1,1
2019-05-08 16:52:07.215,10900,10901,10901,6,6
2019-05-08 16:52:07.316,10900,10901,10901,2,2
2019-05-08 16:52:08.518,10900,10901,10901,1,1
2019-05-08 16:52:08.628,10900,10901,10901,1,1
2019-05-08 16:52:08.869,10900,10901,10901,1,1
2019-05-08 16:52:09.314,10900,10902,10901,2,-2
2019-05-08 16:52:10.491,10900,10901,10901,1,1
2019-05-08 16:52:18.029,10900,10901,10901,4,4
2019-05-08 16:52:28.417,10900,10901,10901,2,2
2019-05-08 16:52:32.242,10900,10901,10901,2,2
2019-05-08 16:52:32.914,10900,10901,10901,2,2
2019-05-08 16:52:39.960,10900,10901,10901,1,1
2019-05-08 16:52:48.296,10900,10901,10901,1,1
2019-05-08 16:52:49.078,10900,10901,10901,1,1
2019-05-08 16:52:49.090,10900,10901,10901,1,1
2019-05-08 16:52:56.290,10900,10901,10901,1,1
2019-05-08 16:53:00.156,10900,10901,10901,1,1
2019-05-08 16:53:00.157,10900,10901,10901,2,2
2019-05-08 16:53:01.808,10901,10902,10901,1,-1
2019-05-08 16:53:03.117,10901,10902,10901,2,-2
2019-05-08 16:53:03.412,10901,10902,10901,1,-1
2019-05-08 16:53:08.475,10901,10902,10901,2,-2
2019-05-08 16:53:10.395,10901,10902,10902,1,1
2019-05-08 16:53:25.364,10901,10902,10902,11,11
2019-05-08 16:53:25.485,10901,10903,10902,1,-1
2019-05-08 16:53:28.950,10902,10903,10902,1,-1
2019-05-08 16:53:33.265,10901,10902,10902,1,1
2019-05-08 16:53:35.403,10901,10902,10901,1,-1
2019-05-08 16:53:35.442,10901,10902,10902,1,1
2019-05-08 16:53:36.665,10901,10902,10902,1,1
2019-05-08 16:53:37.174,10901,10902,10902,1,1
2019-05-08 16:53:37.588,10901,10902,10902,1,1
2019-05-08 16:53:37.803,10901,10902,10901,1,-1
2019-05-08 16:53:55.580,10901,10902,10901,3,-3
2019-05-08 16:53:55.580,10901,10902,10901,1,-1
2019-05-08 16:53:55.591,10901,10902,10901,16,-16
