2021-10-28 15:00:00,17017,17017,17017,166,166
2021-10-28 15:00:00,17018,17018,17018,4,4
2021-10-28 15:00:00,17017,17017,17017,2,-2
2021-10-28 15:00:00,17017,17017,17017,2,2
2021-10-28 15:00:00,17019,17019,17019,2,2
2021-10-28 15:00:00,17019,17019,17019,2,2
2021-10-28 15:00:00,17017,17017,17017,2,-2
2021-10-28 15:00:00,17016,17016,17016,2,-2
2021-10-28 15:00:00,17016,17016,17016,2,2
2021-10-28 15:00:00,17016,17016,17016,2,2
2021-10-28 15:00:00,17016,17016,17016,2,2
2021-10-28 15:00:00,17016,17016,17016,2,2
2021-10-28 15:00:00,17019,17019,17019,16,16
2021-10-28 15:00:00,17017,17017,17017,2,-2
2021-10-28 15:00:00,17019,17019,17019,2,2
2021-10-28 15:00:00,17019,17019,17019,2,2
2021-10-28 15:00:00,17016,17016,17016,8,-8
2021-10-28 15:00:00,17016,17016,17016,2,2
2021-10-28 15:00:00,17016,17016,17016,2,2
2021-10-28 15:00:00,17016,17016,17016,6,6
2021-10-28 15:00:00,17016,17016,17016,2,2
2021-10-28 15:00:00,17016,17016,17016,2,2
2021-10-28 15:00:00,17016,17016,17016,2,2
2021-10-28 15:00:00,17015,17015,17015,2,-2
2021-10-28 15:00:00,17015,17015,17015,2,2
2021-10-28 15:00:00,17015,17015,17015,4,4
2021-10-28 15:00:00,17015,17015,17015,2,2
2021-10-28 15:00:00,17015,17015,17015,2,2
2021-10-28 15:00:00,17015,17015,17015,2,2
2021-10-28 15:00:00,17016,17016,17016,2,2
2021-10-28 15:00:00,17017,17017,17017,2,2
2021-10-28 15:00:00,17017,17017,17017,2,2
2021-10-28 15:00:00,17017,17017,17017,6,6
2021-10-28 15:00:00,17018,17018,17018,4,4
2021-10-28 15:00:00,17018,17018,17018,6,6
2021-10-28 15:00:00,17019,17019,17019,4,4
2021-10-28 15:00:00,17016,17016,17016,2,-2
2021-10-28 15:00:00,17015,17015,17015,2,-2
2021-10-28 15:00:00,17015,17015,17015,2,2
2021-10-28 15:00:00,17014,17014,17014,2,-2
2021-10-28 15:00:00,17014,17014,17014,2,2
2021-10-28 15:00:00,17014,17014,17014,2,2
2021-10-28 15:00:00,17014,17014,17014,2,2
2021-10-28 15:00:00,17014,17014,17014,66,66
2021-10-28 15:00:00,17015,17015,17015,4,4
2021-10-28 15:00:00,17015,17015,17015,4,4
2021-10-28 15:00:00,17015,17015,17015,2,2
2021-10-28 15:00:00,17015,17015,17015,10,10
2021-10-28 15:00:00,17017,17017,17017,10,10
2021-10-28 15:00:01,17017,17017,17017,6,6
2021-10-28 15:00:01,17018,17018,17018,4,4
2021-10-28 15:00:01,17018,17018,17018,10,10
2021-10-28 15:00:01,17019,17019,17019,10,10
2021-10-28 15:00:01,17016,17016,17016,2,-2
2021-10-28 15:00:01,17015,17015,17015,2,-2
2021-10-28 15:00:01,17015,17015,17015,2,2
2021-10-28 15:00:01,17015,17015,17015,2,2
2021-10-28 15:00:01,17015,17015,17015,2,2
2021-10-28 15:00:01,17014,17014,17014,4,-4
2021-10-28 15:00:01,17014,17014,17014,2,2
2021-10-28 15:00:01,17013,17013,17013,2,-2
2021-10-28 15:00:01,17015,17015,17015,4,4
2021-10-28 15:00:01,17015,17015,17015,2,2
2021-10-28 15:00:01,17014,17014,17014,2,-2
2021-10-28 15:00:01,17014,17014,17014,2,2
2021-10-28 15:00:01,17014,17014,17014,2,2
2021-10-28 15:00:01,17014,17014,17014,6,6
2021-10-28 15:00:02,17014,17014,17014,2,2
2021-10-28 15:00:02,17014,17014,17014,2,2
2021-10-28 15:00:03,17014,17014,17014,2,2
2021-10-28 15:00:03,17014,17014,17014,2,2
2021-10-28 15:00:03,17014,17014,17014,2,2
2021-10-28 15:00:03,17015,17015,17015,2,2
2021-10-28 15:00:04,17013,17013,17013,4,-4
2021-10-28 15:00:04,17015,17015,17015,2,2
2021-10-28 15:00:04,17016,17016,17016,2,2
2021-10-28 15:00:04,17014,17014,17014,2,-2
2021-10-28 15:00:04,17014,17014,17014,8,8
2021-10-28 15:00:04,17015,17015,17015,2,2
2021-10-28 15:00:04,17013,17013,17013,2,-2
2021-10-28 15:00:04,17013,17013,17013,2,2
2021-10-28 15:00:04,17013,17013,17013,4,4
2021-10-28 15:00:05,17014,17014,17014,2,2
2021-10-28 15:00:05,17015,17015,17015,2,2
2021-10-28 15:00:05,17014,17014,17014,2,-2
2021-10-28 15:00:05,17016,17016,17016,2,2
2021-10-28 15:00:06,17014,17014,17014,2,-2
2021-10-28 15:00:06,17014,17014,17014,2,2
2021-10-28 15:00:06,17014,17014,17014,2,2
2021-10-28 15:00:06,17014,17014,17014,2,2
2021-10-28 15:00:06,17014,17014,17014,2,2
2021-10-28 15:00:06,17014,17014,17014,2,2
2021-10-28 15:00:07,17014,17014,17014,2,2
2021-10-28 15:00:07,17015,17015,17015,2,2
2021-10-28 15:00:07,17016,17016,17016,2,2
2021-10-28 15:00:08,17015,17015,17015,2,-2
2021-10-28 15:00:08,17014,17014,17014,2,-2
2021-10-28 15:00:08,17014,17014,17014,2,2
2021-10-28 15:00:08,17014,17014,17014,2,2
2021-10-28 15:00:08,17016,17016,17016,4,4
2021-10-28 15:00:09,17015,17015,17015,2,-2
2021-10-28 15:00:10,17015,17015,17015,2,2
2021-10-28 15:00:10,17017,17017,17017,2,2
2021-10-28 15:00:10,17015,17015,17015,2,-2
2021-10-28 15:00:10,17015,17015,17015,2,2
2021-10-28 15:00:10,17015,17015,17015,2,2
2021-10-28 15:00:10,17016,17016,17016,2,2
2021-10-28 15:00:10,17015,17015,17015,2,-2
2021-10-28 15:00:11,17015,17015,17015,2,2
2021-10-28 15:00:11,17015,17015,17015,2,2
2021-10-28 15:00:11,17015,17015,17015,6,6
2021-10-28 15:00:11,17015,17015,17015,2,2
2021-10-28 15:00:12,17016,17016,17016,2,2
2021-10-28 15:00:12,17015,17015,17015,2,-2
2021-10-28 15:00:12,17015,17015,17015,2,2
2021-10-28 15:00:12,17014,17014,17014,2,-2
2021-10-28 15:00:12,17014,17014,17014,2,2
2021-10-28 15:00:12,17014,17014,17014,2,2
2021-10-28 15:00:12,17014,17014,17014,2,2
2021-10-28 15:00:12,17014,17014,17014,2,2
2021-10-28 15:00:12,17014,17014,17014,2,2
2021-10-28 15:00:13,17014,17014,17014,2,2
2021-10-28 15:00:13,17015,17015,17015,2,2
2021-10-28 15:00:14,17014,17014,17014,2,-2
2021-10-28 15:00:14,17016,17016,17016,2,2
2021-10-28 15:00:14,17015,17015,17015,2,-2
2021-10-28 15:00:14,17014,17014,17014,2,-2
2021-10-28 15:00:14,17014,17014,17014,4,4
2021-10-28 15:00:14,17017,17017,17017,2,2
2021-10-28 15:00:15,17016,17016,17016,2,-2
2021-10-28 15:00:16,17016,17016,17016,2,2
2021-10-28 15:00:16,17015,17015,17015,8,-8
2021-10-28 15:00:16,17015,17015,17015,2,2
2021-10-28 15:00:16,17015,17015,17015,18,18
2021-10-28 15:00:17,17016,17016,17016,2,2
2021-10-28 15:00:18,17015,17015,17015,2,-2
2021-10-28 15:00:18,17017,17017,17017,2,2
2021-10-28 15:00:21,17016,17016,17016,2,-2
2021-10-28 15:00:21,17018,17018,17018,6,6
2021-10-28 15:00:21,17019,17019,17019,4,4
2021-10-28 15:00:21,17019,17019,17019,2,2
2021-10-28 15:00:21,17020,17020,17020,8,8
2021-10-28 15:00:22,17020,17020,17020,4,4
2021-10-28 15:00:24,17020,17020,17020,2,2
2021-10-28 15:00:24,17019,17019,17019,2,-2
2021-10-28 15:00:24,17019,17019,17019,4,4
2021-10-28 15:00:24,17019,17019,17019,2,2
2021-10-28 15:00:24,17019,17019,17019,2,2
2021-10-28 15:00:24,17018,17018,17018,8,-8
2021-10-28 15:00:25,17019,17019,17019,2,2
2021-10-28 15:00:25,17018,17018,17018,2,-2
2021-10-28 15:00:25,17021,17021,17021,2,2
2021-10-28 15:00:26,17021,17021,17021,8,8
2021-10-28 15:00:26,17022,17022,17022,2,2
2021-10-28 15:00:26,17020,17020,17020,6,-6
2021-10-28 15:00:26,17020,17020,17020,2,2
2021-10-28 15:00:26,17021,17021,17021,2,2
2021-10-28 15:00:26,17021,17021,17021,4,4
2021-10-28 15:00:26,17022,17022,17022,2,2
2021-10-28 15:00:26,17022,17022,17022,2,2
2021-10-28 15:00:26,17020,17020,17020,2,-2
2021-10-28 15:00:27,17020,17020,17020,2,2
2021-10-28 15:00:27,17020,17020,17020,2,2
2021-10-28 15:00:27,17020,17020,17020,2,2
2021-10-28 15:00:27,17020,17020,17020,2,2
2021-10-28 15:00:27,17020,17020,17020,2,2
2021-10-28 15:00:27,17020,17020,17020,2,2
2021-10-28 15:00:27,17020,17020,17020,2,2
2021-10-28 15:00:27,17020,17020,17020,2,2
2021-10-28 15:00:28,17020,17020,17020,2,2
2021-10-28 15:00:28,17020,17020,17020,4,4
2021-10-28 15:00:28,17020,17020,17020,2,2
2021-10-28 15:00:28,17020,17020,17020,2,2
2021-10-28 15:00:28,17021,17021,17021,2,2
2021-10-28 15:00:28,17021,17021,17021,2,2
2021-10-28 15:00:29,17021,17021,17021,2,2
2021-10-28 15:00:29,17022,17022,17022,8,8
2021-10-28 15:00:30,17020,17020,17020,2,-2
2021-10-28 15:00:30,17022,17022,17022,2,2
2021-10-28 15:00:31,17021,17021,17021,2,-2
2021-10-28 15:00:31,17020,17020,17020,2,-2
2021-10-28 15:00:32,17021,17021,17021,2,2
2021-10-28 15:00:32,17019,17019,17019,2,-2
2021-10-28 15:00:32,17019,17019,17019,2,2
2021-10-28 15:00:33,17020,17020,17020,2,2
2021-10-28 15:00:34,17019,17019,17019,2,-2
2021-10-28 15:00:34,17019,17019,17019,2,2
2021-10-28 15:00:35,17020,17020,17020,2,2
2021-10-28 15:00:37,17019,17019,17019,2,-2
2021-10-28 15:00:37,17020,17020,17020,2,2
2021-10-28 15:00:37,17020,17020,17020,4,4
2021-10-28 15:00:39,17020,17020,17020,2,2
2021-10-28 15:00:40,17019,17019,17019,4,-4
2021-10-28 15:00:41,17020,17020,17020,2,2
2021-10-28 15:00:41,17020,17020,17020,2,2
2021-10-28 15:00:41,17020,17020,17020,8,8
2021-10-28 15:00:44,17020,17020,17020,10,10
2021-10-28 15:00:45,17020,17020,17020,4,4
2021-10-28 15:00:45,17019,17019,17019,2,-2
2021-10-28 15:00:54,17020,17020,17020,2,2
2021-10-28 15:00:54,17020,17020,17020,2,2
2021-10-28 15:00:54,17020,17020,17020,2,2
2021-10-28 15:00:55,17020,17020,17020,2,2
2021-10-28 15:00:56,17020,17020,17020,2,2
2021-10-28 15:00:56,17020,17020,17020,2,2
2021-10-28 15:00:57,17020,17020,17020,2,2
2021-10-28 15:00:57,17019,17019,17019,2,-2
2021-10-28 15:00:57,17019,17019,17019,2,2
2021-10-28 15:00:57,17019,17019,17019,2,2
2021-10-28 15:00:57,17019,17019,17019,2,2
2021-10-28 15:00:58,17019,17019,17019,2,2
2021-10-28 15:00:59,17020,17020,17020,2,2
2021-10-28 15:01:00,17019,17019,17019,2,-2
2021-10-28 15:01:00,17019,17019,17019,2,2
2021-10-28 15:01:00,17019,17019,17019,2,2
2021-10-28 15:01:00,17019,17019,17019,4,4
2021-10-28 15:01:00,17019,17019,17019,2,2
2021-10-28 15:01:00,17019,17019,17019,2,2
2021-10-28 15:01:00,17019,17019,17019,4,4
2021-10-28 15:01:00,17019,17019,17019,2,2
2021-10-28 15:01:00,17020,17020,17020,6,6
2021-10-28 15:01:00,17021,17021,17021,22,22
2021-10-28 15:01:00,17020,17020,17020,2,-2
2021-10-28 15:01:01,17020,17020,17020,2,2
2021-10-28 15:01:02,17021,17021,17021,2,2
2021-10-28 15:01:02,17021,17021,17021,2,2
2021-10-28 15:01:02,17021,17021,17021,2,2
2021-10-28 15:01:02,17021,17021,17021,2,2
2021-10-28 15:01:02,17021,17021,17021,2,2
2021-10-28 15:01:02,17022,17022,17022,2,2
2021-10-28 15:01:02,17022,17022,17022,2,2
2021-10-28 15:01:02,17022,17022,17022,2,2
2021-10-28 15:01:02,17022,17022,17022,2,2
2021-10-28 15:01:02,17023,17023,17023,2,2
2021-10-28 15:01:02,17023,17023,17023,10,10
2021-10-28 15:01:02,17021,17021,17021,2,-2
2021-10-28 15:01:03,17020,17020,17020,2,-2
2021-10-28 15:01:04,17021,17021,17021,2,2
2021-10-28 15:01:06,17022,17022,17022,6,6
2021-10-28 15:01:07,17022,17022,17022,2,2
2021-10-28 15:01:07,17023,17023,17023,2,2
2021-10-28 15:01:07,17023,17023,17023,2,2
2021-10-28 15:01:07,17023,17023,17023,2,2
2021-10-28 15:01:07,17023,17023,17023,4,4
2021-10-28 15:01:07,17023,17023,17023,2,2
2021-10-28 15:01:08,17023,17023,17023,2,2
2021-10-28 15:01:09,17023,17023,17023,2,2
2021-10-28 15:01:11,17022,17022,17022,2,-2
2021-10-28 15:01:11,17022,17022,17022,2,2
2021-10-28 15:01:11,17023,17023,17023,2,2
2021-10-28 15:01:12,17023,17023,17023,2,2
2021-10-28 15:01:14,17022,17022,17022,2,-2
2021-10-28 15:01:16,17021,17021,17021,2,-2
2021-10-28 15:01:20,17021,17021,17021,2,2
2021-10-28 15:01:20,17021,17021,17021,2,2
2021-10-28 15:01:20,17021,17021,17021,2,2
2021-10-28 15:01:20,17022,17022,17022,2,2
2021-10-28 15:01:20,17022,17022,17022,2,2
2021-10-28 15:01:20,17022,17022,17022,2,2
2021-10-28 15:01:20,17022,17022,17022,2,2
2021-10-28 15:01:20,17022,17022,17022,2,2
2021-10-28 15:01:20,17023,17023,17023,2,2
2021-10-28 15:01:20,17023,17023,17023,2,2
2021-10-28 15:01:20,17021,17021,17021,2,-2
2021-10-28 15:01:20,17021,17021,17021,2,2
2021-10-28 15:01:22,17022,17022,17022,2,2
2021-10-28 15:01:22,17023,17023,17023,2,2
2021-10-28 15:01:24,17023,17023,17023,2,2
2021-10-28 15:01:24,17023,17023,17023,2,2
2021-10-28 15:01:25,17023,17023,17023,4,4
2021-10-28 15:01:26,17023,17023,17023,2,2
2021-10-28 15:01:29,17022,17022,17022,2,-2
2021-10-28 15:01:29,17023,17023,17023,2,2
2021-10-28 15:01:29,17023,17023,17023,2,2
2021-10-28 15:01:29,17023,17023,17023,2,2
2021-10-28 15:01:29,17024,17024,17024,2,2
2021-10-28 15:01:29,17024,17024,17024,6,6
2021-10-28 15:01:29,17025,17025,17025,4,4
2021-10-28 15:01:30,17023,17023,17023,2,-2
2021-10-28 15:01:30,17025,17025,17025,4,4
2021-10-28 15:01:35,17023,17023,17023,2,-2
2021-10-28 15:01:35,17023,17023,17023,6,6
2021-10-28 15:01:35,17023,17023,17023,2,2
2021-10-28 15:01:36,17022,17022,17022,2,-2
2021-10-28 15:01:39,17022,17022,17022,2,2
2021-10-28 15:01:39,17022,17022,17022,2,2
2021-10-28 15:01:39,17022,17022,17022,2,2
2021-10-28 15:01:39,17022,17022,17022,2,2
2021-10-28 15:01:39,17022,17022,17022,2,2
2021-10-28 15:01:39,17023,17023,17023,2,2
2021-10-28 15:01:39,17023,17023,17023,2,2
2021-10-28 15:01:39,17023,17023,17023,2,2
2021-10-28 15:01:39,17022,17022,17022,2,-2
2021-10-28 15:01:42,17023,17023,17023,2,2
2021-10-28 15:01:42,17023,17023,17023,4,4
2021-10-28 15:01:45,17023,17023,17023,2,2
2021-10-28 15:01:45,17023,17023,17023,2,2
2021-10-28 15:01:45,17023,17023,17023,2,2
2021-10-28 15:01:45,17023,17023,17023,2,2
2021-10-28 15:01:45,17023,17023,17023,4,4
2021-10-28 15:01:45,17023,17023,17023,2,2
2021-10-28 15:01:45,17023,17023,17023,2,2
2021-10-28 15:01:47,17024,17024,17024,2,2
2021-10-28 15:01:47,17024,17024,17024,2,2
2021-10-28 15:01:47,17023,17023,17023,2,-2
2021-10-28 15:01:49,17024,17024,17024,2,2
2021-10-28 15:01:53,17024,17024,17024,2,2
2021-10-28 15:01:53,17024,17024,17024,2,2
2021-10-28 15:01:54,17025,17025,17025,4,4
2021-10-28 15:01:54,17024,17024,17024,2,-2
2021-10-28 15:01:58,17024,17024,17024,8,8
2021-10-28 15:01:58,17023,17023,17023,2,-2
2021-10-28 15:01:58,17023,17023,17023,2,2
2021-10-28 15:01:58,17023,17023,17023,6,6
2021-10-28 15:01:59,17023,17023,17023,2,2
2021-10-28 15:02:00,17024,17024,17024,2,2
2021-10-28 15:02:00,17025,17025,17025,8,8
2021-10-28 15:02:04,17025,17025,17025,2,2
2021-10-28 15:02:04,17025,17025,17025,8,8
2021-10-28 15:02:04,17025,17025,17025,10,10
2021-10-28 15:02:04,17025,17025,17025,4,4
2021-10-28 15:02:04,17025,17025,17025,6,6
2021-10-28 15:02:04,17025,17025,17025,2,2
2021-10-28 15:02:04,17025,17025,17025,2,2
2021-10-28 15:02:04,17025,17025,17025,2,2
2021-10-28 15:02:06,17025,17025,17025,2,2
2021-10-28 15:02:06,17025,17025,17025,2,2
2021-10-28 15:02:06,17025,17025,17025,2,2
2021-10-28 15:02:07,17026,17026,17026,2,2
2021-10-28 15:02:07,17025,17025,17025,2,-2
2021-10-28 15:02:07,17026,17026,17026,10,10
2021-10-28 15:02:08,17026,17026,17026,4,4
2021-10-28 15:02:10,17026,17026,17026,2,2
2021-10-28 15:02:10,17025,17025,17025,2,-2
2021-10-28 15:02:11,17026,17026,17026,2,2
2021-10-28 15:02:15,17026,17026,17026,4,4
2021-10-28 15:02:15,17026,17026,17026,2,2
2021-10-28 15:02:17,17025,17025,17025,2,-2
2021-10-28 15:02:17,17025,17025,17025,4,4
2021-10-28 15:02:17,17026,17026,17026,4,4
2021-10-28 15:02:22,17025,17025,17025,2,-2
2021-10-28 15:02:24,17025,17025,17025,2,2
2021-10-28 15:02:24,17025,17025,17025,2,2
2021-10-28 15:02:24,17025,17025,17025,2,2
2021-10-28 15:02:24,17025,17025,17025,2,2
2021-10-28 15:02:24,17025,17025,17025,4,4
2021-10-28 15:02:25,17023,17023,17023,4,-4
2021-10-28 15:02:26,17023,17023,17023,2,2
2021-10-28 15:02:26,17023,17023,17023,2,2
2021-10-28 15:02:26,17023,17023,17023,2,2
2021-10-28 15:02:26,17023,17023,17023,2,2
2021-10-28 15:02:27,17022,17022,17022,2,-2
2021-10-28 15:02:27,17022,17022,17022,2,2
2021-10-28 15:02:27,17022,17022,17022,2,2
2021-10-28 15:02:27,17022,17022,17022,2,2
2021-10-28 15:02:27,17022,17022,17022,2,2
2021-10-28 15:02:27,17022,17022,17022,2,2
2021-10-28 15:02:27,17022,17022,17022,2,2
2021-10-28 15:02:27,17022,17022,17022,2,2
2021-10-28 15:02:30,17023,17023,17023,2,2
2021-10-28 15:02:32,17023,17023,17023,2,2
2021-10-28 15:02:33,17022,17022,17022,2,-2
2021-10-28 15:02:33,17022,17022,17022,2,2
2021-10-28 15:02:34,17023,17023,17023,2,2
2021-10-28 15:02:36,17023,17023,17023,12,12
2021-10-28 15:02:36,17023,17023,17023,8,8
2021-10-28 15:02:36,17023,17023,17023,6,6
2021-10-28 15:02:38,17024,17024,17024,2,2
2021-10-28 15:02:41,17024,17024,17024,2,2
2021-10-28 15:02:42,17024,17024,17024,2,2
2021-10-28 15:02:42,17024,17024,17024,2,2
2021-10-28 15:02:42,17024,17024,17024,2,2
2021-10-28 15:02:42,17024,17024,17024,2,2
2021-10-28 15:02:42,17024,17024,17024,2,2
2021-10-28 15:02:42,17024,17024,17024,4,4
2021-10-28 15:02:42,17024,17024,17024,2,2
2021-10-28 15:02:43,17024,17024,17024,2,2
2021-10-28 15:02:43,17024,17024,17024,2,2
2021-10-28 15:02:45,17024,17024,17024,2,2
2021-10-28 15:02:48,17024,17024,17024,10,10
2021-10-28 15:02:52,17024,17024,17024,4,4
2021-10-28 15:02:58,17025,17025,17025,2,2
2021-10-28 15:03:00,17024,17024,17024,2,-2
2021-10-28 15:03:00,17024,17024,17024,2,2
2021-10-28 15:03:00,17024,17024,17024,2,2
2021-10-28 15:03:00,17024,17024,17024,2,2
2021-10-28 15:03:00,17024,17024,17024,2,2
2021-10-28 15:03:01,17024,17024,17024,2,2
2021-10-28 15:03:03,17024,17024,17024,2,2
2021-10-28 15:03:05,17024,17024,17024,10,10
2021-10-28 15:03:14,17024,17024,17024,12,12
2021-10-28 15:03:14,17023,17023,17023,14,-14
2021-10-28 15:03:14,17023,17023,17023,10,10
2021-10-28 15:03:14,17023,17023,17023,2,2
2021-10-28 15:03:14,17023,17023,17023,2,2
2021-10-28 15:03:17,17024,17024,17024,2,2
2021-10-28 15:03:17,17024,17024,17024,2,2
2021-10-28 15:03:24,17024,17024,17024,4,4
2021-10-28 15:03:24,17024,17024,17024,2,2
2021-10-28 15:03:37,17024,17024,17024,2,2
2021-10-28 15:03:37,17024,17024,17024,4,4
2021-10-28 15:03:37,17024,17024,17024,20,20
2021-10-28 15:03:37,17024,17024,17024,4,4
2021-10-28 15:03:37,17024,17024,17024,2,2
2021-10-28 15:03:40,17025,17025,17025,2,2
2021-10-28 15:03:43,17025,17025,17025,2,2
2021-10-28 15:03:43,17025,17025,17025,2,2
2021-10-28 15:03:43,17025,17025,17025,2,2
2021-10-28 15:03:43,17025,17025,17025,2,2
2021-10-28 15:03:43,17025,17025,17025,2,2
2021-10-28 15:03:43,17025,17025,17025,2,2
2021-10-28 15:03:43,17025,17025,17025,2,2
2021-10-28 15:03:45,17025,17025,17025,2,2
2021-10-28 15:03:47,17026,17026,17026,2,2
2021-10-28 15:03:48,17026,17026,17026,4,4
2021-10-28 15:03:48,17026,17026,17026,30,30
2021-10-28 15:03:48,17026,17026,17026,12,12
2021-10-28 15:03:48,17026,17026,17026,2,2
2021-10-28 15:03:50,17027,17027,17027,2,2
2021-10-28 15:03:51,17026,17026,17026,4,-4
2021-10-28 15:03:51,17026,17026,17026,2,2
2021-10-28 15:03:54,17025,17025,17025,2,-2
2021-10-28 15:03:55,17026,17026,17026,2,2
2021-10-28 15:04:01,17026,17026,17026,10,10
2021-10-28 15:04:02,17026,17026,17026,2,2
2021-10-28 15:04:02,17026,17026,17026,2,2
2021-10-28 15:04:04,17026,17026,17026,2,2
2021-10-28 15:04:10,17026,17026,17026,2,2
2021-10-28 15:04:12,17026,17026,17026,2,2
2021-10-28 15:04:21,17026,17026,17026,6,6
2021-10-28 15:04:21,17027,17027,17027,2,2
2021-10-28 15:04:26,17026,17026,17026,10,-10
2021-10-28 15:04:32,17026,17026,17026,2,2
2021-10-28 15:04:34,17026,17026,17026,2,2
2021-10-28 15:04:34,17026,17026,17026,2,2
2021-10-28 15:04:34,17026,17026,17026,2,2
2021-10-28 15:04:34,17026,17026,17026,2,2
2021-10-28 15:04:42,17027,17027,17027,2,2
2021-10-28 15:04:44,17027,17027,17027,8,8
2021-10-28 15:04:50,17027,17027,17027,4,4
2021-10-28 15:04:52,17026,17026,17026,2,-2
2021-10-28 15:04:53,17026,17026,17026,2,2
2021-10-28 15:04:53,17026,17026,17026,2,2
2021-10-28 15:04:53,17026,17026,17026,2,2
2021-10-28 15:04:53,17026,17026,17026,2,2
2021-10-28 15:04:53,17025,17025,17025,10,-10
2021-10-28 15:04:53,17025,17025,17025,2,2
2021-10-28 15:04:53,17025,17025,17025,2,2
2021-10-28 15:04:53,17025,17025,17025,2,2
2021-10-28 15:04:53,17025,17025,17025,2,2
2021-10-28 15:04:53,17025,17025,17025,10,10
2021-10-28 15:04:53,17025,17025,17025,2,2
2021-10-28 15:04:53,17025,17025,17025,2,2
2021-10-28 15:04:53,17025,17025,17025,2,2
2021-10-28 15:04:53,17024,17024,17024,2,-2
2021-10-28 15:04:53,17024,17024,17024,2,2
2021-10-28 15:04:53,17024,17024,17024,2,2
2021-10-28 15:04:53,17024,17024,17024,2,2
2021-10-28 15:04:53,17024,17024,17024,2,2
2021-10-28 15:04:53,17024,17024,17024,2,2
2021-10-28 15:04:53,17024,17024,17024,2,2
2021-10-28 15:04:53,17024,17024,17024,2,2
2021-10-28 15:04:53,17024,17024,17024,2,2
2021-10-28 15:04:53,17024,17024,17024,2,2
2021-10-28 15:04:56,17023,17023,17023,2,-2
2021-10-28 15:04:56,17023,17023,17023,32,32
2021-10-28 15:04:56,17023,17023,17023,2,2
2021-10-28 15:04:56,17023,17023,17023,2,2
2021-10-28 15:04:57,17022,17022,17022,2,-2
2021-10-28 15:04:57,17022,17022,17022,2,2
2021-10-28 15:04:57,17022,17022,17022,2,2
2021-10-28 15:04:57,17022,17022,17022,2,2
2021-10-28 15:04:57,17022,17022,17022,2,2
2021-10-28 15:04:57,17022,17022,17022,2,2
2021-10-28 15:04:57,17022,17022,17022,2,2
2021-10-28 15:04:57,17022,17022,17022,2,2
2021-10-28 15:05:01,17021,17021,17021,2,-2
2021-10-28 15:05:01,17022,17022,17022,2,2
2021-10-28 15:05:01,17022,17022,17022,2,2
2021-10-28 15:05:01,17022,17022,17022,2,2
2021-10-28 15:05:02,17023,17023,17023,6,6
2021-10-28 15:05:05,17024,17024,17024,2,2
2021-10-28 15:05:12,17023,17023,17023,2,-2
2021-10-28 15:05:12,17023,17023,17023,8,8
2021-10-28 15:05:13,17023,17023,17023,2,2
2021-10-28 15:05:13,17023,17023,17023,2,2
2021-10-28 15:05:13,17023,17023,17023,2,2
2021-10-28 15:05:13,17023,17023,17023,2,2
2021-10-28 15:05:14,17024,17024,17024,2,2
2021-10-28 15:05:20,17024,17024,17024,2,2
2021-10-28 15:05:22,17024,17024,17024,2,2
2021-10-28 15:05:23,17023,17023,17023,2,-2
2021-10-28 15:05:23,17023,17023,17023,2,2
2021-10-28 15:05:24,17024,17024,17024,2,2
2021-10-28 15:05:24,17024,17024,17024,2,2
2021-10-28 15:05:24,17022,17022,17022,2,-2
2021-10-28 15:05:24,17022,17022,17022,2,2
2021-10-28 15:05:24,17022,17022,17022,2,2
2021-10-28 15:05:24,17022,17022,17022,2,2
2021-10-28 15:05:24,17022,17022,17022,2,2
2021-10-28 15:05:24,17022,17022,17022,8,8
2021-10-28 15:05:24,17022,17022,17022,2,2
2021-10-28 15:05:28,17021,17021,17021,10,-10
2021-10-28 15:05:28,17021,17021,17021,2,2
2021-10-28 15:05:28,17021,17021,17021,2,2
2021-10-28 15:05:28,17021,17021,17021,2,2
2021-10-28 15:05:28,17021,17021,17021,2,2
2021-10-28 15:05:28,17021,17021,17021,2,2
2021-10-28 15:05:28,17021,17021,17021,2,2
2021-10-28 15:05:28,17021,17021,17021,2,2
2021-10-28 15:05:28,17021,17021,17021,2,2
2021-10-28 15:05:28,17021,17021,17021,10,10
2021-10-28 15:05:28,17021,17021,17021,2,2
2021-10-28 15:05:28,17021,17021,17021,2,2
2021-10-28 15:05:28,17021,17021,17021,2,2
2021-10-28 15:05:28,17021,17021,17021,4,4
2021-10-28 15:05:28,17021,17021,17021,4,4
2021-10-28 15:05:28,17020,17020,17020,2,-2
2021-10-28 15:05:28,17020,17020,17020,2,2
2021-10-28 15:05:28,17020,17020,17020,2,2
2021-10-28 15:05:28,17020,17020,17020,2,2
2021-10-28 15:05:28,17020,17020,17020,2,2
2021-10-28 15:05:28,17020,17020,17020,2,2
2021-10-28 15:05:28,17020,17020,17020,4,4
2021-10-28 15:05:28,17020,17020,17020,10,10
2021-10-28 15:05:28,17020,17020,17020,6,6
2021-10-28 15:05:28,17020,17020,17020,2,2
2021-10-28 15:05:28,17020,17020,17020,2,2
2021-10-28 15:05:28,17020,17020,17020,2,2
2021-10-28 15:05:28,17020,17020,17020,2,2
2021-10-28 15:05:28,17020,17020,17020,2,2
2021-10-28 15:05:28,17020,17020,17020,10,10
2021-10-28 15:05:28,17021,17021,17021,2,2
2021-10-28 15:05:28,17021,17021,17021,2,2
2021-10-28 15:05:34,17021,17021,17021,2,2
2021-10-28 15:05:35,17020,17020,17020,2,-2
2021-10-28 15:05:35,17020,17020,17020,2,2
2021-10-28 15:05:36,17019,17019,17019,8,-8
2021-10-28 15:05:38,17020,17020,17020,2,2
2021-10-28 15:05:41,17020,17020,17020,2,2
2021-10-28 15:05:44,17020,17020,17020,2,2
2021-10-28 15:05:44,17020,17020,17020,2,2
2021-10-28 15:05:44,17020,17020,17020,2,2
2021-10-28 15:05:44,17020,17020,17020,2,2
2021-10-28 15:05:44,17019,17019,17019,2,-2
2021-10-28 15:05:47,17021,17021,17021,2,2
2021-10-28 15:05:52,17020,17020,17020,2,-2
2021-10-28 15:05:54,17021,17021,17021,2,2
2021-10-28 15:05:54,17021,17021,17021,2,2
2021-10-28 15:05:54,17021,17021,17021,2,2
2021-10-28 15:05:55,17022,17022,17022,2,2
2021-10-28 15:05:56,17021,17021,17021,2,-2
2021-10-28 15:05:57,17022,17022,17022,2,2
2021-10-28 15:05:59,17022,17022,17022,2,2
2021-10-28 15:06:01,17021,17021,17021,2,-2
2021-10-28 15:06:02,17020,17020,17020,2,-2
2021-10-28 15:06:02,17020,17020,17020,2,2
2021-10-28 15:06:02,17020,17020,17020,8,8
2021-10-28 15:06:02,17020,17020,17020,2,2
2021-10-28 15:06:02,17020,17020,17020,2,2
2021-10-28 15:06:07,17021,17021,17021,2,2
2021-10-28 15:06:07,17021,17021,17021,2,2
2021-10-28 15:06:08,17022,17022,17022,2,2
2021-10-28 15:06:10,17022,17022,17022,8,8
2021-10-28 15:06:12,17022,17022,17022,2,2
2021-10-28 15:06:12,17022,17022,17022,2,2
2021-10-28 15:06:15,17024,17024,17024,2,2
2021-10-28 15:06:15,17023,17023,17023,2,-2
2021-10-28 15:06:18,17024,17024,17024,2,2
2021-10-28 15:06:23,17024,17024,17024,2,2
2021-10-28 15:06:29,17024,17024,17024,2,2
2021-10-28 15:06:34,17024,17024,17024,2,2
2021-10-28 15:06:34,17025,17025,17025,2,2
2021-10-28 15:06:34,17025,17025,17025,6,6
2021-10-28 15:06:39,17026,17026,17026,6,6
2021-10-28 15:06:39,17026,17026,17026,2,2
2021-10-28 15:06:39,17026,17026,17026,6,6
2021-10-28 15:06:39,17027,17027,17027,14,14
2021-10-28 15:06:39,17027,17027,17027,8,8
2021-10-28 15:06:44,17027,17027,17027,2,2
2021-10-28 15:06:45,17027,17027,17027,2,2
2021-10-28 15:06:47,17027,17027,17027,2,2
2021-10-28 15:06:47,17027,17027,17027,2,2
2021-10-28 15:06:48,17027,17027,17027,2,2
2021-10-28 15:06:51,17027,17027,17027,2,2
2021-10-28 15:06:53,17027,17027,17027,2,2
2021-10-28 15:06:55,17026,17026,17026,2,-2
2021-10-28 15:06:57,17026,17026,17026,2,2
2021-10-28 15:06:57,17026,17026,17026,2,2
2021-10-28 15:06:57,17026,17026,17026,2,2
2021-10-28 15:07:00,17025,17025,17025,2,-2
2021-10-28 15:07:00,17025,17025,17025,2,2
2021-10-28 15:07:02,17025,17025,17025,2,2
2021-10-28 15:07:03,17025,17025,17025,4,4
2021-10-28 15:07:14,17026,17026,17026,2,2
2021-10-28 15:07:19,17027,17027,17027,2,2
2021-10-28 15:07:21,17027,17027,17027,2,2
2021-10-28 15:07:22,17027,17027,17027,4,4
2021-10-28 15:07:32,17027,17027,17027,10,10
2021-10-28 15:07:32,17027,17027,17027,6,6
2021-10-28 15:07:35,17026,17026,17026,2,-2
2021-10-28 15:07:38,17027,17027,17027,2,2
2021-10-28 15:07:53,17027,17027,17027,12,12
2021-10-28 15:08:01,17027,17027,17027,2,2
2021-10-28 15:08:01,17026,17026,17026,2,-2
2021-10-28 15:08:01,17026,17026,17026,6,6
2021-10-28 15:08:01,17027,17027,17027,6,6
2021-10-28 15:08:01,17027,17027,17027,6,6
2021-10-28 15:08:01,17027,17027,17027,6,6
2021-10-28 15:08:02,17027,17027,17027,8,8
2021-10-28 15:08:05,17027,17027,17027,4,4
2021-10-28 15:08:06,17028,17028,17028,2,2
2021-10-28 15:08:20,17026,17026,17026,2,-2
2021-10-28 15:08:31,17027,17027,17027,2,2
2021-10-28 15:08:32,17027,17027,17027,2,2
2021-10-28 15:08:32,17027,17027,17027,2,2
2021-10-28 15:08:36,17026,17026,17026,4,-4
2021-10-28 15:08:36,17026,17026,17026,2,2
2021-10-28 15:08:36,17026,17026,17026,8,8
2021-10-28 15:08:36,17026,17026,17026,4,4
2021-10-28 15:08:40,17026,17026,17026,2,2
2021-10-28 15:08:42,17026,17026,17026,2,2
2021-10-28 15:08:46,17027,17027,17027,8,8
2021-10-28 15:08:47,17026,17026,17026,2,-2
2021-10-28 15:08:54,17026,17026,17026,2,2
2021-10-28 15:08:54,17026,17026,17026,2,2
2021-10-28 15:08:54,17026,17026,17026,2,2
2021-10-28 15:08:54,17026,17026,17026,2,2
2021-10-28 15:08:54,17026,17026,17026,2,2
2021-10-28 15:08:55,17025,17025,17025,2,-2
2021-10-28 15:08:58,17026,17026,17026,2,2
2021-10-28 15:09:02,17026,17026,17026,2,2
2021-10-28 15:09:03,17027,17027,17027,4,4
2021-10-28 15:09:03,17028,17028,17028,4,4
2021-10-28 15:09:06,17026,17026,17026,2,-2
2021-10-28 15:09:10,17027,17027,17027,2,2
2021-10-28 15:09:17,17027,17027,17027,2,2
2021-10-28 15:09:17,17027,17027,17027,2,2
2021-10-28 15:09:18,17027,17027,17027,2,2
2021-10-28 15:09:18,17027,17027,17027,2,2
2021-10-28 15:09:22,17027,17027,17027,2,2
2021-10-28 15:09:23,17027,17027,17027,2,2
2021-10-28 15:09:26,17027,17027,17027,2,2
2021-10-28 15:09:36,17026,17026,17026,4,-4
2021-10-28 15:09:36,17026,17026,17026,2,2
2021-10-28 15:09:41,17027,17027,17027,2,2
2021-10-28 15:09:41,17027,17027,17027,2,2
2021-10-28 15:09:46,17026,17026,17026,2,-2
2021-10-28 15:09:46,17026,17026,17026,2,2
2021-10-28 15:09:46,17026,17026,17026,2,2
2021-10-28 15:09:46,17026,17026,17026,2,2
2021-10-28 15:09:46,17025,17025,17025,2,-2
2021-10-28 15:09:50,17026,17026,17026,2,2
2021-10-28 15:10:05,17027,17027,17027,2,2
2021-10-28 15:10:05,17027,17027,17027,2,2
2021-10-28 15:10:05,17026,17026,17026,2,-2
2021-10-28 15:10:05,17026,17026,17026,2,2
2021-10-28 15:10:05,17028,17028,17028,6,6
2021-10-28 15:10:06,17028,17028,17028,2,2
2021-10-28 15:10:07,17028,17028,17028,2,2
2021-10-28 15:10:09,17027,17027,17027,2,-2
2021-10-28 15:10:10,17027,17027,17027,4,4
2021-10-28 15:10:10,17027,17027,17027,4,4
2021-10-28 15:10:17,17027,17027,17027,2,2
2021-10-28 15:10:19,17027,17027,17027,2,2
2021-10-28 15:10:21,17027,17027,17027,2,2
2021-10-28 15:10:27,17027,17027,17027,2,2
2021-10-28 15:10:27,17027,17027,17027,2,2
2021-10-28 15:10:34,17027,17027,17027,2,2
2021-10-28 15:10:40,17028,17028,17028,2,2
2021-10-28 15:10:42,17028,17028,17028,2,2
2021-10-28 15:10:43,17027,17027,17027,2,-2
2021-10-28 15:10:43,17027,17027,17027,2,2
2021-10-28 15:10:48,17027,17027,17027,4,4
2021-10-28 15:10:48,17027,17027,17027,16,16
2021-10-28 15:10:49,17027,17027,17027,6,6
2021-10-28 15:10:49,17028,17028,17028,14,14
2021-10-28 15:10:49,17027,17027,17027,2,-2
2021-10-28 15:10:54,17027,17027,17027,2,2
2021-10-28 15:11:00,17028,17028,17028,2,2
2021-10-28 15:11:14,17028,17028,17028,4,4
2021-10-28 15:11:18,17027,17027,17027,2,-2
2021-10-28 15:11:18,17027,17027,17027,2,2
2021-10-28 15:11:18,17027,17027,17027,2,2
2021-10-28 15:11:27,17027,17027,17027,2,2
2021-10-28 15:11:32,17028,17028,17028,2,2
2021-10-28 15:11:32,17028,17028,17028,2,2
2021-10-28 15:11:55,17027,17027,17027,2,-2
2021-10-28 15:12:00,17027,17027,17027,2,2
2021-10-28 15:12:00,17027,17027,17027,2,2
2021-10-28 15:12:00,17027,17027,17027,2,2
2021-10-28 15:12:00,17027,17027,17027,30,30
2021-10-28 15:12:00,17027,17027,17027,2,2
2021-10-28 15:12:00,17027,17027,17027,2,2
2021-10-28 15:12:00,17027,17027,17027,2,2
2021-10-28 15:12:00,17027,17027,17027,2,2
2021-10-28 15:12:00,17027,17027,17027,2,2
2021-10-28 15:12:00,17027,17027,17027,2,2
2021-10-28 15:12:12,17028,17028,17028,10,10
2021-10-28 15:12:12,17028,17028,17028,2,2
2021-10-28 15:12:19,17029,17029,17029,2,2
2021-10-28 15:12:24,17028,17028,17028,2,-2
2021-10-28 15:12:25,17029,17029,17029,34,34
2021-10-28 15:12:25,17030,17030,17030,2,2
2021-10-28 15:12:25,17030,17030,17030,4,4
2021-10-28 15:12:25,17030,17030,17030,18,18
2021-10-28 15:12:25,17031,17031,17031,6,6
2021-10-28 15:12:25,17031,17031,17031,2,2
2021-10-28 15:12:25,17031,17031,17031,2,2
2021-10-28 15:12:25,17031,17031,17031,2,2
2021-10-28 15:12:25,17031,17031,17031,2,2
2021-10-28 15:12:29,17031,17031,17031,10,10
2021-10-28 15:12:29,17031,17031,17031,4,4
2021-10-28 15:12:30,17031,17031,17031,2,2
2021-10-28 15:12:30,17031,17031,17031,2,2
2021-10-28 15:12:30,17031,17031,17031,2,2
2021-10-28 15:12:33,17031,17031,17031,2,2
2021-10-28 15:12:36,17032,17032,17032,2,2
2021-10-28 15:12:37,17031,17031,17031,2,-2
2021-10-28 15:12:37,17032,17032,17032,2,2
2021-10-28 15:12:38,17032,17032,17032,4,4
2021-10-28 15:12:40,17032,17032,17032,2,2
2021-10-28 15:12:41,17032,17032,17032,4,4
2021-10-28 15:12:54,17031,17031,17031,2,-2
2021-10-28 15:12:54,17031,17031,17031,2,2
2021-10-28 15:12:54,17031,17031,17031,4,4
2021-10-28 15:12:54,17031,17031,17031,2,2
2021-10-28 15:12:55,17030,17030,17030,2,-2
2021-10-28 15:12:55,17030,17030,17030,4,4
2021-10-28 15:12:55,17030,17030,17030,2,2
2021-10-28 15:13:03,17030,17030,17030,2,2
2021-10-28 15:13:04,17030,17030,17030,2,2
2021-10-28 15:13:11,17029,17029,17029,2,-2
2021-10-28 15:13:11,17029,17029,17029,2,2
2021-10-28 15:13:11,17029,17029,17029,2,2
2021-10-28 15:13:14,17030,17030,17030,4,4
2021-10-28 15:13:33,17030,17030,17030,2,2
2021-10-28 15:13:33,17029,17029,17029,2,-2
2021-10-28 15:13:33,17029,17029,17029,6,6
2021-10-28 15:13:38,17029,17029,17029,2,2
2021-10-28 15:13:39,17029,17029,17029,2,2
2021-10-28 15:13:45,17029,17029,17029,2,2
2021-10-28 15:13:52,17029,17029,17029,2,2
2021-10-28 15:14:06,17029,17029,17029,2,2
2021-10-28 15:14:08,17030,17030,17030,2,2
2021-10-28 15:14:24,17030,17030,17030,2,2
2021-10-28 15:14:27,17030,17030,17030,2,2
2021-10-28 15:14:32,17030,17030,17030,4,4
2021-10-28 15:14:32,17030,17030,17030,4,4
2021-10-28 15:14:59,17030,17030,17030,2,2
2021-10-28 15:14:59,17030,17030,17030,2,2
2021-10-28 15:14:59,17030,17030,17030,2,2
2021-10-28 15:15:00,17029,17029,17029,2,-2
2021-10-28 15:15:00,17029,17029,17029,2,2
2021-10-28 15:15:00,17029,17029,17029,10,10
2021-10-28 15:15:00,17028,17028,17028,2,-2
2021-10-28 15:15:00,17028,17028,17028,2,2
2021-10-28 15:15:00,17028,17028,17028,2,2
2021-10-28 15:15:00,17028,17028,17028,2,2
2021-10-28 15:15:05,17031,17031,17031,4,4
2021-10-28 15:15:06,17030,17030,17030,2,-2
2021-10-28 15:15:06,17030,17030,17030,2,2
2021-10-28 15:15:06,17030,17030,17030,2,2
2021-10-28 15:15:06,17030,17030,17030,2,2
2021-10-28 15:15:20,17030,17030,17030,2,2
2021-10-28 15:15:39,17030,17030,17030,2,2
2021-10-28 15:15:48,17030,17030,17030,2,2
2021-10-28 15:15:58,17029,17029,17029,2,-2
2021-10-28 15:16:09,17030,17030,17030,4,4
2021-10-28 15:16:11,17031,17031,17031,10,10
2021-10-28 15:16:15,17031,17031,17031,4,4
2021-10-28 15:16:18,17031,17031,17031,2,2
2021-10-28 15:16:21,17031,17031,17031,8,8
2021-10-28 15:16:29,17032,17032,17032,24,24
2021-10-28 15:16:29,17032,17032,17032,2,2
2021-10-28 15:16:29,17032,17032,17032,2,2
2021-10-28 15:16:29,17033,17033,17033,2,2
2021-10-28 15:16:29,17033,17033,17033,6,6
2021-10-28 15:16:42,17033,17033,17033,2,2
2021-10-28 15:16:43,17033,17033,17033,4,4
2021-10-28 15:16:43,17033,17033,17033,4,4
2021-10-28 15:16:43,17033,17033,17033,10,10
2021-10-28 15:16:43,17034,17034,17034,2,2
2021-10-28 15:16:46,17034,17034,17034,2,2
2021-10-28 15:16:46,17034,17034,17034,2,2
2021-10-28 15:16:46,17034,17034,17034,2,2
2021-10-28 15:16:46,17034,17034,17034,6,6
2021-10-28 15:16:52,17034,17034,17034,4,4
2021-10-28 15:16:55,17033,17033,17033,2,-2
2021-10-28 15:16:58,17033,17033,17033,2,2
2021-10-28 15:16:59,17033,17033,17033,2,2
2021-10-28 15:17:01,17033,17033,17033,2,2
2021-10-28 15:17:01,17033,17033,17033,2,2
2021-10-28 15:17:01,17031,17031,17031,2,-2
2021-10-28 15:17:08,17033,17033,17033,2,2
2021-10-28 15:17:10,17033,17033,17033,2,2
2021-10-28 15:17:11,17034,17034,17034,4,4
2021-10-28 15:17:14,17034,17034,17034,2,2
2021-10-28 15:17:16,17034,17034,17034,4,4
2021-10-28 15:17:17,17034,17034,17034,2,2
2021-10-28 15:17:17,17034,17034,17034,2,2
2021-10-28 15:17:17,17034,17034,17034,2,2
2021-10-28 15:17:20,17035,17035,17035,2,2
2021-10-28 15:17:20,17035,17035,17035,2,2
2021-10-28 15:17:24,17035,17035,17035,6,6
2021-10-28 15:17:27,17034,17034,17034,2,-2
2021-10-28 15:17:28,17035,17035,17035,2,2
2021-10-28 15:17:28,17035,17035,17035,2,2
2021-10-28 15:17:28,17035,17035,17035,2,2
2021-10-28 15:17:28,17035,17035,17035,2,2
2021-10-28 15:17:29,17035,17035,17035,2,2
2021-10-28 15:17:29,17036,17036,17036,2,2
2021-10-28 15:17:31,17035,17035,17035,2,-2
2021-10-28 15:17:32,17035,17035,17035,2,2
2021-10-28 15:17:35,17035,17035,17035,2,2
2021-10-28 15:17:37,17035,17035,17035,2,2
2021-10-28 15:17:37,17035,17035,17035,4,4
2021-10-28 15:17:39,17035,17035,17035,2,2
2021-10-28 15:17:42,17035,17035,17035,2,2
2021-10-28 15:17:43,17035,17035,17035,2,2
2021-10-28 15:17:50,17035,17035,17035,2,2
2021-10-28 15:17:50,17035,17035,17035,2,2
2021-10-28 15:18:00,17036,17036,17036,2,2
2021-10-28 15:18:00,17036,17036,17036,4,4
2021-10-28 15:18:01,17036,17036,17036,2,2
2021-10-28 15:18:01,17037,17037,17037,6,6
2021-10-28 15:18:01,17037,17037,17037,4,4
2021-10-28 15:18:01,17037,17037,17037,4,4
2021-10-28 15:18:02,17037,17037,17037,4,4
2021-10-28 15:18:04,17037,17037,17037,2,2
2021-10-28 15:18:07,17037,17037,17037,2,2
2021-10-28 15:18:07,17037,17037,17037,2,2
2021-10-28 15:18:08,17037,17037,17037,2,2
2021-10-28 15:18:09,17037,17037,17037,2,2
2021-10-28 15:18:09,17038,17038,17038,2,2
2021-10-28 15:18:09,17038,17038,17038,6,6
2021-10-28 15:18:10,17038,17038,17038,2,2
2021-10-28 15:18:17,17038,17038,17038,2,2
2021-10-28 15:18:17,17038,17038,17038,6,6
2021-10-28 15:18:17,17038,17038,17038,2,2
2021-10-28 15:18:17,17038,17038,17038,2,2
2021-10-28 15:18:17,17038,17038,17038,4,4
2021-10-28 15:18:17,17038,17038,17038,2,2
2021-10-28 15:18:17,17038,17038,17038,2,2
2021-10-28 15:18:17,17038,17038,17038,6,6
2021-10-28 15:18:17,17038,17038,17038,2,2
2021-10-28 15:18:26,17039,17039,17039,18,18
2021-10-28 15:18:26,17038,17038,17038,2,-2
2021-10-28 15:18:28,17039,17039,17039,10,10
2021-10-28 15:18:28,17039,17039,17039,14,14
2021-10-28 15:18:29,17039,17039,17039,2,2
2021-10-28 15:18:46,17040,17040,17040,50,50
2021-10-28 15:18:46,17040,17040,17040,4,4
2021-10-28 15:18:46,17040,17040,17040,50,50
2021-10-28 15:18:46,17040,17040,17040,2,2
2021-10-28 15:18:46,17040,17040,17040,6,6
2021-10-28 15:18:46,17040,17040,17040,2,2
2021-10-28 15:18:46,17040,17040,17040,2,2
2021-10-28 15:18:46,17040,17040,17040,6,6
2021-10-28 15:18:50,17041,17041,17041,8,8
2021-10-28 15:18:50,17040,17040,17040,2,-2
2021-10-28 15:18:53,17042,17042,17042,2,2
2021-10-28 15:18:53,17042,17042,17042,4,4
2021-10-28 15:18:55,17042,17042,17042,2,2
2021-10-28 15:18:57,17042,17042,17042,4,4
2021-10-28 15:18:57,17042,17042,17042,2,2
2021-10-28 15:18:59,17042,17042,17042,10,10
2021-10-28 15:19:00,17042,17042,17042,2,2
2021-10-28 15:19:00,17043,17043,17043,2,2
2021-10-28 15:19:00,17043,17043,17043,6,6
2021-10-28 15:19:01,17043,17043,17043,4,4
2021-10-28 15:19:01,17042,17042,17042,2,-2
2021-10-28 15:19:01,17042,17042,17042,2,2
2021-10-28 15:19:03,17042,17042,17042,2,2
2021-10-28 15:19:03,17042,17042,17042,2,2
2021-10-28 15:19:03,17042,17042,17042,2,2
2021-10-28 15:19:04,17042,17042,17042,2,2
2021-10-28 15:19:07,17041,17041,17041,2,-2
2021-10-28 15:19:07,17042,17042,17042,2,2
2021-10-28 15:19:08,17041,17041,17041,2,-2
2021-10-28 15:19:11,17041,17041,17041,2,2
2021-10-28 15:19:11,17041,17041,17041,2,2
2021-10-28 15:19:13,17041,17041,17041,2,2
2021-10-28 15:19:16,17040,17040,17040,2,-2
2021-10-28 15:19:16,17040,17040,17040,2,2
2021-10-28 15:19:19,17041,17041,17041,2,2
2021-10-28 15:19:19,17040,17040,17040,4,-4
2021-10-28 15:19:19,17040,17040,17040,2,2
2021-10-28 15:19:19,17040,17040,17040,2,2
2021-10-28 15:19:19,17040,17040,17040,2,2
2021-10-28 15:19:27,17040,17040,17040,8,8
2021-10-28 15:19:27,17040,17040,17040,2,2
2021-10-28 15:19:28,17039,17039,17039,2,-2
2021-10-28 15:19:28,17039,17039,17039,2,2
2021-10-28 15:19:28,17039,17039,17039,2,2
2021-10-28 15:19:28,17039,17039,17039,4,4
2021-10-28 15:19:28,17039,17039,17039,2,2
2021-10-28 15:19:28,17039,17039,17039,4,4
2021-10-28 15:19:28,17039,17039,17039,2,2
2021-10-28 15:19:30,17038,17038,17038,2,-2
2021-10-28 15:19:31,17039,17039,17039,2,2
2021-10-28 15:19:31,17038,17038,17038,2,-2
2021-10-28 15:19:31,17038,17038,17038,2,2
2021-10-28 15:19:31,17038,17038,17038,2,2
2021-10-28 15:19:31,17038,17038,17038,2,2
2021-10-28 15:19:31,17038,17038,17038,2,2
2021-10-28 15:19:31,17038,17038,17038,2,2
2021-10-28 15:19:31,17038,17038,17038,2,2
2021-10-28 15:19:31,17038,17038,17038,2,2
2021-10-28 15:19:31,17038,17038,17038,2,2
2021-10-28 15:19:38,17037,17037,17037,2,-2
2021-10-28 15:19:39,17037,17037,17037,2,2
2021-10-28 15:19:39,17037,17037,17037,2,2
2021-10-28 15:19:39,17037,17037,17037,2,2
2021-10-28 15:19:39,17037,17037,17037,2,2
2021-10-28 15:19:45,17036,17036,17036,2,-2
2021-10-28 15:19:50,17036,17036,17036,2,2
2021-10-28 15:19:51,17036,17036,17036,2,2
2021-10-28 15:19:52,17036,17036,17036,2,2
2021-10-28 15:20:01,17036,17036,17036,2,2
2021-10-28 15:20:01,17037,17037,17037,2,2
2021-10-28 15:20:01,17037,17037,17037,2,2
2021-10-28 15:20:02,17036,17036,17036,2,-2
2021-10-28 15:20:02,17037,17037,17037,2,2
2021-10-28 15:20:02,17038,17038,17038,2,2
2021-10-28 15:20:02,17038,17038,17038,4,4
2021-10-28 15:20:13,17038,17038,17038,2,2
2021-10-28 15:20:14,17038,17038,17038,2,2
2021-10-28 15:20:20,17039,17039,17039,2,2
2021-10-28 15:20:22,17040,17040,17040,10,10
2021-10-28 15:20:22,17041,17041,17041,2,2
2021-10-28 15:20:22,17041,17041,17041,2,2
2021-10-28 15:20:22,17041,17041,17041,2,2
2021-10-28 15:20:22,17041,17041,17041,2,2
2021-10-28 15:20:22,17042,17042,17042,2,2
2021-10-28 15:20:31,17039,17039,17039,2,-2
2021-10-28 15:20:32,17038,17038,17038,2,-2
2021-10-28 15:20:32,17039,17039,17039,2,2
2021-10-28 15:20:33,17038,17038,17038,2,-2
2021-10-28 15:20:36,17038,17038,17038,2,2
2021-10-28 15:20:36,17038,17038,17038,8,8
2021-10-28 15:20:42,17038,17038,17038,2,2
2021-10-28 15:20:42,17039,17039,17039,2,2
2021-10-28 15:20:42,17039,17039,17039,2,2
2021-10-28 15:20:44,17038,17038,17038,2,-2
2021-10-28 15:20:44,17037,17037,17037,2,-2
2021-10-28 15:20:44,17037,17037,17037,2,2
2021-10-28 15:20:48,17040,17040,17040,4,4
2021-10-28 15:20:52,17040,17040,17040,4,4
2021-10-28 15:20:54,17038,17038,17038,2,-2
2021-10-28 15:20:58,17040,17040,17040,2,2
2021-10-28 15:21:02,17038,17038,17038,2,-2
2021-10-28 15:21:05,17039,17039,17039,2,2
2021-10-28 15:21:07,17040,17040,17040,4,4
2021-10-28 15:21:14,17041,17041,17041,2,2
2021-10-28 15:21:17,17042,17042,17042,2,2
2021-10-28 15:21:23,17042,17042,17042,4,4
2021-10-28 15:21:23,17041,17041,17041,2,-2
2021-10-28 15:21:23,17042,17042,17042,2,2
2021-10-28 15:21:23,17042,17042,17042,2,2
2021-10-28 15:21:23,17042,17042,17042,2,2
2021-10-28 15:21:23,17042,17042,17042,2,2
2021-10-28 15:21:23,17042,17042,17042,2,2
2021-10-28 15:21:23,17042,17042,17042,2,2
2021-10-28 15:21:23,17042,17042,17042,2,2
2021-10-28 15:21:23,17042,17042,17042,2,2
2021-10-28 15:21:23,17042,17042,17042,2,2
2021-10-28 15:21:23,17042,17042,17042,2,2
2021-10-28 15:21:23,17042,17042,17042,2,2
2021-10-28 15:21:23,17042,17042,17042,4,4
2021-10-28 15:21:26,17041,17041,17041,2,-2
2021-10-28 15:21:29,17042,17042,17042,2,2
2021-10-28 15:21:29,17042,17042,17042,2,2
2021-10-28 15:21:30,17041,17041,17041,2,-2
2021-10-28 15:21:30,17041,17041,17041,2,2
2021-10-28 15:21:30,17041,17041,17041,2,2
2021-10-28 15:21:30,17041,17041,17041,2,2
2021-10-28 15:21:33,17042,17042,17042,2,2
2021-10-28 15:21:33,17043,17043,17043,2,2
2021-10-28 15:21:33,17043,17043,17043,4,4
2021-10-28 15:21:33,17043,17043,17043,2,2
2021-10-28 15:21:33,17043,17043,17043,2,2
2021-10-28 15:21:33,17044,17044,17044,2,2
2021-10-28 15:21:33,17044,17044,17044,2,2
2021-10-28 15:21:35,17043,17043,17043,2,-2
2021-10-28 15:21:36,17042,17042,17042,2,-2
2021-10-28 15:21:39,17042,17042,17042,2,2
2021-10-28 15:21:48,17042,17042,17042,4,4
2021-10-28 15:21:51,17042,17042,17042,2,2
2021-10-28 15:21:52,17041,17041,17041,2,-2
2021-10-28 15:21:54,17041,17041,17041,2,2
2021-10-28 15:22:00,17041,17041,17041,2,2
2021-10-28 15:22:03,17042,17042,17042,2,2
2021-10-28 15:22:28,17041,17041,17041,2,-2
2021-10-28 15:22:32,17041,17041,17041,2,2
2021-10-28 15:22:36,17042,17042,17042,2,2
2021-10-28 15:22:47,17040,17040,17040,2,-2
2021-10-28 15:22:59,17040,17040,17040,2,2
2021-10-28 15:23:00,17040,17040,17040,2,2
2021-10-28 15:23:00,17040,17040,17040,4,4
2021-10-28 15:23:00,17040,17040,17040,2,2
2021-10-28 15:23:00,17040,17040,17040,2,2
2021-10-28 15:23:00,17040,17040,17040,2,2
2021-10-28 15:23:00,17040,17040,17040,2,2
2021-10-28 15:23:00,17040,17040,17040,2,2
2021-10-28 15:23:00,17040,17040,17040,2,2
2021-10-28 15:23:01,17039,17039,17039,2,-2
2021-10-28 15:23:02,17039,17039,17039,4,4
2021-10-28 15:23:02,17039,17039,17039,2,2
2021-10-28 15:23:02,17039,17039,17039,10,10
2021-10-28 15:23:02,17039,17039,17039,2,2
2021-10-28 15:23:24,17039,17039,17039,6,6
2021-10-28 15:23:25,17039,17039,17039,6,6
2021-10-28 15:23:25,17039,17039,17039,6,6
2021-10-28 15:23:25,17039,17039,17039,4,4
2021-10-28 15:23:25,17040,17040,17040,2,2
2021-10-28 15:23:27,17038,17038,17038,2,-2
2021-10-28 15:23:31,17038,17038,17038,2,2
2021-10-28 15:23:31,17038,17038,17038,2,2
2021-10-28 15:23:31,17038,17038,17038,4,4
2021-10-28 15:23:35,17038,17038,17038,2,2
2021-10-28 15:23:35,17038,17038,17038,2,2
2021-10-28 15:23:38,17038,17038,17038,2,2
2021-10-28 15:23:43,17037,17037,17037,2,-2
2021-10-28 15:23:43,17037,17037,17037,2,2
2021-10-28 15:23:43,17037,17037,17037,4,4
2021-10-28 15:23:46,17037,17037,17037,6,6
2021-10-28 15:23:46,17037,17037,17037,2,2
2021-10-28 15:23:46,17037,17037,17037,2,2
2021-10-28 15:23:54,17037,17037,17037,4,4
2021-10-28 15:24:01,17037,17037,17037,2,2
2021-10-28 15:24:02,17038,17038,17038,2,2
2021-10-28 15:24:18,17037,17037,17037,2,-2
2021-10-28 15:24:20,17037,17037,17037,2,2
2021-10-28 15:24:26,17036,17036,17036,2,-2
2021-10-28 15:24:26,17036,17036,17036,2,2
2021-10-28 15:24:30,17036,17036,17036,2,2
2021-10-28 15:24:30,17036,17036,17036,6,6
2021-10-28 15:24:44,17036,17036,17036,2,2
2021-10-28 15:24:44,17036,17036,17036,2,2
2021-10-28 15:25:07,17036,17036,17036,2,2
2021-10-28 15:25:07,17036,17036,17036,2,2
2021-10-28 15:25:07,17036,17036,17036,2,2
2021-10-28 15:25:07,17036,17036,17036,2,2
2021-10-28 15:25:07,17036,17036,17036,2,2
2021-10-28 15:25:07,17036,17036,17036,2,2
2021-10-28 15:25:07,17037,17037,17037,2,2
2021-10-28 15:25:12,17037,17037,17037,4,4
2021-10-28 15:25:12,17038,17038,17038,2,2
2021-10-28 15:25:14,17037,17037,17037,2,-2
2021-10-28 15:25:18,17037,17037,17037,2,2
2021-10-28 15:25:22,17038,17038,17038,4,4
2021-10-28 15:25:26,17037,17037,17037,2,-2
2021-10-28 15:25:26,17037,17037,17037,2,2
2021-10-28 15:25:26,17037,17037,17037,2,2
2021-10-28 15:25:27,17037,17037,17037,2,2
2021-10-28 15:25:48,17037,17037,17037,2,2
2021-10-28 15:25:57,17037,17037,17037,2,2
2021-10-28 15:26:16,17036,17036,17036,2,-2
2021-10-28 15:26:20,17036,17036,17036,2,2
2021-10-28 15:26:20,17036,17036,17036,4,4
2021-10-28 15:26:20,17036,17036,17036,2,2
2021-10-28 15:26:20,17036,17036,17036,2,2
2021-10-28 15:26:25,17036,17036,17036,2,2
2021-10-28 15:26:26,17035,17035,17035,4,-4
2021-10-28 15:26:26,17035,17035,17035,2,2
2021-10-28 15:26:26,17035,17035,17035,4,4
2021-10-28 15:26:26,17035,17035,17035,2,2
2021-10-28 15:26:26,17035,17035,17035,2,2
2021-10-28 15:26:26,17035,17035,17035,2,2
2021-10-28 15:26:26,17035,17035,17035,2,2
2021-10-28 15:26:26,17035,17035,17035,2,2
2021-10-28 15:26:26,17035,17035,17035,2,2
2021-10-28 15:26:26,17035,17035,17035,2,2
2021-10-28 15:26:26,17034,17034,17034,2,-2
2021-10-28 15:26:26,17034,17034,17034,2,2
2021-10-28 15:26:26,17034,17034,17034,2,2
2021-10-28 15:26:26,17034,17034,17034,2,2
2021-10-28 15:26:26,17034,17034,17034,2,2
2021-10-28 15:26:26,17034,17034,17034,2,2
2021-10-28 15:26:26,17034,17034,17034,2,2
2021-10-28 15:26:26,17034,17034,17034,2,2
2021-10-28 15:26:26,17034,17034,17034,4,4
2021-10-28 15:26:26,17034,17034,17034,2,2
2021-10-28 15:26:26,17034,17034,17034,2,2
2021-10-28 15:26:26,17034,17034,17034,2,2
2021-10-28 15:26:31,17033,17033,17033,2,-2
2021-10-28 15:26:40,17033,17033,17033,2,2
2021-10-28 15:26:40,17033,17033,17033,2,2
2021-10-28 15:26:40,17033,17033,17033,4,4
2021-10-28 15:26:41,17034,17034,17034,2,2
2021-10-28 15:26:42,17033,17033,17033,2,-2
2021-10-28 15:26:48,17033,17033,17033,2,2
2021-10-28 15:26:51,17033,17033,17033,2,2
2021-10-28 15:27:03,17033,17033,17033,2,2
2021-10-28 15:27:06,17033,17033,17033,2,2
2021-10-28 15:27:20,17033,17033,17033,2,2
2021-10-28 15:27:20,17034,17034,17034,2,2
2021-10-28 15:27:22,17033,17033,17033,2,-2
2021-10-28 15:27:22,17033,17033,17033,2,2
2021-10-28 15:27:22,17033,17033,17033,2,2
2021-10-28 15:27:31,17033,17033,17033,2,2
2021-10-28 15:27:39,17034,17034,17034,10,10
2021-10-28 15:27:39,17034,17034,17034,2,2
2021-10-28 15:27:39,17034,17034,17034,2,2
2021-10-28 15:27:51,17034,17034,17034,2,2
2021-10-28 15:27:55,17034,17034,17034,2,2
2021-10-28 15:28:13,17033,17033,17033,2,-2
2021-10-28 15:28:13,17033,17033,17033,2,2
2021-10-28 15:28:22,17033,17033,17033,2,2
2021-10-28 15:28:22,17033,17033,17033,2,2
2021-10-28 15:28:22,17033,17033,17033,2,2
2021-10-28 15:28:22,17033,17033,17033,4,4
2021-10-28 15:28:22,17033,17033,17033,2,2
2021-10-28 15:28:23,17033,17033,17033,2,2
2021-10-28 15:28:29,17033,17033,17033,2,2
2021-10-28 15:28:30,17033,17033,17033,2,2
2021-10-28 15:28:31,17034,17034,17034,2,2
2021-10-28 15:29:01,17033,17033,17033,2,-2
2021-10-28 15:29:36,17033,17033,17033,2,2
2021-10-28 15:29:44,17033,17033,17033,2,2
2021-10-28 15:29:44,17033,17033,17033,2,2
2021-10-28 15:29:44,17033,17033,17033,2,2
2021-10-28 15:29:47,17034,17034,17034,2,2
2021-10-28 15:29:56,17034,17034,17034,2,2
2021-10-28 15:29:57,17035,17035,17035,2,2
2021-10-28 15:30:02,17033,17033,17033,2,-2
2021-10-28 15:30:03,17032,17032,17032,2,-2
2021-10-28 15:30:03,17032,17032,17032,2,2
2021-10-28 15:30:03,17032,17032,17032,2,2
2021-10-28 15:30:03,17032,17032,17032,2,2
2021-10-28 15:30:03,17032,17032,17032,2,2
2021-10-28 15:30:03,17033,17033,17033,4,4
2021-10-28 15:30:09,17033,17033,17033,2,2
2021-10-28 15:30:10,17033,17033,17033,2,2
2021-10-28 15:30:14,17032,17032,17032,2,-2
2021-10-28 15:30:14,17032,17032,17032,2,2
2021-10-28 15:30:14,17032,17032,17032,2,2
2021-10-28 15:30:18,17032,17032,17032,2,2
2021-10-28 15:30:21,17032,17032,17032,2,2
2021-10-28 15:30:23,17031,17031,17031,2,-2
2021-10-28 15:30:23,17031,17031,17031,2,2
2021-10-28 15:30:23,17031,17031,17031,2,2
2021-10-28 15:30:23,17031,17031,17031,2,2
2021-10-28 15:30:23,17031,17031,17031,2,2
2021-10-28 15:30:23,17030,17030,17030,2,-2
2021-10-28 15:30:23,17030,17030,17030,2,2
2021-10-28 15:30:26,17031,17031,17031,2,2
2021-10-28 15:30:30,17030,17030,17030,2,-2
2021-10-28 15:30:30,17030,17030,17030,2,2
2021-10-28 15:30:32,17031,17031,17031,4,4
2021-10-28 15:30:33,17031,17031,17031,2,2
2021-10-28 15:30:34,17031,17031,17031,2,2
2021-10-28 15:30:34,17031,17031,17031,2,2
2021-10-28 15:30:39,17031,17031,17031,2,2
2021-10-28 15:30:45,17031,17031,17031,2,2
2021-10-28 15:30:45,17031,17031,17031,2,2
2021-10-28 15:30:45,17030,17030,17030,2,-2
2021-10-28 15:30:45,17030,17030,17030,2,2
2021-10-28 15:30:53,17030,17030,17030,2,2
2021-10-28 15:30:54,17031,17031,17031,2,2
2021-10-28 15:30:58,17031,17031,17031,2,2
2021-10-28 15:30:59,17031,17031,17031,2,2
2021-10-28 15:31:05,17031,17031,17031,4,4
2021-10-28 15:31:05,17032,17032,17032,26,26
2021-10-28 15:31:18,17032,17032,17032,2,2
2021-10-28 15:31:18,17031,17031,17031,2,-2
2021-10-28 15:31:31,17031,17031,17031,2,2
2021-10-28 15:31:31,17031,17031,17031,2,2
2021-10-28 15:31:31,17032,17032,17032,2,2
2021-10-28 15:31:31,17032,17032,17032,2,2
2021-10-28 15:31:50,17031,17031,17031,2,-2
2021-10-28 15:31:55,17031,17031,17031,2,2
2021-10-28 15:31:55,17032,17032,17032,2,2
2021-10-28 15:31:55,17032,17032,17032,2,2
2021-10-28 15:31:55,17033,17033,17033,2,2
2021-10-28 15:31:57,17031,17031,17031,2,-2
2021-10-28 15:31:57,17031,17031,17031,2,2
2021-10-28 15:31:57,17030,17030,17030,2,-2
2021-10-28 15:32:08,17031,17031,17031,2,2
2021-10-28 15:32:08,17030,17030,17030,2,-2
2021-10-28 15:32:08,17030,17030,17030,2,2
2021-10-28 15:32:08,17030,17030,17030,2,2
2021-10-28 15:32:08,17030,17030,17030,2,2
2021-10-28 15:32:08,17030,17030,17030,4,4
2021-10-28 15:32:08,17030,17030,17030,2,2
2021-10-28 15:32:08,17030,17030,17030,4,4
2021-10-28 15:32:09,17031,17031,17031,2,2
2021-10-28 15:32:09,17032,17032,17032,2,2
2021-10-28 15:32:11,17031,17031,17031,2,-2
2021-10-28 15:32:13,17032,17032,17032,2,2
2021-10-28 15:32:14,17031,17031,17031,2,-2
2021-10-28 15:32:14,17031,17031,17031,2,2
2021-10-28 15:32:15,17031,17031,17031,2,2
2021-10-28 15:32:26,17032,17032,17032,2,2
2021-10-28 15:32:35,17033,17033,17033,2,2
2021-10-28 15:32:40,17032,17032,17032,2,-2
2021-10-28 15:32:45,17032,17032,17032,2,2
2021-10-28 15:33:00,17032,17032,17032,2,2
2021-10-28 15:33:07,17032,17032,17032,2,2
2021-10-28 15:33:07,17032,17032,17032,2,2
2021-10-28 15:33:07,17032,17032,17032,2,2
2021-10-28 15:33:07,17032,17032,17032,2,2
2021-10-28 15:33:15,17031,17031,17031,2,-2
2021-10-28 15:33:15,17030,17030,17030,8,-8
2021-10-28 15:33:15,17030,17030,17030,2,2
2021-10-28 15:33:15,17030,17030,17030,2,2
2021-10-28 15:33:15,17030,17030,17030,6,6
2021-10-28 15:33:36,17030,17030,17030,4,4
2021-10-28 15:33:40,17029,17029,17029,2,-2
2021-10-28 15:33:40,17029,17029,17029,2,2
2021-10-28 15:33:41,17029,17029,17029,2,2
2021-10-28 15:33:41,17029,17029,17029,2,2
2021-10-28 15:33:43,17029,17029,17029,2,2
2021-10-28 15:33:48,17029,17029,17029,2,2
2021-10-28 15:33:56,17029,17029,17029,2,2
2021-10-28 15:33:56,17029,17029,17029,2,2
2021-10-28 15:33:56,17029,17029,17029,6,6
2021-10-28 15:33:56,17029,17029,17029,4,4
2021-10-28 15:33:56,17029,17029,17029,2,2
2021-10-28 15:33:57,17029,17029,17029,10,10
2021-10-28 15:34:00,17028,17028,17028,2,-2
2021-10-28 15:34:00,17028,17028,17028,2,2
2021-10-28 15:34:00,17028,17028,17028,2,2
2021-10-28 15:34:00,17028,17028,17028,2,2
2021-10-28 15:34:01,17028,17028,17028,2,2
2021-10-28 15:34:01,17028,17028,17028,2,2
2021-10-28 15:34:01,17028,17028,17028,2,2
2021-10-28 15:34:01,17028,17028,17028,2,2
2021-10-28 15:34:08,17028,17028,17028,2,2
2021-10-28 15:34:08,17028,17028,17028,2,2
2021-10-28 15:34:08,17028,17028,17028,2,2
2021-10-28 15:34:08,17028,17028,17028,2,2
2021-10-28 15:34:08,17028,17028,17028,2,2
2021-10-28 15:34:09,17028,17028,17028,2,2
2021-10-28 15:34:10,17028,17028,17028,2,2
2021-10-28 15:34:10,17028,17028,17028,2,2
2021-10-28 15:34:10,17028,17028,17028,2,2
2021-10-28 15:34:13,17028,17028,17028,2,2
2021-10-28 15:34:14,17028,17028,17028,2,2
2021-10-28 15:34:15,17028,17028,17028,2,2
2021-10-28 15:34:22,17029,17029,17029,2,2
2021-10-28 15:34:22,17029,17029,17029,2,2
2021-10-28 15:34:22,17029,17029,17029,4,4
2021-10-28 15:34:43,17030,17030,17030,8,8
2021-10-28 15:34:43,17030,17030,17030,2,2
2021-10-28 15:34:49,17031,17031,17031,2,2
2021-10-28 15:34:51,17032,17032,17032,2,2
2021-10-28 15:34:56,17031,17031,17031,2,-2
2021-10-28 15:34:56,17031,17031,17031,2,2
2021-10-28 15:34:56,17031,17031,17031,2,2
2021-10-28 15:34:56,17031,17031,17031,2,2
2021-10-28 15:34:56,17031,17031,17031,4,4
2021-10-28 15:34:56,17031,17031,17031,8,8
2021-10-28 15:35:06,17031,17031,17031,2,2
2021-10-28 15:35:08,17030,17030,17030,2,-2
2021-10-28 15:35:13,17030,17030,17030,2,2
2021-10-28 15:35:33,17032,17032,17032,2,2
2021-10-28 15:35:47,17031,17031,17031,2,-2
2021-10-28 15:35:47,17031,17031,17031,2,2
2021-10-28 15:35:47,17031,17031,17031,2,2
2021-10-28 15:36:10,17031,17031,17031,8,8
2021-10-28 15:36:10,17031,17031,17031,4,4
2021-10-28 15:36:34,17031,17031,17031,2,2
2021-10-28 15:36:52,17032,17032,17032,4,4
2021-10-28 15:36:52,17032,17032,17032,4,4
2021-10-28 15:36:55,17032,17032,17032,2,2
2021-10-28 15:36:55,17032,17032,17032,2,2
2021-10-28 15:36:57,17033,17033,17033,2,2
2021-10-28 15:36:57,17033,17033,17033,2,2
2021-10-28 15:37:25,17034,17034,17034,2,2
2021-10-28 15:37:25,17034,17034,17034,2,2
2021-10-28 15:37:37,17034,17034,17034,4,4
2021-10-28 15:37:37,17034,17034,17034,2,2
2021-10-28 15:38:05,17034,17034,17034,2,2
2021-10-28 15:38:05,17034,17034,17034,4,4
2021-10-28 15:38:11,17034,17034,17034,4,4
2021-10-28 15:39:01,17033,17033,17033,2,-2
2021-10-28 15:39:03,17033,17033,17033,2,2
2021-10-28 15:39:04,17032,17032,17032,2,-2
2021-10-28 15:39:09,17032,17032,17032,2,2
2021-10-28 15:39:24,17033,17033,17033,2,2
2021-10-28 15:39:37,17032,17032,17032,2,-2
2021-10-28 15:39:37,17032,17032,17032,2,2
2021-10-28 15:39:54,17031,17031,17031,2,-2
2021-10-28 15:40:12,17031,17031,17031,2,2
2021-10-28 15:40:12,17031,17031,17031,2,2
2021-10-28 15:40:12,17031,17031,17031,6,6
2021-10-28 15:40:12,17031,17031,17031,2,2
2021-10-28 15:40:12,17031,17031,17031,2,2
2021-10-28 15:40:13,17030,17030,17030,2,-2
2021-10-28 15:40:13,17030,17030,17030,2,2
2021-10-28 15:40:29,17030,17030,17030,2,2
2021-10-28 15:40:31,17030,17030,17030,2,2
2021-10-28 15:40:31,17030,17030,17030,2,2
2021-10-28 15:40:31,17030,17030,17030,2,2
2021-10-28 15:40:31,17030,17030,17030,2,2
2021-10-28 15:40:34,17031,17031,17031,2,2
2021-10-28 15:40:58,17030,17030,17030,2,-2
2021-10-28 15:41:03,17030,17030,17030,2,2
2021-10-28 15:41:17,17030,17030,17030,2,2
2021-10-28 15:41:44,17030,17030,17030,2,2
2021-10-28 15:41:44,17030,17030,17030,2,2
2021-10-28 15:41:44,17030,17030,17030,2,2
2021-10-28 15:42:02,17030,17030,17030,2,2
2021-10-28 15:42:02,17030,17030,17030,2,2
2021-10-28 15:42:02,17030,17030,17030,2,2
2021-10-28 15:42:02,17030,17030,17030,2,2
2021-10-28 15:42:45,17030,17030,17030,2,2
2021-10-28 15:42:54,17030,17030,17030,2,2
2021-10-28 15:42:54,17030,17030,17030,2,2
2021-10-28 15:42:54,17030,17030,17030,2,2
2021-10-28 15:42:54,17030,17030,17030,2,2
2021-10-28 15:42:54,17030,17030,17030,12,12
2021-10-28 15:43:13,17030,17030,17030,2,2
2021-10-28 15:43:13,17030,17030,17030,2,2
2021-10-28 15:43:13,17030,17030,17030,2,2
2021-10-28 15:43:13,17030,17030,17030,2,2
2021-10-28 15:43:13,17030,17030,17030,2,2
2021-10-28 15:43:13,17030,17030,17030,4,4
2021-10-28 15:43:13,17030,17030,17030,2,2
2021-10-28 15:43:13,17030,17030,17030,2,2
2021-10-28 15:43:13,17030,17030,17030,2,2
2021-10-28 15:43:18,17031,17031,17031,4,4
2021-10-28 15:43:23,17030,17030,17030,2,-2
2021-10-28 15:44:01,17030,17030,17030,2,2
2021-10-28 15:44:03,17030,17030,17030,2,2
2021-10-28 15:44:04,17030,17030,17030,2,2
2021-10-28 15:44:06,17030,17030,17030,2,2
2021-10-28 15:44:06,17030,17030,17030,4,4
2021-10-28 15:44:54,17031,17031,17031,2,2
2021-10-28 15:44:55,17030,17030,17030,2,-2
2021-10-28 15:44:55,17030,17030,17030,2,2
2021-10-28 15:45:08,17030,17030,17030,2,2
2021-10-28 15:45:08,17030,17030,17030,2,2
2021-10-28 15:45:08,17030,17030,17030,2,2
2021-10-28 15:45:08,17029,17029,17029,2,-2
2021-10-28 15:45:08,17029,17029,17029,2,2
2021-10-28 15:45:08,17029,17029,17029,2,2
2021-10-28 15:45:09,17029,17029,17029,2,2
2021-10-28 15:45:26,17029,17029,17029,2,2
2021-10-28 15:45:26,17030,17030,17030,2,2
2021-10-28 15:45:27,17030,17030,17030,2,2
2021-10-28 15:45:27,17030,17030,17030,2,2
2021-10-28 15:45:27,17030,17030,17030,2,2
2021-10-28 15:45:27,17029,17029,17029,4,-4
2021-10-28 15:45:29,17031,17031,17031,2,2
2021-10-28 15:45:29,17031,17031,17031,2,2
2021-10-28 15:45:36,17032,17032,17032,2,2
2021-10-28 15:45:41,17033,17033,17033,2,2
2021-10-28 15:45:43,17033,17033,17033,2,2
2021-10-28 15:45:53,17033,17033,17033,4,4
2021-10-28 15:45:53,17033,17033,17033,2,2
2021-10-28 15:45:53,17033,17033,17033,2,2
2021-10-28 15:46:10,17033,17033,17033,2,2
2021-10-28 15:46:10,17033,17033,17033,2,2
2021-10-28 15:46:29,17033,17033,17033,2,2
2021-10-28 15:46:36,17033,17033,17033,2,2
2021-10-28 15:46:48,17033,17033,17033,2,2
2021-10-28 15:47:24,17034,17034,17034,2,2
2021-10-28 15:47:24,17034,17034,17034,2,2
2021-10-28 15:47:24,17033,17033,17033,2,-2
2021-10-28 15:47:24,17032,17032,17032,2,-2
2021-10-28 15:47:24,17034,17034,17034,2,2
2021-10-28 15:47:24,17034,17034,17034,2,2
2021-10-28 15:47:24,17034,17034,17034,2,2
2021-10-28 15:47:24,17034,17034,17034,2,2
2021-10-28 15:47:43,17033,17033,17033,2,-2
2021-10-28 15:47:43,17033,17033,17033,2,2
2021-10-28 15:47:43,17033,17033,17033,2,2
2021-10-28 15:47:50,17033,17033,17033,8,8
2021-10-28 15:47:50,17033,17033,17033,2,2
2021-10-28 15:48:27,17033,17033,17033,2,2
2021-10-28 15:48:47,17033,17033,17033,6,6
2021-10-28 15:48:47,17033,17033,17033,4,4
2021-10-28 15:48:56,17033,17033,17033,6,6
2021-10-28 15:49:01,17033,17033,17033,2,2
2021-10-28 15:49:03,17033,17033,17033,2,2
2021-10-28 15:49:04,17034,17034,17034,4,4
2021-10-28 15:49:04,17032,17032,17032,2,-2
2021-10-28 15:49:26,17033,17033,17033,2,2
2021-10-28 15:49:50,17034,17034,17034,2,2
2021-10-28 15:49:50,17033,17033,17033,2,-2
2021-10-28 15:49:54,17034,17034,17034,2,2
2021-10-28 15:49:54,17034,17034,17034,6,6
2021-10-28 15:49:54,17034,17034,17034,2,2
2021-10-28 15:49:54,17034,17034,17034,2,2
2021-10-28 15:49:54,17034,17034,17034,2,2
2021-10-28 15:49:55,17034,17034,17034,2,2
2021-10-28 15:49:57,17035,17035,17035,2,2
2021-10-28 15:49:57,17035,17035,17035,4,4
2021-10-28 15:49:57,17035,17035,17035,8,8
2021-10-28 15:49:57,17034,17034,17034,2,-2
2021-10-28 15:49:58,17036,17036,17036,2,2
2021-10-28 15:50:04,17036,17036,17036,2,2
2021-10-28 15:50:08,17036,17036,17036,2,2
2021-10-28 15:50:09,17036,17036,17036,2,2
2021-10-28 15:50:09,17037,17037,17037,2,2
2021-10-28 15:50:10,17037,17037,17037,2,2
2021-10-28 15:50:10,17037,17037,17037,2,2
2021-10-28 15:50:18,17037,17037,17037,2,2
2021-10-28 15:50:18,17037,17037,17037,2,2
2021-10-28 15:50:20,17037,17037,17037,2,2
2021-10-28 15:50:21,17037,17037,17037,2,2
2021-10-28 15:50:27,17036,17036,17036,2,-2
2021-10-28 15:50:30,17036,17036,17036,6,6
2021-10-28 15:50:30,17036,17036,17036,4,4
2021-10-28 15:50:30,17036,17036,17036,2,2
2021-10-28 15:50:36,17036,17036,17036,2,2
2021-10-28 15:50:42,17037,17037,17037,8,8
2021-10-28 15:50:42,17037,17037,17037,2,2
2021-10-28 15:50:44,17037,17037,17037,2,2
2021-10-28 15:50:45,17037,17037,17037,2,2
2021-10-28 15:50:47,17037,17037,17037,2,2
2021-10-28 15:50:47,17037,17037,17037,14,14
2021-10-28 15:50:47,17037,17037,17037,2,2
2021-10-28 15:50:50,17037,17037,17037,10,10
2021-10-28 15:51:10,17037,17037,17037,4,4
2021-10-28 15:51:10,17038,17038,17038,6,6
2021-10-28 15:51:17,17037,17037,17037,2,-2
2021-10-28 15:51:17,17037,17037,17037,2,2
2021-10-28 15:51:22,17037,17037,17037,2,2
2021-10-28 15:52:06,17037,17037,17037,2,2
2021-10-28 15:52:10,17037,17037,17037,2,2
2021-10-28 15:52:10,17037,17037,17037,4,4
2021-10-28 15:52:10,17037,17037,17037,2,2
2021-10-28 15:52:10,17036,17036,17036,2,-2
2021-10-28 15:52:25,17036,17036,17036,2,2
2021-10-28 15:52:47,17036,17036,17036,2,2
2021-10-28 15:52:47,17036,17036,17036,12,12
2021-10-28 15:52:47,17036,17036,17036,2,2
2021-10-28 15:53:09,17035,17035,17035,2,-2
2021-10-28 15:53:11,17034,17034,17034,2,-2
2021-10-28 15:53:12,17034,17034,17034,2,2
2021-10-28 15:53:13,17034,17034,17034,2,2
2021-10-28 15:53:20,17035,17035,17035,2,2
2021-10-28 15:53:21,17035,17035,17035,2,2
2021-10-28 15:53:21,17035,17035,17035,2,2
2021-10-28 15:53:27,17036,17036,17036,2,2
2021-10-28 15:53:28,17035,17035,17035,2,-2
2021-10-28 15:53:44,17035,17035,17035,2,2
2021-10-28 15:53:54,17036,17036,17036,2,2
2021-10-28 15:53:56,17037,17037,17037,6,6
2021-10-28 15:53:56,17038,17038,17038,2,2
2021-10-28 15:53:58,17036,17036,17036,2,-2
2021-10-28 15:54:01,17036,17036,17036,2,2
2021-10-28 15:54:02,17035,17035,17035,2,-2
2021-10-28 15:54:02,17037,17037,17037,2,2
2021-10-28 15:54:04,17035,17035,17035,2,-2
2021-10-28 15:54:04,17037,17037,17037,4,4
2021-10-28 15:54:04,17038,17038,17038,4,4
2021-10-28 15:54:05,17036,17036,17036,2,-2
2021-10-28 15:54:13,17036,17036,17036,2,2
2021-10-28 15:54:23,17037,17037,17037,10,10
2021-10-28 15:54:29,17037,17037,17037,2,2
2021-10-28 15:54:29,17037,17037,17037,10,10
2021-10-28 15:54:29,17037,17037,17037,8,8
2021-10-28 15:54:29,17037,17037,17037,2,2
2021-10-28 15:54:29,17037,17037,17037,2,2
2021-10-28 15:54:39,17037,17037,17037,4,4
2021-10-28 15:54:43,17037,17037,17037,2,2
2021-10-28 15:55:02,17037,17037,17037,2,2
2021-10-28 15:55:11,17036,17036,17036,2,-2
2021-10-28 15:55:11,17036,17036,17036,4,4
2021-10-28 15:55:11,17036,17036,17036,2,2
2021-10-28 15:55:11,17036,17036,17036,2,2
2021-10-28 15:55:20,17036,17036,17036,4,4
2021-10-28 15:55:29,17035,17035,17035,2,-2
2021-10-28 15:55:29,17035,17035,17035,6,6
2021-10-28 15:55:29,17035,17035,17035,6,6
2021-10-28 15:55:29,17035,17035,17035,2,2
2021-10-28 15:55:29,17035,17035,17035,2,2
2021-10-28 15:55:47,17034,17034,17034,2,-2
2021-10-28 15:55:52,17034,17034,17034,2,2
2021-10-28 15:55:54,17034,17034,17034,2,2
2021-10-28 15:55:57,17034,17034,17034,2,2
2021-10-28 15:56:03,17033,17033,17033,16,-16
2021-10-28 15:56:03,17033,17033,17033,4,4
2021-10-28 15:56:03,17033,17033,17033,2,2
2021-10-28 15:56:03,17033,17033,17033,2,2
2021-10-28 15:56:03,17033,17033,17033,2,2
2021-10-28 15:56:06,17032,17032,17032,2,-2
2021-10-28 15:56:06,17032,17032,17032,2,2
2021-10-28 15:56:06,17032,17032,17032,2,2
2021-10-28 15:56:06,17032,17032,17032,2,2
2021-10-28 15:56:13,17032,17032,17032,2,2
2021-10-28 15:56:14,17032,17032,17032,2,2
2021-10-28 15:56:14,17032,17032,17032,2,2
2021-10-28 15:56:14,17032,17032,17032,2,2
2021-10-28 15:56:14,17032,17032,17032,2,2
2021-10-28 15:56:23,17034,17034,17034,10,10
2021-10-28 15:56:23,17034,17034,17034,2,2
2021-10-28 15:56:23,17034,17034,17034,2,2
2021-10-28 15:56:23,17034,17034,17034,2,2
2021-10-28 15:56:25,17034,17034,17034,2,2
2021-10-28 15:56:25,17034,17034,17034,2,2
2021-10-28 15:56:39,17033,17033,17033,2,-2
2021-10-28 15:56:40,17033,17033,17033,2,2
2021-10-28 15:56:44,17034,17034,17034,2,2
2021-10-28 15:56:59,17035,17035,17035,10,10
2021-10-28 15:57:17,17033,17033,17033,2,-2
2021-10-28 15:57:18,17034,17034,17034,2,2
2021-10-28 15:57:25,17033,17033,17033,4,-4
2021-10-28 15:57:25,17033,17033,17033,2,2
2021-10-28 15:57:25,17032,17032,17032,2,-2
2021-10-28 15:57:27,17032,17032,17032,2,2
2021-10-28 15:57:27,17032,17032,17032,2,2
2021-10-28 15:57:40,17031,17031,17031,2,-2
2021-10-28 15:57:48,17031,17031,17031,2,2
2021-10-28 15:57:48,17031,17031,17031,2,2
2021-10-28 15:57:48,17031,17031,17031,2,2
2021-10-28 15:57:48,17031,17031,17031,2,2
2021-10-28 15:57:48,17031,17031,17031,2,2
2021-10-28 15:57:50,17031,17031,17031,2,2
2021-10-28 15:57:58,17031,17031,17031,2,2
2021-10-28 15:57:58,17031,17031,17031,2,2
2021-10-28 15:57:58,17031,17031,17031,2,2
2021-10-28 15:57:58,17031,17031,17031,2,2
2021-10-28 15:57:58,17031,17031,17031,2,2
2021-10-28 15:57:59,17032,17032,17032,2,2
2021-10-28 15:58:02,17031,17031,17031,2,-2
2021-10-28 15:58:07,17032,17032,17032,2,2
2021-10-28 15:58:19,17031,17031,17031,10,-10
2021-10-28 15:58:37,17031,17031,17031,6,6
2021-10-28 15:58:37,17031,17031,17031,4,4
2021-10-28 15:58:37,17031,17031,17031,2,2
2021-10-28 15:58:37,17031,17031,17031,2,2
2021-10-28 15:58:37,17031,17031,17031,2,2
2021-10-28 15:58:37,17031,17031,17031,2,2
2021-10-28 15:58:43,17030,17030,17030,2,-2
2021-10-28 15:58:43,17030,17030,17030,2,2
2021-10-28 15:58:43,17030,17030,17030,2,2
2021-10-28 15:58:43,17030,17030,17030,2,2
2021-10-28 15:58:43,17030,17030,17030,2,2
2021-10-28 15:59:11,17031,17031,17031,2,2
2021-10-28 15:59:16,17030,17030,17030,2,-2
2021-10-28 15:59:25,17030,17030,17030,2,2
2021-10-28 15:59:25,17030,17030,17030,2,2
2021-10-28 15:59:25,17030,17030,17030,2,2
2021-10-28 15:59:39,17031,17031,17031,2,2
2021-10-28 15:59:43,17032,17032,17032,2,2
2021-10-28 15:59:43,17032,17032,17032,2,2
2021-10-28 15:59:43,17032,17032,17032,4,4
2021-10-28 15:59:49,17031,17031,17031,2,-2
2021-10-28 15:59:54,17031,17031,17031,2,2
2021-10-28 16:00:00,17031,17031,17031,2,2
2021-10-28 16:00:00,17032,17032,17032,2,2
2021-10-28 16:00:06,17031,17031,17031,2,-2
2021-10-28 16:00:07,17030,17030,17030,4,-4
2021-10-28 16:00:07,17030,17030,17030,4,4
2021-10-28 16:00:07,17030,17030,17030,2,2
2021-10-28 16:00:07,17030,17030,17030,2,2
2021-10-28 16:00:07,17030,17030,17030,2,2
2021-10-28 16:00:07,17029,17029,17029,6,-6
2021-10-28 16:00:07,17029,17029,17029,8,8
2021-10-28 16:00:07,17029,17029,17029,2,2
2021-10-28 16:00:07,17029,17029,17029,2,2
2021-10-28 16:00:07,17029,17029,17029,2,2
2021-10-28 16:00:07,17029,17029,17029,2,2
2021-10-28 16:00:07,17029,17029,17029,2,2
2021-10-28 16:00:07,17028,17028,17028,2,-2
2021-10-28 16:00:07,17028,17028,17028,2,2
2021-10-28 16:00:07,17028,17028,17028,2,2
2021-10-28 16:00:07,17028,17028,17028,6,6
2021-10-28 16:00:07,17028,17028,17028,2,2
2021-10-28 16:00:08,17029,17029,17029,2,2
2021-10-28 16:00:18,17029,17029,17029,2,2
2021-10-28 16:00:21,17029,17029,17029,2,2
2021-10-28 16:00:21,17029,17029,17029,2,2
2021-10-28 16:00:24,17029,17029,17029,2,2
2021-10-28 16:00:24,17029,17029,17029,2,2
2021-10-28 16:00:24,17028,17028,17028,2,-2
2021-10-28 16:00:24,17028,17028,17028,2,2
2021-10-28 16:00:26,17028,17028,17028,2,2
2021-10-28 16:00:30,17028,17028,17028,2,2
2021-10-28 16:00:30,17028,17028,17028,2,2
2021-10-28 16:00:30,17028,17028,17028,2,2
2021-10-28 16:00:30,17028,17028,17028,2,2
2021-10-28 16:00:30,17028,17028,17028,2,2
2021-10-28 16:00:32,17029,17029,17029,2,2
2021-10-28 16:00:37,17029,17029,17029,2,2
2021-10-28 16:00:37,17029,17029,17029,2,2
2021-10-28 16:00:40,17028,17028,17028,2,-2
2021-10-28 16:00:41,17027,17027,17027,10,-10
2021-10-28 16:00:41,17027,17027,17027,6,6
2021-10-28 16:00:41,17027,17027,17027,2,2
2021-10-28 16:00:41,17027,17027,17027,2,2
2021-10-28 16:00:41,17027,17027,17027,6,6
2021-10-28 16:00:41,17027,17027,17027,2,2
2021-10-28 16:00:41,17026,17026,17026,2,-2
2021-10-28 16:00:44,17026,17026,17026,2,2
2021-10-28 16:00:44,17026,17026,17026,2,2
2021-10-28 16:00:48,17026,17026,17026,2,2
2021-10-28 16:00:49,17027,17027,17027,2,2
2021-10-28 16:00:49,17026,17026,17026,2,-2
2021-10-28 16:00:49,17026,17026,17026,2,2
2021-10-28 16:00:49,17026,17026,17026,2,2
2021-10-28 16:00:49,17025,17025,17025,2,-2
2021-10-28 16:00:49,17025,17025,17025,2,2
2021-10-28 16:00:49,17025,17025,17025,2,2
2021-10-28 16:00:50,17025,17025,17025,2,2
2021-10-28 16:00:53,17026,17026,17026,2,2
2021-10-28 16:00:54,17026,17026,17026,2,2
2021-10-28 16:00:54,17025,17025,17025,2,-2
2021-10-28 16:00:54,17025,17025,17025,4,4
2021-10-28 16:00:56,17025,17025,17025,2,2
2021-10-28 16:00:56,17025,17025,17025,2,2
2021-10-28 16:00:57,17025,17025,17025,2,2
2021-10-28 16:00:59,17025,17025,17025,2,2
2021-10-28 16:00:59,17025,17025,17025,2,2
2021-10-28 16:01:00,17025,17025,17025,2,2
2021-10-28 16:01:01,17025,17025,17025,2,2
2021-10-28 16:01:01,17025,17025,17025,2,2
2021-10-28 16:01:05,17025,17025,17025,2,2
2021-10-28 16:01:05,17025,17025,17025,10,10
2021-10-28 16:01:05,17025,17025,17025,2,2
2021-10-28 16:01:17,17025,17025,17025,2,2
2021-10-28 16:01:18,17025,17025,17025,2,2
2021-10-28 16:01:18,17025,17025,17025,2,2
2021-10-28 16:01:18,17025,17025,17025,2,2
2021-10-28 16:01:18,17025,17025,17025,2,2
2021-10-28 16:01:22,17025,17025,17025,2,2
2021-10-28 16:01:26,17025,17025,17025,2,2
2021-10-28 16:01:29,17026,17026,17026,4,4
2021-10-28 16:01:29,17026,17026,17026,2,2
2021-10-28 16:01:30,17026,17026,17026,2,2
2021-10-28 16:01:30,17026,17026,17026,4,4
2021-10-28 16:01:30,17026,17026,17026,2,2
2021-10-28 16:01:30,17025,17025,17025,2,-2
2021-10-28 16:01:31,17026,17026,17026,2,2
2021-10-28 16:01:35,17025,17025,17025,2,-2
2021-10-28 16:01:36,17025,17025,17025,2,2
2021-10-28 16:01:39,17025,17025,17025,2,2
2021-10-28 16:01:41,17025,17025,17025,2,2
2021-10-28 16:01:44,17026,17026,17026,2,2
2021-10-28 16:01:44,17027,17027,17027,12,12
2021-10-28 16:01:44,17028,17028,17028,6,6
2021-10-28 16:01:45,17025,17025,17025,2,-2
2021-10-28 16:01:49,17025,17025,17025,2,2
2021-10-28 16:01:49,17025,17025,17025,2,2
2021-10-28 16:01:51,17025,17025,17025,2,2
2021-10-28 16:01:55,17025,17025,17025,2,2
2021-10-28 16:01:55,17025,17025,17025,2,2
2021-10-28 16:01:56,17025,17025,17025,2,2
2021-10-28 16:01:57,17025,17025,17025,2,2
2021-10-28 16:01:57,17025,17025,17025,2,2
2021-10-28 16:01:57,17024,17024,17024,2,-2
2021-10-28 16:01:57,17024,17024,17024,2,2
2021-10-28 16:01:57,17024,17024,17024,2,2
2021-10-28 16:02:00,17024,17024,17024,2,2
2021-10-28 16:02:03,17025,17025,17025,2,2
2021-10-28 16:02:03,17024,17024,17024,2,-2
2021-10-28 16:02:11,17025,17025,17025,2,2
2021-10-28 16:02:11,17025,17025,17025,4,4
2021-10-28 16:02:12,17025,17025,17025,2,2
2021-10-28 16:02:12,17025,17025,17025,2,2
2021-10-28 16:02:12,17025,17025,17025,4,4
2021-10-28 16:02:12,17025,17025,17025,2,2
2021-10-28 16:02:16,17026,17026,17026,6,6
2021-10-28 16:02:17,17026,17026,17026,2,2
2021-10-28 16:02:29,17027,17027,17027,6,6
2021-10-28 16:02:30,17027,17027,17027,10,10
2021-10-28 16:02:31,17027,17027,17027,2,2
2021-10-28 16:02:31,17027,17027,17027,2,2
2021-10-28 16:02:32,17027,17027,17027,4,4
2021-10-28 16:02:32,17027,17027,17027,2,2
2021-10-28 16:02:35,17027,17027,17027,2,2
2021-10-28 16:02:38,17028,17028,17028,2,2
2021-10-28 16:02:38,17028,17028,17028,6,6
2021-10-28 16:02:38,17028,17028,17028,2,2
2021-10-28 16:02:46,17027,17027,17027,2,-2
2021-10-28 16:02:47,17027,17027,17027,2,2
2021-10-28 16:02:47,17027,17027,17027,2,2
2021-10-28 16:02:47,17027,17027,17027,2,2
2021-10-28 16:02:47,17027,17027,17027,2,2
2021-10-28 16:02:47,17027,17027,17027,2,2
2021-10-28 16:03:00,17027,17027,17027,2,2
2021-10-28 16:03:00,17027,17027,17027,2,2
2021-10-28 16:03:10,17027,17027,17027,2,2
2021-10-28 16:03:21,17028,17028,17028,4,4
2021-10-28 16:03:21,17028,17028,17028,2,2
2021-10-28 16:03:22,17028,17028,17028,4,4
2021-10-28 16:03:22,17028,17028,17028,10,10
2021-10-28 16:03:24,17028,17028,17028,6,6
2021-10-28 16:03:25,17028,17028,17028,14,14
2021-10-28 16:03:29,17028,17028,17028,4,4
2021-10-28 16:03:36,17027,17027,17027,2,-2
2021-10-28 16:03:37,17027,17027,17027,2,2
2021-10-28 16:03:37,17027,17027,17027,2,2
2021-10-28 16:03:37,17027,17027,17027,2,2
2021-10-28 16:03:37,17027,17027,17027,2,2
2021-10-28 16:03:37,17027,17027,17027,10,10
2021-10-28 16:03:38,17027,17027,17027,2,2
2021-10-28 16:03:40,17026,17026,17026,2,-2
2021-10-28 16:03:46,17026,17026,17026,10,10
2021-10-28 16:03:53,17027,17027,17027,2,2
2021-10-28 16:03:58,17028,17028,17028,2,2
2021-10-28 16:04:01,17028,17028,17028,2,2
2021-10-28 16:04:02,17027,17027,17027,2,-2
2021-10-28 16:04:04,17027,17027,17027,2,2
2021-10-28 16:04:05,17027,17027,17027,2,2
2021-10-28 16:04:05,17027,17027,17027,10,10
2021-10-28 16:04:22,17027,17027,17027,2,2
2021-10-28 16:04:22,17027,17027,17027,4,4
2021-10-28 16:04:22,17027,17027,17027,2,2
2021-10-28 16:04:22,17027,17027,17027,2,2
2021-10-28 16:04:28,17028,17028,17028,4,4
2021-10-28 16:04:45,17027,17027,17027,4,-4
2021-10-28 16:04:49,17026,17026,17026,2,-2
2021-10-28 16:04:49,17026,17026,17026,2,2
2021-10-28 16:04:49,17026,17026,17026,4,4
2021-10-28 16:04:49,17026,17026,17026,2,2
2021-10-28 16:05:02,17026,17026,17026,24,24
2021-10-28 16:05:02,17026,17026,17026,2,2
2021-10-28 16:05:05,17025,17025,17025,2,-2
2021-10-28 16:05:05,17025,17025,17025,2,2
2021-10-28 16:05:08,17025,17025,17025,8,8
2021-10-28 16:05:08,17025,17025,17025,2,2
2021-10-28 16:05:08,17026,17026,17026,2,2
2021-10-28 16:05:14,17025,17025,17025,2,-2
2021-10-28 16:05:14,17025,17025,17025,2,2
2021-10-28 16:05:14,17025,17025,17025,2,2
2021-10-28 16:05:14,17025,17025,17025,2,2
2021-10-28 16:05:14,17024,17024,17024,2,-2
2021-10-28 16:05:14,17024,17024,17024,2,2
2021-10-28 16:05:14,17024,17024,17024,2,2
2021-10-28 16:05:14,17024,17024,17024,2,2
2021-10-28 16:05:14,17024,17024,17024,2,2
2021-10-28 16:05:14,17024,17024,17024,2,2
2021-10-28 16:05:14,17024,17024,17024,2,2
2021-10-28 16:05:19,17023,17023,17023,2,-2
2021-10-28 16:05:19,17023,17023,17023,2,2
2021-10-28 16:05:19,17023,17023,17023,4,4
2021-10-28 16:05:19,17023,17023,17023,2,2
2021-10-28 16:05:19,17023,17023,17023,2,2
2021-10-28 16:05:19,17023,17023,17023,2,2
2021-10-28 16:05:19,17023,17023,17023,2,2
2021-10-28 16:05:19,17023,17023,17023,26,26
2021-10-28 16:05:19,17023,17023,17023,2,2
2021-10-28 16:05:19,17023,17023,17023,2,2
2021-10-28 16:05:19,17023,17023,17023,2,2
2021-10-28 16:05:19,17023,17023,17023,2,2
2021-10-28 16:05:19,17023,17023,17023,2,2
2021-10-28 16:05:19,17023,17023,17023,2,2
2021-10-28 16:05:19,17022,17022,17022,2,-2
2021-10-28 16:05:19,17022,17022,17022,2,2
2021-10-28 16:05:19,17022,17022,17022,2,2
2021-10-28 16:05:19,17022,17022,17022,4,4
2021-10-28 16:05:19,17022,17022,17022,2,2
2021-10-28 16:05:19,17022,17022,17022,6,6
2021-10-28 16:05:19,17022,17022,17022,2,2
2021-10-28 16:05:19,17022,17022,17022,2,2
2021-10-28 16:05:19,17022,17022,17022,2,2
2021-10-28 16:05:20,17021,17021,17021,4,-4
2021-10-28 16:05:20,17021,17021,17021,2,2
2021-10-28 16:05:20,17021,17021,17021,2,2
2021-10-28 16:05:20,17022,17022,17022,2,2
2021-10-28 16:05:20,17023,17023,17023,2,2
2021-10-28 16:05:21,17023,17023,17023,2,2
2021-10-28 16:05:24,17022,17022,17022,2,-2
2021-10-28 16:05:25,17022,17022,17022,2,2
2021-10-28 16:05:25,17022,17022,17022,2,2
2021-10-28 16:05:27,17022,17022,17022,2,2
2021-10-28 16:05:29,17023,17023,17023,4,4
2021-10-28 16:05:35,17023,17023,17023,2,2
2021-10-28 16:05:35,17023,17023,17023,4,4
2021-10-28 16:05:36,17023,17023,17023,2,2
2021-10-28 16:05:43,17024,17024,17024,2,2
2021-10-28 16:05:45,17024,17024,17024,2,2
2021-10-28 16:05:45,17024,17024,17024,2,2
2021-10-28 16:05:46,17025,17025,17025,2,2
2021-10-28 16:05:50,17024,17024,17024,2,-2
2021-10-28 16:05:50,17024,17024,17024,2,2
2021-10-28 16:05:50,17024,17024,17024,2,2
2021-10-28 16:05:50,17024,17024,17024,4,4
2021-10-28 16:06:00,17024,17024,17024,2,2
2021-10-28 16:06:02,17023,17023,17023,2,-2
2021-10-28 16:06:03,17023,17023,17023,2,2
2021-10-28 16:06:06,17023,17023,17023,2,2
2021-10-28 16:06:07,17023,17023,17023,2,2
2021-10-28 16:06:11,17023,17023,17023,2,2
2021-10-28 16:06:17,17023,17023,17023,2,2
2021-10-28 16:06:21,17024,17024,17024,4,4
2021-10-28 16:06:23,17023,17023,17023,2,-2
2021-10-28 16:06:32,17023,17023,17023,2,2
2021-10-28 16:06:35,17023,17023,17023,2,2
2021-10-28 16:06:36,17022,17022,17022,2,-2
2021-10-28 16:06:36,17022,17022,17022,2,2
2021-10-28 16:06:37,17022,17022,17022,2,2
2021-10-28 16:06:37,17022,17022,17022,2,2
2021-10-28 16:06:37,17022,17022,17022,2,2
2021-10-28 16:06:37,17022,17022,17022,2,2
2021-10-28 16:06:40,17022,17022,17022,2,2
2021-10-28 16:06:45,17023,17023,17023,2,2
2021-10-28 16:06:49,17024,17024,17024,4,4
2021-10-28 16:07:02,17024,17024,17024,2,2
2021-10-28 16:07:17,17024,17024,17024,2,2
2021-10-28 16:07:17,17024,17024,17024,4,4
2021-10-28 16:07:17,17024,17024,17024,4,4
2021-10-28 16:07:28,17023,17023,17023,2,-2
2021-10-28 16:07:33,17023,17023,17023,2,2
2021-10-28 16:07:42,17025,17025,17025,4,4
2021-10-28 16:07:57,17024,17024,17024,2,-2
2021-10-28 16:07:59,17025,17025,17025,6,6
2021-10-28 16:08:05,17026,17026,17026,2,2
2021-10-28 16:08:09,17025,17025,17025,2,-2
2021-10-28 16:08:13,17026,17026,17026,4,4
2021-10-28 16:08:13,17026,17026,17026,6,6
2021-10-28 16:08:13,17026,17026,17026,2,2
2021-10-28 16:08:13,17026,17026,17026,2,2
2021-10-28 16:08:13,17026,17026,17026,2,2
2021-10-28 16:08:17,17025,17025,17025,2,-2
2021-10-28 16:08:17,17025,17025,17025,2,2
2021-10-28 16:08:17,17025,17025,17025,2,2
2021-10-28 16:08:17,17025,17025,17025,2,2
2021-10-28 16:08:17,17024,17024,17024,2,-2
2021-10-28 16:08:17,17024,17024,17024,4,4
2021-10-28 16:08:24,17025,17025,17025,2,2
2021-10-28 16:08:24,17024,17024,17024,16,-16
2021-10-28 16:08:24,17024,17024,17024,2,2
2021-10-28 16:08:24,17024,17024,17024,2,2
2021-10-28 16:08:24,17024,17024,17024,2,2
2021-10-28 16:08:24,17023,17023,17023,2,-2
2021-10-28 16:08:24,17023,17023,17023,2,2
2021-10-28 16:08:24,17023,17023,17023,2,2
2021-10-28 16:08:24,17023,17023,17023,2,2
2021-10-28 16:08:24,17023,17023,17023,2,2
2021-10-28 16:08:24,17023,17023,17023,2,2
2021-10-28 16:08:24,17023,17023,17023,2,2
2021-10-28 16:08:24,17023,17023,17023,6,6
2021-10-28 16:08:24,17023,17023,17023,2,2
2021-10-28 16:08:24,17023,17023,17023,10,10
2021-10-28 16:08:24,17022,17022,17022,2,-2
2021-10-28 16:08:24,17022,17022,17022,2,2
2021-10-28 16:08:24,17022,17022,17022,2,2
2021-10-28 16:08:24,17022,17022,17022,2,2
2021-10-28 16:08:24,17022,17022,17022,2,2
2021-10-28 16:08:24,17022,17022,17022,2,2
2021-10-28 16:08:24,17022,17022,17022,2,2
2021-10-28 16:08:24,17022,17022,17022,2,2
2021-10-28 16:08:24,17022,17022,17022,2,2
2021-10-28 16:08:24,17022,17022,17022,2,2
2021-10-28 16:08:24,17022,17022,17022,2,2
2021-10-28 16:08:24,17022,17022,17022,6,6
2021-10-28 16:08:24,17022,17022,17022,2,2
2021-10-28 16:08:24,17022,17022,17022,2,2
2021-10-28 16:08:24,17022,17022,17022,2,2
2021-10-28 16:08:24,17022,17022,17022,2,2
2021-10-28 16:08:24,17022,17022,17022,2,2
2021-10-28 16:08:24,17021,17021,17021,2,-2
2021-10-28 16:08:24,17022,17022,17022,2,2
2021-10-28 16:08:24,17022,17022,17022,8,8
2021-10-28 16:08:24,17022,17022,17022,2,2
2021-10-28 16:08:24,17022,17022,17022,4,4
2021-10-28 16:08:24,17022,17022,17022,12,12
2021-10-28 16:08:24,17022,17022,17022,80,80
2021-10-28 16:08:24,17021,17021,17021,2,-2
2021-10-28 16:08:24,17021,17021,17021,2,2
2021-10-28 16:08:24,17022,17022,17022,8,8
2021-10-28 16:08:24,17021,17021,17021,2,-2
2021-10-28 16:08:24,17022,17022,17022,2,2
2021-10-28 16:08:24,17022,17022,17022,2,2
2021-10-28 16:08:24,17022,17022,17022,4,4
2021-10-28 16:08:24,17022,17022,17022,2,2
2021-10-28 16:08:24,17022,17022,17022,2,2
2021-10-28 16:08:24,17022,17022,17022,2,2
2021-10-28 16:08:24,17022,17022,17022,2,2
2021-10-28 16:08:24,17022,17022,17022,2,2
2021-10-28 16:08:25,17023,17023,17023,2,2
2021-10-28 16:08:25,17023,17023,17023,2,2
2021-10-28 16:08:27,17023,17023,17023,2,2
2021-10-28 16:08:32,17023,17023,17023,2,2
2021-10-28 16:08:32,17024,17024,17024,4,4
2021-10-28 16:08:34,17023,17023,17023,2,-2
2021-10-28 16:08:39,17023,17023,17023,2,2
2021-10-28 16:08:39,17023,17023,17023,2,2
2021-10-28 16:08:40,17024,17024,17024,2,2
2021-10-28 16:08:46,17023,17023,17023,4,-4
2021-10-28 16:08:51,17023,17023,17023,2,2
2021-10-28 16:08:56,17023,17023,17023,2,2
2021-10-28 16:08:59,17022,17022,17022,2,-2
2021-10-28 16:09:03,17023,17023,17023,2,2
2021-10-28 16:09:07,17023,17023,17023,2,2
2021-10-28 16:09:07,17023,17023,17023,4,4
2021-10-28 16:09:08,17022,17022,17022,2,-2
2021-10-28 16:09:10,17023,17023,17023,2,2
2021-10-28 16:09:18,17023,17023,17023,4,4
2021-10-28 16:09:29,17023,17023,17023,2,2
2021-10-28 16:09:31,17024,17024,17024,2,2
2021-10-28 16:09:31,17025,17025,17025,2,2
2021-10-28 16:09:41,17025,17025,17025,10,10
2021-10-28 16:10:06,17024,17024,17024,2,-2
2021-10-28 16:10:06,17024,17024,17024,2,2
2021-10-28 16:10:06,17023,17023,17023,2,-2
2021-10-28 16:10:08,17024,17024,17024,2,2
2021-10-28 16:10:09,17024,17024,17024,2,2
2021-10-28 16:10:23,17023,17023,17023,2,-2
2021-10-28 16:10:23,17023,17023,17023,2,2
2021-10-28 16:10:30,17024,17024,17024,2,2
2021-10-28 16:10:31,17024,17024,17024,2,2
2021-10-28 16:10:40,17024,17024,17024,2,2
2021-10-28 16:10:40,17024,17024,17024,2,2
2021-10-28 16:10:46,17024,17024,17024,2,2
2021-10-28 16:10:46,17024,17024,17024,2,2
2021-10-28 16:10:46,17024,17024,17024,2,2
2021-10-28 16:10:46,17024,17024,17024,2,2
2021-10-28 16:10:46,17024,17024,17024,2,2
2021-10-28 16:11:31,17024,17024,17024,2,2
2021-10-28 16:11:31,17024,17024,17024,2,2
2021-10-28 16:11:35,17024,17024,17024,2,2
2021-10-28 16:11:38,17023,17023,17023,2,-2
2021-10-28 16:11:39,17023,17023,17023,2,2
2021-10-28 16:11:39,17023,17023,17023,2,2
2021-10-28 16:11:41,17022,17022,17022,2,-2
2021-10-28 16:11:49,17022,17022,17022,2,2
2021-10-28 16:11:49,17022,17022,17022,2,2
2021-10-28 16:11:49,17022,17022,17022,2,2
2021-10-28 16:11:49,17022,17022,17022,2,2
2021-10-28 16:11:49,17022,17022,17022,2,2
2021-10-28 16:11:49,17022,17022,17022,2,2
2021-10-28 16:11:49,17022,17022,17022,2,2
2021-10-28 16:11:49,17022,17022,17022,2,2
2021-10-28 16:11:52,17022,17022,17022,12,12
2021-10-28 16:11:52,17022,17022,17022,8,8
2021-10-28 16:11:53,17022,17022,17022,2,2
2021-10-28 16:11:57,17023,17023,17023,2,2
2021-10-28 16:12:03,17023,17023,17023,2,2
2021-10-28 16:12:04,17024,17024,17024,2,2
2021-10-28 16:12:04,17024,17024,17024,4,4
2021-10-28 16:12:04,17024,17024,17024,2,2
2021-10-28 16:12:04,17024,17024,17024,2,2
2021-10-28 16:12:04,17024,17024,17024,2,2
2021-10-28 16:12:06,17025,17025,17025,2,2
2021-10-28 16:12:06,17023,17023,17023,2,-2
2021-10-28 16:12:06,17023,17023,17023,2,2
2021-10-28 16:12:06,17023,17023,17023,2,2
2021-10-28 16:12:40,17024,17024,17024,2,2
2021-10-28 16:12:46,17024,17024,17024,4,4
2021-10-28 16:12:47,17024,17024,17024,2,2
2021-10-28 16:13:08,17025,17025,17025,2,2
2021-10-28 16:13:09,17025,17025,17025,2,2
2021-10-28 16:13:09,17025,17025,17025,8,8
2021-10-28 16:13:09,17025,17025,17025,2,2
2021-10-28 16:13:11,17025,17025,17025,2,2
2021-10-28 16:13:11,17025,17025,17025,2,2
2021-10-28 16:13:14,17025,17025,17025,2,2
2021-10-28 16:13:21,17025,17025,17025,2,2
2021-10-28 16:13:21,17024,17024,17024,2,-2
2021-10-28 16:13:53,17025,17025,17025,2,2
2021-10-28 16:13:56,17025,17025,17025,2,2
2021-10-28 16:14:00,17025,17025,17025,2,2
2021-10-28 16:14:23,17025,17025,17025,2,2
2021-10-28 16:14:39,17025,17025,17025,2,2
2021-10-28 16:14:40,17025,17025,17025,2,2
2021-10-28 16:14:43,17025,17025,17025,2,2
2021-10-28 16:14:57,17023,17023,17023,2,-2
2021-10-28 16:15:00,17024,17024,17024,2,2
2021-10-28 16:15:00,17024,17024,17024,2,2
2021-10-28 16:15:00,17025,17025,17025,2,2
2021-10-28 16:15:00,17025,17025,17025,2,2
2021-10-28 16:15:01,17024,17024,17024,2,-2
2021-10-28 16:15:01,17025,17025,17025,2,2
2021-10-28 16:15:01,17025,17025,17025,2,2
2021-10-28 16:15:02,17025,17025,17025,2,2
2021-10-28 16:15:06,17024,17024,17024,2,-2
2021-10-28 16:15:19,17024,17024,17024,2,2
2021-10-28 16:15:24,17024,17024,17024,2,2
2021-10-28 16:15:24,17024,17024,17024,2,2
2021-10-28 16:15:24,17024,17024,17024,2,2
2021-10-28 16:15:24,17024,17024,17024,2,2
2021-10-28 16:15:24,17024,17024,17024,2,2
2021-10-28 16:15:24,17025,17025,17025,2,2
2021-10-28 16:15:24,17025,17025,17025,2,2
2021-10-28 16:15:24,17025,17025,17025,2,2
2021-10-28 16:15:24,17025,17025,17025,2,2
2021-10-28 16:15:49,17024,17024,17024,2,-2
2021-10-28 16:15:49,17024,17024,17024,2,2
2021-10-28 16:15:51,17024,17024,17024,2,2
2021-10-28 16:15:51,17024,17024,17024,2,2
2021-10-28 16:15:51,17024,17024,17024,2,2
2021-10-28 16:15:51,17023,17023,17023,2,-2
2021-10-28 16:15:51,17023,17023,17023,2,2
2021-10-28 16:15:51,17023,17023,17023,2,2
2021-10-28 16:15:51,17023,17023,17023,2,2
2021-10-28 16:15:51,17023,17023,17023,2,2
2021-10-28 16:15:51,17023,17023,17023,2,2
2021-10-28 16:15:51,17022,17022,17022,2,-2
2021-10-28 16:15:51,17023,17023,17023,2,2
2021-10-28 16:15:51,17023,17023,17023,2,2
2021-10-28 16:15:51,17023,17023,17023,2,2
2021-10-28 16:15:51,17023,17023,17023,2,2
2021-10-28 16:15:51,17023,17023,17023,2,2
2021-10-28 16:15:51,17024,17024,17024,2,2
2021-10-28 16:15:51,17024,17024,17024,2,2
2021-10-28 16:15:51,17024,17024,17024,2,2
2021-10-28 16:15:51,17024,17024,17024,2,2
2021-10-28 16:15:51,17024,17024,17024,2,2
2021-10-28 16:15:52,17024,17024,17024,2,2
2021-10-28 16:15:56,17024,17024,17024,2,2
2021-10-28 16:16:02,17024,17024,17024,2,2
2021-10-28 16:16:02,17025,17025,17025,2,2
2021-10-28 16:16:02,17025,17025,17025,2,2
2021-10-28 16:16:11,17022,17022,17022,4,-4
2021-10-28 16:16:11,17022,17022,17022,2,2
2021-10-28 16:16:11,17022,17022,17022,2,2
2021-10-28 16:16:11,17022,17022,17022,2,2
2021-10-28 16:16:11,17022,17022,17022,2,2
2021-10-28 16:16:11,17022,17022,17022,2,2
2021-10-28 16:16:11,17022,17022,17022,2,2
2021-10-28 16:16:12,17024,17024,17024,2,2
2021-10-28 16:16:18,17024,17024,17024,6,6
2021-10-28 16:16:32,17024,17024,17024,2,2
2021-10-28 16:16:32,17024,17024,17024,2,2
2021-10-28 16:16:36,17024,17024,17024,2,2
2021-10-28 16:16:37,17024,17024,17024,2,2
2021-10-28 16:16:40,17024,17024,17024,2,2
2021-10-28 16:16:40,17024,17024,17024,2,2
2021-10-28 16:16:40,17024,17024,17024,2,2
2021-10-28 16:16:40,17024,17024,17024,2,2
2021-10-28 16:16:43,17024,17024,17024,2,2
2021-10-28 16:16:49,17025,17025,17025,2,2
2021-10-28 16:16:57,17025,17025,17025,2,2
2021-10-28 16:16:58,17025,17025,17025,22,22
2021-10-28 16:17:12,17025,17025,17025,2,2
2021-10-28 16:17:12,17025,17025,17025,2,2
2021-10-28 16:17:12,17025,17025,17025,2,2
2021-10-28 16:17:13,17026,17026,17026,2,2
2021-10-28 16:17:13,17026,17026,17026,2,2
2021-10-28 16:17:17,17026,17026,17026,2,2
2021-10-28 16:17:19,17027,17027,17027,2,2
2021-10-28 16:17:19,17027,17027,17027,4,4
2021-10-28 16:17:19,17027,17027,17027,2,2
2021-10-28 16:17:20,17027,17027,17027,2,2
2021-10-28 16:17:20,17027,17027,17027,2,2
2021-10-28 16:17:23,17027,17027,17027,2,2
2021-10-28 16:17:39,17027,17027,17027,2,2
2021-10-28 16:18:08,17027,17027,17027,2,2
2021-10-28 16:18:16,17027,17027,17027,2,2
2021-10-28 16:18:16,17027,17027,17027,2,2
2021-10-28 16:18:16,17027,17027,17027,2,2
2021-10-28 16:18:41,17027,17027,17027,2,2
2021-10-28 16:18:43,17027,17027,17027,2,2
2021-10-28 16:19:03,17027,17027,17027,2,2
2021-10-28 16:19:05,17027,17027,17027,2,2
2021-10-28 16:19:13,17028,17028,17028,2,2
2021-10-28 16:19:13,17028,17028,17028,2,2
2021-10-28 16:19:13,17028,17028,17028,6,6
2021-10-28 16:19:13,17028,17028,17028,2,2
2021-10-28 16:19:13,17028,17028,17028,2,2
2021-10-28 16:19:13,17028,17028,17028,2,2
2021-10-28 16:19:29,17029,17029,17029,8,8
2021-10-28 16:19:49,17029,17029,17029,2,2
2021-10-28 16:19:56,17029,17029,17029,2,2
2021-10-28 16:20:01,17028,17028,17028,2,-2
2021-10-28 16:20:01,17028,17028,17028,8,8
2021-10-28 16:20:01,17028,17028,17028,2,2
2021-10-28 16:20:01,17028,17028,17028,2,2
2021-10-28 16:20:01,17028,17028,17028,2,2
2021-10-28 16:20:02,17029,17029,17029,2,2
2021-10-28 16:20:08,17027,17027,17027,2,-2
2021-10-28 16:20:08,17027,17027,17027,2,2
2021-10-28 16:20:08,17027,17027,17027,2,2
2021-10-28 16:20:08,17027,17027,17027,2,2
2021-10-28 16:20:08,17026,17026,17026,2,-2
2021-10-28 16:20:08,17026,17026,17026,2,2
2021-10-28 16:20:08,17026,17026,17026,6,6
2021-10-28 16:20:08,17026,17026,17026,4,4
2021-10-28 16:20:08,17026,17026,17026,2,2
2021-10-28 16:20:08,17026,17026,17026,4,4
2021-10-28 16:20:40,17025,17025,17025,4,-4
2021-10-28 16:20:40,17025,17025,17025,2,2
2021-10-28 16:20:40,17025,17025,17025,2,2
2021-10-28 16:20:46,17026,17026,17026,2,2
2021-10-28 16:20:46,17026,17026,17026,2,2
2021-10-28 16:20:46,17026,17026,17026,2,2
2021-10-28 16:20:46,17026,17026,17026,2,2
2021-10-28 16:20:46,17026,17026,17026,2,2
2021-10-28 16:20:53,17026,17026,17026,2,2
2021-10-28 16:20:55,17026,17026,17026,2,2
2021-10-28 16:23:13,17025,17025,17025,2,-2
2021-10-28 16:23:26,17025,17025,17025,2,2
2021-10-28 16:23:28,17026,17026,17026,2,2
2021-10-28 16:23:44,17026,17026,17026,2,2
2021-10-28 16:23:52,17027,17027,17027,10,10
2021-10-28 16:24:02,17027,17027,17027,2,2
2021-10-28 16:24:02,17027,17027,17027,2,2
2021-10-28 16:24:04,17027,17027,17027,2,2
2021-10-28 16:24:32,17027,17027,17027,2,2
2021-10-28 16:24:56,17028,17028,17028,2,2
2021-10-28 16:24:56,17028,17028,17028,4,4
2021-10-28 16:25:03,17028,17028,17028,2,2
2021-10-28 16:25:03,17027,17027,17027,2,-2
2021-10-28 16:25:03,17027,17027,17027,2,2
2021-10-28 16:25:04,17027,17027,17027,2,2
2021-10-28 16:25:50,17027,17027,17027,2,2
2021-10-28 16:25:50,17027,17027,17027,2,2
2021-10-28 16:26:13,17026,17026,17026,2,-2
2021-10-28 16:26:27,17027,17027,17027,2,2
2021-10-28 16:26:49,17027,17027,17027,2,2
2021-10-28 16:27:31,17025,17025,17025,2,-2
2021-10-28 16:27:31,17025,17025,17025,2,2
2021-10-28 16:27:53,17026,17026,17026,2,2
2021-10-28 16:27:57,17028,17028,17028,2,2
2021-10-28 16:27:57,17028,17028,17028,2,2
2021-10-28 16:27:57,17028,17028,17028,2,2
2021-10-28 16:27:57,17028,17028,17028,2,2
2021-10-28 16:28:17,17028,17028,17028,8,8
2021-10-28 16:29:31,17026,17026,17026,2,-2
2021-10-28 16:29:49,17026,17026,17026,2,2
2021-10-28 16:29:49,17026,17026,17026,2,2
2021-10-28 16:29:57,17027,17027,17027,2,2
2021-10-28 16:30:30,17028,17028,17028,2,2
2021-10-28 16:30:30,17028,17028,17028,2,2
2021-10-28 16:30:31,17027,17027,17027,2,-2
2021-10-28 16:30:34,17028,17028,17028,2,2
2021-10-28 16:30:39,17027,17027,17027,2,-2
2021-10-28 16:30:39,17027,17027,17027,2,2
2021-10-28 16:30:39,17026,17026,17026,2,-2
2021-10-28 16:30:44,17025,17025,17025,2,-2
2021-10-28 16:31:17,17027,17027,17027,2,2
2021-10-28 16:31:38,17027,17027,17027,2,2
2021-10-28 16:31:48,17027,17027,17027,2,2
2021-10-28 16:32:03,17028,17028,17028,4,4
2021-10-28 16:32:20,17029,17029,17029,4,4
2021-10-28 16:32:36,17029,17029,17029,8,8
2021-10-28 16:33:10,17029,17029,17029,2,2
2021-10-28 16:33:16,17029,17029,17029,2,2
2021-10-28 16:33:25,17029,17029,17029,2,2
2021-10-28 16:33:27,17030,17030,17030,4,4
2021-10-28 16:33:32,17030,17030,17030,2,2
2021-10-28 16:33:32,17030,17030,17030,4,4
2021-10-28 16:33:32,17030,17030,17030,2,2
2021-10-28 16:33:32,17030,17030,17030,12,12
2021-10-28 16:33:32,17030,17030,17030,2,2
2021-10-28 16:33:32,17030,17030,17030,2,2
2021-10-28 16:33:32,17030,17030,17030,4,4
2021-10-28 16:33:32,17030,17030,17030,4,4
2021-10-28 16:33:32,17030,17030,17030,2,2
2021-10-28 16:33:34,17030,17030,17030,2,2
2021-10-28 16:33:34,17030,17030,17030,2,2
2021-10-28 16:33:34,17030,17030,17030,2,2
2021-10-28 16:33:49,17030,17030,17030,4,4
2021-10-28 16:33:59,17030,17030,17030,2,2
2021-10-28 16:34:01,17029,17029,17029,2,-2
2021-10-28 16:34:01,17029,17029,17029,4,4
2021-10-28 16:34:01,17029,17029,17029,2,2
2021-10-28 16:34:01,17029,17029,17029,2,2
2021-10-28 16:34:01,17029,17029,17029,2,2
2021-10-28 16:34:02,17028,17028,17028,2,-2
2021-10-28 16:34:02,17028,17028,17028,2,2
2021-10-28 16:34:02,17028,17028,17028,2,2
2021-10-28 16:34:02,17028,17028,17028,2,2
2021-10-28 16:34:02,17028,17028,17028,2,2
2021-10-28 16:34:15,17028,17028,17028,2,2
2021-10-28 16:34:36,17028,17028,17028,2,2
2021-10-28 16:34:36,17029,17029,17029,2,2
2021-10-28 16:34:51,17028,17028,17028,2,-2
2021-10-28 16:34:52,17028,17028,17028,2,2
2021-10-28 16:34:54,17028,17028,17028,2,2
2021-10-28 16:35:02,17029,17029,17029,2,2
2021-10-28 16:35:04,17029,17029,17029,6,6
2021-10-28 16:35:04,17030,17030,17030,20,20
2021-10-28 16:35:04,17030,17030,17030,4,4
2021-10-28 16:35:37,17030,17030,17030,2,2
2021-10-28 16:36:19,17029,17029,17029,2,-2
2021-10-28 16:36:21,17029,17029,17029,2,2
2021-10-28 16:37:13,17030,17030,17030,6,6
2021-10-28 16:37:14,17030,17030,17030,2,2
2021-10-28 16:37:27,17030,17030,17030,2,2
2021-10-28 16:37:39,17030,17030,17030,2,2
2021-10-28 16:37:48,17030,17030,17030,2,2
2021-10-28 16:38:15,17031,17031,17031,4,4
2021-10-28 16:38:18,17030,17030,17030,2,-2
2021-10-28 16:38:20,17030,17030,17030,2,2
2021-10-28 16:38:22,17031,17031,17031,2,2
2021-10-28 16:38:32,17031,17031,17031,10,10
2021-10-28 16:38:33,17030,17030,17030,2,-2
2021-10-28 16:38:49,17030,17030,17030,2,2
2021-10-28 16:39:10,17030,17030,17030,2,2
2021-10-28 16:39:21,17031,17031,17031,2,2
2021-10-28 16:39:49,17032,17032,17032,8,8
2021-10-28 16:39:49,17032,17032,17032,2,2
2021-10-28 16:40:00,17032,17032,17032,10,10
2021-10-28 16:40:02,17032,17032,17032,2,2
2021-10-28 16:40:03,17032,17032,17032,4,4
2021-10-28 16:40:15,17031,17031,17031,8,-8
2021-10-28 16:40:15,17031,17031,17031,2,2
2021-10-28 16:40:15,17032,17032,17032,2,2
2021-10-28 16:40:18,17030,17030,17030,2,-2
2021-10-28 16:40:20,17030,17030,17030,2,2
2021-10-28 16:40:20,17030,17030,17030,2,2
2021-10-28 16:40:26,17030,17030,17030,2,2
2021-10-28 16:40:26,17030,17030,17030,2,2
2021-10-28 16:40:26,17030,17030,17030,2,2
2021-10-28 16:40:34,17030,17030,17030,2,2
2021-10-28 16:41:10,17031,17031,17031,4,4
2021-10-28 16:41:29,17031,17031,17031,2,2
2021-10-28 16:41:59,17032,17032,17032,4,4
2021-10-28 16:41:59,17032,17032,17032,4,4
2021-10-28 16:41:59,17032,17032,17032,2,2
2021-10-28 16:41:59,17032,17032,17032,2,2
2021-10-28 16:41:59,17032,17032,17032,6,6
2021-10-28 16:42:24,17032,17032,17032,2,2
2021-10-28 16:42:24,17032,17032,17032,2,2
2021-10-28 16:42:24,17032,17032,17032,2,2
2021-10-28 16:42:24,17032,17032,17032,2,2
2021-10-28 16:42:24,17032,17032,17032,2,2
2021-10-28 16:42:49,17033,17033,17033,14,14
2021-10-28 16:42:49,17034,17034,17034,2,2
2021-10-28 16:42:54,17034,17034,17034,2,2
2021-10-28 16:42:54,17034,17034,17034,6,6
2021-10-28 16:42:54,17034,17034,17034,6,6
2021-10-28 16:42:54,17034,17034,17034,12,12
2021-10-28 16:42:54,17034,17034,17034,2,2
2021-10-28 16:42:54,17034,17034,17034,2,2
2021-10-28 16:42:54,17034,17034,17034,2,2
2021-10-28 16:42:54,17034,17034,17034,2,2
2021-10-28 16:42:54,17034,17034,17034,2,2
2021-10-28 16:42:54,17034,17034,17034,18,18
2021-10-28 16:42:55,17035,17035,17035,2,2
2021-10-28 16:42:55,17035,17035,17035,4,4
2021-10-28 16:42:55,17035,17035,17035,4,4
2021-10-28 16:42:57,17035,17035,17035,2,2
2021-10-28 16:42:57,17035,17035,17035,4,4
2021-10-28 16:42:58,17035,17035,17035,4,4
2021-10-28 16:43:07,17036,17036,17036,8,8
2021-10-28 16:43:08,17036,17036,17036,2,2
2021-10-28 16:43:10,17036,17036,17036,2,2
2021-10-28 16:43:28,17036,17036,17036,4,4
2021-10-28 16:43:31,17036,17036,17036,4,4
2021-10-28 16:43:40,17036,17036,17036,2,2
2021-10-28 16:43:44,17036,17036,17036,2,2
2021-10-28 16:43:54,17035,17035,17035,2,-2
2021-10-28 16:43:54,17035,17035,17035,2,2
2021-10-28 16:43:54,17035,17035,17035,2,2
2021-10-28 16:43:54,17035,17035,17035,2,2
2021-10-28 16:43:54,17035,17035,17035,2,2
2021-10-28 16:43:54,17035,17035,17035,2,2
2021-10-28 16:43:54,17035,17035,17035,4,4
2021-10-28 16:44:13,17035,17035,17035,2,2
2021-10-28 16:44:13,17034,17034,17034,2,-2
2021-10-28 16:44:25,17035,17035,17035,2,2
2021-10-28 16:44:27,17035,17035,17035,2,2
2021-10-28 16:44:28,17035,17035,17035,2,2
2021-10-28 16:44:36,17034,17034,17034,2,-2
2021-10-28 16:45:02,17034,17034,17034,2,2
2021-10-28 16:45:02,17034,17034,17034,2,2
2021-10-28 16:45:03,17035,17035,17035,2,2
2021-10-28 16:45:03,17035,17035,17035,4,4
2021-10-28 16:45:18,17035,17035,17035,2,2
2021-10-28 16:45:21,17035,17035,17035,2,2
2021-10-28 16:45:27,17033,17033,17033,2,-2
2021-10-28 16:45:27,17033,17033,17033,2,2
2021-10-28 16:45:31,17033,17033,17033,2,2
2021-10-28 16:45:31,17033,17033,17033,2,2
2021-10-28 16:45:31,17033,17033,17033,2,2
2021-10-28 16:45:31,17033,17033,17033,2,2
2021-10-28 16:45:41,17033,17033,17033,2,2
2021-10-28 16:45:42,17033,17033,17033,2,2
2021-10-28 16:45:50,17034,17034,17034,2,2
2021-10-28 16:45:52,17033,17033,17033,2,-2
2021-10-28 16:46:01,17033,17033,17033,2,2
2021-10-28 16:46:06,17033,17033,17033,2,2
2021-10-28 16:46:08,17032,17032,17032,2,-2
2021-10-28 16:46:08,17032,17032,17032,2,2
2021-10-28 16:46:54,17032,17032,17032,2,2
2021-10-28 16:46:54,17032,17032,17032,4,4
2021-10-28 16:46:54,17032,17032,17032,4,4
2021-10-28 16:46:54,17032,17032,17032,8,8
2021-10-28 16:47:04,17032,17032,17032,2,2
2021-10-28 16:47:04,17032,17032,17032,2,2
2021-10-28 16:47:04,17033,17033,17033,2,2
2021-10-28 16:47:22,17033,17033,17033,2,2
2021-10-28 16:47:23,17033,17033,17033,2,2
2021-10-28 16:48:27,17032,17032,17032,4,-4
2021-10-28 16:48:27,17034,17034,17034,4,4
2021-10-28 16:48:28,17034,17034,17034,2,2
2021-10-28 16:48:36,17033,17033,17033,2,-2
2021-10-28 16:48:39,17033,17033,17033,2,2
2021-10-28 16:48:46,17033,17033,17033,2,2
2021-10-28 16:49:05,17033,17033,17033,2,2
2021-10-28 16:49:14,17033,17033,17033,4,4
2021-10-28 16:49:25,17032,17032,17032,2,-2
2021-10-28 16:49:25,17032,17032,17032,2,2
2021-10-28 16:49:27,17031,17031,17031,2,-2
2021-10-28 16:49:27,17031,17031,17031,12,12
2021-10-28 16:49:27,17031,17031,17031,2,2
2021-10-28 16:49:27,17031,17031,17031,2,2
2021-10-28 16:49:27,17031,17031,17031,2,2
2021-10-28 16:49:27,17031,17031,17031,2,2
2021-10-28 16:49:52,17033,17033,17033,2,2
2021-10-28 16:49:52,17033,17033,17033,2,2
2021-10-28 16:49:53,17033,17033,17033,2,2
2021-10-28 16:49:53,17033,17033,17033,2,2
2021-10-28 16:50:08,17034,17034,17034,14,14
2021-10-28 16:50:37,17034,17034,17034,2,2
2021-10-28 16:51:49,17033,17033,17033,2,-2
2021-10-28 16:51:49,17034,17034,17034,4,4
2021-10-28 16:51:49,17033,17033,17033,2,-2
2021-10-28 16:52:13,17033,17033,17033,2,2
2021-10-28 16:52:14,17034,17034,17034,4,4
2021-10-28 16:52:26,17033,17033,17033,2,-2
2021-10-28 16:52:27,17034,17034,17034,2,2
2021-10-28 16:52:33,17032,17032,17032,2,-2
2021-10-28 16:52:57,17033,17033,17033,2,2
2021-10-28 16:53:07,17032,17032,17032,2,-2
2021-10-28 16:53:21,17032,17032,17032,2,2
2021-10-28 16:53:55,17033,17033,17033,2,2
2021-10-28 16:54:26,17033,17033,17033,2,2
2021-10-28 16:54:42,17034,17034,17034,10,10
2021-10-28 16:54:42,17034,17034,17034,4,4
2021-10-28 16:54:42,17034,17034,17034,2,2
2021-10-28 16:54:45,17034,17034,17034,2,2
2021-10-28 16:54:48,17034,17034,17034,2,2
2021-10-28 16:55:10,17034,17034,17034,2,2
2021-10-28 16:55:10,17035,17035,17035,4,4
2021-10-28 16:55:14,17035,17035,17035,4,4
2021-10-28 16:55:36,17034,17034,17034,2,-2
2021-10-28 16:55:40,17035,17035,17035,4,4
2021-10-28 16:55:48,17034,17034,17034,2,-2
2021-10-28 16:55:48,17034,17034,17034,6,6
2021-10-28 16:55:48,17034,17034,17034,2,2
2021-10-28 16:55:48,17034,17034,17034,2,2
2021-10-28 16:55:48,17034,17034,17034,4,4
2021-10-28 16:55:57,17034,17034,17034,2,2
2021-10-28 16:57:11,17034,17034,17034,8,8
2021-10-28 16:57:11,17035,17035,17035,2,2
2021-10-28 16:57:15,17034,17034,17034,2,-2
2021-10-28 16:57:16,17034,17034,17034,2,2
2021-10-28 16:57:18,17033,17033,17033,2,-2
2021-10-28 16:57:18,17033,17033,17033,2,2
2021-10-28 16:57:18,17033,17033,17033,2,2
2021-10-28 16:57:18,17033,17033,17033,2,2
2021-10-28 16:57:52,17032,17032,17032,2,-2
2021-10-28 16:57:52,17032,17032,17032,2,2
2021-10-28 16:58:03,17032,17032,17032,2,2
2021-10-28 16:58:17,17032,17032,17032,2,2
2021-10-28 16:58:18,17033,17033,17033,2,2
2021-10-28 16:58:21,17032,17032,17032,2,-2
2021-10-28 16:58:21,17032,17032,17032,6,6
2021-10-28 17:00:04,17032,17032,17032,2,2
2021-10-28 17:00:04,17032,17032,17032,4,4
2021-10-28 17:00:04,17033,17033,17033,2,2
2021-10-28 17:00:04,17033,17033,17033,2,2
2021-10-28 17:00:04,17032,17032,17032,2,-2
2021-10-28 17:00:04,17032,17032,17032,2,2
2021-10-28 17:00:05,17032,17032,17032,2,2
2021-10-28 17:00:21,17033,17033,17033,2,2
2021-10-28 17:00:21,17034,17034,17034,4,4
2021-10-28 17:01:31,17033,17033,17033,2,-2
2021-10-28 17:01:31,17033,17033,17033,2,2
2021-10-28 17:01:31,17033,17033,17033,4,4
2021-10-28 17:01:31,17033,17033,17033,4,4
2021-10-28 17:01:40,17034,17034,17034,2,2
2021-10-28 17:02:12,17033,17033,17033,6,-6
2021-10-28 17:02:12,17034,17034,17034,4,4
2021-10-28 17:03:02,17033,17033,17033,2,-2
2021-10-28 17:03:03,17032,17032,17032,2,-2
2021-10-28 17:03:03,17032,17032,17032,2,2
2021-10-28 17:03:06,17034,17034,17034,2,2
2021-10-28 17:03:43,17034,17034,17034,4,4
2021-10-28 17:03:57,17033,17033,17033,2,-2
2021-10-28 17:04:54,17033,17033,17033,4,4
2021-10-28 17:04:54,17033,17033,17033,6,6
2021-10-28 17:04:54,17033,17033,17033,8,8
2021-10-28 17:05:34,17033,17033,17033,2,2
2021-10-28 17:05:34,17033,17033,17033,2,2
2021-10-28 17:05:35,17034,17034,17034,16,16
