2021-06-24 15:00:00,17352,17352,17352,156,156
2021-06-24 15:00:00,17351,17351,17351,4,-4
2021-06-24 15:00:00,17351,17351,17351,2,2
2021-06-24 15:00:00,17350,17350,17350,4,-4
2021-06-24 15:00:00,17352,17352,17352,4,4
2021-06-24 15:00:00,17352,17352,17352,4,4
2021-06-24 15:00:00,17352,17352,17352,22,22
2021-06-24 15:00:00,17348,17348,17348,2,-2
2021-06-24 15:00:00,17348,17348,17348,2,2
2021-06-24 15:00:00,17351,17351,17351,2,2
2021-06-24 15:00:00,17353,17353,17353,2,2
2021-06-24 15:00:00,17353,17353,17353,4,4
2021-06-24 15:00:00,17353,17353,17353,4,4
2021-06-24 15:00:00,17353,17353,17353,6,6
2021-06-24 15:00:00,17353,17353,17353,6,6
2021-06-24 15:00:00,17353,17353,17353,4,4
2021-06-24 15:00:00,17350,17350,17350,2,-2
2021-06-24 15:00:00,17353,17353,17353,6,6
2021-06-24 15:00:00,17353,17353,17353,2,2
2021-06-24 15:00:00,17353,17353,17353,2,2
2021-06-24 15:00:00,17353,17353,17353,2,2
2021-06-24 15:00:00,17347,17347,17347,2,-2
2021-06-24 15:00:00,17351,17351,17351,2,2
2021-06-24 15:00:00,17352,17352,17352,2,2
2021-06-24 15:00:00,17347,17347,17347,2,-2
2021-06-24 15:00:00,17350,17350,17350,2,2
2021-06-24 15:00:01,17351,17351,17351,2,2
2021-06-24 15:00:01,17351,17351,17351,4,4
2021-06-24 15:00:01,17351,17351,17351,2,2
2021-06-24 15:00:01,17352,17352,17352,2,2
2021-06-24 15:00:01,17352,17352,17352,2,2
2021-06-24 15:00:01,17352,17352,17352,2,2
2021-06-24 15:00:01,17353,17353,17353,2,2
2021-06-24 15:00:01,17350,17350,17350,2,-2
2021-06-24 15:00:01,17351,17351,17351,2,2
2021-06-24 15:00:02,17351,17351,17351,2,2
2021-06-24 15:00:02,17352,17352,17352,6,6
2021-06-24 15:00:02,17353,17353,17353,2,2
2021-06-24 15:00:02,17352,17352,17352,2,-2
2021-06-24 15:00:02,17353,17353,17353,2,2
2021-06-24 15:00:02,17352,17352,17352,2,-2
2021-06-24 15:00:02,17349,17349,17349,2,-2
2021-06-24 15:00:02,17349,17349,17349,2,2
2021-06-24 15:00:02,17352,17352,17352,4,4
2021-06-24 15:00:02,17349,17349,17349,2,-2
2021-06-24 15:00:03,17348,17348,17348,2,-2
2021-06-24 15:00:03,17348,17348,17348,2,2
2021-06-24 15:00:03,17350,17350,17350,2,2
2021-06-24 15:00:03,17350,17350,17350,2,2
2021-06-24 15:00:03,17351,17351,17351,2,2
2021-06-24 15:00:04,17351,17351,17351,4,4
2021-06-24 15:00:04,17352,17352,17352,4,4
2021-06-24 15:00:04,17353,17353,17353,2,2
2021-06-24 15:00:04,17353,17353,17353,4,4
2021-06-24 15:00:04,17354,17354,17354,6,6
2021-06-24 15:00:04,17354,17354,17354,10,10
2021-06-24 15:00:04,17348,17348,17348,2,-2
2021-06-24 15:00:04,17350,17350,17350,4,4
2021-06-24 15:00:05,17351,17351,17351,2,2
2021-06-24 15:00:07,17349,17349,17349,2,-2
2021-06-24 15:00:07,17349,17349,17349,2,2
2021-06-24 15:00:07,17349,17349,17349,2,2
2021-06-24 15:00:08,17350,17350,17350,4,4
2021-06-24 15:00:08,17350,17350,17350,6,6
2021-06-24 15:00:09,17348,17348,17348,2,-2
2021-06-24 15:00:09,17348,17348,17348,2,2
2021-06-24 15:00:09,17350,17350,17350,2,2
2021-06-24 15:00:09,17351,17351,17351,22,22
2021-06-24 15:00:09,17352,17352,17352,4,4
2021-06-24 15:00:09,17353,17353,17353,2,2
2021-06-24 15:00:09,17350,17350,17350,2,-2
2021-06-24 15:00:09,17349,17349,17349,2,-2
2021-06-24 15:00:09,17349,17349,17349,2,2
2021-06-24 15:00:09,17351,17351,17351,4,4
2021-06-24 15:00:10,17351,17351,17351,20,20
2021-06-24 15:00:10,17351,17351,17351,2,2
2021-06-24 15:00:11,17352,17352,17352,4,4
2021-06-24 15:00:12,17350,17350,17350,2,-2
2021-06-24 15:00:13,17350,17350,17350,2,2
2021-06-24 15:00:13,17349,17349,17349,2,-2
2021-06-24 15:00:13,17350,17350,17350,2,2
2021-06-24 15:00:14,17348,17348,17348,2,-2
2021-06-24 15:00:14,17348,17348,17348,8,8
2021-06-24 15:00:14,17348,17348,17348,2,2
2021-06-24 15:00:14,17349,17349,17349,2,2
2021-06-24 15:00:14,17347,17347,17347,2,-2
2021-06-24 15:00:15,17350,17350,17350,2,2
2021-06-24 15:00:15,17350,17350,17350,2,2
2021-06-24 15:00:16,17350,17350,17350,2,2
2021-06-24 15:00:17,17349,17349,17349,4,-4
2021-06-24 15:00:19,17348,17348,17348,2,-2
2021-06-24 15:00:19,17349,17349,17349,2,2
2021-06-24 15:00:22,17349,17349,17349,2,2
2021-06-24 15:00:22,17349,17349,17349,2,2
2021-06-24 15:00:22,17348,17348,17348,2,-2
2021-06-24 15:00:23,17349,17349,17349,2,2
2021-06-24 15:00:24,17350,17350,17350,2,2
2021-06-24 15:00:24,17349,17349,17349,2,-2
2021-06-24 15:00:24,17349,17349,17349,2,2
2021-06-24 15:00:25,17349,17349,17349,2,2
2021-06-24 15:00:25,17349,17349,17349,2,2
2021-06-24 15:00:26,17349,17349,17349,2,2
2021-06-24 15:00:29,17349,17349,17349,4,4
2021-06-24 15:00:29,17349,17349,17349,2,2
2021-06-24 15:00:29,17349,17349,17349,2,2
2021-06-24 15:00:30,17349,17349,17349,4,4
2021-06-24 15:00:30,17349,17349,17349,4,4
2021-06-24 15:00:30,17348,17348,17348,2,-2
2021-06-24 15:00:30,17349,17349,17349,2,2
2021-06-24 15:00:30,17350,17350,17350,2,2
2021-06-24 15:00:31,17349,17349,17349,2,-2
2021-06-24 15:00:31,17349,17349,17349,2,2
2021-06-24 15:00:32,17350,17350,17350,2,2
2021-06-24 15:00:32,17349,17349,17349,2,-2
2021-06-24 15:00:32,17349,17349,17349,2,2
2021-06-24 15:00:33,17349,17349,17349,2,2
2021-06-24 15:00:34,17349,17349,17349,2,2
2021-06-24 15:00:35,17348,17348,17348,2,-2
2021-06-24 15:00:35,17348,17348,17348,2,2
2021-06-24 15:00:35,17348,17348,17348,2,2
2021-06-24 15:00:35,17347,17347,17347,2,-2
2021-06-24 15:00:35,17347,17347,17347,2,2
2021-06-24 15:00:35,17347,17347,17347,2,2
2021-06-24 15:00:35,17347,17347,17347,2,2
2021-06-24 15:00:35,17347,17347,17347,2,2
2021-06-24 15:00:35,17347,17347,17347,2,2
2021-06-24 15:00:35,17347,17347,17347,2,2
2021-06-24 15:00:35,17347,17347,17347,2,2
2021-06-24 15:00:36,17347,17347,17347,8,8
2021-06-24 15:00:36,17347,17347,17347,16,16
2021-06-24 15:00:36,17347,17347,17347,2,2
2021-06-24 15:00:36,17347,17347,17347,6,6
2021-06-24 15:00:36,17347,17347,17347,2,2
2021-06-24 15:00:36,17347,17347,17347,2,2
2021-06-24 15:00:36,17347,17347,17347,2,2
2021-06-24 15:00:36,17348,17348,17348,4,4
2021-06-24 15:00:37,17346,17346,17346,2,-2
2021-06-24 15:00:37,17346,17346,17346,2,2
2021-06-24 15:00:38,17346,17346,17346,2,2
2021-06-24 15:00:38,17347,17347,17347,2,2
2021-06-24 15:00:38,17346,17346,17346,2,-2
2021-06-24 15:00:38,17346,17346,17346,2,2
2021-06-24 15:00:39,17347,17347,17347,2,2
2021-06-24 15:00:39,17347,17347,17347,2,2
2021-06-24 15:00:39,17347,17347,17347,2,2
2021-06-24 15:00:39,17347,17347,17347,2,2
2021-06-24 15:00:41,17347,17347,17347,2,2
2021-06-24 15:00:41,17347,17347,17347,2,2
2021-06-24 15:00:41,17348,17348,17348,2,2
2021-06-24 15:00:43,17348,17348,17348,2,2
2021-06-24 15:00:43,17348,17348,17348,4,4
2021-06-24 15:00:43,17349,17349,17349,8,8
2021-06-24 15:00:43,17350,17350,17350,2,2
2021-06-24 15:00:44,17348,17348,17348,2,-2
2021-06-24 15:00:44,17348,17348,17348,2,2
2021-06-24 15:00:45,17348,17348,17348,2,2
2021-06-24 15:00:47,17348,17348,17348,2,2
2021-06-24 15:00:47,17349,17349,17349,2,2
2021-06-24 15:00:47,17349,17349,17349,2,2
2021-06-24 15:00:48,17349,17349,17349,2,2
2021-06-24 15:00:48,17349,17349,17349,2,2
2021-06-24 15:00:52,17350,17350,17350,2,2
2021-06-24 15:00:53,17349,17349,17349,2,-2
2021-06-24 15:00:54,17349,17349,17349,2,2
2021-06-24 15:00:55,17349,17349,17349,2,2
2021-06-24 15:00:55,17349,17349,17349,2,2
2021-06-24 15:00:56,17349,17349,17349,2,2
2021-06-24 15:00:56,17348,17348,17348,2,-2
2021-06-24 15:00:56,17348,17348,17348,2,2
2021-06-24 15:00:56,17348,17348,17348,2,2
2021-06-24 15:00:56,17348,17348,17348,4,4
2021-06-24 15:00:56,17348,17348,17348,2,2
2021-06-24 15:00:56,17348,17348,17348,2,2
2021-06-24 15:00:56,17348,17348,17348,4,4
2021-06-24 15:00:56,17348,17348,17348,2,2
2021-06-24 15:00:56,17348,17348,17348,2,2
2021-06-24 15:00:57,17348,17348,17348,2,2
2021-06-24 15:00:58,17349,17349,17349,2,2
2021-06-24 15:00:58,17348,17348,17348,2,-2
2021-06-24 15:00:59,17348,17348,17348,2,2
2021-06-24 15:00:59,17348,17348,17348,2,2
2021-06-24 15:00:59,17349,17349,17349,2,2
2021-06-24 15:01:00,17349,17349,17349,4,4
2021-06-24 15:01:00,17349,17349,17349,2,2
2021-06-24 15:01:00,17349,17349,17349,4,4
2021-06-24 15:01:00,17349,17349,17349,2,2
2021-06-24 15:01:00,17349,17349,17349,4,4
2021-06-24 15:01:00,17349,17349,17349,2,2
2021-06-24 15:01:00,17349,17349,17349,2,2
2021-06-24 15:01:00,17349,17349,17349,2,2
2021-06-24 15:01:00,17349,17349,17349,2,2
2021-06-24 15:01:00,17349,17349,17349,2,2
2021-06-24 15:01:00,17349,17349,17349,2,2
2021-06-24 15:01:00,17349,17349,17349,2,2
2021-06-24 15:01:00,17349,17349,17349,4,4
2021-06-24 15:01:00,17349,17349,17349,2,2
2021-06-24 15:01:00,17349,17349,17349,2,2
2021-06-24 15:01:00,17349,17349,17349,2,2
2021-06-24 15:01:00,17349,17349,17349,2,2
2021-06-24 15:01:00,17349,17349,17349,2,2
2021-06-24 15:01:00,17349,17349,17349,16,16
2021-06-24 15:01:00,17350,17350,17350,2,2
2021-06-24 15:01:00,17350,17350,17350,2,2
2021-06-24 15:01:00,17350,17350,17350,2,2
2021-06-24 15:01:00,17350,17350,17350,2,2
2021-06-24 15:01:00,17350,17350,17350,2,2
2021-06-24 15:01:00,17350,17350,17350,4,4
2021-06-24 15:01:00,17350,17350,17350,4,4
2021-06-24 15:01:00,17350,17350,17350,10,10
2021-06-24 15:01:00,17351,17351,17351,4,4
2021-06-24 15:01:00,17350,17350,17350,2,-2
2021-06-24 15:01:01,17350,17350,17350,2,2
2021-06-24 15:01:01,17351,17351,17351,2,2
2021-06-24 15:01:01,17350,17350,17350,2,-2
2021-06-24 15:01:01,17349,17349,17349,2,-2
2021-06-24 15:01:01,17351,17351,17351,4,4
2021-06-24 15:01:02,17350,17350,17350,2,-2
2021-06-24 15:01:03,17349,17349,17349,2,-2
2021-06-24 15:01:04,17349,17349,17349,2,2
2021-06-24 15:01:07,17349,17349,17349,2,2
2021-06-24 15:01:08,17348,17348,17348,2,-2
2021-06-24 15:01:08,17348,17348,17348,14,14
2021-06-24 15:01:08,17348,17348,17348,2,2
2021-06-24 15:01:08,17348,17348,17348,2,2
2021-06-24 15:01:08,17348,17348,17348,2,2
2021-06-24 15:01:08,17348,17348,17348,2,2
2021-06-24 15:01:09,17349,17349,17349,2,2
2021-06-24 15:01:11,17349,17349,17349,2,2
2021-06-24 15:01:20,17349,17349,17349,2,2
2021-06-24 15:01:21,17350,17350,17350,2,2
2021-06-24 15:01:21,17350,17350,17350,16,16
2021-06-24 15:01:21,17351,17351,17351,6,6
2021-06-24 15:01:21,17351,17351,17351,10,10
2021-06-24 15:01:25,17352,17352,17352,2,2
2021-06-24 15:01:27,17351,17351,17351,2,-2
2021-06-24 15:01:31,17351,17351,17351,2,2
2021-06-24 15:01:31,17352,17352,17352,2,2
2021-06-24 15:01:37,17351,17351,17351,2,-2
2021-06-24 15:01:37,17351,17351,17351,4,4
2021-06-24 15:01:37,17351,17351,17351,2,2
2021-06-24 15:01:39,17349,17349,17349,2,-2
2021-06-24 15:01:39,17349,17349,17349,2,2
2021-06-24 15:01:39,17349,17349,17349,2,2
2021-06-24 15:01:40,17348,17348,17348,2,-2
2021-06-24 15:01:40,17348,17348,17348,2,2
2021-06-24 15:01:40,17348,17348,17348,2,2
2021-06-24 15:01:40,17348,17348,17348,2,2
2021-06-24 15:01:40,17348,17348,17348,2,2
2021-06-24 15:01:40,17348,17348,17348,8,8
2021-06-24 15:01:42,17349,17349,17349,6,6
2021-06-24 15:01:44,17348,17348,17348,2,-2
2021-06-24 15:01:44,17348,17348,17348,2,2
2021-06-24 15:01:45,17348,17348,17348,2,2
2021-06-24 15:01:46,17347,17347,17347,2,-2
2021-06-24 15:01:46,17347,17347,17347,2,2
2021-06-24 15:01:46,17348,17348,17348,2,2
2021-06-24 15:01:48,17348,17348,17348,8,8
2021-06-24 15:01:48,17348,17348,17348,2,2
2021-06-24 15:01:48,17349,17349,17349,10,10
2021-06-24 15:01:52,17348,17348,17348,2,-2
2021-06-24 15:01:53,17348,17348,17348,2,2
2021-06-24 15:01:57,17348,17348,17348,2,2
2021-06-24 15:01:57,17348,17348,17348,2,2
2021-06-24 15:01:58,17348,17348,17348,2,2
2021-06-24 15:02:04,17348,17348,17348,6,6
2021-06-24 15:02:06,17348,17348,17348,2,2
2021-06-24 15:02:06,17348,17348,17348,6,6
2021-06-24 15:02:06,17348,17348,17348,2,2
2021-06-24 15:02:07,17347,17347,17347,2,-2
2021-06-24 15:02:07,17348,17348,17348,2,2
2021-06-24 15:02:07,17348,17348,17348,2,2
2021-06-24 15:02:08,17348,17348,17348,2,2
2021-06-24 15:02:09,17348,17348,17348,2,2
2021-06-24 15:02:11,17348,17348,17348,2,2
2021-06-24 15:02:11,17347,17347,17347,14,-14
2021-06-24 15:02:11,17347,17347,17347,2,2
2021-06-24 15:02:11,17347,17347,17347,18,18
2021-06-24 15:02:11,17347,17347,17347,2,2
2021-06-24 15:02:11,17347,17347,17347,2,2
2021-06-24 15:02:11,17347,17347,17347,2,2
2021-06-24 15:02:11,17347,17347,17347,2,2
2021-06-24 15:02:11,17347,17347,17347,6,6
2021-06-24 15:02:11,17347,17347,17347,4,4
2021-06-24 15:02:11,17347,17347,17347,2,2
2021-06-24 15:02:11,17347,17347,17347,2,2
2021-06-24 15:02:11,17347,17347,17347,2,2
2021-06-24 15:02:12,17346,17346,17346,2,-2
2021-06-24 15:02:13,17346,17346,17346,2,2
2021-06-24 15:02:13,17348,17348,17348,8,8
2021-06-24 15:02:14,17347,17347,17347,2,-2
2021-06-24 15:02:14,17348,17348,17348,8,8
2021-06-24 15:02:16,17347,17347,17347,2,-2
2021-06-24 15:02:16,17347,17347,17347,2,2
2021-06-24 15:02:18,17348,17348,17348,2,2
2021-06-24 15:02:20,17347,17347,17347,2,-2
2021-06-24 15:02:22,17347,17347,17347,2,2
2021-06-24 15:02:25,17348,17348,17348,2,2
2021-06-24 15:02:25,17347,17347,17347,2,-2
2021-06-24 15:02:25,17347,17347,17347,2,2
2021-06-24 15:02:28,17348,17348,17348,2,2
2021-06-24 15:02:28,17348,17348,17348,6,6
2021-06-24 15:02:29,17349,17349,17349,2,2
2021-06-24 15:02:29,17348,17348,17348,2,-2
2021-06-24 15:02:29,17348,17348,17348,2,2
2021-06-24 15:02:32,17348,17348,17348,2,2
2021-06-24 15:02:32,17348,17348,17348,2,2
2021-06-24 15:02:35,17349,17349,17349,8,8
2021-06-24 15:02:35,17349,17349,17349,2,2
2021-06-24 15:02:35,17349,17349,17349,4,4
2021-06-24 15:02:35,17349,17349,17349,2,2
2021-06-24 15:02:35,17349,17349,17349,2,2
2021-06-24 15:02:35,17349,17349,17349,2,2
2021-06-24 15:02:37,17349,17349,17349,2,2
2021-06-24 15:02:38,17350,17350,17350,10,10
2021-06-24 15:02:39,17350,17350,17350,2,2
2021-06-24 15:02:41,17351,17351,17351,4,4
2021-06-24 15:02:41,17351,17351,17351,10,10
2021-06-24 15:02:43,17351,17351,17351,2,2
2021-06-24 15:02:44,17351,17351,17351,2,2
2021-06-24 15:02:44,17351,17351,17351,2,2
2021-06-24 15:02:44,17350,17350,17350,2,-2
2021-06-24 15:02:44,17350,17350,17350,2,2
2021-06-24 15:02:45,17352,17352,17352,2,2
2021-06-24 15:02:47,17351,17351,17351,2,-2
2021-06-24 15:02:53,17351,17351,17351,2,2
2021-06-24 15:02:53,17351,17351,17351,2,2
2021-06-24 15:02:53,17351,17351,17351,2,2
2021-06-24 15:02:53,17351,17351,17351,2,2
2021-06-24 15:02:53,17351,17351,17351,4,4
2021-06-24 15:02:55,17351,17351,17351,2,2
2021-06-24 15:02:58,17351,17351,17351,2,2
2021-06-24 15:02:58,17351,17351,17351,2,2
2021-06-24 15:02:58,17352,17352,17352,2,2
2021-06-24 15:02:58,17351,17351,17351,2,-2
2021-06-24 15:03:04,17351,17351,17351,4,4
2021-06-24 15:03:05,17351,17351,17351,10,10
2021-06-24 15:03:05,17351,17351,17351,6,6
2021-06-24 15:03:05,17351,17351,17351,2,2
2021-06-24 15:03:05,17351,17351,17351,2,2
2021-06-24 15:03:05,17351,17351,17351,2,2
2021-06-24 15:03:05,17350,17350,17350,8,-8
2021-06-24 15:03:05,17350,17350,17350,2,2
2021-06-24 15:03:05,17351,17351,17351,2,2
2021-06-24 15:03:08,17352,17352,17352,2,2
2021-06-24 15:03:09,17351,17351,17351,2,-2
2021-06-24 15:03:10,17351,17351,17351,2,2
2021-06-24 15:03:12,17351,17351,17351,2,2
2021-06-24 15:03:14,17352,17352,17352,20,20
2021-06-24 15:03:14,17352,17352,17352,18,18
2021-06-24 15:03:14,17353,17353,17353,10,10
2021-06-24 15:03:14,17353,17353,17353,2,2
2021-06-24 15:03:14,17353,17353,17353,2,2
2021-06-24 15:03:14,17353,17353,17353,2,2
2021-06-24 15:03:14,17353,17353,17353,2,2
2021-06-24 15:03:14,17353,17353,17353,2,2
2021-06-24 15:03:14,17353,17353,17353,2,2
2021-06-24 15:03:14,17353,17353,17353,18,18
2021-06-24 15:03:14,17353,17353,17353,6,6
2021-06-24 15:03:14,17353,17353,17353,8,8
2021-06-24 15:03:16,17354,17354,17354,2,2
2021-06-24 15:03:19,17353,17353,17353,2,-2
2021-06-24 15:03:19,17354,17354,17354,2,2
2021-06-24 15:03:19,17354,17354,17354,2,2
2021-06-24 15:03:19,17354,17354,17354,16,16
2021-06-24 15:03:19,17353,17353,17353,2,-2
2021-06-24 15:03:19,17353,17353,17353,2,2
2021-06-24 15:03:19,17353,17353,17353,2,2
2021-06-24 15:03:19,17353,17353,17353,6,6
2021-06-24 15:03:19,17353,17353,17353,2,2
2021-06-24 15:03:19,17353,17353,17353,2,2
2021-06-24 15:03:19,17352,17352,17352,2,-2
2021-06-24 15:03:19,17352,17352,17352,2,2
2021-06-24 15:03:19,17354,17354,17354,6,6
2021-06-24 15:03:21,17353,17353,17353,2,-2
2021-06-24 15:03:21,17353,17353,17353,4,4
2021-06-24 15:03:21,17353,17353,17353,2,2
2021-06-24 15:03:22,17353,17353,17353,2,2
2021-06-24 15:03:23,17353,17353,17353,2,2
2021-06-24 15:03:24,17352,17352,17352,2,-2
2021-06-24 15:03:24,17352,17352,17352,2,2
2021-06-24 15:03:24,17352,17352,17352,2,2
2021-06-24 15:03:24,17353,17353,17353,2,2
2021-06-24 15:03:25,17354,17354,17354,4,4
2021-06-24 15:03:25,17354,17354,17354,16,16
2021-06-24 15:03:28,17352,17352,17352,2,-2
2021-06-24 15:03:28,17354,17354,17354,2,2
2021-06-24 15:03:29,17354,17354,17354,6,6
2021-06-24 15:03:32,17355,17355,17355,8,8
2021-06-24 15:03:32,17355,17355,17355,24,24
2021-06-24 15:03:32,17356,17356,17356,16,16
2021-06-24 15:03:32,17355,17355,17355,2,-2
2021-06-24 15:03:33,17355,17355,17355,2,2
2021-06-24 15:03:33,17355,17355,17355,2,2
2021-06-24 15:03:33,17355,17355,17355,2,2
2021-06-24 15:03:33,17355,17355,17355,2,2
2021-06-24 15:03:33,17354,17354,17354,2,-2
2021-06-24 15:03:33,17354,17354,17354,2,2
2021-06-24 15:03:36,17354,17354,17354,2,2
2021-06-24 15:03:36,17354,17354,17354,2,2
2021-06-24 15:03:36,17354,17354,17354,2,2
2021-06-24 15:03:36,17355,17355,17355,2,2
2021-06-24 15:03:36,17355,17355,17355,2,2
2021-06-24 15:03:37,17353,17353,17353,2,-2
2021-06-24 15:03:41,17355,17355,17355,2,2
2021-06-24 15:03:43,17354,17354,17354,2,-2
2021-06-24 15:03:43,17356,17356,17356,2,2
2021-06-24 15:03:44,17355,17355,17355,2,-2
2021-06-24 15:03:44,17355,17355,17355,2,2
2021-06-24 15:03:45,17355,17355,17355,2,2
2021-06-24 15:03:46,17356,17356,17356,10,10
2021-06-24 15:03:46,17356,17356,17356,2,2
2021-06-24 15:03:47,17357,17357,17357,2,2
2021-06-24 15:03:47,17355,17355,17355,2,-2
2021-06-24 15:03:51,17356,17356,17356,2,2
2021-06-24 15:03:52,17356,17356,17356,2,2
2021-06-24 15:03:52,17357,17357,17357,2,2
2021-06-24 15:03:52,17356,17356,17356,2,-2
2021-06-24 15:03:55,17357,17357,17357,10,10
2021-06-24 15:04:02,17356,17356,17356,2,-2
2021-06-24 15:04:03,17356,17356,17356,4,4
2021-06-24 15:04:04,17356,17356,17356,2,2
2021-06-24 15:04:05,17356,17356,17356,2,2
2021-06-24 15:04:05,17356,17356,17356,2,2
2021-06-24 15:04:06,17356,17356,17356,2,2
2021-06-24 15:04:08,17355,17355,17355,2,-2
2021-06-24 15:04:08,17356,17356,17356,6,6
2021-06-24 15:04:10,17356,17356,17356,2,2
2021-06-24 15:04:15,17356,17356,17356,2,2
2021-06-24 15:04:16,17356,17356,17356,2,2
2021-06-24 15:04:17,17356,17356,17356,2,2
2021-06-24 15:04:20,17355,17355,17355,2,-2
2021-06-24 15:04:20,17355,17355,17355,6,6
2021-06-24 15:04:20,17355,17355,17355,2,2
2021-06-24 15:04:20,17355,17355,17355,4,4
2021-06-24 15:04:26,17355,17355,17355,2,2
2021-06-24 15:04:26,17355,17355,17355,2,2
2021-06-24 15:04:27,17355,17355,17355,6,6
2021-06-24 15:04:30,17355,17355,17355,4,4
2021-06-24 15:04:30,17355,17355,17355,2,2
2021-06-24 15:04:30,17355,17355,17355,2,2
2021-06-24 15:04:35,17355,17355,17355,2,2
2021-06-24 15:04:41,17354,17354,17354,2,-2
2021-06-24 15:04:42,17355,17355,17355,4,4
2021-06-24 15:04:43,17356,17356,17356,4,4
2021-06-24 15:04:43,17355,17355,17355,2,-2
2021-06-24 15:04:45,17356,17356,17356,2,2
2021-06-24 15:04:46,17355,17355,17355,2,-2
2021-06-24 15:04:47,17356,17356,17356,10,10
2021-06-24 15:04:47,17356,17356,17356,10,10
2021-06-24 15:04:56,17356,17356,17356,4,4
2021-06-24 15:04:56,17356,17356,17356,2,2
2021-06-24 15:04:59,17357,17357,17357,2,2
2021-06-24 15:05:00,17356,17356,17356,2,-2
2021-06-24 15:05:00,17356,17356,17356,2,2
2021-06-24 15:05:12,17356,17356,17356,2,2
2021-06-24 15:05:12,17357,17357,17357,2,2
2021-06-24 15:05:14,17357,17357,17357,4,4
2021-06-24 15:05:14,17357,17357,17357,2,2
2021-06-24 15:05:14,17357,17357,17357,2,2
2021-06-24 15:05:14,17357,17357,17357,2,2
2021-06-24 15:05:14,17357,17357,17357,2,2
2021-06-24 15:05:14,17357,17357,17357,2,2
2021-06-24 15:05:14,17357,17357,17357,2,2
2021-06-24 15:05:14,17357,17357,17357,10,10
2021-06-24 15:05:17,17358,17358,17358,2,2
2021-06-24 15:05:18,17358,17358,17358,2,2
2021-06-24 15:05:21,17358,17358,17358,2,2
2021-06-24 15:05:22,17358,17358,17358,2,2
2021-06-24 15:05:23,17358,17358,17358,12,12
2021-06-24 15:05:23,17358,17358,17358,4,4
2021-06-24 15:05:23,17358,17358,17358,20,20
2021-06-24 15:05:25,17358,17358,17358,2,2
2021-06-24 15:05:26,17359,17359,17359,10,10
2021-06-24 15:05:26,17359,17359,17359,4,4
2021-06-24 15:05:27,17359,17359,17359,2,2
2021-06-24 15:05:28,17358,17358,17358,2,-2
2021-06-24 15:05:31,17359,17359,17359,6,6
2021-06-24 15:05:32,17358,17358,17358,2,-2
2021-06-24 15:05:32,17359,17359,17359,20,20
2021-06-24 15:05:32,17359,17359,17359,2,2
2021-06-24 15:05:32,17359,17359,17359,2,2
2021-06-24 15:05:32,17360,17360,17360,2,2
2021-06-24 15:05:35,17359,17359,17359,2,-2
2021-06-24 15:05:36,17359,17359,17359,2,2
2021-06-24 15:05:36,17360,17360,17360,10,10
2021-06-24 15:05:36,17360,17360,17360,2,2
2021-06-24 15:05:37,17360,17360,17360,6,6
2021-06-24 15:05:38,17359,17359,17359,4,-4
2021-06-24 15:05:39,17360,17360,17360,4,4
2021-06-24 15:05:39,17360,17360,17360,2,2
2021-06-24 15:05:39,17360,17360,17360,4,4
2021-06-24 15:05:39,17359,17359,17359,2,-2
2021-06-24 15:05:42,17360,17360,17360,28,28
2021-06-24 15:05:42,17360,17360,17360,6,6
2021-06-24 15:05:43,17361,17361,17361,4,4
2021-06-24 15:05:46,17360,17360,17360,8,-8
2021-06-24 15:05:49,17361,17361,17361,2,2
2021-06-24 15:05:49,17360,17360,17360,2,-2
2021-06-24 15:05:50,17361,17361,17361,2,2
2021-06-24 15:05:52,17361,17361,17361,2,2
2021-06-24 15:05:52,17361,17361,17361,2,2
2021-06-24 15:05:53,17361,17361,17361,2,2
2021-06-24 15:05:55,17361,17361,17361,2,2
2021-06-24 15:05:57,17360,17360,17360,2,-2
2021-06-24 15:05:59,17361,17361,17361,2,2
2021-06-24 15:06:04,17361,17361,17361,2,2
2021-06-24 15:06:06,17361,17361,17361,20,20
2021-06-24 15:06:06,17361,17361,17361,6,6
2021-06-24 15:06:06,17361,17361,17361,2,2
2021-06-24 15:06:06,17361,17361,17361,2,2
2021-06-24 15:06:06,17361,17361,17361,2,2
2021-06-24 15:06:06,17361,17361,17361,12,12
2021-06-24 15:06:06,17361,17361,17361,2,2
2021-06-24 15:06:06,17361,17361,17361,2,2
2021-06-24 15:06:06,17361,17361,17361,14,14
2021-06-24 15:06:08,17361,17361,17361,2,2
2021-06-24 15:06:09,17361,17361,17361,2,2
2021-06-24 15:06:10,17361,17361,17361,2,2
2021-06-24 15:06:10,17361,17361,17361,2,2
2021-06-24 15:06:10,17361,17361,17361,2,2
2021-06-24 15:06:10,17361,17361,17361,2,2
2021-06-24 15:06:11,17362,17362,17362,2,2
2021-06-24 15:06:11,17362,17362,17362,2,2
2021-06-24 15:06:11,17362,17362,17362,2,2
2021-06-24 15:06:11,17362,17362,17362,2,2
2021-06-24 15:06:12,17361,17361,17361,2,-2
2021-06-24 15:06:13,17362,17362,17362,2,2
2021-06-24 15:06:14,17362,17362,17362,38,38
2021-06-24 15:06:14,17362,17362,17362,2,2
2021-06-24 15:06:14,17362,17362,17362,2,2
2021-06-24 15:06:14,17362,17362,17362,2,2
2021-06-24 15:06:16,17361,17361,17361,2,-2
2021-06-24 15:06:18,17362,17362,17362,2,2
2021-06-24 15:06:18,17362,17362,17362,2,2
2021-06-24 15:06:18,17362,17362,17362,2,2
2021-06-24 15:06:18,17362,17362,17362,2,2
2021-06-24 15:06:19,17363,17363,17363,8,8
2021-06-24 15:06:19,17363,17363,17363,2,2
2021-06-24 15:06:21,17362,17362,17362,2,-2
2021-06-24 15:06:22,17363,17363,17363,26,26
2021-06-24 15:06:22,17364,17364,17364,2,2
2021-06-24 15:06:22,17364,17364,17364,22,22
2021-06-24 15:06:22,17365,17365,17365,2,2
2021-06-24 15:06:22,17365,17365,17365,2,2
2021-06-24 15:06:22,17365,17365,17365,4,4
2021-06-24 15:06:23,17365,17365,17365,2,2
2021-06-24 15:06:28,17363,17363,17363,2,-2
2021-06-24 15:06:28,17365,17365,17365,2,2
2021-06-24 15:06:32,17365,17365,17365,8,8
2021-06-24 15:06:33,17365,17365,17365,6,6
2021-06-24 15:06:33,17364,17364,17364,2,-2
2021-06-24 15:06:33,17364,17364,17364,2,2
2021-06-24 15:06:34,17364,17364,17364,2,2
2021-06-24 15:06:34,17365,17365,17365,2,2
2021-06-24 15:06:34,17365,17365,17365,2,2
2021-06-24 15:06:35,17365,17365,17365,2,2
2021-06-24 15:06:36,17364,17364,17364,2,-2
2021-06-24 15:06:38,17364,17364,17364,2,2
2021-06-24 15:06:38,17364,17364,17364,2,2
2021-06-24 15:06:42,17363,17363,17363,2,-2
2021-06-24 15:06:42,17364,17364,17364,4,4
2021-06-24 15:06:43,17363,17363,17363,2,-2
2021-06-24 15:06:43,17362,17362,17362,2,-2
2021-06-24 15:06:43,17363,17363,17363,2,2
2021-06-24 15:06:45,17363,17363,17363,2,2
2021-06-24 15:06:47,17363,17363,17363,2,2
2021-06-24 15:06:48,17363,17363,17363,2,2
2021-06-24 15:06:49,17362,17362,17362,2,-2
2021-06-24 15:06:49,17362,17362,17362,2,2
2021-06-24 15:06:49,17362,17362,17362,2,2
2021-06-24 15:06:50,17363,17363,17363,2,2
2021-06-24 15:06:53,17364,17364,17364,2,2
2021-06-24 15:06:54,17364,17364,17364,12,12
2021-06-24 15:06:55,17363,17363,17363,4,-4
2021-06-24 15:06:55,17364,17364,17364,4,4
2021-06-24 15:06:56,17364,17364,17364,2,2
2021-06-24 15:07:00,17364,17364,17364,2,2
2021-06-24 15:07:08,17364,17364,17364,4,4
2021-06-24 15:07:09,17364,17364,17364,12,12
2021-06-24 15:07:09,17363,17363,17363,2,-2
2021-06-24 15:07:13,17363,17363,17363,2,2
2021-06-24 15:07:13,17364,17364,17364,4,4
2021-06-24 15:07:14,17363,17363,17363,4,-4
2021-06-24 15:07:14,17364,17364,17364,8,8
2021-06-24 15:07:18,17363,17363,17363,2,-2
2021-06-24 15:07:18,17363,17363,17363,2,2
2021-06-24 15:07:18,17363,17363,17363,2,2
2021-06-24 15:07:19,17363,17363,17363,6,6
2021-06-24 15:07:20,17363,17363,17363,6,6
2021-06-24 15:07:21,17363,17363,17363,2,2
2021-06-24 15:07:21,17363,17363,17363,2,2
2021-06-24 15:07:23,17363,17363,17363,8,8
2021-06-24 15:07:26,17362,17362,17362,2,-2
2021-06-24 15:07:26,17362,17362,17362,4,4
2021-06-24 15:07:26,17362,17362,17362,4,4
2021-06-24 15:07:26,17362,17362,17362,2,2
2021-06-24 15:07:27,17362,17362,17362,2,2
2021-06-24 15:07:28,17362,17362,17362,2,2
2021-06-24 15:07:31,17362,17362,17362,2,2
2021-06-24 15:07:39,17363,17363,17363,10,10
2021-06-24 15:07:41,17364,17364,17364,2,2
2021-06-24 15:07:50,17363,17363,17363,2,-2
2021-06-24 15:07:52,17362,17362,17362,4,-4
2021-06-24 15:07:52,17362,17362,17362,2,2
2021-06-24 15:07:52,17362,17362,17362,2,2
2021-06-24 15:07:52,17362,17362,17362,2,2
2021-06-24 15:07:52,17362,17362,17362,2,2
2021-06-24 15:07:52,17362,17362,17362,2,2
2021-06-24 15:07:52,17362,17362,17362,2,2
2021-06-24 15:07:52,17362,17362,17362,2,2
2021-06-24 15:07:54,17362,17362,17362,2,2
2021-06-24 15:07:56,17361,17361,17361,4,-4
2021-06-24 15:07:59,17361,17361,17361,2,2
2021-06-24 15:07:59,17361,17361,17361,6,6
2021-06-24 15:07:59,17361,17361,17361,2,2
2021-06-24 15:07:59,17361,17361,17361,2,2
2021-06-24 15:07:59,17361,17361,17361,2,2
2021-06-24 15:07:59,17361,17361,17361,2,2
2021-06-24 15:07:59,17361,17361,17361,2,2
2021-06-24 15:08:00,17362,17362,17362,2,2
2021-06-24 15:08:05,17360,17360,17360,2,-2
2021-06-24 15:08:05,17360,17360,17360,2,2
2021-06-24 15:08:11,17360,17360,17360,2,2
2021-06-24 15:08:12,17360,17360,17360,2,2
2021-06-24 15:08:12,17360,17360,17360,2,2
2021-06-24 15:08:13,17361,17361,17361,2,2
2021-06-24 15:08:13,17360,17360,17360,2,-2
2021-06-24 15:08:18,17360,17360,17360,2,2
2021-06-24 15:08:18,17360,17360,17360,2,2
2021-06-24 15:08:18,17360,17360,17360,4,4
2021-06-24 15:08:18,17360,17360,17360,2,2
2021-06-24 15:08:18,17360,17360,17360,4,4
2021-06-24 15:08:21,17359,17359,17359,4,-4
2021-06-24 15:08:21,17359,17359,17359,2,2
2021-06-24 15:08:21,17359,17359,17359,2,2
2021-06-24 15:08:21,17358,17358,17358,2,-2
2021-06-24 15:08:24,17360,17360,17360,2,2
2021-06-24 15:08:32,17360,17360,17360,2,2
2021-06-24 15:08:35,17360,17360,17360,6,6
2021-06-24 15:08:35,17360,17360,17360,2,2
2021-06-24 15:08:36,17359,17359,17359,4,-4
2021-06-24 15:08:36,17359,17359,17359,2,2
2021-06-24 15:08:36,17359,17359,17359,2,2
2021-06-24 15:08:36,17359,17359,17359,2,2
2021-06-24 15:08:41,17360,17360,17360,2,2
2021-06-24 15:08:41,17360,17360,17360,2,2
2021-06-24 15:08:41,17361,17361,17361,2,2
2021-06-24 15:08:41,17360,17360,17360,2,-2
2021-06-24 15:08:45,17361,17361,17361,2,2
2021-06-24 15:08:49,17360,17360,17360,2,-2
2021-06-24 15:08:58,17361,17361,17361,4,4
2021-06-24 15:08:58,17360,17360,17360,4,-4
2021-06-24 15:09:01,17362,17362,17362,2,2
2021-06-24 15:09:07,17360,17360,17360,2,-2
2021-06-24 15:09:11,17360,17360,17360,2,2
2021-06-24 15:09:13,17360,17360,17360,20,20
2021-06-24 15:09:13,17360,17360,17360,4,4
2021-06-24 15:09:14,17361,17361,17361,2,2
2021-06-24 15:09:18,17360,17360,17360,2,-2
2021-06-24 15:09:28,17359,17359,17359,2,-2
2021-06-24 15:09:36,17359,17359,17359,2,2
2021-06-24 15:09:52,17360,17360,17360,2,2
2021-06-24 15:09:52,17359,17359,17359,2,-2
2021-06-24 15:09:54,17360,17360,17360,2,2
2021-06-24 15:10:04,17360,17360,17360,2,2
2021-06-24 15:10:04,17360,17360,17360,2,2
2021-06-24 15:10:04,17360,17360,17360,2,2
2021-06-24 15:10:04,17360,17360,17360,2,2
2021-06-24 15:10:06,17359,17359,17359,2,-2
2021-06-24 15:10:06,17359,17359,17359,2,2
2021-06-24 15:10:09,17359,17359,17359,2,2
2021-06-24 15:10:09,17358,17358,17358,2,-2
2021-06-24 15:10:09,17358,17358,17358,2,2
2021-06-24 15:10:09,17358,17358,17358,4,4
2021-06-24 15:10:14,17359,17359,17359,2,2
2021-06-24 15:10:14,17358,17358,17358,2,-2
2021-06-24 15:10:19,17359,17359,17359,2,2
2021-06-24 15:10:19,17358,17358,17358,2,-2
2021-06-24 15:10:19,17358,17358,17358,4,4
2021-06-24 15:10:19,17358,17358,17358,2,2
2021-06-24 15:10:19,17358,17358,17358,6,6
2021-06-24 15:10:19,17358,17358,17358,2,2
2021-06-24 15:10:19,17358,17358,17358,2,2
2021-06-24 15:10:21,17358,17358,17358,2,2
2021-06-24 15:10:21,17358,17358,17358,2,2
2021-06-24 15:10:21,17358,17358,17358,2,2
2021-06-24 15:10:21,17358,17358,17358,4,4
2021-06-24 15:10:21,17358,17358,17358,2,2
2021-06-24 15:10:23,17359,17359,17359,2,2
2021-06-24 15:10:25,17359,17359,17359,2,2
2021-06-24 15:10:26,17358,17358,17358,2,-2
2021-06-24 15:10:27,17358,17358,17358,2,2
2021-06-24 15:10:27,17358,17358,17358,2,2
2021-06-24 15:10:40,17358,17358,17358,2,2
2021-06-24 15:10:43,17358,17358,17358,2,2
2021-06-24 15:10:44,17358,17358,17358,2,2
2021-06-24 15:10:44,17358,17358,17358,2,2
2021-06-24 15:10:44,17359,17359,17359,4,4
2021-06-24 15:10:45,17360,17360,17360,2,2
2021-06-24 15:10:47,17360,17360,17360,2,2
2021-06-24 15:10:50,17360,17360,17360,4,4
2021-06-24 15:10:53,17360,17360,17360,2,2
2021-06-24 15:11:00,17359,17359,17359,2,-2
2021-06-24 15:11:14,17359,17359,17359,2,2
2021-06-24 15:11:15,17359,17359,17359,2,2
2021-06-24 15:11:22,17360,17360,17360,2,2
2021-06-24 15:11:22,17360,17360,17360,8,8
2021-06-24 15:11:22,17360,17360,17360,30,30
2021-06-24 15:11:22,17360,17360,17360,2,2
2021-06-24 15:11:22,17360,17360,17360,2,2
2021-06-24 15:11:22,17360,17360,17360,2,2
2021-06-24 15:11:22,17360,17360,17360,2,2
2021-06-24 15:11:26,17360,17360,17360,2,2
2021-06-24 15:11:26,17360,17360,17360,2,2
2021-06-24 15:11:42,17360,17360,17360,2,2
2021-06-24 15:11:45,17360,17360,17360,2,2
2021-06-24 15:11:45,17360,17360,17360,2,2
2021-06-24 15:11:46,17359,17359,17359,2,-2
2021-06-24 15:11:46,17359,17359,17359,2,2
2021-06-24 15:11:46,17359,17359,17359,2,2
2021-06-24 15:11:55,17358,17358,17358,2,-2
2021-06-24 15:11:55,17358,17358,17358,2,2
2021-06-24 15:11:55,17358,17358,17358,4,4
2021-06-24 15:11:55,17358,17358,17358,2,2
2021-06-24 15:11:55,17358,17358,17358,2,2
2021-06-24 15:11:55,17358,17358,17358,2,2
2021-06-24 15:11:55,17358,17358,17358,10,10
2021-06-24 15:11:55,17358,17358,17358,2,2
2021-06-24 15:11:55,17358,17358,17358,2,2
2021-06-24 15:11:58,17357,17357,17357,2,-2
2021-06-24 15:12:21,17357,17357,17357,2,2
2021-06-24 15:12:21,17357,17357,17357,2,2
2021-06-24 15:12:23,17357,17357,17357,2,2
2021-06-24 15:12:23,17357,17357,17357,2,2
2021-06-24 15:12:24,17357,17357,17357,2,2
2021-06-24 15:12:28,17357,17357,17357,2,2
2021-06-24 15:12:33,17358,17358,17358,2,2
2021-06-24 15:12:34,17358,17358,17358,2,2
2021-06-24 15:12:34,17358,17358,17358,2,2
2021-06-24 15:12:35,17358,17358,17358,2,2
2021-06-24 15:12:35,17358,17358,17358,2,2
2021-06-24 15:12:35,17358,17358,17358,2,2
2021-06-24 15:12:38,17358,17358,17358,2,2
2021-06-24 15:12:40,17358,17358,17358,2,2
2021-06-24 15:12:44,17358,17358,17358,2,2
2021-06-24 15:12:52,17358,17358,17358,2,2
2021-06-24 15:12:53,17358,17358,17358,2,2
2021-06-24 15:12:55,17358,17358,17358,2,2
2021-06-24 15:12:56,17358,17358,17358,2,2
2021-06-24 15:12:58,17359,17359,17359,2,2
2021-06-24 15:12:59,17358,17358,17358,2,-2
2021-06-24 15:13:49,17359,17359,17359,2,2
2021-06-24 15:13:50,17360,17360,17360,2,2
2021-06-24 15:13:54,17359,17359,17359,2,-2
2021-06-24 15:13:54,17359,17359,17359,2,2
2021-06-24 15:13:54,17359,17359,17359,2,2
2021-06-24 15:13:54,17359,17359,17359,2,2
2021-06-24 15:13:56,17359,17359,17359,4,4
2021-06-24 15:13:57,17360,17360,17360,2,2
2021-06-24 15:14:16,17359,17359,17359,2,-2
2021-06-24 15:14:20,17359,17359,17359,2,2
2021-06-24 15:14:21,17359,17359,17359,2,2
2021-06-24 15:14:24,17360,17360,17360,2,2
2021-06-24 15:14:34,17359,17359,17359,2,-2
2021-06-24 15:14:37,17359,17359,17359,2,2
2021-06-24 15:14:43,17358,17358,17358,2,-2
2021-06-24 15:14:43,17358,17358,17358,2,2
2021-06-24 15:14:43,17358,17358,17358,8,8
2021-06-24 15:14:43,17358,17358,17358,2,2
2021-06-24 15:14:43,17358,17358,17358,2,2
2021-06-24 15:14:54,17358,17358,17358,2,2
2021-06-24 15:15:07,17360,17360,17360,6,6
2021-06-24 15:15:07,17360,17360,17360,2,2
2021-06-24 15:15:07,17360,17360,17360,2,2
2021-06-24 15:15:07,17360,17360,17360,2,2
2021-06-24 15:15:07,17360,17360,17360,2,2
2021-06-24 15:15:07,17360,17360,17360,2,2
2021-06-24 15:15:07,17360,17360,17360,2,2
2021-06-24 15:15:08,17359,17359,17359,2,-2
2021-06-24 15:15:08,17359,17359,17359,2,2
2021-06-24 15:15:08,17359,17359,17359,2,2
2021-06-24 15:15:13,17360,17360,17360,2,2
2021-06-24 15:15:19,17360,17360,17360,2,2
2021-06-24 15:15:19,17360,17360,17360,6,6
2021-06-24 15:15:19,17360,17360,17360,2,2
2021-06-24 15:15:29,17360,17360,17360,2,2
2021-06-24 15:15:30,17360,17360,17360,2,2
2021-06-24 15:15:32,17360,17360,17360,4,4
2021-06-24 15:15:35,17360,17360,17360,2,2
2021-06-24 15:15:46,17360,17360,17360,2,2
2021-06-24 15:15:58,17360,17360,17360,2,2
2021-06-24 15:16:13,17360,17360,17360,2,2
2021-06-24 15:16:13,17360,17360,17360,2,2
2021-06-24 15:16:13,17361,17361,17361,2,2
2021-06-24 15:16:13,17361,17361,17361,6,6
2021-06-24 15:16:13,17361,17361,17361,6,6
2021-06-24 15:16:18,17361,17361,17361,2,2
2021-06-24 15:16:18,17361,17361,17361,2,2
2021-06-24 15:16:19,17360,17360,17360,2,-2
2021-06-24 15:16:19,17360,17360,17360,2,2
2021-06-24 15:16:19,17360,17360,17360,2,2
2021-06-24 15:16:19,17360,17360,17360,2,2
2021-06-24 15:16:19,17360,17360,17360,2,2
2021-06-24 15:16:30,17360,17360,17360,2,2
2021-06-24 15:16:36,17359,17359,17359,6,-6
2021-06-24 15:16:36,17359,17359,17359,6,6
2021-06-24 15:16:38,17359,17359,17359,4,4
2021-06-24 15:16:38,17359,17359,17359,2,2
2021-06-24 15:16:38,17359,17359,17359,6,6
2021-06-24 15:16:38,17359,17359,17359,10,10
2021-06-24 15:16:40,17358,17358,17358,2,-2
2021-06-24 15:16:42,17358,17358,17358,2,2
2021-06-24 15:16:49,17358,17358,17358,2,2
2021-06-24 15:16:53,17357,17357,17357,4,-4
2021-06-24 15:16:56,17357,17357,17357,2,2
2021-06-24 15:16:56,17358,17358,17358,2,2
2021-06-24 15:17:01,17357,17357,17357,2,-2
2021-06-24 15:17:01,17357,17357,17357,2,2
2021-06-24 15:17:01,17357,17357,17357,4,4
2021-06-24 15:17:01,17357,17357,17357,4,4
2021-06-24 15:17:01,17357,17357,17357,2,2
2021-06-24 15:17:01,17357,17357,17357,2,2
2021-06-24 15:17:01,17357,17357,17357,2,2
2021-06-24 15:17:01,17357,17357,17357,2,2
2021-06-24 15:17:01,17357,17357,17357,2,2
2021-06-24 15:17:02,17357,17357,17357,2,2
2021-06-24 15:17:08,17357,17357,17357,2,2
2021-06-24 15:17:08,17357,17357,17357,2,2
2021-06-24 15:17:08,17357,17357,17357,2,2
2021-06-24 15:17:13,17357,17357,17357,2,2
2021-06-24 15:17:23,17356,17356,17356,2,-2
2021-06-24 15:17:23,17356,17356,17356,2,2
2021-06-24 15:17:23,17356,17356,17356,4,4
2021-06-24 15:17:23,17356,17356,17356,2,2
2021-06-24 15:17:23,17356,17356,17356,2,2
2021-06-24 15:17:29,17356,17356,17356,2,2
2021-06-24 15:17:29,17356,17356,17356,2,2
2021-06-24 15:17:29,17356,17356,17356,4,4
2021-06-24 15:17:29,17356,17356,17356,4,4
2021-06-24 15:17:34,17356,17356,17356,2,2
2021-06-24 15:17:35,17355,17355,17355,2,-2
2021-06-24 15:17:38,17355,17355,17355,2,2
2021-06-24 15:17:41,17355,17355,17355,2,2
2021-06-24 15:17:46,17355,17355,17355,4,4
2021-06-24 15:17:46,17355,17355,17355,2,2
2021-06-24 15:17:46,17355,17355,17355,10,10
2021-06-24 15:17:46,17355,17355,17355,2,2
2021-06-24 15:17:46,17355,17355,17355,2,2
2021-06-24 15:17:46,17355,17355,17355,2,2
2021-06-24 15:17:47,17355,17355,17355,2,2
2021-06-24 15:17:52,17354,17354,17354,2,-2
2021-06-24 15:17:52,17354,17354,17354,6,6
2021-06-24 15:17:52,17354,17354,17354,2,2
2021-06-24 15:17:57,17354,17354,17354,2,2
2021-06-24 15:17:58,17354,17354,17354,2,2
2021-06-24 15:17:58,17354,17354,17354,2,2
2021-06-24 15:18:03,17353,17353,17353,2,-2
2021-06-24 15:18:03,17353,17353,17353,2,2
2021-06-24 15:18:04,17354,17354,17354,4,4
2021-06-24 15:18:04,17353,17353,17353,2,-2
2021-06-24 15:18:04,17353,17353,17353,2,2
2021-06-24 15:18:05,17353,17353,17353,2,2
2021-06-24 15:18:05,17353,17353,17353,2,2
2021-06-24 15:18:05,17353,17353,17353,2,2
2021-06-24 15:18:06,17353,17353,17353,2,2
2021-06-24 15:18:06,17353,17353,17353,2,2
2021-06-24 15:18:07,17353,17353,17353,2,2
2021-06-24 15:18:07,17353,17353,17353,2,2
2021-06-24 15:18:07,17353,17353,17353,2,2
2021-06-24 15:18:07,17353,17353,17353,2,2
2021-06-24 15:18:10,17353,17353,17353,4,4
2021-06-24 15:18:11,17353,17353,17353,2,2
2021-06-24 15:18:11,17353,17353,17353,2,2
2021-06-24 15:18:12,17353,17353,17353,2,2
2021-06-24 15:18:12,17353,17353,17353,2,2
2021-06-24 15:18:12,17352,17352,17352,2,-2
2021-06-24 15:18:15,17352,17352,17352,2,2
2021-06-24 15:18:15,17352,17352,17352,2,2
2021-06-24 15:18:17,17352,17352,17352,2,2
2021-06-24 15:18:17,17352,17352,17352,2,2
2021-06-24 15:18:18,17352,17352,17352,2,2
2021-06-24 15:18:19,17352,17352,17352,2,2
2021-06-24 15:18:24,17353,17353,17353,2,2
2021-06-24 15:18:25,17353,17353,17353,2,2
2021-06-24 15:18:25,17353,17353,17353,2,2
2021-06-24 15:18:25,17353,17353,17353,6,6
2021-06-24 15:18:27,17354,17354,17354,2,2
2021-06-24 15:18:27,17354,17354,17354,2,2
2021-06-24 15:18:28,17353,17353,17353,2,-2
2021-06-24 15:18:31,17354,17354,17354,2,2
2021-06-24 15:18:38,17354,17354,17354,2,2
2021-06-24 15:18:38,17354,17354,17354,2,2
2021-06-24 15:18:39,17354,17354,17354,2,2
2021-06-24 15:18:39,17354,17354,17354,2,2
2021-06-24 15:18:44,17353,17353,17353,4,-4
2021-06-24 15:18:45,17353,17353,17353,2,2
2021-06-24 15:18:49,17352,17352,17352,4,-4
2021-06-24 15:18:50,17352,17352,17352,2,2
2021-06-24 15:18:50,17352,17352,17352,2,2
2021-06-24 15:18:51,17352,17352,17352,2,2
2021-06-24 15:18:51,17352,17352,17352,2,2
2021-06-24 15:18:53,17353,17353,17353,2,2
2021-06-24 15:18:55,17352,17352,17352,2,-2
2021-06-24 15:18:56,17352,17352,17352,2,2
2021-06-24 15:18:58,17352,17352,17352,2,2
2021-06-24 15:18:58,17352,17352,17352,2,2
2021-06-24 15:19:00,17352,17352,17352,2,2
2021-06-24 15:19:00,17352,17352,17352,2,2
2021-06-24 15:19:00,17352,17352,17352,2,2
2021-06-24 15:19:02,17352,17352,17352,2,2
2021-06-24 15:19:04,17352,17352,17352,2,2
2021-06-24 15:19:10,17353,17353,17353,2,2
2021-06-24 15:19:11,17352,17352,17352,2,-2
2021-06-24 15:19:11,17352,17352,17352,2,2
2021-06-24 15:19:16,17353,17353,17353,2,2
2021-06-24 15:19:24,17353,17353,17353,2,2
2021-06-24 15:19:25,17354,17354,17354,2,2
2021-06-24 15:19:29,17353,17353,17353,2,-2
2021-06-24 15:19:34,17354,17354,17354,2,2
2021-06-24 15:19:43,17354,17354,17354,4,4
2021-06-24 15:20:06,17354,17354,17354,2,2
2021-06-24 15:20:06,17354,17354,17354,2,2
2021-06-24 15:20:06,17354,17354,17354,4,4
2021-06-24 15:20:07,17354,17354,17354,4,4
2021-06-24 15:20:11,17355,17355,17355,2,2
2021-06-24 15:20:14,17355,17355,17355,2,2
2021-06-24 15:20:22,17355,17355,17355,2,2
2021-06-24 15:20:34,17355,17355,17355,2,2
2021-06-24 15:20:47,17356,17356,17356,4,4
2021-06-24 15:20:49,17356,17356,17356,2,2
2021-06-24 15:20:51,17355,17355,17355,2,-2
2021-06-24 15:20:51,17355,17355,17355,2,2
2021-06-24 15:20:51,17355,17355,17355,2,2
2021-06-24 15:21:02,17355,17355,17355,2,2
2021-06-24 15:21:06,17356,17356,17356,2,2
2021-06-24 15:21:15,17357,17357,17357,2,2
2021-06-24 15:21:38,17357,17357,17357,2,2
2021-06-24 15:21:54,17356,17356,17356,2,-2
2021-06-24 15:21:54,17356,17356,17356,4,4
2021-06-24 15:21:57,17356,17356,17356,4,4
2021-06-24 15:21:57,17356,17356,17356,2,2
2021-06-24 15:22:04,17355,17355,17355,2,-2
2021-06-24 15:22:04,17355,17355,17355,8,8
2021-06-24 15:22:04,17355,17355,17355,2,2
2021-06-24 15:22:04,17354,17354,17354,2,-2
2021-06-24 15:22:20,17354,17354,17354,2,2
2021-06-24 15:22:24,17354,17354,17354,2,2
2021-06-24 15:22:27,17354,17354,17354,4,4
2021-06-24 15:22:27,17354,17354,17354,2,2
2021-06-24 15:22:27,17354,17354,17354,2,2
2021-06-24 15:22:27,17354,17354,17354,2,2
2021-06-24 15:22:27,17354,17354,17354,2,2
2021-06-24 15:22:35,17353,17353,17353,2,-2
2021-06-24 15:22:35,17353,17353,17353,2,2
2021-06-24 15:22:39,17353,17353,17353,2,2
2021-06-24 15:22:42,17353,17353,17353,2,2
2021-06-24 15:22:45,17352,17352,17352,2,-2
2021-06-24 15:22:47,17352,17352,17352,2,2
2021-06-24 15:22:47,17352,17352,17352,2,2
2021-06-24 15:22:47,17352,17352,17352,2,2
2021-06-24 15:22:47,17351,17351,17351,2,-2
2021-06-24 15:22:54,17351,17351,17351,2,2
2021-06-24 15:22:58,17351,17351,17351,4,4
2021-06-24 15:23:09,17352,17352,17352,2,2
2021-06-24 15:23:10,17351,17351,17351,2,-2
2021-06-24 15:23:17,17352,17352,17352,2,2
2021-06-24 15:23:18,17351,17351,17351,2,-2
2021-06-24 15:23:18,17351,17351,17351,2,2
2021-06-24 15:23:19,17352,17352,17352,2,2
2021-06-24 15:23:33,17352,17352,17352,2,2
2021-06-24 15:23:35,17352,17352,17352,18,18
2021-06-24 15:23:35,17352,17352,17352,2,2
2021-06-24 15:23:35,17352,17352,17352,8,8
2021-06-24 15:23:37,17353,17353,17353,2,2
2021-06-24 15:23:37,17353,17353,17353,8,8
2021-06-24 15:23:37,17353,17353,17353,2,2
2021-06-24 15:23:45,17353,17353,17353,2,2
2021-06-24 15:23:54,17353,17353,17353,2,2
2021-06-24 15:24:11,17354,17354,17354,2,2
2021-06-24 15:24:11,17354,17354,17354,2,2
2021-06-24 15:24:11,17354,17354,17354,2,2
2021-06-24 15:24:11,17354,17354,17354,2,2
2021-06-24 15:24:18,17354,17354,17354,2,2
2021-06-24 15:24:18,17355,17355,17355,2,2
2021-06-24 15:24:18,17355,17355,17355,2,2
2021-06-24 15:24:18,17355,17355,17355,2,2
2021-06-24 15:24:18,17355,17355,17355,2,2
2021-06-24 15:24:18,17355,17355,17355,2,2
2021-06-24 15:24:18,17355,17355,17355,2,2
2021-06-24 15:24:18,17355,17355,17355,2,2
2021-06-24 15:24:18,17355,17355,17355,2,2
2021-06-24 15:24:18,17356,17356,17356,2,2
2021-06-24 15:24:19,17354,17354,17354,2,-2
2021-06-24 15:24:19,17356,17356,17356,2,2
2021-06-24 15:24:19,17356,17356,17356,2,2
2021-06-24 15:24:19,17356,17356,17356,2,2
2021-06-24 15:24:19,17356,17356,17356,2,2
2021-06-24 15:24:19,17356,17356,17356,2,2
2021-06-24 15:24:19,17356,17356,17356,2,2
2021-06-24 15:24:19,17356,17356,17356,2,2
2021-06-24 15:24:19,17356,17356,17356,2,2
2021-06-24 15:24:41,17356,17356,17356,2,2
2021-06-24 15:25:13,17355,17355,17355,2,-2
2021-06-24 15:25:13,17355,17355,17355,2,2
2021-06-24 15:25:13,17356,17356,17356,2,2
2021-06-24 15:25:13,17356,17356,17356,2,2
2021-06-24 15:25:13,17356,17356,17356,2,2
2021-06-24 15:25:13,17356,17356,17356,2,2
2021-06-24 15:25:13,17356,17356,17356,2,2
2021-06-24 15:25:13,17356,17356,17356,2,2
2021-06-24 15:25:13,17357,17357,17357,2,2
2021-06-24 15:25:13,17357,17357,17357,2,2
2021-06-24 15:25:20,17356,17356,17356,2,-2
2021-06-24 15:25:37,17355,17355,17355,2,-2
2021-06-24 15:25:48,17354,17354,17354,2,-2
2021-06-24 15:25:48,17354,17354,17354,2,2
2021-06-24 15:25:52,17353,17353,17353,14,-14
2021-06-24 15:25:52,17353,17353,17353,4,4
2021-06-24 15:25:52,17353,17353,17353,2,2
2021-06-24 15:25:58,17352,17352,17352,2,-2
2021-06-24 15:25:58,17352,17352,17352,2,2
2021-06-24 15:25:58,17352,17352,17352,2,2
2021-06-24 15:25:58,17352,17352,17352,2,2
2021-06-24 15:26:05,17351,17351,17351,2,-2
2021-06-24 15:26:05,17351,17351,17351,2,2
2021-06-24 15:26:05,17351,17351,17351,2,2
2021-06-24 15:26:05,17351,17351,17351,2,2
2021-06-24 15:26:05,17351,17351,17351,8,8
2021-06-24 15:26:05,17351,17351,17351,12,12
2021-06-24 15:26:05,17351,17351,17351,2,2
2021-06-24 15:26:05,17351,17351,17351,2,2
2021-06-24 15:26:05,17351,17351,17351,2,2
2021-06-24 15:26:05,17351,17351,17351,20,20
2021-06-24 15:26:05,17351,17351,17351,2,2
2021-06-24 15:26:05,17351,17351,17351,2,2
2021-06-24 15:26:05,17351,17351,17351,2,2
2021-06-24 15:26:05,17351,17351,17351,2,2
2021-06-24 15:26:05,17351,17351,17351,2,2
2021-06-24 15:26:11,17350,17350,17350,4,-4
2021-06-24 15:26:11,17350,17350,17350,2,2
2021-06-24 15:26:11,17350,17350,17350,2,2
2021-06-24 15:26:11,17350,17350,17350,2,2
2021-06-24 15:26:11,17350,17350,17350,2,2
2021-06-24 15:26:11,17350,17350,17350,2,2
2021-06-24 15:26:11,17350,17350,17350,2,2
2021-06-24 15:26:11,17350,17350,17350,2,2
2021-06-24 15:26:11,17350,17350,17350,2,2
2021-06-24 15:26:11,17350,17350,17350,2,2
2021-06-24 15:26:11,17350,17350,17350,2,2
2021-06-24 15:26:11,17350,17350,17350,2,2
2021-06-24 15:26:11,17350,17350,17350,2,2
2021-06-24 15:26:11,17350,17350,17350,2,2
2021-06-24 15:26:11,17350,17350,17350,2,2
2021-06-24 15:26:15,17349,17349,17349,2,-2
2021-06-24 15:26:15,17349,17349,17349,4,4
2021-06-24 15:26:20,17350,17350,17350,4,4
2021-06-24 15:26:20,17349,17349,17349,4,-4
2021-06-24 15:26:26,17349,17349,17349,2,2
2021-06-24 15:26:28,17350,17350,17350,2,2
2021-06-24 15:26:29,17350,17350,17350,2,2
2021-06-24 15:26:29,17349,17349,17349,2,-2
2021-06-24 15:26:30,17350,17350,17350,2,2
2021-06-24 15:26:30,17350,17350,17350,2,2
2021-06-24 15:26:33,17350,17350,17350,2,2
2021-06-24 15:26:33,17350,17350,17350,2,2
2021-06-24 15:26:41,17350,17350,17350,2,2
2021-06-24 15:26:43,17350,17350,17350,2,2
2021-06-24 15:26:52,17350,17350,17350,2,2
2021-06-24 15:27:00,17350,17350,17350,2,2
2021-06-24 15:27:00,17350,17350,17350,2,2
2021-06-24 15:27:00,17350,17350,17350,4,4
2021-06-24 15:27:00,17350,17350,17350,4,4
2021-06-24 15:27:06,17350,17350,17350,2,2
2021-06-24 15:27:06,17350,17350,17350,2,2
2021-06-24 15:27:06,17350,17350,17350,2,2
2021-06-24 15:27:06,17349,17349,17349,2,-2
2021-06-24 15:27:06,17350,17350,17350,2,2
2021-06-24 15:27:08,17351,17351,17351,2,2
2021-06-24 15:27:09,17351,17351,17351,6,6
2021-06-24 15:27:31,17352,17352,17352,2,2
2021-06-24 15:27:31,17352,17352,17352,2,2
2021-06-24 15:27:33,17352,17352,17352,4,4
2021-06-24 15:27:33,17352,17352,17352,2,2
2021-06-24 15:27:43,17353,17353,17353,2,2
2021-06-24 15:27:43,17352,17352,17352,2,-2
2021-06-24 15:27:51,17352,17352,17352,2,2
2021-06-24 15:27:51,17352,17352,17352,2,2
2021-06-24 15:27:51,17352,17352,17352,2,2
2021-06-24 15:28:31,17353,17353,17353,6,6
2021-06-24 15:28:32,17352,17352,17352,2,-2
2021-06-24 15:28:40,17353,17353,17353,2,2
2021-06-24 15:28:43,17354,17354,17354,2,2
2021-06-24 15:29:21,17353,17353,17353,2,-2
2021-06-24 15:29:21,17353,17353,17353,2,2
2021-06-24 15:29:45,17353,17353,17353,4,4
2021-06-24 15:29:54,17352,17352,17352,2,-2
2021-06-24 15:29:54,17352,17352,17352,6,6
2021-06-24 15:29:54,17352,17352,17352,2,2
2021-06-24 15:29:54,17352,17352,17352,2,2
2021-06-24 15:29:54,17352,17352,17352,2,2
2021-06-24 15:29:54,17352,17352,17352,2,2
2021-06-24 15:29:54,17352,17352,17352,2,2
2021-06-24 15:30:11,17351,17351,17351,2,-2
2021-06-24 15:30:11,17351,17351,17351,2,2
2021-06-24 15:30:11,17351,17351,17351,2,2
2021-06-24 15:30:11,17351,17351,17351,2,2
2021-06-24 15:30:11,17351,17351,17351,2,2
2021-06-24 15:30:11,17351,17351,17351,2,2
2021-06-24 15:30:11,17351,17351,17351,2,2
2021-06-24 15:30:11,17351,17351,17351,2,2
2021-06-24 15:30:11,17351,17351,17351,2,2
2021-06-24 15:30:11,17351,17351,17351,2,2
2021-06-24 15:30:11,17351,17351,17351,2,2
2021-06-24 15:30:11,17351,17351,17351,2,2
2021-06-24 15:30:11,17351,17351,17351,2,2
2021-06-24 15:30:12,17351,17351,17351,2,2
2021-06-24 15:30:12,17351,17351,17351,2,2
2021-06-24 15:30:12,17352,17352,17352,2,2
2021-06-24 15:30:12,17352,17352,17352,2,2
2021-06-24 15:30:12,17351,17351,17351,2,-2
2021-06-24 15:30:12,17351,17351,17351,2,2
2021-06-24 15:30:12,17350,17350,17350,2,-2
2021-06-24 15:30:12,17350,17350,17350,2,2
2021-06-24 15:30:12,17352,17352,17352,4,4
2021-06-24 15:30:12,17350,17350,17350,2,-2
2021-06-24 15:30:12,17352,17352,17352,4,4
2021-06-24 15:30:12,17352,17352,17352,2,2
2021-06-24 15:30:17,17352,17352,17352,4,4
2021-06-24 15:30:20,17352,17352,17352,2,2
2021-06-24 15:30:26,17351,17351,17351,2,-2
2021-06-24 15:30:32,17351,17351,17351,2,2
2021-06-24 15:30:32,17351,17351,17351,2,2
2021-06-24 15:30:41,17350,17350,17350,2,-2
2021-06-24 15:30:41,17350,17350,17350,2,2
2021-06-24 15:30:43,17350,17350,17350,2,2
2021-06-24 15:30:43,17350,17350,17350,2,2
2021-06-24 15:30:59,17349,17349,17349,2,-2
2021-06-24 15:30:59,17349,17349,17349,2,2
2021-06-24 15:30:59,17349,17349,17349,2,2
2021-06-24 15:30:59,17349,17349,17349,2,2
2021-06-24 15:30:59,17349,17349,17349,4,4
2021-06-24 15:30:59,17349,17349,17349,2,2
2021-06-24 15:31:01,17348,17348,17348,2,-2
2021-06-24 15:31:01,17348,17348,17348,2,2
2021-06-24 15:31:01,17348,17348,17348,2,2
2021-06-24 15:31:01,17348,17348,17348,2,2
2021-06-24 15:31:01,17348,17348,17348,2,2
2021-06-24 15:31:01,17348,17348,17348,2,2
2021-06-24 15:31:01,17348,17348,17348,2,2
2021-06-24 15:31:01,17347,17347,17347,2,-2
2021-06-24 15:31:01,17347,17347,17347,2,2
2021-06-24 15:31:04,17347,17347,17347,2,2
2021-06-24 15:31:04,17347,17347,17347,2,2
2021-06-24 15:31:04,17347,17347,17347,4,4
2021-06-24 15:31:04,17347,17347,17347,8,8
2021-06-24 15:31:04,17347,17347,17347,2,2
2021-06-24 15:31:04,17347,17347,17347,2,2
2021-06-24 15:31:04,17347,17347,17347,2,2
2021-06-24 15:31:04,17347,17347,17347,2,2
2021-06-24 15:31:06,17346,17346,17346,2,-2
2021-06-24 15:31:06,17346,17346,17346,2,2
2021-06-24 15:31:06,17346,17346,17346,2,2
2021-06-24 15:31:06,17345,17345,17345,2,-2
2021-06-24 15:31:08,17345,17345,17345,2,2
2021-06-24 15:31:08,17346,17346,17346,6,6
2021-06-24 15:31:08,17347,17347,17347,2,2
2021-06-24 15:31:08,17346,17346,17346,2,-2
2021-06-24 15:31:11,17348,17348,17348,2,2
2021-06-24 15:31:14,17348,17348,17348,2,2
2021-06-24 15:31:18,17347,17347,17347,2,-2
2021-06-24 15:31:21,17347,17347,17347,2,2
2021-06-24 15:31:21,17347,17347,17347,2,2
2021-06-24 15:31:24,17348,17348,17348,2,2
2021-06-24 15:31:31,17348,17348,17348,2,2
2021-06-24 15:31:32,17348,17348,17348,2,2
2021-06-24 15:31:39,17347,17347,17347,4,-4
2021-06-24 15:31:48,17347,17347,17347,2,2
2021-06-24 15:31:54,17347,17347,17347,4,4
2021-06-24 15:31:54,17347,17347,17347,2,2
2021-06-24 15:32:01,17346,17346,17346,2,-2
2021-06-24 15:32:04,17346,17346,17346,2,2
2021-06-24 15:32:04,17346,17346,17346,2,2
2021-06-24 15:32:06,17346,17346,17346,2,2
2021-06-24 15:32:07,17346,17346,17346,2,2
2021-06-24 15:32:13,17347,17347,17347,2,2
2021-06-24 15:32:13,17347,17347,17347,2,2
2021-06-24 15:32:24,17347,17347,17347,2,2
2021-06-24 15:32:28,17347,17347,17347,2,2
2021-06-24 15:32:30,17348,17348,17348,6,6
2021-06-24 15:32:33,17349,17349,17349,2,2
2021-06-24 15:32:33,17349,17349,17349,8,8
2021-06-24 15:32:36,17350,17350,17350,6,6
2021-06-24 15:32:42,17350,17350,17350,2,2
2021-06-24 15:32:58,17350,17350,17350,2,2
2021-06-24 15:32:59,17351,17351,17351,2,2
2021-06-24 15:33:03,17351,17351,17351,2,2
2021-06-24 15:33:17,17350,17350,17350,4,-4
2021-06-24 15:33:17,17350,17350,17350,2,2
2021-06-24 15:33:17,17350,17350,17350,2,2
2021-06-24 15:33:17,17349,17349,17349,2,-2
2021-06-24 15:33:17,17349,17349,17349,8,8
2021-06-24 15:33:17,17349,17349,17349,2,2
2021-06-24 15:33:17,17349,17349,17349,2,2
2021-06-24 15:33:17,17349,17349,17349,4,4
2021-06-24 15:33:17,17349,17349,17349,2,2
2021-06-24 15:33:18,17349,17349,17349,2,2
2021-06-24 15:33:18,17349,17349,17349,2,2
2021-06-24 15:33:25,17350,17350,17350,2,2
2021-06-24 15:33:39,17349,17349,17349,6,-6
2021-06-24 15:33:42,17348,17348,17348,2,-2
2021-06-24 15:33:47,17348,17348,17348,2,2
2021-06-24 15:33:47,17348,17348,17348,2,2
2021-06-24 15:33:47,17348,17348,17348,2,2
2021-06-24 15:33:47,17348,17348,17348,2,2
2021-06-24 15:33:47,17347,17347,17347,2,-2
2021-06-24 15:33:54,17347,17347,17347,2,2
2021-06-24 15:33:57,17347,17347,17347,2,2
2021-06-24 15:34:05,17347,17347,17347,2,2
2021-06-24 15:34:05,17347,17347,17347,2,2
2021-06-24 15:34:08,17347,17347,17347,2,2
2021-06-24 15:34:18,17346,17346,17346,2,-2
2021-06-24 15:34:23,17347,17347,17347,2,2
2021-06-24 15:34:24,17347,17347,17347,2,2
2021-06-24 15:34:24,17347,17347,17347,2,2
2021-06-24 15:34:25,17348,17348,17348,2,2
2021-06-24 15:34:27,17348,17348,17348,2,2
2021-06-24 15:34:27,17348,17348,17348,2,2
2021-06-24 15:34:35,17349,17349,17349,2,2
2021-06-24 15:34:43,17350,17350,17350,2,2
2021-06-24 15:34:43,17350,17350,17350,12,12
2021-06-24 15:34:49,17352,17352,17352,2,2
2021-06-24 15:34:50,17350,17350,17350,2,-2
2021-06-24 15:35:01,17350,17350,17350,2,2
2021-06-24 15:35:01,17350,17350,17350,2,2
2021-06-24 15:35:02,17348,17348,17348,2,-2
2021-06-24 15:35:02,17348,17348,17348,2,2
2021-06-24 15:35:23,17351,17351,17351,4,4
2021-06-24 15:35:29,17352,17352,17352,4,4
2021-06-24 15:35:31,17351,17351,17351,2,-2
2021-06-24 15:35:52,17353,17353,17353,2,2
2021-06-24 15:36:14,17353,17353,17353,2,2
2021-06-24 15:36:15,17353,17353,17353,2,2
2021-06-24 15:36:15,17353,17353,17353,10,10
2021-06-24 15:36:15,17354,17354,17354,2,2
2021-06-24 15:36:15,17354,17354,17354,2,2
2021-06-24 15:36:15,17354,17354,17354,8,8
2021-06-24 15:36:15,17354,17354,17354,2,2
2021-06-24 15:36:22,17354,17354,17354,2,2
2021-06-24 15:36:27,17354,17354,17354,4,4
2021-06-24 15:37:04,17354,17354,17354,2,2
2021-06-24 15:37:10,17354,17354,17354,2,2
2021-06-24 15:37:16,17354,17354,17354,2,2
2021-06-24 15:37:20,17354,17354,17354,2,2
2021-06-24 15:37:21,17353,17353,17353,2,-2
2021-06-24 15:37:22,17355,17355,17355,4,4
2021-06-24 15:37:26,17355,17355,17355,30,30
2021-06-24 15:37:28,17356,17356,17356,2,2
2021-06-24 15:37:28,17356,17356,17356,2,2
2021-06-24 15:37:30,17356,17356,17356,4,4
2021-06-24 15:37:35,17356,17356,17356,8,8
2021-06-24 15:37:36,17356,17356,17356,2,2
2021-06-24 15:37:44,17356,17356,17356,2,2
2021-06-24 15:37:49,17356,17356,17356,2,2
2021-06-24 15:37:57,17356,17356,17356,2,2
2021-06-24 15:37:59,17356,17356,17356,2,2
2021-06-24 15:37:59,17356,17356,17356,2,2
2021-06-24 15:38:00,17355,17355,17355,2,-2
2021-06-24 15:38:00,17355,17355,17355,4,4
2021-06-24 15:38:00,17355,17355,17355,2,2
2021-06-24 15:38:00,17355,17355,17355,2,2
2021-06-24 15:38:00,17355,17355,17355,2,2
2021-06-24 15:38:00,17355,17355,17355,2,2
2021-06-24 15:38:12,17356,17356,17356,2,2
2021-06-24 15:38:23,17356,17356,17356,10,10
2021-06-24 15:38:27,17355,17355,17355,2,-2
2021-06-24 15:38:27,17355,17355,17355,2,2
2021-06-24 15:38:41,17355,17355,17355,2,2
2021-06-24 15:38:41,17355,17355,17355,2,2
2021-06-24 15:38:50,17357,17357,17357,4,4
2021-06-24 15:39:13,17356,17356,17356,2,-2
2021-06-24 15:39:21,17357,17357,17357,10,10
2021-06-24 15:39:21,17356,17356,17356,2,-2
2021-06-24 15:39:34,17357,17357,17357,2,2
2021-06-24 15:39:34,17357,17357,17357,4,4
2021-06-24 15:39:37,17358,17358,17358,20,20
2021-06-24 15:39:37,17359,17359,17359,2,2
2021-06-24 15:39:37,17358,17358,17358,2,-2
2021-06-24 15:39:37,17358,17358,17358,2,2
2021-06-24 15:39:37,17359,17359,17359,2,2
2021-06-24 15:39:37,17359,17359,17359,2,2
2021-06-24 15:39:37,17359,17359,17359,2,2
2021-06-24 15:39:37,17359,17359,17359,2,2
2021-06-24 15:39:38,17360,17360,17360,2,2
2021-06-24 15:39:38,17360,17360,17360,2,2
2021-06-24 15:39:42,17359,17359,17359,2,-2
2021-06-24 15:39:43,17359,17359,17359,2,2
2021-06-24 15:39:43,17359,17359,17359,2,2
2021-06-24 15:39:46,17360,17360,17360,2,2
2021-06-24 15:39:50,17359,17359,17359,2,-2
2021-06-24 15:39:57,17359,17359,17359,2,2
2021-06-24 15:40:00,17359,17359,17359,2,2
2021-06-24 15:40:01,17360,17360,17360,6,6
2021-06-24 15:40:01,17360,17360,17360,8,8
2021-06-24 15:40:01,17360,17360,17360,2,2
2021-06-24 15:40:01,17360,17360,17360,2,2
2021-06-24 15:40:01,17360,17360,17360,2,2
2021-06-24 15:40:01,17360,17360,17360,2,2
2021-06-24 15:40:01,17360,17360,17360,2,2
2021-06-24 15:40:01,17360,17360,17360,34,34
2021-06-24 15:40:01,17360,17360,17360,2,2
2021-06-24 15:40:07,17360,17360,17360,2,2
2021-06-24 15:40:07,17359,17359,17359,2,-2
2021-06-24 15:40:26,17361,17361,17361,4,4
2021-06-24 15:40:33,17361,17361,17361,4,4
2021-06-24 15:40:33,17360,17360,17360,4,-4
2021-06-24 15:40:33,17360,17360,17360,22,22
2021-06-24 15:40:33,17360,17360,17360,2,2
2021-06-24 15:40:33,17360,17360,17360,6,6
2021-06-24 15:40:33,17360,17360,17360,6,6
2021-06-24 15:40:33,17360,17360,17360,4,4
2021-06-24 15:40:33,17360,17360,17360,4,4
2021-06-24 15:40:33,17360,17360,17360,2,2
2021-06-24 15:40:33,17360,17360,17360,2,2
2021-06-24 15:40:33,17360,17360,17360,2,2
2021-06-24 15:40:33,17360,17360,17360,4,4
2021-06-24 15:40:33,17360,17360,17360,2,2
2021-06-24 15:40:36,17360,17360,17360,4,4
2021-06-24 15:40:45,17360,17360,17360,2,2
2021-06-24 15:40:56,17360,17360,17360,2,2
2021-06-24 15:41:00,17359,17359,17359,2,-2
2021-06-24 15:41:00,17359,17359,17359,8,8
2021-06-24 15:41:00,17359,17359,17359,2,2
2021-06-24 15:41:00,17359,17359,17359,4,4
2021-06-24 15:41:00,17359,17359,17359,8,8
2021-06-24 15:41:00,17359,17359,17359,2,2
2021-06-24 15:41:00,17359,17359,17359,2,2
2021-06-24 15:41:00,17359,17359,17359,2,2
2021-06-24 15:41:00,17359,17359,17359,2,2
2021-06-24 15:41:00,17359,17359,17359,2,2
2021-06-24 15:41:00,17359,17359,17359,2,2
2021-06-24 15:41:06,17359,17359,17359,2,2
2021-06-24 15:41:06,17358,17358,17358,2,-2
2021-06-24 15:41:08,17359,17359,17359,2,2
2021-06-24 15:41:08,17359,17359,17359,2,2
2021-06-24 15:41:15,17359,17359,17359,2,2
2021-06-24 15:41:15,17359,17359,17359,2,2
2021-06-24 15:41:17,17359,17359,17359,2,2
2021-06-24 15:41:26,17359,17359,17359,2,2
2021-06-24 15:41:27,17360,17360,17360,6,6
2021-06-24 15:41:30,17359,17359,17359,2,-2
2021-06-24 15:41:30,17359,17359,17359,2,2
2021-06-24 15:41:34,17360,17360,17360,2,2
2021-06-24 15:41:44,17359,17359,17359,2,-2
2021-06-24 15:42:16,17359,17359,17359,2,2
2021-06-24 15:42:16,17360,17360,17360,12,12
2021-06-24 15:42:16,17360,17360,17360,16,16
2021-06-24 15:42:16,17360,17360,17360,4,4
2021-06-24 15:42:16,17360,17360,17360,4,4
2021-06-24 15:42:16,17360,17360,17360,2,2
2021-06-24 15:42:34,17359,17359,17359,2,-2
2021-06-24 15:42:40,17360,17360,17360,2,2
2021-06-24 15:42:44,17359,17359,17359,2,-2
2021-06-24 15:42:45,17359,17359,17359,2,2
2021-06-24 15:42:45,17359,17359,17359,2,2
2021-06-24 15:42:45,17359,17359,17359,2,2
2021-06-24 15:42:45,17359,17359,17359,2,2
2021-06-24 15:42:52,17358,17358,17358,2,-2
2021-06-24 15:42:52,17358,17358,17358,2,2
2021-06-24 15:43:03,17358,17358,17358,4,4
2021-06-24 15:43:23,17357,17357,17357,8,-8
2021-06-24 15:43:25,17357,17357,17357,6,6
2021-06-24 15:43:25,17357,17357,17357,2,2
2021-06-24 15:43:43,17357,17357,17357,2,2
2021-06-24 15:44:07,17357,17357,17357,2,2
2021-06-24 15:44:07,17357,17357,17357,2,2
2021-06-24 15:44:07,17358,17358,17358,2,2
2021-06-24 15:44:28,17358,17358,17358,2,2
2021-06-24 15:44:28,17358,17358,17358,2,2
2021-06-24 15:44:28,17358,17358,17358,2,2
2021-06-24 15:44:28,17358,17358,17358,2,2
2021-06-24 15:44:28,17358,17358,17358,4,4
2021-06-24 15:44:28,17358,17358,17358,2,2
2021-06-24 15:44:44,17358,17358,17358,2,2
2021-06-24 15:44:56,17357,17357,17357,2,-2
2021-06-24 15:45:00,17358,17358,17358,2,2
2021-06-24 15:45:00,17359,17359,17359,2,2
2021-06-24 15:45:07,17359,17359,17359,2,2
2021-06-24 15:45:08,17359,17359,17359,2,2
2021-06-24 15:45:24,17359,17359,17359,4,4
2021-06-24 15:45:24,17359,17359,17359,2,2
2021-06-24 15:45:24,17359,17359,17359,2,2
2021-06-24 15:45:24,17359,17359,17359,2,2
2021-06-24 15:45:58,17359,17359,17359,2,2
2021-06-24 15:46:00,17358,17358,17358,2,-2
2021-06-24 15:46:06,17358,17358,17358,2,2
2021-06-24 15:46:06,17358,17358,17358,2,2
2021-06-24 15:46:16,17358,17358,17358,2,2
2021-06-24 15:46:16,17358,17358,17358,2,2
2021-06-24 15:46:21,17358,17358,17358,4,4
2021-06-24 15:46:32,17358,17358,17358,2,2
2021-06-24 15:46:32,17358,17358,17358,2,2
2021-06-24 15:46:34,17358,17358,17358,2,2
2021-06-24 15:46:38,17357,17357,17357,2,-2
2021-06-24 15:46:38,17357,17357,17357,2,2
2021-06-24 15:46:40,17357,17357,17357,2,2
2021-06-24 15:46:40,17357,17357,17357,2,2
2021-06-24 15:47:08,17357,17357,17357,2,2
2021-06-24 15:47:09,17356,17356,17356,2,-2
2021-06-24 15:47:09,17355,17355,17355,2,-2
2021-06-24 15:47:09,17355,17355,17355,2,2
2021-06-24 15:47:09,17355,17355,17355,2,2
2021-06-24 15:47:19,17357,17357,17357,2,2
2021-06-24 15:47:37,17357,17357,17357,2,2
2021-06-24 15:48:15,17357,17357,17357,2,2
2021-06-24 15:48:15,17357,17357,17357,6,6
2021-06-24 15:48:15,17358,17358,17358,6,6
2021-06-24 15:48:17,17357,17357,17357,2,-2
2021-06-24 15:48:17,17357,17357,17357,2,2
2021-06-24 15:48:22,17357,17357,17357,2,2
2021-06-24 15:49:14,17360,17360,17360,8,8
2021-06-24 15:49:14,17360,17360,17360,8,8
2021-06-24 15:49:14,17360,17360,17360,32,32
2021-06-24 15:49:14,17360,17360,17360,2,2
2021-06-24 15:49:14,17360,17360,17360,2,2
2021-06-24 15:49:15,17360,17360,17360,2,2
2021-06-24 15:49:33,17360,17360,17360,2,2
2021-06-24 15:49:38,17360,17360,17360,4,4
2021-06-24 15:49:38,17360,17360,17360,2,2
2021-06-24 15:49:38,17360,17360,17360,2,2
2021-06-24 15:49:38,17360,17360,17360,2,2
2021-06-24 15:49:38,17360,17360,17360,8,8
2021-06-24 15:49:38,17360,17360,17360,2,2
2021-06-24 15:49:38,17360,17360,17360,2,2
2021-06-24 15:49:38,17360,17360,17360,2,2
2021-06-24 15:49:38,17360,17360,17360,2,2
2021-06-24 15:49:41,17360,17360,17360,2,2
2021-06-24 15:49:45,17360,17360,17360,2,2
2021-06-24 15:49:49,17360,17360,17360,2,2
2021-06-24 15:49:51,17360,17360,17360,2,2
2021-06-24 15:50:11,17359,17359,17359,2,-2
2021-06-24 15:50:11,17359,17359,17359,2,2
2021-06-24 15:50:11,17359,17359,17359,4,4
2021-06-24 15:50:18,17358,17358,17358,2,-2
2021-06-24 15:50:20,17358,17358,17358,2,2
2021-06-24 15:50:39,17358,17358,17358,2,2
2021-06-24 15:51:10,17359,17359,17359,2,2
2021-06-24 15:51:31,17359,17359,17359,2,2
2021-06-24 15:51:35,17360,17360,17360,2,2
2021-06-24 15:52:09,17360,17360,17360,2,2
2021-06-24 15:52:20,17360,17360,17360,2,2
2021-06-24 15:52:38,17359,17359,17359,2,-2
2021-06-24 15:52:49,17358,17358,17358,2,-2
2021-06-24 15:52:50,17358,17358,17358,2,2
2021-06-24 15:52:58,17358,17358,17358,2,2
2021-06-24 15:52:58,17359,17359,17359,6,6
2021-06-24 15:53:18,17358,17358,17358,2,-2
2021-06-24 15:54:20,17358,17358,17358,2,2
2021-06-24 15:54:59,17358,17358,17358,2,2
2021-06-24 15:54:59,17358,17358,17358,2,2
2021-06-24 15:54:59,17359,17359,17359,2,2
2021-06-24 15:55:08,17358,17358,17358,2,-2
2021-06-24 15:55:14,17358,17358,17358,2,2
2021-06-24 15:55:17,17358,17358,17358,2,2
2021-06-24 15:56:01,17358,17358,17358,2,2
2021-06-24 15:56:05,17358,17358,17358,2,2
2021-06-24 15:56:05,17358,17358,17358,10,10
2021-06-24 15:56:27,17359,17359,17359,10,10
2021-06-24 15:56:27,17359,17359,17359,6,6
2021-06-24 15:56:27,17359,17359,17359,6,6
2021-06-24 15:56:33,17360,17360,17360,4,4
2021-06-24 15:56:33,17360,17360,17360,2,2
2021-06-24 15:56:33,17360,17360,17360,4,4
2021-06-24 15:56:33,17360,17360,17360,4,4
2021-06-24 15:56:42,17358,17358,17358,2,-2
2021-06-24 15:56:44,17360,17360,17360,2,2
2021-06-24 15:56:58,17360,17360,17360,2,2
2021-06-24 15:57:02,17360,17360,17360,2,2
2021-06-24 15:57:31,17358,17358,17358,4,-4
2021-06-24 15:57:36,17357,17357,17357,2,-2
2021-06-24 15:57:36,17357,17357,17357,2,2
2021-06-24 15:57:36,17357,17357,17357,2,2
2021-06-24 15:57:36,17357,17357,17357,2,2
2021-06-24 15:57:36,17357,17357,17357,2,2
2021-06-24 15:57:36,17356,17356,17356,2,-2
2021-06-24 15:57:36,17356,17356,17356,2,2
2021-06-24 15:57:36,17356,17356,17356,2,2
2021-06-24 15:57:40,17357,17357,17357,8,8
2021-06-24 15:57:40,17356,17356,17356,2,-2
2021-06-24 15:57:51,17358,17358,17358,8,8
2021-06-24 15:57:57,17356,17356,17356,2,-2
2021-06-24 15:57:59,17358,17358,17358,4,4
2021-06-24 15:58:00,17356,17356,17356,2,-2
2021-06-24 15:58:04,17357,17357,17357,2,2
2021-06-24 15:58:05,17356,17356,17356,2,-2
2021-06-24 15:58:05,17356,17356,17356,2,2
2021-06-24 15:58:05,17356,17356,17356,2,2
2021-06-24 15:58:27,17357,17357,17357,4,4
2021-06-24 15:58:27,17357,17357,17357,2,2
2021-06-24 15:58:38,17356,17356,17356,2,-2
2021-06-24 15:58:38,17356,17356,17356,4,4
2021-06-24 15:58:38,17356,17356,17356,6,6
2021-06-24 15:58:38,17356,17356,17356,14,14
2021-06-24 15:58:38,17356,17356,17356,4,4
2021-06-24 15:58:38,17356,17356,17356,2,2
2021-06-24 15:58:53,17356,17356,17356,2,2
2021-06-24 15:58:54,17357,17357,17357,2,2
2021-06-24 15:59:13,17357,17357,17357,2,2
2021-06-24 15:59:25,17356,17356,17356,2,-2
2021-06-24 15:59:42,17356,17356,17356,2,2
2021-06-24 15:59:42,17356,17356,17356,2,2
2021-06-24 15:59:42,17356,17356,17356,2,2
2021-06-24 15:59:42,17356,17356,17356,2,2
2021-06-24 15:59:42,17356,17356,17356,2,2
2021-06-24 15:59:42,17356,17356,17356,2,2
2021-06-24 15:59:54,17357,17357,17357,6,6
2021-06-24 15:59:55,17356,17356,17356,2,-2
2021-06-24 16:00:02,17355,17355,17355,2,-2
2021-06-24 16:00:02,17355,17355,17355,2,2
2021-06-24 16:00:02,17355,17355,17355,2,2
2021-06-24 16:00:02,17355,17355,17355,4,4
2021-06-24 16:00:02,17355,17355,17355,2,2
2021-06-24 16:00:02,17355,17355,17355,2,2
2021-06-24 16:00:03,17354,17354,17354,2,-2
2021-06-24 16:00:03,17353,17353,17353,2,-2
2021-06-24 16:00:03,17353,17353,17353,2,2
2021-06-24 16:00:03,17353,17353,17353,2,2
2021-06-24 16:00:03,17353,17353,17353,2,2
2021-06-24 16:00:03,17353,17353,17353,2,2
2021-06-24 16:00:03,17352,17352,17352,2,-2
2021-06-24 16:00:03,17352,17352,17352,2,2
2021-06-24 16:00:03,17352,17352,17352,2,2
2021-06-24 16:00:03,17352,17352,17352,2,2
2021-06-24 16:00:04,17356,17356,17356,2,2
2021-06-24 16:00:04,17354,17354,17354,2,-2
2021-06-24 16:00:04,17354,17354,17354,2,2
2021-06-24 16:00:04,17354,17354,17354,2,2
2021-06-24 16:00:05,17355,17355,17355,2,2
2021-06-24 16:00:06,17354,17354,17354,2,-2
2021-06-24 16:00:08,17355,17355,17355,2,2
2021-06-24 16:00:33,17356,17356,17356,2,2
2021-06-24 16:00:37,17356,17356,17356,2,2
2021-06-24 16:00:45,17355,17355,17355,2,-2
2021-06-24 16:00:45,17355,17355,17355,2,2
2021-06-24 16:00:54,17356,17356,17356,2,2
2021-06-24 16:00:57,17356,17356,17356,2,2
2021-06-24 16:00:58,17356,17356,17356,2,2
2021-06-24 16:01:05,17356,17356,17356,2,2
2021-06-24 16:01:16,17356,17356,17356,2,2
2021-06-24 16:01:25,17356,17356,17356,6,6
2021-06-24 16:01:49,17357,17357,17357,2,2
2021-06-24 16:01:49,17358,17358,17358,2,2
2021-06-24 16:01:49,17358,17358,17358,2,2
2021-06-24 16:01:49,17358,17358,17358,2,2
2021-06-24 16:01:49,17358,17358,17358,2,2
2021-06-24 16:01:49,17358,17358,17358,2,2
2021-06-24 16:01:49,17358,17358,17358,2,2
2021-06-24 16:01:49,17358,17358,17358,2,2
2021-06-24 16:01:49,17358,17358,17358,2,2
2021-06-24 16:01:49,17358,17358,17358,10,10
2021-06-24 16:01:49,17358,17358,17358,2,2
2021-06-24 16:01:49,17359,17359,17359,4,4
2021-06-24 16:01:49,17359,17359,17359,6,6
2021-06-24 16:01:49,17359,17359,17359,2,2
2021-06-24 16:01:49,17360,17360,17360,4,4
2021-06-24 16:01:49,17360,17360,17360,2,2
2021-06-24 16:01:49,17360,17360,17360,4,4
2021-06-24 16:01:49,17360,17360,17360,6,6
2021-06-24 16:01:49,17360,17360,17360,2,2
2021-06-24 16:01:50,17361,17361,17361,14,14
2021-06-24 16:01:50,17361,17361,17361,2,2
2021-06-24 16:01:50,17360,17360,17360,2,-2
2021-06-24 16:01:51,17360,17360,17360,4,4
2021-06-24 16:01:53,17361,17361,17361,2,2
2021-06-24 16:01:55,17361,17361,17361,10,10
2021-06-24 16:01:55,17361,17361,17361,2,2
2021-06-24 16:01:55,17361,17361,17361,4,4
2021-06-24 16:01:55,17361,17361,17361,4,4
2021-06-24 16:01:55,17361,17361,17361,4,4
2021-06-24 16:01:55,17361,17361,17361,2,2
2021-06-24 16:01:55,17361,17361,17361,2,2
2021-06-24 16:01:55,17361,17361,17361,2,2
2021-06-24 16:02:02,17361,17361,17361,2,2
2021-06-24 16:02:02,17361,17361,17361,2,2
2021-06-24 16:02:02,17361,17361,17361,2,2
2021-06-24 16:02:02,17361,17361,17361,2,2
2021-06-24 16:02:03,17360,17360,17360,2,-2
2021-06-24 16:02:03,17360,17360,17360,2,2
2021-06-24 16:02:04,17361,17361,17361,2,2
2021-06-24 16:02:05,17359,17359,17359,2,-2
2021-06-24 16:02:06,17361,17361,17361,2,2
2021-06-24 16:02:07,17362,17362,17362,2,2
2021-06-24 16:02:08,17362,17362,17362,6,6
2021-06-24 16:02:09,17362,17362,17362,2,2
2021-06-24 16:02:09,17362,17362,17362,6,6
2021-06-24 16:02:09,17362,17362,17362,12,12
2021-06-24 16:02:09,17362,17362,17362,6,6
2021-06-24 16:02:09,17362,17362,17362,2,2
2021-06-24 16:02:09,17362,17362,17362,6,6
2021-06-24 16:02:10,17362,17362,17362,2,2
2021-06-24 16:02:11,17362,17362,17362,2,2
2021-06-24 16:02:11,17362,17362,17362,2,2
2021-06-24 16:02:12,17362,17362,17362,4,4
2021-06-24 16:02:13,17361,17361,17361,2,-2
2021-06-24 16:02:14,17362,17362,17362,2,2
2021-06-24 16:02:15,17361,17361,17361,4,-4
2021-06-24 16:02:15,17361,17361,17361,2,2
2021-06-24 16:02:15,17362,17362,17362,4,4
2021-06-24 16:02:16,17361,17361,17361,2,-2
2021-06-24 16:02:17,17362,17362,17362,2,2
2021-06-24 16:02:19,17362,17362,17362,2,2
2021-06-24 16:02:20,17361,17361,17361,4,-4
2021-06-24 16:02:23,17362,17362,17362,2,2
2021-06-24 16:02:24,17362,17362,17362,2,2
2021-06-24 16:02:25,17362,17362,17362,2,2
2021-06-24 16:02:25,17362,17362,17362,2,2
2021-06-24 16:02:28,17362,17362,17362,2,2
2021-06-24 16:02:32,17363,17363,17363,2,2
2021-06-24 16:02:32,17363,17363,17363,4,4
2021-06-24 16:02:32,17363,17363,17363,4,4
2021-06-24 16:02:32,17363,17363,17363,2,2
2021-06-24 16:02:32,17363,17363,17363,16,16
2021-06-24 16:02:32,17363,17363,17363,10,10
2021-06-24 16:02:32,17363,17363,17363,2,2
2021-06-24 16:02:32,17363,17363,17363,10,10
2021-06-24 16:02:32,17363,17363,17363,2,2
2021-06-24 16:02:32,17363,17363,17363,6,6
2021-06-24 16:02:32,17364,17364,17364,4,4
2021-06-24 16:02:32,17364,17364,17364,4,4
2021-06-24 16:02:32,17364,17364,17364,16,16
2021-06-24 16:02:32,17364,17364,17364,20,20
2021-06-24 16:02:32,17364,17364,17364,12,12
2021-06-24 16:02:34,17362,17362,17362,2,-2
2021-06-24 16:02:37,17364,17364,17364,2,2
2021-06-24 16:02:44,17364,17364,17364,4,4
2021-06-24 16:02:44,17364,17364,17364,2,2
2021-06-24 16:02:44,17364,17364,17364,2,2
2021-06-24 16:02:44,17364,17364,17364,2,2
2021-06-24 16:02:51,17364,17364,17364,2,2
2021-06-24 16:02:51,17364,17364,17364,2,2
2021-06-24 16:02:51,17364,17364,17364,2,2
2021-06-24 16:02:55,17364,17364,17364,2,2
2021-06-24 16:02:55,17364,17364,17364,2,2
2021-06-24 16:02:55,17364,17364,17364,2,2
2021-06-24 16:02:55,17364,17364,17364,2,2
2021-06-24 16:02:55,17364,17364,17364,2,2
2021-06-24 16:02:55,17365,17365,17365,2,2
2021-06-24 16:02:55,17365,17365,17365,2,2
2021-06-24 16:02:55,17365,17365,17365,2,2
2021-06-24 16:02:55,17365,17365,17365,2,2
2021-06-24 16:02:55,17365,17365,17365,2,2
2021-06-24 16:02:55,17365,17365,17365,2,2
2021-06-24 16:02:59,17365,17365,17365,2,2
2021-06-24 16:02:59,17364,17364,17364,2,-2
2021-06-24 16:03:02,17364,17364,17364,2,2
2021-06-24 16:03:03,17364,17364,17364,2,2
2021-06-24 16:03:05,17364,17364,17364,2,2
2021-06-24 16:03:05,17364,17364,17364,2,2
2021-06-24 16:03:07,17363,17363,17363,2,-2
2021-06-24 16:03:07,17363,17363,17363,2,2
2021-06-24 16:03:07,17363,17363,17363,2,2
2021-06-24 16:03:07,17363,17363,17363,8,8
2021-06-24 16:03:07,17363,17363,17363,2,2
2021-06-24 16:03:07,17363,17363,17363,2,2
2021-06-24 16:03:07,17363,17363,17363,2,2
2021-06-24 16:03:07,17362,17362,17362,2,-2
2021-06-24 16:03:07,17362,17362,17362,2,2
2021-06-24 16:03:07,17363,17363,17363,2,2
2021-06-24 16:03:08,17361,17361,17361,2,-2
2021-06-24 16:03:08,17362,17362,17362,2,2
2021-06-24 16:03:32,17363,17363,17363,4,4
2021-06-24 16:03:37,17363,17363,17363,2,2
2021-06-24 16:03:48,17362,17362,17362,4,-4
2021-06-24 16:03:48,17362,17362,17362,2,2
2021-06-24 16:03:48,17362,17362,17362,2,2
2021-06-24 16:03:48,17362,17362,17362,6,6
2021-06-24 16:03:48,17362,17362,17362,2,2
2021-06-24 16:03:48,17361,17361,17361,2,-2
2021-06-24 16:03:48,17361,17361,17361,2,2
2021-06-24 16:04:09,17362,17362,17362,2,2
2021-06-24 16:04:09,17362,17362,17362,2,2
2021-06-24 16:04:09,17362,17362,17362,2,2
2021-06-24 16:04:09,17362,17362,17362,4,4
2021-06-24 16:04:10,17362,17362,17362,10,10
2021-06-24 16:04:10,17362,17362,17362,4,4
2021-06-24 16:04:10,17362,17362,17362,2,2
2021-06-24 16:04:17,17363,17363,17363,4,4
2021-06-24 16:04:18,17363,17363,17363,2,2
2021-06-24 16:04:18,17362,17362,17362,2,-2
2021-06-24 16:04:18,17362,17362,17362,2,2
2021-06-24 16:04:18,17362,17362,17362,2,2
2021-06-24 16:04:18,17362,17362,17362,4,4
2021-06-24 16:04:20,17362,17362,17362,2,2
2021-06-24 16:04:37,17363,17363,17363,4,4
2021-06-24 16:04:37,17363,17363,17363,2,2
2021-06-24 16:04:37,17363,17363,17363,2,2
2021-06-24 16:04:37,17364,17364,17364,6,6
2021-06-24 16:04:37,17364,17364,17364,6,6
2021-06-24 16:04:41,17364,17364,17364,2,2
2021-06-24 16:04:42,17364,17364,17364,4,4
2021-06-24 16:04:47,17364,17364,17364,2,2
2021-06-24 16:04:52,17365,17365,17365,6,6
2021-06-24 16:04:57,17365,17365,17365,6,6
2021-06-24 16:04:58,17364,17364,17364,2,-2
2021-06-24 16:05:01,17365,17365,17365,4,4
2021-06-24 16:05:01,17365,17365,17365,2,2
2021-06-24 16:05:14,17364,17364,17364,2,-2
2021-06-24 16:05:16,17364,17364,17364,2,2
2021-06-24 16:05:22,17363,17363,17363,2,-2
2021-06-24 16:05:29,17363,17363,17363,2,2
2021-06-24 16:05:29,17363,17363,17363,4,4
2021-06-24 16:05:34,17364,17364,17364,2,2
2021-06-24 16:05:34,17364,17364,17364,6,6
2021-06-24 16:05:34,17364,17364,17364,2,2
2021-06-24 16:05:34,17364,17364,17364,2,2
2021-06-24 16:05:34,17364,17364,17364,2,2
2021-06-24 16:05:34,17364,17364,17364,2,2
2021-06-24 16:05:36,17363,17363,17363,2,-2
2021-06-24 16:05:44,17364,17364,17364,2,2
2021-06-24 16:05:46,17365,17365,17365,16,16
2021-06-24 16:05:46,17365,17365,17365,2,2
2021-06-24 16:05:46,17365,17365,17365,6,6
2021-06-24 16:05:46,17365,17365,17365,2,2
2021-06-24 16:05:46,17365,17365,17365,2,2
2021-06-24 16:05:46,17365,17365,17365,20,20
2021-06-24 16:05:46,17366,17366,17366,2,2
2021-06-24 16:05:46,17366,17366,17366,2,2
2021-06-24 16:05:46,17366,17366,17366,2,2
2021-06-24 16:05:46,17366,17366,17366,4,4
2021-06-24 16:05:47,17366,17366,17366,2,2
2021-06-24 16:05:50,17366,17366,17366,2,2
2021-06-24 16:05:50,17366,17366,17366,2,2
2021-06-24 16:05:54,17365,17365,17365,2,-2
2021-06-24 16:05:54,17366,17366,17366,20,20
2021-06-24 16:05:54,17366,17366,17366,2,2
2021-06-24 16:05:54,17366,17366,17366,2,2
2021-06-24 16:05:54,17366,17366,17366,2,2
2021-06-24 16:05:54,17366,17366,17366,2,2
2021-06-24 16:05:55,17366,17366,17366,2,2
2021-06-24 16:05:55,17366,17366,17366,2,2
2021-06-24 16:05:56,17366,17366,17366,6,6
2021-06-24 16:05:57,17366,17366,17366,2,2
2021-06-24 16:06:00,17366,17366,17366,2,2
2021-06-24 16:06:00,17366,17366,17366,2,2
2021-06-24 16:06:00,17366,17366,17366,6,6
2021-06-24 16:06:00,17366,17366,17366,2,2
2021-06-24 16:06:00,17366,17366,17366,2,2
2021-06-24 16:06:00,17365,17365,17365,2,-2
2021-06-24 16:06:00,17367,17367,17367,2,2
2021-06-24 16:06:01,17366,17366,17366,2,-2
2021-06-24 16:06:01,17367,17367,17367,2,2
2021-06-24 16:06:01,17367,17367,17367,2,2
2021-06-24 16:06:01,17367,17367,17367,2,2
2021-06-24 16:06:04,17366,17366,17366,2,-2
2021-06-24 16:06:05,17367,17367,17367,16,16
2021-06-24 16:06:05,17367,17367,17367,2,2
2021-06-24 16:06:09,17366,17366,17366,2,-2
2021-06-24 16:06:10,17367,17367,17367,26,26
2021-06-24 16:06:12,17367,17367,17367,2,2
2021-06-24 16:06:13,17367,17367,17367,30,30
2021-06-24 16:06:14,17367,17367,17367,2,2
2021-06-24 16:06:17,17366,17366,17366,2,-2
2021-06-24 16:06:17,17366,17366,17366,10,10
2021-06-24 16:06:17,17366,17366,17366,2,2
2021-06-24 16:06:17,17366,17366,17366,2,2
2021-06-24 16:06:17,17366,17366,17366,2,2
2021-06-24 16:06:18,17366,17366,17366,2,2
2021-06-24 16:06:18,17366,17366,17366,4,4
2021-06-24 16:06:18,17366,17366,17366,8,8
2021-06-24 16:06:18,17366,17366,17366,2,2
2021-06-24 16:06:25,17366,17366,17366,2,2
2021-06-24 16:06:30,17366,17366,17366,2,2
2021-06-24 16:06:30,17367,17367,17367,2,2
2021-06-24 16:06:33,17366,17366,17366,2,-2
2021-06-24 16:06:34,17365,17365,17365,2,-2
2021-06-24 16:06:48,17367,17367,17367,2,2
2021-06-24 16:06:57,17367,17367,17367,2,2
2021-06-24 16:07:02,17367,17367,17367,2,2
2021-06-24 16:07:02,17367,17367,17367,2,2
2021-06-24 16:07:03,17367,17367,17367,2,2
2021-06-24 16:07:09,17367,17367,17367,2,2
2021-06-24 16:07:11,17367,17367,17367,2,2
2021-06-24 16:07:11,17367,17367,17367,2,2
2021-06-24 16:07:17,17367,17367,17367,2,2
2021-06-24 16:07:17,17367,17367,17367,2,2
2021-06-24 16:07:19,17367,17367,17367,2,2
2021-06-24 16:07:26,17367,17367,17367,2,2
2021-06-24 16:07:37,17366,17366,17366,4,-4
2021-06-24 16:07:37,17366,17366,17366,2,2
2021-06-24 16:07:37,17366,17366,17366,60,60
2021-06-24 16:07:37,17366,17366,17366,2,2
2021-06-24 16:07:37,17366,17366,17366,2,2
2021-06-24 16:07:37,17365,17365,17365,2,-2
2021-06-24 16:07:37,17366,17366,17366,8,8
2021-06-24 16:07:38,17366,17366,17366,2,2
2021-06-24 16:07:58,17366,17366,17366,2,2
2021-06-24 16:07:59,17366,17366,17366,2,2
2021-06-24 16:07:59,17365,17365,17365,2,-2
2021-06-24 16:07:59,17366,17366,17366,2,2
2021-06-24 16:08:04,17366,17366,17366,2,2
2021-06-24 16:08:04,17367,17367,17367,2,2
2021-06-24 16:08:09,17367,17367,17367,2,2
2021-06-24 16:08:09,17367,17367,17367,6,6
2021-06-24 16:08:17,17366,17366,17366,2,-2
2021-06-24 16:08:17,17367,17367,17367,6,6
2021-06-24 16:08:19,17367,17367,17367,2,2
2021-06-24 16:08:20,17367,17367,17367,2,2
2021-06-24 16:08:24,17367,17367,17367,4,4
2021-06-24 16:08:24,17367,17367,17367,6,6
2021-06-24 16:08:28,17367,17367,17367,2,2
2021-06-24 16:08:33,17367,17367,17367,6,6
2021-06-24 16:08:33,17368,17368,17368,2,2
2021-06-24 16:08:33,17368,17368,17368,8,8
2021-06-24 16:08:33,17368,17368,17368,2,2
2021-06-24 16:08:46,17367,17367,17367,2,-2
2021-06-24 16:08:48,17366,17366,17366,2,-2
2021-06-24 16:08:48,17366,17366,17366,2,2
2021-06-24 16:08:55,17365,17365,17365,2,-2
2021-06-24 16:08:55,17365,17365,17365,2,2
2021-06-24 16:08:55,17365,17365,17365,10,10
2021-06-24 16:08:55,17365,17365,17365,2,2
2021-06-24 16:08:55,17365,17365,17365,4,4
2021-06-24 16:08:57,17365,17365,17365,2,2
2021-06-24 16:08:59,17365,17365,17365,2,2
2021-06-24 16:09:15,17364,17364,17364,2,-2
2021-06-24 16:09:16,17364,17364,17364,6,6
2021-06-24 16:09:16,17364,17364,17364,2,2
2021-06-24 16:09:32,17364,17364,17364,2,2
2021-06-24 16:09:32,17364,17364,17364,2,2
2021-06-24 16:09:32,17365,17365,17365,6,6
2021-06-24 16:09:37,17365,17365,17365,2,2
2021-06-24 16:09:53,17365,17365,17365,2,2
2021-06-24 16:09:53,17366,17366,17366,6,6
2021-06-24 16:10:02,17365,17365,17365,2,-2
2021-06-24 16:10:05,17365,17365,17365,2,2
2021-06-24 16:10:13,17365,17365,17365,4,4
2021-06-24 16:10:22,17366,17366,17366,2,2
2021-06-24 16:10:25,17366,17366,17366,2,2
2021-06-24 16:10:37,17366,17366,17366,2,2
2021-06-24 16:10:41,17366,17366,17366,4,4
2021-06-24 16:10:46,17366,17366,17366,2,2
2021-06-24 16:11:01,17365,17365,17365,2,-2
2021-06-24 16:11:02,17366,17366,17366,2,2
2021-06-24 16:11:06,17365,17365,17365,2,-2
2021-06-24 16:11:06,17365,17365,17365,2,2
2021-06-24 16:11:07,17365,17365,17365,8,8
2021-06-24 16:11:07,17365,17365,17365,2,2
2021-06-24 16:11:07,17365,17365,17365,2,2
2021-06-24 16:11:07,17365,17365,17365,2,2
2021-06-24 16:11:15,17365,17365,17365,2,2
2021-06-24 16:11:15,17365,17365,17365,2,2
2021-06-24 16:11:15,17365,17365,17365,2,2
2021-06-24 16:11:20,17365,17365,17365,4,4
2021-06-24 16:11:21,17365,17365,17365,4,4
2021-06-24 16:11:28,17366,17366,17366,2,2
2021-06-24 16:11:44,17365,17365,17365,2,-2
2021-06-24 16:11:58,17365,17365,17365,2,2
2021-06-24 16:11:59,17365,17365,17365,2,2
2021-06-24 16:12:00,17365,17365,17365,2,2
2021-06-24 16:12:00,17365,17365,17365,2,2
2021-06-24 16:12:01,17365,17365,17365,2,2
2021-06-24 16:12:01,17365,17365,17365,2,2
2021-06-24 16:12:07,17365,17365,17365,2,2
2021-06-24 16:12:10,17365,17365,17365,2,2
2021-06-24 16:12:19,17365,17365,17365,2,2
2021-06-24 16:12:24,17365,17365,17365,6,6
2021-06-24 16:12:29,17365,17365,17365,2,2
2021-06-24 16:12:38,17365,17365,17365,4,4
2021-06-24 16:12:38,17365,17365,17365,2,2
2021-06-24 16:13:05,17365,17365,17365,4,4
2021-06-24 16:13:20,17364,17364,17364,4,-4
2021-06-24 16:13:20,17364,17364,17364,2,2
2021-06-24 16:13:20,17364,17364,17364,2,2
2021-06-24 16:13:20,17364,17364,17364,2,2
2021-06-24 16:13:39,17363,17363,17363,2,-2
2021-06-24 16:13:39,17363,17363,17363,4,4
2021-06-24 16:13:39,17363,17363,17363,2,2
2021-06-24 16:13:41,17363,17363,17363,4,4
2021-06-24 16:14:01,17363,17363,17363,4,4
2021-06-24 16:14:09,17363,17363,17363,4,4
2021-06-24 16:14:09,17362,17362,17362,2,-2
2021-06-24 16:14:09,17362,17362,17362,2,2
2021-06-24 16:14:09,17362,17362,17362,2,2
2021-06-24 16:14:09,17362,17362,17362,4,4
2021-06-24 16:14:09,17364,17364,17364,2,2
2021-06-24 16:14:44,17364,17364,17364,8,8
2021-06-24 16:14:46,17364,17364,17364,2,2
2021-06-24 16:15:18,17365,17365,17365,2,2
2021-06-24 16:15:18,17365,17365,17365,2,2
2021-06-24 16:15:18,17365,17365,17365,2,2
2021-06-24 16:15:18,17365,17365,17365,16,16
2021-06-24 16:15:19,17366,17366,17366,10,10
2021-06-24 16:15:19,17365,17365,17365,4,-4
2021-06-24 16:15:19,17366,17366,17366,10,10
2021-06-24 16:15:19,17366,17366,17366,2,2
2021-06-24 16:15:30,17366,17366,17366,4,4
2021-06-24 16:15:38,17365,17365,17365,4,-4
2021-06-24 16:15:38,17365,17365,17365,2,2
2021-06-24 16:15:38,17365,17365,17365,2,2
2021-06-24 16:15:44,17365,17365,17365,2,2
2021-06-24 16:15:47,17365,17365,17365,4,4
2021-06-24 16:15:47,17365,17365,17365,2,2
2021-06-24 16:16:15,17365,17365,17365,2,2
2021-06-24 16:16:15,17365,17365,17365,8,8
2021-06-24 16:16:15,17365,17365,17365,2,2
2021-06-24 16:16:15,17365,17365,17365,4,4
2021-06-24 16:16:15,17365,17365,17365,2,2
2021-06-24 16:16:15,17365,17365,17365,2,2
2021-06-24 16:16:15,17365,17365,17365,8,8
2021-06-24 16:16:27,17365,17365,17365,2,2
2021-06-24 16:16:27,17366,17366,17366,4,4
2021-06-24 16:16:28,17366,17366,17366,2,2
2021-06-24 16:16:28,17366,17366,17366,2,2
2021-06-24 16:16:28,17366,17366,17366,2,2
2021-06-24 16:16:42,17366,17366,17366,2,2
2021-06-24 16:17:16,17366,17366,17366,8,8
2021-06-24 16:17:16,17366,17366,17366,4,4
2021-06-24 16:17:16,17367,17367,17367,2,2
2021-06-24 16:17:16,17367,17367,17367,2,2
2021-06-24 16:17:16,17367,17367,17367,2,2
2021-06-24 16:17:16,17366,17366,17366,2,-2
2021-06-24 16:17:17,17367,17367,17367,4,4
2021-06-24 16:17:17,17367,17367,17367,4,4
2021-06-24 16:17:17,17367,17367,17367,2,2
2021-06-24 16:17:23,17367,17367,17367,4,4
2021-06-24 16:17:31,17367,17367,17367,2,2
2021-06-24 16:17:31,17367,17367,17367,2,2
2021-06-24 16:17:33,17367,17367,17367,4,4
2021-06-24 16:17:33,17367,17367,17367,10,10
2021-06-24 16:17:33,17367,17367,17367,2,2
2021-06-24 16:17:34,17367,17367,17367,12,12
2021-06-24 16:17:35,17367,17367,17367,2,2
2021-06-24 16:17:35,17368,17368,17368,2,2
2021-06-24 16:17:35,17368,17368,17368,2,2
2021-06-24 16:17:35,17368,17368,17368,2,2
2021-06-24 16:17:35,17368,17368,17368,4,4
2021-06-24 16:17:36,17368,17368,17368,2,2
2021-06-24 16:17:40,17368,17368,17368,14,14
2021-06-24 16:17:41,17368,17368,17368,4,4
2021-06-24 16:17:42,17368,17368,17368,2,2
2021-06-24 16:17:45,17368,17368,17368,2,2
2021-06-24 16:17:46,17368,17368,17368,4,4
2021-06-24 16:17:48,17368,17368,17368,2,2
2021-06-24 16:18:04,17368,17368,17368,2,2
2021-06-24 16:18:29,17368,17368,17368,2,2
2021-06-24 16:18:32,17367,17367,17367,6,-6
2021-06-24 16:18:32,17367,17367,17367,34,34
2021-06-24 16:18:32,17367,17367,17367,2,2
2021-06-24 16:18:32,17367,17367,17367,2,2
2021-06-24 16:18:32,17367,17367,17367,2,2
2021-06-24 16:18:32,17367,17367,17367,2,2
2021-06-24 16:18:32,17367,17367,17367,4,4
2021-06-24 16:18:32,17367,17367,17367,2,2
2021-06-24 16:18:32,17367,17367,17367,2,2
2021-06-24 16:18:32,17367,17367,17367,8,8
2021-06-24 16:18:32,17367,17367,17367,2,2
2021-06-24 16:18:32,17367,17367,17367,20,20
2021-06-24 16:18:32,17367,17367,17367,2,2
2021-06-24 16:18:32,17367,17367,17367,2,2
2021-06-24 16:18:32,17367,17367,17367,2,2
2021-06-24 16:18:32,17367,17367,17367,2,2
2021-06-24 16:18:32,17366,17366,17366,4,-4
2021-06-24 16:18:32,17366,17366,17366,2,2
2021-06-24 16:18:32,17367,17367,17367,2,2
2021-06-24 16:18:32,17366,17366,17366,2,-2
2021-06-24 16:18:32,17366,17366,17366,2,2
2021-06-24 16:18:32,17366,17366,17366,2,2
2021-06-24 16:18:33,17367,17367,17367,4,4
2021-06-24 16:19:03,17367,17367,17367,2,2
2021-06-24 16:19:09,17366,17366,17366,2,-2
2021-06-24 16:19:16,17366,17366,17366,2,2
2021-06-24 16:19:16,17366,17366,17366,2,2
2021-06-24 16:19:22,17367,17367,17367,6,6
2021-06-24 16:19:57,17367,17367,17367,2,2
2021-06-24 16:19:58,17367,17367,17367,2,2
2021-06-24 16:19:58,17367,17367,17367,2,2
2021-06-24 16:19:58,17368,17368,17368,36,36
2021-06-24 16:19:58,17368,17368,17368,4,4
2021-06-24 16:19:58,17368,17368,17368,4,4
2021-06-24 16:19:58,17368,17368,17368,6,6
2021-06-24 16:20:04,17367,17367,17367,2,-2
2021-06-24 16:20:04,17367,17367,17367,2,2
2021-06-24 16:20:04,17369,17369,17369,2,2
2021-06-24 16:20:04,17369,17369,17369,2,2
2021-06-24 16:20:04,17369,17369,17369,2,2
2021-06-24 16:20:05,17369,17369,17369,2,2
2021-06-24 16:20:11,17369,17369,17369,2,2
2021-06-24 16:20:22,17367,17367,17367,2,-2
2021-06-24 16:20:23,17368,17368,17368,2,2
2021-06-24 16:20:28,17368,17368,17368,2,2
2021-06-24 16:20:31,17368,17368,17368,2,2
2021-06-24 16:20:38,17369,17369,17369,2,2
2021-06-24 16:20:38,17369,17369,17369,2,2
2021-06-24 16:20:38,17369,17369,17369,4,4
2021-06-24 16:20:38,17369,17369,17369,2,2
2021-06-24 16:20:38,17369,17369,17369,2,2
2021-06-24 16:20:38,17369,17369,17369,4,4
2021-06-24 16:20:38,17369,17369,17369,24,24
2021-06-24 16:20:38,17369,17369,17369,2,2
2021-06-24 16:20:38,17369,17369,17369,16,16
2021-06-24 16:20:38,17369,17369,17369,14,14
2021-06-24 16:20:38,17369,17369,17369,14,14
2021-06-24 16:20:38,17369,17369,17369,2,2
2021-06-24 16:20:38,17369,17369,17369,6,6
2021-06-24 16:20:38,17369,17369,17369,2,2
2021-06-24 16:20:38,17369,17369,17369,2,2
2021-06-24 16:20:38,17370,17370,17370,14,14
2021-06-24 16:20:38,17370,17370,17370,2,2
2021-06-24 16:20:38,17370,17370,17370,14,14
2021-06-24 16:20:38,17370,17370,17370,4,4
2021-06-24 16:20:38,17370,17370,17370,2,2
2021-06-24 16:20:38,17370,17370,17370,4,4
2021-06-24 16:20:38,17370,17370,17370,2,2
2021-06-24 16:20:38,17370,17370,17370,2,2
2021-06-24 16:20:38,17370,17370,17370,4,4
2021-06-24 16:20:38,17370,17370,17370,2,2
2021-06-24 16:20:38,17370,17370,17370,4,4
2021-06-24 16:20:38,17370,17370,17370,2,2
2021-06-24 16:20:38,17370,17370,17370,2,2
2021-06-24 16:20:38,17370,17370,17370,26,26
2021-06-24 16:20:38,17371,17371,17371,2,2
2021-06-24 16:20:38,17371,17371,17371,2,2
2021-06-24 16:20:38,17371,17371,17371,2,2
2021-06-24 16:20:38,17371,17371,17371,10,10
2021-06-24 16:20:38,17371,17371,17371,10,10
2021-06-24 16:20:38,17371,17371,17371,2,2
2021-06-24 16:20:38,17371,17371,17371,34,34
2021-06-24 16:20:39,17372,17372,17372,8,8
2021-06-24 16:20:39,17372,17372,17372,2,2
2021-06-24 16:20:39,17372,17372,17372,2,2
2021-06-24 16:20:39,17372,17372,17372,2,2
2021-06-24 16:20:40,17371,17371,17371,2,-2
2021-06-24 16:20:42,17370,17370,17370,2,-2
2021-06-24 16:20:42,17370,17370,17370,2,2
2021-06-24 16:20:42,17370,17370,17370,2,2
2021-06-24 16:20:47,17370,17370,17370,2,2
2021-06-24 16:20:48,17369,17369,17369,2,-2
2021-06-24 16:20:49,17370,17370,17370,2,2
2021-06-24 16:20:53,17370,17370,17370,2,2
2021-06-24 16:20:55,17369,17369,17369,2,-2
2021-06-24 16:20:55,17369,17369,17369,2,2
2021-06-24 16:20:55,17369,17369,17369,2,2
2021-06-24 16:20:56,17369,17369,17369,2,2
2021-06-24 16:21:01,17369,17369,17369,4,4
2021-06-24 16:21:02,17369,17369,17369,2,2
2021-06-24 16:21:03,17370,17370,17370,2,2
2021-06-24 16:21:07,17370,17370,17370,4,4
2021-06-24 16:21:10,17370,17370,17370,2,2
2021-06-24 16:21:11,17370,17370,17370,2,2
2021-06-24 16:21:13,17369,17369,17369,2,-2
2021-06-24 16:21:14,17370,17370,17370,2,2
2021-06-24 16:21:18,17370,17370,17370,2,2
2021-06-24 16:21:24,17369,17369,17369,2,-2
2021-06-24 16:21:24,17369,17369,17369,2,2
2021-06-24 16:21:24,17369,17369,17369,2,2
2021-06-24 16:21:36,17369,17369,17369,2,2
2021-06-24 16:21:40,17370,17370,17370,10,10
2021-06-24 16:21:40,17370,17370,17370,2,2
2021-06-24 16:21:41,17371,17371,17371,2,2
2021-06-24 16:21:43,17370,17370,17370,2,-2
2021-06-24 16:21:49,17370,17370,17370,2,2
2021-06-24 16:21:55,17370,17370,17370,2,2
2021-06-24 16:22:03,17370,17370,17370,2,2
2021-06-24 16:22:04,17370,17370,17370,2,2
2021-06-24 16:22:04,17370,17370,17370,2,2
2021-06-24 16:22:06,17370,17370,17370,2,2
2021-06-24 16:22:11,17371,17371,17371,2,2
2021-06-24 16:22:11,17371,17371,17371,2,2
2021-06-24 16:22:14,17371,17371,17371,2,2
2021-06-24 16:22:24,17371,17371,17371,2,2
2021-06-24 16:22:25,17370,17370,17370,2,-2
2021-06-24 16:22:25,17370,17370,17370,2,2
2021-06-24 16:22:25,17370,17370,17370,2,2
2021-06-24 16:22:30,17369,17369,17369,2,-2
2021-06-24 16:22:30,17369,17369,17369,2,2
2021-06-24 16:22:30,17369,17369,17369,2,2
2021-06-24 16:22:30,17369,17369,17369,2,2
2021-06-24 16:22:30,17369,17369,17369,2,2
2021-06-24 16:22:43,17368,17368,17368,2,-2
2021-06-24 16:22:47,17368,17368,17368,2,2
2021-06-24 16:22:50,17368,17368,17368,2,2
2021-06-24 16:22:50,17368,17368,17368,2,2
2021-06-24 16:22:50,17368,17368,17368,4,4
2021-06-24 16:22:55,17368,17368,17368,2,2
2021-06-24 16:22:56,17368,17368,17368,2,2
2021-06-24 16:22:56,17368,17368,17368,2,2
2021-06-24 16:22:56,17368,17368,17368,2,2
2021-06-24 16:23:01,17368,17368,17368,2,2
2021-06-24 16:23:02,17368,17368,17368,2,2
2021-06-24 16:23:13,17368,17368,17368,2,2
2021-06-24 16:23:16,17368,17368,17368,2,2
2021-06-24 16:23:20,17367,17367,17367,2,-2
2021-06-24 16:23:20,17367,17367,17367,2,2
2021-06-24 16:23:20,17367,17367,17367,2,2
2021-06-24 16:23:20,17367,17367,17367,2,2
2021-06-24 16:23:20,17367,17367,17367,2,2
2021-06-24 16:23:29,17367,17367,17367,2,2
2021-06-24 16:23:43,17368,17368,17368,4,4
2021-06-24 16:23:51,17368,17368,17368,2,2
2021-06-24 16:23:53,17368,17368,17368,2,2
2021-06-24 16:24:02,17368,17368,17368,2,2
2021-06-24 16:24:03,17367,17367,17367,2,-2
2021-06-24 16:24:03,17367,17367,17367,2,2
2021-06-24 16:24:03,17367,17367,17367,2,2
2021-06-24 16:24:03,17367,17367,17367,4,4
2021-06-24 16:24:03,17369,17369,17369,16,16
2021-06-24 16:24:03,17369,17369,17369,18,18
2021-06-24 16:24:03,17370,17370,17370,2,2
2021-06-24 16:24:03,17370,17370,17370,10,10
2021-06-24 16:24:03,17371,17371,17371,2,2
2021-06-24 16:24:03,17369,17369,17369,2,-2
2021-06-24 16:24:05,17369,17369,17369,2,2
2021-06-24 16:24:38,17369,17369,17369,2,2
2021-06-24 16:24:42,17368,17368,17368,2,-2
2021-06-24 16:24:45,17368,17368,17368,2,2
2021-06-24 16:24:50,17367,17367,17367,26,-26
2021-06-24 16:24:50,17367,17367,17367,6,6
2021-06-24 16:24:50,17367,17367,17367,2,2
2021-06-24 16:24:50,17367,17367,17367,4,4
2021-06-24 16:24:50,17367,17367,17367,2,2
2021-06-24 16:24:50,17367,17367,17367,2,2
2021-06-24 16:24:50,17366,17366,17366,2,-2
2021-06-24 16:24:50,17366,17366,17366,2,2
2021-06-24 16:24:50,17366,17366,17366,2,2
2021-06-24 16:24:50,17366,17366,17366,2,2
2021-06-24 16:24:50,17366,17366,17366,2,2
2021-06-24 16:24:55,17366,17366,17366,2,2
2021-06-24 16:24:55,17367,17367,17367,2,2
2021-06-24 16:25:09,17366,17366,17366,2,-2
2021-06-24 16:25:09,17366,17366,17366,2,2
2021-06-24 16:25:10,17367,17367,17367,6,6
2021-06-24 16:25:11,17365,17365,17365,2,-2
2021-06-24 16:25:12,17365,17365,17365,2,2
2021-06-24 16:25:21,17366,17366,17366,2,2
2021-06-24 16:25:39,17366,17366,17366,2,2
2021-06-24 16:25:39,17366,17366,17366,2,2
2021-06-24 16:25:43,17367,17367,17367,2,2
2021-06-24 16:25:46,17366,17366,17366,2,-2
2021-06-24 16:25:46,17366,17366,17366,2,2
2021-06-24 16:25:49,17366,17366,17366,2,2
2021-06-24 16:26:07,17367,17367,17367,4,4
2021-06-24 16:26:15,17368,17368,17368,4,4
2021-06-24 16:26:19,17368,17368,17368,2,2
2021-06-24 16:26:21,17368,17368,17368,2,2
2021-06-24 16:26:37,17367,17367,17367,2,-2
2021-06-24 16:26:52,17368,17368,17368,2,2
2021-06-24 16:27:01,17368,17368,17368,2,2
2021-06-24 16:27:07,17369,17369,17369,6,6
2021-06-24 16:27:28,17369,17369,17369,2,2
2021-06-24 16:27:44,17368,17368,17368,2,-2
2021-06-24 16:27:44,17368,17368,17368,2,2
2021-06-24 16:27:44,17368,17368,17368,2,2
2021-06-24 16:28:04,17367,17367,17367,2,-2
2021-06-24 16:28:32,17368,17368,17368,2,2
2021-06-24 16:29:21,17368,17368,17368,2,2
2021-06-24 16:29:21,17368,17368,17368,2,2
2021-06-24 16:29:21,17368,17368,17368,2,2
2021-06-24 16:29:21,17368,17368,17368,2,2
2021-06-24 16:29:21,17368,17368,17368,2,2
2021-06-24 16:29:21,17368,17368,17368,2,2
2021-06-24 16:29:23,17368,17368,17368,4,4
2021-06-24 16:29:42,17367,17367,17367,2,-2
2021-06-24 16:29:42,17367,17367,17367,2,2
2021-06-24 16:29:42,17367,17367,17367,2,2
2021-06-24 16:29:42,17367,17367,17367,2,2
2021-06-24 16:29:42,17367,17367,17367,2,2
2021-06-24 16:29:42,17367,17367,17367,2,2
2021-06-24 16:29:48,17367,17367,17367,2,2
2021-06-24 16:29:48,17368,17368,17368,4,4
2021-06-24 16:29:53,17368,17368,17368,2,2
2021-06-24 16:30:11,17367,17367,17367,2,-2
2021-06-24 16:30:18,17368,17368,17368,2,2
2021-06-24 16:30:18,17368,17368,17368,2,2
2021-06-24 16:30:18,17368,17368,17368,2,2
2021-06-24 16:30:18,17368,17368,17368,2,2
2021-06-24 16:30:18,17367,17367,17367,2,-2
2021-06-24 16:30:31,17369,17369,17369,2,2
2021-06-24 16:30:59,17369,17369,17369,2,2
2021-06-24 16:31:08,17368,17368,17368,2,-2
2021-06-24 16:31:21,17368,17368,17368,6,6
2021-06-24 16:31:24,17367,17367,17367,2,-2
2021-06-24 16:31:30,17367,17367,17367,2,2
2021-06-24 16:31:36,17367,17367,17367,2,2
2021-06-24 16:31:50,17367,17367,17367,2,2
2021-06-24 16:31:51,17368,17368,17368,4,4
2021-06-24 16:32:00,17369,17369,17369,4,4
2021-06-24 16:32:00,17369,17369,17369,8,8
2021-06-24 16:32:09,17370,17370,17370,10,10
2021-06-24 16:32:15,17369,17369,17369,2,-2
2021-06-24 16:32:15,17369,17369,17369,4,4
2021-06-24 16:32:15,17369,17369,17369,2,2
2021-06-24 16:32:15,17369,17369,17369,2,2
2021-06-24 16:32:15,17369,17369,17369,2,2
2021-06-24 16:32:26,17369,17369,17369,4,4
2021-06-24 16:32:44,17369,17369,17369,2,2
2021-06-24 16:32:50,17369,17369,17369,6,6
2021-06-24 16:33:03,17369,17369,17369,2,2
2021-06-24 16:33:13,17370,17370,17370,2,2
2021-06-24 16:33:13,17370,17370,17370,16,16
2021-06-24 16:33:13,17370,17370,17370,2,2
2021-06-24 16:33:13,17370,17370,17370,2,2
2021-06-24 16:33:13,17370,17370,17370,6,6
2021-06-24 16:33:13,17370,17370,17370,2,2
2021-06-24 16:33:13,17370,17370,17370,4,4
2021-06-24 16:33:20,17370,17370,17370,2,2
2021-06-24 16:33:34,17370,17370,17370,2,2
2021-06-24 16:33:37,17370,17370,17370,2,2
2021-06-24 16:33:40,17370,17370,17370,2,2
2021-06-24 16:34:10,17370,17370,17370,4,4
2021-06-24 16:34:16,17370,17370,17370,2,2
2021-06-24 16:34:23,17369,17369,17369,2,-2
2021-06-24 16:34:23,17369,17369,17369,2,2
2021-06-24 16:34:42,17368,17368,17368,2,-2
2021-06-24 16:34:42,17368,17368,17368,4,4
2021-06-24 16:34:42,17368,17368,17368,2,2
2021-06-24 16:34:42,17368,17368,17368,2,2
2021-06-24 16:34:42,17368,17368,17368,2,2
2021-06-24 16:34:42,17368,17368,17368,2,2
2021-06-24 16:34:42,17368,17368,17368,2,2
2021-06-24 16:34:59,17368,17368,17368,2,2
2021-06-24 16:35:04,17368,17368,17368,8,8
2021-06-24 16:35:11,17368,17368,17368,2,2
2021-06-24 16:35:25,17367,17367,17367,2,-2
2021-06-24 16:35:37,17367,17367,17367,2,2
2021-06-24 16:35:48,17367,17367,17367,2,2
2021-06-24 16:35:51,17368,17368,17368,2,2
2021-06-24 16:35:51,17367,17367,17367,2,-2
2021-06-24 16:35:51,17367,17367,17367,2,2
2021-06-24 16:36:05,17368,17368,17368,2,2
2021-06-24 16:36:05,17368,17368,17368,2,2
2021-06-24 16:36:05,17368,17368,17368,4,4
2021-06-24 16:36:05,17368,17368,17368,2,2
2021-06-24 16:36:30,17367,17367,17367,10,-10
2021-06-24 16:36:30,17367,17367,17367,2,2
2021-06-24 16:36:30,17367,17367,17367,2,2
2021-06-24 16:36:51,17366,17366,17366,2,-2
2021-06-24 16:36:51,17366,17366,17366,2,2
2021-06-24 16:36:51,17366,17366,17366,2,2
2021-06-24 16:36:51,17366,17366,17366,10,10
2021-06-24 16:37:21,17366,17366,17366,2,2
2021-06-24 16:37:22,17367,17367,17367,2,2
2021-06-24 16:37:25,17366,17366,17366,2,-2
2021-06-24 16:37:29,17366,17366,17366,2,2
2021-06-24 16:37:29,17366,17366,17366,2,2
2021-06-24 16:37:29,17366,17366,17366,2,2
2021-06-24 16:37:29,17366,17366,17366,2,2
2021-06-24 16:37:29,17366,17366,17366,2,2
2021-06-24 16:37:29,17366,17366,17366,2,2
2021-06-24 16:37:29,17366,17366,17366,2,2
2021-06-24 16:37:29,17366,17366,17366,2,2
2021-06-24 16:37:29,17366,17366,17366,2,2
2021-06-24 16:37:51,17367,17367,17367,2,2
2021-06-24 16:38:01,17366,17366,17366,4,-4
2021-06-24 16:38:25,17366,17366,17366,4,4
2021-06-24 16:38:27,17366,17366,17366,8,8
2021-06-24 16:38:42,17365,17365,17365,2,-2
2021-06-24 16:38:42,17365,17365,17365,4,4
2021-06-24 16:38:43,17365,17365,17365,2,2
2021-06-24 16:38:43,17365,17365,17365,2,2
2021-06-24 16:38:43,17365,17365,17365,2,2
2021-06-24 16:38:43,17365,17365,17365,2,2
2021-06-24 16:38:43,17365,17365,17365,2,2
2021-06-24 16:38:45,17365,17365,17365,2,2
2021-06-24 16:38:45,17365,17365,17365,2,2
2021-06-24 16:38:51,17364,17364,17364,2,-2
2021-06-24 16:38:51,17364,17364,17364,2,2
2021-06-24 16:38:51,17364,17364,17364,2,2
2021-06-24 16:38:51,17364,17364,17364,2,2
2021-06-24 16:38:51,17364,17364,17364,2,2
2021-06-24 16:38:51,17364,17364,17364,2,2
2021-06-24 16:38:56,17364,17364,17364,2,2
2021-06-24 16:39:06,17364,17364,17364,2,2
2021-06-24 16:39:14,17364,17364,17364,6,6
2021-06-24 16:39:16,17364,17364,17364,2,2
2021-06-24 16:39:25,17365,17365,17365,8,8
2021-06-24 16:39:25,17364,17364,17364,2,-2
2021-06-24 16:39:31,17364,17364,17364,2,2
2021-06-24 16:39:40,17366,17366,17366,2,2
2021-06-24 16:39:48,17367,17367,17367,2,2
2021-06-24 16:39:48,17367,17367,17367,2,2
2021-06-24 16:39:57,17366,17366,17366,2,-2
2021-06-24 16:40:03,17366,17366,17366,2,2
2021-06-24 16:40:03,17366,17366,17366,2,2
2021-06-24 16:40:03,17366,17366,17366,2,2
2021-06-24 16:40:03,17366,17366,17366,2,2
2021-06-24 16:40:04,17366,17366,17366,2,2
2021-06-24 16:40:26,17365,17365,17365,2,-2
2021-06-24 16:40:26,17365,17365,17365,4,4
2021-06-24 16:40:26,17365,17365,17365,2,2
2021-06-24 16:40:26,17365,17365,17365,2,2
2021-06-24 16:40:26,17365,17365,17365,12,12
2021-06-24 16:40:26,17365,17365,17365,22,22
2021-06-24 16:40:26,17365,17365,17365,4,4
2021-06-24 16:40:40,17367,17367,17367,2,2
2021-06-24 16:40:40,17367,17367,17367,2,2
2021-06-24 16:40:40,17367,17367,17367,4,4
2021-06-24 16:40:40,17367,17367,17367,2,2
2021-06-24 16:40:40,17367,17367,17367,26,26
2021-06-24 16:40:41,17368,17368,17368,2,2
2021-06-24 16:40:41,17368,17368,17368,10,10
2021-06-24 16:40:50,17368,17368,17368,2,2
2021-06-24 16:40:50,17368,17368,17368,2,2
2021-06-24 16:40:53,17366,17366,17366,4,-4
2021-06-24 16:40:58,17368,17368,17368,6,6
2021-06-24 16:41:14,17368,17368,17368,2,2
2021-06-24 16:41:18,17368,17368,17368,2,2
2021-06-24 16:41:50,17368,17368,17368,2,2
2021-06-24 16:41:50,17368,17368,17368,2,2
2021-06-24 16:41:50,17368,17368,17368,2,2
2021-06-24 16:41:50,17368,17368,17368,4,4
2021-06-24 16:41:57,17367,17367,17367,2,-2
2021-06-24 16:41:57,17367,17367,17367,2,2
2021-06-24 16:41:57,17368,17368,17368,6,6
2021-06-24 16:42:07,17368,17368,17368,2,2
2021-06-24 16:42:15,17367,17367,17367,2,-2
2021-06-24 16:43:16,17367,17367,17367,2,2
2021-06-24 16:43:26,17367,17367,17367,2,2
2021-06-24 16:43:33,17368,17368,17368,2,2
2021-06-24 16:43:33,17368,17368,17368,2,2
2021-06-24 16:43:33,17368,17368,17368,2,2
2021-06-24 16:43:34,17369,17369,17369,6,6
2021-06-24 16:43:42,17368,17368,17368,2,-2
2021-06-24 16:43:49,17368,17368,17368,2,2
2021-06-24 16:43:53,17368,17368,17368,2,2
2021-06-24 16:43:54,17368,17368,17368,2,2
2021-06-24 16:44:21,17368,17368,17368,2,2
2021-06-24 16:44:26,17368,17368,17368,2,2
2021-06-24 16:44:26,17368,17368,17368,6,6
2021-06-24 16:45:33,17368,17368,17368,2,2
2021-06-24 16:45:37,17368,17368,17368,2,2
2021-06-24 16:45:51,17368,17368,17368,2,2
2021-06-24 16:46:04,17368,17368,17368,2,2
2021-06-24 16:46:27,17368,17368,17368,2,2
2021-06-24 16:46:34,17368,17368,17368,2,2
2021-06-24 16:46:37,17368,17368,17368,2,2
2021-06-24 16:46:56,17367,17367,17367,2,-2
2021-06-24 16:46:56,17367,17367,17367,2,2
2021-06-24 16:46:56,17367,17367,17367,2,2
2021-06-24 16:47:02,17368,17368,17368,2,2
2021-06-24 16:47:04,17368,17368,17368,2,2
2021-06-24 16:47:08,17367,17367,17367,2,-2
2021-06-24 16:47:08,17367,17367,17367,2,2
2021-06-24 16:47:08,17367,17367,17367,2,2
2021-06-24 16:47:12,17367,17367,17367,2,2
2021-06-24 16:47:24,17367,17367,17367,2,2
2021-06-24 16:47:28,17366,17366,17366,2,-2
2021-06-24 16:47:35,17367,17367,17367,2,2
2021-06-24 16:47:42,17367,17367,17367,2,2
2021-06-24 16:47:42,17366,17366,17366,2,-2
2021-06-24 16:47:52,17367,17367,17367,2,2
2021-06-24 16:47:52,17367,17367,17367,4,4
2021-06-24 16:48:02,17367,17367,17367,2,2
2021-06-24 16:48:03,17367,17367,17367,4,4
2021-06-24 16:48:25,17367,17367,17367,2,2
2021-06-24 16:49:15,17367,17367,17367,2,2
2021-06-24 16:49:55,17366,17366,17366,2,-2
2021-06-24 16:50:11,17366,17366,17366,2,2
2021-06-24 16:50:28,17366,17366,17366,6,6
2021-06-24 16:50:28,17366,17366,17366,4,4
2021-06-24 16:50:28,17366,17366,17366,2,2
2021-06-24 16:50:28,17366,17366,17366,2,2
2021-06-24 16:50:28,17366,17366,17366,2,2
2021-06-24 16:50:28,17366,17366,17366,2,2
2021-06-24 16:50:28,17366,17366,17366,2,2
2021-06-24 16:50:30,17366,17366,17366,2,2
2021-06-24 16:50:32,17366,17366,17366,2,2
2021-06-24 16:50:34,17366,17366,17366,2,2
