2024-10-25 15:00:00.044,23460,23465,23461,52,-52
2024-10-25 15:00:00.046,23461,23462,23462,2,2
2024-10-25 15:00:00.056,23461,23465,23465,1,1
2024-10-25 15:00:00.056,23461,23465,23465,1,1
2024-10-25 15:00:00.064,23461,23465,23465,2,2
2024-10-25 15:00:00.084,23461,23465,23465,1,1
2024-10-25 15:00:00.084,23461,23465,23466,1,1
2024-10-25 15:00:00.160,23461,23466,23465,1,1
2024-10-25 15:00:00.160,23461,23466,23466,2,2
2024-10-25 15:00:00.164,23461,23466,23467,3,3
2024-10-25 15:00:00.164,23461,23466,23466,2,2
2024-10-25 15:00:00.181,23461,23465,23465,1,1
2024-10-25 15:00:00.181,23461,23465,23467,1,1
2024-10-25 15:00:00.203,23461,23465,23467,1,1
2024-10-25 15:00:00.210,23461,23465,23467,3,3
2024-10-25 15:00:00.251,23461,23465,23468,1,1
2024-10-25 15:00:00.281,23461,23465,23468,3,3
2024-10-25 15:00:00.281,23461,23465,23469,2,2
2024-10-25 15:00:00.295,23461,23465,23469,1,1
2024-10-25 15:00:00.295,23461,23465,23468,1,1
2024-10-25 15:00:00.299,23465,23469,23469,1,1
2024-10-25 15:00:00.305,23465,23469,23469,3,3
2024-10-25 15:00:00.308,23465,23469,23466,1,-1
2024-10-25 15:00:00.325,23465,23469,23465,2,-2
2024-10-25 15:00:00.341,23465,23469,23467,1,-1
2024-10-25 15:00:00.342,23465,23469,23465,1,-1
2024-10-25 15:00:00.353,23465,23469,23467,1,-1
2024-10-25 15:00:00.353,23465,23469,23468,1,1
2024-10-25 15:00:00.358,23465,23469,23469,1,1
2024-10-25 15:00:00.358,23465,23469,23468,1,1
2024-10-25 15:00:00.367,23465,23469,23468,2,2
2024-10-25 15:00:00.369,23465,23469,23468,1,1
2024-10-25 15:00:00.376,23465,23469,23466,1,-1
2024-10-25 15:00:00.384,23465,23469,23465,1,-1
2024-10-25 15:00:00.384,23465,23469,23468,1,1
2024-10-25 15:00:00.384,23465,23469,23468,1,1
2024-10-25 15:00:00.390,23465,23469,23468,1,1
2024-10-25 15:00:00.396,23465,23469,23465,2,-2
2024-10-25 15:00:00.396,23465,23469,23468,1,1
2024-10-25 15:00:00.412,23465,23469,23465,1,-1
2024-10-25 15:00:00.415,23465,23469,23467,2,-2
2024-10-25 15:00:00.422,23465,23469,23468,1,1
2024-10-25 15:00:00.439,23465,23468,23464,1,-1
2024-10-25 15:00:00.442,23465,23468,23467,1,1
2024-10-25 15:00:00.448,23465,23468,23464,2,-2
2024-10-25 15:00:00.450,23465,23468,23466,1,-1
2024-10-25 15:00:00.450,23465,23468,23467,1,1
2024-10-25 15:00:00.480,23465,23468,23465,1,-1
2024-10-25 15:00:00.486,23465,23468,23468,1,1
2024-10-25 15:00:00.555,23466,23469,23466,1,-1
2024-10-25 15:00:00.561,23466,23469,23465,2,-2
2024-10-25 15:00:00.580,23466,23469,23469,1,1
2024-10-25 15:00:00.590,23466,23469,23469,1,1
2024-10-25 15:00:00.590,23466,23469,23470,1,1
2024-10-25 15:00:00.590,23466,23469,23470,2,2
2024-10-25 15:00:00.595,23466,23469,23470,2,2
2024-10-25 15:00:00.597,23466,23469,23470,1,1
2024-10-25 15:00:00.608,23466,23469,23470,2,2
2024-10-25 15:00:00.626,23466,23469,23471,2,2
2024-10-25 15:00:00.627,23466,23469,23471,1,1
2024-10-25 15:00:00.628,23466,23469,23471,1,1
2024-10-25 15:00:00.630,23466,23469,23471,1,1
2024-10-25 15:00:00.665,23466,23469,23464,1,-1
2024-10-25 15:00:00.666,23466,23469,23471,1,1
2024-10-25 15:00:00.671,23466,23469,23471,1,1
2024-10-25 15:00:00.678,23463,23472,23472,1,1
2024-10-25 15:00:00.680,23463,23472,23472,1,1
2024-10-25 15:00:00.689,23463,23472,23472,3,3
2024-10-25 15:00:00.694,23463,23472,23472,1,1
2024-10-25 15:00:00.700,23463,23472,23473,1,1
2024-10-25 15:00:00.710,23463,23472,23473,1,1
2024-10-25 15:00:00.735,23463,23472,23473,2,2
2024-10-25 15:00:00.740,23463,23472,23473,1,1
2024-10-25 15:00:00.771,23463,23472,23463,1,-1
2024-10-25 15:00:00.776,23463,23472,23473,1,1
2024-10-25 15:00:00.827,23463,23473,23473,1,1
2024-10-25 15:00:00.838,23463,23473,23474,1,1
2024-10-25 15:00:00.838,23463,23473,23473,1,1
2024-10-25 15:00:00.847,23463,23473,23474,1,1
2024-10-25 15:00:00.850,23463,23473,23474,2,2
2024-10-25 15:00:00.851,23463,23473,23474,3,3
2024-10-25 15:00:00.856,23463,23473,23474,2,2
2024-10-25 15:00:00.861,23463,23473,23474,1,1
2024-10-25 15:00:00.867,23463,23473,23474,1,1
2024-10-25 15:00:00.893,23463,23473,23474,1,1
2024-10-25 15:00:01.048,23464,23473,23473,2,2
2024-10-25 15:00:01.053,23466,23473,23473,1,1
2024-10-25 15:00:01.053,23466,23473,23473,1,1
2024-10-25 15:00:01.054,23466,23473,23473,1,1
2024-10-25 15:00:01.055,23466,23473,23473,1,1
2024-10-25 15:00:01.069,23466,23473,23473,2,2
2024-10-25 15:00:01.069,23466,23473,23474,1,1
2024-10-25 15:00:01.095,23466,23473,23473,2,2
2024-10-25 15:00:01.095,23466,23473,23474,2,2
2024-10-25 15:00:01.253,23467,23473,23470,1,1
2024-10-25 15:00:01.253,23467,23473,23471,1,1
2024-10-25 15:00:01.290,23467,23473,23468,1,-1
2024-10-25 15:00:01.290,23467,23473,23474,1,1
2024-10-25 15:00:01.292,23467,23473,23467,1,-1
2024-10-25 15:00:01.319,23466,23468,23466,1,-1
2024-10-25 15:00:01.321,23466,23468,23465,1,-1
2024-10-25 15:00:01.333,23466,23468,23466,1,-1
2024-10-25 15:00:01.401,23466,23468,23466,1,-1
2024-10-25 15:00:01.401,23466,23468,23467,1,-1
2024-10-25 15:00:01.408,23466,23468,23464,1,-1
2024-10-25 15:00:01.491,23463,23465,23474,2,2
2024-10-25 15:00:01.491,23463,23465,23473,1,1
2024-10-25 15:00:01.491,23463,23465,23472,1,1
2024-10-25 15:00:01.491,23463,23465,23467,1,1
2024-10-25 15:00:01.491,23463,23465,23468,2,2
2024-10-25 15:00:01.491,23463,23465,23466,1,1
2024-10-25 15:00:01.491,23463,23465,23469,1,1
2024-10-25 15:00:01.530,23463,23465,23466,1,1
2024-10-25 15:00:01.531,23463,23465,23466,1,1
2024-10-25 15:00:01.531,23463,23465,23465,1,1
2024-10-25 15:00:01.532,23463,23465,23473,1,1
2024-10-25 15:00:01.533,23463,23465,23465,1,1
2024-10-25 15:00:01.561,23464,23468,23468,1,1
2024-10-25 15:00:01.589,23464,23468,23469,1,1
2024-10-25 15:00:01.603,23464,23468,23470,1,1
2024-10-25 15:00:01.604,23464,23468,23467,1,1
2024-10-25 15:00:01.624,23464,23468,23470,1,1
2024-10-25 15:00:01.731,23465,23470,23470,1,1
2024-10-25 15:00:01.731,23465,23470,23471,1,1
2024-10-25 15:00:01.796,23465,23470,23473,1,1
2024-10-25 15:00:01.797,23465,23470,23468,1,1
2024-10-25 15:00:01.944,23468,23472,23472,1,1
2024-10-25 15:00:01.945,23468,23472,23474,1,1
2024-10-25 15:00:01.945,23468,23472,23475,1,1
2024-10-25 15:00:02.040,23468,23472,23468,1,-1
2024-10-25 15:00:02.402,23468,23472,23472,1,1
2024-10-25 15:00:02.402,23468,23472,23472,1,1
2024-10-25 15:00:02.403,23468,23472,23472,1,1
2024-10-25 15:00:02.403,23468,23472,23471,1,1
2024-10-25 15:00:02.406,23468,23472,23470,1,1
2024-10-25 15:00:02.406,23468,23472,23471,1,1
2024-10-25 15:00:02.473,23468,23472,23468,1,-1
2024-10-25 15:00:02.473,23468,23472,23468,1,-1
2024-10-25 15:00:02.483,23468,23472,23468,2,-2
2024-10-25 15:00:02.483,23468,23472,23466,1,-1
2024-10-25 15:00:02.609,23466,23472,23472,1,1
2024-10-25 15:00:02.676,23467,23471,23471,1,1
2024-10-25 15:00:02.676,23467,23471,23472,1,1
2024-10-25 15:00:02.872,23468,23471,23468,1,-1
2024-10-25 15:00:03.332,23465,23470,23470,2,2
2024-10-25 15:00:03.549,23465,23469,23465,1,-1
2024-10-25 15:00:03.970,23463,23467,23467,1,1
2024-10-25 15:00:03.975,23463,23467,23468,2,2
2024-10-25 15:00:04.627,23463,23467,23467,2,2
2024-10-25 15:00:05.305,23463,23466,23466,1,1
2024-10-25 15:00:06.010,23464,23465,23464,2,-2
2024-10-25 15:00:06.164,23464,23465,23464,1,-1
2024-10-25 15:00:06.231,23463,23465,23463,2,-2
2024-10-25 15:00:06.231,23463,23465,23463,1,-1
2024-10-25 15:00:06.341,23462,23465,23462,1,-1
2024-10-25 15:00:06.437,23462,23465,23465,1,1
2024-10-25 15:00:06.577,23464,23465,23464,1,-1
2024-10-25 15:00:06.710,23462,23465,23463,1,-1
2024-10-25 15:00:06.853,23463,23465,23463,2,-2
2024-10-25 15:00:06.853,23463,23465,23462,4,-4
2024-10-25 15:00:06.853,23463,23465,23461,1,-1
2024-10-25 15:00:06.916,23463,23465,23464,1,-1
2024-10-25 15:00:06.917,23463,23465,23465,2,2
2024-10-25 15:00:07.087,23462,23465,23465,1,1
2024-10-25 15:00:07.088,23462,23465,23465,3,3
2024-10-25 15:00:07.112,23462,23465,23465,1,1
2024-10-25 15:00:07.346,23464,23466,23466,1,1
2024-10-25 15:00:07.485,23464,23466,23466,1,1
2024-10-25 15:00:07.486,23464,23466,23466,1,1
2024-10-25 15:00:07.705,23465,23467,23465,1,-1
2024-10-25 15:00:07.855,23464,23466,23466,1,1
2024-10-25 15:00:08.130,23464,23467,23467,1,1
2024-10-25 15:00:08.131,23464,23467,23467,1,1
2024-10-25 15:00:08.455,23465,23467,23466,1,1
2024-10-25 15:00:08.509,23465,23467,23468,1,1
2024-10-25 15:00:09.114,23467,23469,23469,2,2
2024-10-25 15:00:09.114,23467,23469,23469,1,1
2024-10-25 15:00:09.302,23469,23470,23470,1,1
2024-10-25 15:00:09.304,23469,23470,23472,2,2
2024-10-25 15:00:09.304,23469,23470,23473,1,1
2024-10-25 15:00:09.324,23469,23470,23473,1,1
2024-10-25 15:00:09.494,23469,23473,23473,2,2
2024-10-25 15:00:09.582,23471,23472,23471,1,-1
2024-10-25 15:00:09.888,23470,23472,23470,1,-1
2024-10-25 15:00:10.482,23468,23470,23470,3,3
2024-10-25 15:00:10.482,23468,23470,23471,2,2
2024-10-25 15:00:10.482,23468,23470,23472,3,3
2024-10-25 15:00:10.812,23469,23471,23471,1,1
2024-10-25 15:00:11.191,23469,23470,23470,1,1
2024-10-25 15:00:11.221,23469,23470,23471,1,1
2024-10-25 15:00:11.226,23469,23470,23472,1,1
2024-10-25 15:00:11.362,23470,23473,23473,1,1
2024-10-25 15:00:11.363,23470,23473,23475,6,6
2024-10-25 15:00:11.363,23470,23473,23474,2,2
2024-10-25 15:00:11.493,23472,23476,23474,1,1
2024-10-25 15:00:11.595,23473,23476,23476,3,3
2024-10-25 15:00:11.850,23472,23475,23475,1,1
2024-10-25 15:00:12.529,23474,23476,23476,1,1
2024-10-25 15:00:13.318,23475,23476,23477,1,1
2024-10-25 15:00:13.318,23475,23476,23476,2,2
2024-10-25 15:00:13.318,23475,23476,23476,1,1
2024-10-25 15:00:13.318,23475,23476,23476,1,1
2024-10-25 15:00:14.169,23474,23476,23474,1,-1
2024-10-25 15:00:14.567,23474,23476,23474,1,-1
2024-10-25 15:00:14.581,23474,23476,23474,1,-1
2024-10-25 15:00:15.403,23473,23476,23475,2,2
2024-10-25 15:00:15.875,23473,23476,23476,1,1
2024-10-25 15:00:15.947,23473,23476,23473,1,-1
2024-10-25 15:00:15.995,23473,23476,23476,1,1
2024-10-25 15:00:16.087,23474,23476,23476,1,1
2024-10-25 15:00:16.488,23474,23476,23476,1,1
2024-10-25 15:00:17.036,23474,23476,23476,1,1
2024-10-25 15:00:17.102,23474,23476,23476,1,1
2024-10-25 15:00:17.301,23474,23476,23474,1,-1
2024-10-25 15:00:17.808,23474,23476,23474,1,-1
2024-10-25 15:00:18.212,23472,23474,23472,1,-1
2024-10-25 15:00:18.231,23472,23474,23474,1,1
2024-10-25 15:00:18.297,23472,23474,23474,1,1
2024-10-25 15:00:18.303,23472,23474,23474,1,1
2024-10-25 15:00:18.304,23472,23474,23475,1,1
2024-10-25 15:00:18.304,23472,23474,23476,1,1
2024-10-25 15:00:18.305,23472,23474,23476,1,1
2024-10-25 15:00:18.329,23472,23474,23474,1,1
2024-10-25 15:00:19.007,23473,23476,23475,2,2
2024-10-25 15:00:19.007,23473,23476,23476,1,1
2024-10-25 15:00:19.057,23473,23476,23476,1,1
2024-10-25 15:00:20.293,23474,23476,23475,2,2
2024-10-25 15:00:20.297,23474,23476,23476,1,1
2024-10-25 15:00:20.527,23475,23478,23478,3,3
2024-10-25 15:00:20.548,23475,23478,23477,3,3
2024-10-25 15:00:20.548,23475,23478,23478,1,1
2024-10-25 15:00:20.590,23476,23479,23479,1,1
2024-10-25 15:00:21.711,23478,23480,23478,1,-1
2024-10-25 15:00:22.323,23477,23480,23478,1,-1
2024-10-25 15:00:22.324,23477,23480,23480,4,4
2024-10-25 15:00:22.901,23478,23480,23478,3,-3
2024-10-25 15:00:23.317,23477,23478,23478,1,1
2024-10-25 15:00:23.568,23477,23478,23478,1,1
2024-10-25 15:00:24.719,23478,23480,23480,2,2
2024-10-25 15:00:24.720,23478,23480,23480,2,2
2024-10-25 15:00:24.828,23479,23480,23480,1,1
2024-10-25 15:00:24.985,23479,23481,23479,1,-1
2024-10-25 15:00:25.587,23478,23481,23478,1,-1
2024-10-25 15:00:25.744,23478,23481,23478,1,-1
2024-10-25 15:00:25.815,23478,23480,23480,1,1
2024-10-25 15:00:26.209,23478,23481,23481,1,1
2024-10-25 15:00:26.321,23479,23481,23481,1,1
2024-10-25 15:00:26.335,23479,23481,23481,1,1
2024-10-25 15:00:26.346,23479,23481,23481,1,1
2024-10-25 15:00:26.361,23479,23481,23481,1,1
2024-10-25 15:00:26.390,23479,23481,23483,1,1
2024-10-25 15:00:26.390,23479,23481,23482,2,2
2024-10-25 15:00:26.390,23479,23481,23481,1,1
2024-10-25 15:00:26.490,23481,23484,23484,2,2
2024-10-25 15:00:26.504,23481,23484,23484,1,1
2024-10-25 15:00:26.511,23481,23484,23484,1,1
2024-10-25 15:00:26.513,23481,23484,23484,2,2
2024-10-25 15:00:26.513,23481,23484,23486,2,2
2024-10-25 15:00:26.513,23481,23484,23487,1,1
2024-10-25 15:00:26.515,23481,23484,23488,2,2
2024-10-25 15:00:26.515,23481,23484,23487,1,1
2024-10-25 15:00:26.515,23481,23484,23486,2,2
2024-10-25 15:00:26.517,23481,23484,23487,3,3
2024-10-25 15:00:26.517,23481,23484,23488,2,2
2024-10-25 15:00:26.519,23481,23484,23488,3,3
2024-10-25 15:00:26.519,23481,23484,23488,1,1
2024-10-25 15:00:26.519,23481,23484,23490,1,1
2024-10-25 15:00:26.519,23481,23484,23491,1,1
2024-10-25 15:00:26.519,23481,23484,23491,4,4
2024-10-25 15:00:26.519,23481,23484,23492,1,1
2024-10-25 15:00:26.532,23481,23484,23487,2,2
2024-10-25 15:00:26.532,23481,23484,23488,1,1
2024-10-25 15:00:26.552,23486,23489,23489,1,1
2024-10-25 15:00:26.552,23486,23489,23490,1,1
2024-10-25 15:00:26.552,23486,23489,23491,1,1
2024-10-25 15:00:26.552,23486,23489,23492,2,2
2024-10-25 15:00:26.553,23486,23489,23492,4,4
2024-10-25 15:00:26.577,23486,23489,23492,1,1
2024-10-25 15:00:26.579,23486,23489,23493,2,2
2024-10-25 15:00:26.580,23486,23489,23494,1,1
2024-10-25 15:00:26.584,23486,23489,23494,2,2
2024-10-25 15:00:26.584,23486,23489,23494,1,1
2024-10-25 15:00:26.588,23486,23489,23494,1,1
2024-10-25 15:00:26.596,23486,23489,23494,1,1
2024-10-25 15:00:26.599,23486,23489,23495,1,1
2024-10-25 15:00:26.603,23486,23489,23495,2,2
2024-10-25 15:00:26.606,23486,23489,23495,1,1
2024-10-25 15:00:26.610,23486,23489,23495,1,1
2024-10-25 15:00:26.613,23486,23489,23496,1,1
2024-10-25 15:00:26.618,23486,23489,23497,4,4
2024-10-25 15:00:26.618,23486,23489,23496,5,5
2024-10-25 15:00:26.627,23486,23489,23497,2,2
2024-10-25 15:00:26.631,23486,23489,23497,2,2
2024-10-25 15:00:26.635,23486,23489,23497,1,1
2024-10-25 15:00:26.635,23486,23489,23498,11,11
2024-10-25 15:00:26.635,23486,23489,23499,4,4
2024-10-25 15:00:26.635,23486,23489,23499,2,2
2024-10-25 15:00:26.639,23486,23489,23490,1,1
2024-10-25 15:00:26.684,23495,23500,23500,1,1
2024-10-25 15:00:26.700,23495,23500,23500,2,2
2024-10-25 15:00:26.710,23495,23500,23500,1,1
2024-10-25 15:00:26.715,23495,23500,23500,1,1
2024-10-25 15:00:26.722,23495,23500,23500,3,3
2024-10-25 15:00:26.724,23495,23500,23500,2,2
2024-10-25 15:00:26.724,23495,23500,23500,3,3
2024-10-25 15:00:26.725,23495,23500,23501,1,1
2024-10-25 15:00:26.732,23495,23500,23502,1,1
2024-10-25 15:00:26.732,23495,23500,23503,1,1
2024-10-25 15:00:26.747,23495,23500,23508,2,2
2024-10-25 15:00:26.747,23495,23500,23507,1,1
2024-10-25 15:00:26.747,23495,23500,23505,1,1
2024-10-25 15:00:26.747,23495,23500,23506,1,1
2024-10-25 15:00:26.747,23495,23500,23504,1,1
2024-10-25 15:00:26.751,23495,23500,23508,3,3
2024-10-25 15:00:26.757,23495,23500,23508,3,3
2024-10-25 15:00:26.762,23495,23500,23505,1,1
2024-10-25 15:00:26.766,23495,23500,23508,1,1
2024-10-25 15:00:26.783,23495,23500,23505,1,1
2024-10-25 15:00:26.795,23495,23500,23504,1,1
2024-10-25 15:00:26.795,23495,23500,23505,1,1
2024-10-25 15:00:26.804,23503,23507,23507,1,1
2024-10-25 15:00:26.804,23503,23507,23504,1,-1
2024-10-25 15:00:26.817,23503,23507,23507,1,1
2024-10-25 15:00:26.825,23503,23507,23508,1,1
2024-10-25 15:00:26.855,23503,23507,23508,1,1
2024-10-25 15:00:26.855,23503,23507,23509,1,1
2024-10-25 15:00:26.858,23503,23507,23510,1,1
2024-10-25 15:00:26.858,23503,23507,23509,1,1
2024-10-25 15:00:26.860,23503,23507,23510,2,2
2024-10-25 15:00:26.863,23503,23507,23509,1,1
2024-10-25 15:00:26.869,23503,23507,23510,1,1
2024-10-25 15:00:26.869,23503,23507,23511,1,1
2024-10-25 15:00:26.870,23503,23507,23511,1,1
2024-10-25 15:00:26.887,23503,23507,23507,1,1
2024-10-25 15:00:26.894,23503,23507,23510,1,1
2024-10-25 15:00:26.896,23503,23507,23511,1,1
2024-10-25 15:00:26.898,23503,23507,23511,1,1
2024-10-25 15:00:26.903,23503,23507,23512,1,1
2024-10-25 15:00:26.903,23503,23507,23511,1,1
2024-10-25 15:00:26.903,23503,23507,23511,2,2
2024-10-25 15:00:26.910,23503,23507,23512,1,1
2024-10-25 15:00:26.921,23503,23507,23513,1,1
2024-10-25 15:00:26.955,23509,23514,23513,1,1
2024-10-25 15:00:26.955,23509,23514,23514,1,1
2024-10-25 15:00:26.955,23509,23514,23509,2,-2
2024-10-25 15:00:26.969,23509,23514,23511,1,-1
2024-10-25 15:00:26.969,23509,23514,23512,1,1
2024-10-25 15:00:26.981,23509,23514,23514,5,5
2024-10-25 15:00:26.989,23509,23514,23514,1,1
2024-10-25 15:00:26.991,23509,23514,23514,2,2
2024-10-25 15:00:26.995,23509,23514,23514,1,1
2024-10-25 15:00:27.019,23509,23514,23514,2,2
2024-10-25 15:00:27.030,23509,23514,23514,2,2
2024-10-25 15:00:27.030,23509,23514,23514,2,2
2024-10-25 15:00:27.043,23509,23514,23514,1,1
2024-10-25 15:00:27.043,23509,23514,23515,1,1
2024-10-25 15:00:27.048,23509,23514,23516,1,1
2024-10-25 15:00:27.056,23511,23516,23516,1,1
2024-10-25 15:00:27.056,23511,23516,23516,1,1
2024-10-25 15:00:27.056,23511,23516,23516,1,1
2024-10-25 15:00:27.057,23511,23516,23514,1,1
2024-10-25 15:00:27.061,23511,23516,23513,1,-1
2024-10-25 15:00:27.065,23511,23516,23515,1,1
2024-10-25 15:00:27.065,23511,23516,23516,2,2
2024-10-25 15:00:27.067,23511,23516,23517,2,2
2024-10-25 15:00:27.071,23511,23516,23518,3,3
2024-10-25 15:00:27.077,23511,23516,23519,1,1
2024-10-25 15:00:27.077,23511,23516,23518,1,1
2024-10-25 15:00:27.086,23511,23516,23520,1,1
2024-10-25 15:00:27.087,23511,23516,23520,3,3
2024-10-25 15:00:27.093,23511,23516,23511,1,-1
2024-10-25 15:00:27.164,23511,23516,23509,1,-1
2024-10-25 15:00:27.201,23509,23520,23509,1,-1
2024-10-25 15:00:27.290,23509,23520,23520,1,1
2024-10-25 15:00:27.296,23509,23520,23520,1,1
2024-10-25 15:00:27.359,23511,23520,23521,2,2
2024-10-25 15:00:27.359,23511,23520,23525,2,2
2024-10-25 15:00:27.359,23511,23520,23524,2,2
2024-10-25 15:00:27.359,23511,23520,23520,2,2
2024-10-25 15:00:27.359,23511,23520,23522,18,18
2024-10-25 15:00:27.359,23511,23520,23523,1,1
2024-10-25 15:00:27.378,23511,23520,23515,5,-5
2024-10-25 15:00:27.410,23511,23520,23525,1,1
2024-10-25 15:00:27.415,23511,23520,23526,1,1
2024-10-25 15:00:27.427,23516,23526,23530,2,2
2024-10-25 15:00:27.427,23516,23526,23529,2,2
2024-10-25 15:00:27.427,23516,23526,23528,9,9
2024-10-25 15:00:27.427,23516,23526,23528,5,5
2024-10-25 15:00:27.427,23516,23526,23527,1,1
2024-10-25 15:00:27.427,23516,23526,23526,5,5
2024-10-25 15:00:27.546,23516,23526,23521,1,1
2024-10-25 15:00:27.561,23520,23527,23521,1,-1
2024-10-25 15:00:27.561,23520,23527,23520,1,-1
2024-10-25 15:00:27.561,23520,23527,23519,1,-1
2024-10-25 15:00:27.561,23520,23527,23518,2,-2
2024-10-25 15:00:27.566,23520,23527,23513,4,-4
2024-10-25 15:00:27.566,23520,23527,23515,1,-1
2024-10-25 15:00:27.579,23520,23527,23517,1,-1
2024-10-25 15:00:27.583,23520,23527,23518,1,-1
2024-10-25 15:00:27.584,23520,23527,23514,1,-1
2024-10-25 15:00:27.585,23520,23527,23517,1,-1
2024-10-25 15:00:27.588,23520,23527,23519,1,-1
2024-10-25 15:00:27.589,23520,23527,23514,1,-1
2024-10-25 15:00:27.590,23520,23527,23513,1,-1
2024-10-25 15:00:27.590,23520,23527,23512,3,-3
2024-10-25 15:00:27.602,23520,23527,23510,3,-3
2024-10-25 15:00:27.602,23520,23527,23513,1,-1
2024-10-25 15:00:27.637,23520,23527,23510,1,-1
2024-10-25 15:00:27.637,23520,23527,23507,1,-1
2024-10-25 15:00:27.654,23520,23527,23506,1,-1
2024-10-25 15:00:27.654,23520,23527,23504,1,-1
2024-10-25 15:00:27.723,23501,23508,23508,1,1
2024-10-25 15:00:27.723,23501,23508,23509,1,1
2024-10-25 15:00:27.773,23501,23508,23504,2,-2
2024-10-25 15:00:27.803,23504,23509,23505,1,-1
2024-10-25 15:00:27.804,23504,23509,23504,1,-1
2024-10-25 15:00:27.859,23504,23509,23508,1,1
2024-10-25 15:00:27.860,23504,23509,23504,1,-1
2024-10-25 15:00:27.865,23504,23509,23509,1,1
2024-10-25 15:00:27.879,23504,23509,23510,1,1
2024-10-25 15:00:27.883,23504,23509,23505,1,-1
2024-10-25 15:00:27.924,23504,23511,23504,1,-1
2024-10-25 15:00:27.948,23504,23511,23511,1,1
2024-10-25 15:00:28.208,23507,23511,23508,2,-2
2024-10-25 15:00:28.328,23508,23511,23508,1,-1
2024-10-25 15:00:28.377,23508,23511,23499,1,-1
2024-10-25 15:00:28.435,23499,23505,23504,1,1
2024-10-25 15:00:28.560,23501,23504,23501,1,-1
2024-10-25 15:00:28.574,23501,23504,23501,1,-1
2024-10-25 15:00:28.621,23501,23504,23501,2,-2
2024-10-25 15:00:28.772,23501,23505,23503,1,-1
2024-10-25 15:00:28.772,23501,23505,23502,1,-1
2024-10-25 15:00:28.774,23501,23505,23501,2,-2
2024-10-25 15:00:28.774,23501,23505,23502,2,-2
2024-10-25 15:00:28.774,23501,23505,23505,1,1
2024-10-25 15:00:28.774,23501,23505,23505,1,1
2024-10-25 15:00:28.774,23501,23505,23505,1,1
2024-10-25 15:00:28.777,23501,23505,23503,1,-1
2024-10-25 15:00:28.779,23501,23505,23503,1,-1
2024-10-25 15:00:28.779,23501,23505,23504,1,1
2024-10-25 15:00:28.799,23501,23505,23505,1,1
2024-10-25 15:00:28.864,23501,23505,23502,1,-1
2024-10-25 15:00:28.904,23501,23505,23505,1,1
2024-10-25 15:00:29.027,23501,23506,23503,1,-1
2024-10-25 15:00:29.169,23502,23505,23502,1,-1
2024-10-25 15:00:29.169,23502,23505,23501,1,-1
2024-10-25 15:00:29.181,23500,23505,23505,1,1
2024-10-25 15:00:29.181,23500,23505,23500,1,-1
2024-10-25 15:00:29.182,23500,23505,23499,1,-1
2024-10-25 15:00:29.182,23500,23505,23498,1,-1
2024-10-25 15:00:29.222,23500,23505,23499,1,-1
2024-10-25 15:00:29.284,23500,23505,23503,2,2
2024-10-25 15:00:29.289,23500,23505,23505,1,1
2024-10-25 15:00:29.541,23499,23506,23499,1,-1
2024-10-25 15:00:29.632,23498,23500,23498,1,-1
2024-10-25 15:00:29.744,23498,23500,23498,3,-3
2024-10-25 15:00:29.804,23497,23500,23500,1,1
2024-10-25 15:00:29.877,23497,23500,23497,1,-1
2024-10-25 15:00:30.068,23497,23500,23497,1,-1
2024-10-25 15:00:30.205,23497,23498,23497,4,-4
2024-10-25 15:00:30.216,23497,23498,23496,4,-4
2024-10-25 15:00:30.217,23497,23498,23495,1,-1
2024-10-25 15:00:30.217,23497,23498,23495,2,-2
2024-10-25 15:00:30.232,23497,23498,23490,1,-1
2024-10-25 15:00:30.279,23497,23498,23481,1,-1
2024-10-25 15:00:30.301,23481,23490,23493,1,1
2024-10-25 15:00:30.301,23481,23490,23492,1,1
2024-10-25 15:00:30.301,23481,23490,23490,2,2
2024-10-25 15:00:30.301,23481,23490,23491,1,1
2024-10-25 15:00:30.328,23481,23490,23489,1,1
2024-10-25 15:00:30.342,23481,23490,23488,1,1
2024-10-25 15:00:30.346,23481,23490,23485,1,-1
2024-10-25 15:00:30.349,23481,23490,23483,1,-1
2024-10-25 15:00:30.402,23481,23490,23481,1,-1
2024-10-25 15:00:30.487,23477,23484,23477,1,-1
2024-10-25 15:00:30.495,23477,23484,23478,1,-1
2024-10-25 15:00:30.552,23480,23483,23483,1,1
2024-10-25 15:00:30.553,23480,23483,23484,1,1
2024-10-25 15:00:30.630,23480,23483,23482,1,1
2024-10-25 15:00:30.762,23482,23488,23488,1,1
2024-10-25 15:00:30.863,23484,23489,23488,1,1
2024-10-25 15:00:31.143,23486,23489,23486,1,-1
2024-10-25 15:00:31.228,23483,23487,23484,1,-1
2024-10-25 15:00:31.248,23483,23487,23484,1,-1
2024-10-25 15:00:31.279,23483,23487,23485,1,-1
2024-10-25 15:00:31.280,23483,23487,23486,1,1
2024-10-25 15:00:31.297,23483,23487,23485,1,1
2024-10-25 15:00:31.316,23485,23487,23485,1,-1
2024-10-25 15:00:31.328,23485,23487,23485,3,-3
2024-10-25 15:00:31.339,23485,23487,23483,1,-1
2024-10-25 15:00:31.339,23485,23487,23482,1,-1
2024-10-25 15:00:31.339,23485,23487,23481,1,-1
2024-10-25 15:00:31.340,23485,23487,23480,1,-1
2024-10-25 15:00:31.426,23478,23483,23483,1,1
2024-10-25 15:00:31.427,23478,23483,23486,1,1
2024-10-25 15:00:31.427,23478,23483,23484,1,1
2024-10-25 15:00:31.449,23478,23483,23487,1,1
2024-10-25 15:00:31.494,23478,23483,23484,1,1
2024-10-25 15:00:31.932,23482,23487,23487,1,1
2024-10-25 15:00:31.933,23482,23487,23484,2,-2
2024-10-25 15:00:31.935,23482,23487,23486,1,1
2024-10-25 15:00:32.396,23487,23489,23486,1,-1
2024-10-25 15:00:32.399,23487,23489,23485,1,-1
2024-10-25 15:00:32.402,23487,23489,23484,1,-1
2024-10-25 15:00:32.590,23483,23486,23487,1,1
2024-10-25 15:00:32.938,23484,23487,23484,1,-1
2024-10-25 15:00:33.463,23484,23486,23486,1,1
2024-10-25 15:00:33.464,23484,23486,23485,1,1
2024-10-25 15:00:33.568,23485,23488,23485,1,-1
2024-10-25 15:00:33.704,23485,23487,23487,1,1
2024-10-25 15:00:33.838,23485,23488,23486,1,-1
2024-10-25 15:00:33.890,23485,23488,23484,3,-3
2024-10-25 15:00:33.891,23485,23488,23484,2,-2
2024-10-25 15:00:34.154,23482,23485,23481,1,-1
2024-10-25 15:00:34.205,23481,23482,23481,1,-1
2024-10-25 15:00:34.231,23481,23482,23480,1,-1
2024-10-25 15:00:34.295,23481,23482,23484,1,1
2024-10-25 15:00:34.295,23481,23482,23485,2,2
2024-10-25 15:00:34.295,23481,23482,23486,1,1
2024-10-25 15:00:34.295,23481,23482,23487,1,1
2024-10-25 15:00:34.399,23482,23486,23482,1,-1
2024-10-25 15:00:34.538,23482,23484,23483,1,-1
2024-10-25 15:00:34.538,23482,23484,23482,1,-1
2024-10-25 15:00:34.963,23482,23485,23483,1,-1
2024-10-25 15:00:34.984,23482,23485,23481,1,-1
2024-10-25 15:00:35.107,23480,23483,23482,1,1
2024-10-25 15:00:35.115,23480,23483,23482,1,1
2024-10-25 15:00:35.688,23481,23484,23481,2,-2
2024-10-25 15:00:35.688,23481,23484,23480,1,-1
2024-10-25 15:00:35.844,23480,23483,23480,1,-1
2024-10-25 15:00:36.429,23480,23482,23482,1,1
2024-10-25 15:00:36.747,23480,23483,23482,1,1
2024-10-25 15:00:37.147,23480,23482,23479,2,-2
2024-10-25 15:00:37.147,23480,23482,23480,1,-1
2024-10-25 15:00:37.422,23479,23482,23482,1,1
2024-10-25 15:00:37.436,23481,23483,23482,1,1
2024-10-25 15:00:37.617,23480,23482,23482,1,1
2024-10-25 15:00:37.617,23480,23482,23483,1,1
2024-10-25 15:00:37.629,23480,23482,23482,1,1
2024-10-25 15:00:37.805,23480,23483,23482,1,1
2024-10-25 15:00:37.834,23480,23483,23482,1,1
2024-10-25 15:00:37.834,23480,23483,23482,1,1
2024-10-25 15:00:38.045,23481,23483,23483,1,1
2024-10-25 15:00:38.292,23482,23485,23485,1,1
2024-10-25 15:00:38.436,23483,23486,23486,1,1
2024-10-25 15:00:38.437,23483,23486,23488,1,1
2024-10-25 15:00:38.526,23483,23486,23487,1,1
2024-10-25 15:00:38.655,23486,23488,23487,1,1
2024-10-25 15:00:38.669,23486,23488,23485,1,-1
2024-10-25 15:00:38.851,23486,23488,23488,1,1
2024-10-25 15:00:39.169,23486,23489,23489,1,1
2024-10-25 15:00:39.344,23487,23489,23487,1,-1
2024-10-25 15:00:39.618,23487,23490,23490,1,1
2024-10-25 15:00:39.793,23489,23492,23490,1,-1
2024-10-25 15:00:39.793,23489,23492,23489,2,-2
2024-10-25 15:00:39.847,23488,23491,23489,1,-1
2024-10-25 15:00:40.234,23489,23492,23489,1,-1
2024-10-25 15:00:40.578,23487,23489,23489,1,1
2024-10-25 15:00:40.611,23487,23489,23490,1,1
2024-10-25 15:00:40.787,23487,23490,23490,1,1
2024-10-25 15:00:41.701,23489,23491,23489,1,-1
2024-10-25 15:00:41.715,23489,23491,23492,1,1
2024-10-25 15:00:41.868,23490,23493,23493,1,1
2024-10-25 15:00:41.913,23490,23493,23493,1,1
2024-10-25 15:00:42.582,23493,23494,23493,2,-2
2024-10-25 15:00:45.003,23492,23494,23493,2,-2
2024-10-25 15:00:45.080,23492,23493,23492,1,-1
2024-10-25 15:00:45.615,23491,23493,23493,1,1
2024-10-25 15:00:46.000,23492,23494,23492,1,-1
2024-10-25 15:00:46.190,23495,23496,23495,1,-1
2024-10-25 15:00:46.308,23493,23495,23495,1,1
2024-10-25 15:00:46.330,23493,23495,23493,1,-1
2024-10-25 15:00:47.328,23494,23495,23494,2,-2
2024-10-25 15:00:48.580,23492,23494,23494,2,2
2024-10-25 15:00:48.707,23494,23496,23494,10,-10
2024-10-25 15:00:48.966,23491,23492,23491,2,-2
2024-10-25 15:00:48.968,23491,23492,23489,4,-4
2024-10-25 15:00:48.968,23491,23492,23488,2,-2
2024-10-25 15:00:49.092,23486,23490,23490,2,2
2024-10-25 15:00:49.526,23488,23490,23490,1,1
2024-10-25 15:00:49.565,23488,23491,23488,1,-1
2024-10-25 15:00:49.851,23487,23490,23490,2,2
2024-10-25 15:00:49.851,23487,23490,23491,1,1
2024-10-25 15:00:50.684,23488,23491,23491,1,1
2024-10-25 15:00:50.692,23488,23491,23493,1,1
2024-10-25 15:00:51.219,23490,23493,23490,1,-1
2024-10-25 15:00:51.316,23489,23492,23492,1,1
2024-10-25 15:00:52.077,23490,23491,23490,1,-1
2024-10-25 15:00:52.294,23488,23491,23491,1,1
2024-10-25 15:00:52.309,23489,23492,23489,1,-1
2024-10-25 15:00:54.016,23491,23493,23493,1,1
2024-10-25 15:00:54.016,23491,23493,23493,1,1
2024-10-25 15:00:54.016,23491,23493,23493,8,8
2024-10-25 15:00:55.145,23494,23497,23497,1,1
2024-10-25 15:00:56.040,23496,23497,23496,1,-1
2024-10-25 15:00:56.319,23494,23497,23494,1,-1
2024-10-25 15:00:56.341,23494,23497,23494,1,-1
2024-10-25 15:00:57.665,23495,23497,23495,2,-2
2024-10-25 15:00:57.665,23495,23497,23494,1,-1
2024-10-25 15:00:58.436,23494,23496,23496,1,1
2024-10-25 15:00:59.282,23494,23496,23496,1,1
2024-10-25 15:00:59.514,23495,23497,23495,1,-1
2024-10-25 15:00:59.994,23495,23497,23497,1,1
2024-10-25 15:00:59.995,23495,23497,23497,2,2
2024-10-25 15:01:00.012,23495,23497,23498,1,1
2024-10-25 15:01:00.014,23495,23497,23498,1,1
2024-10-25 15:01:00.030,23495,23497,23498,1,1
2024-10-25 15:01:00.051,23498,23500,23500,4,4
2024-10-25 15:01:00.051,23498,23500,23501,1,1
2024-10-25 15:01:00.051,23498,23500,23502,1,1
2024-10-25 15:01:00.095,23498,23500,23502,1,1
2024-10-25 15:01:00.096,23498,23500,23502,1,1
2024-10-25 15:01:00.101,23498,23500,23502,1,1
2024-10-25 15:01:00.102,23498,23500,23503,1,1
2024-10-25 15:01:00.103,23498,23500,23504,1,1
2024-10-25 15:01:00.103,23498,23500,23504,1,1
2024-10-25 15:01:00.103,23498,23500,23503,1,1
2024-10-25 15:01:00.104,23498,23500,23504,1,1
2024-10-25 15:01:00.107,23498,23500,23505,2,2
2024-10-25 15:01:00.108,23498,23500,23506,3,3
2024-10-25 15:01:00.108,23498,23500,23507,2,2
2024-10-25 15:01:00.108,23498,23500,23505,1,1
2024-10-25 15:01:00.115,23498,23500,23504,1,1
2024-10-25 15:01:00.116,23498,23500,23504,1,1
2024-10-25 15:01:00.116,23498,23500,23505,3,3
2024-10-25 15:01:00.118,23498,23500,23506,1,1
2024-10-25 15:01:00.118,23498,23500,23506,4,4
2024-10-25 15:01:00.118,23498,23500,23507,2,2
2024-10-25 15:01:00.118,23498,23500,23507,3,3
2024-10-25 15:01:00.119,23498,23500,23508,3,3
2024-10-25 15:01:00.123,23498,23500,23508,1,1
2024-10-25 15:01:00.126,23498,23500,23509,1,1
2024-10-25 15:01:00.126,23498,23500,23509,1,1
2024-10-25 15:01:00.126,23498,23500,23509,1,1
2024-10-25 15:01:00.126,23498,23500,23510,1,1
2024-10-25 15:01:00.136,23498,23500,23510,1,1
2024-10-25 15:01:00.139,23498,23500,23510,4,4
2024-10-25 15:01:00.140,23498,23500,23512,1,1
2024-10-25 15:01:00.140,23498,23500,23511,2,2
2024-10-25 15:01:00.140,23498,23500,23511,2,2
2024-10-25 15:01:00.140,23498,23500,23510,2,2
2024-10-25 15:01:00.140,23498,23500,23510,3,3
2024-10-25 15:01:00.141,23498,23500,23512,2,2
2024-10-25 15:01:00.142,23498,23500,23513,3,3
2024-10-25 15:01:00.143,23498,23500,23514,3,3
2024-10-25 15:01:00.143,23498,23500,23513,1,1
2024-10-25 15:01:00.143,23498,23500,23513,1,1
2024-10-25 15:01:00.144,23498,23500,23513,1,1
2024-10-25 15:01:00.145,23498,23500,23511,1,1
2024-10-25 15:01:00.145,23498,23500,23512,1,1
2024-10-25 15:01:00.157,23498,23500,23509,1,1
2024-10-25 15:01:00.199,23507,23512,23507,2,-2
2024-10-25 15:01:00.215,23507,23512,23508,2,-2
2024-10-25 15:01:00.215,23507,23512,23507,1,-1
2024-10-25 15:01:00.221,23507,23512,23510,1,1
2024-10-25 15:01:00.221,23507,23512,23511,1,1
2024-10-25 15:01:00.296,23507,23512,23512,1,1
2024-10-25 15:01:00.312,23507,23511,23511,1,1
2024-10-25 15:01:00.322,23507,23511,23506,2,-2
2024-10-25 15:01:00.322,23507,23511,23507,3,-3
2024-10-25 15:01:00.323,23507,23511,23505,1,-1
2024-10-25 15:01:00.671,23504,23509,23504,1,-1
2024-10-25 15:01:00.672,23504,23509,23509,1,1
2024-10-25 15:01:00.673,23504,23509,23504,1,-1
2024-10-25 15:01:00.686,23503,23508,23503,1,-1
2024-10-25 15:01:00.689,23503,23508,23502,1,-1
2024-10-25 15:01:00.841,23501,23506,23501,1,-1
2024-10-25 15:01:00.855,23501,23506,23506,3,3
2024-10-25 15:01:01.006,23501,23505,23501,1,-1
2024-10-25 15:01:01.007,23501,23505,23501,1,-1
2024-10-25 15:01:01.008,23501,23505,23500,2,-2
2024-10-25 15:01:01.010,23501,23505,23499,1,-1
2024-10-25 15:01:01.010,23501,23505,23499,1,-1
2024-10-25 15:01:01.031,23501,23505,23500,2,-2
2024-10-25 15:01:01.053,23499,23503,23503,1,1
2024-10-25 15:01:01.053,23499,23503,23504,1,1
2024-10-25 15:01:01.053,23499,23503,23504,1,1
2024-10-25 15:01:01.053,23499,23503,23507,1,1
2024-10-25 15:01:01.054,23499,23503,23506,1,1
2024-10-25 15:01:01.054,23499,23503,23507,1,1
2024-10-25 15:01:01.054,23499,23503,23507,1,1
2024-10-25 15:01:01.054,23499,23503,23507,1,1
2024-10-25 15:01:01.055,23499,23503,23507,1,1
2024-10-25 15:01:01.090,23499,23503,23503,1,1
2024-10-25 15:01:01.149,23499,23503,23503,1,1
2024-10-25 15:01:01.253,23503,23506,23503,1,-1
2024-10-25 15:01:01.254,23503,23506,23502,1,-1
2024-10-25 15:01:01.255,23503,23506,23501,1,-1
2024-10-25 15:01:01.321,23500,23503,23503,1,1
2024-10-25 15:01:01.460,23500,23503,23503,2,2
2024-10-25 15:01:01.675,23502,23505,23502,1,-1
2024-10-25 15:01:01.676,23502,23505,23502,1,-1
2024-10-25 15:01:01.690,23502,23505,23501,1,-1
2024-10-25 15:01:02.168,23504,23507,23509,1,1
2024-10-25 15:01:02.269,23507,23509,23506,2,-2
2024-10-25 15:01:02.269,23507,23509,23507,2,-2
2024-10-25 15:01:02.421,23505,23508,23505,1,-1
2024-10-25 15:01:02.646,23506,23509,23506,1,-1
2024-10-25 15:01:02.708,23506,23508,23506,1,-1
2024-10-25 15:01:03.079,23506,23507,23506,1,-1
2024-10-25 15:01:03.292,23505,23507,23507,1,1
2024-10-25 15:01:03.307,23507,23510,23507,1,-1
2024-10-25 15:01:03.428,23506,23509,23506,1,-1
2024-10-25 15:01:03.589,23506,23509,23509,3,3
2024-10-25 15:01:03.589,23506,23509,23510,2,2
2024-10-25 15:01:03.956,23506,23508,23506,1,-1
2024-10-25 15:01:04.237,23505,23507,23507,2,2
2024-10-25 15:01:04.246,23505,23507,23508,2,2
2024-10-25 15:01:04.266,23505,23507,23509,1,1
2024-10-25 15:01:04.266,23505,23507,23510,1,1
2024-10-25 15:01:04.492,23506,23510,23506,1,-1
2024-10-25 15:01:04.969,23506,23509,23509,1,1
2024-10-25 15:01:05.383,23506,23509,23507,2,-2
2024-10-25 15:01:05.504,23505,23508,23505,2,-2
2024-10-25 15:01:05.654,23503,23506,23503,1,-1
2024-10-25 15:01:05.655,23503,23506,23502,1,-1
2024-10-25 15:01:05.771,23500,23504,23501,1,-1
2024-10-25 15:01:06.438,23500,23501,23500,1,-1
2024-10-25 15:01:06.449,23500,23501,23499,1,-1
2024-10-25 15:01:06.577,23499,23501,23499,1,-1
2024-10-25 15:01:06.580,23499,23501,23498,1,-1
2024-10-25 15:01:06.684,23497,23498,23497,3,-3
2024-10-25 15:01:07.052,23497,23498,23497,3,-3
2024-10-25 15:01:07.052,23497,23498,23496,2,-2
2024-10-25 15:01:07.052,23497,23498,23495,2,-2
2024-10-25 15:01:07.177,23497,23498,23498,1,1
2024-10-25 15:01:07.177,23497,23498,23499,1,1
2024-10-25 15:01:07.177,23497,23498,23499,1,1
2024-10-25 15:01:07.178,23497,23498,23502,1,1
2024-10-25 15:01:07.178,23497,23498,23502,1,1
2024-10-25 15:01:07.178,23497,23498,23501,1,1
2024-10-25 15:01:07.178,23497,23498,23501,1,1
2024-10-25 15:01:07.178,23497,23498,23500,1,1
2024-10-25 15:01:07.178,23497,23498,23501,1,1
2024-10-25 15:01:07.178,23497,23498,23501,1,1
2024-10-25 15:01:07.178,23497,23498,23501,1,1
2024-10-25 15:01:07.179,23497,23498,23503,2,2
2024-10-25 15:01:07.179,23497,23498,23504,1,1
2024-10-25 15:01:07.179,23497,23498,23503,1,1
2024-10-25 15:01:07.179,23497,23498,23502,1,1
2024-10-25 15:01:07.179,23497,23498,23502,1,1
2024-10-25 15:01:07.179,23497,23498,23502,1,1
2024-10-25 15:01:07.180,23497,23498,23504,1,1
2024-10-25 15:01:07.185,23497,23498,23503,1,1
2024-10-25 15:01:07.206,23497,23498,23501,1,1
2024-10-25 15:01:07.207,23497,23498,23501,1,1
2024-10-25 15:01:07.208,23497,23498,23500,1,1
2024-10-25 15:01:07.246,23497,23498,23497,1,-1
2024-10-25 15:01:07.246,23497,23498,23498,4,4
2024-10-25 15:01:07.246,23497,23498,23499,2,2
2024-10-25 15:01:07.958,23498,23501,23501,1,1
2024-10-25 15:01:08.205,23498,23500,23498,1,-1
2024-10-25 15:01:08.285,23498,23500,23499,1,-1
2024-10-25 15:01:08.429,23498,23500,23498,1,-1
2024-10-25 15:01:08.473,23498,23500,23500,1,1
2024-10-25 15:01:08.553,23499,23501,23499,1,-1
2024-10-25 15:01:08.576,23499,23501,23499,1,-1
2024-10-25 15:01:08.672,23499,23501,23500,1,-1
2024-10-25 15:01:09.438,23499,23501,23499,1,-1
2024-10-25 15:01:09.449,23499,23501,23499,1,-1
2024-10-25 15:01:09.460,23499,23501,23499,1,-1
2024-10-25 15:01:09.641,23499,23501,23499,2,-2
2024-10-25 15:01:10.359,23498,23501,23501,2,2
2024-10-25 15:01:10.419,23498,23501,23499,1,-1
2024-10-25 15:01:10.793,23499,23502,23501,1,1
2024-10-25 15:01:10.876,23499,23501,23498,1,-1
2024-10-25 15:01:10.876,23499,23501,23499,1,-1
2024-10-25 15:01:10.907,23499,23501,23500,1,-1
2024-10-25 15:01:11.205,23499,23501,23499,1,-1
2024-10-25 15:01:11.851,23498,23501,23498,2,-2
2024-10-25 15:01:11.881,23498,23501,23499,1,-1
2024-10-25 15:01:12.081,23497,23499,23497,1,-1
2024-10-25 15:01:12.250,23496,23498,23496,1,-1
2024-10-25 15:01:12.330,23496,23498,23498,1,1
2024-10-25 15:01:12.338,23496,23498,23498,1,1
2024-10-25 15:01:12.609,23497,23499,23497,1,-1
2024-10-25 15:01:12.634,23497,23499,23498,1,-1
2024-10-25 15:01:12.793,23496,23499,23499,1,1
2024-10-25 15:01:13.505,23496,23499,23499,1,1
2024-10-25 15:01:13.574,23496,23499,23499,2,2
2024-10-25 15:01:13.574,23496,23499,23500,3,3
2024-10-25 15:01:14.493,23498,23500,23500,1,1
2024-10-25 15:01:14.495,23498,23500,23500,1,1
2024-10-25 15:01:15.426,23500,23501,23501,1,1
2024-10-25 15:01:15.583,23501,23503,23501,1,-1
2024-10-25 15:01:15.585,23501,23503,23500,1,-1
2024-10-25 15:01:15.802,23499,23502,23499,1,-1
2024-10-25 15:01:15.804,23499,23502,23499,1,-1
2024-10-25 15:01:15.994,23498,23500,23500,1,1
2024-10-25 15:01:16.073,23500,23501,23500,4,-4
2024-10-25 15:01:16.625,23497,23500,23497,2,-2
2024-10-25 15:01:16.719,23496,23498,23496,2,-2
2024-10-25 15:01:16.720,23496,23498,23495,3,-3
2024-10-25 15:01:16.720,23496,23498,23495,2,-2
2024-10-25 15:01:16.720,23496,23498,23495,1,-1
2024-10-25 15:01:16.761,23496,23498,23495,1,-1
2024-10-25 15:01:17.008,23495,23497,23495,1,-1
2024-10-25 15:01:17.018,23495,23497,23495,1,-1
2024-10-25 15:01:17.029,23495,23497,23495,1,-1
2024-10-25 15:01:17.122,23495,23498,23498,1,1
2024-10-25 15:01:18.356,23496,23498,23496,1,-1
2024-10-25 15:01:18.427,23495,23498,23499,1,1
2024-10-25 15:01:18.427,23495,23498,23500,1,1
2024-10-25 15:01:18.427,23495,23498,23500,1,1
2024-10-25 15:01:18.427,23495,23498,23500,1,1
2024-10-25 15:01:18.427,23495,23498,23498,1,1
2024-10-25 15:01:18.427,23495,23498,23499,1,1
2024-10-25 15:01:18.427,23495,23498,23501,1,1
2024-10-25 15:01:18.427,23495,23498,23498,1,1
2024-10-25 15:01:18.427,23495,23498,23499,1,1
2024-10-25 15:01:18.427,23495,23498,23500,1,1
2024-10-25 15:01:18.428,23495,23498,23500,1,1
2024-10-25 15:01:18.428,23495,23498,23502,1,1
2024-10-25 15:01:18.428,23495,23498,23501,1,1
2024-10-25 15:01:18.428,23495,23498,23501,1,1
2024-10-25 15:01:18.428,23495,23498,23501,2,2
2024-10-25 15:01:18.428,23495,23498,23501,1,1
2024-10-25 15:01:18.429,23495,23498,23501,1,1
2024-10-25 15:01:18.429,23495,23498,23500,1,1
2024-10-25 15:01:18.429,23495,23498,23500,1,1
2024-10-25 15:01:18.429,23495,23498,23502,1,1
2024-10-25 15:01:18.429,23495,23498,23501,1,1
2024-10-25 15:01:18.429,23495,23498,23501,1,1
2024-10-25 15:01:18.429,23495,23498,23502,1,1
2024-10-25 15:01:18.431,23495,23498,23500,1,1
2024-10-25 15:01:18.432,23495,23498,23500,1,1
2024-10-25 15:01:18.436,23495,23498,23501,1,1
2024-10-25 15:01:18.583,23499,23502,23499,1,-1
2024-10-25 15:01:18.978,23497,23499,23497,1,-1
2024-10-25 15:01:20.399,23497,23500,23500,1,1
2024-10-25 15:01:20.720,23499,23500,23499,1,-1
2024-10-25 15:01:21.390,23499,23500,23500,1,1
2024-10-25 15:01:22.076,23500,23501,23501,2,2
2024-10-25 15:01:22.775,23501,23502,23502,1,1
2024-10-25 15:01:23.642,23501,23503,23501,2,-2
2024-10-25 15:01:23.855,23500,23502,23500,1,-1
2024-10-25 15:01:23.860,23500,23502,23500,1,-1
2024-10-25 15:01:24.028,23500,23502,23500,1,-1
2024-10-25 15:01:24.029,23500,23502,23500,1,-1
2024-10-25 15:01:24.455,23500,23501,23500,1,-1
2024-10-25 15:01:25.139,23499,23501,23501,1,1
2024-10-25 15:01:26.159,23501,23502,23502,1,1
2024-10-25 15:01:26.219,23502,23503,23503,1,1
2024-10-25 15:01:26.336,23502,23504,23503,1,1
2024-10-25 15:01:26.381,23502,23504,23502,1,-1
2024-10-25 15:01:26.506,23502,23505,23502,1,-1
2024-10-25 15:01:27.258,23502,23505,23503,1,-1
2024-10-25 15:01:27.302,23503,23505,23505,1,1
2024-10-25 15:01:27.302,23503,23505,23505,1,1
2024-10-25 15:01:27.302,23503,23505,23506,2,2
2024-10-25 15:01:27.303,23503,23505,23509,1,1
2024-10-25 15:01:27.303,23503,23505,23508,1,1
2024-10-25 15:01:27.303,23503,23505,23509,1,1
2024-10-25 15:01:27.303,23503,23505,23508,1,1
2024-10-25 15:01:27.303,23503,23505,23507,1,1
2024-10-25 15:01:27.303,23503,23505,23507,1,1
2024-10-25 15:01:27.303,23503,23505,23507,1,1
2024-10-25 15:01:27.303,23503,23505,23507,1,1
2024-10-25 15:01:27.303,23503,23505,23506,1,1
2024-10-25 15:01:27.304,23503,23505,23509,1,1
2024-10-25 15:01:27.304,23503,23505,23508,1,1
2024-10-25 15:01:27.304,23503,23505,23510,1,1
2024-10-25 15:01:27.304,23503,23505,23510,1,1
2024-10-25 15:01:27.304,23503,23505,23510,1,1
2024-10-25 15:01:27.304,23503,23505,23510,1,1
2024-10-25 15:01:27.304,23503,23505,23509,1,1
2024-10-25 15:01:27.305,23503,23505,23509,1,1
2024-10-25 15:01:27.531,23506,23509,23506,1,-1
2024-10-25 15:01:28.937,23507,23509,23507,1,-1
2024-10-25 15:01:28.973,23507,23509,23509,1,1
2024-10-25 15:01:29.456,23507,23508,23507,1,-1
2024-10-25 15:01:29.866,23506,23508,23508,1,1
2024-10-25 15:01:30.242,23506,23508,23508,2,2
2024-10-25 15:01:30.242,23506,23508,23509,2,2
2024-10-25 15:01:30.630,23507,23510,23507,2,-2
2024-10-25 15:01:30.804,23507,23510,23510,1,1
2024-10-25 15:01:32.866,23506,23508,23508,3,3
2024-10-25 15:01:34.053,23506,23509,23506,4,-4
2024-10-25 15:01:34.110,23506,23509,23504,1,-1
2024-10-25 15:01:35.557,23504,23506,23506,1,1
2024-10-25 15:01:36.511,23504,23506,23504,1,-1
2024-10-25 15:01:36.552,23504,23506,23506,1,1
2024-10-25 15:01:36.552,23504,23506,23506,1,1
2024-10-25 15:01:36.553,23504,23506,23507,1,1
2024-10-25 15:01:36.553,23504,23506,23509,1,1
2024-10-25 15:01:36.553,23504,23506,23507,1,1
2024-10-25 15:01:36.553,23504,23506,23509,1,1
2024-10-25 15:01:36.553,23504,23506,23506,3,3
2024-10-25 15:01:36.553,23504,23506,23508,1,1
2024-10-25 15:01:36.553,23504,23506,23506,1,1
2024-10-25 15:01:36.553,23504,23506,23506,1,1
2024-10-25 15:01:36.553,23504,23506,23506,2,2
2024-10-25 15:01:36.553,23504,23506,23506,1,1
2024-10-25 15:01:36.553,23504,23506,23506,1,1
2024-10-25 15:01:36.554,23504,23506,23509,1,1
2024-10-25 15:01:36.557,23504,23506,23509,1,1
2024-10-25 15:01:36.558,23504,23506,23510,1,1
2024-10-25 15:01:37.481,23506,23509,23506,4,-4
2024-10-25 15:01:38.347,23505,23509,23505,2,-2
2024-10-25 15:01:38.469,23503,23507,23506,3,3
2024-10-25 15:01:39.680,23503,23506,23506,1,1
2024-10-25 15:01:40.770,23503,23506,23504,1,-1
2024-10-25 15:01:40.924,23504,23506,23506,1,1
2024-10-25 15:01:41.387,23503,23507,23504,1,-1
2024-10-25 15:01:41.414,23503,23507,23504,1,-1
2024-10-25 15:01:41.417,23503,23507,23504,1,-1
2024-10-25 15:01:43.078,23505,23507,23505,1,-1
2024-10-25 15:01:43.685,23504,23506,23504,1,-1
2024-10-25 15:01:43.827,23504,23505,23504,2,-2
2024-10-25 15:01:43.831,23504,23505,23503,6,-6
2024-10-25 15:01:43.832,23504,23505,23502,3,-3
2024-10-25 15:01:43.833,23504,23505,23502,1,-1
2024-10-25 15:01:43.833,23504,23505,23502,1,-1
2024-10-25 15:01:43.833,23504,23505,23502,2,-2
2024-10-25 15:01:43.833,23504,23505,23502,1,-1
2024-10-25 15:01:44.132,23501,23503,23502,1,-1
2024-10-25 15:01:44.291,23501,23503,23501,7,-7
2024-10-25 15:01:44.292,23501,23503,23500,2,-2
2024-10-25 15:01:44.293,23501,23503,23500,1,-1
2024-10-25 15:01:44.293,23501,23503,23500,2,-2
2024-10-25 15:01:44.293,23501,23503,23500,2,-2
2024-10-25 15:01:44.438,23499,23502,23499,1,-1
2024-10-25 15:01:45.023,23500,23502,23500,1,-1
2024-10-25 15:01:45.053,23500,23502,23502,1,1
2024-10-25 15:01:50.707,23502,23503,23502,1,-1
2024-10-25 15:01:50.861,23501,23503,23501,1,-1
2024-10-25 15:01:53.221,23501,23502,23502,1,1
2024-10-25 15:01:53.740,23502,23503,23503,2,2
2024-10-25 15:01:53.978,23503,23505,23503,1,-1
2024-10-25 15:01:53.979,23503,23505,23503,1,-1
2024-10-25 15:01:56.448,23504,23505,23505,1,1
2024-10-25 15:01:56.448,23504,23505,23505,2,2
2024-10-25 15:01:58.560,23504,23505,23504,1,-1
2024-10-25 15:01:59.206,23504,23505,23504,2,-2
2024-10-25 15:01:59.624,23501,23504,23504,1,1
2024-10-25 15:02:00.077,23502,23505,23505,2,2
2024-10-25 15:02:00.179,23503,23505,23503,2,-2
2024-10-25 15:02:00.214,23503,23505,23505,1,1
2024-10-25 15:02:00.278,23503,23505,23505,1,1
2024-10-25 15:02:00.396,23502,23506,23506,1,1
2024-10-25 15:02:02.109,23501,23502,23501,6,-6
2024-10-25 15:02:02.109,23501,23502,23501,1,-1
2024-10-25 15:02:02.389,23500,23502,23502,1,1
2024-10-25 15:02:02.858,23500,23503,23501,1,-1
2024-10-25 15:02:04.129,23500,23502,23500,1,-1
2024-10-25 15:02:04.696,23500,23502,23500,1,-1
2024-10-25 15:02:04.747,23500,23502,23502,1,1
2024-10-25 15:02:04.844,23500,23503,23500,3,-3
2024-10-25 15:02:05.230,23500,23503,23500,1,-1
2024-10-25 15:02:05.830,23500,23502,23500,1,-1
2024-10-25 15:02:05.951,23500,23502,23500,10,-10
2024-10-25 15:02:05.977,23500,23502,23499,1,-1
2024-10-25 15:02:06.076,23498,23500,23500,1,1
2024-10-25 15:02:06.148,23498,23500,23498,1,-1
2024-10-25 15:02:06.330,23498,23499,23498,1,-1
2024-10-25 15:02:06.706,23497,23499,23497,1,-1
2024-10-25 15:02:06.831,23497,23499,23497,1,-1
2024-10-25 15:02:07.001,23497,23499,23497,1,-1
2024-10-25 15:02:07.114,23497,23499,23499,1,1
2024-10-25 15:02:07.294,23497,23499,23497,1,-1
2024-10-25 15:02:07.294,23497,23499,23497,1,-1
2024-10-25 15:02:07.296,23497,23499,23496,1,-1
2024-10-25 15:02:07.450,23496,23498,23497,1,-1
2024-10-25 15:02:07.636,23496,23498,23498,1,1
2024-10-25 15:02:07.932,23496,23498,23496,1,-1
2024-10-25 15:02:08.452,23496,23498,23497,1,-1
2024-10-25 15:02:08.532,23496,23498,23496,1,-1
2024-10-25 15:02:08.636,23496,23498,23496,1,-1
2024-10-25 15:02:09.032,23496,23498,23496,1,-1
2024-10-25 15:02:09.401,23495,23497,23495,3,-3
2024-10-25 15:02:09.401,23495,23497,23495,2,-2
2024-10-25 15:02:11.370,23495,23496,23495,2,-2
2024-10-25 15:02:12.499,23495,23496,23496,1,1
2024-10-25 15:02:12.974,23495,23496,23496,1,1
2024-10-25 15:02:13.208,23496,23499,23499,1,1
2024-10-25 15:02:13.966,23495,23498,23498,1,1
2024-10-25 15:02:14.835,23496,23498,23496,1,-1
2024-10-25 15:02:17.837,23496,23498,23496,1,-1
2024-10-25 15:02:18.537,23496,23498,23496,1,-1
2024-10-25 15:02:19.538,23496,23498,23496,1,-1
2024-10-25 15:02:20.048,23495,23497,23497,3,3
2024-10-25 15:02:20.048,23495,23497,23498,1,1
2024-10-25 15:02:20.153,23496,23498,23496,1,-1
2024-10-25 15:02:20.153,23496,23498,23495,4,-4
2024-10-25 15:02:20.594,23496,23498,23496,1,-1
2024-10-25 15:02:21.340,23495,23497,23495,1,-1
2024-10-25 15:02:21.625,23494,23496,23496,1,1
2024-10-25 15:02:21.647,23494,23496,23494,1,-1
2024-10-25 15:02:21.857,23494,23496,23494,3,-3
2024-10-25 15:02:21.869,23494,23496,23493,2,-2
2024-10-25 15:02:22.109,23492,23494,23492,2,-2
2024-10-25 15:02:23.672,23491,23493,23491,4,-4
2024-10-25 15:02:23.958,23490,23492,23490,6,-6
2024-10-25 15:02:23.958,23490,23492,23490,2,-2
2024-10-25 15:02:23.959,23490,23492,23489,1,-1
2024-10-25 15:02:23.959,23490,23492,23489,1,-1
2024-10-25 15:02:25.828,23489,23492,23492,1,1
2024-10-25 15:02:26.491,23491,23493,23491,1,-1
2024-10-25 15:02:29.961,23491,23493,23493,1,1
2024-10-25 15:02:33.442,23491,23493,23491,2,-2
2024-10-25 15:02:33.590,23490,23492,23490,2,-2
2024-10-25 15:02:33.590,23490,23492,23489,8,-8
2024-10-25 15:02:33.892,23489,23491,23491,2,2
2024-10-25 15:02:33.921,23489,23491,23490,1,1
2024-10-25 15:02:34.542,23488,23491,23490,1,1
2024-10-25 15:02:35.981,23488,23491,23488,4,-4
2024-10-25 15:02:35.981,23488,23491,23487,1,-1
2024-10-25 15:02:39.034,23487,23489,23488,1,-1
2024-10-25 15:02:39.823,23487,23490,23491,5,5
2024-10-25 15:02:39.823,23487,23490,23490,2,2
2024-10-25 15:02:41.408,23491,23493,23490,2,-2
2024-10-25 15:02:42.304,23489,23492,23489,1,-1
2024-10-25 15:02:44.205,23488,23491,23488,1,-1
2024-10-25 15:02:44.302,23488,23490,23490,2,2
2024-10-25 15:02:44.302,23488,23490,23491,1,1
2024-10-25 15:02:46.831,23490,23493,23493,1,1
2024-10-25 15:02:47.940,23490,23493,23490,2,-2
2024-10-25 15:02:47.940,23490,23493,23489,3,-3
2024-10-25 15:02:49.708,23488,23490,23488,1,-1
2024-10-25 15:02:50.554,23488,23490,23488,1,-1
2024-10-25 15:02:51.303,23487,23489,23489,1,1
2024-10-25 15:02:51.355,23487,23489,23487,1,-1
2024-10-25 15:02:55.446,23487,23489,23487,1,-1
2024-10-25 15:02:55.900,23487,23489,23487,1,-1
2024-10-25 15:02:56.221,23487,23489,23489,1,1
2024-10-25 15:02:56.268,23487,23489,23489,1,1
2024-10-25 15:02:58.522,23489,23492,23489,1,-1
2024-10-25 15:03:00.024,23488,23491,23490,1,1
2024-10-25 15:03:00.049,23488,23491,23491,1,1
2024-10-25 15:03:00.568,23491,23492,23491,3,-3
2024-10-25 15:03:02.925,23491,23492,23492,1,1
2024-10-25 15:03:03.239,23491,23493,23493,2,2
2024-10-25 15:03:03.240,23491,23493,23493,3,3
2024-10-25 15:03:03.275,23491,23493,23493,1,1
2024-10-25 15:03:04.792,23493,23495,23495,2,2
2024-10-25 15:03:04.818,23494,23496,23496,1,1
2024-10-25 15:03:05.049,23494,23496,23494,1,-1
2024-10-25 15:03:05.360,23493,23495,23494,1,-1
2024-10-25 15:03:05.546,23493,23495,23493,1,-1
2024-10-25 15:03:09.238,23494,23497,23494,1,-1
2024-10-25 15:03:10.305,23494,23496,23494,1,-1
2024-10-25 15:03:11.982,23492,23494,23494,1,1
2024-10-25 15:03:12.040,23492,23494,23493,2,2
2024-10-25 15:03:12.680,23492,23493,23492,2,-2
2024-10-25 15:03:13.158,23490,23493,23493,1,1
2024-10-25 15:03:13.586,23490,23493,23493,1,1
2024-10-25 15:03:16.834,23493,23495,23493,1,-1
2024-10-25 15:03:18.046,23496,23501,23502,3,3
2024-10-25 15:03:18.046,23496,23501,23501,6,6
2024-10-25 15:03:18.046,23496,23501,23500,6,6
2024-10-25 15:03:18.046,23496,23501,23499,4,4
2024-10-25 15:03:18.046,23496,23501,23494,1,-1
2024-10-25 15:03:18.046,23496,23501,23497,8,-8
2024-10-25 15:03:18.046,23496,23501,23496,8,-8
2024-10-25 15:03:18.046,23496,23501,23495,6,-6
2024-10-25 15:03:18.046,23496,23501,23498,8,-8
2024-10-25 15:03:18.569,23497,23499,23497,1,-1
2024-10-25 15:03:19.204,23497,23499,23499,1,1
2024-10-25 15:03:19.827,23498,23501,23498,1,-1
2024-10-25 15:03:21.170,23498,23501,23499,1,-1
2024-10-25 15:03:21.311,23498,23501,23498,1,-1
2024-10-25 15:03:21.320,23498,23501,23501,2,2
2024-10-25 15:03:22.771,23498,23499,23498,1,-1
2024-10-25 15:03:24.072,23497,23499,23497,1,-1
2024-10-25 15:03:25.143,23497,23498,23498,1,1
2024-10-25 15:03:25.143,23497,23498,23498,1,1
2024-10-25 15:03:25.344,23498,23499,23499,2,2
2024-10-25 15:03:25.347,23498,23499,23499,1,1
2024-10-25 15:03:25.349,23498,23499,23499,1,1
2024-10-25 15:03:26.673,23499,23501,23499,1,-1
2024-10-25 15:03:27.109,23499,23501,23499,1,-1
2024-10-25 15:03:27.393,23498,23501,23501,4,4
2024-10-25 15:03:27.869,23499,23501,23499,1,-1
2024-10-25 15:03:28.474,23498,23501,23498,1,-1
2024-10-25 15:03:28.993,23498,23501,23501,1,1
2024-10-25 15:03:29.726,23499,23501,23499,1,-1
2024-10-25 15:03:30.275,23498,23501,23498,1,-1
2024-10-25 15:03:31.192,23499,23501,23499,1,-1
2024-10-25 15:03:31.650,23499,23500,23499,1,-1
2024-10-25 15:03:32.092,23499,23500,23500,1,1
2024-10-25 15:03:32.700,23499,23500,23500,3,3
2024-10-25 15:03:32.755,23499,23500,23501,2,2
2024-10-25 15:03:32.897,23500,23502,23502,1,1
2024-10-25 15:03:32.911,23500,23502,23502,1,1
2024-10-25 15:03:32.913,23500,23502,23502,1,1
2024-10-25 15:03:33.234,23501,23504,23501,1,-1
2024-10-25 15:03:34.177,23501,23504,23501,1,-1
2024-10-25 15:03:35.297,23501,23503,23502,1,-1
2024-10-25 15:03:37.444,23500,23502,23502,2,2
2024-10-25 15:03:39.873,23501,23504,23501,2,-2
2024-10-25 15:03:40.958,23501,23502,23502,1,1
2024-10-25 15:03:41.320,23501,23504,23504,2,2
2024-10-25 15:03:42.146,23500,23503,23502,1,1
2024-10-25 15:03:42.146,23500,23503,23503,2,2
2024-10-25 15:03:43.376,23501,23503,23501,1,-1
2024-10-25 15:03:46.345,23501,23502,23502,1,1
2024-10-25 15:03:49.160,23502,23504,23504,1,1
2024-10-25 15:03:49.250,23503,23505,23505,1,1
2024-10-25 15:03:49.251,23503,23505,23505,7,7
2024-10-25 15:03:49.251,23503,23505,23505,3,3
2024-10-25 15:03:52.458,23502,23505,23505,1,1
2024-10-25 15:03:53.580,23501,23503,23501,5,-5
2024-10-25 15:03:55.434,23498,23501,23501,1,1
2024-10-25 15:03:55.905,23499,23502,23500,2,-2
2024-10-25 15:03:56.082,23499,23502,23499,1,-1
2024-10-25 15:03:56.086,23499,23502,23499,2,-2
2024-10-25 15:03:58.219,23499,23501,23499,2,-2
2024-10-25 15:03:58.274,23499,23501,23500,1,-1
2024-10-25 15:04:00.038,23498,23500,23500,1,1
2024-10-25 15:04:00.424,23499,23501,23501,1,1
2024-10-25 15:04:00.558,23501,23503,23503,1,1
2024-10-25 15:04:00.700,23502,23504,23504,1,1
2024-10-25 15:04:00.700,23502,23504,23502,2,-2
2024-10-25 15:04:00.864,23501,23504,23501,2,-2
2024-10-25 15:04:02.977,23500,23501,23501,1,1
2024-10-25 15:04:03.589,23500,23501,23501,1,1
2024-10-25 15:04:03.801,23501,23503,23501,3,-3
2024-10-25 15:04:04.546,23500,23501,23500,1,-1
2024-10-25 15:04:04.547,23500,23501,23500,1,-1
2024-10-25 15:04:04.820,23499,23501,23499,1,-1
2024-10-25 15:04:04.820,23499,23501,23499,1,-1
2024-10-25 15:04:04.995,23498,23500,23498,1,-1
2024-10-25 15:04:04.995,23498,23500,23498,1,-1
2024-10-25 15:04:05.148,23498,23499,23499,2,2
2024-10-25 15:04:05.149,23498,23499,23499,2,2
2024-10-25 15:04:05.306,23498,23501,23499,2,-2
2024-10-25 15:04:06.322,23498,23500,23500,1,1
2024-10-25 15:04:07.566,23498,23499,23498,1,-1
2024-10-25 15:04:07.566,23498,23499,23498,3,-3
2024-10-25 15:04:07.567,23498,23499,23498,9,-9
2024-10-25 15:04:07.567,23498,23499,23498,1,-1
2024-10-25 15:04:07.660,23498,23499,23498,1,-1
2024-10-25 15:04:07.709,23497,23498,23497,1,-1
2024-10-25 15:04:08.352,23497,23498,23497,2,-2
2024-10-25 15:04:08.352,23497,23498,23497,1,-1
2024-10-25 15:04:08.353,23497,23498,23497,3,-3
2024-10-25 15:04:08.356,23497,23498,23495,2,-2
2024-10-25 15:04:08.573,23496,23497,23496,1,-1
2024-10-25 15:04:09.374,23494,23496,23494,2,-2
2024-10-25 15:04:09.394,23494,23496,23493,2,-2
2024-10-25 15:04:10.599,23493,23494,23494,1,1
2024-10-25 15:04:10.662,23493,23494,23493,1,-1
2024-10-25 15:04:10.664,23493,23494,23493,1,-1
2024-10-25 15:04:11.348,23493,23496,23494,2,-2
2024-10-25 15:04:13.091,23495,23497,23495,1,-1
2024-10-25 15:04:14.214,23494,23496,23496,2,2
2024-10-25 15:04:15.570,23494,23496,23495,2,2
2024-10-25 15:04:15.570,23494,23496,23496,1,1
2024-10-25 15:04:15.790,23495,23497,23495,1,-1
2024-10-25 15:04:21.158,23494,23497,23494,1,-1
2024-10-25 15:04:21.943,23494,23496,23496,1,1
2024-10-25 15:04:22.182,23494,23496,23497,3,3
2024-10-25 15:04:22.182,23494,23496,23496,2,2
2024-10-25 15:04:22.183,23494,23496,23497,2,2
2024-10-25 15:04:23.196,23495,23498,23498,1,1
2024-10-25 15:04:25.788,23496,23498,23496,2,-2
2024-10-25 15:04:28.830,23496,23498,23498,2,2
2024-10-25 15:04:28.921,23496,23498,23500,1,1
2024-10-25 15:04:29.050,23500,23501,23500,1,-1
2024-10-25 15:04:29.986,23499,23501,23499,1,-1
2024-10-25 15:04:33.242,23498,23500,23500,4,4
2024-10-25 15:04:33.707,23500,23501,23500,1,-1
2024-10-25 15:04:38.000,23500,23501,23500,1,-1
2024-10-25 15:04:38.058,23500,23501,23500,1,-1
2024-10-25 15:04:43.106,23496,23498,23496,1,-1
2024-10-25 15:04:49.204,23495,23497,23497,1,1
2024-10-25 15:04:49.211,23495,23497,23498,1,1
2024-10-25 15:04:49.212,23495,23497,23498,1,1
2024-10-25 15:04:49.411,23498,23499,23498,1,-1
2024-10-25 15:04:49.902,23497,23499,23499,1,1
2024-10-25 15:04:50.005,23499,23500,23500,8,8
2024-10-25 15:04:50.509,23500,23501,23501,2,2
2024-10-25 15:04:53.218,23500,23502,23500,1,-1
2024-10-25 15:04:55.366,23498,23500,23498,1,-1
2024-10-25 15:04:57.604,23498,23500,23500,1,1
2024-10-25 15:04:58.645,23498,23500,23500,1,1
2024-10-25 15:05:00.876,23500,23501,23501,1,1
2024-10-25 15:05:00.936,23501,23502,23502,1,1
2024-10-25 15:05:00.936,23501,23502,23502,1,1
2024-10-25 15:05:00.937,23501,23502,23502,1,1
2024-10-25 15:05:01.206,23500,23503,23503,1,1
2024-10-25 15:05:01.303,23500,23503,23504,1,1
2024-10-25 15:05:01.303,23500,23503,23504,1,1
2024-10-25 15:05:01.303,23500,23503,23504,1,1
2024-10-25 15:05:01.303,23500,23503,23503,1,1
2024-10-25 15:05:01.303,23500,23503,23503,1,1
2024-10-25 15:05:01.303,23500,23503,23503,1,1
2024-10-25 15:05:01.601,23502,23504,23502,4,-4
2024-10-25 15:05:03.158,23502,23504,23504,1,1
2024-10-25 15:05:04.083,23503,23504,23504,1,1
2024-10-25 15:05:04.334,23503,23505,23503,1,-1
2024-10-25 15:05:06.107,23502,23505,23505,1,1
2024-10-25 15:05:06.920,23503,23505,23505,1,1
2024-10-25 15:05:06.920,23503,23505,23505,1,1
2024-10-25 15:05:06.920,23503,23505,23505,1,1
2024-10-25 15:05:09.284,23504,23505,23505,1,1
2024-10-25 15:05:09.303,23504,23506,23506,1,1
2024-10-25 15:05:09.303,23504,23506,23506,1,1
2024-10-25 15:05:09.304,23504,23506,23506,1,1
2024-10-25 15:05:09.304,23504,23506,23506,1,1
2024-10-25 15:05:11.370,23504,23506,23506,1,1
2024-10-25 15:05:11.633,23505,23507,23507,2,2
2024-10-25 15:05:12.189,23505,23507,23507,1,1
2024-10-25 15:05:12.190,23505,23507,23507,1,1
2024-10-25 15:05:12.190,23505,23507,23507,3,3
2024-10-25 15:05:12.191,23505,23507,23508,1,1
2024-10-25 15:05:12.400,23507,23509,23509,1,1
2024-10-25 15:05:13.445,23507,23509,23509,2,2
2024-10-25 15:05:13.919,23508,23509,23509,2,2
2024-10-25 15:05:13.920,23508,23509,23509,2,2
2024-10-25 15:05:13.921,23508,23509,23509,1,1
2024-10-25 15:05:13.922,23510,23512,23510,10,-10
2024-10-25 15:05:13.922,23510,23512,23510,10,-10
2024-10-25 15:05:13.923,23510,23512,23511,2,-2
2024-10-25 15:05:13.924,23510,23512,23511,1,-1
2024-10-25 15:05:15.124,23508,23511,23508,1,-1
2024-10-25 15:05:15.891,23506,23509,23509,1,1
2024-10-25 15:05:18.612,23508,23509,23509,1,1
2024-10-25 15:05:18.657,23508,23509,23511,4,4
2024-10-25 15:05:18.657,23508,23509,23512,1,1
2024-10-25 15:05:19.489,23509,23511,23509,2,-2
2024-10-25 15:05:19.553,23508,23509,23509,1,1
2024-10-25 15:05:19.553,23508,23509,23511,1,1
2024-10-25 15:05:19.553,23508,23509,23511,1,1
2024-10-25 15:05:19.553,23508,23509,23511,1,1
2024-10-25 15:05:19.554,23508,23509,23512,1,1
2024-10-25 15:05:19.554,23508,23509,23512,1,1
2024-10-25 15:05:19.554,23508,23509,23512,1,1
2024-10-25 15:05:20.034,23511,23512,23511,1,-1
2024-10-25 15:05:20.203,23511,23512,23511,2,-2
2024-10-25 15:05:20.980,23511,23512,23512,1,1
2024-10-25 15:05:21.047,23511,23512,23512,1,1
2024-10-25 15:05:21.393,23512,23513,23512,1,-1
2024-10-25 15:05:21.614,23512,23513,23512,1,-1
2024-10-25 15:05:22.761,23512,23513,23512,1,-1
2024-10-25 15:05:25.120,23512,23513,23512,1,-1
2024-10-25 15:05:25.975,23512,23513,23513,1,1
2024-10-25 15:05:26.018,23512,23513,23513,1,1
2024-10-25 15:05:26.068,23513,23514,23513,2,-2
2024-10-25 15:05:26.494,23513,23514,23514,2,2
2024-10-25 15:05:26.496,23513,23514,23515,2,2
2024-10-25 15:05:26.496,23513,23514,23515,1,1
2024-10-25 15:05:26.581,23514,23516,23516,1,1
2024-10-25 15:05:26.595,23514,23516,23516,2,2
2024-10-25 15:05:26.597,23514,23516,23516,1,1
2024-10-25 15:05:26.656,23514,23516,23516,1,1
2024-10-25 15:05:26.763,23515,23517,23516,1,1
2024-10-25 15:05:27.103,23515,23517,23515,1,-1
2024-10-25 15:05:27.178,23515,23517,23517,1,1
2024-10-25 15:05:27.178,23515,23517,23517,1,1
2024-10-25 15:05:27.178,23515,23517,23517,1,1
2024-10-25 15:05:27.179,23515,23517,23518,1,1
2024-10-25 15:05:27.179,23515,23517,23517,1,1
2024-10-25 15:05:27.183,23515,23517,23518,1,1
2024-10-25 15:05:27.212,23515,23517,23516,1,1
2024-10-25 15:05:27.869,23516,23518,23518,1,1
2024-10-25 15:05:27.869,23516,23518,23519,2,2
2024-10-25 15:05:30.195,23517,23518,23517,2,-2
2024-10-25 15:05:30.831,23515,23517,23517,1,1
2024-10-25 15:05:30.925,23514,23516,23516,1,1
2024-10-25 15:05:32.076,23513,23515,23513,1,-1
2024-10-25 15:05:33.109,23513,23514,23514,1,1
2024-10-25 15:05:33.500,23513,23514,23514,1,1
2024-10-25 15:05:34.385,23513,23515,23515,1,1
2024-10-25 15:05:35.301,23513,23515,23515,1,1
2024-10-25 15:05:36.123,23513,23515,23515,1,1
2024-10-25 15:05:38.442,23513,23515,23513,1,-1
2024-10-25 15:05:38.783,23512,23514,23512,2,-2
2024-10-25 15:05:38.785,23512,23514,23511,1,-1
2024-10-25 15:05:40.178,23511,23512,23512,2,2
2024-10-25 15:05:40.200,23511,23512,23511,1,-1
2024-10-25 15:05:40.844,23511,23513,23511,1,-1
2024-10-25 15:05:41.911,23511,23513,23513,1,1
2024-10-25 15:05:42.755,23510,23513,23511,1,-1
2024-10-25 15:05:42.896,23511,23513,23511,1,-1
2024-10-25 15:05:43.418,23510,23512,23511,1,-1
2024-10-25 15:05:45.721,23511,23512,23512,1,1
2024-10-25 15:05:47.291,23511,23513,23511,1,-1
2024-10-25 15:05:47.303,23510,23513,23513,1,1
2024-10-25 15:05:47.303,23510,23513,23513,1,1
2024-10-25 15:05:50.704,23513,23514,23514,1,1
2024-10-25 15:05:51.468,23514,23515,23515,1,1
2024-10-25 15:05:57.037,23515,23516,23516,2,2
2024-10-25 15:05:57.037,23515,23516,23516,2,2
2024-10-25 15:05:58.295,23515,23517,23515,1,-1
2024-10-25 15:05:59.042,23515,23517,23517,1,1
2024-10-25 15:05:59.904,23515,23516,23516,1,1
2024-10-25 15:06:00.216,23515,23516,23515,2,-2
2024-10-25 15:06:00.332,23514,23516,23516,2,2
2024-10-25 15:06:00.661,23515,23517,23517,1,1
2024-10-25 15:06:00.691,23515,23517,23517,1,1
2024-10-25 15:06:00.836,23515,23518,23518,1,1
2024-10-25 15:06:00.979,23515,23518,23518,1,1
2024-10-25 15:06:01.125,23515,23518,23518,1,1
2024-10-25 15:06:01.274,23515,23518,23518,1,1
2024-10-25 15:06:01.453,23516,23518,23518,1,1
2024-10-25 15:06:01.591,23516,23518,23518,1,1
2024-10-25 15:06:01.648,23516,23518,23518,2,2
2024-10-25 15:06:01.740,23517,23519,23519,1,1
2024-10-25 15:06:01.754,23517,23519,23518,1,1
2024-10-25 15:06:01.908,23518,23520,23520,1,1
2024-10-25 15:06:02.057,23518,23520,23520,1,1
2024-10-25 15:06:02.058,23518,23520,23520,15,15
2024-10-25 15:06:02.059,23518,23520,23521,3,3
2024-10-25 15:06:02.059,23518,23520,23521,1,1
2024-10-25 15:06:02.067,23518,23520,23521,1,1
2024-10-25 15:06:02.235,23519,23521,23521,1,1
2024-10-25 15:06:02.371,23519,23521,23521,1,1
2024-10-25 15:06:02.393,23519,23521,23521,1,1
2024-10-25 15:06:02.403,23519,23521,23522,2,2
2024-10-25 15:06:02.560,23519,23522,23522,1,1
2024-10-25 15:06:02.653,23519,23522,23521,1,1
2024-10-25 15:06:02.702,23520,23522,23522,1,1
2024-10-25 15:06:02.713,23520,23522,23520,1,-1
2024-10-25 15:06:02.889,23520,23522,23522,1,1
2024-10-25 15:06:02.999,23520,23522,23520,1,-1
2024-10-25 15:06:03.000,23520,23522,23519,2,-2
2024-10-25 15:06:03.042,23520,23522,23518,2,-2
2024-10-25 15:06:03.044,23520,23522,23521,1,-1
2024-10-25 15:06:03.085,23518,23521,23521,2,2
2024-10-25 15:06:03.184,23518,23521,23521,1,1
2024-10-25 15:06:03.347,23518,23521,23521,1,1
2024-10-25 15:06:03.519,23519,23521,23521,1,1
2024-10-25 15:06:03.544,23519,23521,23519,1,-1
2024-10-25 15:06:03.680,23518,23521,23521,1,1
2024-10-25 15:06:06.281,23517,23518,23518,1,1
2024-10-25 15:06:06.358,23517,23518,23517,2,-2
2024-10-25 15:06:08.025,23517,23518,23518,1,1
2024-10-25 15:06:10.687,23518,23520,23518,1,-1
2024-10-25 15:06:11.159,23517,23520,23518,1,-1
2024-10-25 15:06:13.292,23517,23518,23518,2,2
2024-10-25 15:06:13.610,23517,23519,23517,1,-1
2024-10-25 15:06:14.655,23517,23519,23519,1,1
2024-10-25 15:06:14.985,23517,23519,23519,1,1
2024-10-25 15:06:15.490,23518,23519,23519,1,1
2024-10-25 15:06:17.087,23518,23519,23519,1,1
2024-10-25 15:06:18.210,23518,23519,23518,1,-1
2024-10-25 15:06:18.615,23518,23519,23518,1,-1
2024-10-25 15:06:20.906,23517,23518,23518,1,1
2024-10-25 15:06:21.112,23517,23519,23517,1,-1
2024-10-25 15:06:21.999,23517,23518,23517,6,-6
2024-10-25 15:06:22.002,23517,23518,23516,1,-1
2024-10-25 15:06:22.934,23515,23517,23517,1,1
2024-10-25 15:06:27.309,23515,23517,23515,5,-5
2024-10-25 15:06:27.310,23515,23517,23514,3,-3
2024-10-25 15:06:27.311,23515,23517,23514,1,-1
2024-10-25 15:06:29.835,23513,23514,23513,2,-2
2024-10-25 15:06:30.320,23511,23512,23511,1,-1
2024-10-25 15:06:31.893,23510,23512,23510,1,-1
2024-10-25 15:06:31.950,23510,23512,23512,1,1
2024-10-25 15:06:32.304,23510,23512,23510,2,-2
2024-10-25 15:06:32.305,23510,23512,23510,1,-1
2024-10-25 15:06:32.305,23510,23512,23510,4,-4
2024-10-25 15:06:32.547,23509,23512,23511,1,1
2024-10-25 15:06:33.173,23510,23511,23511,1,1
2024-10-25 15:06:33.174,23510,23511,23511,1,1
2024-10-25 15:06:33.174,23510,23511,23511,1,1
2024-10-25 15:06:33.391,23511,23513,23513,1,1
2024-10-25 15:06:35.771,23511,23513,23511,1,-1
2024-10-25 15:06:36.830,23509,23512,23512,1,1
2024-10-25 15:06:36.874,23509,23512,23512,1,1
2024-10-25 15:06:39.140,23509,23511,23510,1,1
2024-10-25 15:06:39.141,23509,23511,23510,1,1
2024-10-25 15:06:39.320,23508,23509,23508,1,-1
2024-10-25 15:06:39.569,23506,23508,23506,3,-3
2024-10-25 15:06:39.800,23505,23507,23507,1,1
2024-10-25 15:06:39.943,23505,23508,23505,1,-1
2024-10-25 15:06:40.267,23505,23507,23506,1,-1
2024-10-25 15:06:40.407,23506,23507,23506,1,-1
2024-10-25 15:06:40.680,23507,23508,23508,1,1
2024-10-25 15:06:42.453,23510,23511,23510,1,-1
2024-10-25 15:06:44.133,23510,23511,23510,1,-1
2024-10-25 15:06:46.235,23509,23511,23511,1,1
2024-10-25 15:06:46.235,23509,23511,23511,2,2
2024-10-25 15:06:49.190,23513,23515,23513,1,-1
2024-10-25 15:06:49.197,23513,23515,23515,1,1
2024-10-25 15:06:52.910,23512,23515,23515,1,1
2024-10-25 15:06:55.339,23514,23515,23515,2,2
2024-10-25 15:06:55.900,23513,23516,23516,1,1
2024-10-25 15:06:59.619,23513,23514,23513,1,-1
2024-10-25 15:06:59.957,23512,23514,23512,1,-1
2024-10-25 15:07:00.063,23511,23512,23512,1,1
2024-10-25 15:07:01.047,23511,23513,23513,2,2
2024-10-25 15:07:01.415,23511,23513,23511,1,-1
2024-10-25 15:07:03.818,23510,23513,23513,1,1
2024-10-25 15:07:05.250,23509,23512,23512,1,1
2024-10-25 15:07:06.767,23512,23514,23514,1,1
2024-10-25 15:07:07.099,23514,23515,23513,1,-1
2024-10-25 15:07:07.099,23514,23515,23514,3,-3
2024-10-25 15:07:07.102,23514,23515,23513,1,-1
2024-10-25 15:07:13.930,23509,23511,23511,1,1
2024-10-25 15:07:14.856,23511,23512,23511,1,-1
2024-10-25 15:07:15.990,23511,23512,23512,1,1
2024-10-25 15:07:18.271,23513,23515,23515,1,1
2024-10-25 15:07:23.762,23514,23515,23514,1,-1
2024-10-25 15:07:23.802,23513,23515,23515,1,1
2024-10-25 15:07:24.147,23513,23515,23513,1,-1
2024-10-25 15:07:28.502,23513,23514,23514,1,1
2024-10-25 15:07:28.502,23513,23514,23514,1,1
2024-10-25 15:07:28.527,23513,23514,23514,1,1
2024-10-25 15:07:29.074,23514,23515,23515,2,2
2024-10-25 15:07:29.074,23514,23515,23515,1,1
2024-10-25 15:07:29.074,23514,23515,23515,2,2
2024-10-25 15:07:29.480,23514,23516,23516,1,1
2024-10-25 15:07:29.800,23514,23516,23514,1,-1
2024-10-25 15:07:31.812,23513,23515,23513,3,-3
2024-10-25 15:07:36.823,23512,23514,23512,3,-3
2024-10-25 15:07:36.824,23512,23514,23511,1,-1
2024-10-25 15:07:37.328,23510,23511,23511,1,1
2024-10-25 15:07:37.428,23510,23512,23512,1,1
2024-10-25 15:07:39.543,23510,23512,23510,2,-2
2024-10-25 15:07:40.439,23508,23509,23508,1,-1
2024-10-25 15:07:42.324,23507,23509,23507,3,-3
2024-10-25 15:07:43.831,23507,23509,23507,1,-1
2024-10-25 15:07:44.383,23507,23509,23509,1,1
2024-10-25 15:07:44.631,23507,23509,23507,1,-1
2024-10-25 15:07:47.033,23507,23509,23508,1,-1
2024-10-25 15:07:50.890,23507,23508,23507,1,-1
2024-10-25 15:07:51.442,23507,23508,23507,1,-1
2024-10-25 15:07:52.934,23507,23508,23508,1,1
2024-10-25 15:07:52.935,23507,23508,23508,1,1
2024-10-25 15:07:54.505,23510,23511,23511,2,2
2024-10-25 15:07:55.238,23511,23512,23512,1,1
2024-10-25 15:07:55.271,23511,23512,23512,2,2
2024-10-25 15:07:56.646,23512,23513,23513,1,1
2024-10-25 15:07:56.716,23513,23515,23515,8,8
2024-10-25 15:07:56.717,23513,23515,23516,1,1
2024-10-25 15:07:56.729,23513,23515,23515,4,4
2024-10-25 15:07:56.738,23513,23515,23514,2,2
2024-10-25 15:07:57.442,23513,23516,23516,1,1
2024-10-25 15:07:57.735,23514,23516,23516,1,1
2024-10-25 15:08:01.206,23515,23516,23516,4,4
2024-10-25 15:08:01.330,23516,23517,23517,1,1
2024-10-25 15:08:01.545,23516,23517,23517,1,1
2024-10-25 15:08:01.545,23516,23517,23517,1,1
2024-10-25 15:08:01.546,23516,23517,23518,2,2
2024-10-25 15:08:01.547,23516,23517,23518,1,1
2024-10-25 15:08:01.559,23517,23519,23518,1,1
2024-10-25 15:08:01.717,23518,23519,23518,1,-1
2024-10-25 15:08:01.748,23518,23519,23519,1,1
2024-10-25 15:08:01.801,23517,23518,23518,1,1
2024-10-25 15:08:03.201,23518,23520,23520,1,1
2024-10-25 15:08:08.317,23519,23520,23520,11,11
2024-10-25 15:08:08.318,23519,23520,23521,2,2
2024-10-25 15:08:08.318,23519,23520,23521,2,2
2024-10-25 15:08:08.319,23519,23520,23521,6,6
2024-10-25 15:08:08.319,23519,23520,23521,2,2
2024-10-25 15:08:08.319,23519,23520,23521,2,2
2024-10-25 15:08:09.491,23521,23523,23523,4,4
2024-10-25 15:08:09.491,23521,23523,23523,4,4
2024-10-25 15:08:09.681,23522,23524,23524,1,1
2024-10-25 15:08:09.751,23522,23524,23522,1,-1
2024-10-25 15:08:09.790,23522,23524,23524,1,1
2024-10-25 15:08:10.201,23522,23524,23522,1,-1
2024-10-25 15:08:10.357,23522,23524,23522,1,-1
2024-10-25 15:08:11.054,23520,23522,23520,2,-2
2024-10-25 15:08:11.055,23520,23522,23520,1,-1
2024-10-25 15:08:13.890,23518,23521,23520,1,1
2024-10-25 15:08:13.890,23518,23521,23521,5,5
2024-10-25 15:08:13.890,23518,23521,23522,2,2
2024-10-25 15:08:14.716,23520,23522,23520,1,-1
2024-10-25 15:08:15.050,23520,23521,23520,1,-1
2024-10-25 15:08:16.750,23519,23521,23519,1,-1
2024-10-25 15:08:17.362,23516,23519,23516,1,-1
2024-10-25 15:08:17.363,23516,23519,23516,1,-1
2024-10-25 15:08:17.773,23515,23517,23517,1,1
2024-10-25 15:08:17.825,23515,23517,23515,1,-1
2024-10-25 15:08:19.848,23514,23516,23514,1,-1
2024-10-25 15:08:19.850,23514,23516,23514,2,-2
2024-10-25 15:08:19.850,23514,23516,23515,5,-5
2024-10-25 15:08:19.850,23514,23516,23516,1,1
2024-10-25 15:08:22.065,23512,23513,23513,1,1
2024-10-25 15:08:24.862,23513,23514,23514,1,1
2024-10-25 15:08:26.672,23514,23516,23514,3,-3
2024-10-25 15:08:27.952,23514,23516,23512,4,-4
2024-10-25 15:08:27.952,23514,23516,23513,5,-5
2024-10-25 15:08:27.952,23514,23516,23514,1,-1
2024-10-25 15:08:28.291,23512,23515,23512,4,-4
2024-10-25 15:08:28.291,23512,23515,23511,7,-7
2024-10-25 15:08:28.391,23511,23513,23510,3,-3
2024-10-25 15:08:28.480,23509,23511,23509,2,-2
2024-10-25 15:08:28.480,23509,23511,23508,9,-9
2024-10-25 15:08:30.471,23508,23510,23510,1,1
2024-10-25 15:08:32.254,23509,23510,23510,1,1
2024-10-25 15:08:32.254,23509,23510,23510,1,1
2024-10-25 15:08:32.255,23509,23510,23510,3,3
2024-10-25 15:08:35.554,23510,23512,23510,1,-1
2024-10-25 15:08:36.931,23509,23511,23511,2,2
2024-10-25 15:08:37.137,23512,23514,23512,1,-1
2024-10-25 15:08:38.658,23513,23515,23516,1,1
2024-10-25 15:08:45.225,23513,23515,23515,1,1
2024-10-25 15:08:45.226,23513,23515,23516,1,1
2024-10-25 15:08:46.584,23516,23517,23517,1,1
2024-10-25 15:08:50.372,23517,23520,23519,1,1
2024-10-25 15:08:52.698,23519,23520,23520,1,1
2024-10-25 15:08:52.702,23519,23520,23520,2,2
2024-10-25 15:08:52.702,23519,23520,23520,1,1
2024-10-25 15:08:56.153,23519,23521,23519,1,-1
2024-10-25 15:08:56.394,23518,23521,23521,1,1
2024-10-25 15:08:56.470,23518,23521,23521,2,2
2024-10-25 15:08:59.249,23519,23520,23520,1,1
2024-10-25 15:08:59.249,23519,23520,23521,5,5
2024-10-25 15:09:00.158,23519,23521,23519,2,-2
2024-10-25 15:09:00.158,23519,23521,23519,1,-1
2024-10-25 15:09:00.212,23517,23519,23519,1,1
2024-10-25 15:09:00.850,23517,23519,23517,3,-3
2024-10-25 15:09:01.515,23516,23519,23517,2,-2
2024-10-25 15:09:01.926,23516,23519,23516,1,-1
2024-10-25 15:09:01.929,23516,23519,23516,2,-2
2024-10-25 15:09:02.116,23515,23518,23515,1,-1
2024-10-25 15:09:02.347,23515,23518,23515,4,-4
2024-10-25 15:09:02.347,23515,23518,23514,6,-6
2024-10-25 15:09:02.347,23515,23518,23513,1,-1
2024-10-25 15:09:02.849,23514,23517,23514,1,-1
2024-10-25 15:09:02.850,23514,23517,23514,2,-2
2024-10-25 15:09:02.908,23514,23517,23516,3,3
2024-10-25 15:09:04.109,23513,23514,23514,1,1
2024-10-25 15:09:04.109,23513,23514,23514,1,1
2024-10-25 15:09:07.116,23513,23516,23514,1,-1
2024-10-25 15:09:09.320,23515,23516,23515,4,-4
2024-10-25 15:09:09.444,23515,23516,23516,1,1
2024-10-25 15:09:09.444,23515,23516,23516,1,1
2024-10-25 15:09:09.445,23515,23516,23516,1,1
2024-10-25 15:09:09.445,23515,23516,23516,1,1
2024-10-25 15:09:09.862,23515,23516,23516,1,1
2024-10-25 15:09:09.943,23514,23516,23514,1,-1
2024-10-25 15:09:12.225,23515,23516,23516,1,1
2024-10-25 15:09:12.654,23515,23517,23517,1,1
2024-10-25 15:09:16.208,23517,23520,23517,1,-1
2024-10-25 15:09:17.112,23517,23520,23520,1,1
2024-10-25 15:09:17.516,23517,23520,23520,1,1
2024-10-25 15:09:18.890,23517,23519,23517,2,-2
2024-10-25 15:09:19.102,23515,23517,23517,1,1
2024-10-25 15:09:20.239,23515,23517,23516,2,2
2024-10-25 15:09:22.162,23513,23515,23515,1,1
2024-10-25 15:09:25.629,23513,23515,23515,1,1
2024-10-25 15:09:29.529,23514,23515,23515,3,3
2024-10-25 15:09:32.534,23514,23515,23514,1,-1
2024-10-25 15:09:35.273,23514,23515,23514,1,-1
2024-10-25 15:09:35.428,23514,23515,23515,1,1
2024-10-25 15:09:40.210,23514,23515,23514,6,-6
2024-10-25 15:09:43.607,23514,23515,23515,2,2
2024-10-25 15:09:43.607,23514,23515,23515,3,3
2024-10-25 15:09:45.375,23515,23516,23515,1,-1
2024-10-25 15:09:45.506,23514,23516,23514,1,-1
2024-10-25 15:09:46.203,23513,23514,23514,1,1
2024-10-25 15:09:46.963,23513,23515,23514,1,1
2024-10-25 15:09:48.289,23514,23515,23514,1,-1
2024-10-25 15:09:49.376,23513,23514,23513,4,-4
2024-10-25 15:09:49.892,23512,23514,23514,1,1
2024-10-25 15:09:52.477,23513,23514,23514,1,1
2024-10-25 15:09:52.551,23513,23514,23514,1,1
2024-10-25 15:09:55.399,23513,23516,23515,1,1
2024-10-25 15:09:56.553,23515,23516,23516,1,1
2024-10-25 15:09:58.761,23516,23517,23516,1,-1
2024-10-25 15:09:59.292,23516,23517,23515,1,-1
2024-10-25 15:09:59.293,23516,23517,23515,2,-2
2024-10-25 15:09:59.323,23514,23517,23517,7,7
2024-10-25 15:09:59.324,23514,23517,23517,1,1
2024-10-25 15:10:00.102,23515,23517,23517,2,2
2024-10-25 15:10:00.197,23517,23518,23518,1,1
2024-10-25 15:10:00.197,23517,23518,23519,1,1
2024-10-25 15:10:00.303,23517,23519,23519,1,1
2024-10-25 15:10:00.376,23517,23519,23517,1,-1
2024-10-25 15:10:00.424,23517,23518,23518,1,1
2024-10-25 15:10:00.424,23517,23518,23519,3,3
2024-10-25 15:10:00.435,23517,23518,23519,1,1
2024-10-25 15:10:00.435,23517,23518,23520,3,3
2024-10-25 15:10:00.546,23517,23518,23518,1,1
2024-10-25 15:10:00.594,23517,23519,23518,1,1
2024-10-25 15:10:00.743,23517,23519,23517,2,-2
2024-10-25 15:10:00.861,23517,23519,23517,1,-1
2024-10-25 15:10:00.861,23517,23519,23517,2,-2
2024-10-25 15:10:01.445,23515,23518,23515,2,-2
2024-10-25 15:10:01.552,23515,23518,23518,1,1
2024-10-25 15:10:01.618,23515,23518,23518,1,1
2024-10-25 15:10:01.791,23516,23519,23517,2,-2
2024-10-25 15:10:01.791,23516,23519,23516,2,-2
2024-10-25 15:10:07.287,23516,23517,23517,1,1
2024-10-25 15:10:07.287,23516,23517,23518,2,2
2024-10-25 15:10:14.661,23516,23518,23516,1,-1
2024-10-25 15:10:14.661,23516,23518,23516,1,-1
2024-10-25 15:10:14.679,23515,23517,23517,1,1
2024-10-25 15:10:16.178,23515,23516,23515,2,-2
2024-10-25 15:10:16.179,23515,23516,23515,1,-1
2024-10-25 15:10:16.180,23515,23516,23514,1,-1
2024-10-25 15:10:17.047,23513,23516,23513,1,-1
2024-10-25 15:10:17.176,23513,23514,23513,7,-7
2024-10-25 15:10:17.223,23513,23514,23512,1,-1
2024-10-25 15:10:17.437,23511,23513,23511,11,-11
2024-10-25 15:10:17.941,23510,23512,23511,1,-1
2024-10-25 15:10:22.134,23510,23511,23511,1,1
2024-10-25 15:10:22.135,23510,23511,23511,2,2
2024-10-25 15:10:22.178,23510,23512,23512,1,1
2024-10-25 15:10:22.179,23510,23512,23512,1,1
2024-10-25 15:10:22.179,23510,23512,23512,1,1
2024-10-25 15:10:24.654,23511,23512,23511,1,-1
2024-10-25 15:10:25.147,23510,23512,23512,1,1
2024-10-25 15:10:28.897,23510,23512,23510,1,-1
2024-10-25 15:10:29.513,23511,23512,23512,1,1
2024-10-25 15:10:30.257,23511,23512,23512,1,1
2024-10-25 15:10:30.508,23511,23512,23512,1,1
2024-10-25 15:10:33.022,23511,23512,23512,1,1
2024-10-25 15:10:34.029,23512,23514,23512,3,-3
2024-10-25 15:10:34.031,23512,23514,23511,1,-1
2024-10-25 15:10:34.337,23510,23511,23510,6,-6
2024-10-25 15:10:34.337,23510,23511,23510,5,-5
2024-10-25 15:10:37.606,23510,23511,23511,1,1
2024-10-25 15:10:37.615,23510,23511,23512,1,1
2024-10-25 15:10:40.512,23510,23512,23510,1,-1
2024-10-25 15:10:41.531,23509,23511,23511,1,1
2024-10-25 15:10:46.807,23513,23515,23515,1,1
2024-10-25 15:10:57.470,23514,23515,23515,4,4
2024-10-25 15:10:58.354,23514,23515,23514,1,-1
2024-10-25 15:10:58.528,23514,23515,23515,2,2
2024-10-25 15:10:59.452,23515,23516,23515,1,-1
2024-10-25 15:10:59.452,23515,23516,23515,1,-1
2024-10-25 15:11:00.202,23514,23515,23514,1,-1
2024-10-25 15:11:01.657,23513,23515,23513,1,-1
2024-10-25 15:11:01.699,23512,23513,23512,2,-2
2024-10-25 15:11:01.699,23512,23513,23512,3,-3
2024-10-25 15:11:02.558,23511,23512,23512,2,2
2024-10-25 15:11:04.538,23511,23513,23513,1,1
2024-10-25 15:11:08.229,23514,23515,23515,1,1
2024-10-25 15:11:10.469,23514,23516,23514,1,-1
2024-10-25 15:11:11.375,23513,23514,23513,1,-1
2024-10-25 15:11:12.187,23513,23514,23513,1,-1
2024-10-25 15:11:14.329,23513,23514,23514,1,1
2024-10-25 15:11:14.497,23513,23514,23514,3,3
2024-10-25 15:11:14.498,23513,23514,23514,3,3
2024-10-25 15:11:20.212,23513,23514,23513,1,-1
2024-10-25 15:11:21.412,23512,23513,23514,1,1
2024-10-25 15:11:21.412,23512,23513,23513,1,1
2024-10-25 15:11:23.516,23513,23516,23513,1,-1
2024-10-25 15:11:25.058,23513,23516,23513,1,-1
2024-10-25 15:11:28.894,23513,23515,23513,1,-1
2024-10-25 15:11:30.637,23513,23515,23515,1,1
2024-10-25 15:11:38.513,23514,23515,23515,2,2
2024-10-25 15:11:39.192,23515,23516,23516,1,1
2024-10-25 15:11:39.630,23516,23518,23518,1,1
2024-10-25 15:11:39.784,23516,23518,23518,7,7
2024-10-25 15:11:41.017,23518,23520,23520,5,5
2024-10-25 15:11:41.018,23518,23520,23520,1,1
2024-10-25 15:11:41.018,23518,23520,23520,4,4
2024-10-25 15:11:41.018,23518,23520,23520,5,5
2024-10-25 15:11:41.018,23518,23520,23520,1,1
2024-10-25 15:11:41.018,23518,23520,23520,8,8
2024-10-25 15:11:41.018,23518,23520,23520,3,3
2024-10-25 15:11:41.038,23518,23520,23520,3,3
2024-10-25 15:11:41.100,23519,23521,23519,1,-1
2024-10-25 15:11:44.032,23519,23521,23522,3,3
2024-10-25 15:11:44.032,23519,23521,23521,3,3
2024-10-25 15:11:45.171,23518,23521,23521,1,1
2024-10-25 15:11:46.341,23521,23522,23521,1,-1
2024-10-25 15:11:46.341,23521,23522,23520,1,-1
2024-10-25 15:11:46.695,23520,23522,23522,5,5
2024-10-25 15:11:46.695,23520,23522,23523,1,1
2024-10-25 15:11:46.706,23520,23522,23523,4,4
2024-10-25 15:11:46.850,23523,23524,23524,2,2
2024-10-25 15:11:46.982,23524,23525,23524,1,-1
2024-10-25 15:11:47.599,23523,23524,23523,1,-1
2024-10-25 15:11:47.916,23522,23523,23523,1,1
2024-10-25 15:11:48.507,23522,23524,23524,1,1
2024-10-25 15:11:49.258,23523,23525,23523,1,-1
2024-10-25 15:11:49.417,23523,23524,23523,1,-1
2024-10-25 15:11:50.770,23522,23524,23523,1,-1
2024-10-25 15:11:50.779,23522,23524,23521,2,-2
2024-10-25 15:11:50.779,23522,23524,23520,10,-10
2024-10-25 15:11:50.779,23522,23524,23522,1,-1
2024-10-25 15:11:50.780,23522,23524,23520,2,-2
2024-10-25 15:11:50.781,23522,23524,23519,1,-1
2024-10-25 15:11:50.987,23519,23520,23520,1,1
2024-10-25 15:11:53.028,23519,23520,23520,1,1
2024-10-25 15:11:53.028,23519,23520,23521,5,5
2024-10-25 15:11:57.568,23521,23522,23521,1,-1
2024-10-25 15:11:57.637,23521,23522,23521,1,-1
2024-10-25 15:11:58.580,23520,23522,23520,1,-1
2024-10-25 15:11:59.344,23520,23522,23522,1,1
2024-10-25 15:11:59.839,23520,23522,23522,1,1
2024-10-25 15:12:00.251,23521,23522,23521,1,-1
2024-10-25 15:12:00.403,23520,23522,23522,1,1
2024-10-25 15:12:01.670,23521,23523,23523,2,2
2024-10-25 15:12:02.307,23523,23524,23523,1,-1
2024-10-25 15:12:03.202,23523,23524,23524,2,2
2024-10-25 15:12:03.523,23523,23525,23523,1,-1
2024-10-25 15:12:05.789,23524,23525,23525,2,2
2024-10-25 15:12:05.820,23524,23525,23524,1,-1
2024-10-25 15:12:07.950,23524,23525,23525,3,3
2024-10-25 15:12:07.950,23524,23525,23526,3,3
2024-10-25 15:12:08.783,23524,23526,23524,2,-2
2024-10-25 15:12:08.938,23523,23525,23523,2,-2
2024-10-25 15:12:08.938,23523,23525,23523,4,-4
2024-10-25 15:12:09.086,23522,23523,23523,1,1
2024-10-25 15:12:09.146,23522,23523,23522,1,-1
2024-10-25 15:12:09.409,23521,23522,23521,2,-2
2024-10-25 15:12:09.938,23520,23521,23520,2,-2
2024-10-25 15:12:09.938,23520,23521,23520,1,-1
2024-10-25 15:12:09.938,23517,23519,23520,2,2
2024-10-25 15:12:10.047,23520,23521,23518,1,-1
2024-10-25 15:12:10.075,23517,23519,23519,1,1
2024-10-25 15:12:10.652,23517,23518,23517,1,-1
2024-10-25 15:12:14.035,23515,23517,23515,5,-5
2024-10-25 15:12:15.121,23513,23514,23513,1,-1
2024-10-25 15:12:17.205,23512,23513,23513,1,1
2024-10-25 15:12:17.761,23512,23513,23513,1,1
2024-10-25 15:12:18.339,23512,23514,23513,1,1
2024-10-25 15:12:20.151,23512,23514,23514,1,1
2024-10-25 15:12:20.905,23513,23515,23514,1,1
2024-10-25 15:12:21.313,23513,23514,23513,1,-1
2024-10-25 15:12:23.065,23513,23515,23513,1,-1
2024-10-25 15:12:25.567,23514,23515,23515,1,1
2024-10-25 15:12:26.139,23515,23517,23515,1,-1
2024-10-25 15:12:26.736,23515,23517,23515,1,-1
2024-10-25 15:12:29.486,23515,23517,23515,5,-5
2024-10-25 15:12:30.127,23514,23516,23514,1,-1
2024-10-25 15:12:30.617,23513,23515,23515,1,1
2024-10-25 15:12:31.967,23513,23515,23513,1,-1
2024-10-25 15:12:33.302,23513,23515,23513,1,-1
2024-10-25 15:12:33.303,23513,23515,23513,1,-1
2024-10-25 15:12:34.640,23512,23513,23513,2,2
2024-10-25 15:12:34.640,23512,23513,23514,2,2
2024-10-25 15:12:40.206,23514,23515,23514,6,-6
2024-10-25 15:12:42.394,23514,23515,23514,2,-2
2024-10-25 15:12:49.343,23513,23514,23513,1,-1
2024-10-25 15:12:53.568,23513,23514,23513,1,-1
2024-10-25 15:12:53.569,23513,23514,23513,2,-2
2024-10-25 15:12:53.569,23513,23514,23513,1,-1
2024-10-25 15:12:53.776,23512,23513,23512,7,-7
2024-10-25 15:12:53.777,23512,23513,23512,1,-1
2024-10-25 15:12:57.194,23511,23512,23511,4,-4
2024-10-25 15:12:57.330,23510,23511,23510,1,-1
2024-10-25 15:12:57.443,23510,23511,23511,1,1
2024-10-25 15:12:57.871,23510,23511,23510,1,-1
2024-10-25 15:12:58.751,23510,23511,23510,2,-2
2024-10-25 15:12:58.752,23510,23511,23509,4,-4
2024-10-25 15:12:58.753,23510,23511,23509,1,-1
2024-10-25 15:12:58.753,23510,23511,23509,6,-6
2024-10-25 15:12:59.178,23508,23509,23508,1,-1
2024-10-25 15:13:00.203,23508,23509,23508,6,-6
2024-10-25 15:13:00.846,23508,23509,23508,1,-1
2024-10-25 15:13:00.853,23508,23509,23508,1,-1
2024-10-25 15:13:00.855,23508,23509,23508,2,-2
2024-10-25 15:13:00.871,23508,23509,23508,2,-2
2024-10-25 15:13:00.882,23508,23509,23508,1,-1
2024-10-25 15:13:00.889,23508,23509,23507,3,-3
2024-10-25 15:13:00.889,23508,23509,23506,5,-5
2024-10-25 15:13:00.891,23508,23509,23506,1,-1
2024-10-25 15:13:00.895,23508,23509,23506,1,-1
2024-10-25 15:13:00.896,23508,23509,23506,1,-1
2024-10-25 15:13:00.900,23508,23509,23505,1,-1
2024-10-25 15:13:00.901,23508,23509,23505,1,-1
2024-10-25 15:13:00.901,23508,23509,23505,4,-4
2024-10-25 15:13:01.036,23504,23506,23506,2,2
2024-10-25 15:13:01.036,23504,23506,23505,2,2
2024-10-25 15:13:01.368,23507,23509,23508,1,1
2024-10-25 15:13:01.588,23507,23509,23509,3,3
2024-10-25 15:13:01.966,23508,23511,23509,6,-6
2024-10-25 15:13:04.094,23508,23511,23508,1,-1
2024-10-25 15:13:06.295,23508,23510,23511,1,1
2024-10-25 15:13:06.295,23508,23510,23510,1,1
2024-10-25 15:13:06.781,23510,23511,23510,5,-5
2024-10-25 15:13:08.148,23509,23511,23509,1,-1
2024-10-25 15:13:08.787,23509,23511,23511,1,1
2024-10-25 15:13:08.993,23509,23512,23509,1,-1
2024-10-25 15:13:09.071,23509,23511,23511,1,1
2024-10-25 15:13:10.829,23509,23510,23510,1,1
2024-10-25 15:13:11.704,23509,23510,23510,1,1
2024-10-25 15:13:13.679,23509,23511,23509,1,-1
2024-10-25 15:13:14.654,23508,23510,23508,1,-1
2024-10-25 15:13:17.911,23508,23509,23508,1,-1
2024-10-25 15:13:18.239,23506,23508,23506,1,-1
2024-10-25 15:13:18.445,23506,23508,23506,1,-1
2024-10-25 15:13:18.691,23506,23508,23508,1,1
2024-10-25 15:13:20.340,23507,23510,23507,1,-1
2024-10-25 15:13:24.816,23506,23507,23506,1,-1
2024-10-25 15:13:24.865,23506,23507,23507,1,1
2024-10-25 15:13:25.038,23504,23507,23506,1,1
2024-10-25 15:13:25.585,23505,23508,23505,1,-1
2024-10-25 15:13:26.486,23506,23509,23506,5,-5
2024-10-25 15:13:28.679,23505,23507,23507,2,2
2024-10-25 15:13:29.444,23505,23508,23506,1,-1
2024-10-25 15:13:33.410,23506,23507,23506,1,-1
2024-10-25 15:13:33.813,23505,23506,23505,3,-3
2024-10-25 15:13:34.420,23504,23505,23505,1,1
2024-10-25 15:13:34.800,23504,23506,23504,1,-1
2024-10-25 15:13:37.538,23504,23505,23504,6,-6
2024-10-25 15:13:37.538,23504,23505,23504,1,-1
2024-10-25 15:13:37.539,23504,23505,23504,1,-1
2024-10-25 15:13:37.539,23504,23505,23504,2,-2
2024-10-25 15:13:38.646,23503,23505,23503,1,-1
2024-10-25 15:13:39.648,23503,23505,23503,1,-1
2024-10-25 15:13:40.206,23503,23504,23503,2,-2
2024-10-25 15:13:40.484,23502,23504,23502,1,-1
2024-10-25 15:13:42.261,23503,23504,23503,1,-1
2024-10-25 15:13:42.854,23502,23504,23502,1,-1
2024-10-25 15:13:45.710,23501,23503,23501,1,-1
2024-10-25 15:13:45.871,23501,23503,23503,1,1
2024-10-25 15:13:46.164,23501,23504,23499,10,-10
2024-10-25 15:13:46.164,23501,23504,23501,14,-14
2024-10-25 15:13:46.164,23501,23504,23500,15,-15
2024-10-25 15:13:46.165,23501,23504,23499,1,-1
2024-10-25 15:13:46.165,23501,23504,23499,1,-1
2024-10-25 15:13:46.197,23499,23501,23499,1,-1
2024-10-25 15:13:46.696,23498,23500,23498,1,-1
2024-10-25 15:13:47.224,23498,23500,23500,1,1
2024-10-25 15:13:48.166,23498,23499,23498,1,-1
2024-10-25 15:13:48.166,23498,23499,23498,2,-2
2024-10-25 15:13:49.185,23497,23499,23497,1,-1
2024-10-25 15:13:50.294,23497,23499,23497,1,-1
2024-10-25 15:13:50.720,23497,23498,23498,1,1
2024-10-25 15:13:51.951,23497,23498,23498,1,1
2024-10-25 15:13:54.323,23496,23498,23496,1,-1
2024-10-25 15:13:57.178,23497,23498,23497,1,-1
2024-10-25 15:13:57.526,23497,23498,23497,1,-1
2024-10-25 15:13:58.002,23496,23497,23496,1,-1
2024-10-25 15:13:58.329,23495,23497,23497,1,1
2024-10-25 15:13:58.332,23495,23497,23497,1,1
2024-10-25 15:13:59.340,23497,23498,23498,1,1
2024-10-25 15:14:00.192,23498,23499,23498,1,-1
2024-10-25 15:14:02.032,23498,23499,23499,2,2
2024-10-25 15:14:02.032,23498,23499,23499,2,2
2024-10-25 15:14:02.032,23498,23499,23499,2,2
2024-10-25 15:14:02.058,23498,23500,23500,1,1
2024-10-25 15:14:02.058,23498,23500,23500,2,2
2024-10-25 15:14:02.058,23498,23500,23500,1,1
2024-10-25 15:14:04.394,23499,23501,23501,1,1
2024-10-25 15:14:06.662,23499,23500,23500,1,1
2024-10-25 15:14:07.010,23499,23500,23499,1,-1
2024-10-25 15:14:07.478,23498,23499,23499,2,2
2024-10-25 15:14:07.606,23498,23499,23499,1,1
2024-10-25 15:14:09.170,23499,23500,23500,1,1
2024-10-25 15:14:10.062,23498,23500,23500,9,9
2024-10-25 15:14:13.186,23500,23501,23501,4,4
2024-10-25 15:14:13.585,23501,23503,23501,1,-1
2024-10-25 15:14:14.110,23501,23502,23501,1,-1
2024-10-25 15:14:14.148,23501,23502,23500,1,-1
2024-10-25 15:14:15.223,23500,23501,23500,1,-1
2024-10-25 15:14:15.224,23500,23501,23500,1,-1
2024-10-25 15:14:15.224,23500,23501,23500,3,-3
2024-10-25 15:14:15.224,23500,23501,23500,1,-1
2024-10-25 15:14:15.224,23500,23501,23500,3,-3
2024-10-25 15:14:15.369,23498,23500,23500,1,1
2024-10-25 15:14:15.839,23498,23500,23498,1,-1
2024-10-25 15:14:19.056,23499,23500,23499,1,-1
2024-10-25 15:14:19.056,23499,23500,23498,1,-1
2024-10-25 15:14:20.205,23497,23498,23497,6,-6
2024-10-25 15:14:23.246,23497,23498,23497,1,-1
2024-10-25 15:14:24.179,23496,23497,23497,1,1
2024-10-25 15:14:26.788,23496,23497,23497,1,1
2024-10-25 15:14:37.905,23498,23499,23498,2,-2
2024-10-25 15:14:37.905,23498,23499,23498,1,-1
2024-10-25 15:14:38.423,23497,23498,23497,1,-1
2024-10-25 15:14:38.718,23497,23498,23498,1,1
2024-10-25 15:14:39.699,23498,23499,23498,1,-1
2024-10-25 15:14:41.942,23497,23499,23497,1,-1
2024-10-25 15:14:41.989,23497,23499,23499,4,4
2024-10-25 15:14:44.146,23497,23499,23499,1,1
2024-10-25 15:14:46.059,23497,23498,23498,1,1
2024-10-25 15:14:47.771,23498,23499,23499,1,1
2024-10-25 15:14:48.204,23499,23500,23499,1,-1
2024-10-25 15:14:53.058,23499,23500,23500,1,1
2024-10-25 15:14:53.648,23499,23501,23501,1,1
2024-10-25 15:14:54.226,23501,23502,23501,1,-1
2024-10-25 15:14:54.465,23498,23500,23501,1,1
2024-10-25 15:14:58.250,23501,23502,23501,1,-1
2024-10-25 15:14:58.340,23500,23502,23502,1,1
2024-10-25 15:14:59.590,23500,23502,23502,3,3
2024-10-25 15:14:59.615,23500,23502,23503,1,1
2024-10-25 15:14:59.828,23501,23503,23501,1,-1
2024-10-25 15:15:02.426,23502,23503,23502,1,-1
2024-10-25 15:15:02.426,23502,23503,23501,3,-3
2024-10-25 15:15:02.581,23500,23502,23500,1,-1
2024-10-25 15:15:02.751,23499,23501,23501,1,1
2024-10-25 15:15:03.036,23499,23501,23501,2,2
2024-10-25 15:15:03.036,23499,23501,23502,3,3
2024-10-25 15:15:03.062,23500,23503,23503,1,1
2024-10-25 15:15:03.146,23500,23503,23503,1,1
2024-10-25 15:15:03.220,23501,23504,23504,1,1
2024-10-25 15:15:03.243,23501,23504,23502,1,-1
2024-10-25 15:15:03.358,23500,23503,23503,1,1
2024-10-25 15:15:03.358,23500,23503,23503,1,1
2024-10-25 15:15:03.399,23500,23503,23504,1,1
2024-10-25 15:15:05.003,23502,23504,23502,1,-1
2024-10-25 15:15:06.239,23501,23503,23503,1,1
2024-10-25 15:15:06.629,23501,23503,23502,1,1
2024-10-25 15:15:08.781,23501,23502,23501,1,-1
2024-10-25 15:15:08.781,23501,23502,23501,1,-1
2024-10-25 15:15:13.098,23500,23501,23500,1,-1
2024-10-25 15:15:13.467,23499,23500,23499,1,-1
2024-10-25 15:15:13.468,23499,23500,23499,1,-1
2024-10-25 15:15:15.313,23498,23499,23499,1,1
2024-10-25 15:15:15.313,23498,23499,23500,3,3
2024-10-25 15:15:15.313,23498,23499,23501,6,6
2024-10-25 15:15:15.313,23498,23499,23502,2,2
2024-10-25 15:15:16.821,23498,23499,23499,1,1
2024-10-25 15:15:17.392,23498,23499,23498,1,-1
2024-10-25 15:15:17.567,23498,23499,23499,1,1
2024-10-25 15:15:18.523,23500,23501,23501,2,2
2024-10-25 15:15:19.636,23503,23504,23502,1,-1
2024-10-25 15:15:20.687,23501,23503,23501,1,-1
2024-10-25 15:15:22.040,23501,23503,23501,1,-1
2024-10-25 15:15:22.426,23501,23503,23501,1,-1
2024-10-25 15:15:26.905,23497,23498,23498,1,1
2024-10-25 15:15:27.269,23497,23498,23497,1,-1
2024-10-25 15:15:27.269,23497,23498,23497,1,-1
2024-10-25 15:15:27.269,23497,23498,23497,6,-6
2024-10-25 15:15:27.269,23497,23498,23497,2,-2
2024-10-25 15:15:27.522,23496,23498,23496,4,-4
2024-10-25 15:15:27.523,23496,23498,23496,1,-1
2024-10-25 15:15:27.524,23496,23498,23496,3,-3
2024-10-25 15:15:27.525,23496,23498,23496,1,-1
2024-10-25 15:15:27.525,23496,23498,23496,2,-2
2024-10-25 15:15:27.527,23496,23498,23496,1,-1
2024-10-25 15:15:27.527,23496,23498,23496,1,-1
2024-10-25 15:15:27.528,23496,23498,23496,1,-1
2024-10-25 15:15:27.528,23496,23498,23496,2,-2
2024-10-25 15:15:27.772,23496,23497,23496,1,-1
2024-10-25 15:15:28.703,23496,23497,23496,1,-1
2024-10-25 15:15:28.756,23496,23497,23496,1,-1
2024-10-25 15:15:29.341,23495,23496,23495,1,-1
2024-10-25 15:15:29.434,23495,23496,23496,1,1
2024-10-25 15:15:29.473,23495,23496,23495,1,-1
2024-10-25 15:15:29.739,23495,23496,23495,1,-1
2024-10-25 15:15:32.508,23495,23496,23495,1,-1
2024-10-25 15:15:33.129,23495,23496,23495,1,-1
2024-10-25 15:15:33.997,23495,23496,23495,5,-5
2024-10-25 15:15:34.394,23493,23495,23495,1,1
2024-10-25 15:15:35.169,23493,23494,23493,1,-1
2024-10-25 15:15:35.358,23492,23493,23492,1,-1
2024-10-25 15:15:35.706,23492,23493,23493,2,2
2024-10-25 15:15:36.781,23493,23495,23493,1,-1
2024-10-25 15:15:36.976,23493,23495,23493,3,-3
2024-10-25 15:15:36.976,23493,23495,23492,7,-7
2024-10-25 15:15:37.423,23492,23494,23492,1,-1
2024-10-25 15:15:37.423,23492,23494,23491,1,-1
2024-10-25 15:15:37.524,23491,23494,23491,1,-1
2024-10-25 15:15:38.849,23491,23493,23491,1,-1
2024-10-25 15:15:39.052,23491,23493,23491,2,-2
2024-10-25 15:15:40.808,23491,23492,23491,1,-1
2024-10-25 15:15:42.456,23491,23492,23491,1,-1
2024-10-25 15:15:43.332,23491,23492,23491,1,-1
2024-10-25 15:15:43.332,23491,23492,23490,4,-4
2024-10-25 15:15:43.512,23490,23491,23490,1,-1
2024-10-25 15:15:43.513,23490,23491,23490,2,-2
2024-10-25 15:15:43.513,23490,23491,23490,5,-5
2024-10-25 15:15:43.642,23489,23490,23490,1,1
2024-10-25 15:15:43.696,23489,23490,23490,1,1
2024-10-25 15:15:43.850,23489,23491,23489,4,-4
2024-10-25 15:15:43.850,23489,23491,23488,4,-4
2024-10-25 15:15:45.207,23488,23489,23489,1,1
2024-10-25 15:15:45.265,23488,23489,23488,1,-1
2024-10-25 15:15:46.170,23488,23489,23488,1,-1
2024-10-25 15:15:46.293,23488,23489,23489,1,1
2024-10-25 15:15:46.293,23488,23489,23490,2,2
2024-10-25 15:15:46.411,23488,23490,23488,1,-1
2024-10-25 15:15:48.357,23488,23489,23489,1,1
2024-10-25 15:15:48.357,23488,23489,23490,2,2
2024-10-25 15:15:48.473,23488,23490,23488,2,-2
2024-10-25 15:15:49.760,23488,23489,23488,1,-1
2024-10-25 15:15:52.777,23488,23489,23489,1,1
2024-10-25 15:15:54.313,23488,23489,23489,2,2
2024-10-25 15:15:54.609,23488,23490,23490,1,1
2024-10-25 15:15:55.393,23489,23491,23489,2,-2
2024-10-25 15:15:57.039,23490,23491,23490,1,-1
2024-10-25 15:15:57.039,23490,23491,23489,5,-5
2024-10-25 15:15:58.504,23488,23490,23489,1,-1
2024-10-25 15:15:58.843,23488,23490,23490,2,2
2024-10-25 15:16:00.206,23490,23491,23490,1,-1
2024-10-25 15:16:00.307,23489,23491,23491,1,1
2024-10-25 15:16:01.267,23488,23489,23489,1,1
2024-10-25 15:16:01.267,23488,23489,23489,1,1
2024-10-25 15:16:01.302,23488,23491,23492,1,1
2024-10-25 15:16:01.302,23488,23491,23491,1,1
2024-10-25 15:16:01.302,23488,23491,23491,1,1
2024-10-25 15:16:01.341,23488,23491,23490,1,1
2024-10-25 15:16:02.396,23488,23489,23489,1,1
2024-10-25 15:16:02.579,23489,23490,23490,1,1
2024-10-25 15:16:05.025,23488,23490,23488,1,-1
2024-10-25 15:16:07.776,23489,23490,23489,1,-1
2024-10-25 15:16:07.776,23489,23490,23489,2,-2
2024-10-25 15:16:07.776,23489,23490,23489,5,-5
2024-10-25 15:16:08.269,23488,23489,23488,1,-1
2024-10-25 15:16:08.303,23488,23489,23489,1,1
2024-10-25 15:16:08.303,23488,23489,23489,1,1
2024-10-25 15:16:08.303,23488,23489,23489,1,1
2024-10-25 15:16:08.304,23488,23489,23490,1,1
2024-10-25 15:16:09.855,23488,23490,23488,1,-1
2024-10-25 15:16:09.855,23488,23490,23488,1,-1
2024-10-25 15:16:10.413,23488,23490,23488,1,-1
2024-10-25 15:16:11.857,23488,23489,23487,11,-11
2024-10-25 15:16:11.857,23488,23489,23488,1,-1
2024-10-25 15:16:11.944,23486,23487,23486,1,-1
2024-10-25 15:16:13.008,23485,23487,23485,3,-3
2024-10-25 15:16:13.254,23485,23487,23485,1,-1
2024-10-25 15:16:13.367,23485,23487,23487,1,1
2024-10-25 15:16:13.715,23486,23487,23487,1,1
2024-10-25 15:16:14.515,23486,23487,23487,1,1
2024-10-25 15:16:15.547,23486,23489,23489,1,1
2024-10-25 15:16:15.750,23487,23489,23489,1,1
2024-10-25 15:16:15.931,23487,23490,23490,1,1
2024-10-25 15:16:16.117,23487,23490,23490,1,1
2024-10-25 15:16:16.317,23487,23490,23490,1,1
2024-10-25 15:16:17.228,23489,23490,23490,3,3
2024-10-25 15:16:19.875,23490,23491,23490,1,-1
2024-10-25 15:16:19.928,23489,23491,23491,1,1
2024-10-25 15:16:19.928,23489,23491,23492,1,1
2024-10-25 15:16:19.929,23489,23491,23493,1,1
2024-10-25 15:16:20.200,23490,23492,23490,2,-2
2024-10-25 15:16:21.331,23490,23493,23493,1,1
2024-10-25 15:16:21.597,23490,23493,23493,1,1
2024-10-25 15:16:23.284,23491,23493,23491,1,-1
2024-10-25 15:16:25.352,23491,23493,23493,2,2
2024-10-25 15:16:25.926,23491,23493,23491,6,-6
2024-10-25 15:16:26.142,23490,23491,23491,2,2
2024-10-25 15:16:26.875,23490,23493,23493,1,1
2024-10-25 15:16:31.127,23490,23491,23491,1,1
2024-10-25 15:16:31.178,23490,23493,23493,1,1
2024-10-25 15:16:31.178,23490,23493,23493,1,1
2024-10-25 15:16:31.406,23491,23493,23491,3,-3
2024-10-25 15:16:31.811,23490,23492,23490,1,-1
2024-10-25 15:16:31.902,23490,23492,23490,2,-2
2024-10-25 15:16:32.129,23489,23492,23492,1,1
2024-10-25 15:16:37.496,23491,23492,23492,1,1
2024-10-25 15:16:40.326,23491,23492,23492,1,1
2024-10-25 15:16:40.467,23491,23492,23492,1,1
2024-10-25 15:16:44.478,23491,23492,23492,1,1
2024-10-25 15:16:44.479,23491,23492,23492,2,2
2024-10-25 15:16:50.078,23492,23493,23493,1,1
2024-10-25 15:16:50.179,23493,23495,23495,1,1
2024-10-25 15:16:52.013,23493,23495,23495,1,1
2024-10-25 15:16:54.157,23493,23495,23494,1,1
2024-10-25 15:16:54.264,23493,23495,23495,1,1
2024-10-25 15:16:54.464,23493,23495,23495,3,3
2024-10-25 15:16:54.919,23494,23496,23494,1,-1
2024-10-25 15:16:57.057,23494,23496,23494,1,-1
2024-10-25 15:16:57.419,23493,23496,23494,1,-1
2024-10-25 15:16:58.848,23493,23494,23494,1,1
2024-10-25 15:17:00.197,23493,23494,23493,3,-3
2024-10-25 15:17:02.371,23492,23493,23492,2,-2
2024-10-25 15:17:02.373,23492,23493,23491,3,-3
2024-10-25 15:17:03.769,23491,23493,23491,1,-1
2024-10-25 15:17:04.600,23491,23493,23493,1,1
2024-10-25 15:17:04.600,23491,23493,23493,1,1
2024-10-25 15:17:07.324,23493,23494,23494,2,2
2024-10-25 15:17:07.607,23494,23495,23494,1,-1
2024-10-25 15:17:08.431,23493,23495,23493,3,-3
2024-10-25 15:17:08.431,23493,23495,23492,7,-7
2024-10-25 15:17:10.444,23492,23494,23492,1,-1
2024-10-25 15:17:12.932,23491,23492,23492,1,1
2024-10-25 15:17:13.207,23491,23494,23491,1,-1
2024-10-25 15:17:14.882,23492,23493,23492,1,-1
2024-10-25 15:17:14.943,23491,23493,23492,1,-1
2024-10-25 15:17:15.504,23490,23492,23490,1,-1
2024-10-25 15:17:15.667,23490,23491,23491,1,1
2024-10-25 15:17:16.266,23490,23492,23492,9,9
2024-10-25 15:17:16.646,23492,23493,23493,1,1
2024-10-25 15:17:16.842,23493,23495,23495,1,1
2024-10-25 15:17:16.842,23493,23495,23495,3,3
2024-10-25 15:17:16.842,23493,23495,23495,1,1
2024-10-25 15:17:17.063,23495,23496,23496,2,2
2024-10-25 15:17:17.064,23495,23496,23497,1,1
2024-10-25 15:17:17.093,23495,23496,23496,1,1
2024-10-25 15:17:19.139,23497,23499,23499,2,2
2024-10-25 15:17:19.139,23497,23499,23499,3,3
2024-10-25 15:17:19.158,23497,23499,23500,5,5
2024-10-25 15:17:19.159,23497,23499,23500,1,1
2024-10-25 15:17:19.159,23497,23499,23500,1,1
2024-10-25 15:17:19.159,23497,23499,23500,2,2
2024-10-25 15:17:19.159,23497,23499,23500,6,6
2024-10-25 15:17:19.180,23500,23501,23500,3,-3
2024-10-25 15:17:19.467,23498,23500,23500,1,1
2024-10-25 15:17:19.952,23498,23500,23498,1,-1
2024-10-25 15:17:20.158,23498,23500,23498,1,-1
2024-10-25 15:17:21.252,23497,23499,23499,1,1
2024-10-25 15:17:21.579,23498,23500,23498,8,-8
2024-10-25 15:17:21.579,23498,23500,23497,2,-2
2024-10-25 15:17:21.687,23496,23499,23496,3,-3
2024-10-25 15:17:24.909,23498,23499,23498,1,-1
2024-10-25 15:17:26.805,23498,23499,23498,1,-1
2024-10-25 15:17:30.087,23497,23498,23497,1,-1
2024-10-25 15:17:30.262,23496,23497,23497,1,1
2024-10-25 15:17:34.637,23496,23497,23496,1,-1
2024-10-25 15:17:34.937,23495,23496,23495,1,-1
2024-10-25 15:17:35.895,23494,23497,23494,1,-1
2024-10-25 15:17:36.245,23494,23497,23496,1,1
2024-10-25 15:17:38.811,23493,23494,23494,1,1
2024-10-25 15:17:40.145,23495,23497,23495,1,-1
2024-10-25 15:17:50.787,23495,23496,23496,1,1
2024-10-25 15:17:51.558,23496,23498,23498,3,3
2024-10-25 15:17:51.559,23496,23498,23498,7,7
2024-10-25 15:17:51.640,23496,23498,23499,1,1
2024-10-25 15:17:51.640,23496,23498,23499,1,1
2024-10-25 15:17:51.883,23498,23499,23499,1,1
2024-10-25 15:17:52.090,23498,23501,23498,1,-1
2024-10-25 15:17:52.499,23498,23500,23498,1,-1
2024-10-25 15:17:52.499,23498,23500,23497,7,-7
2024-10-25 15:17:52.499,23498,23500,23496,2,-2
2024-10-25 15:17:52.650,23496,23498,23496,1,-1
2024-10-25 15:17:55.976,23495,23497,23498,1,1
2024-10-25 15:17:55.976,23495,23497,23497,2,2
2024-10-25 15:17:56.589,23495,23497,23495,1,-1
2024-10-25 15:17:57.665,23495,23496,23495,1,-1
2024-10-25 15:17:59.116,23496,23498,23496,1,-1
2024-10-25 15:18:00.317,23495,23498,23495,1,-1
2024-10-25 15:18:00.582,23497,23498,23498,1,1
2024-10-25 15:18:00.702,23499,23501,23501,1,1
2024-10-25 15:18:03.137,23499,23501,23499,1,-1
2024-10-25 15:18:07.036,23500,23502,23500,1,-1
2024-10-25 15:18:09.665,23497,23500,23498,1,-1
2024-10-25 15:18:10.133,23497,23499,23497,1,-1
2024-10-25 15:18:10.234,23495,23498,23498,1,1
2024-10-25 15:18:10.425,23497,23498,23498,1,1
2024-10-25 15:18:12.693,23496,23499,23496,1,-1
2024-10-25 15:18:13.453,23495,23497,23497,1,1
2024-10-25 15:18:16.288,23496,23498,23500,9,9
2024-10-25 15:18:20.200,23500,23501,23500,1,-1
2024-10-25 15:18:27.946,23498,23499,23499,3,3
2024-10-25 15:18:27.948,23498,23499,23500,2,2
2024-10-25 15:18:27.948,23498,23499,23500,1,1
2024-10-25 15:18:28.145,23499,23500,23500,1,1
2024-10-25 15:18:29.728,23499,23500,23500,1,1
2024-10-25 15:18:29.728,23499,23500,23500,5,5
2024-10-25 15:18:31.241,23501,23502,23502,1,1
2024-10-25 15:18:31.264,23501,23502,23503,1,1
2024-10-25 15:18:31.264,23501,23502,23503,1,1
2024-10-25 15:18:32.602,23503,23504,23504,1,1
2024-10-25 15:18:33.566,23504,23506,23504,1,-1
2024-10-25 15:18:34.811,23503,23506,23503,1,-1
2024-10-25 15:18:35.543,23504,23505,23505,1,1
2024-10-25 15:18:35.560,23504,23506,23506,1,1
2024-10-25 15:18:35.693,23505,23507,23507,1,1
2024-10-25 15:18:36.247,23507,23508,23507,1,-1
2024-10-25 15:18:37.650,23507,23508,23507,1,-1
2024-10-25 15:18:37.651,23507,23508,23507,2,-2
2024-10-25 15:18:38.370,23506,23507,23507,1,1
2024-10-25 15:18:38.390,23506,23507,23508,1,1
2024-10-25 15:18:38.390,23506,23507,23508,2,2
2024-10-25 15:18:40.206,23508,23509,23508,2,-2
2024-10-25 15:18:40.917,23508,23509,23508,2,-2
2024-10-25 15:18:41.233,23507,23510,23507,1,-1
2024-10-25 15:18:43.242,23506,23508,23509,1,1
2024-10-25 15:18:43.884,23506,23507,23507,1,1
2024-10-25 15:18:44.756,23505,23507,23507,1,1
2024-10-25 15:18:45.303,23505,23507,23507,1,1
2024-10-25 15:18:45.451,23505,23508,23505,1,-1
2024-10-25 15:18:45.459,23505,23508,23507,1,1
2024-10-25 15:18:46.915,23506,23508,23506,2,-2
2024-10-25 15:18:47.537,23506,23509,23509,1,1
2024-10-25 15:18:49.844,23507,23509,23509,1,1
2024-10-25 15:18:51.042,23506,23509,23506,1,-1
2024-10-25 15:18:51.331,23506,23508,23506,1,-1
2024-10-25 15:18:53.690,23506,23507,23506,1,-1
2024-10-25 15:18:53.764,23506,23507,23507,2,2
