2022-12-12 15:00:00,14582,14582,14582,132,0
2022-12-12 15:00:00,14582,14582,14582,10,0
2022-12-12 15:00:00,14581,14581,14581,2,-2
2022-12-12 15:00:00,14581,14581,14581,4,0
2022-12-12 15:00:00,14581,14581,14581,4,0
2022-12-12 15:00:00,14581,14581,14581,2,0
2022-12-12 15:00:00,14581,14581,14581,2,0
2022-12-12 15:00:00,14580,14580,14580,6,-6
2022-12-12 15:00:00,14583,14583,14583,4,4
2022-12-12 15:00:00,14580,14580,14580,2,-2
2022-12-12 15:00:00,14580,14580,14580,2,0
2022-12-12 15:00:00,14580,14580,14580,2,0
2022-12-12 15:00:00,14580,14580,14580,2,0
2022-12-12 15:00:00,14580,14580,14580,6,0
2022-12-12 15:00:00,14580,14580,14580,2,0
2022-12-12 15:00:00,14579,14579,14579,2,-2
2022-12-12 15:00:00,14579,14579,14579,4,0
2022-12-12 15:00:00,14578,14578,14578,2,-2
2022-12-12 15:00:00,14578,14578,14578,2,0
2022-12-12 15:00:00,14577,14577,14577,2,-2
2022-12-12 15:00:00,14577,14577,14577,2,0
2022-12-12 15:00:00,14577,14577,14577,2,0
2022-12-12 15:00:00,14577,14577,14577,2,0
2022-12-12 15:00:00,14577,14577,14577,6,0
2022-12-12 15:00:00,14577,14577,14577,2,0
2022-12-12 15:00:00,14577,14577,14577,2,0
2022-12-12 15:00:00,14577,14577,14577,2,0
2022-12-12 15:00:00,14577,14577,14577,2,0
2022-12-12 15:00:01,14579,14579,14579,2,2
2022-12-12 15:00:01,14579,14579,14579,4,0
2022-12-12 15:00:01,14579,14579,14579,2,0
2022-12-12 15:00:01,14579,14579,14579,2,0
2022-12-12 15:00:01,14578,14578,14578,2,-2
2022-12-12 15:00:01,14578,14578,14578,2,0
2022-12-12 15:00:01,14578,14578,14578,2,0
2022-12-12 15:00:01,14578,14578,14578,2,0
2022-12-12 15:00:01,14578,14578,14578,2,0
2022-12-12 15:00:01,14577,14577,14577,2,-2
2022-12-12 15:00:01,14577,14577,14577,2,0
2022-12-12 15:00:01,14577,14577,14577,2,0
2022-12-12 15:00:01,14577,14577,14577,2,0
2022-12-12 15:00:01,14578,14578,14578,2,2
2022-12-12 15:00:01,14579,14579,14579,4,4
2022-12-12 15:00:01,14579,14579,14579,2,0
2022-12-12 15:00:01,14578,14578,14578,2,-2
2022-12-12 15:00:01,14578,14578,14578,2,0
2022-12-12 15:00:01,14578,14578,14578,2,0
2022-12-12 15:00:01,14578,14578,14578,2,0
2022-12-12 15:00:02,14577,14577,14577,2,-2
2022-12-12 15:00:02,14577,14577,14577,2,0
2022-12-12 15:00:02,14577,14577,14577,2,0
2022-12-12 15:00:02,14577,14577,14577,2,0
2022-12-12 15:00:02,14576,14576,14576,2,-2
2022-12-12 15:00:02,14576,14576,14576,4,0
2022-12-12 15:00:02,14576,14576,14576,2,0
2022-12-12 15:00:02,14576,14576,14576,4,0
2022-12-12 15:00:02,14576,14576,14576,4,0
2022-12-12 15:00:02,14576,14576,14576,2,0
2022-12-12 15:00:02,14576,14576,14576,2,0
2022-12-12 15:00:02,14575,14575,14575,2,-2
2022-12-12 15:00:02,14575,14575,14575,4,0
2022-12-12 15:00:02,14575,14575,14575,2,0
2022-12-12 15:00:02,14575,14575,14575,2,0
2022-12-12 15:00:02,14574,14574,14574,2,-2
2022-12-12 15:00:02,14574,14574,14574,4,0
2022-12-12 15:00:02,14576,14576,14576,2,2
2022-12-12 15:00:02,14577,14577,14577,4,4
2022-12-12 15:00:03,14575,14575,14575,2,-2
2022-12-12 15:00:03,14575,14575,14575,2,0
2022-12-12 15:00:03,14575,14575,14575,2,0
2022-12-12 15:00:03,14576,14576,14576,2,2
2022-12-12 15:00:03,14575,14575,14575,2,-2
2022-12-12 15:00:03,14577,14577,14577,2,2
2022-12-12 15:00:03,14577,14577,14577,4,0
2022-12-12 15:00:03,14577,14577,14577,2,0
2022-12-12 15:00:03,14577,14577,14577,2,0
2022-12-12 15:00:03,14576,14576,14576,2,-2
2022-12-12 15:00:03,14576,14576,14576,2,0
2022-12-12 15:00:03,14576,14576,14576,2,0
2022-12-12 15:00:04,14576,14576,14576,2,0
2022-12-12 15:00:04,14577,14577,14577,2,2
2022-12-12 15:00:04,14576,14576,14576,2,-2
2022-12-12 15:00:05,14578,14578,14578,2,2
2022-12-12 15:00:05,14579,14579,14579,12,12
2022-12-12 15:00:05,14580,14580,14580,2,2
2022-12-12 15:00:05,14581,14581,14581,2,2
2022-12-12 15:00:06,14582,14582,14582,2,2
2022-12-12 15:00:06,14582,14582,14582,2,0
2022-12-12 15:00:06,14581,14581,14581,2,-2
2022-12-12 15:00:06,14581,14581,14581,2,0
2022-12-12 15:00:06,14581,14581,14581,4,0
2022-12-12 15:00:06,14581,14581,14581,2,0
2022-12-12 15:00:06,14580,14580,14580,2,-2
2022-12-12 15:00:06,14580,14580,14580,2,0
2022-12-12 15:00:07,14579,14579,14579,2,-2
2022-12-12 15:00:07,14579,14579,14579,2,0
2022-12-12 15:00:07,14578,14578,14578,2,-2
2022-12-12 15:00:07,14578,14578,14578,2,0
2022-12-12 15:00:07,14579,14579,14579,2,2
2022-12-12 15:00:07,14580,14580,14580,2,2
2022-12-12 15:00:08,14580,14580,14580,2,0
2022-12-12 15:00:09,14581,14581,14581,8,8
2022-12-12 15:00:09,14582,14582,14582,4,4
2022-12-12 15:00:09,14582,14582,14582,2,0
2022-12-12 15:00:10,14582,14582,14582,2,0
2022-12-12 15:00:10,14582,14582,14582,2,0
2022-12-12 15:00:10,14581,14581,14581,2,-2
2022-12-12 15:00:10,14582,14582,14582,6,6
2022-12-12 15:00:11,14581,14581,14581,2,-2
2022-12-12 15:00:11,14581,14581,14581,2,0
2022-12-12 15:00:11,14581,14581,14581,2,0
2022-12-12 15:00:11,14580,14580,14580,2,-2
2022-12-12 15:00:11,14580,14580,14580,2,0
2022-12-12 15:00:12,14581,14581,14581,2,2
2022-12-12 15:00:12,14581,14581,14581,2,0
2022-12-12 15:00:12,14581,14581,14581,4,0
2022-12-12 15:00:13,14582,14582,14582,2,2
2022-12-12 15:00:14,14582,14582,14582,2,0
2022-12-12 15:00:15,14582,14582,14582,8,0
2022-12-12 15:00:15,14583,14583,14583,8,8
2022-12-12 15:00:16,14583,14583,14583,2,0
2022-12-12 15:00:16,14585,14585,14585,2,2
2022-12-12 15:00:16,14585,14585,14585,2,0
2022-12-12 15:00:16,14583,14583,14583,2,-2
2022-12-12 15:00:16,14585,14585,14585,2,2
2022-12-12 15:00:16,14583,14583,14583,2,-2
2022-12-12 15:00:16,14583,14583,14583,2,0
2022-12-12 15:00:16,14583,14583,14583,2,0
2022-12-12 15:00:17,14582,14582,14582,4,-4
2022-12-12 15:00:17,14582,14582,14582,2,0
2022-12-12 15:00:17,14582,14582,14582,2,0
2022-12-12 15:00:17,14583,14583,14583,2,2
2022-12-12 15:00:17,14582,14582,14582,2,-2
2022-12-12 15:00:18,14584,14584,14584,2,2
2022-12-12 15:00:18,14584,14584,14584,2,0
2022-12-12 15:00:20,14584,14584,14584,2,0
2022-12-12 15:00:20,14584,14584,14584,2,0
2022-12-12 15:00:20,14584,14584,14584,2,0
2022-12-12 15:00:21,14583,14583,14583,2,-2
2022-12-12 15:00:21,14583,14583,14583,2,0
2022-12-12 15:00:21,14583,14583,14583,6,0
2022-12-12 15:00:22,14583,14583,14583,2,0
2022-12-12 15:00:22,14583,14583,14583,2,0
2022-12-12 15:00:22,14582,14582,14582,2,-2
2022-12-12 15:00:22,14582,14582,14582,2,0
2022-12-12 15:00:22,14582,14582,14582,4,0
2022-12-12 15:00:23,14582,14582,14582,2,0
2022-12-12 15:00:23,14582,14582,14582,2,0
2022-12-12 15:00:25,14580,14580,14580,2,-2
2022-12-12 15:00:26,14580,14580,14580,2,0
2022-12-12 15:00:26,14580,14580,14580,2,0
2022-12-12 15:00:28,14581,14581,14581,2,2
2022-12-12 15:00:28,14580,14580,14580,2,-2
2022-12-12 15:00:30,14580,14580,14580,2,0
2022-12-12 15:00:30,14580,14580,14580,2,0
2022-12-12 15:00:30,14580,14580,14580,2,0
2022-12-12 15:00:30,14580,14580,14580,4,0
2022-12-12 15:00:30,14580,14580,14580,8,0
2022-12-12 15:00:30,14580,14580,14580,2,0
2022-12-12 15:00:30,14580,14580,14580,2,0
2022-12-12 15:00:30,14580,14580,14580,2,0
2022-12-12 15:00:30,14580,14580,14580,2,0
2022-12-12 15:00:30,14580,14580,14580,2,0
2022-12-12 15:00:30,14580,14580,14580,2,0
2022-12-12 15:00:30,14580,14580,14580,2,0
2022-12-12 15:00:30,14580,14580,14580,2,0
2022-12-12 15:00:30,14580,14580,14580,2,0
2022-12-12 15:00:31,14580,14580,14580,2,0
2022-12-12 15:00:31,14579,14579,14579,2,-2
2022-12-12 15:00:31,14579,14579,14579,2,0
2022-12-12 15:00:31,14579,14579,14579,2,0
2022-12-12 15:00:32,14579,14579,14579,4,0
2022-12-12 15:00:32,14578,14578,14578,2,-2
2022-12-12 15:00:32,14578,14578,14578,2,0
2022-12-12 15:00:32,14578,14578,14578,2,0
2022-12-12 15:00:32,14578,14578,14578,2,0
2022-12-12 15:00:32,14578,14578,14578,4,0
2022-12-12 15:00:32,14578,14578,14578,2,0
2022-12-12 15:00:32,14578,14578,14578,2,0
2022-12-12 15:00:32,14579,14579,14579,2,2
2022-12-12 15:00:33,14578,14578,14578,4,-4
2022-12-12 15:00:34,14579,14579,14579,2,2
2022-12-12 15:00:34,14578,14578,14578,2,-2
2022-12-12 15:00:34,14578,14578,14578,2,0
2022-12-12 15:00:35,14578,14578,14578,6,0
2022-12-12 15:00:35,14579,14579,14579,2,2
2022-12-12 15:00:40,14580,14580,14580,2,2
2022-12-12 15:00:41,14580,14580,14580,2,0
2022-12-12 15:00:41,14580,14580,14580,2,0
2022-12-12 15:00:41,14580,14580,14580,4,0
2022-12-12 15:00:41,14580,14580,14580,2,0
2022-12-12 15:00:41,14579,14579,14579,2,-2
2022-12-12 15:00:41,14579,14579,14579,2,0
2022-12-12 15:00:41,14579,14579,14579,2,0
2022-12-12 15:00:41,14579,14579,14579,2,0
2022-12-12 15:00:41,14579,14579,14579,2,0
2022-12-12 15:00:41,14579,14579,14579,2,0
2022-12-12 15:00:44,14581,14581,14581,4,4
2022-12-12 15:00:45,14582,14582,14582,2,2
2022-12-12 15:00:45,14583,14583,14583,2,2
2022-12-12 15:00:47,14583,14583,14583,2,0
2022-12-12 15:00:47,14583,14583,14583,10,0
2022-12-12 15:00:49,14584,14584,14584,2,2
2022-12-12 15:00:49,14584,14584,14584,2,0
2022-12-12 15:00:49,14584,14584,14584,2,0
2022-12-12 15:00:50,14584,14584,14584,2,0
2022-12-12 15:00:50,14584,14584,14584,2,0
2022-12-12 15:00:50,14584,14584,14584,2,0
2022-12-12 15:00:50,14585,14585,14585,2,2
2022-12-12 15:00:52,14584,14584,14584,2,-2
2022-12-12 15:00:52,14583,14583,14583,2,-2
2022-12-12 15:00:52,14584,14584,14584,2,2
2022-12-12 15:00:52,14585,14585,14585,2,2
2022-12-12 15:00:52,14584,14584,14584,2,-2
2022-12-12 15:00:53,14585,14585,14585,20,20
2022-12-12 15:00:53,14586,14586,14586,2,2
2022-12-12 15:00:53,14586,14586,14586,2,0
2022-12-12 15:00:53,14587,14587,14587,8,8
2022-12-12 15:00:53,14588,14588,14588,4,4
2022-12-12 15:00:53,14588,14588,14588,2,0
2022-12-12 15:00:53,14588,14588,14588,12,0
2022-12-12 15:00:53,14589,14589,14589,4,4
2022-12-12 15:00:54,14588,14588,14588,2,-2
2022-12-12 15:00:54,14586,14586,14586,4,-4
2022-12-12 15:00:55,14586,14586,14586,2,0
2022-12-12 15:00:55,14586,14586,14586,2,0
2022-12-12 15:00:55,14586,14586,14586,2,0
2022-12-12 15:00:55,14585,14585,14585,2,-2
2022-12-12 15:00:55,14586,14586,14586,2,2
2022-12-12 15:00:56,14586,14586,14586,2,0
2022-12-12 15:00:56,14586,14586,14586,10,0
2022-12-12 15:00:57,14586,14586,14586,4,0
2022-12-12 15:00:57,14586,14586,14586,2,0
2022-12-12 15:00:58,14586,14586,14586,2,0
2022-12-12 15:00:58,14587,14587,14587,2,2
2022-12-12 15:00:59,14587,14587,14587,2,0
2022-12-12 15:00:59,14588,14588,14588,6,6
2022-12-12 15:00:59,14587,14587,14587,2,-2
2022-12-12 15:01:00,14587,14587,14587,2,0
2022-12-12 15:01:00,14588,14588,14588,2,2
2022-12-12 15:01:00,14587,14587,14587,8,-8
2022-12-12 15:01:00,14586,14586,14586,2,-2
2022-12-12 15:01:00,14586,14586,14586,2,0
2022-12-12 15:01:00,14586,14586,14586,8,0
2022-12-12 15:01:00,14586,14586,14586,2,0
2022-12-12 15:01:00,14585,14585,14585,4,-4
2022-12-12 15:01:00,14585,14585,14585,2,0
2022-12-12 15:01:00,14585,14585,14585,4,0
2022-12-12 15:01:00,14585,14585,14585,2,0
2022-12-12 15:01:00,14585,14585,14585,2,0
2022-12-12 15:01:00,14584,14584,14584,4,-4
2022-12-12 15:01:00,14584,14584,14584,4,0
2022-12-12 15:01:00,14584,14584,14584,2,0
2022-12-12 15:01:00,14584,14584,14584,2,0
2022-12-12 15:01:00,14584,14584,14584,2,0
2022-12-12 15:01:00,14584,14584,14584,6,0
2022-12-12 15:01:00,14583,14583,14583,2,-2
2022-12-12 15:01:00,14583,14583,14583,2,0
2022-12-12 15:01:04,14585,14585,14585,2,2
2022-12-12 15:01:06,14583,14583,14583,2,-2
2022-12-12 15:01:06,14583,14583,14583,2,0
2022-12-12 15:01:07,14583,14583,14583,2,0
2022-12-12 15:01:07,14584,14584,14584,4,4
2022-12-12 15:01:07,14582,14582,14582,2,-2
2022-12-12 15:01:08,14584,14584,14584,2,2
2022-12-12 15:01:09,14582,14582,14582,2,-2
2022-12-12 15:01:09,14582,14582,14582,2,0
2022-12-12 15:01:09,14581,14581,14581,2,-2
2022-12-12 15:01:13,14581,14581,14581,2,0
2022-12-12 15:01:14,14580,14580,14580,2,-2
2022-12-12 15:01:14,14581,14581,14581,2,2
2022-12-12 15:01:14,14580,14580,14580,2,-2
2022-12-12 15:01:17,14581,14581,14581,2,2
2022-12-12 15:01:17,14582,14582,14582,2,2
2022-12-12 15:01:19,14583,14583,14583,2,2
2022-12-12 15:01:20,14582,14582,14582,2,-2
2022-12-12 15:01:20,14581,14581,14581,2,-2
2022-12-12 15:01:20,14583,14583,14583,2,2
2022-12-12 15:01:27,14582,14582,14582,2,-2
2022-12-12 15:01:29,14581,14581,14581,2,-2
2022-12-12 15:01:29,14580,14580,14580,2,-2
2022-12-12 15:01:29,14580,14580,14580,4,0
2022-12-12 15:01:29,14580,14580,14580,2,0
2022-12-12 15:01:29,14579,14579,14579,2,-2
2022-12-12 15:01:29,14579,14579,14579,2,0
2022-12-12 15:01:29,14579,14579,14579,2,0
2022-12-12 15:01:29,14579,14579,14579,2,0
2022-12-12 15:01:30,14578,14578,14578,2,-2
2022-12-12 15:01:31,14579,14579,14579,2,2
2022-12-12 15:01:31,14579,14579,14579,2,0
2022-12-12 15:01:31,14580,14580,14580,4,4
2022-12-12 15:01:31,14580,14580,14580,2,0
2022-12-12 15:01:31,14580,14580,14580,2,0
2022-12-12 15:01:31,14579,14579,14579,2,-2
2022-12-12 15:01:31,14579,14579,14579,2,0
2022-12-12 15:01:31,14579,14579,14579,2,0
2022-12-12 15:01:31,14579,14579,14579,2,0
2022-12-12 15:01:31,14579,14579,14579,2,0
2022-12-12 15:01:32,14579,14579,14579,2,0
2022-12-12 15:01:32,14579,14579,14579,2,0
2022-12-12 15:01:32,14579,14579,14579,2,0
2022-12-12 15:01:33,14581,14581,14581,2,2
2022-12-12 15:01:35,14582,14582,14582,2,2
2022-12-12 15:01:35,14583,14583,14583,6,6
2022-12-12 15:01:35,14583,14583,14583,2,0
2022-12-12 15:01:35,14583,14583,14583,2,0
2022-12-12 15:01:35,14583,14583,14583,4,0
2022-12-12 15:01:35,14583,14583,14583,2,0
2022-12-12 15:01:36,14583,14583,14583,2,0
2022-12-12 15:01:37,14582,14582,14582,2,-2
2022-12-12 15:01:38,14582,14582,14582,2,0
2022-12-12 15:01:43,14583,14583,14583,4,4
2022-12-12 15:01:43,14584,14584,14584,8,8
2022-12-12 15:01:44,14585,14585,14585,6,6
2022-12-12 15:01:45,14586,14586,14586,2,2
2022-12-12 15:01:45,14586,14586,14586,2,0
2022-12-12 15:01:45,14585,14585,14585,2,-2
2022-12-12 15:01:45,14585,14585,14585,2,0
2022-12-12 15:01:45,14585,14585,14585,2,0
2022-12-12 15:01:45,14586,14586,14586,2,2
2022-12-12 15:01:45,14585,14585,14585,2,-2
2022-12-12 15:01:45,14584,14584,14584,2,-2
2022-12-12 15:01:48,14587,14587,14587,2,2
2022-12-12 15:01:49,14587,14587,14587,2,0
2022-12-12 15:01:49,14587,14587,14587,2,0
2022-12-12 15:01:50,14587,14587,14587,2,0
2022-12-12 15:01:50,14587,14587,14587,2,0
2022-12-12 15:01:50,14587,14587,14587,2,0
2022-12-12 15:01:51,14586,14586,14586,2,-2
2022-12-12 15:01:53,14586,14586,14586,2,0
2022-12-12 15:01:53,14587,14587,14587,2,2
2022-12-12 15:01:58,14585,14585,14585,2,-2
2022-12-12 15:02:00,14583,14583,14583,4,-4
2022-12-12 15:02:00,14583,14583,14583,2,0
2022-12-12 15:02:00,14582,14582,14582,2,-2
2022-12-12 15:02:00,14582,14582,14582,2,0
2022-12-12 15:02:00,14582,14582,14582,2,0
2022-12-12 15:02:00,14582,14582,14582,2,0
2022-12-12 15:02:00,14582,14582,14582,2,0
2022-12-12 15:02:00,14582,14582,14582,2,0
2022-12-12 15:02:00,14582,14582,14582,6,0
2022-12-12 15:02:00,14582,14582,14582,16,0
2022-12-12 15:02:00,14583,14583,14583,6,6
2022-12-12 15:02:01,14582,14582,14582,2,-2
2022-12-12 15:02:02,14584,14584,14584,2,2
2022-12-12 15:02:03,14586,14586,14586,2,2
2022-12-12 15:02:04,14586,14586,14586,2,0
2022-12-12 15:02:05,14586,14586,14586,2,0
2022-12-12 15:02:05,14586,14586,14586,2,0
2022-12-12 15:02:09,14587,14587,14587,4,4
2022-12-12 15:02:12,14585,14585,14585,2,-2
2022-12-12 15:02:12,14585,14585,14585,6,0
2022-12-12 15:02:12,14585,14585,14585,4,0
2022-12-12 15:02:12,14585,14585,14585,10,0
2022-12-12 15:02:12,14585,14585,14585,2,0
2022-12-12 15:02:12,14585,14585,14585,2,0
2022-12-12 15:02:12,14585,14585,14585,2,0
2022-12-12 15:02:16,14584,14584,14584,2,-2
2022-12-12 15:02:16,14585,14585,14585,2,2
2022-12-12 15:02:18,14584,14584,14584,6,-6
2022-12-12 15:02:18,14584,14584,14584,2,0
2022-12-12 15:02:18,14584,14584,14584,2,0
2022-12-12 15:02:18,14584,14584,14584,8,0
2022-12-12 15:02:18,14584,14584,14584,2,0
2022-12-12 15:02:18,14582,14582,14582,2,-2
2022-12-12 15:02:18,14582,14582,14582,2,0
2022-12-12 15:02:18,14582,14582,14582,2,0
2022-12-12 15:02:28,14583,14583,14583,2,2
2022-12-12 15:02:29,14581,14581,14581,2,-2
2022-12-12 15:02:29,14581,14581,14581,2,0
2022-12-12 15:02:29,14581,14581,14581,2,0
2022-12-12 15:02:29,14581,14581,14581,2,0
2022-12-12 15:02:31,14582,14582,14582,2,2
2022-12-12 15:02:33,14583,14583,14583,2,2
2022-12-12 15:02:34,14583,14583,14583,2,0
2022-12-12 15:02:34,14583,14583,14583,2,0
2022-12-12 15:02:34,14583,14583,14583,2,0
2022-12-12 15:02:37,14584,14584,14584,2,2
2022-12-12 15:02:37,14585,14585,14585,2,2
2022-12-12 15:02:41,14585,14585,14585,2,0
2022-12-12 15:02:58,14585,14585,14585,2,0
2022-12-12 15:03:00,14584,14584,14584,2,-2
2022-12-12 15:03:00,14583,14583,14583,2,-2
2022-12-12 15:03:00,14583,14583,14583,2,0
2022-12-12 15:03:00,14583,14583,14583,2,0
2022-12-12 15:03:00,14583,14583,14583,2,0
2022-12-12 15:03:00,14583,14583,14583,2,0
2022-12-12 15:03:00,14583,14583,14583,2,0
2022-12-12 15:03:00,14583,14583,14583,2,0
2022-12-12 15:03:00,14583,14583,14583,2,0
2022-12-12 15:03:00,14582,14582,14582,2,-2
2022-12-12 15:03:00,14582,14582,14582,2,0
2022-12-12 15:03:00,14582,14582,14582,2,0
2022-12-12 15:03:00,14582,14582,14582,2,0
2022-12-12 15:03:00,14584,14584,14584,2,2
2022-12-12 15:03:01,14584,14584,14584,2,0
2022-12-12 15:03:01,14582,14582,14582,2,-2
2022-12-12 15:03:01,14582,14582,14582,2,0
2022-12-12 15:03:01,14582,14582,14582,2,0
2022-12-12 15:03:01,14582,14582,14582,2,0
2022-12-12 15:03:01,14582,14582,14582,2,0
2022-12-12 15:03:04,14583,14583,14583,6,6
2022-12-12 15:03:11,14583,14583,14583,6,0
2022-12-12 15:03:11,14585,14585,14585,2,2
2022-12-12 15:03:13,14583,14583,14583,2,-2
2022-12-12 15:03:18,14582,14582,14582,2,-2
2022-12-12 15:03:18,14582,14582,14582,4,0
2022-12-12 15:03:20,14582,14582,14582,2,0
2022-12-12 15:03:20,14582,14582,14582,2,0
2022-12-12 15:03:21,14582,14582,14582,2,0
2022-12-12 15:03:21,14581,14581,14581,2,-2
2022-12-12 15:03:21,14581,14581,14581,2,0
2022-12-12 15:03:21,14581,14581,14581,2,0
2022-12-12 15:03:21,14581,14581,14581,2,0
2022-12-12 15:03:22,14581,14581,14581,2,0
2022-12-12 15:03:26,14580,14580,14580,2,-2
2022-12-12 15:03:26,14580,14580,14580,2,0
2022-12-12 15:03:30,14582,14582,14582,2,2
2022-12-12 15:03:48,14581,14581,14581,2,-2
2022-12-12 15:03:48,14581,14581,14581,2,0
2022-12-12 15:03:52,14581,14581,14581,4,0
2022-12-12 15:04:00,14581,14581,14581,2,0
2022-12-12 15:04:00,14581,14581,14581,2,0
2022-12-12 15:04:00,14581,14581,14581,2,0
2022-12-12 15:04:07,14582,14582,14582,2,2
2022-12-12 15:04:19,14582,14582,14582,2,0
2022-12-12 15:04:23,14583,14583,14583,2,2
2022-12-12 15:04:25,14584,14584,14584,4,4
2022-12-12 15:04:26,14585,14585,14585,2,2
2022-12-12 15:04:26,14585,14585,14585,8,0
2022-12-12 15:04:26,14585,14585,14585,2,0
2022-12-12 15:04:26,14585,14585,14585,2,0
2022-12-12 15:04:27,14586,14586,14586,2,2
2022-12-12 15:04:29,14587,14587,14587,6,6
2022-12-12 15:04:30,14586,14586,14586,2,-2
2022-12-12 15:04:31,14587,14587,14587,4,4
2022-12-12 15:04:31,14587,14587,14587,2,0
2022-12-12 15:04:31,14587,14587,14587,2,0
2022-12-12 15:04:32,14588,14588,14588,4,4
2022-12-12 15:04:32,14588,14588,14588,30,0
2022-12-12 15:04:32,14589,14589,14589,8,8
2022-12-12 15:04:32,14590,14590,14590,4,4
2022-12-12 15:04:32,14589,14589,14589,2,-2
2022-12-12 15:04:36,14589,14589,14589,8,0
2022-12-12 15:04:49,14588,14588,14588,6,-6
2022-12-12 15:04:49,14589,14589,14589,20,20
2022-12-12 15:04:49,14589,14589,14589,2,0
2022-12-12 15:04:49,14589,14589,14589,2,0
2022-12-12 15:04:49,14589,14589,14589,2,0
2022-12-12 15:04:49,14590,14590,14590,22,22
2022-12-12 15:04:49,14591,14591,14591,4,4
2022-12-12 15:04:50,14590,14590,14590,2,-2
2022-12-12 15:04:50,14590,14590,14590,2,0
2022-12-12 15:04:53,14590,14590,14590,4,0
2022-12-12 15:04:56,14591,14591,14591,2,2
2022-12-12 15:04:56,14591,14591,14591,4,0
2022-12-12 15:04:56,14592,14592,14592,4,4
2022-12-12 15:04:56,14592,14592,14592,10,0
2022-12-12 15:04:56,14592,14592,14592,2,0
2022-12-12 15:04:56,14592,14592,14592,2,0
2022-12-12 15:04:56,14592,14592,14592,6,0
2022-12-12 15:04:56,14592,14592,14592,2,0
2022-12-12 15:04:56,14592,14592,14592,2,0
2022-12-12 15:04:56,14592,14592,14592,4,0
2022-12-12 15:04:57,14593,14593,14593,2,2
2022-12-12 15:04:57,14593,14593,14593,2,0
2022-12-12 15:04:57,14593,14593,14593,4,0
2022-12-12 15:04:57,14594,14594,14594,2,2
2022-12-12 15:04:57,14594,14594,14594,2,0
2022-12-12 15:04:57,14594,14594,14594,2,0
2022-12-12 15:04:57,14594,14594,14594,2,0
2022-12-12 15:04:57,14594,14594,14594,2,0
2022-12-12 15:04:57,14594,14594,14594,4,0
2022-12-12 15:04:57,14594,14594,14594,2,0
2022-12-12 15:04:57,14594,14594,14594,2,0
2022-12-12 15:04:57,14594,14594,14594,4,0
2022-12-12 15:04:57,14594,14594,14594,2,0
2022-12-12 15:04:57,14593,14593,14593,4,-4
2022-12-12 15:04:57,14593,14593,14593,4,0
2022-12-12 15:04:57,14594,14594,14594,4,4
2022-12-12 15:04:57,14594,14594,14594,16,0
2022-12-12 15:04:57,14594,14594,14594,2,0
2022-12-12 15:04:57,14593,14593,14593,2,-2
2022-12-12 15:04:57,14593,14593,14593,2,0
2022-12-12 15:04:57,14593,14593,14593,4,0
2022-12-12 15:04:57,14593,14593,14593,4,0
2022-12-12 15:04:57,14594,14594,14594,4,4
2022-12-12 15:04:57,14594,14594,14594,2,0
2022-12-12 15:04:57,14594,14594,14594,2,0
2022-12-12 15:04:57,14594,14594,14594,2,0
2022-12-12 15:04:57,14594,14594,14594,2,0
2022-12-12 15:04:57,14594,14594,14594,8,0
2022-12-12 15:04:57,14594,14594,14594,2,0
2022-12-12 15:04:57,14594,14594,14594,2,0
2022-12-12 15:04:57,14594,14594,14594,2,0
2022-12-12 15:04:58,14594,14594,14594,2,0
2022-12-12 15:04:58,14594,14594,14594,2,0
2022-12-12 15:04:58,14594,14594,14594,6,0
2022-12-12 15:04:59,14594,14594,14594,2,0
2022-12-12 15:04:59,14594,14594,14594,2,0
2022-12-12 15:05:00,14592,14592,14592,2,-2
2022-12-12 15:05:00,14592,14592,14592,2,0
2022-12-12 15:05:00,14592,14592,14592,2,0
2022-12-12 15:05:00,14591,14591,14591,2,-2
2022-12-12 15:05:00,14591,14591,14591,2,0
2022-12-12 15:05:00,14590,14590,14590,2,-2
2022-12-12 15:05:00,14591,14591,14591,2,2
2022-12-12 15:05:00,14591,14591,14591,4,0
2022-12-12 15:05:00,14590,14590,14590,4,-4
2022-12-12 15:05:00,14592,14592,14592,6,6
2022-12-12 15:05:00,14590,14590,14590,2,-2
2022-12-12 15:05:00,14590,14590,14590,2,0
2022-12-12 15:05:00,14590,14590,14590,4,0
2022-12-12 15:05:00,14592,14592,14592,2,2
2022-12-12 15:05:01,14591,14591,14591,4,-4
2022-12-12 15:05:03,14591,14591,14591,2,0
2022-12-12 15:05:03,14591,14591,14591,2,0
2022-12-12 15:05:04,14590,14590,14590,2,-2
2022-12-12 15:05:04,14592,14592,14592,2,2
2022-12-12 15:05:04,14592,14592,14592,2,0
2022-12-12 15:05:04,14592,14592,14592,2,0
2022-12-12 15:05:06,14591,14591,14591,2,-2
2022-12-12 15:05:07,14591,14591,14591,2,0
2022-12-12 15:05:07,14591,14591,14591,2,0
2022-12-12 15:05:07,14591,14591,14591,6,0
2022-12-12 15:05:08,14591,14591,14591,2,0
2022-12-12 15:05:10,14589,14589,14589,2,-2
2022-12-12 15:05:10,14589,14589,14589,2,0
2022-12-12 15:05:10,14589,14589,14589,2,0
2022-12-12 15:05:10,14589,14589,14589,4,0
2022-12-12 15:05:10,14589,14589,14589,22,0
2022-12-12 15:05:10,14589,14589,14589,2,0
2022-12-12 15:05:10,14589,14589,14589,2,0
2022-12-12 15:05:10,14589,14589,14589,2,0
2022-12-12 15:05:11,14589,14589,14589,2,0
2022-12-12 15:05:11,14589,14589,14589,2,0
2022-12-12 15:05:12,14589,14589,14589,4,0
2022-12-12 15:05:12,14589,14589,14589,2,0
2022-12-12 15:05:13,14588,14588,14588,2,-2
2022-12-12 15:05:15,14588,14588,14588,2,0
2022-12-12 15:05:17,14587,14587,14587,4,-4
2022-12-12 15:05:18,14587,14587,14587,2,0
2022-12-12 15:05:18,14587,14587,14587,2,0
2022-12-12 15:05:23,14586,14586,14586,2,-2
2022-12-12 15:05:23,14586,14586,14586,2,0
2022-12-12 15:05:27,14585,14585,14585,2,-2
2022-12-12 15:05:27,14585,14585,14585,2,0
2022-12-12 15:05:29,14585,14585,14585,2,0
2022-12-12 15:05:29,14585,14585,14585,2,0
2022-12-12 15:05:29,14585,14585,14585,2,0
2022-12-12 15:05:29,14586,14586,14586,2,2
2022-12-12 15:05:32,14586,14586,14586,2,0
2022-12-12 15:05:32,14586,14586,14586,6,0
2022-12-12 15:05:33,14585,14585,14585,2,-2
2022-12-12 15:05:33,14586,14586,14586,2,2
2022-12-12 15:05:36,14585,14585,14585,2,-2
2022-12-12 15:05:36,14584,14584,14584,2,-2
2022-12-12 15:05:36,14584,14584,14584,2,0
2022-12-12 15:05:36,14584,14584,14584,2,0
2022-12-12 15:05:36,14584,14584,14584,2,0
2022-12-12 15:05:40,14586,14586,14586,4,4
2022-12-12 15:05:40,14587,14587,14587,2,2
2022-12-12 15:05:40,14585,14585,14585,2,-2
2022-12-12 15:05:40,14585,14585,14585,2,0
2022-12-12 15:05:41,14587,14587,14587,2,2
2022-12-12 15:05:42,14586,14586,14586,2,-2
2022-12-12 15:05:49,14586,14586,14586,2,0
2022-12-12 15:05:49,14586,14586,14586,2,0
2022-12-12 15:05:49,14586,14586,14586,2,0
2022-12-12 15:05:49,14586,14586,14586,2,0
2022-12-12 15:05:49,14585,14585,14585,2,-2
2022-12-12 15:05:54,14585,14585,14585,2,0
2022-12-12 15:05:54,14585,14585,14585,2,0
2022-12-12 15:06:00,14584,14584,14584,2,-2
2022-12-12 15:06:00,14584,14584,14584,2,0
2022-12-12 15:06:00,14584,14584,14584,2,0
2022-12-12 15:06:00,14584,14584,14584,2,0
2022-12-12 15:06:00,14584,14584,14584,2,0
2022-12-12 15:06:00,14584,14584,14584,2,0
2022-12-12 15:06:00,14583,14583,14583,2,-2
2022-12-12 15:06:00,14583,14583,14583,2,0
2022-12-12 15:06:00,14582,14582,14582,2,-2
2022-12-12 15:06:00,14582,14582,14582,2,0
2022-12-12 15:06:00,14582,14582,14582,10,0
2022-12-12 15:06:00,14582,14582,14582,10,0
2022-12-12 15:06:00,14582,14582,14582,4,0
2022-12-12 15:06:00,14582,14582,14582,2,0
2022-12-12 15:06:00,14581,14581,14581,2,-2
2022-12-12 15:06:00,14581,14581,14581,2,0
2022-12-12 15:06:00,14581,14581,14581,2,0
2022-12-12 15:06:00,14581,14581,14581,2,0
2022-12-12 15:06:02,14582,14582,14582,2,2
2022-12-12 15:06:03,14581,14581,14581,2,-2
2022-12-12 15:06:03,14581,14581,14581,2,0
2022-12-12 15:06:03,14581,14581,14581,2,0
2022-12-12 15:06:03,14582,14582,14582,2,2
2022-12-12 15:06:03,14580,14580,14580,2,-2
2022-12-12 15:06:03,14580,14580,14580,4,0
2022-12-12 15:06:03,14580,14580,14580,2,0
2022-12-12 15:06:03,14580,14580,14580,2,0
2022-12-12 15:06:03,14580,14580,14580,6,0
2022-12-12 15:06:03,14580,14580,14580,2,0
2022-12-12 15:06:03,14580,14580,14580,6,0
2022-12-12 15:06:03,14580,14580,14580,2,0
2022-12-12 15:06:03,14580,14580,14580,2,0
2022-12-12 15:06:03,14580,14580,14580,2,0
2022-12-12 15:06:04,14580,14580,14580,2,0
2022-12-12 15:06:05,14579,14579,14579,2,-2
2022-12-12 15:06:05,14579,14579,14579,2,0
2022-12-12 15:06:05,14579,14579,14579,2,0
2022-12-12 15:06:05,14579,14579,14579,2,0
2022-12-12 15:06:05,14579,14579,14579,2,0
2022-12-12 15:06:05,14579,14579,14579,2,0
2022-12-12 15:06:05,14578,14578,14578,2,-2
2022-12-12 15:06:05,14578,14578,14578,2,0
2022-12-12 15:06:05,14578,14578,14578,4,0
2022-12-12 15:06:05,14578,14578,14578,2,0
2022-12-12 15:06:05,14577,14577,14577,2,-2
2022-12-12 15:06:05,14577,14577,14577,2,0
2022-12-12 15:06:05,14576,14576,14576,2,-2
2022-12-12 15:06:08,14576,14576,14576,2,0
2022-12-12 15:06:08,14576,14576,14576,2,0
2022-12-12 15:06:08,14576,14576,14576,2,0
2022-12-12 15:06:08,14576,14576,14576,10,0
2022-12-12 15:06:08,14576,14576,14576,2,0
2022-12-12 15:06:08,14577,14577,14577,2,2
2022-12-12 15:06:09,14578,14578,14578,2,2
2022-12-12 15:06:11,14579,14579,14579,2,2
2022-12-12 15:06:14,14580,14580,14580,2,2
2022-12-12 15:06:16,14579,14579,14579,2,-2
2022-12-12 15:06:17,14579,14579,14579,2,0
2022-12-12 15:06:17,14580,14580,14580,2,2
2022-12-12 15:06:18,14580,14580,14580,2,0
2022-12-12 15:06:20,14580,14580,14580,2,0
2022-12-12 15:06:21,14581,14581,14581,4,4
2022-12-12 15:06:24,14581,14581,14581,2,0
2022-12-12 15:06:25,14580,14580,14580,4,-4
2022-12-12 15:06:28,14581,14581,14581,4,4
2022-12-12 15:06:33,14579,14579,14579,2,-2
2022-12-12 15:06:36,14580,14580,14580,2,2
2022-12-12 15:06:41,14580,14580,14580,2,0
2022-12-12 15:06:42,14579,14579,14579,6,-6
2022-12-12 15:06:42,14579,14579,14579,2,0
2022-12-12 15:06:42,14579,14579,14579,2,0
2022-12-12 15:06:42,14579,14579,14579,2,0
2022-12-12 15:06:42,14579,14579,14579,2,0
2022-12-12 15:06:42,14579,14579,14579,4,0
2022-12-12 15:06:42,14579,14579,14579,2,0
2022-12-12 15:06:43,14578,14578,14578,2,-2
2022-12-12 15:06:43,14578,14578,14578,4,0
2022-12-12 15:06:43,14578,14578,14578,2,0
2022-12-12 15:06:43,14578,14578,14578,2,0
2022-12-12 15:06:43,14578,14578,14578,2,0
2022-12-12 15:06:43,14578,14578,14578,2,0
2022-12-12 15:06:43,14578,14578,14578,2,0
2022-12-12 15:06:43,14578,14578,14578,2,0
2022-12-12 15:06:44,14577,14577,14577,2,-2
2022-12-12 15:06:44,14577,14577,14577,2,0
2022-12-12 15:06:46,14576,14576,14576,2,-2
2022-12-12 15:06:46,14577,14577,14577,2,2
2022-12-12 15:06:48,14576,14576,14576,8,-8
2022-12-12 15:06:48,14576,14576,14576,2,0
2022-12-12 15:06:48,14576,14576,14576,2,0
2022-12-12 15:06:48,14576,14576,14576,2,0
2022-12-12 15:06:48,14576,14576,14576,2,0
2022-12-12 15:06:48,14576,14576,14576,2,0
2022-12-12 15:06:48,14576,14576,14576,2,0
2022-12-12 15:06:48,14576,14576,14576,2,0
2022-12-12 15:06:49,14576,14576,14576,2,0
2022-12-12 15:06:50,14575,14575,14575,2,-2
2022-12-12 15:06:53,14575,14575,14575,4,0
2022-12-12 15:06:58,14577,14577,14577,2,2
2022-12-12 15:06:58,14576,14576,14576,4,-4
2022-12-12 15:06:58,14577,14577,14577,6,6
2022-12-12 15:07:00,14577,14577,14577,2,0
2022-12-12 15:07:00,14577,14577,14577,2,0
2022-12-12 15:07:01,14577,14577,14577,2,0
2022-12-12 15:07:02,14577,14577,14577,2,0
2022-12-12 15:07:05,14576,14576,14576,2,-2
2022-12-12 15:07:05,14576,14576,14576,2,0
2022-12-12 15:07:05,14576,14576,14576,2,0
2022-12-12 15:07:05,14576,14576,14576,2,0
2022-12-12 15:07:05,14576,14576,14576,4,0
2022-12-12 15:07:05,14576,14576,14576,4,0
2022-12-12 15:07:05,14576,14576,14576,2,0
2022-12-12 15:07:05,14575,14575,14575,10,-10
2022-12-12 15:07:09,14577,14577,14577,2,2
2022-12-12 15:07:17,14577,14577,14577,2,0
2022-12-12 15:07:20,14577,14577,14577,2,0
2022-12-12 15:07:23,14576,14576,14576,2,-2
2022-12-12 15:07:25,14579,14579,14579,2,2
2022-12-12 15:07:28,14579,14579,14579,2,0
2022-12-12 15:07:30,14579,14579,14579,2,0
2022-12-12 15:07:32,14579,14579,14579,2,0
2022-12-12 15:07:34,14580,14580,14580,2,2
2022-12-12 15:07:40,14580,14580,14580,4,0
2022-12-12 15:07:45,14580,14580,14580,2,0
2022-12-12 15:07:48,14579,14579,14579,2,-2
2022-12-12 15:08:04,14578,14578,14578,2,-2
2022-12-12 15:08:04,14578,14578,14578,2,0
2022-12-12 15:08:09,14578,14578,14578,8,0
2022-12-12 15:08:09,14579,14579,14579,2,2
2022-12-12 15:08:09,14579,14579,14579,4,0
2022-12-12 15:08:11,14580,14580,14580,4,4
2022-12-12 15:08:17,14580,14580,14580,2,0
2022-12-12 15:08:18,14581,14581,14581,4,4
2022-12-12 15:08:28,14581,14581,14581,4,0
2022-12-12 15:08:32,14581,14581,14581,2,0
2022-12-12 15:08:35,14582,14582,14582,2,2
2022-12-12 15:08:37,14583,14583,14583,6,6
2022-12-12 15:08:38,14584,14584,14584,2,2
2022-12-12 15:08:39,14583,14583,14583,2,-2
2022-12-12 15:08:39,14584,14584,14584,2,2
2022-12-12 15:08:46,14582,14582,14582,2,-2
2022-12-12 15:08:49,14582,14582,14582,2,0
2022-12-12 15:08:50,14581,14581,14581,2,-2
2022-12-12 15:08:52,14581,14581,14581,2,0
2022-12-12 15:08:56,14583,14583,14583,2,2
2022-12-12 15:08:59,14582,14582,14582,2,-2
2022-12-12 15:09:00,14582,14582,14582,2,0
2022-12-12 15:09:05,14582,14582,14582,2,0
2022-12-12 15:09:07,14582,14582,14582,2,0
2022-12-12 15:09:07,14582,14582,14582,2,0
2022-12-12 15:09:07,14582,14582,14582,2,0
2022-12-12 15:09:18,14583,14583,14583,2,2
2022-12-12 15:09:21,14582,14582,14582,2,-2
2022-12-12 15:09:21,14582,14582,14582,2,0
2022-12-12 15:09:21,14582,14582,14582,4,0
2022-12-12 15:09:31,14583,14583,14583,2,2
2022-12-12 15:09:38,14584,14584,14584,8,8
2022-12-12 15:09:40,14583,14583,14583,6,-6
2022-12-12 15:09:45,14584,14584,14584,2,2
2022-12-12 15:10:00,14585,14585,14585,8,8
2022-12-12 15:10:12,14585,14585,14585,2,0
2022-12-12 15:10:17,14584,14584,14584,2,-2
2022-12-12 15:10:17,14584,14584,14584,2,0
2022-12-12 15:10:17,14584,14584,14584,4,0
2022-12-12 15:10:17,14584,14584,14584,2,0
2022-12-12 15:10:17,14584,14584,14584,2,0
2022-12-12 15:10:17,14584,14584,14584,2,0
2022-12-12 15:10:17,14584,14584,14584,2,0
2022-12-12 15:10:19,14584,14584,14584,2,0
2022-12-12 15:10:19,14584,14584,14584,2,0
2022-12-12 15:10:31,14583,14583,14583,2,-2
2022-12-12 15:10:32,14584,14584,14584,2,2
2022-12-12 15:10:40,14585,14585,14585,6,6
2022-12-12 15:10:51,14584,14584,14584,2,-2
2022-12-12 15:10:56,14584,14584,14584,2,0
2022-12-12 15:11:00,14584,14584,14584,4,0
2022-12-12 15:11:00,14584,14584,14584,2,0
2022-12-12 15:11:02,14583,14583,14583,2,-2
2022-12-12 15:11:03,14582,14582,14582,2,-2
2022-12-12 15:11:08,14583,14583,14583,2,2
2022-12-12 15:11:20,14583,14583,14583,6,0
2022-12-12 15:11:45,14581,14581,14581,2,-2
2022-12-12 15:11:45,14581,14581,14581,2,0
2022-12-12 15:11:45,14581,14581,14581,2,0
2022-12-12 15:11:45,14581,14581,14581,2,0
2022-12-12 15:11:45,14581,14581,14581,2,0
2022-12-12 15:11:45,14581,14581,14581,2,0
2022-12-12 15:11:45,14580,14580,14580,2,-2
2022-12-12 15:11:45,14580,14580,14580,2,0
2022-12-12 15:11:45,14580,14580,14580,4,0
2022-12-12 15:11:45,14580,14580,14580,2,0
2022-12-12 15:11:45,14580,14580,14580,2,0
2022-12-12 15:11:45,14580,14580,14580,6,0
2022-12-12 15:11:45,14580,14580,14580,2,0
2022-12-12 15:11:45,14580,14580,14580,8,0
2022-12-12 15:11:45,14580,14580,14580,2,0
2022-12-12 15:11:45,14580,14580,14580,2,0
2022-12-12 15:11:45,14580,14580,14580,2,0
2022-12-12 15:11:45,14580,14580,14580,2,0
2022-12-12 15:11:45,14580,14580,14580,2,0
2022-12-12 15:11:46,14579,14579,14579,2,-2
2022-12-12 15:11:46,14579,14579,14579,2,0
2022-12-12 15:11:46,14579,14579,14579,2,0
2022-12-12 15:11:46,14579,14579,14579,2,0
2022-12-12 15:11:46,14579,14579,14579,2,0
2022-12-12 15:11:46,14579,14579,14579,4,0
2022-12-12 15:11:46,14579,14579,14579,4,0
2022-12-12 15:11:46,14579,14579,14579,2,0
2022-12-12 15:11:51,14578,14578,14578,2,-2
2022-12-12 15:11:51,14578,14578,14578,2,0
2022-12-12 15:11:51,14578,14578,14578,10,0
2022-12-12 15:12:01,14577,14577,14577,6,-6
2022-12-12 15:12:01,14577,14577,14577,2,0
2022-12-12 15:12:01,14577,14577,14577,2,0
2022-12-12 15:12:01,14577,14577,14577,2,0
2022-12-12 15:12:01,14577,14577,14577,2,0
2022-12-12 15:12:01,14577,14577,14577,2,0
2022-12-12 15:12:01,14577,14577,14577,2,0
2022-12-12 15:12:01,14577,14577,14577,2,0
2022-12-12 15:12:09,14577,14577,14577,2,0
2022-12-12 15:12:10,14577,14577,14577,2,0
2022-12-12 15:12:11,14577,14577,14577,2,0
2022-12-12 15:12:11,14577,14577,14577,6,0
2022-12-12 15:12:12,14577,14577,14577,2,0
2022-12-12 15:12:22,14578,14578,14578,8,8
2022-12-12 15:12:22,14578,14578,14578,2,0
2022-12-12 15:12:22,14578,14578,14578,4,0
2022-12-12 15:12:22,14578,14578,14578,6,0
2022-12-12 15:12:22,14578,14578,14578,4,0
2022-12-12 15:12:23,14578,14578,14578,2,0
2022-12-12 15:12:23,14578,14578,14578,8,0
2022-12-12 15:12:25,14578,14578,14578,2,0
2022-12-12 15:12:25,14578,14578,14578,2,0
2022-12-12 15:12:32,14577,14577,14577,2,-2
2022-12-12 15:12:32,14577,14577,14577,2,0
2022-12-12 15:12:32,14577,14577,14577,2,0
2022-12-12 15:12:40,14577,14577,14577,2,0
2022-12-12 15:13:00,14578,14578,14578,2,2
2022-12-12 15:13:03,14578,14578,14578,2,0
2022-12-12 15:13:06,14577,14577,14577,2,-2
2022-12-12 15:13:06,14577,14577,14577,2,0
2022-12-12 15:13:06,14577,14577,14577,4,0
2022-12-12 15:13:06,14577,14577,14577,4,0
2022-12-12 15:13:12,14577,14577,14577,2,0
2022-12-12 15:13:27,14576,14576,14576,2,-2
2022-12-12 15:13:27,14576,14576,14576,2,0
2022-12-12 15:13:27,14576,14576,14576,2,0
2022-12-12 15:13:27,14576,14576,14576,2,0
2022-12-12 15:13:27,14576,14576,14576,8,0
2022-12-12 15:13:27,14576,14576,14576,2,0
2022-12-12 15:13:27,14576,14576,14576,2,0
2022-12-12 15:13:27,14576,14576,14576,2,0
2022-12-12 15:13:27,14575,14575,14575,2,-2
2022-12-12 15:13:31,14575,14575,14575,2,0
2022-12-12 15:13:33,14576,14576,14576,2,2
2022-12-12 15:13:35,14575,14575,14575,4,-4
2022-12-12 15:13:36,14575,14575,14575,2,0
2022-12-12 15:13:42,14576,14576,14576,2,2
2022-12-12 15:13:47,14577,14577,14577,4,4
2022-12-12 15:13:48,14577,14577,14577,2,0
2022-12-12 15:14:11,14576,14576,14576,2,-2
2022-12-12 15:14:11,14576,14576,14576,2,0
2022-12-12 15:14:11,14576,14576,14576,2,0
2022-12-12 15:14:18,14576,14576,14576,2,0
2022-12-12 15:14:21,14576,14576,14576,2,0
2022-12-12 15:14:21,14576,14576,14576,4,0
2022-12-12 15:14:24,14576,14576,14576,2,0
2022-12-12 15:14:24,14576,14576,14576,2,0
2022-12-12 15:14:24,14576,14576,14576,2,0
2022-12-12 15:14:24,14576,14576,14576,2,0
2022-12-12 15:14:32,14576,14576,14576,2,0
2022-12-12 15:14:39,14577,14577,14577,2,2
2022-12-12 15:14:40,14576,14576,14576,2,-2
2022-12-12 15:14:40,14576,14576,14576,2,0
2022-12-12 15:14:48,14576,14576,14576,2,0
2022-12-12 15:14:48,14577,14577,14577,2,2
2022-12-12 15:14:51,14576,14576,14576,2,-2
2022-12-12 15:14:51,14576,14576,14576,2,0
2022-12-12 15:14:55,14576,14576,14576,2,0
2022-12-12 15:15:07,14575,14575,14575,2,-2
2022-12-12 15:15:07,14575,14575,14575,2,0
2022-12-12 15:15:07,14575,14575,14575,6,0
2022-12-12 15:15:07,14575,14575,14575,4,0
2022-12-12 15:15:07,14575,14575,14575,2,0
2022-12-12 15:15:07,14575,14575,14575,2,0
2022-12-12 15:15:07,14575,14575,14575,2,0
2022-12-12 15:15:07,14575,14575,14575,2,0
2022-12-12 15:15:07,14575,14575,14575,2,0
2022-12-12 15:15:07,14575,14575,14575,2,0
2022-12-12 15:15:07,14575,14575,14575,2,0
2022-12-12 15:15:07,14575,14575,14575,30,0
2022-12-12 15:15:07,14575,14575,14575,2,0
2022-12-12 15:15:07,14575,14575,14575,2,0
2022-12-12 15:15:07,14574,14574,14574,2,-2
2022-12-12 15:15:07,14574,14574,14574,2,0
2022-12-12 15:15:07,14574,14574,14574,2,0
2022-12-12 15:15:07,14574,14574,14574,2,0
2022-12-12 15:15:07,14574,14574,14574,2,0
2022-12-12 15:15:08,14573,14573,14573,2,-2
2022-12-12 15:15:08,14573,14573,14573,2,0
2022-12-12 15:15:08,14573,14573,14573,2,0
2022-12-12 15:15:08,14573,14573,14573,2,0
2022-12-12 15:15:08,14572,14572,14572,2,-2
2022-12-12 15:15:08,14572,14572,14572,2,0
2022-12-12 15:15:08,14572,14572,14572,2,0
2022-12-12 15:15:08,14572,14572,14572,2,0
2022-12-12 15:15:08,14572,14572,14572,2,0
2022-12-12 15:15:08,14572,14572,14572,2,0
2022-12-12 15:15:08,14573,14573,14573,2,2
2022-12-12 15:15:09,14573,14573,14573,2,0
2022-12-12 15:15:09,14574,14574,14574,2,2
2022-12-12 15:15:09,14574,14574,14574,2,0
2022-12-12 15:15:09,14575,14575,14575,2,2
2022-12-12 15:15:10,14575,14575,14575,2,0
2022-12-12 15:15:10,14575,14575,14575,2,0
2022-12-12 15:15:10,14575,14575,14575,2,0
2022-12-12 15:15:10,14575,14575,14575,2,0
2022-12-12 15:15:10,14575,14575,14575,2,0
2022-12-12 15:15:10,14575,14575,14575,2,0
2022-12-12 15:15:10,14575,14575,14575,8,0
2022-12-12 15:15:17,14575,14575,14575,2,0
2022-12-12 15:15:23,14575,14575,14575,2,0
2022-12-12 15:15:41,14573,14573,14573,2,-2
2022-12-12 15:15:42,14572,14572,14572,2,-2
2022-12-12 15:15:42,14572,14572,14572,2,0
2022-12-12 15:15:42,14572,14572,14572,2,0
2022-12-12 15:15:42,14572,14572,14572,4,0
2022-12-12 15:15:42,14572,14572,14572,2,0
2022-12-12 15:15:42,14572,14572,14572,2,0
2022-12-12 15:15:42,14572,14572,14572,2,0
2022-12-12 15:15:42,14572,14572,14572,2,0
2022-12-12 15:15:42,14572,14572,14572,2,0
2022-12-12 15:15:42,14572,14572,14572,2,0
2022-12-12 15:15:42,14572,14572,14572,2,0
2022-12-12 15:15:42,14572,14572,14572,2,0
2022-12-12 15:15:42,14572,14572,14572,2,0
2022-12-12 15:15:43,14572,14572,14572,2,0
2022-12-12 15:15:44,14571,14571,14571,2,-2
2022-12-12 15:15:44,14571,14571,14571,4,0
2022-12-12 15:15:44,14571,14571,14571,2,0
2022-12-12 15:15:46,14572,14572,14572,2,2
2022-12-12 15:15:48,14572,14572,14572,2,0
2022-12-12 15:15:50,14573,14573,14573,2,2
2022-12-12 15:15:51,14573,14573,14573,2,0
2022-12-12 15:15:51,14573,14573,14573,2,0
2022-12-12 15:15:52,14573,14573,14573,2,0
2022-12-12 15:15:52,14573,14573,14573,2,0
2022-12-12 15:15:57,14573,14573,14573,2,0
2022-12-12 15:15:57,14573,14573,14573,2,0
2022-12-12 15:15:57,14573,14573,14573,2,0
2022-12-12 15:16:09,14574,14574,14574,2,2
2022-12-12 15:16:09,14574,14574,14574,2,0
2022-12-12 15:16:09,14574,14574,14574,2,0
2022-12-12 15:16:09,14575,14575,14575,10,10
2022-12-12 15:16:10,14575,14575,14575,2,0
2022-12-12 15:16:10,14576,14576,14576,4,4
2022-12-12 15:16:10,14576,14576,14576,4,0
2022-12-12 15:16:10,14576,14576,14576,2,0
2022-12-12 15:16:10,14576,14576,14576,2,0
2022-12-12 15:16:10,14576,14576,14576,2,0
2022-12-12 15:16:10,14577,14577,14577,4,4
2022-12-12 15:16:10,14577,14577,14577,2,0
2022-12-12 15:16:10,14577,14577,14577,2,0
2022-12-12 15:16:10,14577,14577,14577,2,0
2022-12-12 15:16:10,14577,14577,14577,2,0
2022-12-12 15:16:10,14577,14577,14577,2,0
2022-12-12 15:16:10,14577,14577,14577,4,0
2022-12-12 15:16:10,14576,14576,14576,2,-2
2022-12-12 15:16:11,14575,14575,14575,2,-2
2022-12-12 15:16:15,14577,14577,14577,2,2
2022-12-12 15:16:26,14577,14577,14577,2,0
2022-12-12 15:16:26,14577,14577,14577,8,0
2022-12-12 15:16:26,14578,14578,14578,2,2
2022-12-12 15:16:26,14578,14578,14578,2,0
2022-12-12 15:16:26,14578,14578,14578,2,0
2022-12-12 15:16:26,14578,14578,14578,2,0
2022-12-12 15:16:26,14578,14578,14578,2,0
2022-12-12 15:16:26,14578,14578,14578,2,0
2022-12-12 15:16:26,14578,14578,14578,2,0
2022-12-12 15:16:26,14578,14578,14578,2,0
2022-12-12 15:16:26,14578,14578,14578,2,0
2022-12-12 15:16:26,14578,14578,14578,2,0
2022-12-12 15:16:26,14579,14579,14579,2,2
2022-12-12 15:16:26,14579,14579,14579,2,0
2022-12-12 15:16:40,14578,14578,14578,6,-6
2022-12-12 15:16:45,14578,14578,14578,2,0
2022-12-12 15:16:45,14578,14578,14578,2,0
2022-12-12 15:16:45,14579,14579,14579,2,2
2022-12-12 15:16:45,14579,14579,14579,2,0
2022-12-12 15:16:45,14579,14579,14579,2,0
2022-12-12 15:16:45,14579,14579,14579,2,0
2022-12-12 15:16:45,14579,14579,14579,2,0
2022-12-12 15:16:45,14579,14579,14579,2,0
2022-12-12 15:16:45,14579,14579,14579,2,0
2022-12-12 15:16:48,14578,14578,14578,2,-2
2022-12-12 15:16:48,14578,14578,14578,2,0
2022-12-12 15:17:00,14579,14579,14579,2,2
2022-12-12 15:17:01,14578,14578,14578,2,-2
2022-12-12 15:17:10,14579,14579,14579,2,2
2022-12-12 15:17:12,14578,14578,14578,2,-2
2022-12-12 15:17:12,14578,14578,14578,2,0
2022-12-12 15:17:13,14578,14578,14578,2,0
2022-12-12 15:17:23,14578,14578,14578,2,0
2022-12-12 15:17:25,14579,14579,14579,2,2
2022-12-12 15:17:29,14579,14579,14579,2,0
2022-12-12 15:17:34,14577,14577,14577,4,-4
2022-12-12 15:17:34,14577,14577,14577,2,0
2022-12-12 15:17:34,14576,14576,14576,2,-2
2022-12-12 15:17:34,14576,14576,14576,2,0
2022-12-12 15:17:34,14575,14575,14575,2,-2
2022-12-12 15:17:45,14575,14575,14575,2,0
2022-12-12 15:17:50,14574,14574,14574,2,-2
2022-12-12 15:17:50,14574,14574,14574,2,0
2022-12-12 15:17:50,14574,14574,14574,2,0
2022-12-12 15:17:52,14573,14573,14573,2,-2
2022-12-12 15:17:57,14573,14573,14573,2,0
2022-12-12 15:17:58,14573,14573,14573,2,0
2022-12-12 15:17:59,14573,14573,14573,2,0
2022-12-12 15:17:59,14573,14573,14573,2,0
2022-12-12 15:18:02,14573,14573,14573,2,0
2022-12-12 15:18:02,14573,14573,14573,2,0
2022-12-12 15:18:13,14573,14573,14573,4,0
2022-12-12 15:18:16,14573,14573,14573,2,0
2022-12-12 15:18:23,14573,14573,14573,20,0
2022-12-12 15:18:27,14573,14573,14573,2,0
2022-12-12 15:18:27,14573,14573,14573,2,0
2022-12-12 15:18:27,14573,14573,14573,2,0
2022-12-12 15:18:32,14572,14572,14572,2,-2
2022-12-12 15:18:39,14573,14573,14573,4,4
2022-12-12 15:18:40,14573,14573,14573,2,0
2022-12-12 15:18:46,14572,14572,14572,2,-2
2022-12-12 15:18:46,14572,14572,14572,2,0
2022-12-12 15:18:48,14572,14572,14572,2,0
2022-12-12 15:18:48,14572,14572,14572,2,0
2022-12-12 15:18:48,14572,14572,14572,18,0
2022-12-12 15:18:48,14572,14572,14572,2,0
2022-12-12 15:18:48,14572,14572,14572,18,0
2022-12-12 15:18:48,14572,14572,14572,2,0
2022-12-12 15:18:48,14572,14572,14572,2,0
2022-12-12 15:18:48,14572,14572,14572,2,0
2022-12-12 15:18:48,14572,14572,14572,2,0
2022-12-12 15:18:48,14572,14572,14572,2,0
2022-12-12 15:18:48,14571,14571,14571,4,-4
2022-12-12 15:18:48,14571,14571,14571,2,0
2022-12-12 15:18:48,14571,14571,14571,4,0
2022-12-12 15:18:48,14571,14571,14571,4,0
2022-12-12 15:18:48,14571,14571,14571,2,0
2022-12-12 15:18:48,14571,14571,14571,2,0
2022-12-12 15:18:48,14571,14571,14571,2,0
2022-12-12 15:18:48,14571,14571,14571,2,0
2022-12-12 15:18:48,14571,14571,14571,2,0
2022-12-12 15:18:52,14571,14571,14571,2,0
2022-12-12 15:18:56,14571,14571,14571,2,0
2022-12-12 15:18:57,14570,14570,14570,2,-2
2022-12-12 15:18:57,14570,14570,14570,2,0
2022-12-12 15:19:03,14570,14570,14570,2,0
2022-12-12 15:19:06,14571,14571,14571,2,2
2022-12-12 15:19:12,14572,14572,14572,4,4
2022-12-12 15:19:21,14572,14572,14572,2,0
2022-12-12 15:19:22,14571,14571,14571,2,-2
2022-12-12 15:19:22,14571,14571,14571,2,0
2022-12-12 15:19:22,14571,14571,14571,2,0
2022-12-12 15:19:22,14571,14571,14571,2,0
2022-12-12 15:19:22,14571,14571,14571,2,0
2022-12-12 15:19:22,14571,14571,14571,2,0
2022-12-12 15:19:22,14571,14571,14571,2,0
2022-12-12 15:19:26,14570,14570,14570,2,-2
2022-12-12 15:19:26,14570,14570,14570,2,0
2022-12-12 15:19:26,14570,14570,14570,2,0
2022-12-12 15:19:26,14570,14570,14570,2,0
2022-12-12 15:19:26,14570,14570,14570,2,0
2022-12-12 15:19:26,14570,14570,14570,20,0
2022-12-12 15:19:26,14570,14570,14570,2,0
2022-12-12 15:19:26,14570,14570,14570,2,0
2022-12-12 15:19:26,14570,14570,14570,2,0
2022-12-12 15:19:26,14570,14570,14570,2,0
2022-12-12 15:19:26,14569,14569,14569,2,-2
2022-12-12 15:19:26,14569,14569,14569,2,0
2022-12-12 15:19:26,14569,14569,14569,2,0
2022-12-12 15:19:26,14569,14569,14569,2,0
2022-12-12 15:19:27,14568,14568,14568,2,-2
2022-12-12 15:19:27,14568,14568,14568,2,0
2022-12-12 15:19:27,14568,14568,14568,4,0
2022-12-12 15:19:27,14568,14568,14568,4,0
2022-12-12 15:19:27,14568,14568,14568,26,0
2022-12-12 15:19:27,14568,14568,14568,4,0
2022-12-12 15:19:27,14568,14568,14568,4,0
2022-12-12 15:19:27,14568,14568,14568,2,0
2022-12-12 15:19:27,14568,14568,14568,2,0
2022-12-12 15:19:27,14568,14568,14568,2,0
2022-12-12 15:19:27,14568,14568,14568,2,0
2022-12-12 15:19:27,14568,14568,14568,2,0
2022-12-12 15:19:27,14568,14568,14568,2,0
2022-12-12 15:19:27,14568,14568,14568,2,0
2022-12-12 15:19:27,14567,14567,14567,2,-2
2022-12-12 15:19:27,14567,14567,14567,2,0
2022-12-12 15:19:27,14567,14567,14567,2,0
2022-12-12 15:19:27,14567,14567,14567,2,0
2022-12-12 15:19:27,14567,14567,14567,2,0
2022-12-12 15:19:27,14567,14567,14567,2,0
2022-12-12 15:19:27,14567,14567,14567,6,0
2022-12-12 15:19:27,14567,14567,14567,2,0
2022-12-12 15:19:27,14566,14566,14566,2,-2
2022-12-12 15:19:28,14566,14566,14566,2,0
2022-12-12 15:19:28,14566,14566,14566,2,0
2022-12-12 15:19:32,14566,14566,14566,4,0
2022-12-12 15:19:32,14566,14566,14566,2,0
2022-12-12 15:19:32,14566,14566,14566,4,0
2022-12-12 15:19:32,14566,14566,14566,2,0
2022-12-12 15:19:33,14567,14567,14567,4,4
2022-12-12 15:19:33,14567,14567,14567,2,0
2022-12-12 15:19:35,14567,14567,14567,2,0
2022-12-12 15:19:40,14566,14566,14566,2,-2
2022-12-12 15:19:43,14566,14566,14566,2,0
2022-12-12 15:19:43,14566,14566,14566,2,0
2022-12-12 15:19:44,14566,14566,14566,2,0
2022-12-12 15:19:44,14566,14566,14566,2,0
2022-12-12 15:19:45,14567,14567,14567,2,2
2022-12-12 15:19:46,14566,14566,14566,2,-2
2022-12-12 15:19:46,14567,14567,14567,2,2
2022-12-12 15:19:49,14566,14566,14566,2,-2
2022-12-12 15:19:49,14566,14566,14566,2,0
2022-12-12 15:19:49,14566,14566,14566,2,0
2022-12-12 15:19:53,14567,14567,14567,2,2
2022-12-12 15:19:53,14567,14567,14567,2,0
2022-12-12 15:19:53,14567,14567,14567,2,0
2022-12-12 15:19:54,14569,14569,14569,4,4
2022-12-12 15:19:57,14566,14566,14566,2,-2
2022-12-12 15:19:59,14568,14568,14568,10,10
2022-12-12 15:20:00,14568,14568,14568,2,0
2022-12-12 15:20:00,14568,14568,14568,2,0
2022-12-12 15:20:00,14568,14568,14568,2,0
2022-12-12 15:20:00,14568,14568,14568,2,0
2022-12-12 15:20:01,14567,14567,14567,2,-2
2022-12-12 15:20:01,14567,14567,14567,4,0
2022-12-12 15:20:01,14567,14567,14567,2,0
2022-12-12 15:20:01,14567,14567,14567,2,0
2022-12-12 15:20:01,14567,14567,14567,2,0
2022-12-12 15:20:01,14567,14567,14567,2,0
2022-12-12 15:20:01,14567,14567,14567,4,0
2022-12-12 15:20:04,14566,14566,14566,2,-2
2022-12-12 15:20:04,14566,14566,14566,6,0
2022-12-12 15:20:08,14567,14567,14567,2,2
2022-12-12 15:20:08,14568,14568,14568,4,4
2022-12-12 15:20:09,14567,14567,14567,2,-2
2022-12-12 15:20:09,14567,14567,14567,2,0
2022-12-12 15:20:11,14567,14567,14567,2,0
2022-12-12 15:20:12,14567,14567,14567,2,0
2022-12-12 15:20:12,14567,14567,14567,2,0
2022-12-12 15:20:12,14567,14567,14567,2,0
2022-12-12 15:20:12,14566,14566,14566,2,-2
2022-12-12 15:20:17,14566,14566,14566,2,0
2022-12-12 15:20:18,14566,14566,14566,4,0
2022-12-12 15:20:18,14566,14566,14566,2,0
2022-12-12 15:20:19,14567,14567,14567,2,2
2022-12-12 15:20:21,14566,14566,14566,2,-2
2022-12-12 15:20:21,14567,14567,14567,2,2
2022-12-12 15:20:21,14568,14568,14568,2,2
2022-12-12 15:20:23,14566,14566,14566,2,-2
2022-12-12 15:20:25,14567,14567,14567,2,2
2022-12-12 15:20:25,14567,14567,14567,2,0
2022-12-12 15:20:26,14566,14566,14566,2,-2
2022-12-12 15:20:28,14567,14567,14567,2,2
2022-12-12 15:20:28,14567,14567,14567,2,0
2022-12-12 15:20:29,14568,14568,14568,6,6
2022-12-12 15:20:29,14569,14569,14569,8,8
2022-12-12 15:20:29,14569,14569,14569,2,0
2022-12-12 15:20:29,14569,14569,14569,2,0
2022-12-12 15:20:29,14569,14569,14569,8,0
2022-12-12 15:20:29,14569,14569,14569,4,0
2022-12-12 15:20:30,14570,14570,14570,2,2
2022-12-12 15:20:30,14570,14570,14570,2,0
2022-12-12 15:20:30,14570,14570,14570,4,0
2022-12-12 15:20:30,14569,14569,14569,2,-2
2022-12-12 15:20:30,14569,14569,14569,2,0
2022-12-12 15:20:30,14569,14569,14569,2,0
2022-12-12 15:20:30,14569,14569,14569,2,0
2022-12-12 15:20:30,14569,14569,14569,2,0
2022-12-12 15:20:32,14570,14570,14570,2,2
2022-12-12 15:20:32,14568,14568,14568,2,-2
2022-12-12 15:20:35,14568,14568,14568,2,0
2022-12-12 15:20:35,14568,14568,14568,2,0
2022-12-12 15:20:35,14568,14568,14568,2,0
2022-12-12 15:20:35,14569,14569,14569,2,2
2022-12-12 15:20:48,14568,14568,14568,4,-4
2022-12-12 15:21:02,14568,14568,14568,2,0
2022-12-12 15:21:24,14567,14567,14567,2,-2
2022-12-12 15:21:25,14568,14568,14568,4,4
2022-12-12 15:21:26,14568,14568,14568,4,0
2022-12-12 15:21:31,14568,14568,14568,2,0
2022-12-12 15:21:36,14567,14567,14567,2,-2
2022-12-12 15:21:36,14567,14567,14567,2,0
2022-12-12 15:21:42,14567,14567,14567,2,0
2022-12-12 15:21:48,14567,14567,14567,2,0
2022-12-12 15:21:49,14567,14567,14567,2,0
2022-12-12 15:21:49,14568,14568,14568,2,2
2022-12-12 15:21:58,14568,14568,14568,2,0
2022-12-12 15:22:01,14568,14568,14568,2,0
2022-12-12 15:22:03,14568,14568,14568,2,0
2022-12-12 15:22:04,14568,14568,14568,2,0
2022-12-12 15:22:11,14568,14568,14568,2,0
2022-12-12 15:22:16,14568,14568,14568,2,0
2022-12-12 15:22:17,14568,14568,14568,2,0
2022-12-12 15:22:18,14568,14568,14568,2,0
2022-12-12 15:22:18,14568,14568,14568,4,0
2022-12-12 15:22:20,14569,14569,14569,2,2
2022-12-12 15:22:26,14569,14569,14569,2,0
2022-12-12 15:22:38,14569,14569,14569,2,0
2022-12-12 15:22:38,14569,14569,14569,4,0
2022-12-12 15:22:41,14568,14568,14568,2,-2
2022-12-12 15:22:41,14567,14567,14567,4,-4
2022-12-12 15:22:48,14567,14567,14567,2,0
2022-12-12 15:22:54,14567,14567,14567,2,0
2022-12-12 15:22:54,14567,14567,14567,4,0
2022-12-12 15:22:54,14567,14567,14567,2,0
2022-12-12 15:22:54,14567,14567,14567,2,0
2022-12-12 15:22:54,14567,14567,14567,2,0
2022-12-12 15:22:54,14567,14567,14567,2,0
2022-12-12 15:22:54,14566,14566,14566,2,-2
2022-12-12 15:22:54,14566,14566,14566,2,0
2022-12-12 15:22:54,14566,14566,14566,2,0
2022-12-12 15:22:54,14566,14566,14566,2,0
2022-12-12 15:22:55,14567,14567,14567,2,2
2022-12-12 15:23:13,14568,14568,14568,2,2
2022-12-12 15:23:18,14568,14568,14568,2,0
2022-12-12 15:23:18,14568,14568,14568,2,0
2022-12-12 15:23:22,14567,14567,14567,2,-2
2022-12-12 15:23:24,14568,14568,14568,2,2
2022-12-12 15:23:29,14567,14567,14567,2,-2
2022-12-12 15:23:29,14567,14567,14567,2,0
2022-12-12 15:23:29,14567,14567,14567,2,0
2022-12-12 15:23:29,14567,14567,14567,2,0
2022-12-12 15:23:29,14567,14567,14567,2,0
2022-12-12 15:23:49,14568,14568,14568,2,2
2022-12-12 15:23:51,14568,14568,14568,2,0
2022-12-12 15:23:59,14568,14568,14568,2,0
2022-12-12 15:24:00,14568,14568,14568,2,0
2022-12-12 15:24:00,14568,14568,14568,2,0
2022-12-12 15:24:01,14567,14567,14567,2,-2
2022-12-12 15:24:01,14567,14567,14567,2,0
2022-12-12 15:24:01,14567,14567,14567,2,0
2022-12-12 15:24:01,14567,14567,14567,2,0
2022-12-12 15:24:04,14569,14569,14569,2,2
2022-12-12 15:24:06,14569,14569,14569,2,0
2022-12-12 15:24:10,14569,14569,14569,2,0
2022-12-12 15:24:17,14569,14569,14569,2,0
2022-12-12 15:24:27,14569,14569,14569,4,0
2022-12-12 15:24:27,14569,14569,14569,2,0
2022-12-12 15:24:32,14569,14569,14569,2,0
2022-12-12 15:24:39,14570,14570,14570,2,2
2022-12-12 15:24:39,14570,14570,14570,2,0
2022-12-12 15:24:39,14570,14570,14570,2,0
2022-12-12 15:24:39,14570,14570,14570,2,0
2022-12-12 15:24:39,14570,14570,14570,2,0
2022-12-12 15:24:39,14570,14570,14570,2,0
2022-12-12 15:24:40,14571,14571,14571,4,4
2022-12-12 15:24:40,14571,14571,14571,2,0
2022-12-12 15:24:40,14571,14571,14571,6,0
2022-12-12 15:24:41,14571,14571,14571,2,0
2022-12-12 15:24:41,14571,14571,14571,2,0
2022-12-12 15:24:42,14572,14572,14572,2,2
2022-12-12 15:24:48,14571,14571,14571,2,-2
2022-12-12 15:24:48,14571,14571,14571,4,0
2022-12-12 15:24:58,14570,14570,14570,2,-2
2022-12-12 15:24:58,14570,14570,14570,2,0
2022-12-12 15:24:58,14571,14571,14571,2,2
2022-12-12 15:25:00,14571,14571,14571,2,0
2022-12-12 15:25:00,14570,14570,14570,2,-2
2022-12-12 15:25:00,14570,14570,14570,2,0
2022-12-12 15:25:10,14569,14569,14569,2,-2
2022-12-12 15:25:11,14568,14568,14568,2,-2
2022-12-12 15:25:11,14568,14568,14568,4,0
2022-12-12 15:25:11,14568,14568,14568,2,0
2022-12-12 15:25:11,14568,14568,14568,2,0
2022-12-12 15:25:11,14568,14568,14568,2,0
2022-12-12 15:25:11,14568,14568,14568,2,0
2022-12-12 15:25:11,14568,14568,14568,2,0
2022-12-12 15:25:11,14567,14567,14567,2,-2
2022-12-12 15:25:11,14567,14567,14567,2,0
2022-12-12 15:25:11,14567,14567,14567,2,0
2022-12-12 15:25:11,14568,14568,14568,2,2
2022-12-12 15:25:28,14568,14568,14568,2,0
2022-12-12 15:25:30,14568,14568,14568,2,0
2022-12-12 15:25:30,14567,14567,14567,2,-2
2022-12-12 15:25:30,14567,14567,14567,4,0
2022-12-12 15:25:33,14567,14567,14567,2,0
2022-12-12 15:25:37,14567,14567,14567,2,0
2022-12-12 15:25:39,14568,14568,14568,2,2
2022-12-12 15:25:39,14569,14569,14569,2,2
2022-12-12 15:25:39,14569,14569,14569,4,0
2022-12-12 15:25:40,14570,14570,14570,2,2
2022-12-12 15:25:40,14572,14572,14572,14,14
2022-12-12 15:26:03,14571,14571,14571,2,-2
2022-12-12 15:26:05,14571,14571,14571,2,0
2022-12-12 15:26:05,14572,14572,14572,6,6
2022-12-12 15:26:15,14571,14571,14571,2,-2
2022-12-12 15:26:30,14572,14572,14572,10,10
2022-12-12 15:26:34,14572,14572,14572,2,0
2022-12-12 15:26:40,14572,14572,14572,4,0
2022-12-12 15:26:40,14572,14572,14572,2,0
2022-12-12 15:26:42,14570,14570,14570,2,-2
2022-12-12 15:26:42,14570,14570,14570,2,0
2022-12-12 15:26:52,14571,14571,14571,4,4
2022-12-12 15:26:57,14572,14572,14572,2,2
2022-12-12 15:27:00,14572,14572,14572,2,0
2022-12-12 15:27:20,14572,14572,14572,6,0
2022-12-12 15:27:29,14572,14572,14572,4,0
2022-12-12 15:27:32,14571,14571,14571,2,-2
2022-12-12 15:27:32,14571,14571,14571,8,0
2022-12-12 15:27:32,14571,14571,14571,2,0
2022-12-12 15:27:32,14571,14571,14571,2,0
2022-12-12 15:27:39,14571,14571,14571,4,0
2022-12-12 15:28:00,14572,14572,14572,4,4
2022-12-12 15:28:01,14570,14570,14570,2,-2
2022-12-12 15:28:06,14571,14571,14571,2,2
2022-12-12 15:28:15,14571,14571,14571,2,0
2022-12-12 15:28:19,14573,14573,14573,2,2
2022-12-12 15:28:19,14573,14573,14573,2,0
2022-12-12 15:28:19,14573,14573,14573,10,0
2022-12-12 15:28:20,14574,14574,14574,2,2
2022-12-12 15:28:20,14574,14574,14574,2,0
2022-12-12 15:28:20,14574,14574,14574,4,0
2022-12-12 15:28:20,14574,14574,14574,2,0
2022-12-12 15:28:27,14574,14574,14574,4,0
2022-12-12 15:28:27,14574,14574,14574,10,0
2022-12-12 15:28:34,14575,14575,14575,8,8
2022-12-12 15:28:35,14574,14574,14574,2,-2
2022-12-12 15:28:39,14575,14575,14575,2,2
2022-12-12 15:28:39,14575,14575,14575,2,0
2022-12-12 15:28:40,14575,14575,14575,6,0
2022-12-12 15:28:41,14575,14575,14575,2,0
2022-12-12 15:28:42,14575,14575,14575,2,0
2022-12-12 15:28:42,14576,14576,14576,8,8
2022-12-12 15:28:43,14576,14576,14576,2,0
2022-12-12 15:28:43,14577,14577,14577,6,6
2022-12-12 15:28:43,14577,14577,14577,2,0
2022-12-12 15:28:44,14576,14576,14576,2,-2
2022-12-12 15:28:46,14577,14577,14577,2,2
2022-12-12 15:28:46,14578,14578,14578,2,2
2022-12-12 15:28:46,14578,14578,14578,2,0
2022-12-12 15:28:46,14578,14578,14578,2,0
2022-12-12 15:28:47,14579,14579,14579,2,2
2022-12-12 15:28:47,14579,14579,14579,2,0
2022-12-12 15:28:47,14579,14579,14579,4,0
2022-12-12 15:28:48,14580,14580,14580,2,2
2022-12-12 15:28:48,14580,14580,14580,2,0
2022-12-12 15:28:53,14581,14581,14581,2,2
2022-12-12 15:28:53,14581,14581,14581,8,0
2022-12-12 15:28:53,14580,14580,14580,2,-2
2022-12-12 15:28:53,14580,14580,14580,2,0
2022-12-12 15:28:57,14580,14580,14580,2,0
2022-12-12 15:28:57,14580,14580,14580,4,0
2022-12-12 15:28:57,14580,14580,14580,2,0
2022-12-12 15:28:57,14580,14580,14580,2,0
2022-12-12 15:28:57,14581,14581,14581,4,4
2022-12-12 15:28:58,14581,14581,14581,2,0
2022-12-12 15:28:59,14579,14579,14579,2,-2
2022-12-12 15:29:00,14579,14579,14579,2,0
2022-12-12 15:29:01,14579,14579,14579,2,0
2022-12-12 15:29:03,14579,14579,14579,2,0
2022-12-12 15:29:06,14580,14580,14580,2,2
2022-12-12 15:29:20,14580,14580,14580,6,0
2022-12-12 15:29:21,14580,14580,14580,4,0
2022-12-12 15:29:24,14581,14581,14581,2,2
2022-12-12 15:29:25,14581,14581,14581,2,0
2022-12-12 15:29:25,14581,14581,14581,2,0
2022-12-12 15:29:29,14582,14582,14582,2,2
2022-12-12 15:29:29,14582,14582,14582,2,0
2022-12-12 15:29:30,14581,14581,14581,2,-2
2022-12-12 15:29:30,14581,14581,14581,2,0
2022-12-12 15:29:50,14581,14581,14581,2,0
2022-12-12 15:29:51,14581,14581,14581,2,0
2022-12-12 15:29:58,14580,14580,14580,4,-4
2022-12-12 15:29:59,14581,14581,14581,2,2
2022-12-12 15:30:02,14580,14580,14580,6,-6
2022-12-12 15:30:02,14580,14580,14580,2,0
2022-12-12 15:30:02,14580,14580,14580,2,0
2022-12-12 15:30:02,14580,14580,14580,2,0
2022-12-12 15:30:02,14579,14579,14579,2,-2
2022-12-12 15:30:02,14579,14579,14579,2,0
2022-12-12 15:30:02,14578,14578,14578,2,-2
2022-12-12 15:30:12,14580,14580,14580,2,2
2022-12-12 15:30:13,14580,14580,14580,2,0
2022-12-12 15:30:13,14580,14580,14580,2,0
2022-12-12 15:30:16,14580,14580,14580,2,0
2022-12-12 15:30:16,14580,14580,14580,2,0
2022-12-12 15:30:29,14580,14580,14580,2,0
2022-12-12 15:30:30,14580,14580,14580,2,0
2022-12-12 15:30:30,14580,14580,14580,2,0
2022-12-12 15:30:35,14580,14580,14580,2,0
2022-12-12 15:30:38,14580,14580,14580,2,0
2022-12-12 15:30:46,14580,14580,14580,2,0
2022-12-12 15:30:52,14580,14580,14580,2,0
2022-12-12 15:30:53,14580,14580,14580,2,0
2022-12-12 15:30:55,14580,14580,14580,4,0
2022-12-12 15:30:56,14580,14580,14580,2,0
2022-12-12 15:31:10,14581,14581,14581,2,2
2022-12-12 15:31:13,14581,14581,14581,2,0
2022-12-12 15:31:17,14581,14581,14581,4,0
2022-12-12 15:31:19,14582,14582,14582,2,2
2022-12-12 15:31:19,14581,14581,14581,2,-2
2022-12-12 15:31:24,14582,14582,14582,2,2
2022-12-12 15:31:28,14581,14581,14581,8,-8
2022-12-12 15:31:32,14582,14582,14582,2,2
2022-12-12 15:31:35,14582,14582,14582,12,0
2022-12-12 15:31:36,14582,14582,14582,12,0
2022-12-12 15:31:37,14582,14582,14582,8,0
2022-12-12 15:31:41,14581,14581,14581,2,-2
2022-12-12 15:31:43,14582,14582,14582,2,2
2022-12-12 15:31:48,14582,14582,14582,10,0
2022-12-12 15:31:52,14583,14583,14583,8,8
2022-12-12 15:31:57,14581,14581,14581,2,-2
2022-12-12 15:31:59,14583,14583,14583,10,10
2022-12-12 15:32:05,14583,14583,14583,2,0
2022-12-12 15:32:08,14583,14583,14583,6,0
2022-12-12 15:32:15,14582,14582,14582,2,-2
2022-12-12 15:32:16,14583,14583,14583,2,2
2022-12-12 15:32:17,14583,14583,14583,2,0
2022-12-12 15:32:18,14583,14583,14583,2,0
2022-12-12 15:32:18,14581,14581,14581,2,-2
2022-12-12 15:32:18,14581,14581,14581,2,0
2022-12-12 15:32:27,14582,14582,14582,2,2
2022-12-12 15:32:35,14582,14582,14582,2,0
2022-12-12 15:32:51,14582,14582,14582,2,0
2022-12-12 15:32:54,14581,14581,14581,2,-2
2022-12-12 15:33:14,14582,14582,14582,2,2
2022-12-12 15:33:14,14582,14582,14582,2,0
2022-12-12 15:33:14,14582,14582,14582,2,0
2022-12-12 15:33:14,14582,14582,14582,2,0
2022-12-12 15:33:20,14583,14583,14583,2,2
2022-12-12 15:33:25,14581,14581,14581,10,-10
2022-12-12 15:33:25,14581,14581,14581,2,0
2022-12-12 15:33:25,14581,14581,14581,4,0
2022-12-12 15:33:25,14581,14581,14581,2,0
2022-12-12 15:33:25,14581,14581,14581,2,0
2022-12-12 15:33:25,14581,14581,14581,2,0
2022-12-12 15:33:26,14580,14580,14580,2,-2
2022-12-12 15:33:26,14580,14580,14580,2,0
2022-12-12 15:33:26,14580,14580,14580,4,0
2022-12-12 15:33:26,14580,14580,14580,2,0
2022-12-12 15:33:26,14580,14580,14580,2,0
2022-12-12 15:33:26,14580,14580,14580,2,0
2022-12-12 15:33:26,14580,14580,14580,2,0
2022-12-12 15:33:56,14581,14581,14581,2,2
2022-12-12 15:33:56,14581,14581,14581,2,0
2022-12-12 15:34:16,14580,14580,14580,2,-2
2022-12-12 15:34:25,14580,14580,14580,2,0
2022-12-12 15:34:25,14580,14580,14580,2,0
2022-12-12 15:34:25,14580,14580,14580,2,0
2022-12-12 15:34:39,14580,14580,14580,2,0
2022-12-12 15:34:46,14579,14579,14579,2,-2
2022-12-12 15:34:46,14579,14579,14579,2,0
2022-12-12 15:34:46,14579,14579,14579,10,0
2022-12-12 15:34:46,14579,14579,14579,6,0
2022-12-12 15:34:46,14579,14579,14579,10,0
2022-12-12 15:34:59,14578,14578,14578,2,-2
2022-12-12 15:35:00,14578,14578,14578,2,0
2022-12-12 15:35:01,14578,14578,14578,2,0
2022-12-12 15:35:01,14578,14578,14578,10,0
2022-12-12 15:35:01,14578,14578,14578,2,0
2022-12-12 15:35:01,14578,14578,14578,2,0
2022-12-12 15:35:05,14578,14578,14578,2,0
2022-12-12 15:35:06,14577,14577,14577,2,-2
2022-12-12 15:35:12,14578,14578,14578,2,2
2022-12-12 15:35:12,14579,14579,14579,28,28
2022-12-12 15:35:12,14579,14579,14579,10,0
2022-12-12 15:35:20,14580,14580,14580,2,2
2022-12-12 15:35:22,14579,14579,14579,4,-4
2022-12-12 15:35:23,14579,14579,14579,2,0
2022-12-12 15:35:24,14579,14579,14579,2,0
2022-12-12 15:35:28,14579,14579,14579,2,0
2022-12-12 15:35:39,14580,14580,14580,2,2
2022-12-12 15:35:42,14578,14578,14578,2,-2
2022-12-12 15:35:44,14578,14578,14578,2,0
2022-12-12 15:35:48,14579,14579,14579,2,2
2022-12-12 15:36:01,14577,14577,14577,2,-2
2022-12-12 15:36:01,14577,14577,14577,2,0
2022-12-12 15:36:01,14577,14577,14577,2,0
2022-12-12 15:36:01,14577,14577,14577,2,0
2022-12-12 15:36:10,14576,14576,14576,2,-2
2022-12-12 15:36:10,14575,14575,14575,2,-2
2022-12-12 15:36:10,14575,14575,14575,2,0
2022-12-12 15:36:13,14575,14575,14575,2,0
2022-12-12 15:36:16,14575,14575,14575,2,0
2022-12-12 15:36:26,14576,14576,14576,2,2
2022-12-12 15:36:41,14576,14576,14576,2,0
2022-12-12 15:37:04,14575,14575,14575,2,-2
2022-12-12 15:37:04,14575,14575,14575,2,0
2022-12-12 15:37:04,14575,14575,14575,2,0
2022-12-12 15:37:04,14575,14575,14575,2,0
2022-12-12 15:37:11,14575,14575,14575,2,0
2022-12-12 15:37:13,14575,14575,14575,2,0
2022-12-12 15:37:14,14575,14575,14575,2,0
2022-12-12 15:37:20,14575,14575,14575,2,0
2022-12-12 15:37:20,14575,14575,14575,2,0
2022-12-12 15:37:25,14576,14576,14576,2,2
2022-12-12 15:37:25,14576,14576,14576,2,0
2022-12-12 15:37:25,14576,14576,14576,20,0
2022-12-12 15:37:28,14576,14576,14576,2,0
2022-12-12 15:37:28,14576,14576,14576,2,0
2022-12-12 15:37:34,14575,14575,14575,2,-2
2022-12-12 15:37:34,14575,14575,14575,4,0
2022-12-12 15:37:34,14575,14575,14575,2,0
2022-12-12 15:37:41,14576,14576,14576,2,2
2022-12-12 15:37:41,14576,14576,14576,2,0
2022-12-12 15:37:46,14575,14575,14575,2,-2
2022-12-12 15:37:48,14576,14576,14576,10,10
2022-12-12 15:37:48,14577,14577,14577,10,10
2022-12-12 15:37:58,14577,14577,14577,10,0
2022-12-12 15:37:59,14575,14575,14575,2,-2
2022-12-12 15:37:59,14575,14575,14575,2,0
2022-12-12 15:37:59,14575,14575,14575,2,0
2022-12-12 15:37:59,14575,14575,14575,2,0
2022-12-12 15:37:59,14575,14575,14575,2,0
2022-12-12 15:37:59,14575,14575,14575,4,0
2022-12-12 15:37:59,14575,14575,14575,2,0
2022-12-12 15:37:59,14575,14575,14575,2,0
2022-12-12 15:37:59,14575,14575,14575,2,0
2022-12-12 15:37:59,14575,14575,14575,2,0
2022-12-12 15:37:59,14575,14575,14575,2,0
2022-12-12 15:37:59,14575,14575,14575,2,0
2022-12-12 15:37:59,14575,14575,14575,2,0
2022-12-12 15:37:59,14575,14575,14575,2,0
2022-12-12 15:38:00,14575,14575,14575,2,0
2022-12-12 15:38:01,14574,14574,14574,2,-2
2022-12-12 15:38:08,14575,14575,14575,2,2
2022-12-12 15:38:15,14575,14575,14575,2,0
2022-12-12 15:38:15,14575,14575,14575,2,0
2022-12-12 15:38:16,14574,14574,14574,2,-2
2022-12-12 15:38:22,14575,14575,14575,2,2
2022-12-12 15:38:55,14574,14574,14574,2,-2
2022-12-12 15:38:55,14574,14574,14574,2,0
2022-12-12 15:38:55,14574,14574,14574,2,0
2022-12-12 15:38:55,14574,14574,14574,2,0
2022-12-12 15:38:55,14574,14574,14574,4,0
2022-12-12 15:39:06,14574,14574,14574,2,0
2022-12-12 15:39:06,14574,14574,14574,2,0
2022-12-12 15:39:27,14574,14574,14574,2,0
2022-12-12 15:39:30,14574,14574,14574,2,0
2022-12-12 15:39:38,14574,14574,14574,2,0
2022-12-12 15:39:42,14573,14573,14573,2,-2
2022-12-12 15:39:42,14573,14573,14573,2,0
2022-12-12 15:39:48,14573,14573,14573,2,0
2022-12-12 15:39:48,14573,14573,14573,2,0
2022-12-12 15:39:48,14573,14573,14573,4,0
2022-12-12 15:39:50,14572,14572,14572,2,-2
2022-12-12 15:39:50,14572,14572,14572,2,0
2022-12-12 15:39:54,14573,14573,14573,6,6
2022-12-12 15:40:00,14574,14574,14574,2,2
2022-12-12 15:40:00,14575,14575,14575,2,2
2022-12-12 15:40:00,14575,14575,14575,6,0
2022-12-12 15:40:00,14576,14576,14576,2,2
2022-12-12 15:40:00,14577,14577,14577,2,2
2022-12-12 15:40:00,14578,14578,14578,2,2
2022-12-12 15:40:00,14578,14578,14578,2,0
2022-12-12 15:40:00,14578,14578,14578,2,0
2022-12-12 15:40:01,14576,14576,14576,2,-2
2022-12-12 15:40:02,14577,14577,14577,2,2
2022-12-12 15:40:06,14576,14576,14576,2,-2
2022-12-12 15:40:11,14576,14576,14576,10,0
2022-12-12 15:40:14,14575,14575,14575,2,-2
2022-12-12 15:40:14,14575,14575,14575,2,0
2022-12-12 15:40:17,14574,14574,14574,2,-2
2022-12-12 15:40:29,14573,14573,14573,2,-2
2022-12-12 15:40:35,14573,14573,14573,2,0
2022-12-12 15:40:37,14572,14572,14572,4,-4
2022-12-12 15:40:37,14572,14572,14572,2,0
2022-12-12 15:40:37,14572,14572,14572,2,0
2022-12-12 15:40:37,14572,14572,14572,2,0
2022-12-12 15:40:37,14572,14572,14572,2,0
2022-12-12 15:40:37,14572,14572,14572,2,0
2022-12-12 15:40:37,14572,14572,14572,2,0
2022-12-12 15:40:37,14572,14572,14572,2,0
2022-12-12 15:40:37,14572,14572,14572,2,0
2022-12-12 15:40:42,14572,14572,14572,2,0
2022-12-12 15:40:42,14572,14572,14572,2,0
2022-12-12 15:40:42,14572,14572,14572,2,0
2022-12-12 15:40:42,14572,14572,14572,2,0
2022-12-12 15:40:42,14572,14572,14572,4,0
2022-12-12 15:40:42,14572,14572,14572,2,0
2022-12-12 15:40:42,14572,14572,14572,2,0
2022-12-12 15:40:42,14572,14572,14572,2,0
2022-12-12 15:40:45,14573,14573,14573,4,4
2022-12-12 15:40:45,14573,14573,14573,6,0
2022-12-12 15:40:45,14573,14573,14573,4,0
2022-12-12 15:40:49,14574,14574,14574,2,2
2022-12-12 15:41:10,14574,14574,14574,12,0
2022-12-12 15:41:10,14574,14574,14574,14,0
2022-12-12 15:41:10,14574,14574,14574,2,0
2022-12-12 15:41:10,14574,14574,14574,2,0
2022-12-12 15:41:21,14575,14575,14575,2,2
2022-12-12 15:41:38,14575,14575,14575,2,0
2022-12-12 15:41:43,14574,14574,14574,2,-2
2022-12-12 15:41:43,14574,14574,14574,2,0
2022-12-12 15:41:43,14574,14574,14574,2,0
2022-12-12 15:41:43,14574,14574,14574,2,0
2022-12-12 15:41:43,14574,14574,14574,2,0
2022-12-12 15:41:43,14574,14574,14574,6,0
2022-12-12 15:41:43,14575,14575,14575,2,2
2022-12-12 15:42:00,14576,14576,14576,2,2
2022-12-12 15:42:00,14576,14576,14576,2,0
2022-12-12 15:42:00,14577,14577,14577,2,2
2022-12-12 15:42:00,14577,14577,14577,2,0
2022-12-12 15:42:00,14577,14577,14577,6,0
2022-12-12 15:42:00,14578,14578,14578,6,6
2022-12-12 15:42:07,14578,14578,14578,2,0
2022-12-12 15:42:12,14578,14578,14578,2,0
2022-12-12 15:42:12,14578,14578,14578,2,0
2022-12-12 15:42:13,14579,14579,14579,2,2
2022-12-12 15:42:13,14579,14579,14579,2,0
2022-12-12 15:42:20,14580,14580,14580,6,6
2022-12-12 15:42:22,14580,14580,14580,2,0
2022-12-12 15:42:29,14580,14580,14580,2,0
2022-12-12 15:42:39,14579,14579,14579,4,-4
2022-12-12 15:42:39,14579,14579,14579,2,0
2022-12-12 15:42:39,14579,14579,14579,4,0
2022-12-12 15:42:42,14579,14579,14579,2,0
2022-12-12 15:42:51,14578,14578,14578,2,-2
2022-12-12 15:42:58,14577,14577,14577,2,-2
2022-12-12 15:43:19,14577,14577,14577,2,0
2022-12-12 15:43:19,14577,14577,14577,2,0
2022-12-12 15:43:19,14577,14577,14577,2,0
2022-12-12 15:43:31,14578,14578,14578,2,2
2022-12-12 15:43:40,14578,14578,14578,2,0
2022-12-12 15:43:40,14578,14578,14578,2,0
2022-12-12 15:43:42,14578,14578,14578,2,0
2022-12-12 15:43:43,14578,14578,14578,2,0
2022-12-12 15:43:44,14578,14578,14578,2,0
2022-12-12 15:43:45,14578,14578,14578,2,0
2022-12-12 15:43:52,14578,14578,14578,2,0
2022-12-12 15:43:52,14578,14578,14578,2,0
2022-12-12 15:44:00,14579,14579,14579,6,6
2022-12-12 15:44:00,14578,14578,14578,2,-2
2022-12-12 15:44:06,14579,14579,14579,4,4
2022-12-12 15:44:22,14579,14579,14579,2,0
2022-12-12 15:44:23,14579,14579,14579,2,0
2022-12-12 15:44:32,14580,14580,14580,36,36
2022-12-12 15:44:35,14581,14581,14581,4,4
2022-12-12 15:44:36,14580,14580,14580,2,-2
2022-12-12 15:44:36,14580,14580,14580,2,0
2022-12-12 15:44:36,14580,14580,14580,2,0
2022-12-12 15:44:36,14580,14580,14580,2,0
2022-12-12 15:44:40,14581,14581,14581,2,2
2022-12-12 15:44:40,14580,14580,14580,2,-2
2022-12-12 15:44:44,14581,14581,14581,2,2
2022-12-12 15:44:45,14581,14581,14581,2,0
2022-12-12 15:44:48,14580,14580,14580,2,-2
2022-12-12 15:44:49,14581,14581,14581,4,4
2022-12-12 15:44:51,14580,14580,14580,2,-2
2022-12-12 15:44:51,14580,14580,14580,2,0
2022-12-12 15:44:56,14579,14579,14579,2,-2
2022-12-12 15:45:01,14580,14580,14580,14,14
2022-12-12 15:45:01,14581,14581,14581,52,52
2022-12-12 15:45:01,14582,14582,14582,4,4
2022-12-12 15:45:18,14581,14581,14581,2,-2
2022-12-12 15:45:21,14582,14582,14582,2,2
2022-12-12 15:45:33,14581,14581,14581,2,-2
2022-12-12 15:45:33,14581,14581,14581,2,0
2022-12-12 15:45:33,14581,14581,14581,4,0
2022-12-12 15:45:33,14581,14581,14581,2,0
2022-12-12 15:45:33,14581,14581,14581,2,0
2022-12-12 15:45:33,14581,14581,14581,2,0
2022-12-12 15:45:58,14581,14581,14581,2,0
2022-12-12 15:45:59,14581,14581,14581,2,0
2022-12-12 15:46:10,14582,14582,14582,2,2
2022-12-12 15:46:16,14581,14581,14581,2,-2
2022-12-12 15:46:20,14581,14581,14581,2,0
2022-12-12 15:46:33,14580,14580,14580,4,-4
2022-12-12 15:46:33,14580,14580,14580,2,0
2022-12-12 15:46:33,14580,14580,14580,2,0
2022-12-12 15:46:33,14580,14580,14580,2,0
2022-12-12 15:46:33,14580,14580,14580,2,0
2022-12-12 15:46:45,14581,14581,14581,2,2
2022-12-12 15:47:17,14581,14581,14581,2,0
2022-12-12 15:47:18,14581,14581,14581,2,0
2022-12-12 15:47:19,14582,14582,14582,2,2
2022-12-12 15:47:20,14582,14582,14582,2,0
2022-12-12 15:47:24,14581,14581,14581,2,-2
2022-12-12 15:47:40,14582,14582,14582,2,2
2022-12-12 15:47:44,14582,14582,14582,8,0
2022-12-12 15:47:47,14582,14582,14582,4,0
2022-12-12 15:47:48,14582,14582,14582,2,0
2022-12-12 15:47:49,14583,14583,14583,2,2
2022-12-12 15:47:54,14583,14583,14583,2,0
2022-12-12 15:47:59,14583,14583,14583,2,0
2022-12-12 15:48:12,14584,14584,14584,2,2
2022-12-12 15:48:12,14584,14584,14584,2,0
2022-12-12 15:48:13,14583,14583,14583,2,-2
2022-12-12 15:48:13,14582,14582,14582,2,-2
2022-12-12 15:48:13,14582,14582,14582,2,0
2022-12-12 15:48:13,14582,14582,14582,2,0
2022-12-12 15:48:13,14582,14582,14582,2,0
2022-12-12 15:48:13,14582,14582,14582,4,0
2022-12-12 15:48:20,14583,14583,14583,2,2
2022-12-12 15:48:33,14583,14583,14583,2,0
2022-12-12 15:48:37,14583,14583,14583,2,0
2022-12-12 15:48:37,14583,14583,14583,2,0
2022-12-12 15:48:55,14583,14583,14583,2,0
2022-12-12 15:48:55,14583,14583,14583,2,0
2022-12-12 15:48:55,14583,14583,14583,6,0
2022-12-12 15:48:55,14583,14583,14583,2,0
2022-12-12 15:49:00,14583,14583,14583,4,0
2022-12-12 15:49:02,14584,14584,14584,4,4
2022-12-12 15:49:03,14583,14583,14583,2,-2
2022-12-12 15:49:04,14583,14583,14583,2,0
2022-12-12 15:49:06,14583,14583,14583,2,0
2022-12-12 15:49:08,14583,14583,14583,2,0
2022-12-12 15:49:08,14583,14583,14583,2,0
2022-12-12 15:49:18,14583,14583,14583,2,0
2022-12-12 15:49:30,14582,14582,14582,2,-2
2022-12-12 15:49:30,14582,14582,14582,2,0
2022-12-12 15:49:30,14582,14582,14582,2,0
2022-12-12 15:49:36,14582,14582,14582,2,0
2022-12-12 15:49:42,14580,14580,14580,2,-2
2022-12-12 15:49:53,14580,14580,14580,2,0
2022-12-12 15:49:56,14580,14580,14580,2,0
2022-12-12 15:49:56,14580,14580,14580,2,0
2022-12-12 15:49:56,14580,14580,14580,2,0
2022-12-12 15:50:08,14580,14580,14580,2,0
2022-12-12 15:50:24,14580,14580,14580,2,0
2022-12-12 15:50:24,14580,14580,14580,2,0
2022-12-12 15:50:48,14580,14580,14580,2,0
2022-12-12 15:51:00,14580,14580,14580,2,0
2022-12-12 15:51:08,14580,14580,14580,2,0
2022-12-12 15:51:20,14581,14581,14581,2,2
2022-12-12 15:51:24,14580,14580,14580,2,-2
2022-12-12 15:51:24,14580,14580,14580,2,0
2022-12-12 15:51:27,14580,14580,14580,2,0
2022-12-12 15:51:28,14579,14579,14579,2,-2
2022-12-12 15:51:28,14579,14579,14579,2,0
2022-12-12 15:51:29,14578,14578,14578,2,-2
2022-12-12 15:51:29,14578,14578,14578,2,0
2022-12-12 15:51:30,14578,14578,14578,2,0
2022-12-12 15:51:30,14578,14578,14578,2,0
2022-12-12 15:51:30,14578,14578,14578,2,0
2022-12-12 15:51:35,14579,14579,14579,2,2
2022-12-12 15:51:35,14579,14579,14579,2,0
2022-12-12 15:51:53,14578,14578,14578,2,-2
2022-12-12 15:51:53,14578,14578,14578,2,0
2022-12-12 15:51:53,14578,14578,14578,2,0
2022-12-12 15:51:53,14578,14578,14578,2,0
2022-12-12 15:51:53,14578,14578,14578,2,0
2022-12-12 15:51:53,14578,14578,14578,2,0
2022-12-12 15:51:53,14578,14578,14578,2,0
2022-12-12 15:51:53,14578,14578,14578,2,0
2022-12-12 15:51:59,14577,14577,14577,4,-4
2022-12-12 15:52:00,14577,14577,14577,2,0
2022-12-12 15:52:11,14576,14576,14576,2,-2
2022-12-12 15:52:14,14576,14576,14576,2,0
2022-12-12 15:52:25,14577,14577,14577,2,2
2022-12-12 15:52:26,14577,14577,14577,2,0
2022-12-12 15:52:36,14578,14578,14578,2,2
2022-12-12 15:52:36,14578,14578,14578,2,0
2022-12-12 15:52:53,14578,14578,14578,2,0
2022-12-12 15:52:57,14578,14578,14578,2,0
2022-12-12 15:53:30,14578,14578,14578,8,0
2022-12-12 15:53:47,14579,14579,14579,2,2
2022-12-12 15:53:47,14579,14579,14579,4,0
2022-12-12 15:54:07,14578,14578,14578,2,-2
2022-12-12 15:54:12,14579,14579,14579,8,8
2022-12-12 15:54:23,14579,14579,14579,2,0
2022-12-12 15:54:44,14579,14579,14579,2,0
2022-12-12 15:55:14,14579,14579,14579,2,0
2022-12-12 15:55:20,14580,14580,14580,2,2
2022-12-12 15:55:41,14579,14579,14579,2,-2
2022-12-12 15:55:56,14578,14578,14578,4,-4
2022-12-12 15:55:56,14578,14578,14578,6,0
2022-12-12 15:55:56,14578,14578,14578,6,0
2022-12-12 15:55:56,14578,14578,14578,2,0
2022-12-12 15:55:56,14578,14578,14578,2,0
2022-12-12 15:55:56,14578,14578,14578,2,0
2022-12-12 15:55:56,14578,14578,14578,8,0
2022-12-12 15:55:56,14578,14578,14578,10,0
2022-12-12 15:55:56,14578,14578,14578,2,0
2022-12-12 15:55:56,14578,14578,14578,2,0
2022-12-12 15:55:56,14578,14578,14578,2,0
2022-12-12 15:55:56,14578,14578,14578,24,0
2022-12-12 15:56:01,14577,14577,14577,2,-2
2022-12-12 15:56:09,14577,14577,14577,2,0
2022-12-12 15:56:26,14577,14577,14577,2,0
2022-12-12 15:56:26,14577,14577,14577,4,0
2022-12-12 15:56:40,14576,14576,14576,2,-2
2022-12-12 15:56:40,14576,14576,14576,2,0
2022-12-12 15:56:44,14577,14577,14577,14,14
2022-12-12 15:56:46,14577,14577,14577,2,0
2022-12-12 15:56:49,14578,14578,14578,2,2
2022-12-12 15:56:49,14578,14578,14578,2,0
2022-12-12 15:56:49,14578,14578,14578,2,0
2022-12-12 15:56:49,14578,14578,14578,4,0
2022-12-12 15:56:49,14578,14578,14578,2,0
2022-12-12 15:57:00,14579,14579,14579,2,2
2022-12-12 15:57:00,14579,14579,14579,2,0
2022-12-12 15:57:00,14579,14579,14579,8,0
2022-12-12 15:57:02,14578,14578,14578,4,-4
2022-12-12 15:58:28,14578,14578,14578,2,0
2022-12-12 15:58:46,14577,14577,14577,2,-2
2022-12-12 15:58:47,14576,14576,14576,2,-2
2022-12-12 15:58:47,14576,14576,14576,2,0
2022-12-12 15:58:47,14576,14576,14576,2,0
2022-12-12 15:58:47,14576,14576,14576,2,0
2022-12-12 15:58:50,14575,14575,14575,2,-2
2022-12-12 15:58:50,14575,14575,14575,2,0
2022-12-12 15:58:50,14575,14575,14575,2,0
2022-12-12 15:58:50,14575,14575,14575,2,0
2022-12-12 15:58:50,14575,14575,14575,2,0
2022-12-12 15:58:50,14574,14574,14574,2,-2
2022-12-12 15:58:50,14574,14574,14574,2,0
2022-12-12 15:58:50,14574,14574,14574,2,0
2022-12-12 15:58:50,14574,14574,14574,2,0
2022-12-12 15:58:50,14574,14574,14574,2,0
2022-12-12 15:58:50,14574,14574,14574,6,0
2022-12-12 15:58:50,14574,14574,14574,2,0
2022-12-12 15:58:50,14574,14574,14574,2,0
2022-12-12 15:58:51,14574,14574,14574,2,0
2022-12-12 15:59:09,14574,14574,14574,2,0
2022-12-12 15:59:09,14574,14574,14574,2,0
2022-12-12 15:59:09,14574,14574,14574,2,0
2022-12-12 15:59:09,14574,14574,14574,4,0
2022-12-12 15:59:11,14574,14574,14574,2,0
2022-12-12 15:59:11,14574,14574,14574,2,0
2022-12-12 15:59:11,14574,14574,14574,2,0
2022-12-12 15:59:11,14573,14573,14573,2,-2
2022-12-12 15:59:11,14573,14573,14573,2,0
2022-12-12 15:59:13,14573,14573,14573,2,0
2022-12-12 15:59:13,14573,14573,14573,2,0
2022-12-12 15:59:13,14573,14573,14573,2,0
2022-12-12 15:59:13,14573,14573,14573,2,0
2022-12-12 15:59:13,14573,14573,14573,2,0
2022-12-12 15:59:15,14574,14574,14574,2,2
2022-12-12 15:59:15,14573,14573,14573,6,-6
2022-12-12 15:59:15,14573,14573,14573,2,0
2022-12-12 15:59:15,14573,14573,14573,2,0
2022-12-12 15:59:16,14573,14573,14573,4,0
2022-12-12 15:59:16,14573,14573,14573,2,0
2022-12-12 15:59:16,14573,14573,14573,2,0
2022-12-12 15:59:16,14573,14573,14573,2,0
2022-12-12 15:59:18,14574,14574,14574,2,2
2022-12-12 15:59:18,14573,14573,14573,2,-2
2022-12-12 15:59:25,14574,14574,14574,2,2
2022-12-12 15:59:25,14574,14574,14574,2,0
2022-12-12 15:59:26,14574,14574,14574,2,0
2022-12-12 15:59:26,14574,14574,14574,2,0
2022-12-12 15:59:28,14575,14575,14575,2,2
2022-12-12 15:59:36,14574,14574,14574,2,-2
2022-12-12 15:59:36,14574,14574,14574,2,0
2022-12-12 15:59:44,14574,14574,14574,2,0
2022-12-12 15:59:49,14573,14573,14573,2,-2
2022-12-12 15:59:50,14573,14573,14573,2,0
2022-12-12 15:59:50,14573,14573,14573,2,0
2022-12-12 15:59:58,14573,14573,14573,2,0
2022-12-12 15:59:59,14572,14572,14572,2,-2
2022-12-12 15:59:59,14572,14572,14572,2,0
2022-12-12 15:59:59,14572,14572,14572,2,0
2022-12-12 16:00:00,14573,14573,14573,2,2
2022-12-12 16:00:00,14573,14573,14573,2,0
2022-12-12 16:00:00,14573,14573,14573,2,0
2022-12-12 16:00:00,14573,14573,14573,2,0
2022-12-12 16:00:00,14573,14573,14573,4,0
2022-12-12 16:00:00,14573,14573,14573,2,0
2022-12-12 16:00:00,14573,14573,14573,2,0
2022-12-12 16:00:00,14573,14573,14573,4,0
2022-12-12 16:00:01,14574,14574,14574,2,2
2022-12-12 16:00:01,14574,14574,14574,2,0
2022-12-12 16:00:01,14574,14574,14574,2,0
2022-12-12 16:00:01,14575,14575,14575,2,2
2022-12-12 16:00:01,14575,14575,14575,2,0
2022-12-12 16:00:01,14575,14575,14575,8,0
2022-12-12 16:00:01,14573,14573,14573,2,-2
2022-12-12 16:00:02,14573,14573,14573,2,0
2022-12-12 16:00:02,14572,14572,14572,2,-2
2022-12-12 16:00:02,14572,14572,14572,2,0
2022-12-12 16:00:03,14571,14571,14571,2,-2
2022-12-12 16:00:03,14571,14571,14571,4,0
2022-12-12 16:00:03,14571,14571,14571,2,0
2022-12-12 16:00:03,14571,14571,14571,2,0
2022-12-12 16:00:03,14571,14571,14571,2,0
2022-12-12 16:00:03,14571,14571,14571,2,0
2022-12-12 16:00:05,14570,14570,14570,2,-2
2022-12-12 16:00:05,14570,14570,14570,2,0
2022-12-12 16:00:05,14570,14570,14570,4,0
2022-12-12 16:00:05,14570,14570,14570,10,0
2022-12-12 16:00:05,14570,14570,14570,2,0
2022-12-12 16:00:05,14570,14570,14570,2,0
2022-12-12 16:00:05,14570,14570,14570,2,0
2022-12-12 16:00:05,14570,14570,14570,2,0
2022-12-12 16:00:09,14570,14570,14570,2,0
2022-12-12 16:00:09,14570,14570,14570,2,0
2022-12-12 16:00:09,14570,14570,14570,2,0
2022-12-12 16:00:13,14570,14570,14570,2,0
2022-12-12 16:00:13,14571,14571,14571,2,2
2022-12-12 16:00:16,14571,14571,14571,4,0
2022-12-12 16:00:16,14571,14571,14571,2,0
2022-12-12 16:00:16,14571,14571,14571,2,0
2022-12-12 16:00:18,14573,14573,14573,2,2
2022-12-12 16:00:35,14573,14573,14573,2,0
2022-12-12 16:00:35,14572,14572,14572,2,-2
2022-12-12 16:00:38,14572,14572,14572,2,0
2022-12-12 16:00:38,14572,14572,14572,2,0
2022-12-12 16:00:39,14571,14571,14571,2,-2
2022-12-12 16:00:39,14571,14571,14571,2,0
2022-12-12 16:00:39,14571,14571,14571,2,0
2022-12-12 16:00:39,14571,14571,14571,2,0
2022-12-12 16:00:40,14571,14571,14571,2,0
2022-12-12 16:00:41,14571,14571,14571,2,0
2022-12-12 16:00:45,14572,14572,14572,2,2
2022-12-12 16:00:46,14571,14571,14571,4,-4
2022-12-12 16:01:00,14571,14571,14571,2,0
2022-12-12 16:01:00,14572,14572,14572,2,2
2022-12-12 16:01:00,14572,14572,14572,2,0
2022-12-12 16:01:00,14572,14572,14572,2,0
2022-12-12 16:01:05,14572,14572,14572,2,0
2022-12-12 16:01:08,14573,14573,14573,2,2
2022-12-12 16:01:08,14573,14573,14573,2,0
2022-12-12 16:01:09,14574,14574,14574,2,2
2022-12-12 16:01:09,14574,14574,14574,4,0
2022-12-12 16:01:25,14574,14574,14574,2,0
2022-12-12 16:01:31,14574,14574,14574,16,0
2022-12-12 16:01:34,14572,14572,14572,2,-2
2022-12-12 16:01:34,14572,14572,14572,2,0
2022-12-12 16:01:34,14572,14572,14572,2,0
2022-12-12 16:01:36,14573,14573,14573,2,2
2022-12-12 16:01:52,14573,14573,14573,2,0
2022-12-12 16:01:52,14572,14572,14572,2,-2
2022-12-12 16:01:52,14572,14572,14572,2,0
2022-12-12 16:01:56,14573,14573,14573,2,2
2022-12-12 16:02:00,14573,14573,14573,2,0
2022-12-12 16:02:00,14572,14572,14572,2,-2
2022-12-12 16:02:08,14572,14572,14572,2,0
2022-12-12 16:02:09,14571,14571,14571,2,-2
2022-12-12 16:02:22,14572,14572,14572,2,2
2022-12-12 16:02:24,14573,14573,14573,2,2
2022-12-12 16:02:26,14574,14574,14574,2,2
2022-12-12 16:02:27,14575,14575,14575,2,2
2022-12-12 16:02:27,14575,14575,14575,4,0
2022-12-12 16:02:35,14577,14577,14577,2,2
2022-12-12 16:02:36,14577,14577,14577,2,0
2022-12-12 16:02:38,14577,14577,14577,2,0
2022-12-12 16:02:40,14577,14577,14577,2,0
2022-12-12 16:02:46,14576,14576,14576,2,-2
2022-12-12 16:02:46,14575,14575,14575,2,-2
2022-12-12 16:02:48,14574,14574,14574,2,-2
2022-12-12 16:02:55,14574,14574,14574,2,0
2022-12-12 16:03:12,14572,14572,14572,2,-2
2022-12-12 16:03:12,14572,14572,14572,2,0
2022-12-12 16:03:12,14572,14572,14572,2,0
2022-12-12 16:03:12,14572,14572,14572,2,0
2022-12-12 16:03:24,14573,14573,14573,2,2
2022-12-12 16:03:24,14573,14573,14573,2,0
2022-12-12 16:03:35,14571,14571,14571,2,-2
2022-12-12 16:03:35,14571,14571,14571,2,0
2022-12-12 16:03:35,14571,14571,14571,6,0
2022-12-12 16:03:35,14571,14571,14571,14,0
2022-12-12 16:03:35,14571,14571,14571,2,0
2022-12-12 16:03:35,14571,14571,14571,2,0
2022-12-12 16:03:35,14571,14571,14571,6,0
2022-12-12 16:03:35,14571,14571,14571,2,0
2022-12-12 16:03:35,14571,14571,14571,2,0
2022-12-12 16:03:35,14571,14571,14571,2,0
2022-12-12 16:03:35,14571,14571,14571,2,0
2022-12-12 16:03:35,14571,14571,14571,2,0
2022-12-12 16:03:35,14570,14570,14570,4,-4
2022-12-12 16:03:35,14570,14570,14570,20,0
2022-12-12 16:03:35,14570,14570,14570,2,0
2022-12-12 16:03:36,14569,14569,14569,2,-2
2022-12-12 16:03:36,14569,14569,14569,2,0
2022-12-12 16:03:36,14569,14569,14569,2,0
2022-12-12 16:03:36,14569,14569,14569,2,0
2022-12-12 16:03:36,14569,14569,14569,4,0
2022-12-12 16:03:36,14569,14569,14569,2,0
2022-12-12 16:03:36,14569,14569,14569,2,0
2022-12-12 16:03:36,14569,14569,14569,2,0
2022-12-12 16:03:39,14570,14570,14570,2,2
2022-12-12 16:03:47,14570,14570,14570,2,0
2022-12-12 16:03:48,14571,14571,14571,4,4
2022-12-12 16:03:54,14570,14570,14570,2,-2
2022-12-12 16:03:54,14569,14569,14569,2,-2
2022-12-12 16:03:54,14569,14569,14569,2,0
2022-12-12 16:04:07,14570,14570,14570,2,2
2022-12-12 16:04:07,14570,14570,14570,4,0
2022-12-12 16:04:08,14570,14570,14570,2,0
2022-12-12 16:04:08,14570,14570,14570,2,0
2022-12-12 16:04:08,14570,14570,14570,2,0
2022-12-12 16:04:16,14569,14569,14569,2,-2
2022-12-12 16:04:16,14569,14569,14569,2,0
2022-12-12 16:04:16,14569,14569,14569,2,0
2022-12-12 16:04:17,14570,14570,14570,14,14
2022-12-12 16:04:19,14570,14570,14570,4,0
2022-12-12 16:04:26,14570,14570,14570,2,0
2022-12-12 16:04:26,14570,14570,14570,2,0
2022-12-12 16:04:26,14570,14570,14570,2,0
2022-12-12 16:04:26,14570,14570,14570,2,0
2022-12-12 16:04:26,14570,14570,14570,2,0
2022-12-12 16:04:38,14570,14570,14570,10,0
2022-12-12 16:04:39,14570,14570,14570,10,0
2022-12-12 16:04:40,14570,14570,14570,8,0
2022-12-12 16:04:40,14570,14570,14570,2,0
2022-12-12 16:04:50,14569,14569,14569,2,-2
2022-12-12 16:04:50,14569,14569,14569,2,0
2022-12-12 16:04:50,14569,14569,14569,2,0
2022-12-12 16:04:50,14569,14569,14569,2,0
2022-12-12 16:04:50,14571,14571,14571,4,4
2022-12-12 16:04:55,14571,14571,14571,2,0
2022-12-12 16:05:00,14571,14571,14571,2,0
2022-12-12 16:05:04,14570,14570,14570,2,-2
2022-12-12 16:05:10,14570,14570,14570,2,0
2022-12-12 16:05:19,14572,14572,14572,4,4
2022-12-12 16:05:21,14573,14573,14573,2,2
2022-12-12 16:05:24,14574,14574,14574,4,4
2022-12-12 16:05:24,14574,14574,14574,2,0
2022-12-12 16:05:24,14574,14574,14574,14,0
2022-12-12 16:05:24,14575,14575,14575,4,4
2022-12-12 16:05:24,14575,14575,14575,2,0
2022-12-12 16:05:33,14575,14575,14575,2,0
2022-12-12 16:05:40,14576,14576,14576,4,4
2022-12-12 16:05:51,14575,14575,14575,2,-2
2022-12-12 16:05:51,14575,14575,14575,2,0
2022-12-12 16:05:52,14575,14575,14575,2,0
2022-12-12 16:05:53,14575,14575,14575,2,0
2022-12-12 16:05:58,14575,14575,14575,2,0
2022-12-12 16:05:59,14576,14576,14576,30,30
2022-12-12 16:06:01,14577,14577,14577,2,2
2022-12-12 16:06:12,14575,14575,14575,4,-4
2022-12-12 16:06:32,14575,14575,14575,2,0
2022-12-12 16:06:32,14575,14575,14575,2,0
2022-12-12 16:06:35,14574,14574,14574,2,-2
2022-12-12 16:07:00,14575,14575,14575,2,2
2022-12-12 16:07:04,14574,14574,14574,2,-2
2022-12-12 16:07:04,14574,14574,14574,2,0
2022-12-12 16:07:26,14574,14574,14574,2,0
2022-12-12 16:07:35,14575,14575,14575,4,4
2022-12-12 16:07:39,14574,14574,14574,2,-2
2022-12-12 16:07:47,14573,14573,14573,2,-2
2022-12-12 16:07:47,14573,14573,14573,2,0
2022-12-12 16:07:47,14573,14573,14573,2,0
2022-12-12 16:08:06,14574,14574,14574,6,6
2022-12-12 16:08:14,14575,14575,14575,2,2
2022-12-12 16:08:17,14575,14575,14575,8,0
2022-12-12 16:08:26,14575,14575,14575,2,0
2022-12-12 16:08:28,14575,14575,14575,2,0
2022-12-12 16:08:31,14574,14574,14574,2,-2
2022-12-12 16:08:39,14574,14574,14574,2,0
2022-12-12 16:08:41,14573,14573,14573,2,-2
2022-12-12 16:08:41,14573,14573,14573,2,0
2022-12-12 16:08:51,14574,14574,14574,2,2
2022-12-12 16:09:09,14575,14575,14575,8,8
2022-12-12 16:09:10,14576,14576,14576,2,2
2022-12-12 16:09:12,14577,14577,14577,4,4
2022-12-12 16:09:14,14576,14576,14576,2,-2
2022-12-12 16:09:17,14577,14577,14577,8,8
2022-12-12 16:09:32,14576,14576,14576,4,-4
2022-12-12 16:09:32,14576,14576,14576,4,0
2022-12-12 16:09:43,14576,14576,14576,8,0
2022-12-12 16:09:50,14574,14574,14574,2,-2
2022-12-12 16:10:00,14573,14573,14573,2,-2
2022-12-12 16:10:10,14572,14572,14572,2,-2
2022-12-12 16:10:10,14573,14573,14573,2,2
2022-12-12 16:10:10,14573,14573,14573,2,0
2022-12-12 16:10:10,14573,14573,14573,2,0
2022-12-12 16:10:10,14573,14573,14573,2,0
2022-12-12 16:10:19,14572,14572,14572,2,-2
2022-12-12 16:10:19,14571,14571,14571,2,-2
2022-12-12 16:10:19,14571,14571,14571,2,0
2022-12-12 16:10:22,14570,14570,14570,2,-2
2022-12-12 16:10:22,14570,14570,14570,2,0
2022-12-12 16:10:22,14570,14570,14570,2,0
2022-12-12 16:10:22,14570,14570,14570,2,0
2022-12-12 16:10:22,14570,14570,14570,2,0
2022-12-12 16:10:22,14570,14570,14570,4,0
2022-12-12 16:10:22,14569,14569,14569,2,-2
2022-12-12 16:10:22,14569,14569,14569,2,0
2022-12-12 16:10:23,14568,14568,14568,2,-2
2022-12-12 16:10:26,14568,14568,14568,4,0
2022-12-12 16:10:30,14568,14568,14568,4,0
2022-12-12 16:10:30,14568,14568,14568,4,0
2022-12-12 16:10:30,14568,14568,14568,2,0
2022-12-12 16:10:30,14568,14568,14568,2,0
2022-12-12 16:10:30,14568,14568,14568,2,0
2022-12-12 16:10:30,14568,14568,14568,2,0
2022-12-12 16:10:30,14568,14568,14568,2,0
2022-12-12 16:10:30,14568,14568,14568,2,0
2022-12-12 16:10:30,14568,14568,14568,2,0
2022-12-12 16:10:30,14567,14567,14567,2,-2
2022-12-12 16:10:30,14567,14567,14567,2,0
2022-12-12 16:10:30,14567,14567,14567,2,0
2022-12-12 16:10:30,14567,14567,14567,2,0
2022-12-12 16:10:30,14567,14567,14567,2,0
2022-12-12 16:10:30,14567,14567,14567,2,0
2022-12-12 16:10:30,14566,14566,14566,2,-2
2022-12-12 16:10:30,14566,14566,14566,2,0
2022-12-12 16:10:30,14566,14566,14566,2,0
2022-12-12 16:10:30,14566,14566,14566,2,0
2022-12-12 16:10:30,14566,14566,14566,4,0
2022-12-12 16:10:30,14566,14566,14566,2,0
2022-12-12 16:10:30,14566,14566,14566,2,0
2022-12-12 16:10:30,14566,14566,14566,2,0
2022-12-12 16:10:30,14566,14566,14566,2,0
2022-12-12 16:10:30,14566,14566,14566,2,0
2022-12-12 16:10:30,14566,14566,14566,2,0
2022-12-12 16:10:30,14565,14565,14565,2,-2
2022-12-12 16:10:30,14565,14565,14565,2,0
2022-12-12 16:10:30,14565,14565,14565,4,0
2022-12-12 16:10:30,14565,14565,14565,2,0
2022-12-12 16:10:30,14565,14565,14565,2,0
2022-12-12 16:10:30,14565,14565,14565,2,0
2022-12-12 16:10:30,14565,14565,14565,2,0
2022-12-12 16:10:30,14565,14565,14565,2,0
2022-12-12 16:10:30,14565,14565,14565,2,0
2022-12-12 16:10:30,14565,14565,14565,2,0
2022-12-12 16:10:30,14565,14565,14565,2,0
2022-12-12 16:10:30,14565,14565,14565,2,0
2022-12-12 16:10:30,14565,14565,14565,2,0
2022-12-12 16:10:31,14565,14565,14565,2,0
2022-12-12 16:10:31,14565,14565,14565,2,0
2022-12-12 16:10:31,14565,14565,14565,2,0
2022-12-12 16:10:31,14565,14565,14565,4,0
2022-12-12 16:10:31,14565,14565,14565,2,0
2022-12-12 16:10:31,14565,14565,14565,2,0
2022-12-12 16:10:31,14565,14565,14565,2,0
2022-12-12 16:10:31,14564,14564,14564,2,-2
2022-12-12 16:10:31,14564,14564,14564,2,0
2022-12-12 16:10:31,14564,14564,14564,2,0
2022-12-12 16:10:31,14564,14564,14564,2,0
2022-12-12 16:10:31,14564,14564,14564,6,0
2022-12-12 16:10:31,14564,14564,14564,2,0
2022-12-12 16:10:31,14564,14564,14564,2,0
2022-12-12 16:10:31,14564,14564,14564,6,0
2022-12-12 16:10:31,14564,14564,14564,2,0
2022-12-12 16:10:31,14564,14564,14564,2,0
2022-12-12 16:10:31,14564,14564,14564,2,0
2022-12-12 16:10:31,14565,14565,14565,2,2
2022-12-12 16:10:31,14565,14565,14565,2,0
2022-12-12 16:10:31,14565,14565,14565,2,0
2022-12-12 16:10:31,14565,14565,14565,2,0
2022-12-12 16:10:31,14565,14565,14565,4,0
2022-12-12 16:10:31,14565,14565,14565,2,0
2022-12-12 16:10:31,14565,14565,14565,8,0
2022-12-12 16:10:31,14565,14565,14565,2,0
2022-12-12 16:10:32,14565,14565,14565,2,0
2022-12-12 16:10:32,14565,14565,14565,4,0
2022-12-12 16:10:32,14565,14565,14565,2,0
2022-12-12 16:10:32,14565,14565,14565,2,0
2022-12-12 16:10:32,14565,14565,14565,2,0
2022-12-12 16:10:32,14565,14565,14565,2,0
2022-12-12 16:10:34,14566,14566,14566,2,2
2022-12-12 16:10:34,14566,14566,14566,2,0
2022-12-12 16:10:34,14565,14565,14565,4,-4
2022-12-12 16:10:39,14565,14565,14565,2,0
2022-12-12 16:10:39,14565,14565,14565,2,0
2022-12-12 16:10:39,14565,14565,14565,4,0
2022-12-12 16:10:39,14565,14565,14565,2,0
2022-12-12 16:10:39,14565,14565,14565,2,0
2022-12-12 16:10:41,14567,14567,14567,2,2
2022-12-12 16:10:41,14569,14569,14569,2,2
2022-12-12 16:10:41,14571,14571,14571,6,6
2022-12-12 16:10:41,14572,14572,14572,2,2
2022-12-12 16:10:44,14572,14572,14572,2,0
2022-12-12 16:10:45,14570,14570,14570,2,-2
2022-12-12 16:10:50,14574,14574,14574,2,2
2022-12-12 16:10:50,14574,14574,14574,4,0
2022-12-12 16:10:52,14575,14575,14575,2,2
2022-12-12 16:10:52,14575,14575,14575,4,0
2022-12-12 16:10:52,14575,14575,14575,4,0
2022-12-12 16:10:52,14575,14575,14575,2,0
2022-12-12 16:10:52,14575,14575,14575,10,0
2022-12-12 16:11:08,14575,14575,14575,4,0
2022-12-12 16:11:08,14576,14576,14576,2,2
2022-12-12 16:11:09,14577,14577,14577,2,2
2022-12-12 16:11:09,14577,14577,14577,2,0
2022-12-12 16:11:09,14577,14577,14577,2,0
2022-12-12 16:11:09,14578,14578,14578,2,2
2022-12-12 16:11:09,14577,14577,14577,2,-2
2022-12-12 16:11:16,14576,14576,14576,6,-6
2022-12-12 16:11:19,14576,14576,14576,2,0
2022-12-12 16:11:22,14576,14576,14576,2,0
2022-12-12 16:11:22,14577,14577,14577,4,4
2022-12-12 16:11:22,14577,14577,14577,2,0
2022-12-12 16:11:22,14577,14577,14577,2,0
2022-12-12 16:11:23,14577,14577,14577,2,0
2022-12-12 16:11:24,14576,14576,14576,2,-2
2022-12-12 16:11:28,14578,14578,14578,2,2
2022-12-12 16:11:28,14578,14578,14578,20,0
2022-12-12 16:11:29,14579,14579,14579,6,6
2022-12-12 16:11:29,14578,14578,14578,2,-2
2022-12-12 16:11:30,14577,14577,14577,2,-2
2022-12-12 16:11:30,14577,14577,14577,2,0
2022-12-12 16:11:30,14577,14577,14577,4,0
2022-12-12 16:11:30,14577,14577,14577,4,0
2022-12-12 16:11:30,14577,14577,14577,2,0
2022-12-12 16:11:32,14577,14577,14577,2,0
2022-12-12 16:11:36,14577,14577,14577,2,0
2022-12-12 16:11:38,14576,14576,14576,10,-10
2022-12-12 16:11:39,14576,14576,14576,2,0
2022-12-12 16:11:42,14576,14576,14576,2,0
2022-12-12 16:11:45,14576,14576,14576,2,0
2022-12-12 16:11:51,14575,14575,14575,2,-2
2022-12-12 16:11:52,14575,14575,14575,2,0
2022-12-12 16:12:27,14574,14574,14574,2,-2
2022-12-12 16:12:45,14575,14575,14575,2,2
2022-12-12 16:12:57,14576,14576,14576,4,4
2022-12-12 16:12:58,14577,14577,14577,2,2
2022-12-12 16:12:58,14577,14577,14577,4,0
2022-12-12 16:13:05,14575,14575,14575,2,-2
2022-12-12 16:13:06,14574,14574,14574,2,-2
2022-12-12 16:13:09,14573,14573,14573,2,-2
2022-12-12 16:13:14,14574,14574,14574,4,4
2022-12-12 16:13:19,14573,14573,14573,2,-2
2022-12-12 16:13:19,14573,14573,14573,2,0
2022-12-12 16:13:19,14573,14573,14573,2,0
2022-12-12 16:13:32,14572,14572,14572,2,-2
2022-12-12 16:13:40,14572,14572,14572,2,0
2022-12-12 16:13:40,14572,14572,14572,2,0
2022-12-12 16:13:40,14572,14572,14572,28,0
2022-12-12 16:13:40,14572,14572,14572,2,0
2022-12-12 16:13:40,14572,14572,14572,2,0
2022-12-12 16:13:40,14572,14572,14572,2,0
2022-12-12 16:13:40,14572,14572,14572,2,0
2022-12-12 16:13:40,14572,14572,14572,2,0
2022-12-12 16:13:53,14570,14570,14570,2,-2
2022-12-12 16:13:53,14570,14570,14570,2,0
2022-12-12 16:13:58,14570,14570,14570,2,0
2022-12-12 16:13:58,14570,14570,14570,8,0
2022-12-12 16:13:58,14570,14570,14570,2,0
2022-12-12 16:13:58,14570,14570,14570,2,0
2022-12-12 16:14:08,14569,14569,14569,2,-2
2022-12-12 16:14:08,14569,14569,14569,2,0
2022-12-12 16:14:15,14568,14568,14568,2,-2
2022-12-12 16:14:16,14568,14568,14568,2,0
2022-12-12 16:14:17,14569,14569,14569,2,2
2022-12-12 16:14:26,14569,14569,14569,2,0
2022-12-12 16:14:28,14570,14570,14570,2,2
2022-12-12 16:14:28,14570,14570,14570,2,0
2022-12-12 16:14:29,14571,14571,14571,4,4
2022-12-12 16:14:37,14570,14570,14570,2,-2
2022-12-12 16:14:53,14569,14569,14569,2,-2
2022-12-12 16:14:53,14569,14569,14569,2,0
2022-12-12 16:14:53,14569,14569,14569,2,0
2022-12-12 16:14:58,14568,14568,14568,2,-2
2022-12-12 16:14:58,14568,14568,14568,2,0
2022-12-12 16:15:00,14569,14569,14569,4,4
2022-12-12 16:15:12,14570,14570,14570,2,2
2022-12-12 16:15:13,14570,14570,14570,2,0
2022-12-12 16:15:13,14570,14570,14570,2,0
2022-12-12 16:15:13,14570,14570,14570,2,0
2022-12-12 16:15:15,14570,14570,14570,2,0
2022-12-12 16:15:22,14569,14569,14569,2,-2
2022-12-12 16:15:29,14569,14569,14569,2,0
2022-12-12 16:15:32,14569,14569,14569,2,0
2022-12-12 16:15:36,14569,14569,14569,4,0
2022-12-12 16:15:51,14570,14570,14570,2,2
2022-12-12 16:15:55,14570,14570,14570,2,0
2022-12-12 16:16:01,14570,14570,14570,2,0
2022-12-12 16:16:05,14571,14571,14571,2,2
2022-12-12 16:16:09,14571,14571,14571,2,0
2022-12-12 16:16:19,14570,14570,14570,2,-2
2022-12-12 16:16:19,14570,14570,14570,2,0
2022-12-12 16:16:19,14569,14569,14569,2,-2
2022-12-12 16:16:22,14569,14569,14569,8,0
2022-12-12 16:16:22,14570,14570,14570,2,2
2022-12-12 16:16:27,14569,14569,14569,2,-2
2022-12-12 16:16:35,14568,14568,14568,2,-2
2022-12-12 16:16:46,14568,14568,14568,2,0
2022-12-12 16:16:46,14568,14568,14568,2,0
2022-12-12 16:16:46,14568,14568,14568,4,0
2022-12-12 16:16:46,14568,14568,14568,2,0
2022-12-12 16:16:46,14568,14568,14568,2,0
2022-12-12 16:16:46,14568,14568,14568,2,0
2022-12-12 16:16:46,14568,14568,14568,2,0
2022-12-12 16:16:46,14568,14568,14568,2,0
2022-12-12 16:16:56,14568,14568,14568,2,0
2022-12-12 16:16:57,14568,14568,14568,2,0
2022-12-12 16:16:57,14568,14568,14568,2,0
2022-12-12 16:16:57,14568,14568,14568,2,0
2022-12-12 16:16:57,14568,14568,14568,6,0
2022-12-12 16:16:58,14568,14568,14568,2,0
2022-12-12 16:17:00,14567,14567,14567,2,-2
2022-12-12 16:17:00,14567,14567,14567,2,0
2022-12-12 16:17:00,14567,14567,14567,2,0
2022-12-12 16:17:07,14566,14566,14566,2,-2
2022-12-12 16:17:07,14566,14566,14566,2,0
2022-12-12 16:17:07,14566,14566,14566,2,0
2022-12-12 16:17:07,14566,14566,14566,2,0
2022-12-12 16:17:07,14566,14566,14566,2,0
2022-12-12 16:17:07,14565,14565,14565,2,-2
2022-12-12 16:17:07,14565,14565,14565,2,0
2022-12-12 16:17:07,14565,14565,14565,2,0
2022-12-12 16:17:09,14565,14565,14565,2,0
2022-12-12 16:17:09,14565,14565,14565,2,0
2022-12-12 16:17:09,14565,14565,14565,2,0
2022-12-12 16:17:09,14565,14565,14565,2,0
2022-12-12 16:17:09,14565,14565,14565,2,0
2022-12-12 16:17:09,14565,14565,14565,2,0
2022-12-12 16:17:09,14565,14565,14565,2,0
2022-12-12 16:17:09,14565,14565,14565,2,0
2022-12-12 16:17:09,14565,14565,14565,2,0
2022-12-12 16:17:09,14565,14565,14565,2,0
2022-12-12 16:17:09,14565,14565,14565,2,0
2022-12-12 16:17:09,14565,14565,14565,2,0
2022-12-12 16:17:09,14565,14565,14565,2,0
2022-12-12 16:17:11,14565,14565,14565,2,0
2022-12-12 16:17:11,14565,14565,14565,2,0
2022-12-12 16:17:11,14565,14565,14565,2,0
2022-12-12 16:17:11,14565,14565,14565,2,0
2022-12-12 16:17:15,14565,14565,14565,2,0
2022-12-12 16:17:16,14565,14565,14565,2,0
2022-12-12 16:17:16,14565,14565,14565,2,0
2022-12-12 16:17:24,14565,14565,14565,2,0
2022-12-12 16:17:24,14565,14565,14565,2,0
2022-12-12 16:17:25,14565,14565,14565,2,0
2022-12-12 16:17:25,14565,14565,14565,2,0
2022-12-12 16:17:25,14565,14565,14565,2,0
2022-12-12 16:17:25,14565,14565,14565,2,0
2022-12-12 16:17:29,14566,14566,14566,2,2
2022-12-12 16:17:31,14566,14566,14566,2,0
2022-12-12 16:17:37,14566,14566,14566,2,0
2022-12-12 16:17:40,14565,14565,14565,2,-2
2022-12-12 16:17:43,14565,14565,14565,2,0
2022-12-12 16:17:43,14565,14565,14565,6,0
2022-12-12 16:17:43,14565,14565,14565,6,0
2022-12-12 16:17:43,14565,14565,14565,4,0
2022-12-12 16:17:43,14565,14565,14565,2,0
2022-12-12 16:17:43,14565,14565,14565,2,0
2022-12-12 16:17:45,14564,14564,14564,2,-2
2022-12-12 16:17:45,14564,14564,14564,2,0
2022-12-12 16:17:47,14565,14565,14565,2,2
2022-12-12 16:17:48,14566,14566,14566,2,2
2022-12-12 16:17:52,14565,14565,14565,2,-2
2022-12-12 16:17:52,14565,14565,14565,2,0
2022-12-12 16:17:52,14565,14565,14565,2,0
2022-12-12 16:17:52,14565,14565,14565,2,0
2022-12-12 16:17:54,14564,14564,14564,2,-2
2022-12-12 16:17:54,14564,14564,14564,2,0
2022-12-12 16:17:54,14564,14564,14564,2,0
2022-12-12 16:17:54,14564,14564,14564,2,0
2022-12-12 16:17:54,14564,14564,14564,2,0
2022-12-12 16:17:54,14564,14564,14564,4,0
2022-12-12 16:17:54,14564,14564,14564,8,0
2022-12-12 16:17:54,14564,14564,14564,2,0
2022-12-12 16:17:54,14564,14564,14564,14,0
2022-12-12 16:17:54,14564,14564,14564,2,0
2022-12-12 16:17:56,14564,14564,14564,2,0
2022-12-12 16:17:59,14564,14564,14564,16,0
2022-12-12 16:18:00,14563,14563,14563,2,-2
2022-12-12 16:18:00,14563,14563,14563,2,0
2022-12-12 16:18:00,14563,14563,14563,2,0
2022-12-12 16:18:00,14563,14563,14563,2,0
2022-12-12 16:18:00,14563,14563,14563,2,0
2022-12-12 16:18:00,14563,14563,14563,2,0
2022-12-12 16:18:08,14562,14562,14562,4,-4
2022-12-12 16:18:08,14562,14562,14562,2,0
2022-12-12 16:18:09,14562,14562,14562,10,0
2022-12-12 16:18:09,14562,14562,14562,2,0
2022-12-12 16:18:09,14562,14562,14562,4,0
2022-12-12 16:18:09,14562,14562,14562,6,0
2022-12-12 16:18:09,14562,14562,14562,2,0
2022-12-12 16:18:09,14562,14562,14562,2,0
2022-12-12 16:18:09,14562,14562,14562,2,0
2022-12-12 16:18:09,14562,14562,14562,2,0
2022-12-12 16:18:09,14562,14562,14562,2,0
2022-12-12 16:18:09,14562,14562,14562,2,0
2022-12-12 16:18:12,14561,14561,14561,2,-2
2022-12-12 16:18:13,14561,14561,14561,2,0
2022-12-12 16:18:14,14561,14561,14561,2,0
2022-12-12 16:18:14,14561,14561,14561,2,0
2022-12-12 16:18:14,14561,14561,14561,2,0
2022-12-12 16:18:14,14561,14561,14561,4,0
2022-12-12 16:18:14,14561,14561,14561,2,0
2022-12-12 16:18:15,14562,14562,14562,2,2
2022-12-12 16:18:16,14562,14562,14562,2,0
2022-12-12 16:18:28,14561,14561,14561,4,-4
2022-12-12 16:18:28,14561,14561,14561,2,0
2022-12-12 16:18:28,14562,14562,14562,16,16
2022-12-12 16:18:30,14562,14562,14562,2,0
2022-12-12 16:18:33,14562,14562,14562,2,0
2022-12-12 16:18:35,14562,14562,14562,2,0
2022-12-12 16:18:35,14562,14562,14562,4,0
2022-12-12 16:18:36,14562,14562,14562,2,0
2022-12-12 16:18:36,14562,14562,14562,2,0
2022-12-12 16:18:38,14562,14562,14562,2,0
2022-12-12 16:18:40,14562,14562,14562,2,0
2022-12-12 16:18:48,14562,14562,14562,4,0
2022-12-12 16:18:52,14563,14563,14563,14,14
2022-12-12 16:18:52,14563,14563,14563,2,0
2022-12-12 16:19:00,14562,14562,14562,6,-6
2022-12-12 16:19:05,14562,14562,14562,6,0
2022-12-12 16:19:05,14562,14562,14562,2,0
2022-12-12 16:19:05,14562,14562,14562,2,0
2022-12-12 16:19:06,14563,14563,14563,6,6
2022-12-12 16:19:06,14562,14562,14562,4,-4
2022-12-12 16:19:07,14562,14562,14562,2,0
2022-12-12 16:19:09,14563,14563,14563,2,2
2022-12-12 16:19:09,14562,14562,14562,2,-2
2022-12-12 16:19:10,14562,14562,14562,2,0
2022-12-12 16:19:14,14563,14563,14563,2,2
2022-12-12 16:19:16,14562,14562,14562,2,-2
2022-12-12 16:19:23,14564,14564,14564,2,2
2022-12-12 16:19:24,14564,14564,14564,2,0
