2024-08-16 15:00:00.039,22347,22350,22368,89,89
2024-08-16 15:00:00.040,22368,22370,22368,2,-2
2024-08-16 15:00:00.040,22368,22370,22370,1,1
2024-08-16 15:00:00.040,22368,22370,22371,1,1
2024-08-16 15:00:00.041,22368,22370,22368,1,-1
2024-08-16 15:00:00.041,22368,22370,22367,1,-1
2024-08-16 15:00:00.041,22368,22370,22372,1,1
2024-08-16 15:00:00.213,22367,22373,22367,1,-1
2024-08-16 15:00:00.299,22369,22373,22373,2,2
2024-08-16 15:00:00.309,22369,22373,22365,1,-1
2024-08-16 15:00:00.309,22369,22373,22369,1,-1
2024-08-16 15:00:00.327,22369,22373,22365,4,-4
2024-08-16 15:00:00.327,22369,22373,22363,6,-6
2024-08-16 15:00:00.350,22369,22373,22360,2,-2
2024-08-16 15:00:00.350,22369,22373,22354,2,-2
2024-08-16 15:00:00.350,22369,22373,22353,1,-1
2024-08-16 15:00:00.406,22353,22374,22369,1,1
2024-08-16 15:00:00.407,22353,22374,22353,3,-3
2024-08-16 15:00:00.416,22353,22374,22361,2,-2
2024-08-16 15:00:00.427,22353,22374,22363,1,-1
2024-08-16 15:00:00.427,22353,22374,22362,2,-2
2024-08-16 15:00:00.451,22353,22374,22363,1,-1
2024-08-16 15:00:00.457,22353,22374,22358,2,-2
2024-08-16 15:00:00.484,22353,22374,22357,2,-2
2024-08-16 15:00:00.564,22356,22366,22356,1,-1
2024-08-16 15:00:00.745,22356,22366,22356,1,-1
2024-08-16 15:00:00.780,22356,22366,22361,2,-2
2024-08-16 15:00:01.062,22356,22363,22363,2,2
2024-08-16 15:00:01.062,22356,22363,22365,1,1
2024-08-16 15:00:01.092,22356,22363,22357,1,-1
2024-08-16 15:00:01.093,22356,22363,22358,1,-1
2024-08-16 15:00:01.094,22356,22363,22359,1,-1
2024-08-16 15:00:01.100,22356,22363,22357,1,-1
2024-08-16 15:00:01.100,22356,22363,22356,1,-1
2024-08-16 15:00:01.131,22356,22363,22355,1,-1
2024-08-16 15:00:01.181,22354,22364,22354,1,-1
2024-08-16 15:00:01.247,22354,22364,22353,1,-1
2024-08-16 15:00:01.378,22353,22364,22351,3,-3
2024-08-16 15:00:01.378,22353,22364,22352,2,-2
2024-08-16 15:00:01.378,22353,22364,22353,1,-1
2024-08-16 15:00:01.378,22353,22364,22355,2,-2
2024-08-16 15:00:01.567,22353,22364,22364,1,1
2024-08-16 15:00:01.567,22353,22364,22353,2,-2
2024-08-16 15:00:01.567,22353,22364,22351,1,-1
2024-08-16 15:00:01.567,22353,22364,22350,1,-1
2024-08-16 15:00:01.569,22353,22364,22350,2,-2
2024-08-16 15:00:01.569,22353,22364,22349,2,-2
2024-08-16 15:00:01.595,22353,22364,22348,1,-1
2024-08-16 15:00:01.595,22353,22364,22349,1,-1
2024-08-16 15:00:01.651,22347,22363,22347,1,-1
2024-08-16 15:00:01.804,22348,22360,22348,1,-1
2024-08-16 15:00:01.813,22348,22360,22348,1,-1
2024-08-16 15:00:01.813,22348,22360,22347,1,-1
2024-08-16 15:00:02.650,22347,22355,22347,1,-1
2024-08-16 15:00:02.650,22347,22355,22345,7,-7
2024-08-16 15:00:02.765,22344,22355,22344,3,-3
2024-08-16 15:00:02.767,22344,22355,22343,2,-2
2024-08-16 15:00:02.787,22344,22355,22343,6,-6
2024-08-16 15:00:02.787,22344,22355,22343,2,-2
2024-08-16 15:00:02.805,22344,22355,22342,1,-1
2024-08-16 15:00:02.890,22342,22354,22342,2,-2
2024-08-16 15:00:02.890,22342,22354,22342,2,-2
2024-08-16 15:00:02.891,22342,22354,22354,2,2
2024-08-16 15:00:02.891,22342,22354,22342,2,-2
2024-08-16 15:00:03.015,22341,22355,22341,3,-3
2024-08-16 15:00:03.233,22341,22355,22341,1,-1
2024-08-16 15:00:03.419,22346,22355,22341,2,-2
2024-08-16 15:00:03.419,22346,22355,22346,1,-1
2024-08-16 15:00:03.895,22340,22351,22351,2,2
2024-08-16 15:00:03.895,22340,22351,22352,1,1
2024-08-16 15:00:03.895,22340,22351,22353,1,1
2024-08-16 15:00:03.899,22340,22351,22354,1,1
2024-08-16 15:00:03.900,22340,22351,22355,2,2
2024-08-16 15:00:04.103,22350,22356,22357,1,1
2024-08-16 15:00:04.103,22350,22356,22358,1,1
2024-08-16 15:00:04.103,22350,22356,22356,1,1
2024-08-16 15:00:04.103,22350,22356,22360,3,3
2024-08-16 15:00:04.805,22350,22354,22354,1,1
2024-08-16 15:00:05.071,22350,22357,22350,2,-2
2024-08-16 15:00:05.906,22352,22357,22357,1,1
2024-08-16 15:00:06.565,22352,22356,22356,3,3
2024-08-16 15:00:06.565,22352,22356,22357,1,1
2024-08-16 15:00:06.565,22352,22356,22359,1,1
2024-08-16 15:00:06.579,22352,22356,22352,3,-3
2024-08-16 15:00:06.694,22352,22359,22359,1,1
2024-08-16 15:00:08.352,22356,22361,22358,1,-1
2024-08-16 15:00:08.755,22356,22361,22356,1,-1
2024-08-16 15:00:09.663,22352,22360,22358,1,1
2024-08-16 15:00:10.280,22356,22360,22360,2,2
2024-08-16 15:00:10.392,22356,22359,22359,1,1
2024-08-16 15:00:10.741,22356,22358,22357,1,1
2024-08-16 15:00:10.800,22356,22357,22356,1,-1
2024-08-16 15:00:10.977,22354,22357,22356,1,1
2024-08-16 15:00:10.996,22354,22357,22358,1,1
2024-08-16 15:00:11.340,22356,22358,22355,1,-1
2024-08-16 15:00:11.340,22356,22358,22354,1,-1
2024-08-16 15:00:11.340,22356,22358,22356,1,-1
2024-08-16 15:00:11.341,22356,22358,22357,1,-1
2024-08-16 15:00:11.783,22353,22357,22355,1,-1
2024-08-16 15:00:12.982,22353,22356,22353,2,-2
2024-08-16 15:00:13.083,22351,22356,22351,1,-1
2024-08-16 15:00:14.038,22354,22355,22354,1,-1
2024-08-16 15:00:14.164,22351,22355,22355,1,1
2024-08-16 15:00:14.248,22351,22355,22350,1,-1
2024-08-16 15:00:14.248,22351,22355,22351,2,-2
2024-08-16 15:00:14.257,22351,22355,22350,2,-2
2024-08-16 15:00:14.404,22350,22355,22352,1,-1
2024-08-16 15:00:15.965,22352,22353,22353,1,1
2024-08-16 15:00:16.104,22352,22354,22352,1,-1
2024-08-16 15:00:17.336,22351,22354,22354,1,1
2024-08-16 15:00:18.031,22352,22355,22355,1,1
2024-08-16 15:00:18.835,22353,22357,22353,1,-1
2024-08-16 15:00:19.611,22353,22357,22355,1,-1
2024-08-16 15:00:20.069,22354,22357,22354,1,-1
2024-08-16 15:00:20.197,22354,22357,22357,1,1
2024-08-16 15:00:20.197,22354,22357,22357,1,1
2024-08-16 15:00:20.532,22356,22360,22360,1,1
2024-08-16 15:00:24.305,22356,22358,22358,1,1
2024-08-16 15:00:24.306,22356,22358,22359,1,1
2024-08-16 15:00:24.374,22356,22358,22357,1,1
2024-08-16 15:00:26.328,22357,22360,22360,1,1
2024-08-16 15:00:26.328,22357,22360,22360,1,1
2024-08-16 15:00:27.038,22357,22362,22359,3,-3
2024-08-16 15:00:28.780,22359,22362,22362,1,1
2024-08-16 15:00:31.108,22360,22363,22360,1,-1
2024-08-16 15:00:33.023,22360,22363,22362,1,1
2024-08-16 15:00:33.045,22360,22363,22360,2,-2
2024-08-16 15:00:33.192,22360,22363,22363,1,1
2024-08-16 15:00:34.112,22360,22363,22360,1,-1
2024-08-16 15:00:34.317,22359,22362,22359,1,-1
2024-08-16 15:00:34.318,22359,22362,22358,7,-7
2024-08-16 15:00:34.318,22359,22362,22358,1,-1
2024-08-16 15:00:34.331,22359,22362,22359,1,-1
2024-08-16 15:00:34.367,22359,22362,22357,1,-1
2024-08-16 15:00:35.262,22357,22360,22360,2,2
2024-08-16 15:00:35.349,22357,22360,22360,1,1
2024-08-16 15:00:38.339,22357,22359,22359,2,2
2024-08-16 15:00:38.472,22357,22360,22360,1,1
2024-08-16 15:00:38.473,22357,22360,22361,2,2
2024-08-16 15:00:39.039,22360,22362,22360,10,-10
2024-08-16 15:00:41.628,22360,22362,22362,1,1
2024-08-16 15:00:41.913,22360,22361,22360,1,-1
2024-08-16 15:00:42.035,22358,22361,22361,1,1
2024-08-16 15:00:43.892,22358,22362,22362,1,1
2024-08-16 15:00:44.988,22359,22363,22363,1,1
2024-08-16 15:00:45.627,22359,22361,22359,1,-1
2024-08-16 15:00:45.627,22359,22361,22359,1,-1
2024-08-16 15:00:45.629,22359,22361,22359,1,-1
2024-08-16 15:00:47.687,22359,22361,22361,1,1
2024-08-16 15:00:49.415,22359,22363,22362,1,1
2024-08-16 15:00:49.597,22359,22363,22363,1,1
2024-08-16 15:00:50.624,22360,22362,22360,1,-1
2024-08-16 15:00:51.824,22360,22363,22363,1,1
2024-08-16 15:00:53.495,22360,22362,22362,1,1
2024-08-16 15:00:54.018,22361,22363,22362,1,1
2024-08-16 15:00:57.568,22361,22363,22364,1,1
2024-08-16 15:00:57.568,22361,22363,22363,9,9
2024-08-16 15:00:57.707,22363,22365,22363,1,-1
2024-08-16 15:00:59.364,22363,22365,22365,1,1
2024-08-16 15:00:59.364,22363,22365,22365,2,2
2024-08-16 15:01:00.206,22364,22367,22364,3,-3
2024-08-16 15:01:00.269,22366,22367,22367,2,2
2024-08-16 15:01:00.269,22366,22367,22367,1,1
2024-08-16 15:01:00.269,22366,22367,22367,2,2
2024-08-16 15:01:00.269,22366,22367,22367,1,1
2024-08-16 15:01:00.269,22366,22367,22367,1,1
2024-08-16 15:01:00.269,22366,22367,22367,2,2
2024-08-16 15:01:00.289,22366,22367,22367,1,1
2024-08-16 15:01:00.289,22366,22367,22366,1,-1
2024-08-16 15:01:00.294,22366,22367,22366,2,-2
2024-08-16 15:01:00.325,22366,22367,22365,1,-1
2024-08-16 15:01:00.325,22366,22367,22364,1,-1
2024-08-16 15:01:00.491,22363,22366,22363,3,-3
2024-08-16 15:01:00.569,22362,22366,22362,1,-1
2024-08-16 15:01:00.656,22361,22363,22363,1,1
2024-08-16 15:01:00.692,22361,22363,22361,3,-3
2024-08-16 15:01:00.712,22361,22363,22364,1,1
2024-08-16 15:01:01.032,22362,22365,22365,1,1
2024-08-16 15:01:01.352,22363,22367,22364,1,-1
2024-08-16 15:01:03.288,22364,22366,22364,3,-3
2024-08-16 15:01:03.395,22364,22366,22364,2,-2
2024-08-16 15:01:03.801,22363,22366,22366,1,1
2024-08-16 15:01:04.400,22363,22366,22366,1,1
2024-08-16 15:01:05.015,22363,22367,22363,2,-2
2024-08-16 15:01:05.411,22364,22367,22367,1,1
2024-08-16 15:01:06.975,22366,22370,22366,1,-1
2024-08-16 15:01:07.028,22366,22370,22366,2,-2
2024-08-16 15:01:07.140,22366,22369,22369,1,1
2024-08-16 15:01:07.142,22366,22369,22369,1,1
2024-08-16 15:01:07.813,22367,22370,22367,1,-1
2024-08-16 15:01:07.990,22367,22370,22367,1,-1
2024-08-16 15:01:08.513,22366,22370,22366,1,-1
2024-08-16 15:01:09.038,22365,22369,22369,1,1
2024-08-16 15:01:09.824,22365,22369,22365,1,-1
2024-08-16 15:01:11.319,22367,22369,22369,1,1
2024-08-16 15:01:11.690,22367,22369,22369,3,3
2024-08-16 15:01:12.248,22367,22370,22370,3,3
2024-08-16 15:01:13.153,22368,22372,22372,3,3
2024-08-16 15:01:14.359,22368,22372,22372,2,2
2024-08-16 15:01:14.359,22368,22372,22373,1,1
2024-08-16 15:01:16.949,22368,22372,22372,3,3
2024-08-16 15:01:16.949,22368,22372,22373,3,3
2024-08-16 15:01:16.949,22368,22372,22374,2,2
2024-08-16 15:01:17.450,22369,22374,22373,1,1
2024-08-16 15:01:18.305,22369,22374,22373,1,1
2024-08-16 15:01:18.957,22369,22374,22368,2,-2
2024-08-16 15:01:18.957,22369,22374,22367,2,-2
2024-08-16 15:01:19.048,22366,22371,22370,1,1
2024-08-16 15:01:19.147,22367,22370,22368,1,-1
2024-08-16 15:01:20.673,22368,22372,22368,1,-1
2024-08-16 15:01:21.518,22366,22370,22369,1,1
2024-08-16 15:01:21.537,22366,22370,22370,2,2
2024-08-16 15:01:22.606,22368,22371,22371,2,2
2024-08-16 15:01:22.606,22368,22371,22372,3,3
2024-08-16 15:01:23.045,22370,22373,22373,1,1
2024-08-16 15:01:23.046,22370,22373,22374,2,2
2024-08-16 15:01:23.046,22370,22373,22374,2,2
2024-08-16 15:01:23.046,22370,22373,22375,4,4
2024-08-16 15:01:23.047,22370,22373,22376,1,1
2024-08-16 15:01:23.103,22370,22373,22373,1,1
2024-08-16 15:01:23.670,22373,22376,22373,2,-2
2024-08-16 15:01:23.670,22373,22376,22372,1,-1
2024-08-16 15:01:24.349,22374,22376,22374,1,-1
2024-08-16 15:01:26.055,22371,22374,22374,2,2
2024-08-16 15:01:26.791,22371,22374,22374,1,1
2024-08-16 15:01:27.298,22373,22376,22376,1,1
2024-08-16 15:01:27.458,22375,22377,22377,1,1
2024-08-16 15:01:27.459,22375,22377,22377,2,2
2024-08-16 15:01:28.230,22375,22378,22375,1,-1
2024-08-16 15:01:28.789,22375,22377,22377,3,3
2024-08-16 15:01:28.789,22375,22377,22378,1,1
2024-08-16 15:01:29.007,22375,22378,22378,1,1
2024-08-16 15:01:29.490,22375,22377,22375,1,-1
2024-08-16 15:01:30.529,22372,22376,22372,1,-1
2024-08-16 15:01:30.821,22372,22376,22376,3,3
2024-08-16 15:01:30.854,22372,22376,22377,1,1
2024-08-16 15:01:31.264,22374,22377,22374,1,-1
2024-08-16 15:01:31.824,22374,22377,22377,1,1
2024-08-16 15:01:33.305,22377,22378,22377,1,-1
2024-08-16 15:01:33.624,22375,22378,22378,1,1
2024-08-16 15:01:38.492,22375,22378,22378,1,1
2024-08-16 15:01:38.829,22375,22378,22378,1,1
2024-08-16 15:01:39.964,22375,22378,22378,1,1
2024-08-16 15:01:40.204,22375,22378,22378,2,2
2024-08-16 15:01:40.216,22375,22378,22377,2,2
2024-08-16 15:01:41.331,22377,22379,22377,1,-1
2024-08-16 15:01:41.689,22375,22378,22378,1,1
2024-08-16 15:01:41.848,22377,22379,22379,1,1
2024-08-16 15:01:41.849,22377,22379,22379,2,2
2024-08-16 15:01:41.849,22377,22379,22379,3,3
2024-08-16 15:01:41.849,22377,22379,22379,1,1
2024-08-16 15:01:41.850,22377,22379,22380,1,1
2024-08-16 15:01:41.850,22377,22379,22380,3,3
2024-08-16 15:01:41.850,22377,22379,22379,1,1
2024-08-16 15:01:42.814,22379,22381,22381,1,1
2024-08-16 15:01:42.942,22379,22381,22381,2,2
2024-08-16 15:01:42.942,22379,22381,22382,1,1
2024-08-16 15:01:44.280,22380,22382,22382,1,1
2024-08-16 15:01:44.280,22380,22382,22382,5,5
2024-08-16 15:01:44.281,22380,22382,22382,1,1
2024-08-16 15:01:44.281,22380,22382,22382,3,3
2024-08-16 15:01:44.281,22380,22382,22382,2,2
2024-08-16 15:01:44.406,22380,22382,22380,1,-1
2024-08-16 15:01:44.822,22378,22381,22381,1,1
2024-08-16 15:01:45.622,22379,22381,22381,1,1
2024-08-16 15:01:45.622,22379,22381,22382,1,1
2024-08-16 15:01:45.741,22379,22382,22381,2,2
2024-08-16 15:01:45.795,22379,22382,22382,1,1
2024-08-16 15:01:45.943,22379,22382,22382,1,1
2024-08-16 15:01:46.377,22379,22381,22381,2,2
2024-08-16 15:01:48.479,22380,22381,22382,2,2
2024-08-16 15:01:48.479,22380,22381,22381,1,1
2024-08-16 15:01:48.479,22380,22381,22383,2,2
2024-08-16 15:01:48.583,22381,22383,22383,2,2
2024-08-16 15:01:48.669,22381,22383,22383,1,1
2024-08-16 15:01:48.670,22381,22383,22383,1,1
2024-08-16 15:01:48.670,22381,22383,22383,1,1
2024-08-16 15:01:48.670,22381,22383,22383,1,1
2024-08-16 15:01:50.601,22381,22384,22384,1,1
2024-08-16 15:01:54.291,22382,22383,22382,6,-6
2024-08-16 15:01:54.291,22382,22383,22382,3,-3
2024-08-16 15:01:54.291,22382,22383,22382,2,-2
2024-08-16 15:01:54.292,22382,22383,22381,4,-4
2024-08-16 15:01:54.542,22380,22382,22380,5,-5
2024-08-16 15:01:55.625,22378,22381,22378,2,-2
2024-08-16 15:01:55.625,22378,22381,22377,2,-2
2024-08-16 15:01:55.625,22378,22381,22377,4,-4
2024-08-16 15:01:55.626,22378,22381,22377,2,-2
2024-08-16 15:01:55.626,22378,22381,22377,3,-3
2024-08-16 15:01:56.230,22376,22379,22376,2,-2
2024-08-16 15:01:56.230,22376,22379,22375,2,-2
2024-08-16 15:01:56.300,22375,22379,22375,1,-1
2024-08-16 15:01:56.970,22375,22378,22377,1,1
2024-08-16 15:01:57.245,22376,22379,22376,1,-1
2024-08-16 15:02:00.196,22376,22379,22378,2,2
2024-08-16 15:02:00.219,22376,22379,22376,1,-1
2024-08-16 15:02:00.442,22376,22378,22376,1,-1
2024-08-16 15:02:00.700,22375,22378,22378,1,1
2024-08-16 15:02:01.994,22376,22378,22378,1,1
2024-08-16 15:02:02.994,22376,22378,22376,1,-1
2024-08-16 15:02:03.516,22375,22377,22377,2,2
2024-08-16 15:02:03.565,22375,22377,22378,1,1
2024-08-16 15:02:03.565,22375,22377,22377,1,1
2024-08-16 15:02:03.793,22376,22378,22378,2,2
2024-08-16 15:02:06.463,22375,22377,22377,1,1
2024-08-16 15:02:07.435,22375,22378,22375,2,-2
2024-08-16 15:02:07.435,22375,22378,22375,2,-2
2024-08-16 15:02:07.435,22375,22378,22374,1,-1
2024-08-16 15:02:07.435,22375,22378,22374,1,-1
2024-08-16 15:02:07.436,22375,22378,22373,2,-2
2024-08-16 15:02:08.661,22375,22377,22375,1,-1
2024-08-16 15:02:08.813,22375,22377,22375,1,-1
2024-08-16 15:02:09.307,22375,22377,22375,1,-1
2024-08-16 15:02:10.549,22374,22377,22374,1,-1
2024-08-16 15:02:11.900,22373,22376,22375,1,1
2024-08-16 15:02:13.665,22373,22376,22376,1,1
2024-08-16 15:02:17.610,22375,22377,22377,2,2
2024-08-16 15:02:17.610,22375,22377,22378,7,7
2024-08-16 15:02:17.611,22375,22377,22379,1,1
2024-08-16 15:02:17.611,22375,22377,22378,1,1
2024-08-16 15:02:17.875,22378,22380,22380,1,1
2024-08-16 15:02:17.876,22378,22380,22381,1,1
2024-08-16 15:02:18.023,22380,22382,22382,2,2
2024-08-16 15:02:18.024,22380,22382,22383,2,2
2024-08-16 15:02:18.024,22380,22382,22382,2,2
2024-08-16 15:02:18.024,22380,22382,22382,1,1
2024-08-16 15:02:18.044,22380,22382,22381,1,1
2024-08-16 15:02:21.061,22380,22381,22380,2,-2
2024-08-16 15:02:21.182,22378,22381,22381,1,1
2024-08-16 15:02:21.357,22378,22381,22378,3,-3
2024-08-16 15:02:23.133,22378,22380,22380,1,1
2024-08-16 15:02:24.738,22378,22382,22378,5,-5
2024-08-16 15:02:26.254,22378,22380,22378,3,-3
2024-08-16 15:02:26.362,22377,22379,22379,2,2
2024-08-16 15:02:27.232,22377,22378,22377,1,-1
2024-08-16 15:02:27.329,22375,22378,22376,1,-1
2024-08-16 15:02:27.329,22375,22378,22377,1,1
2024-08-16 15:02:32.339,22374,22377,22376,1,1
2024-08-16 15:02:32.805,22375,22377,22377,1,1
2024-08-16 15:02:37.266,22374,22376,22374,1,-1
2024-08-16 15:02:37.923,22372,22374,22374,1,1
2024-08-16 15:02:38.221,22372,22375,22372,1,-1
2024-08-16 15:02:38.695,22372,22373,22372,1,-1
2024-08-16 15:02:40.186,22372,22373,22373,1,1
2024-08-16 15:02:40.244,22372,22373,22372,1,-1
2024-08-16 15:02:42.200,22372,22375,22372,1,-1
2024-08-16 15:02:42.332,22372,22375,22372,1,-1
2024-08-16 15:02:46.307,22372,22373,22372,1,-1
2024-08-16 15:02:48.541,22372,22373,22373,1,1
2024-08-16 15:02:48.921,22372,22374,22374,1,1
2024-08-16 15:02:49.215,22374,22377,22374,1,-1
2024-08-16 15:03:02.814,22374,22377,22377,2,2
2024-08-16 15:03:02.814,22374,22377,22377,1,1
2024-08-16 15:03:02.814,22374,22377,22377,1,1
2024-08-16 15:03:02.814,22374,22377,22376,1,1
2024-08-16 15:03:02.909,22375,22378,22378,2,2
2024-08-16 15:03:02.910,22375,22378,22378,1,1
2024-08-16 15:03:04.836,22376,22379,22379,1,1
2024-08-16 15:03:04.914,22377,22380,22377,2,-2
2024-08-16 15:03:04.915,22377,22380,22377,2,-2
2024-08-16 15:03:06.581,22375,22377,22377,1,1
2024-08-16 15:03:06.583,22375,22377,22377,2,2
2024-08-16 15:03:07.588,22376,22379,22379,1,1
2024-08-16 15:03:09.294,22378,22379,22379,1,1
2024-08-16 15:03:09.295,22378,22379,22380,1,1
2024-08-16 15:03:09.296,22378,22379,22380,2,2
2024-08-16 15:03:10.794,22378,22381,22381,1,1
2024-08-16 15:03:14.240,22378,22380,22379,1,1
2024-08-16 15:03:15.262,22378,22380,22380,2,2
2024-08-16 15:03:15.907,22378,22380,22380,1,1
2024-08-16 15:03:20.248,22378,22380,22379,1,1
2024-08-16 15:03:22.083,22378,22380,22378,1,-1
2024-08-16 15:03:23.362,22378,22381,22378,1,-1
2024-08-16 15:03:23.440,22376,22380,22376,1,-1
2024-08-16 15:03:28.460,22379,22381,22381,3,3
2024-08-16 15:03:28.460,22379,22381,22381,1,1
2024-08-16 15:03:28.460,22379,22381,22381,3,3
2024-08-16 15:03:28.461,22379,22381,22382,4,4
2024-08-16 15:03:28.518,22381,22383,22381,1,-1
2024-08-16 15:03:29.387,22381,22383,22381,1,-1
2024-08-16 15:03:31.874,22380,22383,22379,3,-3
2024-08-16 15:03:31.874,22380,22383,22380,1,-1
2024-08-16 15:03:34.483,22379,22382,22379,1,-1
2024-08-16 15:03:35.549,22378,22382,22382,1,1
2024-08-16 15:03:37.554,22376,22379,22379,1,1
2024-08-16 15:03:42.511,22377,22379,22377,2,-2
2024-08-16 15:03:45.098,22376,22378,22378,1,1
2024-08-16 15:03:45.284,22377,22379,22377,1,-1
2024-08-16 15:03:47.463,22377,22379,22379,1,1
2024-08-16 15:03:47.520,22378,22381,22378,1,-1
2024-08-16 15:03:49.109,22378,22381,22382,1,1
2024-08-16 15:03:49.110,22378,22381,22383,2,2
2024-08-16 15:03:53.079,22380,22383,22382,1,1
2024-08-16 15:03:53.225,22379,22382,22382,1,1
2024-08-16 15:03:53.566,22379,22383,22383,1,1
2024-08-16 15:03:53.796,22380,22383,22383,1,1
2024-08-16 15:03:54.021,22380,22383,22383,1,1
2024-08-16 15:03:54.717,22379,22382,22382,1,1
2024-08-16 15:03:57.375,22379,22383,22379,1,-1
2024-08-16 15:04:01.299,22381,22382,22381,1,-1
2024-08-16 15:04:06.388,22381,22382,22381,3,-3
2024-08-16 15:04:08.377,22381,22382,22381,1,-1
2024-08-16 15:04:14.335,22380,22382,22379,3,-3
2024-08-16 15:04:14.335,22380,22382,22380,1,-1
2024-08-16 15:04:14.336,22380,22382,22379,5,-5
2024-08-16 15:04:14.336,22380,22382,22378,2,-2
2024-08-16 15:04:14.338,22380,22382,22378,2,-2
2024-08-16 15:04:14.338,22380,22382,22378,6,-6
2024-08-16 15:04:14.743,22377,22379,22379,1,1
2024-08-16 15:04:14.743,22377,22379,22380,1,1
2024-08-16 15:04:14.743,22377,22379,22381,3,3
2024-08-16 15:04:14.921,22379,22382,22379,1,-1
2024-08-16 15:04:20.188,22378,22380,22380,1,1
2024-08-16 15:04:20.248,22378,22380,22379,1,1
2024-08-16 15:04:20.993,22379,22382,22382,4,4
2024-08-16 15:04:20.993,22379,22382,22382,2,2
2024-08-16 15:04:20.995,22379,22382,22383,1,1
2024-08-16 15:04:20.996,22379,22382,22384,15,15
2024-08-16 15:04:20.996,22379,22382,22385,1,1
2024-08-16 15:04:20.996,22379,22382,22385,1,1
2024-08-16 15:04:20.997,22379,22382,22385,2,2
2024-08-16 15:04:20.997,22379,22382,22383,1,1
2024-08-16 15:04:20.997,22379,22382,22385,2,2
2024-08-16 15:04:20.998,22379,22382,22385,2,2
2024-08-16 15:04:21.204,22382,22385,22385,1,1
2024-08-16 15:04:21.306,22383,22385,22383,1,-1
2024-08-16 15:04:21.665,22382,22385,22385,1,1
2024-08-16 15:04:29.374,22382,22384,22383,1,1
2024-08-16 15:04:34.366,22383,22384,22384,1,1
2024-08-16 15:04:36.737,22383,22385,22385,1,1
2024-08-16 15:04:38.175,22384,22386,22385,1,1
2024-08-16 15:04:38.448,22384,22386,22386,2,2
2024-08-16 15:04:38.448,22384,22386,22386,2,2
2024-08-16 15:04:38.448,22384,22386,22386,2,2
2024-08-16 15:04:38.449,22384,22386,22387,1,1
2024-08-16 15:04:38.449,22384,22386,22387,2,2
2024-08-16 15:04:38.449,22384,22386,22387,3,3
2024-08-16 15:04:40.153,22386,22388,22388,1,1
2024-08-16 15:04:40.193,22386,22388,22388,7,7
2024-08-16 15:04:40.194,22386,22388,22388,3,3
2024-08-16 15:04:40.194,22386,22388,22388,1,1
2024-08-16 15:04:40.195,22386,22388,22389,1,1
2024-08-16 15:04:40.247,22386,22388,22388,1,1
2024-08-16 15:04:41.314,22388,22390,22388,1,-1
2024-08-16 15:04:41.499,22387,22389,22387,2,-2
2024-08-16 15:04:42.309,22387,22389,22387,1,-1
2024-08-16 15:04:46.215,22387,22389,22387,1,-1
2024-08-16 15:04:47.036,22387,22389,22389,1,1
2024-08-16 15:04:47.935,22387,22389,22389,2,2
2024-08-16 15:04:47.936,22387,22389,22390,11,11
2024-08-16 15:04:47.936,22387,22389,22389,4,4
2024-08-16 15:04:47.936,22387,22389,22390,1,1
2024-08-16 15:04:47.937,22387,22389,22391,1,1
2024-08-16 15:04:47.937,22387,22389,22391,1,1
2024-08-16 15:04:47.957,22387,22389,22392,1,1
2024-08-16 15:04:48.035,22389,22392,22389,1,-1
2024-08-16 15:04:49.274,22389,22391,22389,1,-1
2024-08-16 15:04:50.659,22388,22391,22390,1,1
2024-08-16 15:04:51.345,22388,22390,22390,1,1
2024-08-16 15:04:51.656,22388,22390,22389,1,1
2024-08-16 15:04:53.133,22387,22389,22389,2,2
2024-08-16 15:04:53.871,22388,22391,22388,1,-1
2024-08-16 15:04:54.349,22388,22390,22390,1,1
2024-08-16 15:04:56.112,22388,22389,22389,1,1
2024-08-16 15:04:56.337,22389,22391,22391,3,3
2024-08-16 15:04:57.990,22389,22392,22389,1,-1
2024-08-16 15:04:58.255,22387,22390,22387,2,-2
2024-08-16 15:04:59.458,22389,22390,22389,1,-1
2024-08-16 15:05:00.241,22388,22390,22390,1,1
2024-08-16 15:05:00.241,22388,22390,22390,2,2
2024-08-16 15:05:00.241,22388,22390,22390,6,6
2024-08-16 15:05:00.250,22388,22390,22390,1,1
2024-08-16 15:05:00.271,22389,22391,22391,1,1
2024-08-16 15:05:00.833,22389,22391,22391,2,2
2024-08-16 15:05:00.833,22389,22391,22392,5,5
2024-08-16 15:05:05.314,22389,22392,22389,8,-8
2024-08-16 15:05:05.314,22389,22392,22388,2,-2
2024-08-16 15:05:05.314,22389,22392,22388,2,-2
2024-08-16 15:05:05.315,22389,22392,22388,3,-3
2024-08-16 15:05:05.315,22389,22392,22388,1,-1
2024-08-16 15:05:05.315,22389,22392,22388,1,-1
2024-08-16 15:05:05.319,22389,22392,22388,2,-2
2024-08-16 15:05:06.089,22387,22389,22388,1,-1
2024-08-16 15:05:07.612,22387,22389,22388,2,-2
2024-08-16 15:05:07.639,22387,22389,22389,1,1
2024-08-16 15:05:07.750,22387,22389,22389,1,1
2024-08-16 15:05:07.750,22387,22389,22391,1,1
2024-08-16 15:05:07.934,22388,22391,22388,3,-3
2024-08-16 15:05:08.817,22387,22390,22390,1,1
2024-08-16 15:05:11.530,22387,22390,22387,1,-1
2024-08-16 15:05:11.591,22387,22390,22387,2,-2
2024-08-16 15:05:15.387,22387,22389,22387,1,-1
2024-08-16 15:05:16.145,22386,22389,22386,2,-2
2024-08-16 15:05:16.146,22386,22389,22385,1,-1
2024-08-16 15:05:16.408,22384,22386,22387,1,1
2024-08-16 15:05:18.420,22385,22388,22388,1,1
2024-08-16 15:05:18.820,22385,22388,22388,1,1
2024-08-16 15:05:24.003,22384,22385,22385,1,1
2024-08-16 15:05:24.015,22385,22387,22387,1,1
2024-08-16 15:05:27.559,22384,22386,22384,1,-1
2024-08-16 15:05:35.230,22384,22386,22384,1,-1
2024-08-16 15:05:35.230,22384,22386,22384,2,-2
2024-08-16 15:05:35.262,22383,22386,22383,1,-1
2024-08-16 15:05:35.263,22383,22386,22383,1,-1
2024-08-16 15:05:35.263,22383,22386,22383,2,-2
2024-08-16 15:05:35.264,22383,22386,22382,2,-2
2024-08-16 15:05:35.264,22383,22386,22382,1,-1
2024-08-16 15:05:35.264,22383,22386,22381,2,-2
2024-08-16 15:05:35.265,22383,22386,22382,1,-1
2024-08-16 15:05:35.265,22383,22386,22383,1,-1
2024-08-16 15:05:35.266,22383,22386,22384,1,-1
2024-08-16 15:05:35.595,22382,22385,22385,1,1
2024-08-16 15:05:37.285,22382,22385,22382,2,-2
2024-08-16 15:05:37.389,22380,22382,22382,1,1
2024-08-16 15:05:37.389,22380,22382,22382,1,1
2024-08-16 15:05:37.390,22380,22382,22383,1,1
2024-08-16 15:05:37.391,22380,22382,22383,1,1
2024-08-16 15:05:37.396,22380,22382,22384,1,1
2024-08-16 15:05:37.792,22381,22384,22384,1,1
2024-08-16 15:05:37.859,22381,22384,22384,1,1
2024-08-16 15:05:38.209,22382,22385,22382,1,-1
2024-08-16 15:05:39.578,22381,22385,22385,1,1
2024-08-16 15:05:40.247,22383,22385,22384,1,1
2024-08-16 15:05:41.299,22384,22385,22384,1,-1
2024-08-16 15:05:43.483,22384,22385,22385,4,4
2024-08-16 15:05:44.841,22384,22386,22386,2,2
2024-08-16 15:05:44.842,22384,22386,22387,2,2
2024-08-16 15:05:44.844,22384,22386,22388,1,1
2024-08-16 15:05:45.589,22387,22388,22387,1,-1
2024-08-16 15:05:49.124,22386,22388,22388,1,1
2024-08-16 15:05:52.355,22387,22389,22389,2,2
2024-08-16 15:05:52.356,22387,22389,22389,2,2
2024-08-16 15:05:52.357,22387,22389,22390,2,2
2024-08-16 15:05:52.357,22387,22389,22390,1,1
2024-08-16 15:05:53.387,22387,22390,22390,1,1
2024-08-16 15:05:55.223,22389,22391,22391,3,3
2024-08-16 15:05:55.224,22389,22391,22392,2,2
2024-08-16 15:05:55.224,22389,22391,22392,2,2
2024-08-16 15:05:55.224,22389,22391,22392,1,1
2024-08-16 15:05:55.224,22389,22391,22392,2,2
2024-08-16 15:05:55.224,22389,22391,22392,1,1
2024-08-16 15:05:55.224,22389,22391,22392,1,1
2024-08-16 15:05:55.395,22391,22393,22393,1,1
2024-08-16 15:05:55.587,22391,22393,22393,2,2
2024-08-16 15:05:56.902,22391,22392,22392,1,1
2024-08-16 15:05:57.093,22391,22392,22392,1,1
2024-08-16 15:05:58.518,22392,22393,22392,2,-2
2024-08-16 15:06:00.247,22390,22392,22391,1,-1
2024-08-16 15:06:00.265,22391,22392,22392,1,1
2024-08-16 15:06:00.266,22391,22392,22392,1,1
2024-08-16 15:06:00.266,22391,22392,22392,1,1
2024-08-16 15:06:00.269,22391,22392,22393,1,1
2024-08-16 15:06:04.913,22391,22392,22391,2,-2
2024-08-16 15:06:05.013,22390,22391,22391,1,1
2024-08-16 15:06:05.013,22390,22391,22391,1,1
2024-08-16 15:06:05.013,22390,22391,22391,1,1
2024-08-16 15:06:05.014,22390,22391,22392,1,1
2024-08-16 15:06:05.015,22390,22391,22392,1,1
2024-08-16 15:06:05.015,22390,22391,22392,1,1
2024-08-16 15:06:05.016,22390,22391,22393,1,1
2024-08-16 15:06:05.016,22390,22391,22393,1,1
2024-08-16 15:06:08.565,22392,22393,22393,2,2
2024-08-16 15:06:10.179,22392,22393,22392,1,-1
2024-08-16 15:06:10.265,22390,22393,22393,1,1
2024-08-16 15:06:10.265,22390,22393,22394,1,1
2024-08-16 15:06:11.085,22390,22392,22392,1,1
2024-08-16 15:06:11.833,22390,22392,22392,1,1
2024-08-16 15:06:13.539,22390,22392,22391,1,1
2024-08-16 15:06:13.746,22390,22391,22390,3,-3
2024-08-16 15:06:14.304,22390,22392,22391,1,-1
2024-08-16 15:06:15.067,22389,22392,22392,2,2
2024-08-16 15:06:17.555,22389,22392,22392,2,2
2024-08-16 15:06:17.555,22389,22392,22393,1,1
2024-08-16 15:06:19.955,22392,22393,22393,1,1
2024-08-16 15:06:19.956,22392,22393,22393,1,1
2024-08-16 15:06:20.148,22392,22394,22394,2,2
2024-08-16 15:06:20.204,22392,22394,22392,1,-1
2024-08-16 15:06:20.552,22391,22393,22393,2,2
2024-08-16 15:06:21.416,22390,22392,22392,1,1
2024-08-16 15:06:25.797,22391,22392,22391,1,-1
2024-08-16 15:06:27.035,22390,22392,22392,3,3
2024-08-16 15:06:27.036,22390,22392,22392,3,3
2024-08-16 15:06:30.318,22390,22392,22392,1,1
2024-08-16 15:06:33.123,22390,22392,22392,1,1
2024-08-16 15:06:34.955,22389,22392,22392,2,2
2024-08-16 15:06:36.470,22390,22393,22390,1,-1
2024-08-16 15:06:37.964,22389,22391,22391,1,1
2024-08-16 15:06:40.263,22390,22391,22390,1,-1
2024-08-16 15:06:41.337,22390,22391,22390,1,-1
2024-08-16 15:06:55.580,22390,22391,22391,1,1
2024-08-16 15:06:56.578,22390,22392,22390,1,-1
2024-08-16 15:06:59.663,22390,22392,22390,1,-1
2024-08-16 15:07:01.302,22391,22392,22391,3,-3
2024-08-16 15:07:02.974,22390,22391,22390,1,-1
2024-08-16 15:07:03.142,22390,22391,22390,4,-4
2024-08-16 15:07:03.163,22390,22391,22389,2,-2
2024-08-16 15:07:04.182,22388,22390,22391,1,1
2024-08-16 15:07:13.213,22389,22390,22389,1,-1
2024-08-16 15:07:15.368,22387,22389,22387,1,-1
2024-08-16 15:07:17.048,22387,22389,22387,1,-1
2024-08-16 15:07:20.406,22388,22389,22389,1,1
2024-08-16 15:07:20.407,22388,22389,22389,1,1
2024-08-16 15:07:22.373,22389,22390,22388,1,-1
2024-08-16 15:07:24.496,22388,22390,22390,1,1
2024-08-16 15:07:24.561,22390,22391,22391,1,1
2024-08-16 15:07:30.270,22390,22392,22390,1,-1
2024-08-16 15:07:30.613,22388,22391,22391,1,1
2024-08-16 15:07:31.240,22389,22391,22390,1,1
2024-08-16 15:07:31.263,22388,22390,22390,1,1
2024-08-16 15:07:31.265,22388,22390,22390,1,1
2024-08-16 15:07:34.132,22388,22391,22390,1,1
2024-08-16 15:07:35.263,22388,22391,22391,1,1
2024-08-16 15:07:36.707,22388,22391,22390,2,2
2024-08-16 15:07:37.414,22388,22391,22391,1,1
2024-08-16 15:07:37.566,22388,22391,22388,2,-2
2024-08-16 15:07:39.124,22387,22390,22387,1,-1
2024-08-16 15:07:40.921,22387,22390,22388,1,-1
2024-08-16 15:07:40.947,22387,22390,22387,2,-2
2024-08-16 15:07:41.122,22385,22388,22385,1,-1
2024-08-16 15:07:44.918,22386,22389,22389,1,1
2024-08-16 15:07:45.072,22386,22389,22389,1,1
2024-08-16 15:07:46.231,22386,22390,22386,2,-2
2024-08-16 15:07:46.231,22386,22390,22385,2,-2
2024-08-16 15:07:49.426,22386,22389,22386,1,-1
2024-08-16 15:07:50.572,22383,22386,22386,1,1
2024-08-16 15:07:52.911,22382,22385,22381,2,-2
2024-08-16 15:07:52.911,22382,22385,22381,3,-3
2024-08-16 15:07:52.912,22382,22385,22380,1,-1
2024-08-16 15:07:52.912,22382,22385,22380,2,-2
2024-08-16 15:07:52.913,22382,22385,22379,1,-1
2024-08-16 15:07:52.913,22382,22385,22380,3,-3
2024-08-16 15:07:53.109,22379,22380,22379,1,-1
2024-08-16 15:07:53.220,22378,22379,22378,1,-1
2024-08-16 15:07:53.251,22378,22379,22379,1,1
2024-08-16 15:07:54.308,22379,22382,22379,1,-1
2024-08-16 15:07:55.602,22380,22382,22382,1,1
2024-08-16 15:07:58.167,22381,22384,22381,1,-1
2024-08-16 15:07:58.506,22381,22384,22384,1,1
2024-08-16 15:07:59.284,22383,22385,22383,1,-1
2024-08-16 15:08:05.118,22379,22383,22382,2,2
2024-08-16 15:08:05.308,22379,22382,22379,1,-1
2024-08-16 15:08:05.636,22379,22382,22382,2,2
2024-08-16 15:08:05.636,22379,22382,22383,1,1
2024-08-16 15:08:10.612,22380,22383,22380,2,-2
2024-08-16 15:08:16.021,22380,22383,22380,1,-1
2024-08-16 15:08:19.345,22380,22383,22383,1,1
2024-08-16 15:08:20.186,22381,22384,22384,1,1
2024-08-16 15:08:26.618,22381,22383,22383,1,1
2024-08-16 15:08:26.619,22381,22383,22384,1,1
2024-08-16 15:08:26.619,22381,22383,22384,2,2
2024-08-16 15:08:35.022,22381,22383,22383,2,2
2024-08-16 15:08:35.340,22381,22384,22381,1,-1
2024-08-16 15:08:38.983,22380,22382,22380,1,-1
2024-08-16 15:08:39.330,22380,22382,22380,2,-2
2024-08-16 15:08:39.330,22380,22382,22380,2,-2
2024-08-16 15:08:39.331,22380,22382,22379,2,-2
2024-08-16 15:08:39.331,22380,22382,22379,1,-1
2024-08-16 15:08:39.332,22380,22382,22378,1,-1
2024-08-16 15:08:39.332,22380,22382,22378,2,-2
2024-08-16 15:08:39.333,22380,22382,22378,1,-1
2024-08-16 15:08:39.333,22380,22382,22378,1,-1
2024-08-16 15:08:39.334,22380,22382,22377,1,-1
2024-08-16 15:08:39.337,22380,22382,22377,2,-2
2024-08-16 15:08:39.338,22380,22382,22376,2,-2
2024-08-16 15:08:39.338,22380,22382,22375,1,-1
2024-08-16 15:08:39.339,22380,22382,22375,1,-1
2024-08-16 15:08:40.204,22375,22376,22376,1,1
2024-08-16 15:08:40.262,22375,22377,22375,1,-1
2024-08-16 15:08:47.747,22376,22379,22379,1,1
2024-08-16 15:08:48.427,22376,22380,22376,2,-2
2024-08-16 15:08:48.427,22376,22380,22375,2,-2
2024-08-16 15:08:51.908,22377,22379,22379,2,2
2024-08-16 15:08:51.967,22377,22379,22382,1,1
2024-08-16 15:08:52.166,22379,22382,22379,1,-1
2024-08-16 15:08:56.723,22377,22380,22377,1,-1
2024-08-16 15:08:56.809,22377,22380,22380,1,1
2024-08-16 15:08:59.019,22380,22382,22380,1,-1
2024-08-16 15:09:01.487,22380,22382,22380,1,-1
2024-08-16 15:09:02.228,22380,22382,22382,1,1
2024-08-16 15:09:02.228,22380,22382,22383,2,2
2024-08-16 15:09:02.229,22380,22382,22384,3,3
2024-08-16 15:09:02.229,22380,22382,22384,1,1
2024-08-16 15:09:02.286,22383,22385,22383,1,-1
2024-08-16 15:09:08.485,22379,22382,22379,2,-2
2024-08-16 15:09:10.146,22380,22383,22380,1,-1
2024-08-16 15:09:20.398,22383,22384,22383,1,-1
2024-08-16 15:09:25.133,22381,22384,22381,1,-1
2024-08-16 15:09:29.162,22380,22382,22380,1,-1
2024-08-16 15:09:29.162,22380,22382,22379,2,-2
2024-08-16 15:09:32.059,22378,22381,22378,1,-1
2024-08-16 15:09:33.081,22377,22380,22377,2,-2
2024-08-16 15:09:33.734,22377,22379,22377,1,-1
2024-08-16 15:09:35.069,22375,22377,22375,1,-1
2024-08-16 15:09:39.267,22379,22382,22379,1,-1
2024-08-16 15:09:44.402,22378,22380,22380,1,1
2024-08-16 15:09:54.284,22379,22381,22381,2,2
2024-08-16 15:09:57.076,22382,22384,22384,5,5
2024-08-16 15:09:57.077,22382,22384,22385,2,2
2024-08-16 15:09:57.077,22382,22384,22385,2,2
2024-08-16 15:09:57.081,22382,22384,22386,1,1
2024-08-16 15:09:57.243,22383,22386,22386,1,1
2024-08-16 15:10:05.824,22383,22386,22386,1,1
2024-08-16 15:10:05.982,22387,22389,22389,3,3
2024-08-16 15:10:06.032,22387,22389,22389,1,1
2024-08-16 15:10:06.209,22388,22390,22390,1,1
2024-08-16 15:10:06.209,22388,22390,22390,1,1
2024-08-16 15:10:06.209,22388,22390,22390,1,1
2024-08-16 15:10:06.209,22388,22390,22390,1,1
2024-08-16 15:10:06.209,22388,22390,22390,1,1
2024-08-16 15:10:06.344,22388,22391,22391,1,1
2024-08-16 15:10:06.604,22388,22391,22391,1,1
2024-08-16 15:10:08.388,22384,22388,22388,2,2
2024-08-16 15:10:08.388,22384,22388,22389,1,1
2024-08-16 15:10:10.769,22387,22390,22390,1,1
2024-08-16 15:10:12.310,22388,22391,22389,1,-1
2024-08-16 15:10:15.723,22387,22390,22389,1,1
2024-08-16 15:10:17.023,22387,22389,22389,1,1
2024-08-16 15:10:17.725,22387,22389,22387,1,-1
2024-08-16 15:10:18.563,22386,22389,22388,1,1
2024-08-16 15:10:20.409,22384,22388,22384,1,-1
2024-08-16 15:10:29.275,22384,22387,22384,1,-1
2024-08-16 15:10:30.932,22384,22387,22384,1,-1
2024-08-16 15:10:37.839,22381,22384,22384,2,2
2024-08-16 15:10:37.840,22381,22384,22384,3,3
2024-08-16 15:10:37.840,22381,22384,22384,1,1
2024-08-16 15:10:37.888,22383,22386,22383,1,-1
2024-08-16 15:10:40.247,22383,22385,22384,1,-1
2024-08-16 15:10:56.479,22381,22383,22381,1,-1
2024-08-16 15:10:57.195,22379,22382,22379,1,-1
2024-08-16 15:10:58.293,22379,22381,22379,1,-1
2024-08-16 15:11:01.167,22379,22381,22379,1,-1
2024-08-16 15:11:03.764,22379,22381,22381,1,1
2024-08-16 15:11:04.811,22379,22382,22382,1,1
2024-08-16 15:11:07.976,22380,22383,22380,1,-1
2024-08-16 15:11:08.217,22380,22382,22378,2,-2
2024-08-16 15:11:08.217,22380,22382,22379,2,-2
2024-08-16 15:11:08.217,22380,22382,22380,2,-2
2024-08-16 15:11:14.012,22378,22381,22378,1,-1
2024-08-16 15:11:15.015,22379,22381,22379,1,-1
2024-08-16 15:11:15.377,22378,22381,22378,1,-1
2024-08-16 15:11:18.103,22379,22381,22379,3,-3
2024-08-16 15:11:21.563,22379,22381,22381,2,2
2024-08-16 15:11:24.815,22380,22381,22380,1,-1
2024-08-16 15:11:31.001,22380,22381,22381,1,1
2024-08-16 15:11:31.002,22380,22381,22381,2,2
2024-08-16 15:11:31.002,22380,22381,22381,2,2
2024-08-16 15:11:31.002,22380,22381,22381,1,1
2024-08-16 15:11:32.144,22381,22384,22381,2,-2
2024-08-16 15:11:35.382,22380,22383,22380,1,-1
2024-08-16 15:11:40.230,22380,22381,22380,1,-1
2024-08-16 15:11:40.647,22379,22381,22381,1,1
2024-08-16 15:11:48.101,22382,22383,22384,2,2
2024-08-16 15:11:48.144,22383,22385,22385,1,1
2024-08-16 15:11:48.372,22385,22387,22384,2,-2
2024-08-16 15:11:48.372,22385,22387,22383,2,-2
2024-08-16 15:11:55.205,22382,22385,22385,1,1
2024-08-16 15:11:55.310,22382,22385,22382,1,-1
2024-08-16 15:11:57.013,22381,22384,22381,1,-1
2024-08-16 15:11:57.013,22381,22384,22381,2,-2
2024-08-16 15:11:57.013,22381,22384,22381,1,-1
2024-08-16 15:11:58.451,22380,22382,22380,1,-1
2024-08-16 15:11:58.452,22380,22382,22379,1,-1
2024-08-16 15:11:58.452,22380,22382,22379,3,-3
2024-08-16 15:11:59.917,22378,22380,22378,1,-1
2024-08-16 15:12:00.223,22377,22378,22377,1,-1
2024-08-16 15:12:00.433,22376,22378,22378,1,1
2024-08-16 15:12:00.458,22376,22378,22376,1,-1
2024-08-16 15:12:00.459,22376,22378,22376,1,-1
2024-08-16 15:12:01.896,22375,22377,22377,1,1
2024-08-16 15:12:03.267,22375,22377,22377,1,1
2024-08-16 15:12:05.385,22376,22377,22376,1,-1
2024-08-16 15:12:06.490,22375,22377,22375,1,-1
2024-08-16 15:12:08.785,22375,22377,22375,3,-3
2024-08-16 15:12:08.786,22375,22377,22374,1,-1
2024-08-16 15:12:08.786,22375,22377,22373,1,-1
2024-08-16 15:12:08.787,22375,22377,22373,2,-2
2024-08-16 15:12:08.787,22375,22377,22373,1,-1
2024-08-16 15:12:08.788,22375,22377,22372,1,-1
2024-08-16 15:12:08.790,22375,22377,22372,1,-1
2024-08-16 15:12:08.793,22375,22377,22374,1,-1
2024-08-16 15:12:08.907,22374,22377,22374,2,-2
2024-08-16 15:12:09.888,22376,22379,22379,1,1
2024-08-16 15:12:09.888,22376,22379,22380,2,2
2024-08-16 15:12:09.889,22376,22379,22380,1,1
2024-08-16 15:12:09.889,22376,22379,22380,1,1
2024-08-16 15:12:20.203,22380,22383,22380,1,-1
2024-08-16 15:12:21.093,22380,22383,22380,1,-1
2024-08-16 15:12:23.864,22380,22383,22380,1,-1
2024-08-16 15:12:35.581,22380,22382,22380,1,-1
2024-08-16 15:12:35.581,22380,22382,22380,2,-2
2024-08-16 15:12:40.894,22376,22380,22376,2,-2
2024-08-16 15:12:44.137,22376,22378,22378,1,1
2024-08-16 15:12:49.956,22376,22378,22376,1,-1
2024-08-16 15:12:49.957,22376,22378,22375,1,-1
2024-08-16 15:12:49.957,22376,22378,22375,3,-3
2024-08-16 15:12:49.957,22376,22378,22375,1,-1
2024-08-16 15:12:50.057,22374,22376,22374,2,-2
2024-08-16 15:12:50.953,22372,22375,22375,1,1
2024-08-16 15:12:59.719,22373,22375,22375,1,1
2024-08-16 15:12:59.720,22373,22375,22375,1,1
2024-08-16 15:12:59.777,22374,22377,22374,1,-1
2024-08-16 15:13:01.617,22374,22377,22375,1,-1
2024-08-16 15:13:03.943,22373,22375,22373,1,-1
2024-08-16 15:13:08.364,22374,22375,22375,1,1
2024-08-16 15:13:11.981,22374,22376,22376,2,2
2024-08-16 15:13:18.101,22375,22376,22375,1,-1
2024-08-16 15:13:19.050,22374,22376,22376,1,1
2024-08-16 15:13:29.187,22374,22376,22376,1,1
2024-08-16 15:13:30.834,22374,22376,22374,2,-2
2024-08-16 15:13:30.835,22374,22376,22373,2,-2
2024-08-16 15:13:30.837,22374,22376,22372,1,-1
2024-08-16 15:13:30.837,22374,22376,22372,1,-1
2024-08-16 15:13:30.837,22374,22376,22372,1,-1
2024-08-16 15:13:30.837,22374,22376,22372,3,-3
2024-08-16 15:13:30.963,22371,22372,22372,1,1
2024-08-16 15:13:40.601,22373,22375,22375,2,2
2024-08-16 15:13:40.658,22374,22376,22374,1,-1
2024-08-16 15:13:43.618,22374,22376,22376,1,1
2024-08-16 15:13:43.618,22374,22376,22376,1,1
2024-08-16 15:13:44.102,22376,22378,22378,1,1
2024-08-16 15:13:46.495,22377,22380,22377,2,-2
2024-08-16 15:13:46.495,22377,22380,22376,2,-2
2024-08-16 15:13:48.655,22377,22380,22380,1,1
2024-08-16 15:13:53.690,22378,22380,22380,1,1
2024-08-16 15:14:00.493,22377,22380,22380,2,2
2024-08-16 15:14:05.486,22378,22381,22382,6,6
2024-08-16 15:14:05.486,22378,22381,22382,4,4
2024-08-16 15:14:05.486,22378,22381,22381,2,2
2024-08-16 15:14:05.496,22378,22381,22382,1,1
2024-08-16 15:14:12.554,22377,22380,22380,1,1
2024-08-16 15:14:16.002,22377,22380,22380,1,1
2024-08-16 15:14:21.977,22378,22381,22378,2,-2
2024-08-16 15:14:21.977,22378,22381,22377,3,-3
2024-08-16 15:14:24.554,22375,22379,22379,1,1
2024-08-16 15:14:40.275,22376,22379,22376,1,-1
2024-08-16 15:14:43.506,22376,22379,22376,2,-2
2024-08-16 15:14:43.507,22376,22379,22375,1,-1
2024-08-16 15:14:48.086,22372,22376,22372,3,-3
2024-08-16 15:14:51.062,22372,22374,22372,1,-1
2024-08-16 15:14:58.532,22372,22373,22372,1,-1
2024-08-16 15:14:58.534,22372,22373,22371,1,-1
2024-08-16 15:14:58.534,22372,22373,22371,1,-1
2024-08-16 15:14:58.534,22372,22373,22371,2,-2
2024-08-16 15:14:58.534,22372,22373,22371,1,-1
2024-08-16 15:15:01.105,22370,22372,22371,1,-1
2024-08-16 15:15:01.204,22370,22372,22370,6,-6
2024-08-16 15:15:01.204,22370,22372,22370,1,-1
2024-08-16 15:15:01.206,22370,22372,22369,3,-3
2024-08-16 15:15:01.207,22370,22372,22368,1,-1
2024-08-16 15:15:01.207,22370,22372,22368,1,-1
2024-08-16 15:15:01.208,22370,22372,22367,1,-1
2024-08-16 15:15:01.208,22370,22372,22367,1,-1
2024-08-16 15:15:01.442,22366,22367,22367,1,1
2024-08-16 15:15:01.442,22366,22367,22368,1,1
2024-08-16 15:15:01.533,22366,22368,22366,1,-1
2024-08-16 15:15:01.542,22366,22368,22368,1,1
2024-08-16 15:15:01.715,22366,22368,22366,1,-1
2024-08-16 15:15:03.275,22367,22370,22367,1,-1
2024-08-16 15:15:04.138,22367,22369,22367,1,-1
2024-08-16 15:15:04.138,22367,22369,22366,2,-2
2024-08-16 15:15:05.291,22366,22368,22368,1,1
2024-08-16 15:15:06.839,22366,22368,22366,1,-1
2024-08-16 15:15:08.106,22367,22369,22367,1,-1
2024-08-16 15:15:09.616,22366,22369,22369,1,1
2024-08-16 15:15:13.120,22367,22368,22368,2,2
2024-08-16 15:15:14.152,22371,22373,22371,1,-1
2024-08-16 15:15:17.252,22368,22372,22370,1,-1
2024-08-16 15:15:17.806,22369,22370,22369,1,-1
2024-08-16 15:15:17.806,22369,22370,22368,1,-1
2024-08-16 15:15:18.576,22369,22370,22370,1,1
2024-08-16 15:15:18.883,22370,22372,22370,2,-2
2024-08-16 15:15:20.298,22368,22371,22371,1,1
2024-08-16 15:15:26.369,22370,22372,22371,1,1
2024-08-16 15:15:40.221,22370,22372,22370,1,-1
2024-08-16 15:15:41.507,22371,22374,22372,1,-1
2024-08-16 15:15:47.868,22370,22372,22371,1,-1
2024-08-16 15:15:53.450,22370,22373,22373,1,1
2024-08-16 15:15:53.450,22370,22373,22373,2,2
2024-08-16 15:16:01.042,22371,22373,22373,1,1
2024-08-16 15:16:01.144,22373,22374,22374,1,1
2024-08-16 15:16:01.144,22373,22374,22374,1,1
2024-08-16 15:16:01.150,22373,22374,22374,2,2
2024-08-16 15:16:01.151,22373,22374,22375,1,1
2024-08-16 15:16:01.151,22373,22374,22376,1,1
2024-08-16 15:16:01.290,22373,22375,22373,2,-2
2024-08-16 15:16:03.365,22373,22374,22374,1,1
2024-08-16 15:16:03.389,22372,22375,22375,1,1
2024-08-16 15:16:03.389,22372,22375,22375,1,1
2024-08-16 15:16:03.389,22372,22375,22376,1,1
2024-08-16 15:16:05.834,22371,22374,22374,1,1
2024-08-16 15:16:06.609,22372,22374,22372,2,-2
2024-08-16 15:16:19.969,22373,22374,22373,1,-1
2024-08-16 15:16:20.013,22372,22374,22374,1,1
2024-08-16 15:16:20.013,22372,22374,22374,1,1
2024-08-16 15:16:20.013,22372,22374,22374,1,1
2024-08-16 15:16:20.014,22372,22374,22375,1,1
2024-08-16 15:16:20.015,22372,22374,22376,1,1
2024-08-16 15:16:20.139,22373,22376,22376,1,1
2024-08-16 15:16:20.139,22373,22376,22376,1,1
2024-08-16 15:16:20.140,22373,22376,22377,1,1
2024-08-16 15:16:20.140,22373,22376,22377,1,1
2024-08-16 15:16:20.140,22373,22376,22377,1,1
2024-08-16 15:16:20.140,22373,22376,22378,1,1
2024-08-16 15:16:20.141,22373,22376,22378,1,1
2024-08-16 15:16:21.202,22374,22375,22374,1,-1
2024-08-16 15:16:24.384,22373,22375,22375,2,2
2024-08-16 15:16:24.384,22373,22375,22375,1,1
2024-08-16 15:16:25.734,22374,22376,22376,1,1
2024-08-16 15:16:25.734,22374,22376,22377,1,1
2024-08-16 15:16:25.734,22374,22376,22378,1,1
2024-08-16 15:16:30.505,22374,22377,22374,1,-1
2024-08-16 15:16:32.992,22375,22377,22375,1,-1
2024-08-16 15:16:33.014,22373,22376,22376,1,1
2024-08-16 15:16:33.014,22373,22376,22376,1,1
2024-08-16 15:16:33.015,22373,22376,22377,1,1
2024-08-16 15:16:33.017,22373,22376,22378,1,1
2024-08-16 15:16:34.303,22375,22378,22378,1,1
2024-08-16 15:16:35.089,22376,22379,22379,1,1
2024-08-16 15:16:38.626,22376,22379,22379,1,1
2024-08-16 15:16:38.639,22376,22379,22379,1,1
2024-08-16 15:16:38.639,22376,22379,22379,1,1
2024-08-16 15:16:38.639,22376,22379,22379,1,1
2024-08-16 15:16:38.639,22376,22379,22379,1,1
2024-08-16 15:16:38.645,22376,22379,22379,1,1
2024-08-16 15:16:38.688,22376,22379,22379,4,4
2024-08-16 15:16:38.688,22376,22379,22379,1,1
2024-08-16 15:16:38.703,22376,22379,22379,1,1
2024-08-16 15:16:40.994,22376,22379,22376,1,-1
2024-08-16 15:16:41.638,22375,22378,22375,1,-1
2024-08-16 15:16:55.451,22377,22379,22379,2,2
2024-08-16 15:16:55.509,22377,22379,22379,1,1
2024-08-16 15:17:06.727,22377,22380,22379,1,1
2024-08-16 15:17:06.765,22379,22380,22380,1,1
2024-08-16 15:17:06.766,22379,22380,22380,1,1
2024-08-16 15:17:08.431,22379,22380,22379,2,-2
2024-08-16 15:17:08.705,22378,22380,22378,1,-1
2024-08-16 15:17:08.736,22378,22380,22380,1,1
2024-08-16 15:17:15.772,22378,22380,22380,2,2
2024-08-16 15:17:16.590,22378,22381,22381,1,1
2024-08-16 15:17:23.178,22378,22380,22380,1,1
2024-08-16 15:17:28.148,22378,22379,22378,1,-1
2024-08-16 15:17:33.397,22377,22379,22377,1,-1
2024-08-16 15:17:34.410,22376,22377,22376,1,-1
2024-08-16 15:17:40.447,22375,22378,22375,1,-1
2024-08-16 15:17:44.487,22376,22378,22378,2,2
2024-08-16 15:17:48.894,22376,22378,22375,2,-2
2024-08-16 15:17:48.894,22376,22378,22376,1,-1
2024-08-16 15:17:48.894,22376,22378,22376,1,-1
2024-08-16 15:17:52.286,22375,22376,22375,1,-1
2024-08-16 15:17:58.197,22373,22375,22373,3,-3
2024-08-16 15:17:58.199,22373,22375,22372,2,-2
2024-08-16 15:18:03.540,22370,22373,22370,2,-2
2024-08-16 15:18:03.881,22371,22373,22373,1,1
2024-08-16 15:18:07.577,22370,22371,22370,2,-2
2024-08-16 15:18:07.578,22370,22371,22370,1,-1
2024-08-16 15:18:07.578,22370,22371,22370,4,-4
2024-08-16 15:18:13.762,22369,22371,22369,2,-2
2024-08-16 15:18:13.762,22369,22371,22368,1,-1
2024-08-16 15:18:16.416,22369,22370,22369,2,-2
2024-08-16 15:18:20.583,22367,22369,22367,1,-1
2024-08-16 15:18:20.585,22367,22369,22367,2,-2
2024-08-16 15:18:25.093,22367,22370,22367,2,-2
2024-08-16 15:18:26.339,22367,22370,22367,1,-1
2024-08-16 15:18:29.175,22366,22367,22367,1,1
2024-08-16 15:18:30.088,22366,22369,22369,1,1
2024-08-16 15:18:37.663,22368,22369,22369,1,1
2024-08-16 15:18:37.663,22368,22369,22369,1,1
2024-08-16 15:18:49.909,22367,22369,22369,1,1
2024-08-16 15:18:52.181,22368,22370,22368,1,-1
2024-08-16 15:18:56.796,22368,22370,22370,1,1
2024-08-16 15:19:02.344,22368,22370,22368,1,-1
2024-08-16 15:19:05.601,22366,22369,22369,1,1
2024-08-16 15:19:07.307,22367,22370,22367,3,-3
2024-08-16 15:19:07.370,22367,22370,22369,1,1
2024-08-16 15:19:08.441,22367,22370,22370,1,1
2024-08-16 15:19:08.892,22367,22368,22368,1,1
2024-08-16 15:19:22.887,22367,22370,22370,1,1
2024-08-16 15:19:34.439,22368,22369,22368,1,-1
2024-08-16 15:19:38.141,22368,22369,22368,1,-1
2024-08-16 15:19:38.141,22368,22369,22367,4,-4
2024-08-16 15:19:38.980,22367,22368,22368,1,1
2024-08-16 15:19:40.450,22367,22369,22367,1,-1
2024-08-16 15:19:41.775,22366,22367,22366,2,-2
2024-08-16 15:19:41.776,22366,22367,22365,2,-2
2024-08-16 15:19:41.776,22366,22367,22365,1,-1
2024-08-16 15:19:41.963,22364,22366,22364,1,-1
2024-08-16 15:19:41.965,22364,22366,22363,1,-1
2024-08-16 15:19:41.965,22364,22366,22364,1,-1
2024-08-16 15:19:42.367,22364,22366,22364,1,-1
2024-08-16 15:19:43.728,22364,22366,22364,1,-1
2024-08-16 15:19:49.619,22364,22367,22364,2,-2
2024-08-16 15:19:53.521,22365,22368,22365,1,-1
2024-08-16 15:19:56.313,22365,22367,22365,1,-1
2024-08-16 15:19:59.370,22364,22366,22364,1,-1
2024-08-16 15:20:04.104,22364,22365,22364,1,-1
2024-08-16 15:20:04.225,22364,22365,22364,1,-1
2024-08-16 15:20:04.542,22363,22364,22363,1,-1
2024-08-16 15:20:04.542,22363,22364,22363,2,-2
2024-08-16 15:20:04.845,22362,22364,22362,1,-1
2024-08-16 15:20:10.269,22363,22364,22364,1,1
2024-08-16 15:20:10.269,22363,22364,22364,1,1
2024-08-16 15:20:12.536,22363,22364,22364,1,1
2024-08-16 15:20:12.536,22363,22364,22365,1,1
2024-08-16 15:20:13.162,22363,22365,22365,2,2
2024-08-16 15:20:14.106,22365,22367,22367,1,1
2024-08-16 15:20:15.033,22364,22367,22364,1,-1
2024-08-16 15:20:17.001,22364,22367,22367,1,1
2024-08-16 15:20:20.404,22363,22366,22366,1,1
2024-08-16 15:20:42.678,22365,22367,22365,1,-1
2024-08-16 15:20:46.531,22365,22367,22365,1,-1
2024-08-16 15:20:57.469,22365,22367,22367,1,1
2024-08-16 15:20:59.011,22366,22368,22368,1,1
2024-08-16 15:21:07.772,22365,22366,22365,2,-2
2024-08-16 15:21:08.454,22364,22366,22364,1,-1
2024-08-16 15:21:10.193,22362,22364,22362,3,-3
2024-08-16 15:21:10.194,22362,22364,22361,1,-1
2024-08-16 15:21:10.194,22362,22364,22362,1,-1
2024-08-16 15:21:10.195,22362,22364,22361,1,-1
2024-08-16 15:21:10.195,22362,22364,22361,1,-1
2024-08-16 15:21:10.334,22360,22362,22360,1,-1
2024-08-16 15:21:10.335,22360,22362,22360,5,-5
2024-08-16 15:21:10.335,22360,22362,22360,1,-1
2024-08-16 15:21:10.335,22360,22362,22360,2,-2
2024-08-16 15:21:10.335,22360,22362,22360,6,-6
2024-08-16 15:21:10.336,22360,22362,22359,4,-4
2024-08-16 15:21:10.336,22360,22362,22359,1,-1
2024-08-16 15:21:10.336,22360,22362,22359,1,-1
2024-08-16 15:21:10.336,22360,22362,22359,1,-1
2024-08-16 15:21:10.336,22360,22362,22359,1,-1
2024-08-16 15:21:10.337,22360,22362,22358,1,-1
2024-08-16 15:21:10.339,22360,22362,22358,1,-1
2024-08-16 15:21:10.339,22360,22362,22358,5,-5
2024-08-16 15:21:10.341,22360,22362,22357,3,-3
2024-08-16 15:21:10.341,22360,22362,22357,1,-1
2024-08-16 15:21:10.343,22360,22362,22356,1,-1
2024-08-16 15:21:10.347,22360,22362,22356,1,-1
2024-08-16 15:21:10.349,22360,22362,22355,1,-1
2024-08-16 15:21:10.351,22360,22362,22354,4,-4
2024-08-16 15:21:10.351,22360,22362,22353,1,-1
2024-08-16 15:21:10.380,22360,22362,22354,2,-2
2024-08-16 15:21:10.450,22353,22355,22354,1,-1
2024-08-16 15:21:10.517,22352,22354,22352,1,-1
2024-08-16 15:21:10.540,22352,22354,22352,1,-1
2024-08-16 15:21:10.541,22352,22354,22354,2,2
2024-08-16 15:21:10.542,22352,22354,22354,2,2
2024-08-16 15:21:10.544,22352,22354,22354,1,1
2024-08-16 15:21:10.565,22352,22354,22353,1,1
2024-08-16 15:21:10.589,22352,22354,22353,1,1
2024-08-16 15:21:10.619,22352,22354,22353,1,1
2024-08-16 15:21:10.623,22352,22354,22353,1,1
2024-08-16 15:21:10.676,22352,22355,22355,1,1
2024-08-16 15:21:10.986,22353,22355,22353,1,-1
2024-08-16 15:21:11.115,22352,22355,22355,2,2
2024-08-16 15:21:11.115,22352,22355,22356,3,3
2024-08-16 15:21:11.423,22354,22357,22354,1,-1
2024-08-16 15:21:16.299,22354,22356,22355,1,-1
2024-08-16 15:21:17.566,22354,22356,22355,1,-1
2024-08-16 15:21:19.440,22354,22356,22356,1,1
2024-08-16 15:21:24.039,22356,22358,22358,1,1
2024-08-16 15:21:25.163,22357,22358,22357,1,-1
2024-08-16 15:21:26.018,22355,22357,22355,1,-1
2024-08-16 15:21:29.791,22356,22357,22357,2,2
2024-08-16 15:21:30.224,22356,22357,22356,1,-1
2024-08-16 15:21:32.888,22356,22357,22357,1,1
2024-08-16 15:21:35.145,22356,22358,22356,2,-2
2024-08-16 15:21:35.146,22356,22358,22355,2,-2
2024-08-16 15:21:35.146,22356,22358,22355,4,-4
2024-08-16 15:21:35.168,22356,22358,22355,2,-2
2024-08-16 15:21:35.411,22354,22356,22354,2,-2
2024-08-16 15:21:36.134,22353,22354,22353,1,-1
2024-08-16 15:21:42.403,22355,22356,22355,1,-1
2024-08-16 15:21:42.819,22354,22356,22354,1,-1
2024-08-16 15:21:43.327,22354,22356,22354,2,-2
2024-08-16 15:21:44.326,22353,22356,22353,1,-1
2024-08-16 15:21:45.452,22353,22355,22353,1,-1
2024-08-16 15:21:48.351,22353,22355,22353,1,-1
2024-08-16 15:21:52.349,22353,22355,22355,2,2
2024-08-16 15:21:52.395,22354,22356,22354,2,-2
2024-08-16 15:21:52.903,22354,22356,22354,2,-2
2024-08-16 15:22:01.774,22353,22354,22353,2,-2
2024-08-16 15:22:01.775,22353,22354,22353,5,-5
2024-08-16 15:22:01.776,22353,22354,22352,8,-8
2024-08-16 15:22:01.778,22353,22354,22350,24,-24
2024-08-16 15:22:01.778,22353,22354,22351,4,-4
2024-08-16 15:22:01.779,22353,22354,22349,1,-1
2024-08-16 15:22:01.779,22353,22354,22349,1,-1
2024-08-16 15:22:01.779,22353,22354,22349,2,-2
2024-08-16 15:22:01.779,22353,22354,22349,1,-1
2024-08-16 15:22:01.779,22353,22354,22349,4,-4
2024-08-16 15:22:01.780,22353,22354,22349,3,-3
2024-08-16 15:22:01.780,22353,22354,22349,1,-1
2024-08-16 15:22:01.780,22353,22354,22349,1,-1
2024-08-16 15:22:01.781,22353,22354,22348,4,-4
2024-08-16 15:22:01.781,22353,22354,22348,1,-1
2024-08-16 15:22:01.781,22353,22354,22348,1,-1
2024-08-16 15:22:01.897,22348,22349,22348,1,-1
2024-08-16 15:22:01.897,22348,22349,22347,2,-2
2024-08-16 15:22:01.904,22348,22349,22348,2,-2
2024-08-16 15:22:01.904,22348,22349,22347,2,-2
2024-08-16 15:22:01.919,22348,22349,22347,2,-2
2024-08-16 15:22:02.033,22347,22349,22349,1,1
2024-08-16 15:22:02.167,22348,22351,22351,1,1
2024-08-16 15:22:02.237,22348,22351,22347,3,-3
2024-08-16 15:22:02.237,22348,22351,22348,4,-4
2024-08-16 15:22:02.261,22348,22350,22348,1,-1
2024-08-16 15:22:02.263,22348,22350,22348,1,-1
2024-08-16 15:22:03.269,22349,22351,22349,1,-1
2024-08-16 15:22:03.269,22349,22351,22348,1,-1
2024-08-16 15:22:03.317,22349,22351,22351,2,2
2024-08-16 15:22:03.777,22349,22352,22352,2,2
2024-08-16 15:22:07.562,22350,22352,22352,1,1
2024-08-16 15:22:07.562,22350,22352,22352,1,1
2024-08-16 15:22:08.790,22351,22353,22351,2,-2
2024-08-16 15:22:09.655,22350,22351,22350,1,-1
2024-08-16 15:22:11.394,22349,22350,22349,2,-2
2024-08-16 15:22:12.457,22348,22349,22348,1,-1
2024-08-16 15:22:12.457,22348,22349,22347,1,-1
2024-08-16 15:22:12.457,22348,22349,22346,1,-1
2024-08-16 15:22:12.520,22346,22348,22347,1,-1
2024-08-16 15:22:12.522,22346,22348,22347,1,-1
2024-08-16 15:22:13.227,22347,22348,22348,1,1
2024-08-16 15:22:13.227,22347,22348,22349,1,1
2024-08-16 15:22:15.307,22347,22349,22347,2,-2
2024-08-16 15:22:16.976,22348,22350,22348,1,-1
2024-08-16 15:22:17.596,22348,22350,22350,3,3
2024-08-16 15:22:17.597,22348,22350,22350,2,2
2024-08-16 15:22:17.597,22348,22350,22350,2,2
2024-08-16 15:22:17.597,22348,22350,22350,2,2
2024-08-16 15:22:17.598,22348,22350,22350,1,1
2024-08-16 15:22:18.257,22348,22350,22348,1,-1
2024-08-16 15:22:18.257,22348,22350,22347,1,-1
2024-08-16 15:22:19.201,22348,22349,22348,3,-3
2024-08-16 15:22:19.271,22347,22349,22349,1,1
2024-08-16 15:22:19.438,22348,22350,22350,1,1
2024-08-16 15:22:19.438,22348,22350,22351,2,2
2024-08-16 15:22:20.495,22348,22351,22351,3,3
2024-08-16 15:22:22.204,22348,22350,22348,1,-1
2024-08-16 15:22:22.205,22348,22350,22348,1,-1
2024-08-16 15:22:23.532,22347,22348,22347,1,-1
2024-08-16 15:22:23.532,22347,22348,22346,1,-1
2024-08-16 15:22:25.361,22346,22347,22347,1,1
2024-08-16 15:22:25.361,22346,22347,22347,1,1
2024-08-16 15:22:25.361,22346,22347,22347,1,1
2024-08-16 15:22:25.362,22346,22347,22348,2,2
2024-08-16 15:22:25.396,22347,22349,22349,2,2
2024-08-16 15:22:26.434,22348,22350,22348,1,-1
2024-08-16 15:22:27.572,22347,22348,22347,1,-1
2024-08-16 15:22:28.028,22346,22348,22348,2,2
2024-08-16 15:22:28.028,22346,22348,22349,1,1
2024-08-16 15:22:30.956,22347,22349,22347,1,-1
2024-08-16 15:22:31.160,22348,22350,22350,1,1
2024-08-16 15:22:32.484,22348,22350,22348,1,-1
2024-08-16 15:22:35.598,22347,22349,22347,1,-1
2024-08-16 15:22:36.431,22347,22349,22349,1,1
2024-08-16 15:22:36.554,22347,22349,22347,5,-5
2024-08-16 15:22:36.555,22347,22349,22347,1,-1
2024-08-16 15:22:39.610,22346,22347,22346,1,-1
2024-08-16 15:22:40.294,22346,22347,22347,2,2
2024-08-16 15:22:41.864,22346,22348,22348,1,1
2024-08-16 15:22:42.322,22346,22348,22348,1,1
2024-08-16 15:22:47.402,22346,22348,22348,1,1
2024-08-16 15:22:47.638,22347,22349,22347,5,-5
2024-08-16 15:22:47.638,22347,22349,22346,7,-7
2024-08-16 15:22:47.638,22347,22349,22345,5,-5
2024-08-16 15:22:48.849,22345,22347,22347,1,1
2024-08-16 15:22:49.132,22345,22347,22345,1,-1
2024-08-16 15:22:49.140,22344,22346,22344,1,-1
2024-08-16 15:22:49.381,22344,22346,22344,1,-1
2024-08-16 15:22:49.383,22344,22346,22344,14,-14
2024-08-16 15:22:49.383,22344,22346,22344,1,-1
2024-08-16 15:22:49.489,22344,22346,22345,1,-1
2024-08-16 15:22:50.060,22343,22345,22343,1,-1
2024-08-16 15:22:50.156,22343,22345,22343,1,-1
2024-08-16 15:22:50.657,22343,22345,22343,1,-1
2024-08-16 15:22:51.508,22343,22345,22343,1,-1
2024-08-16 15:22:53.011,22343,22344,22344,1,1
2024-08-16 15:22:53.883,22344,22346,22346,1,1
2024-08-16 15:22:54.974,22345,22347,22345,2,-2
2024-08-16 15:22:59.525,22346,22349,22346,4,-4
2024-08-16 15:22:59.525,22346,22349,22346,10,-10
2024-08-16 15:23:00.958,22345,22347,22346,1,-1
2024-08-16 15:23:01.016,22345,22347,22345,1,-1
2024-08-16 15:23:01.139,22343,22346,22345,1,1
2024-08-16 15:23:01.139,22343,22346,22343,1,-1
2024-08-16 15:23:01.309,22343,22346,22346,1,1
2024-08-16 15:23:01.498,22344,22346,22344,1,-1
2024-08-16 15:23:01.579,22343,22346,22345,1,1
2024-08-16 15:23:01.579,22343,22346,22344,3,-3
2024-08-16 15:23:01.579,22343,22346,22344,2,-2
2024-08-16 15:23:01.691,22345,22347,22347,1,1
2024-08-16 15:23:01.693,22345,22347,22347,1,1
2024-08-16 15:23:06.684,22346,22348,22348,1,1
2024-08-16 15:23:06.684,22346,22348,22349,1,1
2024-08-16 15:23:07.672,22346,22349,22349,4,4
2024-08-16 15:23:07.672,22346,22349,22350,1,1
2024-08-16 15:23:07.764,22347,22350,22347,1,-1
2024-08-16 15:23:07.764,22347,22350,22347,1,-1
2024-08-16 15:23:07.764,22347,22350,22346,1,-1
2024-08-16 15:23:09.798,22346,22349,22348,1,1
2024-08-16 15:23:14.873,22347,22350,22350,2,2
2024-08-16 15:23:14.873,22347,22350,22350,2,2
2024-08-16 15:23:14.873,22347,22350,22350,1,1
2024-08-16 15:23:14.874,22347,22350,22351,2,2
2024-08-16 15:23:14.874,22347,22350,22351,2,2
2024-08-16 15:23:15.782,22348,22351,22352,2,2
2024-08-16 15:23:20.859,22350,22352,22350,1,-1
2024-08-16 15:23:22.408,22347,22349,22347,1,-1
2024-08-16 15:23:22.515,22346,22349,22346,1,-1
2024-08-16 15:23:22.519,22346,22349,22346,1,-1
2024-08-16 15:23:24.809,22346,22348,22346,1,-1
2024-08-16 15:23:33.237,22347,22348,22347,1,-1
2024-08-16 15:23:33.557,22347,22348,22348,1,1
2024-08-16 15:23:45.143,22346,22348,22348,1,1
2024-08-16 15:23:45.264,22346,22349,22346,1,-1
2024-08-16 15:23:45.265,22346,22349,22346,1,-1
2024-08-16 15:23:45.268,22346,22349,22346,1,-1
2024-08-16 15:23:45.297,22346,22349,22345,1,-1
2024-08-16 15:23:48.392,22345,22346,22345,1,-1
2024-08-16 15:23:48.392,22345,22346,22345,1,-1
2024-08-16 15:23:48.392,22345,22346,22345,1,-1
2024-08-16 15:23:48.515,22344,22346,22344,1,-1
2024-08-16 15:23:48.902,22344,22346,22346,1,1
2024-08-16 15:23:52.593,22346,22349,22349,2,2
2024-08-16 15:23:52.593,22346,22349,22350,3,3
2024-08-16 15:23:55.903,22346,22349,22346,1,-1
2024-08-16 15:23:56.004,22346,22349,22348,1,1
2024-08-16 15:23:56.216,22346,22349,22346,1,-1
2024-08-16 15:23:56.216,22346,22349,22345,2,-2
2024-08-16 15:23:56.217,22346,22349,22348,2,2
2024-08-16 15:23:57.355,22346,22349,22349,2,2
2024-08-16 15:24:09.024,22347,22348,22347,1,-1
2024-08-16 15:24:09.711,22347,22348,22347,1,-1
2024-08-16 15:24:09.711,22347,22348,22346,3,-3
2024-08-16 15:24:09.976,22345,22348,22345,1,-1
2024-08-16 15:24:16.509,22346,22348,22348,1,1
2024-08-16 15:24:16.547,22347,22349,22349,2,2
2024-08-16 15:24:24.057,22347,22350,22347,1,-1
2024-08-16 15:24:26.175,22346,22349,22347,2,-2
2024-08-16 15:24:26.210,22346,22349,22346,1,-1
2024-08-16 15:24:31.808,22346,22350,22346,1,-1
2024-08-16 15:24:41.775,22347,22349,22349,1,1
2024-08-16 15:24:41.952,22347,22349,22347,1,-1
2024-08-16 15:24:41.953,22347,22349,22346,4,-4
2024-08-16 15:24:41.953,22347,22349,22345,6,-6
2024-08-16 15:24:41.953,22347,22349,22345,2,-2
2024-08-16 15:24:41.953,22347,22349,22345,2,-2
2024-08-16 15:24:42.067,22344,22346,22346,1,1
2024-08-16 15:24:42.071,22344,22346,22346,1,1
2024-08-16 15:24:42.176,22345,22347,22347,3,3
2024-08-16 15:24:42.893,22344,22347,22346,1,1
2024-08-16 15:24:42.894,22344,22347,22346,3,3
2024-08-16 15:24:47.631,22345,22347,22346,1,1
2024-08-16 15:24:48.164,22345,22347,22345,1,-1
2024-08-16 15:24:48.236,22345,22347,22346,1,-1
2024-08-16 15:24:59.346,22347,22350,22347,1,-1
2024-08-16 15:25:01.349,22347,22350,22347,1,-1
2024-08-16 15:25:01.391,22345,22348,22345,1,-1
2024-08-16 15:25:01.394,22345,22348,22345,1,-1
2024-08-16 15:25:01.520,22344,22347,22347,1,1
2024-08-16 15:25:01.524,22344,22347,22347,2,2
2024-08-16 15:25:01.525,22344,22347,22345,1,-1
2024-08-16 15:25:01.950,22344,22347,22344,4,-4
2024-08-16 15:25:01.951,22344,22347,22343,3,-3
2024-08-16 15:25:01.951,22344,22347,22344,1,-1
2024-08-16 15:25:01.952,22344,22347,22344,1,-1
2024-08-16 15:25:01.975,22344,22347,22343,1,-1
2024-08-16 15:25:01.979,22344,22347,22343,1,-1
2024-08-16 15:25:01.979,22344,22347,22342,3,-3
2024-08-16 15:25:02.226,22343,22344,22344,1,1
2024-08-16 15:25:02.375,22343,22345,22342,1,-1
2024-08-16 15:25:02.526,22342,22344,22342,1,-1
2024-08-16 15:25:02.628,22342,22344,22344,1,1
2024-08-16 15:25:02.733,22342,22344,22345,1,1
2024-08-16 15:25:02.794,22344,22346,22342,1,-1
2024-08-16 15:25:02.798,22344,22346,22343,1,-1
2024-08-16 15:25:02.801,22344,22346,22342,1,-1
2024-08-16 15:25:02.805,22344,22346,22342,1,-1
2024-08-16 15:25:03.095,22342,22343,22342,1,-1
2024-08-16 15:25:03.095,22342,22343,22342,3,-3
2024-08-16 15:25:03.095,22342,22343,22342,1,-1
2024-08-16 15:25:03.095,22342,22343,22342,1,-1
2024-08-16 15:25:03.095,22342,22343,22342,1,-1
2024-08-16 15:25:03.095,22342,22343,22342,2,-2
2024-08-16 15:25:03.096,22342,22343,22342,2,-2
2024-08-16 15:25:03.266,22341,22342,22342,1,1
2024-08-16 15:25:03.481,22342,22344,22342,1,-1
2024-08-16 15:25:03.815,22341,22344,22341,1,-1
2024-08-16 15:25:03.815,22341,22344,22341,1,-1
2024-08-16 15:25:03.983,22341,22343,22341,1,-1
2024-08-16 15:25:04.011,22341,22343,22341,1,-1
2024-08-16 15:25:04.034,22341,22343,22341,1,-1
2024-08-16 15:25:04.040,22341,22343,22340,1,-1
2024-08-16 15:25:04.047,22341,22343,22340,10,-10
2024-08-16 15:25:04.048,22341,22343,22340,1,-1
2024-08-16 15:25:04.048,22341,22343,22340,1,-1
2024-08-16 15:25:04.048,22341,22343,22340,1,-1
2024-08-16 15:25:04.049,22341,22343,22340,2,-2
2024-08-16 15:25:04.049,22341,22343,22340,2,-2
2024-08-16 15:25:04.049,22341,22343,22340,2,-2
2024-08-16 15:25:04.049,22341,22343,22340,1,-1
2024-08-16 15:25:04.059,22341,22343,22339,1,-1
2024-08-16 15:25:04.135,22341,22343,22339,1,-1
2024-08-16 15:25:04.143,22338,22340,22338,1,-1
2024-08-16 15:25:04.144,22338,22340,22338,1,-1
2024-08-16 15:25:04.144,22338,22340,22338,2,-2
2024-08-16 15:25:04.144,22338,22340,22338,1,-1
2024-08-16 15:25:04.147,22338,22340,22337,1,-1
2024-08-16 15:25:04.148,22338,22340,22337,2,-2
2024-08-16 15:25:04.149,22338,22340,22336,1,-1
2024-08-16 15:25:04.150,22338,22340,22336,2,-2
2024-08-16 15:25:04.150,22338,22340,22336,4,-4
2024-08-16 15:25:04.151,22338,22340,22335,1,-1
2024-08-16 15:25:04.152,22338,22340,22335,2,-2
2024-08-16 15:25:04.152,22338,22340,22335,2,-2
2024-08-16 15:25:04.152,22338,22340,22334,1,-1
2024-08-16 15:25:04.152,22338,22340,22334,2,-2
2024-08-16 15:25:04.153,22338,22340,22334,9,-9
2024-08-16 15:25:04.153,22338,22340,22335,1,-1
2024-08-16 15:25:04.153,22338,22340,22333,1,-1
2024-08-16 15:25:04.153,22338,22340,22333,1,-1
2024-08-16 15:25:04.154,22338,22340,22333,3,-3
2024-08-16 15:25:04.154,22338,22340,22333,1,-1
2024-08-16 15:25:04.154,22338,22340,22333,1,-1
2024-08-16 15:25:04.155,22338,22340,22333,2,-2
2024-08-16 15:25:04.155,22338,22340,22333,1,-1
2024-08-16 15:25:04.156,22338,22340,22334,1,-1
2024-08-16 15:25:04.160,22338,22340,22333,1,-1
2024-08-16 15:25:04.162,22338,22340,22332,2,-2
2024-08-16 15:25:04.162,22338,22340,22332,5,-5
2024-08-16 15:25:04.163,22338,22340,22331,5,-5
2024-08-16 15:25:04.163,22338,22340,22330,1,-1
2024-08-16 15:25:04.163,22338,22340,22331,2,-2
2024-08-16 15:25:04.164,22338,22340,22332,1,-1
2024-08-16 15:25:04.164,22338,22340,22330,1,-1
2024-08-16 15:25:04.164,22338,22340,22332,1,-1
2024-08-16 15:25:04.165,22338,22340,22330,7,-7
2024-08-16 15:25:04.165,22338,22340,22330,1,-1
2024-08-16 15:25:04.165,22338,22340,22330,1,-1
2024-08-16 15:25:04.165,22338,22340,22330,1,-1
2024-08-16 15:25:04.165,22338,22340,22330,1,-1
2024-08-16 15:25:04.165,22338,22340,22329,1,-1
2024-08-16 15:25:04.166,22338,22340,22330,1,-1
2024-08-16 15:25:04.184,22338,22340,22330,1,-1
2024-08-16 15:25:04.187,22338,22340,22330,1,-1
2024-08-16 15:25:04.206,22338,22340,22329,1,-1
2024-08-16 15:25:04.224,22338,22340,22329,2,-2
2024-08-16 15:25:04.238,22338,22340,22329,1,-1
2024-08-16 15:25:04.238,22338,22340,22328,3,-3
2024-08-16 15:25:04.238,22338,22340,22327,5,-5
2024-08-16 15:25:04.239,22338,22340,22329,2,-2
2024-08-16 15:25:04.244,22338,22340,22330,2,-2
2024-08-16 15:25:04.244,22338,22340,22330,1,-1
2024-08-16 15:25:04.272,22329,22332,22329,1,-1
2024-08-16 15:25:04.273,22329,22332,22329,1,-1
2024-08-16 15:25:04.273,22329,22332,22328,1,-1
2024-08-16 15:25:04.276,22329,22332,22328,2,-2
2024-08-16 15:25:04.287,22329,22332,22330,1,-1
2024-08-16 15:25:04.301,22329,22332,22329,3,-3
2024-08-16 15:25:04.301,22329,22332,22328,1,-1
2024-08-16 15:25:04.301,22329,22332,22327,1,-1
2024-08-16 15:25:04.307,22329,22332,22328,1,-1
2024-08-16 15:25:04.313,22329,22332,22328,1,-1
2024-08-16 15:25:04.330,22329,22332,22329,1,-1
2024-08-16 15:25:04.345,22329,22332,22328,1,-1
2024-08-16 15:25:04.352,22329,22332,22328,1,-1
2024-08-16 15:25:04.362,22329,22332,22327,1,-1
2024-08-16 15:25:04.364,22329,22332,22327,1,-1
2024-08-16 15:25:04.369,22329,22332,22327,1,-1
2024-08-16 15:25:04.371,22329,22332,22327,1,-1
2024-08-16 15:25:04.380,22329,22332,22327,1,-1
2024-08-16 15:25:04.401,22326,22329,22326,1,-1
2024-08-16 15:25:04.409,22326,22329,22326,1,-1
2024-08-16 15:25:04.415,22326,22329,22326,1,-1
2024-08-16 15:25:04.435,22326,22329,22326,1,-1
2024-08-16 15:25:04.444,22326,22329,22326,1,-1
2024-08-16 15:25:04.445,22326,22329,22325,1,-1
2024-08-16 15:25:04.446,22326,22329,22328,1,1
2024-08-16 15:25:04.446,22326,22329,22328,1,1
2024-08-16 15:25:04.446,22326,22329,22328,2,2
2024-08-16 15:25:04.447,22326,22329,22328,7,7
2024-08-16 15:25:04.447,22326,22329,22328,2,2
2024-08-16 15:25:04.449,22326,22329,22327,1,-1
2024-08-16 15:25:04.485,22326,22329,22326,1,-1
2024-08-16 15:25:04.510,22326,22329,22326,1,-1
2024-08-16 15:25:04.510,22326,22329,22326,1,-1
2024-08-16 15:25:04.522,22326,22329,22326,1,-1
2024-08-16 15:25:04.541,22326,22329,22326,1,-1
2024-08-16 15:25:04.547,22326,22329,22325,2,-2
2024-08-16 15:25:04.547,22326,22329,22325,1,-1
2024-08-16 15:25:04.547,22326,22329,22326,2,-2
2024-08-16 15:25:04.569,22326,22329,22328,2,2
2024-08-16 15:25:04.655,22326,22329,22329,2,2
2024-08-16 15:25:04.655,22326,22329,22330,2,2
2024-08-16 15:25:04.673,22326,22329,22328,1,1
2024-08-16 15:25:04.674,22326,22329,22327,1,-1
2024-08-16 15:25:04.783,22327,22331,22327,1,-1
2024-08-16 15:25:04.818,22327,22331,22330,1,1
2024-08-16 15:25:04.822,22327,22331,22327,1,-1
2024-08-16 15:25:04.895,22328,22331,22327,2,-2
2024-08-16 15:25:04.895,22328,22331,22328,1,-1
2024-08-16 15:25:04.896,22328,22331,22327,1,-1
2024-08-16 15:25:04.896,22328,22331,22326,1,-1
2024-08-16 15:25:04.896,22328,22331,22326,2,-2
2024-08-16 15:25:04.906,22328,22331,22327,2,-2
2024-08-16 15:25:04.906,22328,22331,22326,1,-1
2024-08-16 15:25:04.919,22328,22331,22326,2,-2
2024-08-16 15:25:04.942,22328,22331,22326,1,-1
2024-08-16 15:25:05.001,22328,22331,22329,1,-1
2024-08-16 15:25:05.142,22328,22332,22333,1,1
2024-08-16 15:25:05.142,22328,22332,22332,1,1
2024-08-16 15:25:05.169,22328,22332,22329,1,-1
2024-08-16 15:25:05.201,22328,22332,22329,1,-1
2024-08-16 15:25:05.201,22328,22332,22332,3,3
2024-08-16 15:25:05.206,22328,22332,22329,1,-1
2024-08-16 15:25:05.220,22328,22332,22330,5,-5
2024-08-16 15:25:05.369,22329,22332,22329,1,-1
2024-08-16 15:25:05.370,22329,22332,22331,3,3
2024-08-16 15:25:05.370,22329,22332,22332,1,1
2024-08-16 15:25:05.402,22329,22332,22329,3,-3
2024-08-16 15:25:05.695,22329,22332,22332,1,1
2024-08-16 15:25:05.696,22329,22332,22332,1,1
2024-08-16 15:25:05.806,22331,22333,22331,1,-1
2024-08-16 15:25:06.178,22330,22333,22331,1,-1
2024-08-16 15:25:06.223,22330,22333,22332,1,1
2024-08-16 15:25:06.226,22330,22333,22332,1,1
2024-08-16 15:25:07.191,22332,22333,22332,1,-1
2024-08-16 15:25:08.496,22331,22333,22331,1,-1
2024-08-16 15:25:10.779,22331,22333,22331,1,-1
2024-08-16 15:25:11.064,22330,22332,22330,1,-1
2024-08-16 15:25:11.915,22330,22333,22330,2,-2
2024-08-16 15:25:12.388,22329,22332,22329,1,-1
2024-08-16 15:25:12.970,22329,22331,22331,4,4
2024-08-16 15:25:13.260,22329,22331,22329,1,-1
2024-08-16 15:25:13.260,22329,22331,22328,3,-3
2024-08-16 15:25:13.260,22329,22331,22327,1,-1
2024-08-16 15:25:14.113,22329,22331,22331,1,1
2024-08-16 15:25:14.422,22330,22333,22331,2,-2
2024-08-16 15:25:16.464,22332,22333,22332,1,-1
2024-08-16 15:25:19.239,22330,22332,22330,1,-1
2024-08-16 15:25:19.299,22329,22331,22329,2,-2
2024-08-16 15:25:19.301,22329,22331,22329,1,-1
2024-08-16 15:25:19.581,22327,22329,22329,1,1
2024-08-16 15:25:19.592,22327,22329,22330,1,1
2024-08-16 15:25:19.648,22329,22331,22329,2,-2
2024-08-16 15:25:20.425,22329,22330,22329,1,-1
2024-08-16 15:25:20.514,22327,22330,22327,1,-1
2024-08-16 15:25:22.230,22327,22329,22329,1,1
2024-08-16 15:25:23.234,22328,22331,22328,1,-1
2024-08-16 15:25:26.042,22328,22330,22328,1,-1
2024-08-16 15:25:26.118,22328,22330,22330,1,1
2024-08-16 15:25:27.071,22330,22332,22330,1,-1
2024-08-16 15:25:27.139,22329,22331,22329,1,-1
2024-08-16 15:25:27.139,22329,22331,22329,1,-1
2024-08-16 15:25:27.139,22329,22331,22328,1,-1
2024-08-16 15:25:27.692,22328,22331,22331,1,1
2024-08-16 15:25:27.766,22329,22331,22329,2,-2
2024-08-16 15:25:29.212,22330,22332,22332,3,3
2024-08-16 15:25:29.233,22330,22332,22333,1,1
2024-08-16 15:25:29.275,22332,22335,22335,1,1
2024-08-16 15:25:29.308,22332,22335,22335,2,2
2024-08-16 15:25:32.995,22333,22336,22336,2,2
2024-08-16 15:25:34.069,22334,22337,22334,1,-1
2024-08-16 15:25:37.608,22333,22335,22333,1,-1
2024-08-16 15:25:37.608,22333,22335,22333,1,-1
2024-08-16 15:25:37.814,22331,22334,22331,3,-3
2024-08-16 15:25:41.210,22332,22335,22332,2,-2
2024-08-16 15:25:41.265,22331,22334,22331,1,-1
2024-08-16 15:25:41.265,22331,22334,22330,1,-1
2024-08-16 15:25:41.265,22331,22334,22330,1,-1
2024-08-16 15:25:41.542,22330,22333,22330,1,-1
2024-08-16 15:25:43.453,22331,22333,22333,2,2
2024-08-16 15:25:43.453,22331,22333,22334,1,1
2024-08-16 15:25:45.221,22332,22334,22332,2,-2
2024-08-16 15:25:45.221,22332,22334,22331,2,-2
2024-08-16 15:25:45.472,22331,22333,22333,3,3
2024-08-16 15:25:46.779,22331,22334,22331,1,-1
2024-08-16 15:25:51.733,22331,22333,22331,2,-2
2024-08-16 15:25:51.734,22331,22333,22331,3,-3
2024-08-16 15:25:51.734,22331,22333,22331,2,-2
2024-08-16 15:25:51.791,22331,22333,22332,1,-1
2024-08-16 15:25:51.901,22330,22332,22332,1,1
2024-08-16 15:25:57.058,22331,22333,22331,1,-1
2024-08-16 15:25:57.248,22331,22333,22333,1,1
2024-08-16 15:25:57.372,22332,22335,22335,2,2
2024-08-16 15:25:57.453,22334,22337,22336,2,2
2024-08-16 15:25:57.647,22334,22337,22334,1,-1
2024-08-16 15:25:58.708,22333,22336,22333,1,-1
2024-08-16 15:26:02.654,22333,22337,22333,1,-1
2024-08-16 15:26:03.170,22336,22338,22336,1,-1
2024-08-16 15:26:03.302,22336,22338,22338,1,1
2024-08-16 15:26:03.304,22336,22338,22338,1,1
2024-08-16 15:26:05.064,22336,22338,22337,1,1
2024-08-16 15:26:09.693,22336,22338,22336,1,-1
2024-08-16 15:26:15.045,22338,22340,22339,4,-4
2024-08-16 15:26:16.251,22339,22340,22339,1,-1
2024-08-16 15:26:16.849,22338,22340,22340,1,1
2024-08-16 15:26:17.173,22339,22342,22340,1,-1
2024-08-16 15:26:20.215,22338,22340,22338,1,-1
2024-08-16 15:26:21.134,22336,22339,22339,1,1
2024-08-16 15:26:24.861,22337,22340,22340,1,1
2024-08-16 15:26:31.756,22338,22340,22338,1,-1
2024-08-16 15:26:31.760,22338,22340,22339,1,-1
2024-08-16 15:26:31.816,22338,22340,22338,1,-1
2024-08-16 15:26:31.943,22337,22340,22340,2,2
2024-08-16 15:26:34.499,22337,22340,22337,1,-1
2024-08-16 15:26:39.233,22338,22340,22338,1,-1
2024-08-16 15:26:41.930,22338,22340,22340,1,1
2024-08-16 15:26:43.416,22338,22340,22341,2,2
2024-08-16 15:26:43.416,22338,22340,22341,2,2
2024-08-16 15:26:43.416,22338,22340,22340,1,1
2024-08-16 15:26:43.693,22339,22342,22342,1,1
2024-08-16 15:26:45.926,22338,22340,22338,1,-1
2024-08-16 15:26:46.562,22338,22339,22338,1,-1
2024-08-16 15:26:47.127,22338,22339,22339,1,1
2024-08-16 15:26:48.116,22338,22339,22339,1,1
2024-08-16 15:26:48.116,22338,22339,22340,1,1
2024-08-16 15:26:48.119,22338,22339,22340,1,1
2024-08-16 15:26:51.003,22339,22340,22338,3,-3
2024-08-16 15:26:51.003,22339,22340,22339,2,-2
2024-08-16 15:26:51.349,22337,22340,22339,3,3
2024-08-16 15:26:56.092,22336,22338,22336,2,-2
2024-08-16 15:26:56.236,22335,22336,22335,1,-1
2024-08-16 15:27:01.212,22334,22336,22337,2,2
2024-08-16 15:27:01.688,22336,22338,22336,3,-3
2024-08-16 15:27:01.688,22336,22338,22335,3,-3
2024-08-16 15:27:01.689,22336,22338,22335,2,-2
2024-08-16 15:27:05.461,22334,22336,22336,1,1
2024-08-16 15:27:05.465,22334,22336,22338,2,2
2024-08-16 15:27:06.730,22336,22338,22336,1,-1
2024-08-16 15:27:10.254,22336,22338,22336,2,-2
2024-08-16 15:27:13.212,22334,22336,22336,2,2
2024-08-16 15:27:14.406,22334,22336,22336,1,1
2024-08-16 15:27:15.741,22336,22337,22336,1,-1
2024-08-16 15:27:20.612,22335,22336,22336,3,3
2024-08-16 15:27:25.037,22335,22336,22336,2,2
2024-08-16 15:27:25.058,22335,22336,22336,6,6
2024-08-16 15:27:25.294,22336,22338,22338,2,2
2024-08-16 15:27:25.294,22336,22338,22339,6,6
2024-08-16 15:27:31.121,22338,22340,22339,1,1
2024-08-16 15:27:33.003,22339,22340,22340,1,1
2024-08-16 15:27:33.003,22339,22340,22340,1,1
2024-08-16 15:27:33.003,22339,22340,22340,1,1
2024-08-16 15:27:33.003,22339,22340,22340,1,1
2024-08-16 15:27:33.004,22339,22340,22341,1,1
2024-08-16 15:27:36.109,22340,22342,22342,1,1
2024-08-16 15:27:37.648,22340,22341,22341,1,1
2024-08-16 15:27:38.621,22341,22342,22342,2,2
2024-08-16 15:27:39.978,22342,22344,22342,1,-1
2024-08-16 15:27:40.208,22342,22344,22342,1,-1
2024-08-16 15:27:40.420,22341,22344,22341,1,-1
2024-08-16 15:27:41.208,22342,22344,22344,1,1
2024-08-16 15:27:41.406,22342,22344,22342,1,-1
2024-08-16 15:27:42.090,22342,22344,22342,1,-1
2024-08-16 15:27:42.957,22341,22343,22341,1,-1
2024-08-16 15:27:47.236,22342,22344,22344,1,1
2024-08-16 15:27:47.333,22342,22345,22342,2,-2
2024-08-16 15:27:50.409,22341,22344,22343,2,2
2024-08-16 15:27:55.632,22341,22343,22343,1,1
2024-08-16 15:28:02.119,22342,22343,22342,2,-2
2024-08-16 15:28:03.042,22341,22343,22343,1,1
2024-08-16 15:28:04.830,22341,22343,22341,2,-2
2024-08-16 15:28:04.830,22341,22343,22341,1,-1
2024-08-16 15:28:06.102,22340,22342,22341,1,-1
2024-08-16 15:28:07.008,22340,22341,22341,1,1
2024-08-16 15:28:07.228,22340,22341,22340,2,-2
2024-08-16 15:28:07.320,22339,22341,22339,1,-1
2024-08-16 15:28:10.617,22338,22339,22339,1,1
2024-08-16 15:28:15.199,22338,22340,22340,1,1
2024-08-16 15:28:15.379,22338,22341,22339,1,-1
2024-08-16 15:28:15.647,22339,22341,22339,1,-1
2024-08-16 15:28:15.647,22339,22341,22338,6,-6
2024-08-16 15:28:15.647,22339,22341,22337,4,-4
2024-08-16 15:28:15.647,22339,22341,22336,3,-3
2024-08-16 15:28:15.647,22339,22341,22338,1,-1
2024-08-16 15:28:15.647,22339,22341,22336,2,-2
2024-08-16 15:28:15.648,22339,22341,22335,1,-1
2024-08-16 15:28:15.649,22339,22341,22335,1,-1
2024-08-16 15:28:15.650,22339,22341,22334,1,-1
2024-08-16 15:28:15.650,22339,22341,22334,2,-2
2024-08-16 15:28:15.650,22339,22341,22334,1,-1
2024-08-16 15:28:15.652,22339,22341,22333,3,-3
2024-08-16 15:28:15.653,22339,22341,22333,1,-1
2024-08-16 15:28:15.653,22339,22341,22333,1,-1
2024-08-16 15:28:16.657,22332,22334,22333,2,-2
2024-08-16 15:28:16.969,22331,22334,22334,2,2
2024-08-16 15:28:17.011,22333,22334,22333,1,-1
2024-08-16 15:28:17.119,22333,22334,22333,1,-1
2024-08-16 15:28:20.206,22331,22333,22331,1,-1
2024-08-16 15:28:22.408,22331,22332,22331,1,-1
2024-08-16 15:28:24.118,22330,22332,22330,2,-2
2024-08-16 15:28:25.608,22330,22333,22330,1,-1
2024-08-16 15:28:26.834,22331,22333,22331,1,-1
2024-08-16 15:28:26.834,22331,22333,22330,1,-1
2024-08-16 15:28:26.882,22331,22333,22330,1,-1
2024-08-16 15:28:27.045,22330,22332,22330,1,-1
2024-08-16 15:28:27.793,22329,22331,22331,1,1
2024-08-16 15:28:27.797,22329,22331,22329,1,-1
2024-08-16 15:28:27.799,22329,22331,22328,5,-5
2024-08-16 15:28:28.429,22327,22329,22327,1,-1
2024-08-16 15:28:28.430,22327,22329,22327,1,-1
2024-08-16 15:28:28.512,22326,22327,22327,1,1
2024-08-16 15:28:29.528,22326,22328,22326,1,-1
2024-08-16 15:28:31.203,22327,22329,22327,1,-1
2024-08-16 15:28:31.622,22327,22329,22329,2,2
2024-08-16 15:28:33.837,22329,22332,22329,1,-1
2024-08-16 15:28:34.610,22329,22332,22331,1,1
2024-08-16 15:28:36.709,22331,22335,22331,1,-1
2024-08-16 15:28:37.164,22331,22333,22333,1,1
2024-08-16 15:28:40.284,22331,22333,22329,1,-1
2024-08-16 15:28:40.284,22331,22333,22329,2,-2
2024-08-16 15:28:40.284,22331,22333,22331,1,-1
2024-08-16 15:28:40.284,22331,22333,22330,2,-2
2024-08-16 15:28:40.285,22331,22333,22328,1,-1
2024-08-16 15:28:40.285,22331,22333,22329,3,-3
2024-08-16 15:28:40.286,22331,22333,22329,3,-3
2024-08-16 15:28:42.830,22327,22328,22328,1,1
2024-08-16 15:28:44.617,22327,22329,22327,1,-1
2024-08-16 15:28:46.227,22327,22329,22326,3,-3
2024-08-16 15:28:46.227,22327,22329,22327,1,-1
2024-08-16 15:28:47.724,22328,22329,22328,1,-1
2024-08-16 15:28:51.911,22328,22329,22329,2,2
2024-08-16 15:28:51.912,22328,22329,22329,1,1
2024-08-16 15:28:54.362,22328,22330,22328,16,-16
2024-08-16 15:28:54.362,22328,22330,22327,7,-7
2024-08-16 15:28:54.362,22328,22330,22326,8,-8
2024-08-16 15:28:54.363,22328,22330,22326,58,-58
2024-08-16 15:28:54.363,22328,22330,22325,3,-3
2024-08-16 15:28:54.364,22328,22330,22327,1,-1
2024-08-16 15:28:54.364,22328,22330,22326,1,-1
2024-08-16 15:28:54.365,22328,22330,22327,1,-1
2024-08-16 15:28:54.406,22327,22328,22327,1,-1
2024-08-16 15:28:54.406,22327,22328,22327,1,-1
2024-08-16 15:28:54.600,22326,22328,22328,1,1
2024-08-16 15:28:54.601,22326,22328,22328,1,1
2024-08-16 15:28:54.604,22326,22328,22329,1,1
2024-08-16 15:28:54.678,22328,22330,22330,1,1
2024-08-16 15:28:56.723,22328,22331,22328,1,-1
2024-08-16 15:28:59.934,22330,22332,22332,1,1
2024-08-16 15:29:03.489,22331,22333,22332,1,1
2024-08-16 15:29:03.755,22330,22332,22330,1,-1
2024-08-16 15:29:03.800,22330,22332,22330,1,-1
2024-08-16 15:29:03.814,22330,22332,22330,1,-1
2024-08-16 15:29:03.817,22330,22332,22330,1,-1
2024-08-16 15:29:06.309,22328,22331,22331,2,2
2024-08-16 15:29:07.025,22330,22331,22331,1,1
2024-08-16 15:29:07.025,22330,22331,22331,2,2
2024-08-16 15:29:13.477,22331,22332,22332,1,1
2024-08-16 15:29:14.125,22331,22332,22332,1,1
2024-08-16 15:29:15.447,22331,22333,22331,1,-1
2024-08-16 15:29:15.879,22330,22332,22332,1,1
2024-08-16 15:29:20.732,22330,22332,22332,1,1
2024-08-16 15:29:28.649,22330,22332,22330,1,-1
2024-08-16 15:29:28.803,22330,22331,22330,2,-2
2024-08-16 15:29:31.637,22329,22331,22331,2,2
2024-08-16 15:29:33.028,22329,22331,22329,3,-3
2024-08-16 15:29:33.028,22329,22331,22328,14,-14
2024-08-16 15:29:33.246,22326,22327,22328,1,1
2024-08-16 15:29:33.246,22326,22327,22327,2,2
2024-08-16 15:29:33.248,22326,22327,22328,1,1
2024-08-16 15:29:33.354,22326,22329,22329,1,1
2024-08-16 15:29:34.777,22327,22329,22328,1,1
2024-08-16 15:29:39.294,22326,22327,22327,1,1
2024-08-16 15:29:40.303,22326,22327,22326,1,-1
2024-08-16 15:29:40.305,22326,22327,22325,3,-3
2024-08-16 15:29:43.397,22327,22328,22327,1,-1
2024-08-16 15:29:43.397,22327,22328,22327,1,-1
2024-08-16 15:29:43.815,22326,22328,22328,1,1
2024-08-16 15:29:44.458,22326,22329,22326,1,-1
2024-08-16 15:29:47.413,22327,22329,22329,1,1
2024-08-16 15:29:49.906,22327,22329,22327,1,-1
2024-08-16 15:29:50.734,22327,22329,22327,1,-1
2024-08-16 15:29:51.642,22326,22328,22327,2,-2
2024-08-16 15:29:52.023,22326,22329,22326,1,-1
2024-08-16 15:29:55.824,22326,22329,22326,1,-1
2024-08-16 15:29:55.824,22326,22329,22327,2,-2
2024-08-16 15:29:55.824,22326,22329,22327,2,-2
2024-08-16 15:29:55.824,22326,22329,22326,1,-1
2024-08-16 15:29:55.825,22326,22329,22326,3,-3
2024-08-16 15:29:56.136,22325,22326,22326,2,2
2024-08-16 15:29:56.137,22325,22326,22326,2,2
2024-08-16 15:29:56.269,22325,22327,22326,1,1
2024-08-16 15:29:57.455,22325,22327,22325,2,-2
2024-08-16 15:29:57.457,22325,22327,22326,1,-1
2024-08-16 15:29:57.703,22324,22326,22327,2,2
2024-08-16 15:29:58.390,22326,22327,22326,1,-1
2024-08-16 15:30:00.072,22326,22327,22327,1,1
2024-08-16 15:30:00.114,22326,22327,22327,1,1
2024-08-16 15:30:00.116,22326,22327,22327,1,1
2024-08-16 15:30:00.122,22326,22327,22327,1,1
2024-08-16 15:30:00.123,22326,22327,22327,1,1
2024-08-16 15:30:00.123,22326,22327,22327,1,1
2024-08-16 15:30:00.123,22326,22327,22327,23,23
2024-08-16 15:30:00.123,22326,22327,22327,7,7
2024-08-16 15:30:00.123,22326,22327,22327,2,2
2024-08-16 15:30:00.123,22326,22327,22327,1,1
2024-08-16 15:30:00.123,22326,22327,22327,1,1
2024-08-16 15:30:00.123,22326,22327,22327,1,1
2024-08-16 15:30:00.123,22326,22327,22327,2,2
2024-08-16 15:30:00.123,22326,22327,22327,1,1
2024-08-16 15:30:00.124,22326,22327,22329,1,1
2024-08-16 15:30:00.193,22327,22330,22328,1,-1
2024-08-16 15:30:00.211,22327,22330,22330,3,3
2024-08-16 15:30:00.211,22327,22330,22331,6,6
2024-08-16 15:30:00.211,22327,22330,22329,3,3
2024-08-16 15:30:00.332,22327,22331,22331,4,4
2024-08-16 15:30:00.365,22327,22331,22332,2,2
2024-08-16 15:30:00.369,22327,22331,22333,2,2
2024-08-16 15:30:00.534,22331,22333,22330,1,-1
2024-08-16 15:30:00.534,22331,22333,22329,1,-1
2024-08-16 15:30:00.538,22331,22333,22329,2,-2
2024-08-16 15:30:00.557,22331,22333,22328,1,-1
2024-08-16 15:30:00.557,22331,22333,22329,1,-1
2024-08-16 15:30:00.558,22331,22333,22327,2,-2
2024-08-16 15:30:00.595,22331,22333,22327,1,-1
2024-08-16 15:30:00.620,22331,22333,22327,1,-1
2024-08-16 15:30:00.623,22331,22333,22326,1,-1
2024-08-16 15:30:00.644,22326,22328,22326,1,-1
2024-08-16 15:30:00.745,22326,22328,22330,1,1
2024-08-16 15:30:00.748,22326,22328,22327,4,4
2024-08-16 15:30:00.764,22326,22329,22326,1,-1
2024-08-16 15:30:00.794,22326,22329,22326,1,-1
2024-08-16 15:30:00.801,22326,22329,22325,1,-1
2024-08-16 15:30:00.889,22325,22328,22325,1,-1
2024-08-16 15:30:00.961,22325,22328,22326,1,-1
2024-08-16 15:30:01.136,22325,22327,22325,1,-1
2024-08-16 15:30:01.147,22325,22327,22326,1,-1
2024-08-16 15:30:01.166,22325,22327,22325,1,-1
2024-08-16 15:30:01.171,22325,22327,22324,10,-10
2024-08-16 15:30:01.174,22325,22327,22323,1,-1
2024-08-16 15:30:01.177,22325,22327,22323,1,-1
2024-08-16 15:30:01.199,22325,22327,22323,1,-1
2024-08-16 15:30:01.263,22323,22325,22323,1,-1
2024-08-16 15:30:01.264,22323,22325,22323,1,-1
2024-08-16 15:30:01.297,22323,22325,22323,1,-1
2024-08-16 15:30:01.333,22323,22325,22323,1,-1
2024-08-16 15:30:01.342,22323,22325,22323,2,-2
2024-08-16 15:30:01.343,22323,22325,22323,1,-1
2024-08-16 15:30:01.445,22323,22325,22323,3,-3
2024-08-16 15:30:01.450,22323,22325,22324,1,-1
2024-08-16 15:30:01.526,22322,22324,22324,1,1
2024-08-16 15:30:01.743,22323,22326,22326,1,1
2024-08-16 15:30:01.773,22323,22326,22326,1,1
2024-08-16 15:30:01.930,22323,22327,22327,1,1
2024-08-16 15:30:01.978,22323,22327,22327,2,2
2024-08-16 15:30:02.061,22324,22327,22324,1,-1
2024-08-16 15:30:03.571,22323,22325,22324,1,-1
2024-08-16 15:30:04.219,22324,22325,22324,1,-1
2024-08-16 15:30:04.448,22324,22325,22325,1,1
2024-08-16 15:30:04.785,22325,22326,22325,2,-2
2024-08-16 15:30:04.785,22325,22326,22324,3,-3
2024-08-16 15:30:04.785,22325,22326,22323,1,-1
2024-08-16 15:30:05.145,22325,22326,22326,1,1
2024-08-16 15:30:05.935,22325,22328,22326,1,-1
2024-08-16 15:30:07.978,22326,22329,22326,2,-2
2024-08-16 15:30:07.983,22326,22329,22325,2,-2
2024-08-16 15:30:07.986,22326,22329,22325,1,-1
2024-08-16 15:30:07.992,22326,22329,22324,1,-1
2024-08-16 15:30:07.992,22326,22329,22325,1,-1
2024-08-16 15:30:08.061,22324,22327,22324,1,-1
2024-08-16 15:30:08.063,22324,22327,22324,2,-2
2024-08-16 15:30:08.115,22324,22327,22324,1,-1
2024-08-16 15:30:08.138,22324,22326,22324,1,-1
2024-08-16 15:30:08.139,22324,22326,22324,1,-1
2024-08-16 15:30:08.140,22324,22326,22323,1,-1
2024-08-16 15:30:08.140,22324,22326,22323,1,-1
2024-08-16 15:30:08.140,22324,22326,22323,1,-1
2024-08-16 15:30:09.167,22323,22325,22323,1,-1
2024-08-16 15:30:09.828,22323,22325,22325,1,1
2024-08-16 15:30:11.259,22323,22325,22325,2,2
2024-08-16 15:30:11.790,22325,22326,22325,1,-1
2024-08-16 15:30:11.829,22325,22326,22325,1,-1
2024-08-16 15:30:12.012,22325,22326,22325,1,-1
2024-08-16 15:30:12.480,22323,22325,22323,1,-1
2024-08-16 15:30:13.477,22323,22324,22323,3,-3
2024-08-16 15:30:13.478,22323,22324,22323,1,-1
2024-08-16 15:30:13.501,22323,22324,22323,1,-1
2024-08-16 15:30:15.929,22322,22323,22324,2,2
2024-08-16 15:30:15.929,22322,22323,22323,1,1
2024-08-16 15:30:16.866,22322,22324,22324,1,1
2024-08-16 15:30:16.866,22322,22324,22324,1,1
2024-08-16 15:30:17.081,22322,22325,22323,1,-1
2024-08-16 15:30:19.172,22323,22324,22323,1,-1
2024-08-16 15:30:19.173,22323,22324,22322,2,-2
2024-08-16 15:30:19.173,22323,22324,22322,3,-3
2024-08-16 15:30:19.173,22323,22324,22322,2,-2
2024-08-16 15:30:19.173,22323,22324,22322,1,-1
2024-08-16 15:30:19.173,22323,22324,22322,2,-2
2024-08-16 15:30:19.173,22323,22324,22322,2,-2
2024-08-16 15:30:19.173,22323,22324,22322,1,-1
2024-08-16 15:30:19.264,22321,22323,22321,1,-1
2024-08-16 15:30:19.264,22321,22323,22321,1,-1
2024-08-16 15:30:19.266,22321,22323,22321,1,-1
2024-08-16 15:30:19.295,22321,22323,22321,4,-4
2024-08-16 15:30:19.362,22321,22323,22320,1,-1
2024-08-16 15:30:19.431,22320,22321,22320,1,-1
2024-08-16 15:30:19.491,22320,22321,22320,1,-1
2024-08-16 15:30:19.515,22320,22322,22320,2,-2
2024-08-16 15:30:19.739,22320,22322,22320,2,-2
2024-08-16 15:30:20.587,22321,22323,22321,1,-1
2024-08-16 15:30:20.774,22321,22323,22321,1,-1
2024-08-16 15:30:20.973,22321,22323,22321,1,-1
2024-08-16 15:30:21.329,22321,22323,22321,1,-1
2024-08-16 15:30:22.318,22320,22322,22320,1,-1
2024-08-16 15:30:22.864,22320,22322,22320,1,-1
2024-08-16 15:30:24.737,22321,22323,22323,1,1
2024-08-16 15:30:24.825,22321,22323,22321,1,-1
2024-08-16 15:30:25.541,22321,22322,22323,2,2
2024-08-16 15:30:25.541,22321,22322,22322,1,1
2024-08-16 15:30:25.717,22320,22323,22320,1,-1
2024-08-16 15:30:27.469,22321,22323,22321,1,-1
2024-08-16 15:30:28.743,22321,22323,22321,1,-1
2024-08-16 15:30:28.763,22321,22323,22321,1,-1
2024-08-16 15:30:28.763,22321,22323,22321,1,-1
2024-08-16 15:30:28.763,22321,22323,22320,1,-1
2024-08-16 15:30:28.763,22321,22323,22320,1,-1
2024-08-16 15:30:28.764,22321,22323,22320,1,-1
2024-08-16 15:30:28.764,22321,22323,22320,1,-1
2024-08-16 15:30:28.764,22321,22323,22320,1,-1
2024-08-16 15:30:28.764,22321,22323,22320,1,-1
2024-08-16 15:30:28.765,22321,22323,22320,1,-1
2024-08-16 15:30:28.765,22321,22323,22320,1,-1
2024-08-16 15:30:28.765,22321,22323,22320,5,-5
2024-08-16 15:30:28.765,22321,22323,22319,1,-1
2024-08-16 15:30:28.765,22321,22323,22319,1,-1
2024-08-16 15:30:28.766,22321,22323,22319,1,-1
2024-08-16 15:30:28.766,22321,22323,22319,1,-1
2024-08-16 15:30:28.766,22321,22323,22318,1,-1
2024-08-16 15:30:28.767,22321,22323,22318,1,-1
2024-08-16 15:30:28.767,22321,22323,22318,1,-1
2024-08-16 15:30:28.767,22321,22323,22318,1,-1
2024-08-16 15:30:28.768,22321,22323,22318,1,-1
2024-08-16 15:30:28.768,22321,22323,22318,4,-4
2024-08-16 15:30:28.768,22321,22323,22317,1,-1
2024-08-16 15:30:28.770,22321,22323,22318,1,-1
2024-08-16 15:30:28.770,22321,22323,22317,7,-7
2024-08-16 15:30:28.770,22321,22323,22318,1,-1
2024-08-16 15:30:28.771,22321,22323,22317,1,-1
2024-08-16 15:30:28.771,22321,22323,22316,1,-1
2024-08-16 15:30:28.771,22321,22323,22317,1,-1
2024-08-16 15:30:28.772,22321,22323,22318,1,-1
2024-08-16 15:30:28.772,22321,22323,22316,1,-1
2024-08-16 15:30:28.772,22321,22323,22316,1,-1
2024-08-16 15:30:28.773,22321,22323,22316,1,-1
2024-08-16 15:30:28.774,22321,22323,22317,1,-1
2024-08-16 15:30:28.923,22316,22319,22316,2,-2
2024-08-16 15:30:29.284,22316,22318,22316,2,-2
2024-08-16 15:30:29.310,22316,22318,22315,1,-1
2024-08-16 15:30:29.398,22315,22317,22315,3,-3
2024-08-16 15:30:29.415,22315,22317,22315,2,-2
2024-08-16 15:30:29.457,22315,22317,22315,1,-1
2024-08-16 15:30:29.462,22315,22317,22314,1,-1
2024-08-16 15:30:29.462,22315,22317,22314,2,-2
2024-08-16 15:30:29.694,22313,22315,22315,1,1
2024-08-16 15:30:29.721,22313,22315,22313,1,-1
2024-08-16 15:30:30.087,22313,22315,22313,1,-1
2024-08-16 15:30:30.088,22313,22315,22314,1,-1
2024-08-16 15:30:30.251,22313,22315,22313,1,-1
2024-08-16 15:30:30.267,22312,22315,22312,1,-1
2024-08-16 15:30:30.484,22312,22315,22315,1,1
2024-08-16 15:30:30.484,22312,22315,22313,1,-1
2024-08-16 15:30:30.503,22312,22315,22314,1,1
2024-08-16 15:30:30.512,22313,22315,22315,1,1
2024-08-16 15:30:31.045,22314,22315,22314,2,-2
2024-08-16 15:30:31.467,22312,22315,22314,2,2
2024-08-16 15:30:32.182,22312,22314,22312,1,-1
2024-08-16 15:30:32.352,22312,22314,22312,1,-1
2024-08-16 15:30:34.011,22312,22315,22312,1,-1
2024-08-16 15:30:34.814,22312,22315,22315,6,6
2024-08-16 15:30:34.815,22312,22315,22316,1,1
2024-08-16 15:30:34.845,22312,22315,22315,2,2
2024-08-16 15:30:35.537,22315,22317,22315,2,-2
2024-08-16 15:30:35.649,22314,22317,22317,1,1
2024-08-16 15:30:38.567,22316,22317,22317,1,1
2024-08-16 15:30:38.639,22316,22318,22316,1,-1
2024-08-16 15:30:39.988,22315,22317,22318,2,2
2024-08-16 15:30:39.988,22315,22317,22317,1,1
2024-08-16 15:30:40.923,22316,22318,22316,1,-1
2024-08-16 15:30:41.228,22315,22317,22317,1,1
2024-08-16 15:30:41.425,22316,22319,22316,1,-1
2024-08-16 15:30:41.522,22316,22318,22318,3,3
2024-08-16 15:30:42.361,22316,22318,22318,3,3
2024-08-16 15:30:43.130,22316,22319,22319,3,3
2024-08-16 15:30:48.063,22318,22320,22318,2,-2
2024-08-16 15:30:51.555,22318,22320,22320,2,2
2024-08-16 15:30:56.588,22319,22320,22320,1,1
2024-08-16 15:30:57.337,22319,22320,22319,1,-1
2024-08-16 15:30:58.807,22319,22320,22320,1,1
2024-08-16 15:30:59.029,22319,22320,22319,1,-1
2024-08-16 15:31:00.729,22319,22320,22320,1,1
2024-08-16 15:31:00.764,22319,22321,22321,1,1
2024-08-16 15:31:00.764,22319,22321,22321,1,1
2024-08-16 15:31:00.765,22319,22321,22321,1,1
2024-08-16 15:31:00.766,22319,22321,22321,1,1
2024-08-16 15:31:00.766,22319,22321,22321,1,1
2024-08-16 15:31:00.766,22319,22321,22321,2,2
2024-08-16 15:31:00.767,22319,22321,22322,1,1
2024-08-16 15:31:00.773,22319,22321,22322,1,1
2024-08-16 15:31:01.904,22321,22322,22321,2,-2
2024-08-16 15:31:01.905,22321,22322,22320,2,-2
2024-08-16 15:31:01.906,22321,22322,22319,3,-3
2024-08-16 15:31:02.014,22319,22321,22321,1,1
2024-08-16 15:31:02.195,22320,22322,22320,1,-1
2024-08-16 15:31:02.969,22320,22322,22322,1,1
2024-08-16 15:31:07.157,22321,22322,22322,1,1
2024-08-16 15:31:07.158,22321,22322,22322,1,1
2024-08-16 15:31:07.187,22321,22322,22323,2,2
2024-08-16 15:31:07.187,22321,22322,22323,1,1
2024-08-16 15:31:07.432,22322,22324,22322,2,-2
2024-08-16 15:31:09.031,22322,22324,22322,2,-2
2024-08-16 15:31:09.138,22322,22324,22324,1,1
2024-08-16 15:31:09.138,22322,22324,22324,1,1
2024-08-16 15:31:09.139,22322,22324,22326,1,1
2024-08-16 15:31:09.139,22322,22324,22326,1,1
2024-08-16 15:31:09.139,22322,22324,22326,1,1
2024-08-16 15:31:09.139,22322,22324,22325,1,1
2024-08-16 15:31:09.139,22322,22324,22325,1,1
2024-08-16 15:31:09.139,22322,22324,22326,1,1
2024-08-16 15:31:09.140,22322,22324,22327,1,1
2024-08-16 15:31:09.140,22322,22324,22327,1,1
2024-08-16 15:31:09.141,22322,22324,22328,1,1
2024-08-16 15:31:09.142,22322,22324,22328,1,1
2024-08-16 15:31:09.143,22322,22324,22328,1,1
2024-08-16 15:31:09.144,22322,22324,22327,1,1
2024-08-16 15:31:09.144,22322,22324,22327,1,1
2024-08-16 15:31:09.185,22322,22324,22327,2,2
2024-08-16 15:31:09.338,22325,22327,22328,1,1
2024-08-16 15:31:10.138,22326,22328,22328,1,1
2024-08-16 15:31:12.706,22325,22327,22329,2,2
2024-08-16 15:31:13.286,22328,22330,22331,1,1
2024-08-16 15:31:13.288,22328,22330,22331,1,1
2024-08-16 15:31:17.326,22330,22332,22330,1,-1
2024-08-16 15:31:17.386,22329,22332,22332,2,2
2024-08-16 15:31:18.253,22331,22333,22331,1,-1
2024-08-16 15:31:18.264,22329,22331,22331,1,1
2024-08-16 15:31:18.264,22329,22331,22331,1,1
2024-08-16 15:31:18.265,22329,22331,22331,2,2
2024-08-16 15:31:18.267,22329,22331,22333,1,1
2024-08-16 15:31:19.288,22329,22332,22332,1,1
2024-08-16 15:31:21.149,22331,22333,22333,2,2
2024-08-16 15:31:21.363,22333,22334,22333,1,-1
2024-08-16 15:31:21.800,22331,22333,22331,1,-1
2024-08-16 15:31:24.491,22331,22332,22332,1,1
2024-08-16 15:31:24.604,22331,22332,22331,1,-1
2024-08-16 15:31:27.163,22330,22331,22330,5,-5
2024-08-16 15:31:27.163,22330,22331,22330,1,-1
2024-08-16 15:31:27.164,22330,22331,22329,1,-1
2024-08-16 15:31:41.555,22328,22329,22329,1,1
2024-08-16 15:31:41.639,22329,22330,22330,1,1
2024-08-16 15:31:41.640,22329,22330,22330,1,1
2024-08-16 15:31:41.640,22329,22330,22332,1,1
2024-08-16 15:31:41.640,22329,22330,22332,1,1
2024-08-16 15:31:46.355,22330,22333,22330,1,-1
2024-08-16 15:31:46.390,22329,22332,22333,1,1
2024-08-16 15:31:46.390,22329,22332,22332,1,1
2024-08-16 15:31:46.391,22329,22332,22333,1,1
2024-08-16 15:31:47.499,22330,22333,22333,1,1
2024-08-16 15:31:47.513,22331,22333,22333,1,1
2024-08-16 15:31:47.970,22331,22333,22333,8,8
2024-08-16 15:31:47.970,22331,22333,22333,2,2
2024-08-16 15:31:47.970,22331,22333,22333,1,1
2024-08-16 15:31:47.970,22331,22333,22333,1,1
2024-08-16 15:31:48.860,22332,22334,22334,1,1
2024-08-16 15:31:48.860,22332,22334,22334,1,1
2024-08-16 15:31:49.648,22334,22335,22335,1,1
2024-08-16 15:31:49.648,22334,22335,22335,1,1
2024-08-16 15:31:49.648,22334,22335,22335,6,6
2024-08-16 15:31:49.648,22334,22335,22335,3,3
2024-08-16 15:31:49.649,22334,22335,22336,3,3
2024-08-16 15:31:51.225,22334,22336,22336,1,1
2024-08-16 15:31:52.189,22334,22336,22333,1,-1
2024-08-16 15:31:52.415,22332,22335,22335,1,1
2024-08-16 15:31:53.748,22333,22335,22335,1,1
2024-08-16 15:31:59.632,22333,22335,22333,3,-3
2024-08-16 15:32:00.623,22330,22333,22333,1,1
2024-08-16 15:32:07.178,22331,22333,22333,1,1
2024-08-16 15:32:08.369,22331,22334,22334,2,2
2024-08-16 15:32:09.823,22332,22334,22332,1,-1
2024-08-16 15:32:17.670,22331,22332,22331,1,-1
2024-08-16 15:32:17.670,22331,22332,22331,1,-1
2024-08-16 15:32:17.670,22331,22332,22331,1,-1
2024-08-16 15:32:17.671,22331,22332,22330,1,-1
2024-08-16 15:32:27.657,22328,22330,22328,2,-2
2024-08-16 15:32:27.658,22328,22330,22327,1,-1
2024-08-16 15:32:27.658,22328,22330,22327,1,-1
2024-08-16 15:32:27.822,22325,22327,22325,2,-2
2024-08-16 15:32:33.262,22326,22329,22326,1,-1
2024-08-16 15:32:43.526,22329,22330,22329,1,-1
2024-08-16 15:32:45.120,22328,22330,22330,3,3
2024-08-16 15:32:45.121,22328,22330,22331,1,1
2024-08-16 15:32:51.528,22330,22333,22330,1,-1
2024-08-16 15:32:56.279,22331,22333,22333,1,1
2024-08-16 15:33:02.751,22333,22334,22334,1,1
2024-08-16 15:33:04.712,22333,22334,22334,1,1
2024-08-16 15:33:04.712,22333,22334,22334,1,1
2024-08-16 15:33:08.266,22334,22335,22335,1,1
2024-08-16 15:33:08.266,22334,22335,22335,1,1
2024-08-16 15:33:08.791,22335,22336,22336,1,1
2024-08-16 15:33:10.327,22333,22335,22335,4,4
2024-08-16 15:33:10.327,22333,22335,22336,5,5
2024-08-16 15:33:10.327,22333,22335,22337,1,1
2024-08-16 15:33:15.821,22334,22336,22336,2,2
2024-08-16 15:33:17.487,22334,22336,22334,1,-1
2024-08-16 15:33:20.305,22334,22335,22335,2,2
2024-08-16 15:33:20.305,22334,22335,22336,1,1
2024-08-16 15:33:20.709,22334,22336,22336,3,3
2024-08-16 15:33:21.998,22334,22337,22337,1,1
2024-08-16 15:33:31.891,22335,22336,22335,1,-1
2024-08-16 15:33:32.437,22334,22336,22336,1,1
2024-08-16 15:33:37.707,22333,22335,22333,1,-1
2024-08-16 15:33:37.707,22333,22335,22333,1,-1
2024-08-16 15:33:37.707,22333,22335,22333,5,-5
2024-08-16 15:33:37.707,22333,22335,22333,2,-2
2024-08-16 15:33:37.707,22333,22335,22333,1,-1
2024-08-16 15:33:37.708,22333,22335,22333,1,-1
2024-08-16 15:33:37.708,22333,22335,22333,1,-1
2024-08-16 15:33:37.708,22333,22335,22333,1,-1
2024-08-16 15:33:37.917,22333,22335,22335,1,1
2024-08-16 15:33:41.396,22332,22334,22334,1,1
2024-08-16 15:33:41.429,22332,22334,22333,1,1
2024-08-16 15:33:43.185,22333,22335,22335,1,1
2024-08-16 15:33:43.444,22333,22335,22335,1,1
2024-08-16 15:33:43.445,22333,22335,22335,6,6
2024-08-16 15:33:48.122,22334,22335,22334,1,-1
2024-08-16 15:33:52.090,22334,22335,22335,1,1
2024-08-16 15:33:53.781,22335,22336,22336,2,2
2024-08-16 15:33:53.782,22335,22336,22336,1,1
2024-08-16 15:33:54.214,22335,22337,22337,1,1
2024-08-16 15:33:54.215,22335,22337,22338,1,1
2024-08-16 15:33:54.215,22335,22337,22337,1,1
2024-08-16 15:33:54.215,22335,22337,22338,1,1
2024-08-16 15:33:54.215,22335,22337,22337,1,1
2024-08-16 15:33:54.215,22335,22337,22337,1,1
2024-08-16 15:33:58.091,22335,22337,22335,1,-1
2024-08-16 15:34:00.820,22334,22336,22336,2,2
2024-08-16 15:34:01.066,22334,22337,22334,1,-1
2024-08-16 15:34:05.549,22334,22337,22335,2,-2
2024-08-16 15:34:11.037,22335,22336,22336,1,1
2024-08-16 15:34:17.771,22335,22336,22335,1,-1
2024-08-16 15:34:20.838,22334,22336,22334,2,-2
2024-08-16 15:34:20.838,22334,22336,22334,1,-1
2024-08-16 15:34:20.838,22334,22336,22334,1,-1
2024-08-16 15:34:20.839,22334,22336,22334,1,-1
2024-08-16 15:34:21.864,22333,22335,22335,2,2
2024-08-16 15:34:22.667,22335,22336,22335,5,-5
2024-08-16 15:34:29.287,22334,22335,22335,1,1
2024-08-16 15:34:33.194,22334,22336,22334,1,-1
2024-08-16 15:34:33.202,22334,22336,22333,1,-1
2024-08-16 15:34:33.202,22334,22336,22333,1,-1
2024-08-16 15:34:33.203,22334,22336,22333,2,-2
2024-08-16 15:34:33.205,22334,22336,22332,1,-1
2024-08-16 15:34:41.713,22335,22336,22335,1,-1
2024-08-16 15:34:41.713,22335,22336,22334,1,-1
2024-08-16 15:34:41.938,22333,22336,22333,1,-1
2024-08-16 15:34:43.001,22333,22337,22336,1,1
2024-08-16 15:34:46.900,22333,22335,22333,2,-2
2024-08-16 15:34:54.287,22333,22334,22333,1,-1
2024-08-16 15:34:56.735,22331,22334,22331,1,-1
2024-08-16 15:34:58.057,22331,22334,22331,2,-2
2024-08-16 15:35:04.178,22332,22334,22332,1,-1
2024-08-16 15:35:04.178,22332,22334,22332,1,-1
2024-08-16 15:35:05.616,22330,22333,22333,1,1
2024-08-16 15:35:08.319,22333,22335,22334,1,1
2024-08-16 15:35:09.367,22333,22335,22335,1,1
2024-08-16 15:35:09.368,22333,22335,22335,3,3
2024-08-16 15:35:09.389,22335,22336,22335,1,-1
2024-08-16 15:35:09.460,22335,22336,22335,1,-1
2024-08-16 15:35:10.779,22333,22336,22335,1,1
2024-08-16 15:35:16.967,22335,22336,22336,3,3
2024-08-16 15:35:16.967,22335,22336,22336,2,2
2024-08-16 15:35:18.186,22336,22337,22336,3,-3
2024-08-16 15:35:18.291,22335,22337,22336,1,-1
2024-08-16 15:35:21.287,22336,22337,22338,2,2
2024-08-16 15:35:21.287,22336,22337,22337,1,1
2024-08-16 15:35:22.931,22337,22338,22337,1,-1
2024-08-16 15:35:27.324,22337,22338,22337,1,-1
2024-08-16 15:35:30.483,22336,22338,22338,1,1
2024-08-16 15:35:30.514,22337,22339,22337,1,-1
2024-08-16 15:35:30.663,22338,22339,22339,2,2
2024-08-16 15:35:30.663,22338,22339,22339,2,2
2024-08-16 15:35:31.650,22338,22339,22339,1,1
2024-08-16 15:35:34.477,22338,22340,22338,1,-1
2024-08-16 15:35:34.994,22337,22339,22339,1,1
2024-08-16 15:35:40.607,22337,22339,22337,1,-1
2024-08-16 15:35:43.142,22337,22338,22337,1,-1
2024-08-16 15:35:43.263,22337,22338,22337,1,-1
2024-08-16 15:35:44.782,22337,22338,22338,1,1
2024-08-16 15:35:45.538,22337,22338,22337,1,-1
2024-08-16 15:35:45.538,22337,22338,22337,1,-1
2024-08-16 15:35:47.562,22336,22337,22337,3,3
2024-08-16 15:35:48.849,22336,22338,22336,1,-1
2024-08-16 15:35:48.849,22336,22338,22336,1,-1
2024-08-16 15:35:48.849,22336,22338,22336,1,-1
2024-08-16 15:35:55.236,22337,22338,22338,1,1
2024-08-16 15:35:55.236,22337,22338,22339,2,2
2024-08-16 15:35:56.359,22338,22340,22338,1,-1
2024-08-16 15:35:59.645,22338,22340,22340,1,1
2024-08-16 15:36:02.648,22338,22339,22338,1,-1
2024-08-16 15:36:04.596,22337,22338,22337,1,-1
2024-08-16 15:36:07.656,22337,22338,22338,1,1
2024-08-16 15:36:16.085,22337,22338,22337,2,-2
2024-08-16 15:36:18.962,22336,22338,22336,1,-1
2024-08-16 15:36:21.320,22337,22338,22337,1,-1
2024-08-16 15:36:26.890,22335,22337,22337,1,1
2024-08-16 15:36:29.894,22337,22338,22338,1,1
2024-08-16 15:36:31.483,22338,22340,22340,1,1
2024-08-16 15:36:31.483,22338,22340,22340,1,1
2024-08-16 15:36:31.483,22338,22340,22340,1,1
2024-08-16 15:36:31.483,22338,22340,22340,2,2
2024-08-16 15:36:31.483,22338,22340,22340,1,1
2024-08-16 15:36:31.484,22338,22340,22341,1,1
2024-08-16 15:36:31.612,22340,22341,22340,1,-1
2024-08-16 15:36:32.631,22338,22341,22338,1,-1
2024-08-16 15:36:32.654,22338,22340,22340,1,1
2024-08-16 15:36:34.763,22338,22341,22339,1,-1
2024-08-16 15:36:36.056,22340,22341,22341,1,1
2024-08-16 15:36:36.056,22340,22341,22341,1,1
2024-08-16 15:36:36.056,22340,22341,22341,1,1
2024-08-16 15:36:36.056,22340,22341,22341,2,2
2024-08-16 15:36:36.112,22340,22341,22342,1,1
2024-08-16 15:36:36.112,22340,22341,22342,1,1
2024-08-16 15:36:36.112,22340,22341,22342,1,1
2024-08-16 15:36:36.112,22340,22341,22342,1,1
2024-08-16 15:36:36.112,22340,22341,22342,1,1
2024-08-16 15:36:36.113,22340,22341,22342,1,1
2024-08-16 15:36:36.113,22340,22341,22342,2,2
2024-08-16 15:36:36.259,22342,22344,22343,2,2
2024-08-16 15:36:40.227,22340,22343,22340,1,-1
2024-08-16 15:36:42.081,22339,22342,22342,1,1
2024-08-16 15:36:44.895,22340,22341,22340,1,-1
2024-08-16 15:36:46.365,22339,22341,22341,1,1
2024-08-16 15:36:54.543,22341,22342,22341,1,-1
2024-08-16 15:36:58.268,22340,22341,22341,1,1
2024-08-16 15:37:04.916,22340,22341,22340,3,-3
2024-08-16 15:37:04.916,22340,22341,22339,2,-2
2024-08-16 15:37:04.917,22340,22341,22339,1,-1
2024-08-16 15:37:05.691,22337,22339,22337,1,-1
2024-08-16 15:37:07.253,22336,22337,22336,1,-1
2024-08-16 15:37:07.253,22336,22337,22336,3,-3
2024-08-16 15:37:10.945,22336,22337,22337,2,2
2024-08-16 15:37:12.018,22338,22339,22339,4,4
2024-08-16 15:37:14.495,22338,22340,22337,5,-5
2024-08-16 15:37:14.495,22338,22340,22338,1,-1
2024-08-16 15:37:17.001,22335,22337,22335,2,-2
2024-08-16 15:37:17.002,22335,22337,22334,3,-3
2024-08-16 15:37:17.004,22335,22337,22334,2,-2
2024-08-16 15:37:17.515,22333,22335,22333,2,-2
2024-08-16 15:37:17.516,22333,22335,22333,2,-2
