2022-06-14 15:00:00.041,16050,16053,16050,114,-114
2022-06-14 15:00:00.043,16050,16053,16053,1,1
2022-06-14 15:00:00.335,16051,16053,16053,1,1
2022-06-14 15:00:00.335,16051,16053,16054,1,1
2022-06-14 15:00:00.348,16051,16053,16052,1,1
2022-06-14 15:00:00.374,16051,16053,16053,1,1
2022-06-14 15:00:00.374,16051,16053,16053,7,7
2022-06-14 15:00:00.474,16052,16054,16054,1,1
2022-06-14 15:00:00.505,16052,16054,16054,1,1
2022-06-14 15:00:00.534,16052,16054,16054,2,2
2022-06-14 15:00:00.727,16052,16054,16052,1,-1
2022-06-14 15:00:01.032,16052,16054,16052,6,-6
2022-06-14 15:00:01.032,16052,16054,16053,2,-2
2022-06-14 15:00:01.051,16052,16053,16052,1,-1
2022-06-14 15:00:01.110,16052,16053,16053,1,1
2022-06-14 15:00:01.198,16052,16054,16052,1,-1
2022-06-14 15:00:01.199,16052,16054,16051,2,-2
2022-06-14 15:00:01.217,16052,16054,16050,1,-1
2022-06-14 15:00:01.218,16052,16054,16052,2,-2
2022-06-14 15:00:01.433,16051,16053,16053,1,1
2022-06-14 15:00:01.436,16051,16053,16051,2,-2
2022-06-14 15:00:01.495,16051,16053,16052,3,-3
2022-06-14 15:00:01.522,16051,16053,16053,1,1
2022-06-14 15:00:01.522,16051,16053,16053,4,4
2022-06-14 15:00:01.522,16051,16053,16054,1,1
2022-06-14 15:00:01.572,16051,16053,16051,1,-1
2022-06-14 15:00:01.574,16051,16053,16051,1,-1
2022-06-14 15:00:01.575,16051,16053,16050,38,-38
2022-06-14 15:00:01.583,16051,16053,16050,15,-15
2022-06-14 15:00:01.606,16051,16053,16052,1,-1
2022-06-14 15:00:01.668,16051,16053,16052,1,-1
2022-06-14 15:00:01.668,16051,16053,16053,3,3
2022-06-14 15:00:01.676,16050,16054,16053,1,1
2022-06-14 15:00:01.676,16050,16054,16054,1,1
2022-06-14 15:00:01.887,16050,16052,16052,1,1
2022-06-14 15:00:01.887,16050,16052,16053,1,1
2022-06-14 15:00:01.887,16050,16052,16054,2,2
2022-06-14 15:00:01.895,16050,16052,16053,1,1
2022-06-14 15:00:01.895,16050,16052,16054,3,3
2022-06-14 15:00:01.907,16050,16052,16051,1,1
2022-06-14 15:00:01.936,16051,16054,16054,3,3
2022-06-14 15:00:02.111,16051,16052,16052,1,1
2022-06-14 15:00:02.113,16051,16052,16052,2,2
2022-06-14 15:00:02.230,16051,16053,16053,1,1
2022-06-14 15:00:02.294,16051,16053,16053,1,1
2022-06-14 15:00:02.296,16053,16055,16053,1,-1
2022-06-14 15:00:02.318,16053,16055,16053,2,-2
2022-06-14 15:00:02.318,16053,16055,16053,2,-2
2022-06-14 15:00:02.684,16053,16054,16054,1,1
2022-06-14 15:00:03.059,16053,16055,16055,1,1
2022-06-14 15:00:03.214,16053,16055,16053,1,-1
2022-06-14 15:00:03.260,16053,16055,16055,2,2
2022-06-14 15:00:03.642,16053,16054,16054,1,1
2022-06-14 15:00:03.809,16053,16054,16054,1,1
2022-06-14 15:00:03.842,16053,16054,16054,2,2
2022-06-14 15:00:03.871,16053,16054,16054,2,2
2022-06-14 15:00:03.936,16053,16054,16054,2,2
2022-06-14 15:00:04.508,16053,16055,16055,3,3
2022-06-14 15:00:04.510,16053,16055,16055,1,1
2022-06-14 15:00:05.342,16054,16056,16054,2,-2
2022-06-14 15:00:05.506,16053,16054,16054,3,3
2022-06-14 15:00:05.873,16053,16054,16053,2,-2
2022-06-14 15:00:06.060,16052,16054,16054,2,2
2022-06-14 15:00:06.243,16051,16053,16053,1,1
2022-06-14 15:00:06.349,16051,16052,16051,6,-6
2022-06-14 15:00:06.810,16050,16052,16051,3,-3
2022-06-14 15:00:06.973,16050,16052,16052,2,2
2022-06-14 15:00:07.021,16050,16052,16053,1,1
2022-06-14 15:00:07.235,16051,16053,16052,1,1
2022-06-14 15:00:07.237,16051,16053,16052,1,1
2022-06-14 15:00:07.422,16051,16053,16051,1,-1
2022-06-14 15:00:07.520,16051,16053,16051,2,-2
2022-06-14 15:00:07.569,16051,16053,16051,4,-4
2022-06-14 15:00:07.669,16051,16053,16050,36,-36
2022-06-14 15:00:07.670,16049,16051,16049,5,-5
2022-06-14 15:00:07.689,16049,16051,16051,1,1
2022-06-14 15:00:08.041,16048,16050,16049,2,2
2022-06-14 15:00:08.055,16048,16051,16051,1,1
2022-06-14 15:00:08.075,16048,16051,16051,2,2
2022-06-14 15:00:08.078,16048,16051,16049,1,-1
2022-06-14 15:00:08.153,16048,16051,16050,3,3
2022-06-14 15:00:08.278,16048,16051,16051,3,3
2022-06-14 15:00:08.434,16049,16052,16049,3,-3
2022-06-14 15:00:08.466,16049,16052,16051,1,1
2022-06-14 15:00:08.467,16049,16052,16051,1,1
2022-06-14 15:00:08.514,16049,16052,16049,3,-3
2022-06-14 15:00:08.529,16049,16052,16048,1,-1
2022-06-14 15:00:08.616,16048,16050,16048,1,-1
2022-06-14 15:00:08.617,16048,16050,16047,2,-2
2022-06-14 15:00:09.200,16047,16049,16047,1,-1
2022-06-14 15:00:09.201,16047,16049,16048,1,-1
2022-06-14 15:00:09.263,16047,16049,16049,3,3
2022-06-14 15:00:09.515,16048,16050,16049,1,1
2022-06-14 15:00:09.600,16048,16049,16049,2,2
2022-06-14 15:00:10.326,16049,16051,16051,2,2
2022-06-14 15:00:10.326,16049,16051,16051,1,1
2022-06-14 15:00:10.327,16049,16051,16051,1,1
2022-06-14 15:00:10.327,16049,16051,16051,3,3
2022-06-14 15:00:10.614,16049,16051,16049,1,-1
2022-06-14 15:00:10.765,16049,16051,16049,2,-2
2022-06-14 15:00:10.866,16048,16050,16048,4,-4
2022-06-14 15:00:11.009,16047,16049,16049,3,3
2022-06-14 15:00:11.009,16047,16049,16050,1,1
2022-06-14 15:00:11.107,16048,16050,16048,1,-1
2022-06-14 15:00:11.127,16048,16050,16048,1,-1
2022-06-14 15:00:11.400,16047,16049,16049,1,1
2022-06-14 15:00:11.400,16047,16049,16050,1,1
2022-06-14 15:00:11.723,16048,16050,16048,2,-2
2022-06-14 15:00:12.367,16047,16048,16047,2,-2
2022-06-14 15:00:12.854,16046,16047,16046,2,-2
2022-06-14 15:00:13.513,16046,16047,16047,1,1
2022-06-14 15:00:13.956,16046,16047,16046,1,-1
2022-06-14 15:00:14.784,16047,16049,16049,1,1
2022-06-14 15:00:15.037,16047,16048,16047,2,-2
2022-06-14 15:00:15.283,16046,16048,16048,1,1
2022-06-14 15:00:15.878,16046,16047,16046,1,-1
2022-06-14 15:00:16.157,16045,16046,16045,6,-6
2022-06-14 15:00:16.255,16044,16045,16045,1,1
2022-06-14 15:00:16.423,16044,16045,16045,2,2
2022-06-14 15:00:16.430,16044,16045,16046,2,2
2022-06-14 15:00:16.431,16044,16045,16047,2,2
2022-06-14 15:00:16.432,16044,16045,16046,1,1
2022-06-14 15:00:16.433,16044,16045,16046,1,1
2022-06-14 15:00:16.759,16045,16046,16046,1,1
2022-06-14 15:00:16.759,16045,16046,16046,4,4
2022-06-14 15:00:17.548,16045,16047,16047,1,1
2022-06-14 15:00:18.046,16045,16047,16045,5,-5
2022-06-14 15:00:18.508,16045,16047,16046,1,-1
2022-06-14 15:00:19.561,16046,16048,16048,2,2
2022-06-14 15:00:20.259,16047,16048,16048,1,1
2022-06-14 15:00:20.305,16047,16048,16048,1,1
2022-06-14 15:00:20.305,16047,16048,16048,4,4
2022-06-14 15:00:20.462,16048,16049,16049,1,1
2022-06-14 15:00:21.254,16049,16050,16050,2,2
2022-06-14 15:00:23.520,16049,16051,16049,1,-1
2022-06-14 15:00:23.629,16049,16051,16049,1,-1
2022-06-14 15:00:23.631,16049,16051,16048,1,-1
2022-06-14 15:00:24.665,16048,16049,16049,1,1
2022-06-14 15:00:25.228,16048,16049,16048,1,-1
2022-06-14 15:00:25.459,16047,16048,16048,1,1
2022-06-14 15:00:25.921,16047,16048,16047,3,-3
2022-06-14 15:00:27.893,16047,16049,16047,2,-2
2022-06-14 15:00:29.594,16047,16049,16047,5,-5
2022-06-14 15:00:30.060,16046,16048,16047,2,-2
2022-06-14 15:00:30.426,16046,16047,16046,1,-1
2022-06-14 15:00:30.426,16046,16047,16046,2,-2
2022-06-14 15:00:30.426,16046,16047,16046,1,-1
2022-06-14 15:00:30.640,16045,16046,16046,1,1
2022-06-14 15:00:32.686,16045,16046,16045,1,-1
2022-06-14 15:00:32.989,16045,16046,16045,4,-4
2022-06-14 15:00:32.989,16045,16046,16044,1,-1
2022-06-14 15:00:33.152,16044,16046,16044,3,-3
2022-06-14 15:00:34.429,16044,16046,16045,1,-1
2022-06-14 15:00:35.366,16044,16046,16046,1,1
2022-06-14 15:00:35.381,16044,16046,16046,1,1
2022-06-14 15:00:35.841,16044,16046,16045,1,1
2022-06-14 15:00:35.890,16044,16046,16044,1,-1
2022-06-14 15:00:36.640,16044,16046,16045,3,-3
2022-06-14 15:00:36.640,16044,16046,16044,5,-5
2022-06-14 15:00:36.640,16044,16046,16043,2,-2
2022-06-14 15:00:37.619,16045,16046,16046,1,1
2022-06-14 15:00:37.620,16045,16046,16046,1,1
2022-06-14 15:00:37.620,16045,16046,16046,1,1
2022-06-14 15:00:37.791,16046,16048,16046,1,-1
2022-06-14 15:00:37.868,16044,16047,16044,3,-3
2022-06-14 15:00:39.540,16045,16046,16046,1,1
2022-06-14 15:00:39.540,16045,16046,16046,1,1
2022-06-14 15:00:39.568,16046,16048,16048,1,1
2022-06-14 15:00:39.955,16046,16048,16046,1,-1
2022-06-14 15:00:41.834,16046,16047,16046,3,-3
2022-06-14 15:00:42.103,16045,16046,16045,7,-7
2022-06-14 15:00:43.283,16044,16045,16044,2,-2
2022-06-14 15:00:44.001,16043,16044,16044,1,1
2022-06-14 15:00:44.137,16043,16044,16043,2,-2
2022-06-14 15:00:46.005,16043,16044,16044,2,2
2022-06-14 15:00:48.642,16043,16044,16044,1,1
2022-06-14 15:00:48.642,16043,16044,16045,5,5
2022-06-14 15:00:48.910,16045,16046,16046,1,1
2022-06-14 15:00:49.644,16045,16046,16046,1,1
2022-06-14 15:00:49.975,16046,16047,16047,1,1
2022-06-14 15:00:50.077,16047,16048,16048,6,6
2022-06-14 15:00:50.077,16047,16048,16048,1,1
2022-06-14 15:00:50.382,16047,16049,16047,1,-1
2022-06-14 15:00:53.226,16046,16047,16046,6,-6
2022-06-14 15:00:53.226,16046,16047,16045,4,-4
2022-06-14 15:00:55.006,16046,16048,16046,2,-2
2022-06-14 15:00:55.006,16046,16048,16046,1,-1
2022-06-14 15:00:55.245,16045,16047,16047,1,1
2022-06-14 15:00:55.440,16045,16047,16047,1,1
2022-06-14 15:00:56.468,16045,16047,16045,3,-3
2022-06-14 15:00:57.105,16043,16045,16045,3,3
2022-06-14 15:00:57.115,16043,16045,16045,1,1
2022-06-14 15:00:57.549,16044,16046,16046,1,1
2022-06-14 15:00:58.676,16044,16046,16044,1,-1
2022-06-14 15:00:59.243,16044,16046,16046,2,2
2022-06-14 15:00:59.355,16045,16046,16046,2,2
2022-06-14 15:00:59.402,16045,16046,16046,1,1
2022-06-14 15:00:59.428,16045,16046,16045,2,-2
2022-06-14 15:00:59.428,16045,16046,16044,4,-4
2022-06-14 15:00:59.866,16044,16046,16045,1,-1
2022-06-14 15:00:59.890,16044,16046,16046,1,1
2022-06-14 15:01:01.394,16044,16045,16045,2,2
2022-06-14 15:01:01.471,16044,16045,16045,2,2
2022-06-14 15:01:01.483,16044,16045,16044,1,-1
2022-06-14 15:01:01.542,16044,16045,16046,1,1
2022-06-14 15:01:02.108,16044,16046,16046,4,4
2022-06-14 15:01:02.108,16044,16046,16047,4,4
2022-06-14 15:01:02.173,16045,16047,16045,1,-1
2022-06-14 15:01:02.489,16045,16046,16046,2,2
2022-06-14 15:01:02.698,16044,16046,16046,2,2
2022-06-14 15:01:02.698,16044,16046,16047,2,2
2022-06-14 15:01:02.892,16045,16047,16047,4,4
2022-06-14 15:01:03.009,16045,16047,16045,2,-2
2022-06-14 15:01:03.183,16045,16047,16045,1,-1
2022-06-14 15:01:05.633,16045,16047,16047,3,3
2022-06-14 15:01:06.251,16045,16047,16045,3,-3
2022-06-14 15:01:06.898,16045,16047,16047,2,2
2022-06-14 15:01:07.898,16046,16048,16047,2,2
2022-06-14 15:01:08.140,16046,16048,16046,1,-1
2022-06-14 15:01:09.730,16045,16047,16045,2,-2
2022-06-14 15:01:10.565,16045,16047,16047,2,2
2022-06-14 15:01:13.096,16046,16047,16047,13,13
2022-06-14 15:01:13.124,16046,16047,16048,4,4
2022-06-14 15:01:14.381,16047,16049,16049,2,2
2022-06-14 15:01:16.154,16048,16050,16049,5,5
2022-06-14 15:01:16.239,16048,16050,16050,6,6
2022-06-14 15:01:16.240,16048,16050,16049,2,2
2022-06-14 15:01:18.018,16048,16050,16050,1,1
2022-06-14 15:01:18.214,16048,16050,16048,14,-14
2022-06-14 15:01:18.214,16048,16050,16047,1,-1
2022-06-14 15:01:18.339,16048,16049,16048,1,-1
2022-06-14 15:01:20.023,16047,16049,16049,1,1
2022-06-14 15:01:20.854,16047,16049,16049,2,2
2022-06-14 15:01:24.386,16047,16049,16047,10,-10
2022-06-14 15:01:24.399,16047,16049,16048,1,-1
2022-06-14 15:01:24.399,16047,16049,16049,1,1
2022-06-14 15:01:24.453,16047,16048,16048,1,1
2022-06-14 15:01:24.791,16048,16049,16048,1,-1
2022-06-14 15:01:25.416,16047,16048,16047,2,-2
2022-06-14 15:01:26.798,16046,16047,16047,1,1
2022-06-14 15:01:27.936,16046,16047,16046,2,-2
2022-06-14 15:01:27.936,16046,16047,16046,1,-1
2022-06-14 15:01:27.936,16046,16047,16046,3,-3
2022-06-14 15:01:28.001,16046,16047,16045,8,-8
2022-06-14 15:01:28.048,16045,16046,16045,1,-1
2022-06-14 15:01:29.022,16045,16047,16047,1,1
2022-06-14 15:01:29.265,16045,16047,16045,2,-2
2022-06-14 15:01:33.513,16046,16047,16047,1,1
2022-06-14 15:01:33.513,16046,16047,16047,1,1
2022-06-14 15:01:35.030,16047,16048,16047,1,-1
2022-06-14 15:01:36.135,16047,16048,16047,1,-1
2022-06-14 15:01:36.246,16046,16047,16046,2,-2
2022-06-14 15:01:39.201,16045,16047,16047,1,1
2022-06-14 15:01:41.087,16047,16048,16048,1,1
2022-06-14 15:01:41.088,16047,16048,16048,1,1
2022-06-14 15:01:41.768,16046,16048,16046,1,-1
2022-06-14 15:01:43.754,16045,16047,16047,1,1
2022-06-14 15:01:43.755,16045,16047,16047,2,2
2022-06-14 15:01:43.755,16045,16047,16047,2,2
2022-06-14 15:01:49.329,16047,16048,16047,2,-2
2022-06-14 15:01:49.690,16046,16047,16046,2,-2
2022-06-14 15:01:50.457,16046,16047,16046,2,-2
2022-06-14 15:01:50.473,16046,16047,16045,10,-10
2022-06-14 15:01:51.691,16044,16045,16044,1,-1
2022-06-14 15:01:55.977,16044,16045,16044,1,-1
2022-06-14 15:01:56.583,16044,16045,16045,1,1
2022-06-14 15:02:00.225,16045,16047,16046,2,2
2022-06-14 15:02:02.047,16046,16047,16047,2,2
2022-06-14 15:02:02.102,16046,16047,16047,1,1
2022-06-14 15:02:02.383,16046,16048,16046,2,-2
2022-06-14 15:02:02.383,16046,16048,16045,1,-1
2022-06-14 15:02:04.238,16047,16048,16048,4,4
2022-06-14 15:02:04.263,16047,16048,16049,2,2
2022-06-14 15:02:04.263,16047,16048,16050,2,2
2022-06-14 15:02:04.423,16048,16050,16050,2,2
2022-06-14 15:02:04.616,16048,16050,16049,3,3
2022-06-14 15:02:04.616,16048,16050,16050,1,1
2022-06-14 15:02:05.779,16048,16050,16050,1,1
2022-06-14 15:02:07.202,16048,16050,16050,5,5
2022-06-14 15:02:07.245,16048,16050,16051,12,12
2022-06-14 15:02:07.343,16050,16052,16052,2,2
2022-06-14 15:02:07.344,16050,16052,16052,3,3
2022-06-14 15:02:07.344,16050,16052,16052,7,7
2022-06-14 15:02:08.016,16051,16053,16053,1,1
2022-06-14 15:02:09.385,16051,16053,16053,1,1
2022-06-14 15:02:09.386,16051,16053,16053,3,3
2022-06-14 15:02:09.388,16051,16053,16053,1,1
2022-06-14 15:02:09.670,16053,16054,16054,1,1
2022-06-14 15:02:09.671,16053,16054,16054,2,2
2022-06-14 15:02:09.797,16054,16055,16055,4,4
2022-06-14 15:02:09.965,16054,16056,16054,1,-1
2022-06-14 15:02:12.275,16055,16056,16056,2,2
2022-06-14 15:02:12.332,16055,16056,16056,2,2
2022-06-14 15:02:12.356,16055,16056,16057,3,3
2022-06-14 15:02:12.859,16057,16058,16058,1,1
2022-06-14 15:02:12.932,16057,16058,16057,1,-1
2022-06-14 15:02:13.006,16057,16058,16058,2,2
2022-06-14 15:02:13.006,16057,16058,16059,1,1
2022-06-14 15:02:13.079,16057,16059,16057,1,-1
2022-06-14 15:02:13.427,16057,16059,16057,1,-1
2022-06-14 15:02:13.655,16057,16059,16059,5,5
2022-06-14 15:02:13.656,16057,16059,16059,2,2
2022-06-14 15:02:13.963,16059,16060,16060,1,1
2022-06-14 15:02:14.571,16059,16060,16059,1,-1
2022-06-14 15:02:15.364,16059,16060,16060,2,2
2022-06-14 15:02:15.544,16059,16061,16061,1,1
2022-06-14 15:02:15.905,16060,16062,16060,1,-1
2022-06-14 15:02:16.115,16060,16062,16060,3,-3
2022-06-14 15:02:16.233,16060,16062,16061,1,-1
2022-06-14 15:02:16.233,16060,16062,16062,4,4
2022-06-14 15:02:16.548,16061,16063,16063,1,1
2022-06-14 15:02:17.264,16061,16063,16062,1,1
2022-06-14 15:02:17.478,16061,16062,16062,1,1
2022-06-14 15:02:17.772,16062,16063,16062,1,-1
2022-06-14 15:02:18.400,16061,16062,16061,1,-1
2022-06-14 15:02:18.400,16061,16062,16060,9,-9
2022-06-14 15:02:18.400,16061,16062,16059,2,-2
2022-06-14 15:02:19.096,16059,16061,16061,11,11
2022-06-14 15:02:19.588,16061,16062,16062,2,2
2022-06-14 15:02:19.805,16060,16062,16060,1,-1
2022-06-14 15:02:19.813,16060,16062,16060,2,-2
2022-06-14 15:02:19.862,16060,16062,16062,1,1
2022-06-14 15:02:20.726,16060,16062,16062,2,2
2022-06-14 15:02:20.747,16060,16062,16062,5,5
2022-06-14 15:02:20.748,16060,16062,16062,2,2
2022-06-14 15:02:20.748,16060,16062,16062,2,2
2022-06-14 15:02:20.748,16060,16062,16062,1,1
2022-06-14 15:02:20.991,16061,16062,16062,1,1
2022-06-14 15:02:21.284,16062,16063,16062,2,-2
2022-06-14 15:02:21.452,16062,16063,16062,1,-1
2022-06-14 15:02:21.452,16062,16063,16062,4,-4
2022-06-14 15:02:21.453,16062,16063,16062,1,-1
2022-06-14 15:02:21.453,16062,16063,16062,1,-1
2022-06-14 15:02:21.604,16061,16062,16061,1,-1
2022-06-14 15:02:21.868,16061,16062,16061,1,-1
2022-06-14 15:02:21.907,16061,16062,16061,1,-1
2022-06-14 15:02:22.179,16060,16062,16062,3,3
2022-06-14 15:02:22.180,16060,16062,16062,1,1
2022-06-14 15:02:22.180,16060,16062,16062,1,1
2022-06-14 15:02:22.200,16060,16062,16060,1,-1
2022-06-14 15:02:22.647,16060,16062,16060,1,-1
2022-06-14 15:02:22.815,16060,16062,16062,1,1
2022-06-14 15:02:23.082,16060,16062,16061,1,1
2022-06-14 15:02:23.474,16060,16062,16062,1,1
2022-06-14 15:02:23.959,16061,16062,16062,2,2
2022-06-14 15:02:24.019,16061,16062,16063,1,1
2022-06-14 15:02:24.351,16062,16063,16062,1,-1
2022-06-14 15:02:24.433,16062,16063,16062,1,-1
2022-06-14 15:02:24.462,16062,16063,16062,1,-1
2022-06-14 15:02:24.462,16062,16063,16062,1,-1
2022-06-14 15:02:24.462,16062,16063,16062,1,-1
2022-06-14 15:02:24.463,16062,16063,16062,2,-2
2022-06-14 15:02:24.463,16062,16063,16062,1,-1
2022-06-14 15:02:24.845,16061,16062,16062,1,1
2022-06-14 15:02:25.752,16061,16062,16061,3,-3
2022-06-14 15:02:25.857,16061,16062,16061,1,-1
2022-06-14 15:02:26.137,16061,16062,16061,1,-1
2022-06-14 15:02:26.137,16061,16062,16061,4,-4
2022-06-14 15:02:26.138,16061,16062,16061,1,-1
2022-06-14 15:02:26.410,16060,16061,16061,1,1
2022-06-14 15:02:28.786,16060,16062,16062,2,2
2022-06-14 15:02:29.337,16060,16062,16062,9,9
2022-06-14 15:02:29.338,16060,16062,16062,1,1
2022-06-14 15:02:29.341,16060,16062,16061,2,2
2022-06-14 15:02:29.766,16060,16062,16062,1,1
2022-06-14 15:02:33.339,16061,16062,16062,2,2
2022-06-14 15:02:34.047,16061,16062,16062,1,1
2022-06-14 15:02:34.384,16061,16062,16061,13,-13
2022-06-14 15:02:34.591,16060,16061,16060,17,-17
2022-06-14 15:02:34.592,16060,16061,16060,1,-1
2022-06-14 15:02:34.592,16060,16061,16060,1,-1
2022-06-14 15:02:36.509,16058,16060,16058,2,-2
2022-06-14 15:02:36.660,16057,16060,16057,2,-2
2022-06-14 15:02:36.660,16057,16060,16056,1,-1
2022-06-14 15:02:37.224,16056,16057,16056,1,-1
2022-06-14 15:02:37.224,16056,16057,16056,2,-2
2022-06-14 15:02:37.249,16056,16057,16057,5,5
2022-06-14 15:02:38.000,16055,16057,16057,1,1
2022-06-14 15:02:39.953,16057,16059,16059,2,2
2022-06-14 15:02:41.033,16058,16060,16058,1,-1
2022-06-14 15:02:42.704,16057,16059,16058,5,-5
2022-06-14 15:02:46.951,16057,16058,16058,1,1
2022-06-14 15:02:47.929,16057,16058,16058,1,1
2022-06-14 15:02:48.060,16057,16058,16058,1,1
2022-06-14 15:02:48.214,16057,16059,16058,1,1
2022-06-14 15:02:49.733,16058,16059,16058,2,-2
2022-06-14 15:02:49.733,16058,16059,16057,1,-1
2022-06-14 15:02:50.063,16057,16058,16057,4,-4
2022-06-14 15:02:50.063,16057,16058,16056,1,-1
2022-06-14 15:02:50.143,16057,16058,16058,1,1
2022-06-14 15:02:50.327,16056,16058,16058,1,1
2022-06-14 15:02:50.505,16056,16058,16058,1,1
2022-06-14 15:02:50.762,16056,16059,16058,1,1
2022-06-14 15:02:51.726,16056,16057,16057,1,1
2022-06-14 15:02:51.875,16056,16057,16056,8,-8
2022-06-14 15:02:51.875,16056,16057,16056,1,-1
2022-06-14 15:02:51.950,16055,16056,16055,1,-1
2022-06-14 15:02:53.126,16054,16056,16056,1,1
2022-06-14 15:02:53.434,16054,16056,16055,1,1
2022-06-14 15:02:54.163,16054,16055,16054,1,-1
2022-06-14 15:02:54.331,16053,16054,16053,1,-1
2022-06-14 15:02:55.027,16052,16053,16052,4,-4
2022-06-14 15:02:55.027,16052,16053,16051,1,-1
2022-06-14 15:02:55.106,16051,16053,16053,1,1
2022-06-14 15:02:57.722,16050,16052,16050,1,-1
2022-06-14 15:02:58.088,16050,16052,16050,3,-3
2022-06-14 15:02:58.691,16051,16052,16052,2,2
2022-06-14 15:02:59.208,16051,16052,16051,1,-1
2022-06-14 15:02:59.850,16051,16052,16052,1,1
2022-06-14 15:02:59.851,16051,16052,16052,1,1
2022-06-14 15:02:59.851,16051,16052,16052,1,1
2022-06-14 15:03:00.099,16051,16053,16053,1,1
2022-06-14 15:03:00.099,16051,16053,16053,1,1
2022-06-14 15:03:00.317,16053,16055,16055,1,1
2022-06-14 15:03:00.668,16053,16055,16055,1,1
2022-06-14 15:03:00.669,16053,16055,16055,1,1
2022-06-14 15:03:00.797,16054,16055,16055,1,1
2022-06-14 15:03:02.538,16052,16055,16052,1,-1
2022-06-14 15:03:02.559,16052,16054,16054,1,1
2022-06-14 15:03:04.302,16052,16054,16052,1,-1
2022-06-14 15:03:04.302,16052,16054,16051,3,-3
2022-06-14 15:03:05.774,16052,16053,16053,1,1
2022-06-14 15:03:07.812,16053,16054,16054,2,2
2022-06-14 15:03:08.123,16054,16055,16055,2,2
2022-06-14 15:03:08.940,16055,16056,16056,1,1
2022-06-14 15:03:09.835,16056,16057,16056,1,-1
2022-06-14 15:03:12.350,16056,16057,16057,1,1
2022-06-14 15:03:12.689,16056,16057,16056,1,-1
2022-06-14 15:03:17.019,16056,16057,16056,2,-2
2022-06-14 15:03:17.996,16052,16054,16054,4,4
2022-06-14 15:03:17.996,16052,16054,16055,7,7
2022-06-14 15:03:17.996,16052,16054,16056,5,5
2022-06-14 15:03:17.996,16052,16054,16057,14,14
2022-06-14 15:03:18.105,16054,16056,16056,1,1
2022-06-14 15:03:18.111,16054,16056,16056,1,1
2022-06-14 15:03:19.559,16055,16056,16056,1,1
2022-06-14 15:03:19.559,16055,16056,16056,1,1
2022-06-14 15:03:20.038,16056,16057,16056,2,-2
2022-06-14 15:03:20.672,16055,16057,16056,2,-2
2022-06-14 15:03:20.829,16055,16057,16055,1,-1
2022-06-14 15:03:21.569,16055,16057,16057,5,5
2022-06-14 15:03:23.001,16056,16058,16056,1,-1
2022-06-14 15:03:30.086,16055,16056,16055,2,-2
2022-06-14 15:03:30.395,16054,16056,16055,1,-1
2022-06-14 15:03:31.097,16054,16055,16054,1,-1
2022-06-14 15:03:31.219,16053,16055,16053,4,-4
2022-06-14 15:03:31.524,16052,16054,16054,1,1
2022-06-14 15:03:32.098,16052,16054,16054,1,1
2022-06-14 15:03:32.131,16052,16054,16052,4,-4
2022-06-14 15:03:32.784,16050,16052,16052,1,1
2022-06-14 15:03:34.852,16051,16053,16051,1,-1
2022-06-14 15:03:35.274,16051,16053,16051,1,-1
2022-06-14 15:03:36.396,16050,16052,16052,2,2
2022-06-14 15:03:42.196,16052,16054,16053,1,1
2022-06-14 15:03:42.655,16052,16054,16052,5,-5
2022-06-14 15:03:42.656,16052,16054,16052,1,-1
2022-06-14 15:03:45.550,16053,16054,16054,1,1
2022-06-14 15:03:52.291,16053,16055,16053,1,-1
2022-06-14 15:03:53.459,16053,16054,16054,1,1
2022-06-14 15:03:53.838,16053,16055,16053,1,-1
2022-06-14 15:03:54.445,16053,16055,16053,1,-1
2022-06-14 15:03:57.252,16052,16053,16053,1,1
2022-06-14 15:04:02.400,16052,16054,16052,5,-5
2022-06-14 15:04:03.569,16051,16053,16053,1,1
2022-06-14 15:04:04.504,16051,16053,16051,9,-9
2022-06-14 15:04:05.809,16050,16052,16052,5,5
2022-06-14 15:04:09.691,16051,16052,16051,2,-2
2022-06-14 15:04:12.830,16051,16052,16052,4,4
2022-06-14 15:04:12.869,16051,16052,16053,2,2
2022-06-14 15:04:13.949,16051,16053,16052,6,6
2022-06-14 15:04:14.191,16051,16053,16052,1,1
2022-06-14 15:04:15.072,16052,16054,16052,2,-2
2022-06-14 15:04:15.359,16051,16053,16051,1,-1
2022-06-14 15:04:23.406,16052,16053,16053,1,1
2022-06-14 15:04:26.714,16053,16054,16054,2,2
2022-06-14 15:04:26.714,16053,16054,16054,3,3
2022-06-14 15:04:33.988,16054,16055,16055,3,3
2022-06-14 15:04:34.634,16054,16055,16054,2,-2
2022-06-14 15:04:34.634,16054,16055,16053,1,-1
2022-06-14 15:04:34.689,16052,16055,16054,1,1
2022-06-14 15:04:37.733,16054,16055,16054,3,-3
2022-06-14 15:04:37.739,16054,16055,16054,1,-1
2022-06-14 15:04:38.784,16053,16054,16054,1,1
2022-06-14 15:04:38.868,16054,16055,16054,4,-4
2022-06-14 15:04:40.497,16054,16055,16054,2,-2
2022-06-14 15:04:41.498,16053,16054,16054,1,1
2022-06-14 15:04:42.969,16053,16054,16054,2,2
2022-06-14 15:04:44.070,16054,16055,16054,1,-1
2022-06-14 15:04:44.078,16054,16055,16053,1,-1
2022-06-14 15:04:44.841,16052,16054,16054,1,1
2022-06-14 15:04:44.906,16052,16054,16052,1,-1
2022-06-14 15:04:45.001,16051,16053,16053,1,1
2022-06-14 15:04:45.443,16051,16053,16053,1,1
2022-06-14 15:04:47.928,16051,16052,16052,1,1
2022-06-14 15:04:50.306,16051,16052,16051,1,-1
2022-06-14 15:04:50.306,16051,16052,16051,3,-3
2022-06-14 15:04:50.307,16051,16052,16051,20,-20
2022-06-14 15:04:50.307,16051,16052,16051,7,-7
2022-06-14 15:04:51.588,16050,16052,16052,1,1
2022-06-14 15:04:52.144,16050,16052,16050,13,-13
2022-06-14 15:04:52.145,16050,16052,16050,1,-1
2022-06-14 15:04:52.145,16050,16052,16050,1,-1
2022-06-14 15:04:52.145,16050,16052,16050,15,-15
2022-06-14 15:04:52.720,16049,16050,16050,2,2
2022-06-14 15:04:57.107,16049,16050,16049,7,-7
2022-06-14 15:04:59.788,16049,16050,16050,2,2
2022-06-14 15:05:01.742,16050,16051,16051,1,1
2022-06-14 15:05:02.284,16050,16052,16051,3,3
2022-06-14 15:05:04.307,16050,16051,16050,3,-3
2022-06-14 15:05:11.453,16050,16051,16050,1,-1
2022-06-14 15:05:16.200,16049,16051,16049,3,-3
2022-06-14 15:05:16.886,16050,16051,16050,1,-1
2022-06-14 15:05:19.739,16049,16051,16051,2,2
2022-06-14 15:05:20.311,16049,16050,16049,1,-1
2022-06-14 15:05:21.921,16048,16049,16049,1,1
2022-06-14 15:05:24.326,16050,16052,16051,1,1
2022-06-14 15:05:25.583,16050,16052,16050,7,-7
2022-06-14 15:05:25.584,16050,16052,16050,1,-1
2022-06-14 15:05:25.792,16049,16052,16050,2,-2
2022-06-14 15:05:25.839,16050,16052,16050,1,-1
2022-06-14 15:05:27.203,16050,16052,16052,1,1
2022-06-14 15:05:28.234,16050,16052,16052,1,1
2022-06-14 15:05:30.304,16051,16052,16052,2,2
2022-06-14 15:05:30.988,16051,16053,16053,1,1
2022-06-14 15:05:35.472,16050,16052,16052,4,4
2022-06-14 15:05:35.473,16050,16052,16052,1,1
2022-06-14 15:05:37.822,16050,16052,16052,2,2
2022-06-14 15:05:40.116,16051,16053,16053,1,1
2022-06-14 15:05:44.281,16051,16053,16053,1,1
2022-06-14 15:05:46.267,16051,16053,16053,1,1
2022-06-14 15:05:50.449,16051,16053,16053,1,1
2022-06-14 15:05:50.674,16052,16053,16053,1,1
2022-06-14 15:05:55.978,16051,16053,16053,2,2
2022-06-14 15:05:55.978,16051,16053,16053,1,1
2022-06-14 15:05:55.984,16051,16053,16054,3,3
2022-06-14 15:05:55.984,16051,16053,16054,1,1
2022-06-14 15:05:56.105,16054,16055,16055,2,2
2022-06-14 15:05:56.105,16054,16055,16055,2,2
2022-06-14 15:05:57.492,16054,16056,16054,3,-3
2022-06-14 15:06:00.166,16055,16056,16056,1,1
2022-06-14 15:06:00.166,16055,16056,16056,6,6
2022-06-14 15:06:01.119,16055,16057,16055,1,-1
2022-06-14 15:06:03.810,16054,16055,16054,1,-1
2022-06-14 15:06:04.218,16053,16054,16053,1,-1
2022-06-14 15:06:06.885,16052,16054,16054,2,2
2022-06-14 15:06:12.750,16054,16055,16054,1,-1
2022-06-14 15:06:14.439,16052,16054,16054,1,1
2022-06-14 15:06:15.430,16053,16054,16054,1,1
2022-06-14 15:06:21.462,16054,16055,16054,1,-1
2022-06-14 15:06:21.584,16054,16055,16054,1,-1
2022-06-14 15:06:22.985,16053,16055,16055,1,1
2022-06-14 15:06:23.216,16053,16055,16055,3,3
2022-06-14 15:06:29.136,16054,16055,16055,2,2
2022-06-14 15:06:29.137,16054,16055,16055,3,3
2022-06-14 15:06:31.643,16055,16056,16056,1,1
2022-06-14 15:06:31.643,16055,16056,16056,2,2
2022-06-14 15:06:31.643,16055,16056,16056,1,1
2022-06-14 15:06:31.643,16055,16056,16056,5,5
2022-06-14 15:06:31.643,16055,16056,16056,1,1
2022-06-14 15:06:31.816,16056,16057,16056,2,-2
2022-06-14 15:06:33.985,16056,16057,16057,12,12
2022-06-14 15:06:35.616,16057,16058,16057,3,-3
2022-06-14 15:06:35.616,16057,16058,16056,2,-2
2022-06-14 15:06:37.433,16057,16058,16058,1,1
2022-06-14 15:06:40.164,16057,16058,16057,1,-1
2022-06-14 15:06:40.180,16056,16057,16057,1,1
2022-06-14 15:06:40.605,16056,16057,16057,1,1
2022-06-14 15:06:43.291,16056,16058,16058,1,1
2022-06-14 15:06:44.749,16056,16057,16056,2,-2
2022-06-14 15:06:44.749,16056,16057,16056,1,-1
2022-06-14 15:06:46.702,16055,16056,16056,1,1
2022-06-14 15:06:46.800,16055,16057,16055,1,-1
2022-06-14 15:06:54.177,16055,16057,16056,1,-1
2022-06-14 15:06:55.284,16055,16057,16055,1,-1
2022-06-14 15:06:55.895,16055,16057,16055,1,-1
2022-06-14 15:06:57.866,16055,16056,16056,3,3
2022-06-14 15:06:58.118,16055,16057,16055,2,-2
2022-06-14 15:07:00.031,16054,16056,16056,1,1
2022-06-14 15:07:01.876,16054,16056,16056,2,2
2022-06-14 15:07:02.241,16054,16056,16056,2,2
2022-06-14 15:07:02.241,16054,16056,16057,2,2
2022-06-14 15:07:04.126,16056,16057,16057,1,1
2022-06-14 15:07:05.482,16056,16058,16057,1,1
2022-06-14 15:07:10.178,16057,16058,16058,65,65
2022-06-14 15:07:10.178,16057,16058,16058,14,14
2022-06-14 15:07:10.178,16057,16058,16058,1,1
2022-06-14 15:07:10.178,16057,16058,16058,1,1
2022-06-14 15:07:10.179,16057,16058,16058,4,4
2022-06-14 15:07:10.179,16057,16058,16058,1,1
2022-06-14 15:07:10.179,16057,16058,16058,2,2
2022-06-14 15:07:10.179,16057,16058,16058,1,1
2022-06-14 15:07:10.179,16057,16058,16058,1,1
2022-06-14 15:07:10.179,16057,16058,16058,26,26
2022-06-14 15:07:10.182,16057,16058,16059,9,9
2022-06-14 15:07:11.993,16059,16060,16060,4,4
2022-06-14 15:07:12.900,16059,16061,16060,1,1
2022-06-14 15:07:14.922,16059,16060,16059,1,-1
2022-06-14 15:07:14.976,16059,16060,16059,1,-1
2022-06-14 15:07:14.976,16059,16060,16059,2,-2
2022-06-14 15:07:15.516,16058,16059,16059,1,1
2022-06-14 15:07:16.870,16058,16060,16057,3,-3
2022-06-14 15:07:16.870,16058,16060,16057,1,-1
2022-06-14 15:07:18.571,16056,16057,16057,1,1
2022-06-14 15:07:20.754,16056,16057,16057,3,3
2022-06-14 15:07:20.754,16056,16057,16058,1,1
2022-06-14 15:07:22.428,16056,16057,16056,2,-2
2022-06-14 15:07:22.552,16055,16056,16056,1,1
2022-06-14 15:07:23.109,16055,16057,16055,1,-1
2022-06-14 15:07:23.246,16055,16057,16057,1,1
2022-06-14 15:07:28.231,16054,16057,16057,3,3
2022-06-14 15:07:32.541,16055,16057,16057,1,1
2022-06-14 15:07:33.354,16055,16057,16055,2,-2
2022-06-14 15:07:33.384,16055,16057,16054,1,-1
2022-06-14 15:07:33.699,16052,16054,16054,1,1
2022-06-14 15:07:33.718,16052,16054,16052,5,-5
2022-06-14 15:07:33.806,16051,16053,16053,1,1
2022-06-14 15:07:38.483,16051,16053,16052,2,2
2022-06-14 15:07:38.722,16051,16053,16053,1,1
2022-06-14 15:07:42.540,16053,16054,16053,1,-1
2022-06-14 15:07:44.979,16052,16053,16052,2,-2
2022-06-14 15:07:45.103,16052,16053,16052,1,-1
2022-06-14 15:07:45.759,16051,16053,16051,7,-7
2022-06-14 15:07:48.872,16051,16052,16052,1,1
2022-06-14 15:07:50.229,16050,16051,16050,4,-4
2022-06-14 15:07:50.414,16049,16051,16050,1,-1
2022-06-14 15:07:50.436,16049,16050,16049,3,-3
2022-06-14 15:07:50.481,16049,16050,16049,2,-2
2022-06-14 15:07:50.482,16049,16050,16049,1,-1
2022-06-14 15:07:51.071,16048,16049,16048,2,-2
2022-06-14 15:07:51.071,16048,16049,16048,3,-3
2022-06-14 15:07:51.071,16048,16049,16048,1,-1
2022-06-14 15:07:51.071,16048,16049,16048,2,-2
2022-06-14 15:07:51.071,16048,16049,16048,1,-1
2022-06-14 15:07:51.071,16048,16049,16048,3,-3
2022-06-14 15:07:51.082,16048,16049,16047,9,-9
2022-06-14 15:07:51.235,16046,16048,16046,2,-2
2022-06-14 15:07:51.235,16046,16048,16046,8,-8
2022-06-14 15:07:51.345,16045,16046,16045,1,-1
2022-06-14 15:07:51.498,16045,16046,16045,3,-3
2022-06-14 15:07:51.514,16045,16046,16045,1,-1
2022-06-14 15:07:51.514,16045,16046,16045,11,-11
2022-06-14 15:07:51.668,16044,16045,16044,1,-1
2022-06-14 15:07:51.668,16044,16045,16044,14,-14
2022-06-14 15:07:51.683,16043,16044,16043,3,-3
2022-06-14 15:07:51.684,16043,16044,16043,1,-1
2022-06-14 15:07:51.684,16043,16044,16043,6,-6
2022-06-14 15:07:51.701,16043,16044,16043,1,-1
2022-06-14 15:07:51.814,16042,16044,16044,1,1
2022-06-14 15:07:52.846,16042,16043,16043,1,1
2022-06-14 15:07:54.768,16042,16044,16043,1,1
2022-06-14 15:07:55.429,16043,16044,16044,1,1
2022-06-14 15:07:56.504,16043,16044,16044,1,1
2022-06-14 15:07:57.341,16043,16044,16043,1,-1
2022-06-14 15:07:59.137,16043,16044,16043,4,-4
2022-06-14 15:07:59.137,16043,16044,16043,1,-1
2022-06-14 15:07:59.137,16043,16044,16043,2,-2
2022-06-14 15:07:59.548,16042,16043,16043,1,1
2022-06-14 15:07:59.562,16042,16043,16042,3,-3
2022-06-14 15:07:59.846,16042,16043,16042,1,-1
2022-06-14 15:07:59.846,16042,16043,16042,20,-20
2022-06-14 15:07:59.848,16042,16043,16041,6,-6
2022-06-14 15:07:59.848,16042,16043,16041,4,-4
2022-06-14 15:07:59.848,16042,16043,16041,1,-1
2022-06-14 15:07:59.936,16040,16041,16040,2,-2
2022-06-14 15:07:59.937,16040,16041,16041,1,1
2022-06-14 15:08:00.319,16041,16042,16041,1,-1
2022-06-14 15:08:00.371,16041,16042,16042,1,1
2022-06-14 15:08:00.443,16041,16042,16042,6,6
2022-06-14 15:08:00.651,16041,16043,16043,1,1
2022-06-14 15:08:01.798,16042,16044,16042,2,-2
2022-06-14 15:08:02.279,16042,16044,16042,1,-1
2022-06-14 15:08:02.993,16043,16044,16043,1,-1
2022-06-14 15:08:03.411,16043,16044,16043,1,-1
2022-06-14 15:08:04.775,16042,16044,16043,1,-1
2022-06-14 15:08:07.139,16042,16043,16042,2,-2
2022-06-14 15:08:08.338,16041,16042,16041,3,-3
2022-06-14 15:08:08.478,16040,16041,16040,13,-13
2022-06-14 15:08:09.441,16039,16041,16039,1,-1
2022-06-14 15:08:09.618,16039,16041,16041,1,1
2022-06-14 15:08:09.965,16039,16042,16039,1,-1
2022-06-14 15:08:10.244,16039,16041,16041,1,1
2022-06-14 15:08:12.748,16040,16042,16040,1,-1
2022-06-14 15:08:13.842,16039,16041,16039,5,-5
2022-06-14 15:08:15.076,16039,16041,16041,1,1
2022-06-14 15:08:16.208,16040,16041,16040,1,-1
2022-06-14 15:08:16.676,16040,16041,16041,1,1
2022-06-14 15:08:16.992,16040,16041,16041,1,1
2022-06-14 15:08:18.514,16040,16042,16042,1,1
2022-06-14 15:08:18.584,16041,16043,16042,2,2
2022-06-14 15:08:20.047,16040,16042,16040,1,-1
2022-06-14 15:08:22.250,16039,16041,16041,1,1
2022-06-14 15:08:22.766,16039,16040,16039,1,-1
2022-06-14 15:08:24.109,16039,16040,16039,1,-1
2022-06-14 15:08:24.274,16039,16040,16039,1,-1
2022-06-14 15:08:25.206,16039,16040,16039,1,-1
2022-06-14 15:08:25.669,16039,16040,16039,1,-1
2022-06-14 15:08:30.357,16039,16040,16040,1,1
2022-06-14 15:08:30.763,16039,16040,16039,2,-2
2022-06-14 15:08:31.262,16039,16040,16039,2,-2
2022-06-14 15:08:31.922,16038,16040,16040,2,2
2022-06-14 15:08:32.335,16039,16041,16041,1,1
2022-06-14 15:08:37.451,16040,16042,16042,1,1
2022-06-14 15:08:38.091,16041,16042,16041,1,-1
2022-06-14 15:08:38.408,16040,16043,16043,1,1
2022-06-14 15:08:43.848,16042,16043,16042,1,-1
2022-06-14 15:08:44.503,16041,16043,16043,2,2
2022-06-14 15:08:44.504,16041,16043,16043,2,2
2022-06-14 15:08:46.107,16042,16043,16043,1,1
2022-06-14 15:08:46.217,16043,16044,16044,1,1
2022-06-14 15:08:46.288,16043,16044,16044,2,2
2022-06-14 15:08:46.288,16043,16044,16044,1,1
2022-06-14 15:08:46.288,16043,16044,16044,1,1
2022-06-14 15:08:46.309,16043,16045,16043,1,-1
2022-06-14 15:08:46.885,16043,16044,16043,1,-1
2022-06-14 15:08:48.903,16043,16045,16045,1,1
2022-06-14 15:08:50.195,16043,16045,16043,1,-1
2022-06-14 15:08:50.874,16041,16043,16043,1,1
2022-06-14 15:08:53.916,16041,16042,16042,2,2
2022-06-14 15:09:02.254,16043,16044,16043,1,-1
2022-06-14 15:09:02.519,16043,16044,16043,1,-1
2022-06-14 15:09:02.519,16043,16044,16043,9,-9
2022-06-14 15:09:10.180,16042,16043,16042,1,-1
2022-06-14 15:09:11.670,16041,16042,16041,1,-1
2022-06-14 15:09:11.670,16041,16042,16041,1,-1
2022-06-14 15:09:11.722,16041,16042,16041,3,-3
2022-06-14 15:09:14.598,16041,16042,16042,1,1
2022-06-14 15:09:14.691,16041,16043,16041,1,-1
2022-06-14 15:09:18.957,16041,16043,16043,1,1
2022-06-14 15:09:20.341,16041,16042,16041,4,-4
2022-06-14 15:09:20.388,16041,16042,16041,1,-1
2022-06-14 15:09:21.999,16040,16042,16042,1,1
2022-06-14 15:09:23.001,16040,16042,16042,1,1
2022-06-14 15:09:28.794,16043,16044,16044,1,1
2022-06-14 15:09:30.903,16042,16044,16044,1,1
2022-06-14 15:09:33.035,16041,16043,16043,1,1
2022-06-14 15:09:37.037,16041,16042,16042,1,1
2022-06-14 15:09:39.111,16041,16042,16042,1,1
2022-06-14 15:09:40.249,16041,16042,16041,1,-1
2022-06-14 15:09:40.250,16041,16042,16041,5,-5
2022-06-14 15:09:41.975,16040,16042,16042,1,1
2022-06-14 15:09:42.375,16041,16043,16041,4,-4
2022-06-14 15:09:42.663,16041,16043,16043,1,1
2022-06-14 15:09:42.979,16041,16043,16041,5,-5
2022-06-14 15:09:45.304,16040,16041,16041,1,1
2022-06-14 15:09:45.713,16040,16041,16040,1,-1
2022-06-14 15:09:45.714,16040,16041,16040,2,-2
2022-06-14 15:09:45.714,16040,16041,16040,3,-3
2022-06-14 15:09:45.714,16040,16041,16040,11,-11
2022-06-14 15:09:45.715,16040,16041,16039,5,-5
2022-06-14 15:09:49.445,16039,16040,16040,1,1
2022-06-14 15:09:51.007,16040,16041,16040,1,-1
2022-06-14 15:09:56.340,16039,16040,16040,2,2
2022-06-14 15:09:56.340,16039,16040,16040,4,4
2022-06-14 15:09:58.077,16039,16041,16039,1,-1
2022-06-14 15:09:59.280,16039,16040,16039,3,-3
2022-06-14 15:10:00.086,16038,16039,16038,10,-10
2022-06-14 15:10:00.087,16038,16039,16037,9,-9
2022-06-14 15:10:00.109,16038,16039,16038,1,-1
2022-06-14 15:10:00.812,16037,16038,16037,1,-1
2022-06-14 15:10:00.847,16037,16038,16037,2,-2
2022-06-14 15:10:00.847,16037,16038,16037,2,-2
2022-06-14 15:10:01.661,16036,16038,16038,1,1
2022-06-14 15:10:01.851,16037,16038,16039,1,1
2022-06-14 15:10:02.084,16037,16039,16039,5,5
2022-06-14 15:10:04.554,16038,16039,16039,1,1
2022-06-14 15:10:04.554,16038,16039,16039,1,1
2022-06-14 15:10:04.784,16039,16041,16039,1,-1
2022-06-14 15:10:05.688,16040,16041,16041,2,2
2022-06-14 15:10:11.652,16041,16042,16041,1,-1
2022-06-14 15:10:11.652,16041,16042,16040,9,-9
2022-06-14 15:10:11.652,16041,16042,16039,27,-27
2022-06-14 15:10:11.655,16041,16042,16038,3,-3
2022-06-14 15:10:11.656,16041,16042,16038,4,-4
2022-06-14 15:10:11.812,16037,16038,16038,1,1
2022-06-14 15:10:12.438,16037,16038,16038,2,2
2022-06-14 15:10:14.548,16037,16038,16039,2,2
2022-06-14 15:10:14.548,16037,16038,16039,2,2
2022-06-14 15:10:15.398,16038,16039,16039,1,1
2022-06-14 15:10:15.649,16038,16039,16039,1,1
2022-06-14 15:10:15.925,16038,16039,16038,1,-1
2022-06-14 15:10:18.263,16038,16039,16039,1,1
2022-06-14 15:10:19.159,16038,16039,16038,2,-2
2022-06-14 15:10:19.159,16038,16039,16038,1,-1
2022-06-14 15:10:19.390,16037,16038,16038,1,1
2022-06-14 15:10:19.580,16037,16039,16038,3,3
2022-06-14 15:10:24.653,16038,16039,16038,1,-1
2022-06-14 15:10:26.977,16038,16039,16038,4,-4
2022-06-14 15:10:26.977,16038,16039,16037,1,-1
2022-06-14 15:10:27.583,16037,16039,16039,60,60
2022-06-14 15:10:27.584,16037,16039,16040,10,10
2022-06-14 15:10:27.916,16040,16042,16042,4,4
2022-06-14 15:10:28.231,16041,16043,16043,7,7
2022-06-14 15:10:28.231,16041,16043,16044,7,7
2022-06-14 15:10:28.231,16041,16043,16045,1,1
2022-06-14 15:10:29.192,16043,16045,16044,1,1
2022-06-14 15:10:32.602,16042,16044,16042,1,-1
2022-06-14 15:10:34.761,16042,16043,16042,1,-1
2022-06-14 15:10:35.902,16041,16042,16041,1,-1
2022-06-14 15:10:37.212,16039,16040,16039,1,-1
2022-06-14 15:10:37.512,16038,16039,16039,1,1
2022-06-14 15:10:38.387,16038,16039,16039,4,4
2022-06-14 15:10:38.703,16038,16039,16038,1,-1
2022-06-14 15:10:40.574,16037,16039,16039,1,1
2022-06-14 15:10:43.860,16038,16039,16039,1,1
2022-06-14 15:10:45.523,16039,16040,16039,1,-1
2022-06-14 15:10:51.260,16039,16041,16041,1,1
2022-06-14 15:10:54.463,16040,16041,16041,1,1
2022-06-14 15:10:54.508,16040,16041,16040,2,-2
2022-06-14 15:10:57.595,16040,16041,16040,1,-1
2022-06-14 15:10:58.840,16039,16040,16039,1,-1
2022-06-14 15:10:59.157,16038,16039,16038,1,-1
2022-06-14 15:10:59.158,16038,16039,16038,1,-1
2022-06-14 15:11:00.745,16037,16039,16037,2,-2
2022-06-14 15:11:00.745,16037,16039,16037,1,-1
2022-06-14 15:11:00.751,16037,16039,16037,1,-1
2022-06-14 15:11:00.751,16037,16039,16037,3,-3
2022-06-14 15:11:00.751,16037,16039,16037,6,-6
2022-06-14 15:11:00.751,16037,16039,16037,6,-6
2022-06-14 15:11:00.751,16037,16039,16037,3,-3
2022-06-14 15:11:03.670,16037,16039,16036,1,-1
2022-06-14 15:11:04.884,16036,16038,16036,3,-3
2022-06-14 15:11:05.426,16036,16037,16036,3,-3
2022-06-14 15:11:06.555,16036,16038,16036,9,-9
2022-06-14 15:11:06.576,16036,16038,16036,1,-1
2022-06-14 15:11:07.000,16035,16036,16035,1,-1
2022-06-14 15:11:07.215,16035,16036,16035,1,-1
2022-06-14 15:11:07.289,16035,16036,16035,5,-5
2022-06-14 15:11:07.290,16035,16036,16035,4,-4
2022-06-14 15:11:07.394,16034,16036,16034,1,-1
2022-06-14 15:11:07.462,16034,16036,16034,1,-1
2022-06-14 15:11:07.518,16034,16036,16036,1,1
2022-06-14 15:11:07.558,16034,16036,16034,1,-1
2022-06-14 15:11:07.789,16034,16036,16034,1,-1
2022-06-14 15:11:07.906,16034,16036,16034,1,-1
2022-06-14 15:11:07.906,16034,16036,16034,1,-1
2022-06-14 15:11:08.041,16034,16036,16035,1,-1
2022-06-14 15:11:08.500,16034,16036,16036,1,1
2022-06-14 15:11:08.921,16034,16036,16034,1,-1
2022-06-14 15:11:09.324,16034,16036,16034,2,-2
2022-06-14 15:11:10.629,16035,16036,16035,1,-1
2022-06-14 15:11:11.693,16035,16037,16037,2,2
2022-06-14 15:11:12.768,16036,16037,16036,1,-1
2022-06-14 15:11:13.712,16035,16037,16035,1,-1
2022-06-14 15:11:14.379,16036,16037,16037,1,1
2022-06-14 15:11:15.174,16036,16037,16037,1,1
2022-06-14 15:11:15.174,16036,16037,16037,2,2
2022-06-14 15:11:15.784,16037,16038,16038,1,1
2022-06-14 15:11:16.762,16038,16040,16038,1,-1
2022-06-14 15:11:18.717,16038,16040,16039,1,-1
2022-06-14 15:11:23.152,16039,16040,16040,1,1
2022-06-14 15:11:23.870,16039,16040,16039,1,-1
2022-06-14 15:11:27.317,16039,16040,16040,2,2
2022-06-14 15:11:28.916,16039,16041,16040,1,1
2022-06-14 15:11:29.251,16040,16041,16041,1,1
2022-06-14 15:11:29.891,16041,16042,16042,1,1
2022-06-14 15:11:30.251,16042,16044,16042,7,-7
2022-06-14 15:11:30.251,16042,16044,16041,12,-12
2022-06-14 15:11:30.251,16042,16044,16040,17,-17
2022-06-14 15:11:30.251,16042,16044,16039,19,-19
2022-06-14 15:11:30.253,16042,16044,16039,1,-1
2022-06-14 15:11:30.253,16042,16044,16039,1,-1
2022-06-14 15:11:30.254,16042,16044,16039,3,-3
2022-06-14 15:11:30.255,16042,16044,16039,5,-5
2022-06-14 15:11:30.257,16042,16044,16039,1,-1
2022-06-14 15:11:30.315,16038,16040,16038,2,-2
2022-06-14 15:11:30.315,16038,16040,16038,3,-3
2022-06-14 15:11:30.375,16038,16040,16039,2,-2
2022-06-14 15:11:30.375,16038,16040,16039,1,-1
2022-06-14 15:11:30.376,16038,16040,16038,1,-1
2022-06-14 15:11:30.758,16038,16040,16038,2,-2
2022-06-14 15:11:34.055,16038,16039,16038,1,-1
2022-06-14 15:11:34.056,16038,16039,16037,4,-4
2022-06-14 15:11:34.815,16036,16037,16036,1,-1
2022-06-14 15:11:36.327,16036,16038,16038,1,1
2022-06-14 15:11:37.041,16037,16039,16037,2,-2
2022-06-14 15:11:37.891,16037,16039,16037,2,-2
2022-06-14 15:11:38.398,16036,16038,16038,1,1
2022-06-14 15:11:40.836,16036,16037,16036,1,-1
2022-06-14 15:11:40.837,16036,16037,16035,3,-3
2022-06-14 15:11:41.127,16034,16036,16036,1,1
2022-06-14 15:11:42.934,16035,16036,16035,1,-1
2022-06-14 15:11:45.130,16034,16035,16035,1,1
2022-06-14 15:11:49.283,16035,16036,16035,3,-3
2022-06-14 15:11:49.284,16035,16036,16035,2,-2
2022-06-14 15:11:50.253,16034,16036,16034,1,-1
2022-06-14 15:11:52.220,16034,16036,16034,2,-2
2022-06-14 15:11:53.487,16035,16037,16035,3,-3
2022-06-14 15:11:53.487,16035,16037,16034,2,-2
2022-06-14 15:11:53.563,16035,16037,16035,1,-1
2022-06-14 15:11:57.004,16035,16036,16036,1,1
2022-06-14 15:12:00.509,16035,16037,16037,1,1
2022-06-14 15:12:01.704,16036,16037,16037,2,2
2022-06-14 15:12:04.344,16036,16038,16036,9,-9
2022-06-14 15:12:04.344,16036,16038,16035,11,-11
2022-06-14 15:12:05.031,16036,16038,16036,1,-1
2022-06-14 15:12:05.296,16036,16038,16036,1,-1
2022-06-14 15:12:06.437,16036,16038,16036,2,-2
2022-06-14 15:12:10.451,16035,16036,16035,1,-1
2022-06-14 15:12:12.189,16035,16036,16036,1,1
2022-06-14 15:12:12.282,16035,16036,16035,1,-1
2022-06-14 15:12:15.981,16035,16036,16035,1,-1
2022-06-14 15:12:15.981,16035,16036,16034,1,-1
2022-06-14 15:12:17.123,16034,16035,16034,1,-1
2022-06-14 15:12:17.124,16034,16035,16034,3,-3
2022-06-14 15:12:17.124,16034,16035,16034,2,-2
2022-06-14 15:12:17.694,16033,16035,16035,1,1
2022-06-14 15:12:18.560,16033,16035,16035,1,1
2022-06-14 15:12:23.731,16034,16035,16036,1,1
2022-06-14 15:12:24.808,16034,16035,16034,2,-2
2022-06-14 15:12:24.913,16034,16035,16033,1,-1
2022-06-14 15:12:24.913,16034,16035,16033,8,-8
2022-06-14 15:12:24.973,16032,16033,16032,4,-4
2022-06-14 15:12:25.087,16032,16033,16033,1,1
2022-06-14 15:12:25.233,16032,16034,16032,1,-1
2022-06-14 15:12:25.233,16032,16034,16032,5,-5
2022-06-14 15:12:25.991,16031,16032,16031,1,-1
2022-06-14 15:12:26.378,16031,16032,16031,2,-2
2022-06-14 15:12:26.378,16031,16032,16031,1,-1
2022-06-14 15:12:26.378,16031,16032,16031,9,-9
2022-06-14 15:12:29.419,16030,16031,16030,52,-52
2022-06-14 15:12:29.420,16030,16031,16029,1,-1
2022-06-14 15:12:29.420,16030,16031,16029,1,-1
2022-06-14 15:12:29.420,16029,16030,16029,2,-2
2022-06-14 15:12:29.420,16029,16030,16029,1,-1
2022-06-14 15:12:29.420,16029,16030,16029,9,-9
2022-06-14 15:12:29.492,16029,16030,16028,1,-1
2022-06-14 15:12:29.710,16028,16029,16029,1,1
2022-06-14 15:12:30.113,16028,16030,16030,1,1
2022-06-14 15:12:30.478,16028,16030,16028,2,-2
2022-06-14 15:12:31.224,16028,16030,16028,5,-5
2022-06-14 15:12:31.509,16028,16030,16028,1,-1
2022-06-14 15:12:31.928,16028,16029,16028,1,-1
2022-06-14 15:12:32.155,16028,16029,16029,1,1
2022-06-14 15:12:34.965,16028,16030,16030,1,1
2022-06-14 15:12:34.965,16028,16030,16030,9,9
2022-06-14 15:12:36.561,16029,16030,16029,1,-1
2022-06-14 15:12:38.445,16028,16029,16028,5,-5
2022-06-14 15:12:38.445,16028,16029,16028,1,-1
2022-06-14 15:12:38.445,16028,16029,16028,6,-6
2022-06-14 15:12:38.451,16028,16029,16027,2,-2
2022-06-14 15:12:38.451,16028,16029,16027,1,-1
2022-06-14 15:12:40.741,16027,16028,16028,1,1
2022-06-14 15:12:40.856,16027,16029,16027,8,-8
2022-06-14 15:12:41.503,16027,16029,16027,2,-2
2022-06-14 15:12:41.503,16027,16029,16026,2,-2
2022-06-14 15:12:41.578,16026,16028,16026,4,-4
2022-06-14 15:12:42.454,16027,16029,16027,4,-4
2022-06-14 15:12:42.455,16027,16029,16027,1,-1
2022-06-14 15:12:42.831,16027,16029,16027,1,-1
2022-06-14 15:12:44.744,16029,16030,16030,1,1
2022-06-14 15:12:45.081,16029,16031,16029,2,-2
2022-06-14 15:12:46.684,16028,16029,16029,1,1
2022-06-14 15:12:50.799,16029,16030,16030,2,2
2022-06-14 15:12:50.799,16029,16030,16030,2,2
2022-06-14 15:12:50.800,16029,16030,16031,1,1
2022-06-14 15:12:50.869,16029,16030,16031,2,2
2022-06-14 15:12:50.873,16029,16030,16030,1,1
2022-06-14 15:12:52.132,16029,16030,16030,1,1
2022-06-14 15:12:52.190,16029,16030,16030,1,1
2022-06-14 15:12:57.029,16029,16030,16030,1,1
2022-06-14 15:13:03.832,16029,16030,16030,1,1
2022-06-14 15:13:03.833,16029,16030,16030,1,1
2022-06-14 15:13:03.925,16030,16032,16030,1,-1
2022-06-14 15:13:03.925,16030,16032,16030,1,-1
2022-06-14 15:13:03.926,16030,16032,16030,1,-1
2022-06-14 15:13:05.432,16030,16031,16030,1,-1
2022-06-14 15:13:05.433,16030,16031,16029,4,-4
2022-06-14 15:13:08.558,16029,16030,16029,1,-1
2022-06-14 15:13:08.558,16029,16030,16029,3,-3
2022-06-14 15:13:09.235,16028,16029,16028,9,-9
2022-06-14 15:13:09.236,16028,16029,16027,3,-3
2022-06-14 15:13:09.279,16028,16029,16028,1,-1
2022-06-14 15:13:09.298,16026,16028,16026,1,-1
2022-06-14 15:13:09.298,16026,16028,16026,1,-1
2022-06-14 15:13:09.298,16026,16028,16026,3,-3
2022-06-14 15:13:09.831,16026,16028,16028,1,1
2022-06-14 15:13:10.671,16027,16028,16027,1,-1
2022-06-14 15:13:10.671,16027,16028,16026,4,-4
2022-06-14 15:13:13.294,16026,16028,16026,2,-2
2022-06-14 15:13:14.771,16026,16028,16027,5,-5
2022-06-14 15:13:15.872,16027,16028,16029,1,1
2022-06-14 15:13:16.664,16026,16028,16028,1,1
2022-06-14 15:13:19.692,16027,16029,16027,2,-2
2022-06-14 15:13:19.692,16027,16029,16027,1,-1
2022-06-14 15:13:20.182,16027,16029,16029,2,2
2022-06-14 15:13:20.298,16028,16030,16028,1,-1
2022-06-14 15:13:20.334,16028,16030,16028,1,-1
2022-06-14 15:13:21.742,16027,16028,16028,4,4
2022-06-14 15:13:21.838,16028,16030,16028,2,-2
2022-06-14 15:13:24.607,16029,16030,16030,9,9
2022-06-14 15:13:26.447,16029,16031,16031,1,1
2022-06-14 15:13:27.791,16029,16031,16031,1,1
2022-06-14 15:13:27.798,16029,16031,16029,1,-1
2022-06-14 15:13:29.803,16028,16030,16028,5,-5
2022-06-14 15:13:29.804,16028,16030,16028,2,-2
2022-06-14 15:13:30.920,16027,16028,16028,1,1
2022-06-14 15:13:30.984,16027,16029,16029,1,1
2022-06-14 15:13:32.833,16029,16030,16030,2,2
2022-06-14 15:13:32.833,16029,16030,16030,1,1
2022-06-14 15:13:38.001,16029,16031,16030,1,1
2022-06-14 15:13:38.476,16030,16031,16030,1,-1
2022-06-14 15:13:38.786,16030,16031,16030,1,-1
2022-06-14 15:13:39.689,16029,16030,16029,1,-1
2022-06-14 15:13:40.302,16028,16030,16030,1,1
2022-06-14 15:13:43.255,16029,16030,16030,10,10
2022-06-14 15:13:47.988,16031,16032,16031,1,-1
2022-06-14 15:13:52.181,16031,16032,16031,1,-1
2022-06-14 15:13:52.198,16031,16032,16030,3,-3
2022-06-14 15:13:52.298,16029,16030,16029,1,-1
2022-06-14 15:13:52.673,16029,16030,16029,2,-2
2022-06-14 15:13:52.673,16029,16030,16029,1,-1
2022-06-14 15:13:52.674,16029,16030,16028,5,-5
2022-06-14 15:13:53.854,16028,16030,16030,1,1
2022-06-14 15:13:55.380,16029,16031,16031,1,1
2022-06-14 15:14:04.659,16028,16029,16029,1,1
2022-06-14 15:14:05.559,16028,16030,16030,4,4
2022-06-14 15:14:10.517,16029,16030,16030,2,2
2022-06-14 15:14:13.238,16030,16032,16032,1,1
2022-06-14 15:14:13.950,16030,16031,16031,1,1
2022-06-14 15:14:13.950,16030,16031,16030,1,-1
2022-06-14 15:14:16.171,16029,16031,16031,4,4
2022-06-14 15:14:18.247,16029,16031,16030,1,1
2022-06-14 15:14:19.375,16030,16031,16030,1,-1
2022-06-14 15:14:22.979,16031,16032,16031,1,-1
2022-06-14 15:14:22.979,16031,16032,16030,1,-1
2022-06-14 15:14:23.316,16030,16032,16032,1,1
2022-06-14 15:14:24.540,16030,16032,16030,10,-10
2022-06-14 15:14:24.541,16030,16032,16030,10,-10
2022-06-14 15:14:34.967,16029,16030,16030,4,4
2022-06-14 15:14:34.967,16029,16030,16030,1,1
2022-06-14 15:14:34.967,16029,16030,16030,4,4
2022-06-14 15:14:34.967,16029,16030,16030,3,3
2022-06-14 15:14:34.967,16029,16030,16030,1,1
2022-06-14 15:14:34.968,16029,16030,16030,1,1
2022-06-14 15:14:34.968,16029,16030,16030,4,4
2022-06-14 15:14:34.968,16029,16030,16030,1,1
2022-06-14 15:14:34.968,16029,16030,16030,2,2
2022-06-14 15:14:34.970,16029,16030,16030,1,1
2022-06-14 15:14:37.168,16030,16031,16030,1,-1
2022-06-14 15:14:37.622,16029,16030,16029,4,-4
2022-06-14 15:14:37.866,16028,16029,16029,1,1
2022-06-14 15:14:38.599,16028,16029,16028,5,-5
2022-06-14 15:14:41.476,16027,16029,16027,1,-1
2022-06-14 15:14:44.581,16027,16029,16027,1,-1
2022-06-14 15:14:44.582,16027,16029,16027,1,-1
2022-06-14 15:14:44.591,16027,16029,16027,1,-1
2022-06-14 15:14:44.846,16026,16027,16026,1,-1
2022-06-14 15:14:45.746,16026,16027,16026,1,-1
2022-06-14 15:14:45.746,16026,16027,16026,5,-5
2022-06-14 15:14:45.746,16026,16027,16026,2,-2
2022-06-14 15:14:46.542,16025,16027,16027,1,1
2022-06-14 15:14:48.270,16025,16026,16026,1,1
2022-06-14 15:14:48.604,16025,16027,16027,1,1
2022-06-14 15:14:48.860,16025,16027,16027,1,1
2022-06-14 15:14:49.216,16025,16027,16027,1,1
2022-06-14 15:14:50.092,16025,16026,16026,2,2
2022-06-14 15:14:51.675,16026,16027,16026,2,-2
2022-06-14 15:14:55.921,16026,16027,16026,1,-1
2022-06-14 15:14:56.113,16026,16027,16027,1,1
2022-06-14 15:14:58.649,16027,16029,16028,5,5
2022-06-14 15:15:00.174,16028,16029,16028,1,-1
2022-06-14 15:15:00.174,16028,16029,16028,1,-1
2022-06-14 15:15:00.443,16027,16028,16027,1,-1
2022-06-14 15:15:00.551,16026,16028,16028,3,3
2022-06-14 15:15:03.473,16028,16029,16030,2,2
2022-06-14 15:15:04.770,16029,16031,16029,1,-1
2022-06-14 15:15:12.071,16029,16030,16029,1,-1
2022-06-14 15:15:12.072,16029,16030,16029,1,-1
2022-06-14 15:15:19.723,16027,16029,16029,1,1
2022-06-14 15:15:19.942,16027,16029,16029,3,3
2022-06-14 15:15:21.808,16028,16029,16028,1,-1
2022-06-14 15:15:22.958,16029,16030,16029,1,-1
2022-06-14 15:15:23.697,16029,16031,16029,4,-4
2022-06-14 15:15:23.698,16029,16031,16029,1,-1
2022-06-14 15:15:31.126,16030,16031,16031,1,1
2022-06-14 15:15:31.126,16030,16031,16031,4,4
2022-06-14 15:15:31.127,16030,16031,16031,2,2
2022-06-14 15:15:31.127,16030,16031,16031,1,1
2022-06-14 15:15:31.127,16030,16031,16031,1,1
2022-06-14 15:15:31.286,16031,16032,16031,3,-3
2022-06-14 15:15:32.361,16031,16032,16032,1,1
2022-06-14 15:15:34.660,16030,16031,16031,1,1
2022-06-14 15:15:34.671,16030,16031,16030,1,-1
2022-06-14 15:15:39.831,16029,16031,16031,3,3
2022-06-14 15:15:41.425,16030,16031,16030,1,-1
2022-06-14 15:15:43.226,16029,16031,16031,1,1
2022-06-14 15:15:43.787,16029,16031,16030,1,1
2022-06-14 15:15:44.338,16029,16031,16031,1,1
2022-06-14 15:15:49.411,16029,16030,16029,5,-5
2022-06-14 15:15:51.223,16028,16029,16028,2,-2
2022-06-14 15:15:51.223,16028,16029,16027,3,-3
2022-06-14 15:15:52.935,16027,16028,16027,3,-3
2022-06-14 15:15:55.104,16026,16027,16026,5,-5
2022-06-14 15:15:55.104,16026,16027,16026,1,-1
2022-06-14 15:15:58.112,16025,16026,16025,11,-11
2022-06-14 15:15:58.112,16025,16026,16025,7,-7
2022-06-14 15:15:58.112,16025,16026,16025,3,-3
2022-06-14 15:15:58.112,16025,16026,16025,7,-7
2022-06-14 15:15:58.400,16024,16025,16025,1,1
2022-06-14 15:15:59.277,16024,16026,16024,1,-1
2022-06-14 15:16:00.307,16024,16025,16024,1,-1
2022-06-14 15:16:00.307,16024,16025,16024,2,-2
2022-06-14 15:16:01.170,16024,16025,16025,1,1
2022-06-14 15:16:01.298,16024,16025,16025,1,1
2022-06-14 15:16:01.422,16024,16025,16025,1,1
2022-06-14 15:16:03.825,16025,16026,16026,1,1
2022-06-14 15:16:03.825,16025,16026,16026,1,1
2022-06-14 15:16:03.917,16025,16026,16027,3,3
2022-06-14 15:16:06.332,16026,16028,16026,2,-2
2022-06-14 15:16:06.584,16026,16028,16026,1,-1
2022-06-14 15:16:13.048,16025,16026,16025,1,-1
2022-06-14 15:16:13.048,16025,16026,16025,3,-3
2022-06-14 15:16:15.125,16024,16025,16024,1,-1
2022-06-14 15:16:16.836,16023,16025,16023,3,-3
2022-06-14 15:16:17.337,16023,16024,16023,2,-2
2022-06-14 15:16:17.338,16023,16024,16023,5,-5
2022-06-14 15:16:18.519,16022,16023,16022,1,-1
2022-06-14 15:16:18.796,16022,16023,16022,1,-1
2022-06-14 15:16:22.503,16022,16023,16022,1,-1
2022-06-14 15:16:23.911,16024,16026,16026,1,1
2022-06-14 15:16:24.377,16024,16026,16024,1,-1
2022-06-14 15:16:26.996,16024,16026,16024,2,-2
2022-06-14 15:16:31.954,16024,16025,16025,24,24
2022-06-14 15:16:35.286,16024,16026,16026,1,1
2022-06-14 15:16:41.572,16025,16026,16026,3,3
2022-06-14 15:16:41.673,16026,16027,16027,1,1
2022-06-14 15:16:44.402,16024,16025,16025,1,1
2022-06-14 15:16:46.188,16025,16026,16025,3,-3
2022-06-14 15:16:46.878,16025,16026,16026,2,2
2022-06-14 15:16:48.978,16025,16026,16025,1,-1
2022-06-14 15:16:49.849,16024,16025,16024,1,-1
2022-06-14 15:16:49.849,16024,16025,16024,2,-2
2022-06-14 15:16:51.766,16023,16024,16024,2,2
2022-06-14 15:16:53.941,16023,16025,16025,1,1
2022-06-14 15:16:58.776,16023,16024,16023,1,-1
2022-06-14 15:16:58.776,16023,16024,16023,1,-1
2022-06-14 15:17:00.875,16022,16023,16022,3,-3
2022-06-14 15:17:00.875,16022,16023,16022,8,-8
2022-06-14 15:17:01.023,16021,16022,16022,1,1
2022-06-14 15:17:02.618,16021,16022,16021,3,-3
2022-06-14 15:17:02.618,16021,16022,16021,3,-3
2022-06-14 15:17:02.723,16020,16021,16020,2,-2
2022-06-14 15:17:02.734,16020,16021,16020,1,-1
2022-06-14 15:17:02.736,16020,16021,16020,1,-1
2022-06-14 15:17:02.738,16020,16021,16020,1,-1
2022-06-14 15:17:02.739,16020,16021,16020,4,-4
2022-06-14 15:17:02.741,16020,16021,16020,1,-1
2022-06-14 15:17:02.741,16020,16021,16020,27,-27
2022-06-14 15:17:02.743,16020,16021,16019,1,-1
2022-06-14 15:17:02.743,16020,16021,16019,1,-1
2022-06-14 15:17:02.743,16020,16021,16019,2,-2
2022-06-14 15:17:02.744,16020,16021,16019,4,-4
2022-06-14 15:17:02.753,16020,16021,16018,1,-1
2022-06-14 15:17:02.754,16020,16021,16018,2,-2
2022-06-14 15:17:02.824,16018,16019,16018,5,-5
2022-06-14 15:17:02.824,16018,16019,16018,1,-1
2022-06-14 15:17:02.830,16018,16019,16017,2,-2
2022-06-14 15:17:02.868,16018,16019,16017,1,-1
2022-06-14 15:17:02.870,16018,16019,16017,1,-1
2022-06-14 15:17:02.877,16018,16019,16017,1,-1
2022-06-14 15:17:02.877,16018,16019,16017,3,-3
2022-06-14 15:17:02.877,16018,16019,16017,2,-2
2022-06-14 15:17:02.879,16018,16019,16017,1,-1
2022-06-14 15:17:02.879,16018,16019,16017,1,-1
2022-06-14 15:17:02.884,16018,16019,16016,1,-1
2022-06-14 15:17:02.906,16018,16019,16016,1,-1
2022-06-14 15:17:02.923,16016,16018,16016,1,-1
2022-06-14 15:17:02.943,16016,16018,16016,1,-1
2022-06-14 15:17:03.079,16016,16018,16016,6,-6
2022-06-14 15:17:03.094,16016,16018,16016,1,-1
2022-06-14 15:17:03.094,16016,16018,16016,2,-2
2022-06-14 15:17:03.111,16016,16018,16015,1,-1
2022-06-14 15:17:03.158,16016,16018,16015,2,-2
2022-06-14 15:17:03.164,16016,16018,16015,5,-5
2022-06-14 15:17:03.164,16016,16018,16015,2,-2
2022-06-14 15:17:03.197,16015,16016,16015,1,-1
2022-06-14 15:17:03.206,16015,16016,16015,2,-2
2022-06-14 15:17:03.210,16015,16016,16016,2,2
2022-06-14 15:17:03.219,16015,16016,16015,1,-1
2022-06-14 15:17:03.268,16015,16016,16016,1,1
2022-06-14 15:17:03.309,16016,16018,16016,1,-1
2022-06-14 15:17:03.331,16016,16018,16017,1,-1
2022-06-14 15:17:03.410,16016,16018,16018,1,1
2022-06-14 15:17:03.468,16017,16018,16017,2,-2
2022-06-14 15:17:03.475,16017,16018,16016,1,-1
2022-06-14 15:17:03.496,16017,16018,16016,1,-1
2022-06-14 15:17:03.515,16017,16018,16016,1,-1
2022-06-14 15:17:03.515,16017,16018,16016,1,-1
2022-06-14 15:17:03.515,16017,16018,16016,1,-1
2022-06-14 15:17:03.516,16017,16018,16016,1,-1
2022-06-14 15:17:03.565,16016,16018,16016,1,-1
2022-06-14 15:17:03.587,16016,16018,16016,1,-1
2022-06-14 15:17:03.687,16016,16017,16016,1,-1
2022-06-14 15:17:04.013,16016,16018,16016,1,-1
2022-06-14 15:17:04.195,16016,16018,16016,1,-1
2022-06-14 15:17:04.674,16016,16018,16018,2,2
2022-06-14 15:17:05.753,16017,16019,16017,3,-3
2022-06-14 15:17:05.757,16017,16019,16016,1,-1
2022-06-14 15:17:05.758,16017,16019,16016,1,-1
2022-06-14 15:17:05.799,16016,16018,16016,1,-1
2022-06-14 15:17:05.848,16016,16018,16016,1,-1
2022-06-14 15:17:05.848,16016,16018,16016,1,-1
2022-06-14 15:17:06.593,16017,16018,16017,1,-1
2022-06-14 15:17:06.594,16017,16018,16017,1,-1
2022-06-14 15:17:06.717,16016,16018,16018,1,1
2022-06-14 15:17:06.991,16017,16018,16016,1,-1
2022-06-14 15:17:07.996,16016,16017,16016,1,-1
2022-06-14 15:17:08.049,16016,16017,16017,1,1
2022-06-14 15:17:09.991,16017,16019,16017,1,-1
2022-06-14 15:17:11.280,16017,16019,16017,1,-1
2022-06-14 15:17:13.656,16017,16019,16017,3,-3
2022-06-14 15:17:14.235,16016,16017,16017,1,1
2022-06-14 15:17:14.695,16016,16017,16017,2,2
2022-06-14 15:17:14.695,16016,16017,16017,16,16
2022-06-14 15:17:14.760,16016,16017,16017,2,2
2022-06-14 15:17:15.779,16016,16017,16016,1,-1
2022-06-14 15:17:17.635,16017,16018,16018,1,1
2022-06-14 15:17:18.584,16017,16018,16018,1,1
2022-06-14 15:17:22.464,16018,16019,16018,3,-3
2022-06-14 15:17:22.723,16017,16018,16018,1,1
2022-06-14 15:17:23.338,16017,16018,16017,3,-3
2022-06-14 15:17:23.338,16017,16018,16017,1,-1
2022-06-14 15:17:23.994,16016,16017,16017,1,1
2022-06-14 15:17:24.157,16016,16017,16016,2,-2
2022-06-14 15:17:24.158,16016,16017,16016,1,-1
2022-06-14 15:17:24.158,16016,16017,16016,1,-1
2022-06-14 15:17:24.754,16015,16016,16016,1,1
2022-06-14 15:17:28.004,16015,16016,16016,2,2
2022-06-14 15:17:28.090,16015,16017,16015,2,-2
2022-06-14 15:17:28.290,16015,16017,16015,2,-2
2022-06-14 15:17:28.339,16015,16017,16015,1,-1
2022-06-14 15:17:28.490,16015,16017,16015,2,-2
2022-06-14 15:17:28.635,16015,16017,16015,2,-2
2022-06-14 15:17:29.468,16014,16015,16015,1,1
2022-06-14 15:17:30.008,16014,16015,16014,1,-1
2022-06-14 15:17:30.065,16014,16015,16015,1,1
2022-06-14 15:17:30.099,16014,16015,16014,2,-2
2022-06-14 15:17:30.127,16014,16015,16014,1,-1
2022-06-14 15:17:30.179,16014,16015,16014,1,-1
2022-06-14 15:17:30.355,16014,16015,16014,2,-2
2022-06-14 15:17:31.012,16014,16015,16014,1,-1
2022-06-14 15:17:32.511,16013,16015,16015,1,1
2022-06-14 15:17:32.544,16013,16015,16015,1,1
2022-06-14 15:17:34.213,16015,16016,16015,1,-1
2022-06-14 15:17:34.620,16014,16016,16015,2,-2
2022-06-14 15:17:35.657,16015,16017,16017,2,2
2022-06-14 15:17:36.760,16016,16018,16018,1,1
2022-06-14 15:17:36.761,16016,16018,16018,1,1
2022-06-14 15:17:36.761,16016,16018,16018,4,4
2022-06-14 15:17:36.761,16016,16018,16018,1,1
2022-06-14 15:17:36.761,16016,16018,16018,1,1
2022-06-14 15:17:37.387,16017,16019,16019,2,2
2022-06-14 15:17:37.873,16018,16019,16019,2,2
2022-06-14 15:17:42.313,16018,16019,16018,1,-1
2022-06-14 15:17:42.313,16018,16019,16018,1,-1
2022-06-14 15:17:43.386,16017,16018,16017,1,-1
2022-06-14 15:17:43.386,16017,16018,16017,3,-3
2022-06-14 15:17:44.280,16015,16017,16016,1,-1
2022-06-14 15:17:44.477,16015,16016,16015,1,-1
2022-06-14 15:17:45.457,16015,16016,16015,1,-1
2022-06-14 15:17:46.003,16015,16016,16015,2,-2
2022-06-14 15:17:46.003,16015,16016,16015,1,-1
2022-06-14 15:17:46.003,16015,16016,16015,3,-3
2022-06-14 15:17:46.003,16015,16016,16015,1,-1
2022-06-14 15:17:46.003,16015,16016,16015,2,-2
2022-06-14 15:17:46.003,16015,16016,16015,1,-1
2022-06-14 15:17:47.180,16015,16016,16015,5,-5
2022-06-14 15:17:47.607,16015,16016,16015,1,-1
2022-06-14 15:17:47.790,16015,16016,16016,2,2
2022-06-14 15:17:48.775,16016,16017,16017,2,2
2022-06-14 15:17:49.205,16016,16017,16016,4,-4
2022-06-14 15:17:49.205,16016,16017,16015,1,-1
2022-06-14 15:17:51.187,16017,16018,16017,1,-1
2022-06-14 15:17:52.251,16017,16018,16017,2,-2
2022-06-14 15:17:53.249,16017,16018,16017,1,-1
2022-06-14 15:17:55.216,16016,16018,16016,1,-1
2022-06-14 15:17:56.165,16017,16018,16017,1,-1
2022-06-14 15:17:56.814,16017,16018,16017,2,-2
2022-06-14 15:17:57.136,16017,16018,16018,2,2
2022-06-14 15:17:57.726,16018,16019,16018,1,-1
2022-06-14 15:17:57.745,16018,16019,16018,1,-1
2022-06-14 15:17:57.747,16018,16019,16017,1,-1
2022-06-14 15:18:01.784,16017,16018,16018,1,1
2022-06-14 15:18:01.799,16018,16019,16018,1,-1
2022-06-14 15:18:01.799,16018,16019,16017,1,-1
2022-06-14 15:18:01.799,16018,16019,16017,1,-1
2022-06-14 15:18:01.799,16018,16019,16017,1,-1
2022-06-14 15:18:01.800,16018,16019,16017,1,-1
2022-06-14 15:18:01.812,16018,16019,16016,5,-5
2022-06-14 15:18:02.027,16016,16018,16017,1,-1
2022-06-14 15:18:02.048,16016,16018,16016,1,-1
2022-06-14 15:18:02.411,16016,16018,16016,2,-2
2022-06-14 15:18:02.467,16015,16017,16015,2,-2
2022-06-14 15:18:02.641,16015,16017,16015,2,-2
2022-06-14 15:18:02.649,16015,16017,16015,2,-2
2022-06-14 15:18:02.658,16015,16017,16015,2,-2
2022-06-14 15:18:04.553,16015,16017,16015,1,-1
2022-06-14 15:18:04.717,16015,16017,16017,2,2
2022-06-14 15:18:09.694,16016,16017,16017,1,1
2022-06-14 15:18:09.694,16016,16017,16017,1,1
2022-06-14 15:18:10.480,16017,16018,16017,1,-1
2022-06-14 15:18:12.670,16017,16018,16018,2,2
2022-06-14 15:18:12.764,16017,16019,16019,5,5
2022-06-14 15:18:13.056,16018,16019,16018,1,-1
2022-06-14 15:18:13.083,16018,16019,16019,3,3
2022-06-14 15:18:14.302,16018,16019,16019,4,4
2022-06-14 15:18:14.302,16018,16019,16020,1,1
2022-06-14 15:18:14.602,16019,16020,16020,5,5
2022-06-14 15:18:14.602,16019,16020,16020,2,2
2022-06-14 15:18:15.433,16020,16021,16021,1,1
2022-06-14 15:18:16.038,16019,16021,16021,1,1
2022-06-14 15:18:16.039,16019,16021,16021,1,1
2022-06-14 15:18:16.039,16019,16021,16021,1,1
2022-06-14 15:18:16.099,16021,16022,16022,2,2
2022-06-14 15:18:27.325,16020,16021,16021,1,1
2022-06-14 15:18:27.664,16020,16021,16021,2,2
2022-06-14 15:18:27.665,16020,16021,16021,4,4
2022-06-14 15:18:27.665,16020,16021,16021,1,1
2022-06-14 15:18:27.665,16020,16021,16021,1,1
2022-06-14 15:18:27.665,16020,16021,16021,1,1
2022-06-14 15:18:28.008,16021,16022,16022,2,2
2022-06-14 15:18:28.919,16021,16022,16022,1,1
2022-06-14 15:18:33.598,16021,16022,16021,1,-1
2022-06-14 15:18:34.295,16021,16022,16021,2,-2
2022-06-14 15:18:37.629,16021,16022,16022,2,2
2022-06-14 15:18:44.339,16022,16023,16022,2,-2
2022-06-14 15:18:44.423,16021,16023,16021,1,-1
2022-06-14 15:18:44.636,16021,16023,16023,3,3
2022-06-14 15:18:49.011,16021,16022,16021,1,-1
2022-06-14 15:18:49.055,16020,16021,16020,4,-4
2022-06-14 15:18:49.990,16019,16020,16020,2,2
2022-06-14 15:18:52.994,16019,16020,16020,2,2
2022-06-14 15:18:53.699,16019,16020,16019,1,-1
2022-06-14 15:18:53.720,16019,16020,16020,5,5
2022-06-14 15:18:58.058,16019,16020,16020,1,1
2022-06-14 15:18:58.143,16019,16020,16020,1,1
2022-06-14 15:19:00.222,16019,16021,16019,2,-2
2022-06-14 15:19:01.820,16018,16020,16020,2,2
2022-06-14 15:19:02.483,16018,16020,16020,2,2
2022-06-14 15:19:06.518,16019,16021,16021,5,5
2022-06-14 15:19:07.420,16019,16021,16021,1,1
2022-06-14 15:19:08.551,16020,16022,16022,1,1
2022-06-14 15:19:12.622,16020,16021,16020,1,-1
2022-06-14 15:19:13.643,16019,16020,16019,1,-1
2022-06-14 15:19:15.257,16018,16019,16019,1,1
2022-06-14 15:19:24.053,16018,16019,16019,1,1
2022-06-14 15:19:25.053,16018,16020,16020,1,1
2022-06-14 15:19:31.188,16019,16020,16020,1,1
2022-06-14 15:19:32.260,16020,16021,16020,1,-1
2022-06-14 15:19:32.330,16020,16021,16020,2,-2
2022-06-14 15:19:33.614,16020,16021,16021,1,1
2022-06-14 15:19:33.615,16020,16021,16021,1,1
2022-06-14 15:19:33.615,16020,16021,16021,1,1
2022-06-14 15:19:33.615,16020,16021,16021,1,1
2022-06-14 15:19:33.615,16020,16021,16021,11,11
2022-06-14 15:19:36.944,16021,16022,16021,3,-3
2022-06-14 15:19:37.367,16021,16022,16021,1,-1
2022-06-14 15:19:37.635,16020,16021,16021,2,2
2022-06-14 15:19:37.885,16021,16022,16022,2,2
2022-06-14 15:19:39.102,16021,16022,16021,2,-2
2022-06-14 15:19:43.775,16021,16022,16022,2,2
2022-06-14 15:19:43.775,16021,16022,16022,1,1
2022-06-14 15:19:43.775,16021,16022,16022,1,1
2022-06-14 15:19:43.836,16022,16023,16022,1,-1
2022-06-14 15:19:44.307,16021,16022,16022,1,1
2022-06-14 15:19:45.023,16021,16022,16021,1,-1
2022-06-14 15:19:45.024,16021,16022,16021,1,-1
2022-06-14 15:19:54.110,16021,16023,16023,1,1
2022-06-14 15:19:57.475,16022,16023,16022,1,-1
2022-06-14 15:19:59.500,16022,16023,16022,1,-1
2022-06-14 15:20:00.078,16022,16023,16023,2,2
2022-06-14 15:20:00.078,16022,16023,16023,1,1
2022-06-14 15:20:00.078,16022,16023,16023,1,1
2022-06-14 15:20:00.149,16022,16023,16023,7,7
2022-06-14 15:20:00.150,16022,16023,16023,1,1
2022-06-14 15:20:00.150,16022,16023,16023,1,1
2022-06-14 15:20:00.150,16022,16023,16023,1,1
2022-06-14 15:20:00.150,16022,16023,16023,1,1
2022-06-14 15:20:00.150,16022,16023,16023,1,1
2022-06-14 15:20:00.150,16022,16023,16023,1,1
2022-06-14 15:20:00.150,16022,16023,16023,9,9
2022-06-14 15:20:01.311,16023,16024,16023,1,-1
2022-06-14 15:20:01.715,16023,16024,16023,1,-1
2022-06-14 15:20:01.747,16023,16024,16023,1,-1
2022-06-14 15:20:02.032,16022,16023,16022,1,-1
2022-06-14 15:20:02.033,16022,16023,16022,2,-2
2022-06-14 15:20:02.033,16022,16023,16022,2,-2
2022-06-14 15:20:02.033,16022,16023,16022,1,-1
2022-06-14 15:20:03.027,16021,16023,16023,1,1
2022-06-14 15:20:03.400,16021,16023,16023,1,1
2022-06-14 15:20:04.164,16022,16023,16022,2,-2
2022-06-14 15:20:04.167,16022,16023,16022,1,-1
2022-06-14 15:20:04.167,16022,16023,16022,2,-2
2022-06-14 15:20:07.317,16022,16023,16023,1,1
2022-06-14 15:20:07.583,16023,16024,16024,1,1
2022-06-14 15:20:07.583,16023,16024,16024,3,3
2022-06-14 15:20:08.300,16023,16025,16023,9,-9
2022-06-14 15:20:08.687,16023,16025,16023,2,-2
2022-06-14 15:20:08.868,16023,16025,16025,1,1
2022-06-14 15:20:11.729,16024,16025,16025,1,1
2022-06-14 15:20:12.092,16024,16025,16025,1,1
2022-06-14 15:20:14.140,16024,16025,16024,1,-1
2022-06-14 15:20:15.023,16025,16026,16026,2,2
2022-06-14 15:20:15.024,16025,16026,16026,1,1
2022-06-14 15:20:18.534,16025,16027,16027,1,1
2022-06-14 15:20:20.121,16026,16027,16026,1,-1
2022-06-14 15:20:20.267,16025,16026,16026,1,1
2022-06-14 15:20:21.773,16025,16026,16025,5,-5
2022-06-14 15:20:21.773,16025,16026,16025,1,-1
2022-06-14 15:20:21.773,16025,16026,16025,2,-2
2022-06-14 15:20:21.773,16025,16026,16025,1,-1
2022-06-14 15:20:22.027,16024,16025,16025,1,1
2022-06-14 15:20:23.204,16024,16025,16025,1,1
2022-06-14 15:20:23.784,16024,16025,16025,7,7
2022-06-14 15:20:23.784,16024,16025,16026,3,3
2022-06-14 15:20:23.950,16024,16025,16025,1,1
2022-06-14 15:20:27.450,16024,16025,16024,1,-1
2022-06-14 15:20:27.451,16024,16025,16024,2,-2
2022-06-14 15:20:28.787,16023,16024,16024,1,1
2022-06-14 15:20:33.750,16023,16025,16025,1,1
2022-06-14 15:20:35.434,16023,16024,16024,1,1
2022-06-14 15:20:37.482,16023,16024,16023,2,-2
2022-06-14 15:20:37.482,16023,16024,16022,1,-1
2022-06-14 15:20:41.764,16022,16023,16022,3,-3
2022-06-14 15:20:41.765,16022,16023,16021,1,-1
2022-06-14 15:20:45.191,16022,16023,16022,1,-1
2022-06-14 15:20:46.743,16021,16022,16021,2,-2
2022-06-14 15:20:46.744,16021,16022,16021,1,-1
2022-06-14 15:20:46.744,16021,16022,16021,7,-7
2022-06-14 15:20:46.744,16021,16022,16021,1,-1
2022-06-14 15:20:46.744,16021,16022,16021,1,-1
2022-06-14 15:20:46.782,16021,16022,16021,1,-1
2022-06-14 15:20:48.142,16020,16021,16020,3,-3
2022-06-14 15:20:52.817,16019,16020,16019,2,-2
2022-06-14 15:20:52.818,16019,16020,16019,1,-1
2022-06-14 15:20:52.818,16019,16020,16019,2,-2
2022-06-14 15:20:53.799,16018,16020,16018,2,-2
2022-06-14 15:20:53.868,16018,16020,16018,11,-11
2022-06-14 15:20:53.868,16018,16020,16017,2,-2
2022-06-14 15:20:53.869,16018,16020,16018,1,-1
2022-06-14 15:20:54.342,16017,16019,16019,1,1
2022-06-14 15:20:54.828,16017,16019,16017,1,-1
2022-06-14 15:20:57.065,16018,16020,16018,1,-1
2022-06-14 15:20:57.598,16018,16019,16018,1,-1
2022-06-14 15:20:59.513,16017,16019,16017,14,-14
2022-06-14 15:20:59.513,16017,16019,16016,6,-6
2022-06-14 15:20:59.513,16017,16019,16015,5,-5
2022-06-14 15:20:59.623,16016,16017,16016,2,-2
2022-06-14 15:21:00.460,16016,16018,16015,2,-2
2022-06-14 15:21:00.549,16015,16017,16015,1,-1
2022-06-14 15:21:00.550,16015,16017,16015,1,-1
2022-06-14 15:21:00.551,16015,16017,16015,1,-1
2022-06-14 15:21:01.751,16015,16017,16015,1,-1
2022-06-14 15:21:01.798,16015,16016,16015,1,-1
2022-06-14 15:21:01.798,16015,16016,16015,1,-1
2022-06-14 15:21:01.799,16015,16016,16015,1,-1
2022-06-14 15:21:01.799,16015,16016,16015,1,-1
2022-06-14 15:21:01.799,16015,16016,16015,12,-12
2022-06-14 15:21:01.799,16015,16016,16015,4,-4
2022-06-14 15:21:04.931,16016,16018,16016,1,-1
2022-06-14 15:21:07.135,16016,16018,16018,1,1
2022-06-14 15:21:07.526,16017,16018,16018,2,2
2022-06-14 15:21:07.527,16017,16018,16018,1,1
2022-06-14 15:21:07.527,16017,16018,16018,1,1
2022-06-14 15:21:09.078,16017,16019,16019,1,1
2022-06-14 15:21:09.174,16017,16019,16017,1,-1
2022-06-14 15:21:09.728,16017,16019,16017,1,-1
2022-06-14 15:21:13.265,16016,16017,16016,1,-1
2022-06-14 15:21:13.265,16016,16017,16016,4,-4
2022-06-14 15:21:13.298,16015,16016,16015,1,-1
2022-06-14 15:21:15.134,16016,16017,16017,2,2
2022-06-14 15:21:16.150,16017,16018,16017,1,-1
2022-06-14 15:21:16.616,16017,16018,16018,3,3
2022-06-14 15:21:16.635,16017,16018,16019,1,1
2022-06-14 15:21:17.731,16017,16019,16018,4,4
2022-06-14 15:21:17.731,16017,16019,16019,1,1
2022-06-14 15:21:18.007,16016,16018,16018,2,2
2022-06-14 15:21:20.652,16016,16018,16018,2,2
2022-06-14 15:21:24.838,16017,16018,16018,1,1
2022-06-14 15:21:24.838,16017,16018,16018,1,1
2022-06-14 15:21:25.356,16018,16019,16019,7,7
2022-06-14 15:21:25.356,16018,16019,16019,2,2
2022-06-14 15:21:26.653,16019,16020,16020,2,2
2022-06-14 15:21:26.653,16019,16020,16020,1,1
2022-06-14 15:21:26.653,16019,16020,16020,1,1
2022-06-14 15:21:26.653,16019,16020,16020,5,5
2022-06-14 15:21:26.654,16019,16020,16020,1,1
2022-06-14 15:21:26.654,16019,16020,16020,1,1
2022-06-14 15:21:26.654,16019,16020,16020,1,1
2022-06-14 15:21:27.283,16020,16021,16020,1,-1
2022-06-14 15:21:29.791,16021,16022,16021,1,-1
2022-06-14 15:21:36.835,16020,16022,16020,3,-3
2022-06-14 15:21:36.835,16020,16022,16020,5,-5
2022-06-14 15:21:36.835,16020,16022,16020,1,-1
2022-06-14 15:21:36.861,16020,16022,16019,1,-1
2022-06-14 15:21:37.028,16018,16019,16018,1,-1
2022-06-14 15:21:38.371,16017,16019,16017,2,-2
2022-06-14 15:21:40.529,16017,16019,16019,2,2
2022-06-14 15:21:41.360,16017,16018,16017,1,-1
2022-06-14 15:21:41.652,16015,16017,16015,1,-1
2022-06-14 15:21:42.326,16015,16017,16015,4,-4
2022-06-14 15:21:42.327,16015,16017,16015,1,-1
2022-06-14 15:21:44.302,16015,16016,16015,1,-1
2022-06-14 15:21:44.302,16015,16016,16015,1,-1
2022-06-14 15:21:44.425,16015,16016,16015,2,-2
2022-06-14 15:21:44.425,16015,16016,16015,1,-1
2022-06-14 15:21:44.425,16015,16016,16015,1,-1
2022-06-14 15:21:45.355,16014,16015,16014,2,-2
2022-06-14 15:21:47.672,16014,16016,16014,2,-2
2022-06-14 15:21:48.287,16014,16016,16015,2,-2
2022-06-14 15:21:48.343,16015,16016,16016,1,1
2022-06-14 15:21:51.715,16015,16017,16015,1,-1
2022-06-14 15:21:57.154,16017,16019,16019,1,1
2022-06-14 15:21:58.713,16017,16019,16017,1,-1
2022-06-14 15:22:05.536,16017,16018,16017,2,-2
2022-06-14 15:22:08.513,16018,16019,16018,1,-1
2022-06-14 15:22:10.778,16018,16019,16019,1,1
2022-06-14 15:22:10.778,16018,16019,16019,1,1
2022-06-14 15:22:10.778,16018,16019,16019,4,4
2022-06-14 15:22:10.790,16018,16019,16019,3,3
2022-06-14 15:22:13.237,16018,16019,16019,1,1
2022-06-14 15:22:13.237,16018,16019,16020,3,3
2022-06-14 15:22:17.972,16019,16020,16019,1,-1
2022-06-14 15:22:18.288,16018,16019,16018,1,-1
2022-06-14 15:22:18.288,16018,16019,16018,2,-2
2022-06-14 15:22:18.866,16017,16018,16018,3,3
2022-06-14 15:22:19.225,16017,16018,16019,2,2
2022-06-14 15:22:19.737,16017,16019,16017,1,-1
2022-06-14 15:22:26.051,16018,16020,16018,1,-1
2022-06-14 15:22:26.664,16018,16019,16020,1,1
2022-06-14 15:22:27.539,16018,16020,16018,2,-2
2022-06-14 15:22:28.806,16017,16019,16019,3,3
2022-06-14 15:22:28.806,16017,16019,16020,1,1
2022-06-14 15:22:29.290,16018,16020,16020,1,1
2022-06-14 15:22:30.205,16018,16020,16018,1,-1
2022-06-14 15:22:31.775,16020,16021,16020,1,-1
2022-06-14 15:22:31.894,16020,16021,16020,1,-1
2022-06-14 15:22:34.064,16020,16021,16020,1,-1
2022-06-14 15:22:37.916,16019,16020,16019,1,-1
2022-06-14 15:22:37.917,16019,16020,16019,1,-1
2022-06-14 15:22:42.960,16019,16020,16019,2,-2
2022-06-14 15:22:42.960,16019,16020,16018,1,-1
2022-06-14 15:23:04.702,16020,16021,16021,7,7
2022-06-14 15:23:04.821,16021,16022,16021,1,-1
2022-06-14 15:23:05.016,16021,16022,16022,1,1
2022-06-14 15:23:05.016,16021,16022,16022,1,1
2022-06-14 15:23:05.017,16021,16022,16022,1,1
2022-06-14 15:23:05.614,16022,16023,16022,2,-2
2022-06-14 15:23:06.337,16022,16023,16023,1,1
2022-06-14 15:23:06.699,16022,16023,16022,3,-3
2022-06-14 15:23:17.007,16021,16022,16022,1,1
2022-06-14 15:23:17.037,16021,16022,16022,1,1
2022-06-14 15:23:19.775,16021,16023,16021,1,-1
2022-06-14 15:23:28.847,16023,16024,16023,1,-1
2022-06-14 15:23:28.848,16023,16024,16023,4,-4
2022-06-14 15:23:32.215,16023,16024,16023,1,-1
2022-06-14 15:23:33.078,16022,16023,16023,1,1
2022-06-14 15:23:42.468,16022,16023,16022,1,-1
2022-06-14 15:23:42.468,16022,16023,16022,1,-1
2022-06-14 15:23:42.469,16022,16023,16022,3,-3
2022-06-14 15:23:42.509,16022,16023,16021,1,-1
2022-06-14 15:23:45.310,16020,16021,16021,1,1
2022-06-14 15:23:46.447,16020,16021,16020,3,-3
2022-06-14 15:23:49.034,16019,16020,16019,1,-1
2022-06-14 15:23:51.174,16018,16019,16019,1,1
2022-06-14 15:23:52.202,16018,16020,16020,1,1
2022-06-14 15:23:58.072,16019,16021,16021,1,1
2022-06-14 15:24:02.914,16021,16023,16021,1,-1
2022-06-14 15:24:02.994,16021,16023,16021,2,-2
2022-06-14 15:24:06.179,16020,16021,16021,1,1
2022-06-14 15:24:08.051,16021,16022,16021,2,-2
2022-06-14 15:24:11.261,16021,16022,16021,1,-1
2022-06-14 15:24:11.502,16020,16021,16020,1,-1
2022-06-14 15:24:11.502,16020,16021,16020,1,-1
2022-06-14 15:24:11.502,16020,16021,16020,1,-1
2022-06-14 15:24:11.503,16020,16021,16020,2,-2
2022-06-14 15:24:11.503,16020,16021,16020,4,-4
2022-06-14 15:24:11.503,16020,16021,16020,1,-1
2022-06-14 15:24:11.503,16020,16021,16020,6,-6
2022-06-14 15:24:11.621,16019,16020,16019,1,-1
2022-06-14 15:24:16.581,16018,16019,16018,1,-1
2022-06-14 15:24:16.582,16018,16019,16018,1,-1
2022-06-14 15:24:16.582,16018,16019,16018,3,-3
2022-06-14 15:24:20.056,16018,16020,16018,1,-1
2022-06-14 15:24:23.112,16020,16022,16020,1,-1
2022-06-14 15:24:37.263,16019,16020,16020,1,1
2022-06-14 15:24:37.343,16020,16021,16021,1,1
2022-06-14 15:24:38.021,16020,16022,16020,1,-1
2022-06-14 15:24:38.406,16020,16022,16020,1,-1
2022-06-14 15:24:38.406,16020,16022,16020,1,-1
2022-06-14 15:24:41.729,16019,16021,16019,5,-5
2022-06-14 15:24:42.195,16018,16020,16020,1,1
2022-06-14 15:24:48.817,16019,16020,16020,1,1
2022-06-14 15:24:49.638,16021,16022,16022,1,1
2022-06-14 15:24:49.638,16021,16022,16022,1,1
2022-06-14 15:24:49.638,16021,16022,16022,1,1
2022-06-14 15:24:49.638,16021,16022,16022,4,4
2022-06-14 15:24:49.638,16021,16022,16022,1,1
2022-06-14 15:24:50.631,16022,16023,16023,5,5
2022-06-14 15:24:50.632,16022,16023,16023,1,1
2022-06-14 15:24:50.903,16023,16024,16024,1,1
2022-06-14 15:24:50.933,16023,16024,16023,1,-1
2022-06-14 15:24:50.965,16023,16024,16024,3,3
2022-06-14 15:24:51.509,16023,16025,16025,1,1
2022-06-14 15:24:51.550,16023,16025,16025,4,4
2022-06-14 15:24:51.550,16023,16025,16026,1,1
2022-06-14 15:24:53.535,16023,16025,16025,2,2
2022-06-14 15:24:53.535,16023,16025,16026,8,8
2022-06-14 15:24:53.772,16024,16026,16026,3,3
2022-06-14 15:24:55.523,16024,16026,16026,5,5
2022-06-14 15:25:03.094,16021,16023,16023,2,2
2022-06-14 15:25:08.486,16024,16025,16024,1,-1
2022-06-14 15:25:14.563,16023,16025,16025,2,2
2022-06-14 15:25:14.565,16023,16025,16026,2,2
2022-06-14 15:25:14.566,16023,16025,16026,2,2
2022-06-14 15:25:14.566,16023,16025,16026,1,1
2022-06-14 15:25:14.579,16023,16025,16027,2,2
2022-06-14 15:25:14.764,16025,16027,16025,1,-1
2022-06-14 15:25:14.814,16024,16025,16024,1,-1
2022-06-14 15:25:18.081,16024,16025,16024,2,-2
2022-06-14 15:25:21.362,16023,16024,16024,1,1
2022-06-14 15:25:21.784,16023,16025,16023,3,-3
2022-06-14 15:25:26.266,16024,16025,16024,1,-1
2022-06-14 15:25:30.316,16022,16023,16022,1,-1
2022-06-14 15:25:30.317,16022,16023,16021,2,-2
2022-06-14 15:25:31.743,16020,16021,16021,2,2
2022-06-14 15:25:34.087,16021,16023,16023,1,1
2022-06-14 15:25:36.406,16021,16022,16021,1,-1
2022-06-14 15:25:36.406,16021,16022,16020,1,-1
2022-06-14 15:25:39.129,16020,16021,16020,1,-1
2022-06-14 15:25:39.130,16020,16021,16019,1,-1
2022-06-14 15:25:47.716,16019,16020,16020,1,1
2022-06-14 15:25:49.261,16019,16020,16020,1,1
2022-06-14 15:25:50.020,16019,16020,16019,3,-3
2022-06-14 15:25:53.103,16018,16019,16019,3,3
2022-06-14 15:26:01.889,16019,16020,16019,2,-2
2022-06-14 15:26:03.663,16019,16020,16019,1,-1
2022-06-14 15:26:05.422,16018,16019,16019,1,1
2022-06-14 15:26:07.536,16018,16019,16018,11,-11
2022-06-14 15:26:10.818,16017,16018,16018,3,3
2022-06-14 15:26:10.818,16017,16018,16019,3,3
2022-06-14 15:26:11.451,16017,16019,16019,1,1
2022-06-14 15:26:19.346,16018,16019,16018,1,-1
2022-06-14 15:26:20.487,16017,16019,16017,5,-5
2022-06-14 15:26:21.551,16017,16019,16017,1,-1
2022-06-14 15:26:26.119,16017,16019,16018,1,-1
2022-06-14 15:26:30.499,16017,16019,16017,1,-1
2022-06-14 15:26:31.618,16017,16019,16019,1,1
2022-06-14 15:26:32.782,16017,16018,16017,4,-4
2022-06-14 15:26:32.782,16017,16018,16017,1,-1
2022-06-14 15:26:32.782,16017,16018,16017,4,-4
2022-06-14 15:26:32.782,16017,16018,16017,1,-1
2022-06-14 15:26:32.782,16017,16018,16017,1,-1
2022-06-14 15:26:32.782,16017,16018,16017,2,-2
2022-06-14 15:26:33.098,16016,16017,16016,2,-2
2022-06-14 15:26:33.098,16016,16017,16016,1,-1
2022-06-14 15:26:33.886,16015,16017,16015,2,-2
2022-06-14 15:26:37.603,16015,16016,16016,1,1
2022-06-14 15:26:37.603,16015,16016,16017,1,1
2022-06-14 15:26:38.483,16015,16016,16015,4,-4
2022-06-14 15:26:38.483,16015,16016,16015,6,-6
2022-06-14 15:26:38.609,16014,16015,16014,2,-2
2022-06-14 15:26:38.780,16014,16015,16014,1,-1
2022-06-14 15:26:38.797,16014,16015,16014,6,-6
2022-06-14 15:26:38.797,16014,16015,16014,3,-3
2022-06-14 15:26:39.461,16013,16014,16013,1,-1
2022-06-14 15:26:39.750,16013,16014,16013,3,-3
2022-06-14 15:26:39.751,16013,16014,16013,8,-8
2022-06-14 15:26:39.752,16013,16014,16013,1,-1
2022-06-14 15:26:40.315,16012,16014,16012,5,-5
2022-06-14 15:26:40.541,16012,16014,16012,1,-1
2022-06-14 15:26:40.639,16012,16014,16014,1,1
2022-06-14 15:26:41.996,16013,16014,16013,1,-1
2022-06-14 15:26:45.216,16014,16015,16014,1,-1
2022-06-14 15:26:45.216,16014,16015,16013,1,-1
2022-06-14 15:26:45.700,16013,16015,16013,1,-1
2022-06-14 15:26:47.976,16014,16015,16015,1,1
2022-06-14 15:26:48.122,16015,16016,16015,1,-1
2022-06-14 15:26:49.459,16015,16016,16016,1,1
2022-06-14 15:26:50.118,16015,16016,16015,1,-1
2022-06-14 15:26:54.081,16014,16015,16014,1,-1
2022-06-14 15:26:54.082,16014,16015,16014,5,-5
2022-06-14 15:26:54.082,16014,16015,16014,1,-1
2022-06-14 15:26:54.653,16013,16014,16014,1,1
2022-06-14 15:26:59.860,16013,16014,16013,1,-1
2022-06-14 15:27:04.070,16014,16015,16014,1,-1
2022-06-14 15:27:06.415,16013,16014,16014,1,1
2022-06-14 15:27:07.619,16014,16015,16015,2,2
2022-06-14 15:27:07.620,16014,16015,16015,1,1
2022-06-14 15:27:07.620,16014,16015,16015,3,3
2022-06-14 15:27:07.620,16014,16015,16015,1,1
2022-06-14 15:27:07.620,16014,16015,16015,1,1
2022-06-14 15:27:07.620,16014,16015,16015,3,3
2022-06-14 15:27:07.620,16014,16015,16015,1,1
2022-06-14 15:27:07.620,16014,16015,16015,1,1
2022-06-14 15:27:07.620,16014,16015,16015,1,1
2022-06-14 15:27:07.620,16014,16015,16015,1,1
2022-06-14 15:27:07.620,16014,16015,16015,1,1
2022-06-14 15:27:07.621,16014,16015,16015,2,2
2022-06-14 15:27:07.621,16014,16015,16015,3,3
2022-06-14 15:27:08.665,16015,16016,16015,2,-2
2022-06-14 15:27:08.788,16014,16016,16016,1,1
2022-06-14 15:27:13.470,16014,16015,16014,5,-5
2022-06-14 15:27:13.470,16014,16015,16013,15,-15
2022-06-14 15:27:17.574,16014,16015,16014,1,-1
2022-06-14 15:27:18.327,16014,16015,16015,2,2
2022-06-14 15:27:18.327,16014,16015,16015,1,1
2022-06-14 15:27:18.327,16014,16015,16015,1,1
2022-06-14 15:27:18.327,16014,16015,16015,2,2
2022-06-14 15:27:18.328,16014,16015,16015,1,1
2022-06-14 15:27:18.328,16014,16015,16015,1,1
2022-06-14 15:27:18.423,16015,16016,16015,1,-1
2022-06-14 15:27:19.925,16015,16016,16015,1,-1
2022-06-14 15:27:20.259,16015,16016,16016,5,5
2022-06-14 15:27:20.658,16016,16018,16016,2,-2
2022-06-14 15:27:20.658,16016,16018,16015,2,-2
2022-06-14 15:27:22.158,16016,16017,16016,1,-1
2022-06-14 15:27:23.596,16016,16017,16016,1,-1
2022-06-14 15:27:24.168,16016,16017,16016,4,-4
2022-06-14 15:27:24.168,16016,16017,16016,1,-1
2022-06-14 15:27:30.766,16015,16017,16015,3,-3
2022-06-14 15:27:32.034,16015,16016,16016,1,1
2022-06-14 15:27:34.009,16015,16016,16015,4,-4
2022-06-14 15:27:36.285,16014,16015,16014,1,-1
2022-06-14 15:27:36.285,16014,16015,16014,2,-2
2022-06-14 15:27:36.286,16014,16015,16014,3,-3
2022-06-14 15:27:36.286,16014,16015,16014,1,-1
2022-06-14 15:27:36.286,16014,16015,16014,4,-4
2022-06-14 15:27:36.286,16014,16015,16014,1,-1
2022-06-14 15:27:36.286,16014,16015,16014,1,-1
2022-06-14 15:27:40.440,16013,16015,16015,1,1
2022-06-14 15:27:44.276,16014,16015,16015,1,1
2022-06-14 15:27:44.329,16014,16015,16015,14,14
2022-06-14 15:27:44.462,16015,16016,16016,2,2
2022-06-14 15:27:44.579,16015,16017,16016,2,2
2022-06-14 15:27:44.850,16015,16017,16015,1,-1
2022-06-14 15:27:46.889,16015,16017,16016,1,-1
2022-06-14 15:27:56.277,16014,16015,16014,3,-3
2022-06-14 15:27:56.777,16014,16015,16014,2,-2
2022-06-14 15:27:59.850,16014,16016,16014,1,-1
2022-06-14 15:28:00.476,16014,16015,16014,1,-1
2022-06-14 15:28:00.476,16014,16015,16013,3,-3
2022-06-14 15:28:03.266,16012,16014,16014,1,1
2022-06-14 15:28:03.299,16012,16014,16012,1,-1
2022-06-14 15:28:03.618,16012,16014,16013,1,-1
2022-06-14 15:28:03.618,16012,16014,16012,2,-2
2022-06-14 15:28:04.110,16012,16013,16012,4,-4
2022-06-14 15:28:04.110,16012,16013,16012,6,-6
2022-06-14 15:28:04.111,16012,16013,16012,1,-1
2022-06-14 15:28:04.610,16011,16012,16011,6,-6
2022-06-14 15:28:04.610,16011,16012,16011,1,-1
2022-06-14 15:28:04.610,16011,16012,16011,1,-1
2022-06-14 15:28:04.610,16011,16012,16011,1,-1
2022-06-14 15:28:04.610,16011,16012,16011,1,-1
2022-06-14 15:28:04.610,16011,16012,16011,1,-1
2022-06-14 15:28:04.611,16011,16012,16011,6,-6
2022-06-14 15:28:04.880,16010,16011,16010,1,-1
2022-06-14 15:28:04.883,16010,16011,16010,1,-1
2022-06-14 15:28:04.956,16010,16012,16010,2,-2
2022-06-14 15:28:04.971,16010,16012,16010,1,-1
2022-06-14 15:28:05.518,16010,16012,16010,1,-1
2022-06-14 15:28:05.525,16010,16012,16010,1,-1
2022-06-14 15:28:06.262,16010,16012,16012,1,1
2022-06-14 15:28:06.340,16011,16012,16011,1,-1
2022-06-14 15:28:06.821,16011,16013,16013,1,1
2022-06-14 15:28:08.001,16012,16014,16014,1,1
2022-06-14 15:28:08.368,16012,16014,16012,1,-1
2022-06-14 15:28:11.469,16012,16014,16012,1,-1
2022-06-14 15:28:11.711,16012,16014,16014,1,1
2022-06-14 15:28:12.288,16012,16014,16013,1,1
2022-06-14 15:28:12.928,16013,16015,16013,2,-2
2022-06-14 15:28:13.347,16013,16014,16013,1,-1
2022-06-14 15:28:15.470,16013,16014,16013,2,-2
2022-06-14 15:28:17.219,16012,16013,16013,1,1
2022-06-14 15:28:18.309,16012,16013,16012,2,-2
2022-06-14 15:28:18.309,16012,16013,16011,1,-1
2022-06-14 15:28:19.941,16012,16013,16013,2,2
2022-06-14 15:28:19.941,16012,16013,16013,3,3
2022-06-14 15:28:19.941,16012,16013,16013,2,2
2022-06-14 15:28:19.941,16012,16013,16013,2,2
2022-06-14 15:28:19.941,16012,16013,16013,1,1
2022-06-14 15:28:19.941,16012,16013,16013,5,5
2022-06-14 15:28:19.942,16012,16013,16013,1,1
2022-06-14 15:28:20.017,16012,16013,16013,1,1
2022-06-14 15:28:21.438,16012,16014,16014,1,1
2022-06-14 15:28:21.848,16012,16013,16013,1,1
2022-06-14 15:28:22.106,16013,16014,16012,1,-1
2022-06-14 15:28:24.080,16013,16014,16013,3,-3
2022-06-14 15:28:24.213,16013,16014,16013,1,-1
2022-06-14 15:28:24.213,16013,16014,16012,1,-1
2022-06-14 15:28:24.697,16013,16014,16014,1,1
2022-06-14 15:28:25.594,16013,16014,16013,5,-5
2022-06-14 15:28:28.597,16012,16013,16013,2,2
2022-06-14 15:28:31.319,16012,16013,16013,2,2
2022-06-14 15:28:39.122,16012,16013,16012,4,-4
2022-06-14 15:28:39.122,16012,16013,16012,1,-1
2022-06-14 15:28:39.123,16012,16013,16012,4,-4
2022-06-14 15:28:42.255,16011,16013,16011,1,-1
2022-06-14 15:28:45.657,16012,16013,16012,1,-1
2022-06-14 15:28:45.657,16012,16013,16012,2,-2
2022-06-14 15:28:45.673,16011,16012,16012,1,1
2022-06-14 15:28:46.277,16011,16012,16011,2,-2
2022-06-14 15:28:46.277,16011,16012,16010,8,-8
2022-06-14 15:28:47.199,16011,16013,16013,1,1
2022-06-14 15:28:47.771,16011,16013,16011,1,-1
2022-06-14 15:28:49.136,16012,16013,16012,1,-1
2022-06-14 15:28:49.136,16012,16013,16011,3,-3
2022-06-14 15:28:49.422,16012,16013,16012,1,-1
2022-06-14 15:28:51.274,16011,16012,16012,1,1
2022-06-14 15:28:52.847,16012,16013,16012,1,-1
2022-06-14 15:28:54.035,16010,16012,16012,1,1
2022-06-14 15:28:56.349,16010,16011,16011,1,1
2022-06-14 15:28:56.737,16010,16011,16011,1,1
2022-06-14 15:28:57.168,16010,16011,16011,1,1
2022-06-14 15:28:57.169,16010,16011,16011,1,1
2022-06-14 15:28:57.650,16010,16012,16010,9,-9
2022-06-14 15:28:57.650,16010,16012,16009,1,-1
2022-06-14 15:28:57.684,16010,16012,16010,1,-1
2022-06-14 15:28:57.750,16010,16012,16010,5,-5
2022-06-14 15:28:59.663,16010,16011,16010,1,-1
2022-06-14 15:29:00.138,16009,16010,16009,6,-6
2022-06-14 15:29:00.323,16008,16009,16008,10,-10
2022-06-14 15:29:00.447,16008,16009,16008,1,-1
2022-06-14 15:29:00.488,16008,16009,16007,1,-1
2022-06-14 15:29:00.509,16008,16009,16007,1,-1
2022-06-14 15:29:00.583,16007,16008,16008,1,1
2022-06-14 15:29:00.644,16007,16008,16007,3,-3
2022-06-14 15:29:00.683,16007,16009,16007,1,-1
2022-06-14 15:29:00.951,16007,16009,16009,1,1
2022-06-14 15:29:02.899,16008,16009,16009,3,3
2022-06-14 15:29:02.923,16009,16010,16009,1,-1
2022-06-14 15:29:02.923,16009,16010,16009,1,-1
2022-06-14 15:29:02.923,16009,16010,16008,1,-1
2022-06-14 15:29:03.043,16009,16010,16008,10,-10
2022-06-14 15:29:04.759,16008,16009,16008,1,-1
2022-06-14 15:29:04.936,16008,16010,16008,1,-1
2022-06-14 15:29:05.319,16008,16010,16008,3,-3
2022-06-14 15:29:05.583,16008,16010,16008,9,-9
2022-06-14 15:29:05.583,16008,16010,16007,1,-1
2022-06-14 15:29:07.199,16007,16008,16007,1,-1
2022-06-14 15:29:07.973,16007,16008,16008,1,1
2022-06-14 15:29:08.600,16007,16008,16008,1,1
2022-06-14 15:29:08.673,16007,16009,16007,1,-1
2022-06-14 15:29:08.673,16007,16009,16007,1,-1
2022-06-14 15:29:08.673,16007,16009,16007,1,-1
2022-06-14 15:29:08.673,16007,16009,16007,1,-1
2022-06-14 15:29:08.715,16007,16009,16009,1,1
2022-06-14 15:29:15.200,16008,16009,16009,1,1
2022-06-14 15:29:15.533,16008,16009,16009,2,2
2022-06-14 15:29:15.915,16009,16010,16010,13,13
2022-06-14 15:29:18.572,16011,16013,16011,4,-4
2022-06-14 15:29:22.852,16012,16013,16012,1,-1
2022-06-14 15:29:24.500,16011,16013,16013,2,2
2022-06-14 15:29:25.035,16011,16013,16011,1,-1
2022-06-14 15:29:25.827,16011,16012,16011,1,-1
2022-06-14 15:29:26.155,16010,16011,16011,1,1
2022-06-14 15:29:26.236,16010,16011,16011,1,1
2022-06-14 15:29:26.807,16010,16011,16010,1,-1
2022-06-14 15:29:27.173,16010,16011,16010,1,-1
2022-06-14 15:29:27.298,16010,16011,16010,1,-1
2022-06-14 15:29:28.462,16010,16011,16010,4,-4
2022-06-14 15:29:28.463,16010,16011,16010,1,-1
2022-06-14 15:29:28.750,16008,16010,16010,1,1
2022-06-14 15:29:30.083,16008,16009,16009,1,1
2022-06-14 15:29:32.947,16010,16011,16010,3,-3
2022-06-14 15:29:32.948,16010,16011,16010,2,-2
2022-06-14 15:29:36.145,16009,16011,16011,1,1
2022-06-14 15:29:41.927,16010,16011,16011,6,6
2022-06-14 15:29:42.048,16011,16012,16011,1,-1
2022-06-14 15:29:42.049,16011,16012,16011,1,-1
2022-06-14 15:29:42.263,16010,16012,16012,6,6
2022-06-14 15:29:42.323,16011,16013,16011,5,-5
2022-06-14 15:29:42.326,16011,16013,16012,1,-1
2022-06-14 15:29:42.394,16011,16013,16012,1,-1
2022-06-14 15:29:42.401,16011,16013,16012,2,-2
2022-06-14 15:29:42.998,16011,16013,16012,1,-1
2022-06-14 15:29:43.475,16012,16013,16013,5,5
2022-06-14 15:29:43.475,16012,16013,16013,7,7
2022-06-14 15:29:44.494,16012,16014,16014,2,2
2022-06-14 15:29:45.385,16013,16014,16013,1,-1
2022-06-14 15:29:46.596,16012,16013,16012,1,-1
2022-06-14 15:29:48.066,16011,16012,16012,3,3
2022-06-14 15:29:49.637,16011,16012,16012,1,1
2022-06-14 15:29:49.719,16012,16013,16013,1,1
2022-06-14 15:29:49.721,16012,16013,16013,1,1
2022-06-14 15:29:51.259,16011,16013,16013,2,2
2022-06-14 15:29:53.060,16013,16014,16013,1,-1
2022-06-14 15:29:53.177,16013,16014,16013,5,-5
2022-06-14 15:29:53.240,16013,16014,16013,1,-1
2022-06-14 15:29:55.180,16011,16013,16013,2,2
2022-06-14 15:29:57.001,16010,16012,16012,3,3
2022-06-14 15:29:57.517,16010,16012,16010,1,-1
2022-06-14 15:30:01.338,16011,16013,16011,2,-2
2022-06-14 15:30:01.747,16010,16012,16010,1,-1
2022-06-14 15:30:01.747,16010,16012,16010,5,-5
2022-06-14 15:30:01.812,16010,16011,16011,1,1
2022-06-14 15:30:01.879,16010,16011,16010,1,-1
2022-06-14 15:30:02.320,16010,16011,16010,1,-1
2022-06-14 15:30:03.642,16010,16011,16010,1,-1
2022-06-14 15:30:03.643,16010,16011,16010,2,-2
2022-06-14 15:30:05.646,16010,16011,16010,1,-1
2022-06-14 15:30:05.821,16009,16010,16010,1,1
2022-06-14 15:30:05.821,16009,16010,16010,1,1
2022-06-14 15:30:07.183,16010,16011,16010,1,-1
2022-06-14 15:30:09.874,16010,16011,16010,1,-1
2022-06-14 15:30:10.784,16010,16011,16010,2,-2
2022-06-14 15:30:10.785,16010,16011,16009,2,-2
2022-06-14 15:30:10.910,16008,16010,16008,1,-1
2022-06-14 15:30:12.262,16010,16012,16010,1,-1
2022-06-14 15:30:12.647,16010,16012,16010,1,-1
2022-06-14 15:30:15.040,16009,16010,16009,1,-1
2022-06-14 15:30:17.447,16008,16009,16008,1,-1
2022-06-14 15:30:17.484,16008,16009,16008,7,-7
2022-06-14 15:30:17.485,16008,16009,16008,4,-4
2022-06-14 15:30:17.486,16008,16009,16008,1,-1
2022-06-14 15:30:17.553,16008,16009,16009,1,1
2022-06-14 15:30:17.553,16008,16009,16008,1,-1
2022-06-14 15:30:19.407,16007,16009,16009,2,2
2022-06-14 15:30:19.423,16007,16009,16007,1,-1
2022-06-14 15:30:19.697,16007,16009,16007,4,-4
2022-06-14 15:30:20.955,16007,16009,16009,1,1
2022-06-14 15:30:24.139,16007,16008,16007,1,-1
2022-06-14 15:30:24.139,16007,16008,16007,2,-2
2022-06-14 15:30:24.558,16006,16008,16008,1,1
2022-06-14 15:30:26.456,16007,16009,16007,1,-1
2022-06-14 15:30:27.515,16007,16009,16007,2,-2
2022-06-14 15:30:30.565,16007,16008,16007,9,-9
2022-06-14 15:30:30.565,16007,16008,16006,6,-6
2022-06-14 15:30:30.768,16006,16008,16006,1,-1
2022-06-14 15:30:31.401,16006,16008,16007,1,-1
2022-06-14 15:30:32.264,16006,16008,16006,12,-12
2022-06-14 15:30:33.042,16005,16007,16007,2,2
2022-06-14 15:30:33.331,16005,16007,16007,1,1
2022-06-14 15:30:33.450,16006,16008,16006,5,-5
2022-06-14 15:30:33.537,16006,16008,16006,5,-5
2022-06-14 15:30:37.691,16007,16008,16007,1,-1
2022-06-14 15:30:40.372,16006,16007,16006,4,-4
2022-06-14 15:30:44.029,16006,16007,16007,2,2
2022-06-14 15:30:45.355,16007,16008,16007,1,-1
2022-06-14 15:30:45.355,16007,16008,16006,3,-3
2022-06-14 15:30:45.544,16006,16008,16006,1,-1
2022-06-14 15:30:45.792,16006,16008,16006,10,-10
2022-06-14 15:30:51.757,16006,16008,16006,1,-1
2022-06-14 15:30:54.470,16006,16007,16006,2,-2
2022-06-14 15:30:54.471,16006,16007,16006,6,-6
2022-06-14 15:30:54.471,16006,16007,16006,1,-1
2022-06-14 15:30:55.492,16005,16007,16005,5,-5
2022-06-14 15:30:55.624,16005,16007,16005,1,-1
2022-06-14 15:30:55.658,16005,16007,16007,1,1
2022-06-14 15:30:56.786,16006,16008,16006,5,-5
2022-06-14 15:30:56.787,16006,16008,16006,2,-2
2022-06-14 15:31:00.624,16005,16007,16007,5,5
2022-06-14 15:31:00.852,16005,16007,16005,3,-3
2022-06-14 15:31:01.002,16005,16007,16005,1,-1
2022-06-14 15:31:02.369,16005,16006,16005,2,-2
2022-06-14 15:31:02.369,16005,16006,16005,2,-2
2022-06-14 15:31:02.369,16005,16006,16005,3,-3
2022-06-14 15:31:02.719,16004,16006,16004,3,-3
2022-06-14 15:31:02.979,16004,16006,16004,1,-1
2022-06-14 15:31:03.579,16005,16007,16005,1,-1
2022-06-14 15:31:03.868,16005,16006,16005,1,-1
2022-06-14 15:31:05.995,16005,16006,16006,1,1
2022-06-14 15:31:08.997,16006,16007,16007,1,1
2022-06-14 15:31:10.312,16005,16007,16007,1,1
2022-06-14 15:31:12.539,16005,16007,16005,2,-2
2022-06-14 15:31:14.072,16006,16008,16006,6,-6
2022-06-14 15:31:14.072,16006,16008,16005,4,-4
2022-06-14 15:31:18.359,16005,16006,16006,1,1
2022-06-14 15:31:20.220,16005,16006,16006,1,1
2022-06-14 15:31:20.220,16005,16006,16006,1,1
2022-06-14 15:31:21.846,16005,16006,16005,2,-2
2022-06-14 15:31:21.846,16005,16006,16005,4,-4
2022-06-14 15:31:21.847,16005,16006,16005,1,-1
2022-06-14 15:31:21.847,16005,16006,16005,1,-1
2022-06-14 15:31:21.847,16005,16006,16005,1,-1
2022-06-14 15:31:21.847,16005,16006,16005,3,-3
2022-06-14 15:31:21.888,16005,16006,16005,1,-1
2022-06-14 15:31:21.888,16005,16006,16006,4,4
2022-06-14 15:31:22.045,16004,16006,16005,1,1
2022-06-14 15:31:22.446,16005,16006,16005,1,-1
2022-06-14 15:31:22.446,16005,16006,16005,3,-3
2022-06-14 15:31:23.390,16005,16006,16006,1,1
2022-06-14 15:31:24.319,16005,16006,16006,1,1
2022-06-14 15:31:29.195,16005,16006,16005,1,-1
2022-06-14 15:31:30.185,16004,16005,16005,2,2
2022-06-14 15:31:30.185,16004,16005,16006,1,1
2022-06-14 15:31:33.028,16004,16005,16006,1,1
2022-06-14 15:31:34.014,16005,16006,16006,1,1
2022-06-14 15:31:35.786,16006,16008,16006,1,-1
2022-06-14 15:31:36.715,16006,16008,16007,1,-1
2022-06-14 15:31:37.936,16007,16008,16008,1,1
2022-06-14 15:31:37.937,16007,16008,16008,8,8
2022-06-14 15:31:39.027,16008,16009,16009,2,2
2022-06-14 15:31:39.027,16008,16009,16009,3,3
2022-06-14 15:31:39.027,16008,16009,16009,1,1
2022-06-14 15:31:39.027,16008,16009,16009,7,7
2022-06-14 15:31:39.237,16008,16010,16009,1,1
2022-06-14 15:31:40.053,16009,16010,16009,1,-1
2022-06-14 15:31:40.291,16009,16010,16010,5,5
2022-06-14 15:31:40.291,16009,16010,16010,4,4
2022-06-14 15:31:41.028,16011,16012,16012,1,1
2022-06-14 15:31:41.194,16011,16012,16012,3,3
2022-06-14 15:31:41.201,16011,16012,16013,1,1
2022-06-14 15:31:41.405,16011,16013,16013,2,2
2022-06-14 15:31:41.761,16011,16013,16013,1,1
2022-06-14 15:31:41.761,16011,16013,16014,2,2
2022-06-14 15:31:41.899,16012,16014,16014,1,1
2022-06-14 15:31:41.987,16012,16014,16014,1,1
2022-06-14 15:31:43.277,16012,16014,16014,1,1
2022-06-14 15:31:43.517,16012,16014,16014,1,1
2022-06-14 15:31:44.600,16012,16014,16014,1,1
2022-06-14 15:31:45.418,16012,16014,16013,1,1
2022-06-14 15:31:45.742,16012,16014,16012,2,-2
2022-06-14 15:31:46.784,16013,16015,16013,1,-1
2022-06-14 15:31:49.186,16012,16014,16012,1,-1
2022-06-14 15:31:51.161,16012,16014,16013,1,-1
2022-06-14 15:31:52.623,16013,16014,16013,7,-7
2022-06-14 15:31:52.624,16013,16014,16013,1,-1
2022-06-14 15:31:53.435,16011,16013,16013,1,1
2022-06-14 15:31:54.749,16012,16013,16013,1,1
2022-06-14 15:31:55.286,16013,16014,16014,1,1
2022-06-14 15:31:55.286,16013,16014,16014,4,4
2022-06-14 15:31:55.286,16013,16014,16014,1,1
2022-06-14 15:31:55.286,16013,16014,16014,3,3
2022-06-14 15:31:56.318,16014,16015,16015,1,1
2022-06-14 15:31:56.548,16014,16015,16014,1,-1
2022-06-14 15:31:56.850,16014,16015,16015,4,4
2022-06-14 15:31:56.851,16014,16015,16015,5,5
2022-06-14 15:31:57.229,16015,16016,16016,1,1
2022-06-14 15:31:57.681,16013,16015,16015,3,3
2022-06-14 15:31:58.344,16014,16015,16015,1,1
2022-06-14 15:31:59.575,16014,16015,16014,1,-1
2022-06-14 15:32:00.375,16014,16015,16015,1,1
2022-06-14 15:32:01.286,16014,16015,16014,1,-1
2022-06-14 15:32:01.744,16012,16014,16014,1,1
2022-06-14 15:32:04.907,16014,16015,16014,5,-5
2022-06-14 15:32:05.020,16014,16015,16014,3,-3
2022-06-14 15:32:05.020,16014,16015,16013,2,-2
2022-06-14 15:32:06.052,16014,16015,16015,1,1
2022-06-14 15:32:06.679,16015,16016,16015,1,-1
2022-06-14 15:32:09.825,16014,16016,16014,2,-2
2022-06-14 15:32:09.838,16014,16016,16015,1,-1
2022-06-14 15:32:10.499,16012,16014,16012,1,-1
2022-06-14 15:32:13.044,16013,16015,16015,1,1
2022-06-14 15:32:13.044,16013,16015,16016,1,1
2022-06-14 15:32:17.969,16014,16016,16016,14,14
2022-06-14 15:32:17.969,16014,16016,16017,1,1
2022-06-14 15:32:17.970,16014,16016,16016,1,1
2022-06-14 15:32:17.971,16014,16016,16016,3,3
2022-06-14 15:32:21.352,16014,16015,16015,1,1
2022-06-14 15:32:23.601,16015,16017,16017,1,1
2022-06-14 15:32:29.985,16016,16017,16017,8,8
2022-06-14 15:32:29.985,16016,16017,16017,3,3
2022-06-14 15:32:29.985,16016,16017,16017,2,2
2022-06-14 15:32:29.986,16016,16017,16017,2,2
2022-06-14 15:32:33.826,16017,16018,16017,7,-7
2022-06-14 15:32:35.939,16015,16016,16016,2,2
2022-06-14 15:32:40.636,16016,16018,16018,1,1
2022-06-14 15:32:42.135,16016,16018,16018,3,3
2022-06-14 15:32:42.135,16016,16018,16019,6,6
2022-06-14 15:32:42.135,16016,16018,16020,1,1
2022-06-14 15:32:42.221,16017,16019,16019,1,1
2022-06-14 15:32:42.288,16017,16019,16018,1,1
2022-06-14 15:32:42.735,16017,16019,16019,1,1
2022-06-14 15:32:43.090,16017,16019,16018,3,3
2022-06-14 15:32:43.091,16017,16019,16018,2,2
2022-06-14 15:32:43.385,16017,16018,16018,1,1
2022-06-14 15:32:43.484,16017,16019,16019,1,1
2022-06-14 15:32:44.389,16018,16019,16019,1,1
2022-06-14 15:32:46.321,16018,16020,16018,2,-2
2022-06-14 15:32:48.515,16018,16020,16020,2,2
2022-06-14 15:32:48.586,16018,16020,16018,1,-1
2022-06-14 15:32:51.618,16018,16019,16019,1,1
2022-06-14 15:32:51.712,16018,16020,16020,1,1
2022-06-14 15:32:52.171,16018,16020,16020,1,1
2022-06-14 15:32:52.253,16018,16020,16020,1,1
2022-06-14 15:32:53.870,16019,16020,16019,1,-1
2022-06-14 15:32:54.674,16019,16020,16020,1,1
2022-06-14 15:32:55.181,16019,16020,16020,1,1
2022-06-14 15:32:58.262,16019,16020,16020,1,1
2022-06-14 15:32:58.925,16019,16020,16020,1,1
2022-06-14 15:32:59.791,16019,16021,16021,1,1
2022-06-14 15:32:59.872,16019,16021,16021,1,1
2022-06-14 15:32:59.989,16019,16021,16019,1,-1
2022-06-14 15:33:02.659,16019,16020,16020,1,1
2022-06-14 15:33:02.826,16020,16021,16020,2,-2
2022-06-14 15:33:02.892,16020,16021,16020,1,-1
2022-06-14 15:33:02.931,16019,16021,16021,1,1
2022-06-14 15:33:05.561,16020,16021,16021,1,1
2022-06-14 15:33:05.562,16020,16021,16021,4,4
2022-06-14 15:33:05.585,16020,16021,16021,1,1
2022-06-14 15:33:05.598,16020,16021,16020,8,-8
2022-06-14 15:33:05.599,16020,16021,16020,4,-4
2022-06-14 15:33:05.599,16020,16021,16020,1,-1
2022-06-14 15:33:05.599,16020,16021,16020,2,-2
2022-06-14 15:33:06.212,16019,16020,16020,2,2
2022-06-14 15:33:06.212,16019,16020,16020,1,1
2022-06-14 15:33:08.003,16020,16022,16022,2,2
2022-06-14 15:33:09.336,16020,16022,16020,1,-1
2022-06-14 15:33:10.479,16021,16022,16022,2,2
2022-06-14 15:33:11.376,16021,16023,16021,2,-2
2022-06-14 15:33:11.376,16021,16023,16020,3,-3
2022-06-14 15:33:12.001,16020,16022,16021,2,-2
2022-06-14 15:33:14.251,16020,16021,16021,1,1
2022-06-14 15:33:14.578,16020,16022,16022,1,1
2022-06-14 15:33:15.173,16020,16022,16022,1,1
2022-06-14 15:33:15.365,16021,16022,16021,1,-1
2022-06-14 15:33:16.147,16020,16021,16020,1,-1
2022-06-14 15:33:16.147,16020,16021,16020,1,-1
2022-06-14 15:33:16.147,16020,16021,16020,4,-4
2022-06-14 15:33:16.348,16019,16020,16019,2,-2
2022-06-14 15:33:16.348,16019,16020,16019,3,-3
2022-06-14 15:33:16.405,16019,16020,16018,1,-1
2022-06-14 15:33:16.505,16018,16019,16018,2,-2
2022-06-14 15:33:16.505,16018,16019,16018,1,-1
2022-06-14 15:33:17.075,16017,16019,16017,2,-2
2022-06-14 15:33:18.131,16016,16018,16018,4,4
2022-06-14 15:33:18.131,16016,16018,16019,1,1
2022-06-14 15:33:22.389,16018,16019,16019,1,1
2022-06-14 15:33:22.638,16018,16020,16020,2,2
2022-06-14 15:33:24.386,16018,16020,16020,4,4
2022-06-14 15:33:27.687,16020,16021,16021,1,1
2022-06-14 15:33:33.225,16020,16021,16021,1,1
2022-06-14 15:33:33.858,16021,16022,16021,3,-3
2022-06-14 15:33:34.619,16020,16022,16020,1,-1
2022-06-14 15:33:35.506,16020,16021,16021,3,3
2022-06-14 15:33:35.506,16020,16021,16021,2,2
2022-06-14 15:33:38.014,16020,16022,16022,1,1
2022-06-14 15:33:38.676,16020,16021,16020,10,-10
2022-06-14 15:33:40.734,16019,16021,16019,2,-2
2022-06-14 15:33:43.582,16019,16021,16020,1,-1
2022-06-14 15:33:44.110,16019,16021,16021,1,1
2022-06-14 15:33:50.246,16020,16021,16020,5,-5
2022-06-14 15:33:50.309,16019,16020,16020,1,1
2022-06-14 15:33:53.068,16019,16021,16021,2,2
2022-06-14 15:33:54.085,16020,16021,16021,2,2
2022-06-14 15:33:54.471,16020,16021,16020,3,-3
2022-06-14 15:33:54.471,16020,16021,16019,2,-2
2022-06-14 15:33:55.328,16019,16020,16019,2,-2
2022-06-14 15:33:55.513,16018,16019,16019,1,1
2022-06-14 15:34:01.167,16018,16020,16020,2,2
2022-06-14 15:34:03.945,16019,16020,16020,1,1
2022-06-14 15:34:04.040,16019,16020,16019,5,-5
2022-06-14 15:34:04.073,16019,16020,16020,1,1
2022-06-14 15:34:04.634,16019,16020,16020,2,2
