2020-08-04 15:00:00.050,12664,12665,12662,205
2020-08-04 15:00:00.096,12662,12663,12663,1
2020-08-04 15:00:00.102,12662,12663,12662,2
2020-08-04 15:00:00.104,12662,12663,12663,2
2020-08-04 15:00:00.113,12662,12663,12663,7
2020-08-04 15:00:00.113,12662,12663,12664,7
2020-08-04 15:00:00.226,12662,12665,12664,1
2020-08-04 15:00:00.236,12662,12665,12664,2
2020-08-04 15:00:00.239,12662,12665,12664,1
2020-08-04 15:00:00.239,12662,12665,12665,9
2020-08-04 15:00:00.264,12662,12665,12662,2
2020-08-04 15:00:00.278,12662,12665,12662,1
2020-08-04 15:00:00.286,12662,12665,12665,1
2020-08-04 15:00:00.314,12662,12665,12665,1
2020-08-04 15:00:00.316,12662,12665,12665,1
2020-08-04 15:00:00.333,12662,12665,12665,1
2020-08-04 15:00:00.334,12662,12665,12666,1
2020-08-04 15:00:00.475,12665,12666,12666,1
2020-08-04 15:00:00.510,12665,12666,12666,3
2020-08-04 15:00:00.569,12665,12666,12666,1
2020-08-04 15:00:00.579,12665,12666,12666,1
2020-08-04 15:00:00.582,12665,12666,12666,1
2020-08-04 15:00:00.609,12665,12666,12666,1
2020-08-04 15:00:00.611,12665,12666,12666,1
2020-08-04 15:00:00.611,12665,12666,12666,2
2020-08-04 15:00:00.611,12665,12666,12667,1
2020-08-04 15:00:00.652,12665,12666,12666,4
2020-08-04 15:00:00.652,12665,12666,12666,1
2020-08-04 15:00:00.666,12665,12667,12665,4
2020-08-04 15:00:00.674,12665,12667,12667,1
2020-08-04 15:00:00.709,12665,12667,12667,4
2020-08-04 15:00:00.724,12665,12667,12668,1
2020-08-04 15:00:00.744,12665,12667,12668,4
2020-08-04 15:00:00.747,12665,12667,12666,1
2020-08-04 15:00:00.772,12665,12667,12668,3
2020-08-04 15:00:00.775,12665,12667,12668,1
2020-08-04 15:00:00.779,12665,12667,12666,1
2020-08-04 15:00:00.781,12665,12667,12666,1
2020-08-04 15:00:00.781,12665,12667,12668,2
2020-08-04 15:00:00.793,12666,12668,12668,1
2020-08-04 15:00:00.835,12666,12668,12668,1
2020-08-04 15:00:00.842,12666,12668,12668,2
2020-08-04 15:00:00.853,12666,12668,12668,2
2020-08-04 15:00:00.895,12666,12668,12668,4
2020-08-04 15:00:00.907,12666,12668,12667,1
2020-08-04 15:00:00.920,12667,12669,12667,3
2020-08-04 15:00:00.941,12667,12669,12669,1
2020-08-04 15:00:00.957,12667,12669,12669,1
2020-08-04 15:00:00.958,12667,12669,12669,1
2020-08-04 15:00:00.966,12667,12669,12667,1
2020-08-04 15:00:00.972,12667,12669,12668,4
2020-08-04 15:00:00.972,12667,12669,12667,1
2020-08-04 15:00:00.985,12667,12669,12669,1
2020-08-04 15:00:01.037,12667,12668,12668,1
2020-08-04 15:00:01.045,12667,12668,12667,5
2020-08-04 15:00:01.105,12667,12668,12666,1
2020-08-04 15:00:01.131,12667,12668,12668,1
2020-08-04 15:00:01.159,12667,12668,12668,1
2020-08-04 15:00:01.227,12666,12668,12667,1
2020-08-04 15:00:01.298,12668,12669,12668,2
2020-08-04 15:00:01.298,12668,12669,12668,1
2020-08-04 15:00:01.336,12668,12669,12668,1
2020-08-04 15:00:01.411,12667,12668,12667,1
2020-08-04 15:00:01.536,12667,12668,12667,1
2020-08-04 15:00:01.536,12667,12668,12668,3
2020-08-04 15:00:01.536,12667,12668,12668,4
2020-08-04 15:00:01.657,12667,12668,12665,1
2020-08-04 15:00:01.658,12667,12668,12665,12
2020-08-04 15:00:01.658,12667,12668,12665,6
2020-08-04 15:00:01.661,12664,12665,12664,12
2020-08-04 15:00:01.712,12664,12665,12664,1
2020-08-04 15:00:01.839,12663,12664,12663,2
2020-08-04 15:00:01.866,12663,12664,12664,2
2020-08-04 15:00:01.911,12663,12664,12663,3
2020-08-04 15:00:01.913,12663,12664,12663,1
2020-08-04 15:00:01.920,12663,12664,12663,1
2020-08-04 15:00:01.930,12663,12664,12662,1
2020-08-04 15:00:01.933,12663,12664,12663,1
2020-08-04 15:00:01.933,12663,12664,12663,1
2020-08-04 15:00:01.933,12663,12664,12663,1
2020-08-04 15:00:01.967,12663,12664,12663,2
2020-08-04 15:00:02.010,12663,12664,12662,2
2020-08-04 15:00:02.013,12663,12664,12663,3
2020-08-04 15:00:02.036,12662,12663,12662,4
2020-08-04 15:00:02.102,12662,12663,12662,3
2020-08-04 15:00:02.115,12662,12663,12662,1
2020-08-04 15:00:02.234,12662,12663,12663,1
2020-08-04 15:00:02.234,12662,12663,12664,1
2020-08-04 15:00:02.354,12662,12664,12662,1
2020-08-04 15:00:02.464,12662,12664,12664,3
2020-08-04 15:00:02.464,12662,12664,12665,1
2020-08-04 15:00:02.521,12662,12664,12664,3
2020-08-04 15:00:02.547,12662,12664,12664,3
2020-08-04 15:00:02.560,12662,12664,12664,3
2020-08-04 15:00:02.568,12662,12664,12662,1
2020-08-04 15:00:02.702,12662,12664,12661,1
2020-08-04 15:00:02.704,12662,12664,12663,1
2020-08-04 15:00:02.724,12662,12664,12664,1
2020-08-04 15:00:02.786,12662,12664,12664,4
2020-08-04 15:00:02.786,12662,12664,12662,4
2020-08-04 15:00:02.859,12662,12664,12663,1
2020-08-04 15:00:02.889,12662,12664,12664,2
2020-08-04 15:00:03.312,12662,12663,12663,1
2020-08-04 15:00:03.312,12662,12663,12664,4
2020-08-04 15:00:03.315,12662,12663,12664,4
2020-08-04 15:00:03.315,12662,12663,12665,2
2020-08-04 15:00:03.415,12663,12664,12664,1
2020-08-04 15:00:03.415,12663,12664,12664,1
2020-08-04 15:00:03.415,12663,12664,12665,1
2020-08-04 15:00:03.416,12663,12664,12665,1
2020-08-04 15:00:03.416,12663,12664,12665,1
2020-08-04 15:00:03.416,12663,12664,12665,1
2020-08-04 15:00:03.417,12663,12664,12665,1
2020-08-04 15:00:03.418,12663,12664,12664,1
2020-08-04 15:00:03.420,12663,12664,12664,1
2020-08-04 15:00:03.421,12663,12664,12664,1
2020-08-04 15:00:03.712,12663,12665,12663,1
2020-08-04 15:00:03.793,12662,12664,12664,1
2020-08-04 15:00:03.851,12662,12664,12664,1
2020-08-04 15:00:04.414,12662,12664,12664,2
2020-08-04 15:00:04.453,12662,12664,12664,1
2020-08-04 15:00:04.625,12662,12664,12662,1
2020-08-04 15:00:04.661,12662,12664,12662,4
2020-08-04 15:00:04.838,12661,12663,12661,3
2020-08-04 15:00:04.960,12661,12663,12663,2
2020-08-04 15:00:05.081,12661,12663,12663,2
2020-08-04 15:00:05.161,12661,12662,12661,8
2020-08-04 15:00:05.201,12661,12662,12660,3
2020-08-04 15:00:05.326,12660,12662,12660,3
2020-08-04 15:00:05.338,12660,12662,12660,5
2020-08-04 15:00:05.455,12660,12662,12660,2
2020-08-04 15:00:05.658,12660,12661,12660,18
2020-08-04 15:00:06.411,12660,12661,12660,1
2020-08-04 15:00:06.818,12659,12661,12659,3
2020-08-04 15:00:07.153,12658,12660,12660,1
2020-08-04 15:00:08.273,12658,12659,12659,5
2020-08-04 15:00:08.281,12658,12659,12660,6
2020-08-04 15:00:08.694,12658,12659,12659,1
2020-08-04 15:00:08.990,12658,12660,12658,1
2020-08-04 15:00:09.117,12658,12660,12659,1
2020-08-04 15:00:09.550,12658,12659,12659,1
2020-08-04 15:00:09.819,12658,12660,12660,2
2020-08-04 15:00:10.350,12659,12660,12659,1
2020-08-04 15:00:10.551,12658,12660,12658,1
2020-08-04 15:00:10.861,12658,12660,12660,5
2020-08-04 15:00:10.879,12658,12660,12660,3
2020-08-04 15:00:11.109,12660,12661,12660,2
2020-08-04 15:00:11.353,12659,12661,12661,3
2020-08-04 15:00:11.366,12659,12661,12660,4
2020-08-04 15:00:11.507,12659,12660,12659,6
2020-08-04 15:00:11.957,12658,12660,12660,2
2020-08-04 15:00:12.452,12659,12660,12659,1
2020-08-04 15:00:12.692,12659,12660,12659,6
2020-08-04 15:00:12.928,12659,12660,12660,5
2020-08-04 15:00:12.988,12659,12660,12660,2
2020-08-04 15:00:12.989,12659,12660,12660,3
2020-08-04 15:00:13.129,12659,12661,12660,1
2020-08-04 15:00:13.167,12659,12660,12659,2
2020-08-04 15:00:13.191,12659,12660,12660,1
2020-08-04 15:00:13.191,12659,12660,12661,1
2020-08-04 15:00:13.364,12660,12661,12661,1
2020-08-04 15:00:13.439,12660,12661,12660,1
2020-08-04 15:00:13.440,12660,12661,12661,3
2020-08-04 15:00:13.576,12660,12662,12662,5
2020-08-04 15:00:13.645,12660,12662,12662,2
2020-08-04 15:00:14.367,12661,12662,12662,1
2020-08-04 15:00:14.561,12661,12662,12661,1
2020-08-04 15:00:14.661,12661,12662,12661,1
2020-08-04 15:00:14.786,12660,12661,12660,1
2020-08-04 15:00:15.469,12660,12661,12660,4
2020-08-04 15:00:15.469,12660,12661,12659,1
2020-08-04 15:00:15.583,12660,12661,12661,1
2020-08-04 15:00:15.653,12660,12661,12661,1
2020-08-04 15:00:15.716,12660,12661,12660,1
2020-08-04 15:00:15.741,12660,12661,12661,5
2020-08-04 15:00:15.803,12659,12661,12661,1
2020-08-04 15:00:15.887,12659,12661,12661,1
2020-08-04 15:00:16.150,12660,12661,12661,1
2020-08-04 15:00:16.376,12660,12661,12660,1
2020-08-04 15:00:16.564,12660,12661,12661,1
2020-08-04 15:00:16.620,12660,12661,12661,2
2020-08-04 15:00:16.620,12660,12661,12662,3
2020-08-04 15:00:16.964,12660,12662,12660,1
2020-08-04 15:00:17.014,12660,12662,12660,1
2020-08-04 15:00:17.072,12660,12662,12660,1
2020-08-04 15:00:17.250,12660,12661,12660,1
2020-08-04 15:00:17.519,12660,12661,12661,3
2020-08-04 15:00:17.569,12660,12661,12661,2
2020-08-04 15:00:17.574,12660,12661,12661,2
2020-08-04 15:00:17.593,12660,12661,12661,2
2020-08-04 15:00:18.004,12660,12662,12660,2
2020-08-04 15:00:18.108,12661,12662,12661,2
2020-08-04 15:00:18.186,12660,12662,12662,1
2020-08-04 15:00:18.321,12660,12662,12660,2
2020-08-04 15:00:18.723,12660,12662,12660,1
2020-08-04 15:00:19.217,12660,12661,12661,1
2020-08-04 15:00:19.416,12660,12661,12661,1
2020-08-04 15:00:19.453,12660,12661,12661,1
2020-08-04 15:00:19.555,12661,12662,12662,2
2020-08-04 15:00:19.615,12661,12662,12661,2
2020-08-04 15:00:19.742,12661,12662,12661,1
2020-08-04 15:00:20.816,12661,12662,12661,1
2020-08-04 15:00:20.878,12661,12662,12661,2
2020-08-04 15:00:20.929,12661,12662,12661,3
2020-08-04 15:00:21.091,12661,12662,12662,1
2020-08-04 15:00:21.298,12661,12662,12661,1
2020-08-04 15:00:21.753,12661,12662,12661,5
2020-08-04 15:00:21.968,12661,12662,12661,1
2020-08-04 15:00:22.837,12661,12662,12661,1
2020-08-04 15:00:23.068,12661,12662,12662,2
2020-08-04 15:00:23.382,12661,12662,12661,1
2020-08-04 15:00:24.059,12661,12662,12662,2
2020-08-04 15:00:24.427,12661,12662,12662,3
2020-08-04 15:00:24.428,12661,12662,12662,2
2020-08-04 15:00:24.572,12661,12663,12661,1
2020-08-04 15:00:24.715,12662,12663,12662,1
2020-08-04 15:00:25.770,12662,12663,12663,1
2020-08-04 15:00:25.770,12662,12663,12663,3
2020-08-04 15:00:25.958,12663,12664,12664,2
2020-08-04 15:00:26.767,12663,12664,12664,5
2020-08-04 15:00:26.767,12663,12664,12664,10
2020-08-04 15:00:28.333,12664,12665,12664,3
2020-08-04 15:00:28.725,12663,12665,12663,1
2020-08-04 15:00:28.823,12663,12665,12665,1
2020-08-04 15:00:29.057,12663,12665,12663,8
2020-08-04 15:00:29.057,12663,12665,12662,15
2020-08-04 15:00:29.109,12663,12665,12664,1
2020-08-04 15:00:30.342,12663,12664,12664,1
2020-08-04 15:00:30.390,12663,12664,12664,1
2020-08-04 15:00:30.428,12663,12664,12664,12
2020-08-04 15:00:31.126,12664,12665,12664,3
2020-08-04 15:00:31.607,12663,12664,12664,1
2020-08-04 15:00:32.813,12663,12664,12664,1
2020-08-04 15:00:32.925,12663,12664,12664,2
2020-08-04 15:00:34.571,12663,12664,12663,3
2020-08-04 15:00:34.621,12663,12664,12664,1
2020-08-04 15:00:35.066,12662,12664,12662,1
2020-08-04 15:00:35.601,12662,12664,12664,1
2020-08-04 15:00:35.741,12663,12664,12662,3
2020-08-04 15:00:36.354,12662,12664,12662,1
2020-08-04 15:00:36.449,12662,12664,12663,2
2020-08-04 15:00:36.453,12662,12664,12663,1
2020-08-04 15:00:37.249,12662,12664,12664,1
2020-08-04 15:00:37.578,12662,12664,12664,1
2020-08-04 15:00:39.136,12663,12664,12663,1
2020-08-04 15:00:40.153,12662,12664,12664,2
2020-08-04 15:00:41.451,12663,12664,12664,4
2020-08-04 15:00:42.200,12663,12664,12664,1
2020-08-04 15:00:42.503,12663,12664,12664,1
2020-08-04 15:00:42.504,12663,12664,12664,1
2020-08-04 15:00:43.122,12664,12665,12665,2
2020-08-04 15:00:43.257,12664,12665,12665,1
2020-08-04 15:00:43.311,12664,12665,12665,1
2020-08-04 15:00:43.312,12664,12665,12665,10
2020-08-04 15:00:43.312,12664,12665,12665,3
2020-08-04 15:00:43.312,12664,12665,12665,11
2020-08-04 15:00:43.388,12664,12665,12665,1
2020-08-04 15:00:43.486,12665,12666,12665,3
2020-08-04 15:00:43.544,12664,12666,12664,1
2020-08-04 15:00:44.961,12664,12665,12665,1
2020-08-04 15:00:46.121,12664,12665,12665,3
2020-08-04 15:00:46.564,12664,12665,12664,2
2020-08-04 15:00:46.670,12664,12665,12665,4
2020-08-04 15:00:46.868,12664,12666,12664,3
2020-08-04 15:00:47.152,12664,12665,12665,1
2020-08-04 15:00:47.490,12664,12665,12665,1
2020-08-04 15:00:47.503,12664,12665,12665,2
2020-08-04 15:00:47.745,12664,12665,12665,2
2020-08-04 15:00:47.745,12664,12665,12666,3
2020-08-04 15:00:47.772,12664,12665,12665,2
2020-08-04 15:00:48.663,12664,12665,12665,1
2020-08-04 15:00:48.970,12664,12665,12665,1
2020-08-04 15:00:49.036,12664,12665,12665,4
2020-08-04 15:00:49.553,12664,12666,12666,1
2020-08-04 15:00:49.945,12664,12666,12666,1
2020-08-04 15:00:50.501,12665,12666,12666,1
2020-08-04 15:00:50.949,12665,12666,12666,1
2020-08-04 15:00:51.377,12665,12666,12666,1
2020-08-04 15:00:52.052,12665,12666,12666,9
2020-08-04 15:00:52.161,12665,12666,12666,19
2020-08-04 15:00:52.613,12665,12667,12667,1
2020-08-04 15:00:52.762,12665,12667,12667,1
2020-08-04 15:00:52.907,12665,12667,12665,1
2020-08-04 15:00:53.036,12666,12667,12667,1
2020-08-04 15:00:53.212,12666,12667,12666,1
2020-08-04 15:00:53.460,12666,12667,12666,1
2020-08-04 15:00:54.325,12665,12667,12665,1
2020-08-04 15:00:54.425,12666,12667,12667,1
2020-08-04 15:00:54.582,12666,12667,12667,2
2020-08-04 15:00:54.710,12666,12667,12667,5
2020-08-04 15:00:54.710,12666,12667,12668,20
2020-08-04 15:00:54.989,12667,12668,12667,3
2020-08-04 15:00:55.171,12667,12668,12668,1
2020-08-04 15:00:55.676,12667,12668,12668,1
2020-08-04 15:00:55.875,12667,12668,12667,1
2020-08-04 15:00:56.005,12667,12668,12667,2
2020-08-04 15:00:56.102,12666,12668,12668,1
2020-08-04 15:00:56.618,12667,12668,12667,1
2020-08-04 15:00:56.618,12667,12668,12666,3
2020-08-04 15:00:56.661,12666,12668,12666,1
2020-08-04 15:00:56.755,12666,12668,12667,1
2020-08-04 15:00:56.761,12666,12668,12666,1
2020-08-04 15:00:56.806,12666,12667,12667,1
2020-08-04 15:00:56.811,12666,12667,12666,1
2020-08-04 15:00:56.901,12666,12667,12667,1
2020-08-04 15:00:56.983,12666,12668,12666,1
2020-08-04 15:00:57.309,12666,12667,12667,1
2020-08-04 15:00:57.345,12666,12667,12666,1
2020-08-04 15:00:57.654,12665,12667,12667,1
2020-08-04 15:00:57.743,12665,12667,12667,2
2020-08-04 15:00:57.982,12665,12667,12667,1
2020-08-04 15:00:58.360,12666,12667,12667,4
2020-08-04 15:00:58.360,12666,12667,12668,16
2020-08-04 15:00:59.026,12666,12668,12668,1
2020-08-04 15:00:59.103,12666,12668,12666,1
2020-08-04 15:00:59.322,12666,12667,12666,1
2020-08-04 15:00:59.600,12665,12666,12666,1
2020-08-04 15:00:59.619,12665,12666,12666,1
2020-08-04 15:00:59.882,12665,12666,12666,1
2020-08-04 15:01:00.017,12665,12666,12666,2
2020-08-04 15:01:00.024,12665,12666,12666,4
2020-08-04 15:01:00.024,12665,12666,12667,1
2020-08-04 15:01:00.055,12666,12667,12667,2
2020-08-04 15:01:00.064,12666,12667,12668,1
2020-08-04 15:01:00.068,12666,12667,12668,1
2020-08-04 15:01:00.141,12666,12667,12666,1
2020-08-04 15:01:00.154,12666,12667,12668,1
2020-08-04 15:01:00.165,12666,12668,12666,1
2020-08-04 15:01:00.165,12666,12668,12666,1
2020-08-04 15:01:00.166,12666,12668,12666,1
2020-08-04 15:01:00.166,12666,12668,12665,1
2020-08-04 15:01:00.166,12666,12668,12665,1
2020-08-04 15:01:00.167,12666,12668,12665,1
2020-08-04 15:01:00.167,12666,12668,12665,2
2020-08-04 15:01:00.169,12666,12668,12665,1
2020-08-04 15:01:00.170,12666,12668,12665,1
2020-08-04 15:01:00.172,12666,12668,12665,1
2020-08-04 15:01:00.172,12666,12668,12667,3
2020-08-04 15:01:00.305,12666,12668,12666,5
2020-08-04 15:01:00.421,12666,12668,12666,5
2020-08-04 15:01:00.445,12666,12668,12666,2
2020-08-04 15:01:00.509,12666,12668,12666,4
2020-08-04 15:01:00.509,12666,12668,12665,2
2020-08-04 15:01:00.541,12665,12667,12667,2
2020-08-04 15:01:00.556,12665,12667,12667,1
2020-08-04 15:01:00.607,12665,12667,12668,1
2020-08-04 15:01:01.439,12665,12667,12665,1
2020-08-04 15:01:01.634,12665,12666,12666,1
2020-08-04 15:01:01.681,12665,12666,12665,5
2020-08-04 15:01:01.721,12665,12666,12665,1
2020-08-04 15:01:02.057,12665,12666,12666,1
2020-08-04 15:01:02.290,12665,12666,12666,5
2020-08-04 15:01:02.472,12665,12666,12665,1
2020-08-04 15:01:02.474,12665,12666,12665,2
2020-08-04 15:01:02.575,12664,12665,12665,1
2020-08-04 15:01:02.592,12664,12665,12665,1
2020-08-04 15:01:02.682,12664,12666,12666,8
2020-08-04 15:01:02.682,12664,12666,12667,12
2020-08-04 15:01:02.687,12664,12666,12667,1
2020-08-04 15:01:02.906,12665,12667,12667,1
2020-08-04 15:01:03.268,12665,12667,12667,1
2020-08-04 15:01:03.551,12665,12667,12667,2
2020-08-04 15:01:03.587,12665,12667,12668,2
2020-08-04 15:01:03.612,12665,12667,12668,1
2020-08-04 15:01:03.979,12666,12667,12667,1
2020-08-04 15:01:04.229,12666,12667,12667,4
2020-08-04 15:01:04.229,12666,12667,12668,6
2020-08-04 15:01:04.316,12667,12668,12668,1
2020-08-04 15:01:04.546,12667,12668,12667,1
2020-08-04 15:01:04.641,12667,12668,12667,1
2020-08-04 15:01:05.634,12667,12668,12667,1
2020-08-04 15:01:06.069,12667,12668,12667,1
2020-08-04 15:01:06.523,12667,12668,12667,1
2020-08-04 15:01:06.977,12666,12668,12668,1
2020-08-04 15:01:07.353,12666,12667,12667,1
2020-08-04 15:01:07.448,12666,12667,12666,1
2020-08-04 15:01:07.514,12666,12667,12667,1
2020-08-04 15:01:07.514,12666,12667,12667,1
2020-08-04 15:01:07.693,12667,12668,12668,1
2020-08-04 15:01:07.721,12667,12668,12668,7
2020-08-04 15:01:07.721,12667,12668,12669,3
2020-08-04 15:01:07.844,12667,12669,12669,6
2020-08-04 15:01:08.038,12668,12670,12670,1
2020-08-04 15:01:08.169,12668,12670,12670,2
2020-08-04 15:01:08.278,12668,12670,12668,1
2020-08-04 15:01:08.333,12668,12670,12668,4
2020-08-04 15:01:08.333,12668,12670,12667,1
2020-08-04 15:01:08.334,12668,12670,12667,4
2020-08-04 15:01:08.570,12667,12669,12669,2
2020-08-04 15:01:08.588,12667,12669,12667,1
2020-08-04 15:01:08.629,12667,12669,12669,1
2020-08-04 15:01:08.861,12667,12669,12669,4
2020-08-04 15:01:08.950,12667,12669,12669,1
2020-08-04 15:01:09.035,12667,12669,12669,1
2020-08-04 15:01:09.628,12667,12669,12669,1
2020-08-04 15:01:10.093,12667,12669,12669,1
2020-08-04 15:01:10.100,12667,12669,12669,1
2020-08-04 15:01:10.478,12667,12669,12669,8
2020-08-04 15:01:10.478,12667,12669,12670,2
2020-08-04 15:01:10.787,12668,12669,12669,1
2020-08-04 15:01:10.868,12668,12669,12668,1
2020-08-04 15:01:11.227,12667,12669,12669,1
2020-08-04 15:01:11.510,12667,12669,12669,4
2020-08-04 15:01:11.803,12667,12669,12669,1
2020-08-04 15:01:12.271,12667,12670,12670,1
2020-08-04 15:01:12.882,12668,12670,12670,1
2020-08-04 15:01:13.105,12668,12670,12669,1
2020-08-04 15:01:13.432,12669,12670,12670,1
2020-08-04 15:01:13.598,12669,12670,12670,1
2020-08-04 15:01:14.055,12669,12670,12670,3
2020-08-04 15:01:14.479,12669,12670,12670,1
2020-08-04 15:01:14.598,12669,12670,12670,1
2020-08-04 15:01:15.067,12669,12670,12669,1
2020-08-04 15:01:15.159,12669,12670,12670,1
2020-08-04 15:01:15.642,12669,12670,12670,2
2020-08-04 15:01:15.777,12669,12670,12669,1
2020-08-04 15:01:15.977,12669,12670,12670,1
2020-08-04 15:01:16.009,12669,12670,12670,1
2020-08-04 15:01:16.020,12669,12670,12670,1
2020-08-04 15:01:16.417,12669,12670,12669,1
2020-08-04 15:01:16.694,12669,12670,12670,1
2020-08-04 15:01:17.181,12669,12670,12670,1
2020-08-04 15:01:18.524,12670,12671,12670,1
2020-08-04 15:01:18.736,12670,12671,12670,1
2020-08-04 15:01:19.071,12670,12671,12670,1
2020-08-04 15:01:19.807,12670,12671,12671,3
2020-08-04 15:01:19.953,12670,12671,12671,4
2020-08-04 15:01:20.480,12670,12671,12671,1
2020-08-04 15:01:21.148,12670,12671,12670,2
2020-08-04 15:01:21.295,12670,12671,12671,1
2020-08-04 15:01:21.396,12670,12671,12671,1
2020-08-04 15:01:21.678,12670,12672,12672,1
2020-08-04 15:01:21.724,12670,12672,12672,1
2020-08-04 15:01:21.780,12670,12672,12672,10
2020-08-04 15:01:21.780,12670,12672,12673,15
2020-08-04 15:01:21.856,12672,12673,12672,1
2020-08-04 15:01:22.072,12672,12673,12672,1
2020-08-04 15:01:22.099,12672,12673,12671,5
2020-08-04 15:01:22.125,12672,12673,12671,3
2020-08-04 15:01:22.126,12672,12673,12671,3
2020-08-04 15:01:22.145,12672,12673,12670,2
2020-08-04 15:01:22.180,12670,12672,12670,2
2020-08-04 15:01:22.192,12670,12672,12670,3
2020-08-04 15:01:22.195,12670,12672,12670,2
2020-08-04 15:01:22.199,12670,12672,12670,2
2020-08-04 15:01:22.214,12670,12672,12670,2
2020-08-04 15:01:22.253,12670,12672,12669,4
2020-08-04 15:01:22.407,12669,12671,12671,1
2020-08-04 15:01:22.472,12670,12672,12672,1
2020-08-04 15:01:23.064,12671,12672,12671,1
2020-08-04 15:01:23.095,12671,12672,12671,1
2020-08-04 15:01:23.164,12670,12671,12670,4
2020-08-04 15:01:23.164,12670,12671,12669,1
2020-08-04 15:01:23.245,12670,12671,12669,3
2020-08-04 15:01:23.314,12669,12671,12669,3
2020-08-04 15:01:23.810,12669,12671,12669,1
2020-08-04 15:01:24.083,12669,12671,12671,2
2020-08-04 15:01:24.099,12669,12671,12671,3
2020-08-04 15:01:24.181,12669,12671,12669,3
2020-08-04 15:01:24.252,12669,12671,12668,2
2020-08-04 15:01:24.670,12668,12670,12670,1
2020-08-04 15:01:24.744,12668,12670,12670,3
2020-08-04 15:01:24.932,12669,12670,12670,1
2020-08-04 15:01:26.516,12669,12671,12671,2
2020-08-04 15:01:26.882,12669,12671,12671,1
2020-08-04 15:01:26.912,12669,12671,12671,2
2020-08-04 15:01:27.052,12669,12671,12671,1
2020-08-04 15:01:28.905,12670,12671,12670,3
2020-08-04 15:01:29.221,12670,12671,12670,3
2020-08-04 15:01:29.615,12670,12671,12671,1
2020-08-04 15:01:30.349,12670,12671,12670,2
2020-08-04 15:01:30.687,12670,12671,12671,1
2020-08-04 15:01:31.069,12670,12671,12670,1
2020-08-04 15:01:31.564,12669,12671,12671,8
2020-08-04 15:01:31.564,12669,12671,12672,2
2020-08-04 15:01:31.578,12669,12671,12669,1
2020-08-04 15:01:31.764,12669,12671,12671,1
2020-08-04 15:01:32.295,12670,12671,12671,1
2020-08-04 15:01:32.329,12670,12671,12671,4
2020-08-04 15:01:32.329,12670,12671,12672,6
2020-08-04 15:01:32.603,12670,12671,12670,1
2020-08-04 15:01:32.759,12670,12671,12671,3
2020-08-04 15:01:33.289,12670,12671,12670,1
2020-08-04 15:01:35.092,12669,12670,12669,1
2020-08-04 15:01:35.416,12669,12670,12670,1
2020-08-04 15:01:36.207,12669,12671,12669,3
2020-08-04 15:01:36.449,12669,12671,12670,1
2020-08-04 15:01:37.742,12669,12670,12670,1
2020-08-04 15:01:37.754,12669,12670,12670,1
2020-08-04 15:01:38.015,12669,12670,12669,1
2020-08-04 15:01:38.073,12669,12670,12670,1
2020-08-04 15:01:38.173,12669,12670,12670,7
2020-08-04 15:01:38.312,12669,12670,12669,1
2020-08-04 15:01:38.723,12669,12670,12669,3
2020-08-04 15:01:38.970,12669,12670,12669,3
2020-08-04 15:01:40.484,12669,12670,12669,1
2020-08-04 15:01:40.573,12668,12669,12668,14
2020-08-04 15:01:41.488,12667,12668,12668,1
2020-08-04 15:01:41.628,12668,12669,12669,1
2020-08-04 15:01:41.773,12668,12669,12668,1
2020-08-04 15:01:41.827,12668,12669,12668,1
2020-08-04 15:01:42.048,12667,12669,12669,1
2020-08-04 15:01:42.260,12667,12669,12669,1
2020-08-04 15:01:43.673,12668,12669,12669,8
2020-08-04 15:01:43.673,12668,12669,12669,1
2020-08-04 15:01:43.673,12668,12669,12669,1
2020-08-04 15:01:45.623,12669,12670,12670,1
2020-08-04 15:01:45.673,12669,12670,12669,1
2020-08-04 15:01:45.878,12668,12669,12669,1
2020-08-04 15:01:47.382,12668,12669,12668,3
2020-08-04 15:01:47.624,12668,12669,12668,1
2020-08-04 15:01:47.672,12667,12668,12668,2
2020-08-04 15:01:48.253,12668,12669,12669,1
2020-08-04 15:01:48.564,12668,12669,12669,1
2020-08-04 15:01:51.596,12669,12670,12670,1
2020-08-04 15:01:51.609,12669,12670,12670,2
2020-08-04 15:01:51.794,12669,12670,12670,1
2020-08-04 15:01:52.235,12669,12670,12669,1
2020-08-04 15:01:52.737,12669,12670,12670,1
2020-08-04 15:01:52.767,12669,12670,12670,1
2020-08-04 15:01:53.904,12669,12670,12669,1
2020-08-04 15:01:55.213,12669,12670,12669,3
2020-08-04 15:01:55.407,12669,12670,12669,3
2020-08-04 15:01:55.965,12669,12670,12669,2
2020-08-04 15:01:55.969,12669,12670,12669,1
2020-08-04 15:01:55.969,12669,12670,12668,18
2020-08-04 15:01:55.969,12669,12670,12667,4
2020-08-04 15:01:57.372,12667,12668,12667,2
2020-08-04 15:01:58.291,12667,12668,12668,1
2020-08-04 15:01:58.454,12667,12668,12667,3
2020-08-04 15:01:58.675,12666,12668,12668,1
2020-08-04 15:01:58.795,12666,12668,12667,3
2020-08-04 15:01:59.278,12666,12667,12667,4
2020-08-04 15:02:01.661,12667,12668,12667,2
2020-08-04 15:02:02.030,12666,12668,12668,1
2020-08-04 15:02:02.164,12666,12668,12668,1
2020-08-04 15:02:02.203,12666,12668,12668,5
2020-08-04 15:02:02.247,12666,12668,12668,1
2020-08-04 15:02:02.896,12666,12668,12666,1
2020-08-04 15:02:03.378,12667,12668,12668,2
2020-08-04 15:02:03.598,12667,12668,12668,1
2020-08-04 15:02:04.983,12667,12668,12667,1
2020-08-04 15:02:06.893,12667,12668,12668,1
2020-08-04 15:02:07.065,12667,12668,12667,1
2020-08-04 15:02:07.529,12667,12668,12668,1
2020-08-04 15:02:10.738,12667,12668,12667,3
2020-08-04 15:02:10.860,12667,12668,12667,1
2020-08-04 15:02:11.109,12667,12668,12668,1
2020-08-04 15:02:11.167,12667,12668,12667,1
2020-08-04 15:02:12.657,12667,12668,12667,2
2020-08-04 15:02:13.297,12666,12668,12666,1
2020-08-04 15:02:13.367,12666,12668,12667,1
2020-08-04 15:02:13.374,12666,12668,12667,1
2020-08-04 15:02:13.610,12666,12668,12667,1
2020-08-04 15:02:13.622,12666,12668,12667,1
2020-08-04 15:02:14.001,12666,12667,12666,3
2020-08-04 15:02:14.140,12666,12667,12667,1
2020-08-04 15:02:14.226,12666,12667,12666,3
2020-08-04 15:02:14.498,12666,12667,12667,1
2020-08-04 15:02:16.201,12666,12667,12666,2
2020-08-04 15:02:16.832,12665,12666,12666,1
2020-08-04 15:02:18.380,12665,12666,12666,1
2020-08-04 15:02:19.497,12665,12666,12666,1
2020-08-04 15:02:20.157,12665,12666,12666,1
2020-08-04 15:02:20.157,12665,12666,12666,3
2020-08-04 15:02:20.880,12666,12667,12666,1
2020-08-04 15:02:22.184,12666,12667,12666,1
2020-08-04 15:02:24.848,12666,12667,12666,2
2020-08-04 15:02:25.066,12666,12667,12666,1
2020-08-04 15:02:25.555,12666,12667,12667,3
2020-08-04 15:02:25.645,12666,12667,12667,1
2020-08-04 15:02:27.316,12667,12668,12667,2
2020-08-04 15:02:27.359,12667,12668,12667,1
2020-08-04 15:02:27.395,12667,12668,12667,2
2020-08-04 15:02:28.190,12667,12668,12668,4
2020-08-04 15:02:28.357,12667,12668,12668,4
2020-08-04 15:02:28.466,12667,12668,12667,5
2020-08-04 15:02:28.488,12667,12668,12668,1
2020-08-04 15:02:29.169,12667,12668,12668,1
2020-08-04 15:02:31.752,12667,12668,12668,1
2020-08-04 15:02:31.814,12668,12669,12669,5
2020-08-04 15:02:31.900,12668,12669,12669,1
2020-08-04 15:02:31.921,12669,12670,12669,1
2020-08-04 15:02:34.173,12669,12670,12670,1
2020-08-04 15:02:36.345,12669,12670,12670,1
2020-08-04 15:02:36.759,12669,12670,12670,1
2020-08-04 15:02:37.865,12669,12670,12670,1
2020-08-04 15:02:38.390,12669,12670,12670,4
2020-08-04 15:02:38.391,12669,12670,12670,3
2020-08-04 15:02:38.392,12669,12670,12670,1
2020-08-04 15:02:38.982,12669,12671,12671,1
2020-08-04 15:02:39.934,12670,12671,12671,1
2020-08-04 15:02:39.961,12670,12671,12671,2
2020-08-04 15:02:42.534,12671,12672,12671,1
2020-08-04 15:02:43.694,12671,12672,12672,1
2020-08-04 15:02:45.121,12671,12672,12671,4
2020-08-04 15:02:45.135,12671,12672,12671,1
2020-08-04 15:02:45.698,12670,12671,12671,1
2020-08-04 15:02:45.698,12670,12671,12672,1
2020-08-04 15:02:46.017,12671,12672,12672,1
2020-08-04 15:02:49.230,12670,12671,12671,1
2020-08-04 15:02:49.324,12670,12671,12670,1
2020-08-04 15:02:50.421,12670,12671,12670,1
2020-08-04 15:02:50.722,12670,12671,12670,1
2020-08-04 15:02:51.559,12670,12671,12670,2
2020-08-04 15:02:51.559,12670,12671,12670,2
2020-08-04 15:02:51.559,12670,12671,12670,7
2020-08-04 15:02:54.440,12670,12671,12671,1
2020-08-04 15:02:55.434,12670,12671,12671,3
2020-08-04 15:02:55.763,12670,12671,12671,2
2020-08-04 15:02:57.419,12670,12671,12670,5
2020-08-04 15:02:59.028,12670,12671,12670,2
2020-08-04 15:02:59.279,12669,12671,12670,1
2020-08-04 15:03:00.039,12670,12671,12671,2
2020-08-04 15:03:00.239,12670,12671,12671,2
2020-08-04 15:03:00.332,12670,12671,12671,6
2020-08-04 15:03:00.332,12670,12671,12672,4
2020-08-04 15:03:00.599,12670,12672,12670,4
2020-08-04 15:03:00.650,12670,12672,12671,1
2020-08-04 15:03:00.659,12670,12672,12671,1
2020-08-04 15:03:00.930,12670,12671,12670,3
2020-08-04 15:03:00.967,12670,12671,12669,3
2020-08-04 15:03:01.728,12670,12671,12670,3
2020-08-04 15:03:01.791,12670,12671,12671,1
2020-08-04 15:03:02.421,12670,12671,12671,1
2020-08-04 15:03:02.448,12670,12671,12670,3
2020-08-04 15:03:02.613,12670,12671,12671,1
2020-08-04 15:03:02.705,12670,12671,12670,1
2020-08-04 15:03:02.796,12669,12671,12671,6
2020-08-04 15:03:03.161,12671,12672,12672,2
2020-08-04 15:03:03.297,12671,12672,12672,1
2020-08-04 15:03:03.703,12671,12672,12672,1
2020-08-04 15:03:04.250,12671,12672,12672,1
2020-08-04 15:03:04.458,12671,12672,12671,1
2020-08-04 15:03:04.459,12671,12672,12672,1
2020-08-04 15:03:04.639,12671,12672,12671,1
2020-08-04 15:03:04.752,12671,12672,12671,1
2020-08-04 15:03:05.004,12671,12672,12671,5
2020-08-04 15:03:05.578,12670,12671,12671,1
2020-08-04 15:03:05.637,12670,12671,12671,1
2020-08-04 15:03:05.668,12670,12672,12672,2
2020-08-04 15:03:07.475,12670,12671,12671,1
2020-08-04 15:03:10.459,12670,12671,12671,2
2020-08-04 15:03:12.255,12671,12672,12672,5
2020-08-04 15:03:12.590,12671,12672,12671,1
2020-08-04 15:03:13.622,12671,12672,12672,1
2020-08-04 15:03:13.622,12671,12672,12672,3
2020-08-04 15:03:13.644,12671,12672,12672,1
2020-08-04 15:03:17.435,12672,12673,12672,1
2020-08-04 15:03:18.658,12672,12673,12672,2
2020-08-04 15:03:19.078,12672,12673,12672,2
2020-08-04 15:03:21.039,12671,12673,12671,1
2020-08-04 15:03:25.909,12672,12673,12672,1
2020-08-04 15:03:25.946,12672,12673,12672,1
2020-08-04 15:03:27.512,12672,12673,12672,2
2020-08-04 15:03:27.558,12671,12673,12673,25
2020-08-04 15:03:27.558,12671,12673,12674,21
2020-08-04 15:03:27.681,12672,12674,12672,2
2020-08-04 15:03:27.798,12672,12673,12673,1
2020-08-04 15:03:27.818,12672,12673,12673,1
2020-08-04 15:03:27.990,12672,12674,12672,1
2020-08-04 15:03:27.990,12672,12674,12673,1
2020-08-04 15:03:28.117,12672,12673,12673,1
2020-08-04 15:03:28.371,12672,12673,12673,1
2020-08-04 15:03:28.780,12671,12673,12673,6
2020-08-04 15:03:28.780,12671,12673,12674,4
2020-08-04 15:03:30.558,12672,12674,12674,1
2020-08-04 15:03:30.692,12672,12674,12674,1
2020-08-04 15:03:30.782,12672,12674,12674,4
2020-08-04 15:03:31.807,12672,12674,12672,1
2020-08-04 15:03:33.326,12672,12674,12674,5
2020-08-04 15:03:34.590,12673,12674,12674,1
2020-08-04 15:03:34.592,12673,12674,12674,1
2020-08-04 15:03:34.856,12674,12675,12674,1
2020-08-04 15:03:37.749,12673,12674,12674,1
2020-08-04 15:03:40.374,12674,12675,12674,3
2020-08-04 15:03:40.438,12674,12675,12674,1
2020-08-04 15:03:40.451,12674,12675,12675,2
2020-08-04 15:03:40.896,12674,12675,12674,1
2020-08-04 15:03:41.293,12674,12675,12674,4
2020-08-04 15:03:42.380,12674,12675,12675,1
2020-08-04 15:03:44.343,12674,12675,12675,1
2020-08-04 15:03:44.897,12674,12675,12674,5
2020-08-04 15:03:45.092,12674,12675,12675,1
2020-08-04 15:03:45.397,12674,12675,12675,1
2020-08-04 15:03:45.593,12674,12675,12675,1
2020-08-04 15:03:45.712,12674,12675,12675,4
2020-08-04 15:03:45.712,12674,12675,12675,8
2020-08-04 15:03:45.712,12674,12675,12675,1
2020-08-04 15:03:45.713,12674,12675,12675,5
2020-08-04 15:03:45.787,12675,12676,12676,1
2020-08-04 15:03:45.971,12675,12676,12676,1
2020-08-04 15:03:46.180,12675,12676,12675,2
2020-08-04 15:03:46.223,12675,12676,12674,1
2020-08-04 15:03:47.757,12675,12676,12676,5
2020-08-04 15:03:49.020,12675,12676,12676,1
2020-08-04 15:03:50.276,12675,12676,12676,1
2020-08-04 15:03:50.831,12675,12676,12676,1
2020-08-04 15:03:51.989,12676,12677,12676,4
2020-08-04 15:03:52.877,12675,12676,12676,1
2020-08-04 15:03:52.877,12675,12676,12677,3
2020-08-04 15:03:53.242,12675,12677,12676,1
2020-08-04 15:03:54.286,12676,12677,12677,4
2020-08-04 15:03:55.182,12676,12677,12677,1
2020-08-04 15:03:55.722,12676,12677,12676,1
2020-08-04 15:03:56.285,12675,12677,12675,1
2020-08-04 15:03:56.389,12675,12677,12677,2
2020-08-04 15:03:57.124,12676,12677,12677,1
2020-08-04 15:03:58.965,12676,12677,12677,1
2020-08-04 15:03:58.966,12676,12677,12677,3
2020-08-04 15:03:58.980,12676,12677,12677,1
2020-08-04 15:03:59.496,12676,12677,12676,1
2020-08-04 15:03:59.516,12676,12677,12677,5
2020-08-04 15:03:59.724,12676,12677,12677,4
2020-08-04 15:04:00.094,12677,12678,12678,1
2020-08-04 15:04:00.137,12677,12678,12678,4
2020-08-04 15:04:00.208,12677,12678,12678,1
2020-08-04 15:04:00.337,12677,12678,12677,1
2020-08-04 15:04:00.809,12677,12678,12678,8
2020-08-04 15:04:00.809,12677,12678,12678,4
2020-08-04 15:04:00.809,12677,12678,12678,7
2020-08-04 15:04:00.809,12677,12678,12678,3
2020-08-04 15:04:00.896,12677,12678,12677,1
2020-08-04 15:04:01.239,12677,12678,12678,1
2020-08-04 15:04:01.285,12677,12678,12677,1
2020-08-04 15:04:01.389,12677,12678,12677,2
2020-08-04 15:04:01.472,12677,12678,12677,1
2020-08-04 15:04:01.563,12677,12678,12678,3
2020-08-04 15:04:01.563,12677,12678,12678,3
2020-08-04 15:04:01.771,12678,12679,12679,1
2020-08-04 15:04:01.845,12678,12679,12678,1
2020-08-04 15:04:02.555,12678,12679,12678,10
2020-08-04 15:04:02.907,12678,12679,12678,1
2020-08-04 15:04:03.044,12678,12679,12679,15
2020-08-04 15:04:03.332,12678,12680,12680,30
2020-08-04 15:04:03.600,12680,12681,12680,10
2020-08-04 15:04:03.713,12680,12681,12680,1
2020-08-04 15:04:03.719,12680,12681,12680,2
2020-08-04 15:04:03.760,12680,12681,12681,1
2020-08-04 15:04:03.844,12680,12681,12681,4
2020-08-04 15:04:04.206,12679,12681,12681,2
2020-08-04 15:04:04.258,12679,12681,12681,2
2020-08-04 15:04:04.309,12679,12681,12681,4
2020-08-04 15:04:04.379,12679,12681,12679,1
2020-08-04 15:04:04.404,12679,12681,12679,3
2020-08-04 15:04:04.690,12680,12681,12681,3
2020-08-04 15:04:04.814,12680,12681,12680,1
2020-08-04 15:04:05.178,12679,12681,12681,1
2020-08-04 15:04:05.232,12679,12681,12681,5
2020-08-04 15:04:05.295,12679,12681,12681,3
2020-08-04 15:04:05.346,12679,12681,12681,3
2020-08-04 15:04:06.043,12680,12681,12681,3
2020-08-04 15:04:06.259,12680,12681,12681,3
2020-08-04 15:04:06.316,12680,12681,12681,2
2020-08-04 15:04:07.057,12680,12681,12681,2
2020-08-04 15:04:07.526,12680,12681,12680,1
2020-08-04 15:04:07.528,12680,12681,12680,1
2020-08-04 15:04:07.810,12679,12681,12681,1
2020-08-04 15:04:07.863,12679,12681,12681,1
2020-08-04 15:04:07.897,12679,12681,12679,1
2020-08-04 15:04:08.714,12678,12680,12680,1
2020-08-04 15:04:09.003,12678,12680,12681,1
2020-08-04 15:04:09.594,12680,12681,12680,1
2020-08-04 15:04:10.087,12680,12681,12681,1
2020-08-04 15:04:11.198,12680,12681,12680,2
2020-08-04 15:04:12.366,12680,12681,12681,2
2020-08-04 15:04:13.078,12680,12681,12681,1
2020-08-04 15:04:13.799,12680,12682,12680,14
2020-08-04 15:04:13.800,12680,12682,12680,4
2020-08-04 15:04:13.905,12680,12682,12680,1
2020-08-04 15:04:13.916,12679,12680,12679,1
2020-08-04 15:04:13.950,12679,12680,12680,22
2020-08-04 15:04:14.021,12679,12680,12681,1
2020-08-04 15:04:14.077,12680,12681,12681,1
2020-08-04 15:04:14.299,12680,12682,12682,1
2020-08-04 15:04:14.345,12680,12682,12682,2
2020-08-04 15:04:14.791,12681,12682,12681,4
2020-08-04 15:04:14.791,12681,12682,12680,2
2020-08-04 15:04:14.828,12681,12682,12682,1
2020-08-04 15:04:15.215,12680,12682,12682,1
2020-08-04 15:04:16.247,12680,12681,12681,1
2020-08-04 15:04:16.364,12680,12682,12682,1
2020-08-04 15:04:16.746,12681,12682,12682,1
2020-08-04 15:04:17.983,12680,12681,12681,1
2020-08-04 15:04:18.833,12680,12681,12681,1
2020-08-04 15:04:18.833,12680,12681,12682,2
2020-08-04 15:04:19.037,12680,12682,12682,1
2020-08-04 15:04:19.255,12681,12682,12682,2
2020-08-04 15:04:19.410,12681,12682,12682,2
2020-08-04 15:04:20.277,12681,12682,12681,2
2020-08-04 15:04:22.981,12680,12681,12681,1
2020-08-04 15:04:23.847,12680,12681,12680,2
2020-08-04 15:04:25.607,12680,12681,12681,1
2020-08-04 15:04:26.013,12680,12681,12680,1
2020-08-04 15:04:26.203,12680,12681,12681,1
2020-08-04 15:04:27.035,12680,12681,12681,5
2020-08-04 15:04:27.388,12680,12681,12681,3
2020-08-04 15:04:27.925,12680,12681,12681,4
2020-08-04 15:04:28.071,12681,12682,12682,1
2020-08-04 15:04:28.222,12681,12682,12682,4
2020-08-04 15:04:28.476,12681,12682,12681,2
2020-08-04 15:04:29.254,12681,12682,12681,1
2020-08-04 15:04:29.389,12681,12682,12681,3
2020-08-04 15:04:29.923,12681,12682,12682,1
2020-08-04 15:04:31.331,12681,12682,12681,1
2020-08-04 15:04:32.126,12681,12682,12681,1
2020-08-04 15:04:32.758,12681,12682,12682,1
2020-08-04 15:04:34.051,12681,12682,12681,1
2020-08-04 15:04:35.258,12681,12682,12682,1
2020-08-04 15:04:35.795,12681,12682,12682,4
2020-08-04 15:04:35.796,12681,12682,12682,4
2020-08-04 15:04:36.993,12682,12683,12682,1
2020-08-04 15:04:37.321,12682,12683,12682,3
2020-08-04 15:04:37.868,12682,12683,12682,1
2020-08-04 15:04:37.939,12682,12683,12682,1
2020-08-04 15:04:38.551,12682,12683,12682,1
2020-08-04 15:04:39.736,12682,12683,12682,2
2020-08-04 15:04:40.103,12682,12683,12682,1
2020-08-04 15:04:41.019,12682,12683,12683,1
2020-08-04 15:04:41.263,12682,12683,12682,4
2020-08-04 15:04:41.320,12682,12683,12683,1
2020-08-04 15:04:42.831,12682,12683,12682,2
2020-08-04 15:04:42.966,12682,12683,12683,1
2020-08-04 15:04:44.110,12682,12683,12683,7
2020-08-04 15:04:45.104,12682,12683,12683,1
2020-08-04 15:04:45.442,12682,12683,12682,1
2020-08-04 15:04:45.557,12682,12683,12683,1
2020-08-04 15:04:45.557,12682,12683,12683,1
2020-08-04 15:04:45.762,12682,12683,12682,1
2020-08-04 15:04:45.842,12682,12683,12683,2
2020-08-04 15:04:46.322,12682,12683,12683,1
2020-08-04 15:04:46.504,12682,12683,12683,1
2020-08-04 15:04:46.903,12682,12683,12682,4
2020-08-04 15:04:47.021,12682,12683,12683,1
2020-08-04 15:04:47.057,12682,12683,12683,1
2020-08-04 15:04:47.268,12682,12683,12683,1
2020-08-04 15:04:47.477,12683,12684,12684,1
2020-08-04 15:04:47.507,12683,12684,12683,2
2020-08-04 15:04:47.898,12683,12684,12683,1
2020-08-04 15:04:48.010,12683,12684,12683,1
2020-08-04 15:04:48.535,12682,12684,12684,1
2020-08-04 15:04:48.877,12682,12684,12682,2
2020-08-04 15:04:48.896,12682,12684,12682,1
2020-08-04 15:04:49.116,12682,12684,12682,1
2020-08-04 15:04:49.800,12683,12684,12683,1
2020-08-04 15:04:50.868,12683,12684,12684,1
2020-08-04 15:04:51.320,12683,12684,12683,1
2020-08-04 15:04:51.334,12683,12684,12683,1
2020-08-04 15:04:54.070,12682,12683,12682,1
2020-08-04 15:04:54.135,12682,12683,12682,9
2020-08-04 15:04:54.548,12681,12682,12682,1
2020-08-04 15:04:55.042,12681,12682,12682,1
2020-08-04 15:04:55.825,12681,12682,12681,1
2020-08-04 15:04:55.888,12681,12682,12682,1
2020-08-04 15:04:56.196,12681,12682,12682,2
2020-08-04 15:04:56.435,12681,12682,12682,10
2020-08-04 15:04:56.437,12681,12682,12682,9
2020-08-04 15:04:56.907,12681,12682,12682,1
2020-08-04 15:04:57.485,12681,12682,12682,3
2020-08-04 15:04:58.201,12681,12682,12681,12
2020-08-04 15:04:58.201,12681,12682,12680,34
2020-08-04 15:04:58.202,12681,12682,12680,4
2020-08-04 15:04:58.554,12680,12681,12681,1
2020-08-04 15:04:59.550,12680,12681,12680,8
2020-08-04 15:05:00.257,12679,12680,12680,2
2020-08-04 15:05:00.491,12679,12680,12680,1
2020-08-04 15:05:00.494,12679,12680,12680,1
2020-08-04 15:05:00.619,12679,12680,12679,5
2020-08-04 15:05:00.722,12679,12680,12679,1
2020-08-04 15:05:00.722,12679,12680,12678,5
2020-08-04 15:05:00.762,12679,12680,12680,1
2020-08-04 15:05:00.774,12679,12680,12680,1
2020-08-04 15:05:00.780,12679,12680,12681,1
2020-08-04 15:05:02.236,12678,12679,12679,1
2020-08-04 15:05:03.415,12678,12679,12679,2
2020-08-04 15:05:03.808,12678,12679,12678,1
2020-08-04 15:05:04.864,12678,12679,12678,1
2020-08-04 15:05:05.294,12678,12679,12678,1
2020-08-04 15:05:06.892,12678,12679,12678,1
2020-08-04 15:05:07.629,12678,12679,12678,3
2020-08-04 15:05:07.661,12678,12679,12678,3
2020-08-04 15:05:07.940,12677,12678,12678,1
2020-08-04 15:05:08.053,12677,12678,12678,1
2020-08-04 15:05:08.205,12678,12679,12678,3
2020-08-04 15:05:08.535,12678,12679,12678,1
2020-08-04 15:05:08.975,12678,12679,12678,1
2020-08-04 15:05:08.983,12678,12679,12678,1
2020-08-04 15:05:09.245,12678,12679,12678,1
2020-08-04 15:05:10.680,12679,12680,12679,1
2020-08-04 15:05:10.869,12679,12680,12680,1
2020-08-04 15:05:10.995,12679,12680,12679,4
2020-08-04 15:05:10.995,12679,12680,12678,9
2020-08-04 15:05:12.149,12678,12679,12678,1
2020-08-04 15:05:12.258,12678,12679,12678,2
2020-08-04 15:05:13.051,12678,12679,12679,1
2020-08-04 15:05:13.471,12678,12679,12678,1
2020-08-04 15:05:13.567,12678,12679,12679,1
2020-08-04 15:05:13.798,12678,12679,12678,1
2020-08-04 15:05:15.329,12677,12678,12677,4
2020-08-04 15:05:15.642,12676,12677,12677,1
2020-08-04 15:05:17.442,12676,12677,12677,1
2020-08-04 15:05:17.759,12676,12677,12677,1
2020-08-04 15:05:18.073,12676,12677,12677,1
2020-08-04 15:05:18.378,12676,12677,12677,1
2020-08-04 15:05:18.689,12676,12677,12677,1
2020-08-04 15:05:18.736,12676,12677,12676,1
2020-08-04 15:05:18.806,12676,12677,12676,1
2020-08-04 15:05:18.991,12676,12677,12677,1
2020-08-04 15:05:19.301,12676,12677,12677,1
2020-08-04 15:05:19.614,12676,12677,12677,1
2020-08-04 15:05:19.924,12676,12677,12677,1
2020-08-04 15:05:20.234,12676,12677,12677,1
2020-08-04 15:05:20.543,12676,12677,12677,1
2020-08-04 15:05:20.858,12676,12677,12677,1
2020-08-04 15:05:21.712,12676,12677,12676,5
2020-08-04 15:05:22.598,12675,12677,12677,2
2020-08-04 15:05:22.728,12676,12677,12676,7
2020-08-04 15:05:22.728,12676,12677,12675,2
2020-08-04 15:05:23.160,12676,12677,12676,1
2020-08-04 15:05:23.160,12676,12677,12675,1
2020-08-04 15:05:24.004,12675,12677,12677,1
2020-08-04 15:05:28.598,12676,12677,12676,1
2020-08-04 15:05:28.937,12676,12677,12676,1
2020-08-04 15:05:31.811,12676,12677,12676,4
2020-08-04 15:05:35.355,12675,12676,12676,2
2020-08-04 15:05:35.625,12675,12676,12676,2
2020-08-04 15:05:35.654,12675,12676,12675,1
2020-08-04 15:05:36.385,12675,12676,12675,1
2020-08-04 15:05:37.548,12675,12676,12675,21
2020-08-04 15:05:37.548,12675,12676,12675,2
2020-08-04 15:05:38.109,12674,12675,12675,1
2020-08-04 15:05:41.036,12674,12675,12675,1
2020-08-04 15:05:41.991,12674,12675,12674,5
2020-08-04 15:05:42.053,12674,12675,12674,1
2020-08-04 15:05:42.160,12674,12675,12674,3
2020-08-04 15:05:42.288,12674,12675,12674,1
2020-08-04 15:05:42.300,12674,12675,12674,2
2020-08-04 15:05:42.756,12674,12675,12674,1
2020-08-04 15:05:43.046,12674,12675,12674,1
2020-08-04 15:05:44.698,12674,12675,12674,1
2020-08-04 15:05:45.881,12674,12675,12675,2
2020-08-04 15:05:45.882,12674,12675,12675,3
2020-08-04 15:05:47.407,12674,12676,12674,1
2020-08-04 15:05:47.417,12674,12676,12674,1
2020-08-04 15:05:47.961,12675,12676,12675,1
2020-08-04 15:05:52.341,12675,12676,12675,1
2020-08-04 15:05:52.435,12675,12676,12675,2
2020-08-04 15:05:52.875,12674,12675,12675,2
2020-08-04 15:05:53.471,12674,12675,12675,1
2020-08-04 15:05:53.749,12674,12676,12675,1
2020-08-04 15:05:54.300,12674,12675,12675,1
2020-08-04 15:05:55.122,12674,12675,12675,1
2020-08-04 15:05:56.180,12674,12675,12674,1
2020-08-04 15:05:56.610,12674,12675,12674,11
2020-08-04 15:05:57.238,12674,12675,12675,1
2020-08-04 15:05:57.262,12674,12675,12675,1
2020-08-04 15:05:58.200,12674,12675,12674,1
2020-08-04 15:05:58.919,12674,12675,12674,1
2020-08-04 15:05:59.539,12674,12675,12675,1
2020-08-04 15:06:00.099,12674,12676,12676,2
2020-08-04 15:06:00.114,12674,12676,12676,1
2020-08-04 15:06:00.115,12674,12676,12676,3
2020-08-04 15:06:00.124,12674,12676,12676,2
2020-08-04 15:06:00.153,12674,12676,12676,2
2020-08-04 15:06:00.170,12675,12676,12676,6
2020-08-04 15:06:00.182,12675,12676,12677,5
2020-08-04 15:06:00.195,12675,12676,12677,2
2020-08-04 15:06:00.225,12675,12676,12677,1
2020-08-04 15:06:00.244,12675,12676,12677,7
2020-08-04 15:06:00.312,12676,12677,12677,1
2020-08-04 15:06:00.576,12676,12678,12676,10
2020-08-04 15:06:00.576,12676,12678,12675,9
2020-08-04 15:06:00.655,12676,12678,12676,1
2020-08-04 15:06:00.684,12675,12677,12677,1
2020-08-04 15:06:03.703,12675,12676,12675,5
2020-08-04 15:06:03.704,12675,12676,12675,2
2020-08-04 15:06:07.054,12674,12675,12675,1
2020-08-04 15:06:07.386,12674,12675,12675,2
2020-08-04 15:06:09.309,12674,12675,12675,1
2020-08-04 15:06:09.508,12674,12675,12675,1
2020-08-04 15:06:10.307,12675,12676,12675,1
2020-08-04 15:06:11.912,12674,12675,12675,1
2020-08-04 15:06:14.179,12674,12675,12674,2
2020-08-04 15:06:15.559,12674,12675,12674,2
2020-08-04 15:06:15.559,12674,12675,12674,16
2020-08-04 15:06:15.559,12674,12675,12674,11
2020-08-04 15:06:15.559,12674,12675,12674,6
2020-08-04 15:06:15.559,12674,12675,12674,2
2020-08-04 15:06:15.559,12674,12675,12674,3
2020-08-04 15:06:15.559,12674,12675,12674,17
2020-08-04 15:06:15.563,12674,12675,12673,10
2020-08-04 15:06:15.615,12674,12675,12672,2
2020-08-04 15:06:15.660,12674,12675,12672,1
2020-08-04 15:06:15.660,12672,12674,12672,1
2020-08-04 15:06:16.212,12673,12674,12673,3
2020-08-04 15:06:17.669,12672,12673,12673,3
2020-08-04 15:06:18.242,12673,12674,12674,1
2020-08-04 15:06:18.242,12673,12674,12675,2
2020-08-04 15:06:20.253,12673,12675,12675,5
2020-08-04 15:06:20.459,12673,12675,12673,1
2020-08-04 15:06:23.851,12672,12673,12673,3
2020-08-04 15:06:23.851,12672,12673,12674,1
2020-08-04 15:06:24.447,12673,12674,12673,1
2020-08-04 15:06:25.115,12673,12674,12673,1
2020-08-04 15:06:26.735,12673,12674,12673,1
2020-08-04 15:06:27.544,12673,12674,12673,1
2020-08-04 15:06:28.272,12672,12673,12673,1
2020-08-04 15:06:28.272,12672,12673,12674,4
2020-08-04 15:06:30.179,12673,12674,12673,1
2020-08-04 15:06:31.927,12673,12674,12673,1
2020-08-04 15:06:32.377,12672,12674,12673,1
2020-08-04 15:06:33.207,12673,12674,12674,1
2020-08-04 15:06:35.251,12673,12674,12674,3
2020-08-04 15:06:35.439,12673,12674,12673,1
2020-08-04 15:06:35.567,12673,12674,12674,2
2020-08-04 15:06:35.760,12673,12674,12674,3
2020-08-04 15:06:35.776,12673,12674,12674,6
2020-08-04 15:06:37.397,12674,12675,12675,1
2020-08-04 15:06:38.160,12674,12675,12674,1
2020-08-04 15:06:38.193,12674,12675,12675,1
2020-08-04 15:06:39.565,12674,12675,12674,1
2020-08-04 15:06:39.981,12674,12675,12675,2
2020-08-04 15:06:40.394,12674,12675,12674,1
2020-08-04 15:06:41.059,12674,12675,12674,1
2020-08-04 15:06:44.764,12673,12675,12674,1
2020-08-04 15:06:44.912,12673,12675,12673,1
2020-08-04 15:06:45.963,12673,12675,12675,1
2020-08-04 15:06:47.713,12673,12675,12675,1
2020-08-04 15:06:47.868,12673,12675,12673,1
2020-08-04 15:06:50.314,12673,12674,12674,2
2020-08-04 15:06:52.265,12673,12674,12674,2
2020-08-04 15:06:54.932,12673,12674,12673,1
2020-08-04 15:06:55.138,12673,12674,12674,3
2020-08-04 15:06:57.445,12673,12674,12673,1
2020-08-04 15:06:58.015,12673,12674,12674,1
2020-08-04 15:06:58.026,12673,12674,12674,3
2020-08-04 15:06:59.309,12673,12674,12674,1
2020-08-04 15:07:00.729,12673,12674,12674,2
2020-08-04 15:07:00.729,12673,12674,12675,1
2020-08-04 15:07:01.351,12673,12674,12674,1
2020-08-04 15:07:03.572,12673,12674,12674,1
2020-08-04 15:07:03.574,12673,12674,12674,1
2020-08-04 15:07:03.881,12673,12674,12673,1
2020-08-04 15:07:04.165,12673,12674,12674,3
2020-08-04 15:07:05.864,12673,12674,12674,3
2020-08-04 15:07:05.864,12673,12674,12674,2
2020-08-04 15:07:05.911,12674,12675,12674,2
2020-08-04 15:07:06.367,12674,12675,12674,1
2020-08-04 15:07:07.046,12674,12675,12675,2
2020-08-04 15:07:08.341,12674,12675,12674,7
2020-08-04 15:07:08.617,12673,12675,12675,3
2020-08-04 15:07:10.432,12673,12674,12674,3
2020-08-04 15:07:10.433,12673,12674,12674,2
2020-08-04 15:07:12.184,12673,12674,12674,2
2020-08-04 15:07:17.045,12673,12674,12673,1
2020-08-04 15:07:19.020,12673,12674,12673,4
2020-08-04 15:07:20.565,12672,12673,12673,1
2020-08-04 15:07:22.897,12672,12673,12673,1
2020-08-04 15:07:24.834,12672,12673,12673,2
2020-08-04 15:07:25.723,12673,12674,12674,5
2020-08-04 15:07:25.775,12673,12674,12673,1
2020-08-04 15:07:25.929,12673,12674,12673,3
2020-08-04 15:07:31.290,12672,12673,12673,1
2020-08-04 15:07:31.698,12672,12673,12672,1
2020-08-04 15:07:31.853,12672,12673,12673,1
2020-08-04 15:07:32.835,12672,12673,12672,1
2020-08-04 15:07:33.906,12672,12673,12672,1
2020-08-04 15:07:34.571,12672,12673,12673,1
2020-08-04 15:07:36.282,12672,12673,12672,5
2020-08-04 15:07:37.293,12672,12673,12672,1
2020-08-04 15:07:39.797,12672,12673,12672,5
2020-08-04 15:07:44.551,12672,12673,12672,1
2020-08-04 15:07:45.027,12672,12673,12672,1
2020-08-04 15:07:45.602,12672,12673,12672,1
2020-08-04 15:07:45.969,12672,12673,12673,2
2020-08-04 15:07:45.969,12672,12673,12673,1
2020-08-04 15:07:45.969,12672,12673,12673,24
2020-08-04 15:07:45.981,12672,12673,12674,5
2020-08-04 15:07:46.064,12673,12675,12673,1
2020-08-04 15:07:48.192,12673,12674,12673,1
2020-08-04 15:07:52.389,12671,12672,12672,1
2020-08-04 15:07:52.389,12671,12672,12672,1
2020-08-04 15:07:52.409,12671,12672,12672,1
2020-08-04 15:07:54.084,12672,12673,12672,1
2020-08-04 15:07:54.728,12671,12672,12671,1
2020-08-04 15:07:54.813,12671,12672,12671,2
2020-08-04 15:07:55.336,12671,12672,12671,1
2020-08-04 15:07:55.449,12671,12672,12671,2
2020-08-04 15:07:55.530,12671,12672,12672,3
2020-08-04 15:07:55.617,12671,12672,12671,4
2020-08-04 15:07:56.042,12671,12672,12671,4
2020-08-04 15:07:56.042,12671,12672,12671,9
2020-08-04 15:07:57.130,12670,12671,12670,1
2020-08-04 15:07:57.207,12670,12671,12670,4
2020-08-04 15:07:57.209,12670,12671,12670,2
2020-08-04 15:07:57.269,12670,12671,12670,10
2020-08-04 15:07:57.269,12670,12671,12670,2
2020-08-04 15:07:57.269,12670,12671,12670,8
2020-08-04 15:07:57.270,12670,12671,12670,4
2020-08-04 15:07:57.270,12670,12671,12670,4
2020-08-04 15:07:57.666,12669,12671,12669,2
2020-08-04 15:07:58.049,12669,12671,12669,10
2020-08-04 15:07:58.127,12669,12671,12668,8
2020-08-04 15:07:59.346,12668,12669,12668,2
2020-08-04 15:07:59.355,12668,12669,12668,1
2020-08-04 15:07:59.372,12668,12669,12668,2
2020-08-04 15:07:59.392,12668,12669,12668,2
2020-08-04 15:07:59.398,12668,12669,12668,1
2020-08-04 15:07:59.403,12668,12669,12668,2
2020-08-04 15:07:59.429,12668,12669,12668,1
2020-08-04 15:07:59.444,12668,12669,12668,1
2020-08-04 15:07:59.456,12668,12669,12667,1
2020-08-04 15:07:59.459,12668,12669,12667,2
2020-08-04 15:07:59.484,12668,12669,12667,1
2020-08-04 15:07:59.531,12668,12669,12667,3
2020-08-04 15:07:59.600,12667,12668,12668,1
2020-08-04 15:07:59.621,12667,12668,12668,1
2020-08-04 15:07:59.661,12667,12668,12668,1
2020-08-04 15:08:00.647,12668,12669,12668,1
2020-08-04 15:08:00.843,12668,12669,12668,1
2020-08-04 15:08:00.953,12668,12669,12668,1
2020-08-04 15:08:01.360,12668,12669,12668,1
2020-08-04 15:08:01.372,12668,12669,12668,1
2020-08-04 15:08:02.640,12667,12668,12668,1
2020-08-04 15:08:03.196,12667,12668,12668,2
2020-08-04 15:08:03.233,12667,12668,12669,1
2020-08-04 15:08:04.327,12670,12671,12670,1
2020-08-04 15:08:04.361,12670,12671,12670,1
2020-08-04 15:08:04.393,12670,12671,12670,1
2020-08-04 15:08:04.393,12670,12671,12670,1
2020-08-04 15:08:04.411,12670,12671,12670,1
2020-08-04 15:08:04.902,12670,12671,12670,1
2020-08-04 15:08:05.238,12670,12671,12670,1
2020-08-04 15:08:05.585,12670,12671,12670,5
2020-08-04 15:08:05.826,12670,12671,12671,3
2020-08-04 15:08:06.557,12670,12672,12671,1
2020-08-04 15:08:06.564,12670,12672,12671,1
2020-08-04 15:08:06.656,12670,12672,12670,1
2020-08-04 15:08:06.701,12669,12671,12669,1
2020-08-04 15:08:09.242,12669,12670,12670,2
2020-08-04 15:08:09.318,12670,12671,12670,1
2020-08-04 15:08:09.764,12670,12671,12670,1
2020-08-04 15:08:09.789,12670,12671,12670,1
2020-08-04 15:08:11.592,12669,12670,12669,1
2020-08-04 15:08:12.157,12669,12670,12670,1
2020-08-04 15:08:13.012,12669,12670,12669,1
2020-08-04 15:08:14.355,12669,12670,12669,1
2020-08-04 15:08:15.995,12669,12670,12669,1
2020-08-04 15:08:17.731,12669,12670,12669,1
2020-08-04 15:08:18.821,12669,12670,12670,1
2020-08-04 15:08:19.344,12669,12670,12669,1
2020-08-04 15:08:21.581,12669,12670,12670,1
2020-08-04 15:08:24.202,12669,12670,12669,1
2020-08-04 15:08:25.282,12669,12670,12669,1
2020-08-04 15:08:26.048,12668,12669,12669,1
2020-08-04 15:08:26.740,12668,12669,12669,1
2020-08-04 15:08:26.741,12668,12669,12669,1
2020-08-04 15:08:29.254,12668,12670,12670,1
2020-08-04 15:08:29.406,12669,12670,12669,1
2020-08-04 15:08:30.513,12669,12670,12669,1
2020-08-04 15:08:30.775,12669,12670,12669,1
2020-08-04 15:08:32.723,12669,12670,12669,3
2020-08-04 15:08:33.926,12669,12670,12669,1
2020-08-04 15:08:34.066,12669,12670,12669,1
2020-08-04 15:08:34.666,12669,12670,12669,1
2020-08-04 15:08:35.006,12669,12670,12670,2
2020-08-04 15:08:37.411,12669,12670,12669,1
2020-08-04 15:08:39.307,12669,12670,12669,1
2020-08-04 15:08:39.371,12669,12670,12670,8
2020-08-04 15:08:40.643,12670,12671,12671,1
2020-08-04 15:08:43.289,12671,12672,12671,1
2020-08-04 15:08:44.022,12671,12672,12671,1
2020-08-04 15:08:46.451,12671,12672,12671,2
2020-08-04 15:08:48.426,12670,12671,12671,1
2020-08-04 15:08:49.161,12670,12672,12672,1
2020-08-04 15:08:50.737,12670,12672,12672,3
2020-08-04 15:08:55.734,12670,12672,12672,3
2020-08-04 15:08:58.545,12671,12672,12672,2
2020-08-04 15:08:58.996,12671,12673,12671,1
2020-08-04 15:09:01.215,12672,12673,12673,4
2020-08-04 15:09:02.862,12673,12674,12674,2
2020-08-04 15:09:02.862,12673,12674,12675,1
2020-08-04 15:09:02.893,12673,12674,12675,3
2020-08-04 15:09:03.894,12674,12675,12674,1
2020-08-04 15:09:03.895,12674,12675,12674,2
2020-08-04 15:09:04.109,12673,12675,12675,1
2020-08-04 15:09:05.866,12673,12674,12673,3
2020-08-04 15:09:06.852,12672,12673,12673,1
2020-08-04 15:09:10.811,12673,12674,12673,1
2020-08-04 15:09:16.021,12672,12673,12672,2
2020-08-04 15:09:20.882,12672,12673,12673,1
2020-08-04 15:09:23.588,12672,12673,12673,1
2020-08-04 15:09:24.505,12672,12673,12673,1
2020-08-04 15:09:26.279,12672,12673,12673,4
2020-08-04 15:09:26.279,12672,12673,12674,1
2020-08-04 15:09:26.617,12673,12674,12673,1
2020-08-04 15:09:28.819,12673,12674,12673,1
2020-08-04 15:09:29.732,12673,12674,12673,1
2020-08-04 15:09:31.341,12673,12674,12674,1
2020-08-04 15:09:33.075,12673,12674,12673,1
2020-08-04 15:09:37.542,12673,12674,12673,3
2020-08-04 15:09:40.604,12673,12674,12674,2
2020-08-04 15:09:42.289,12673,12675,12674,1
2020-08-04 15:09:43.180,12674,12675,12674,1
2020-08-04 15:09:44.766,12674,12675,12673,1
2020-08-04 15:09:49.365,12673,12675,12675,1
2020-08-04 15:09:50.931,12673,12675,12673,1
2020-08-04 15:09:54.486,12673,12674,12674,1
2020-08-04 15:10:00.232,12673,12674,12674,1
2020-08-04 15:10:00.816,12673,12674,12674,1
2020-08-04 15:10:02.204,12673,12674,12673,1
2020-08-04 15:10:02.536,12673,12674,12674,3
2020-08-04 15:10:02.574,12673,12674,12674,3
2020-08-04 15:10:02.923,12673,12674,12674,1
2020-08-04 15:10:03.289,12673,12675,12675,1
2020-08-04 15:10:06.339,12674,12675,12675,1
2020-08-04 15:10:08.048,12674,12675,12675,1
2020-08-04 15:10:11.007,12674,12675,12675,1
2020-08-04 15:10:11.587,12674,12675,12674,1
2020-08-04 15:10:12.751,12674,12675,12674,3
2020-08-04 15:10:13.822,12674,12675,12675,1
2020-08-04 15:10:19.912,12674,12675,12675,1
2020-08-04 15:10:19.942,12674,12675,12675,8
2020-08-04 15:10:19.943,12674,12675,12675,10
2020-08-04 15:10:20.333,12674,12676,12675,1
2020-08-04 15:10:21.184,12675,12676,12675,1
2020-08-04 15:10:21.186,12675,12676,12676,2
2020-08-04 15:10:25.133,12675,12676,12675,1
2020-08-04 15:10:28.486,12674,12675,12675,1
2020-08-04 15:10:30.713,12674,12675,12675,1
2020-08-04 15:10:31.812,12674,12675,12675,1
2020-08-04 15:10:32.842,12674,12676,12676,2
2020-08-04 15:10:35.406,12674,12675,12675,1
2020-08-04 15:10:35.609,12674,12675,12675,1
2020-08-04 15:10:36.451,12674,12675,12675,17
2020-08-04 15:10:38.151,12675,12676,12676,12
2020-08-04 15:10:40.961,12675,12676,12676,4
2020-08-04 15:10:42.163,12675,12676,12676,1
2020-08-04 15:10:42.233,12675,12676,12676,1
2020-08-04 15:10:44.225,12675,12676,12676,1
2020-08-04 15:10:45.573,12675,12676,12676,1
2020-08-04 15:10:46.747,12675,12676,12676,2
2020-08-04 15:10:47.452,12675,12676,12676,3
2020-08-04 15:10:50.404,12675,12676,12676,1
2020-08-04 15:10:51.109,12675,12676,12676,2
2020-08-04 15:10:56.356,12676,12677,12677,1
2020-08-04 15:10:56.436,12676,12677,12677,14
2020-08-04 15:10:56.436,12676,12677,12678,9
2020-08-04 15:10:57.466,12676,12677,12677,1
2020-08-04 15:10:57.865,12677,12678,12678,1
2020-08-04 15:10:57.913,12677,12678,12678,1
2020-08-04 15:10:58.739,12677,12678,12677,1
2020-08-04 15:11:00.109,12677,12678,12677,1
2020-08-04 15:11:00.635,12676,12678,12678,1
2020-08-04 15:11:00.872,12676,12678,12678,1
2020-08-04 15:11:02.643,12676,12678,12676,5
2020-08-04 15:11:03.374,12676,12678,12678,1
2020-08-04 15:11:07.718,12677,12678,12677,1
2020-08-04 15:11:07.902,12676,12677,12677,1
2020-08-04 15:11:08.813,12676,12677,12677,1
2020-08-04 15:11:09.435,12676,12677,12677,1
2020-08-04 15:11:11.909,12676,12677,12676,8
2020-08-04 15:11:12.842,12675,12676,12676,1
2020-08-04 15:11:12.896,12675,12676,12676,1
2020-08-04 15:11:14.118,12675,12676,12675,2
2020-08-04 15:11:15.755,12675,12676,12676,1
2020-08-04 15:11:17.981,12675,12676,12675,6
2020-08-04 15:11:18.146,12674,12675,12675,3
2020-08-04 15:11:18.904,12674,12675,12675,1
2020-08-04 15:11:19.206,12674,12676,12676,1
2020-08-04 15:11:21.094,12675,12676,12675,1
2020-08-04 15:11:21.094,12675,12676,12674,4
2020-08-04 15:11:22.480,12675,12676,12675,1
2020-08-04 15:11:22.480,12675,12676,12675,1
2020-08-04 15:11:24.165,12674,12675,12675,1
2020-08-04 15:11:26.618,12675,12676,12675,1
2020-08-04 15:11:27.398,12674,12675,12675,1
2020-08-04 15:11:32.536,12675,12676,12676,1
2020-08-04 15:11:34.147,12675,12676,12675,1
2020-08-04 15:11:34.147,12675,12676,12675,1
2020-08-04 15:11:34.147,12675,12676,12675,2
2020-08-04 15:11:36.849,12674,12675,12675,1
2020-08-04 15:11:37.835,12674,12675,12674,3
2020-08-04 15:11:38.306,12674,12675,12674,1
2020-08-04 15:11:39.180,12673,12674,12674,1
2020-08-04 15:11:39.382,12673,12674,12674,2
2020-08-04 15:11:39.382,12673,12674,12675,2
2020-08-04 15:11:39.518,12674,12675,12674,1
2020-08-04 15:11:51.267,12674,12675,12674,1
2020-08-04 15:11:57.798,12674,12675,12675,1
2020-08-04 15:12:00.394,12674,12675,12674,3
2020-08-04 15:12:00.394,12674,12675,12674,1
2020-08-04 15:12:00.453,12673,12675,12674,1
2020-08-04 15:12:00.527,12673,12675,12674,1
2020-08-04 15:12:00.624,12674,12675,12675,1
2020-08-04 15:12:00.695,12674,12675,12675,2
2020-08-04 15:12:00.741,12674,12675,12675,2
2020-08-04 15:12:00.876,12674,12675,12674,15
2020-08-04 15:12:01.348,12674,12675,12675,1
2020-08-04 15:12:01.862,12674,12675,12674,2
2020-08-04 15:12:02.271,12674,12675,12674,2
2020-08-04 15:12:02.655,12674,12675,12674,1
2020-08-04 15:12:03.775,12674,12675,12674,1
2020-08-04 15:12:03.894,12674,12675,12674,1
2020-08-04 15:12:03.959,12674,12675,12674,1
2020-08-04 15:12:07.193,12674,12675,12675,2
2020-08-04 15:12:07.831,12674,12675,12675,3
2020-08-04 15:12:07.881,12674,12675,12674,4
2020-08-04 15:12:08.314,12674,12675,12675,1
2020-08-04 15:12:10.890,12674,12675,12674,10
2020-08-04 15:12:10.890,12674,12675,12673,13
2020-08-04 15:12:13.647,12673,12674,12673,1
2020-08-04 15:12:13.722,12673,12674,12673,1
2020-08-04 15:12:13.905,12673,12674,12673,9
2020-08-04 15:12:14.090,12672,12674,12672,1
2020-08-04 15:12:15.853,12672,12673,12672,3
2020-08-04 15:12:16.293,12672,12673,12672,4
2020-08-04 15:12:17.603,12671,12672,12672,1
2020-08-04 15:12:19.133,12671,12672,12672,1
2020-08-04 15:12:19.134,12671,12672,12671,4
2020-08-04 15:12:20.704,12671,12672,12671,2
2020-08-04 15:12:22.401,12671,12672,12671,1
2020-08-04 15:12:22.402,12671,12672,12671,20
2020-08-04 15:12:22.521,12670,12671,12670,2
2020-08-04 15:12:23.640,12670,12671,12671,1
2020-08-04 15:12:24.142,12670,12671,12671,1
2020-08-04 15:12:24.952,12670,12671,12671,1
2020-08-04 15:12:25.345,12670,12671,12670,10
2020-08-04 15:12:25.413,12670,12671,12670,1
2020-08-04 15:12:26.514,12670,12671,12670,1
2020-08-04 15:12:26.592,12670,12671,12670,2
2020-08-04 15:12:30.027,12670,12671,12670,1
2020-08-04 15:12:30.092,12670,12671,12671,3
2020-08-04 15:12:30.092,12670,12671,12671,1
2020-08-04 15:12:30.092,12670,12671,12671,5
2020-08-04 15:12:30.449,12671,12672,12671,1
2020-08-04 15:12:31.484,12670,12672,12671,1
2020-08-04 15:12:32.091,12671,12672,12671,1
2020-08-04 15:12:32.327,12671,12672,12671,1
2020-08-04 15:12:37.018,12670,12671,12670,1
2020-08-04 15:12:41.413,12670,12671,12671,1
2020-08-04 15:12:52.289,12670,12671,12671,1
2020-08-04 15:12:58.286,12670,12671,12671,1
2020-08-04 15:12:58.286,12670,12671,12671,1
2020-08-04 15:12:58.286,12670,12671,12671,4
2020-08-04 15:12:58.287,12670,12671,12671,6
2020-08-04 15:13:02.143,12671,12672,12671,1
2020-08-04 15:13:02.767,12670,12671,12671,3
2020-08-04 15:13:02.767,12670,12671,12672,1
2020-08-04 15:13:02.962,12670,12672,12671,1
2020-08-04 15:13:03.818,12671,12672,12671,1
2020-08-04 15:13:14.987,12670,12671,12671,1
2020-08-04 15:13:16.717,12670,12671,12670,2
2020-08-04 15:13:24.260,12670,12671,12671,1
2020-08-04 15:13:26.088,12670,12671,12670,1
2020-08-04 15:13:28.722,12670,12671,12671,1
2020-08-04 15:13:29.132,12670,12671,12671,4
2020-08-04 15:13:30.154,12671,12672,12671,1
2020-08-04 15:13:34.211,12670,12671,12671,1
2020-08-04 15:13:36.923,12671,12672,12671,2
2020-08-04 15:13:44.251,12671,12672,12672,3
2020-08-04 15:13:46.976,12671,12672,12672,3
2020-08-04 15:13:47.740,12671,12672,12672,5
2020-08-04 15:13:48.414,12672,12673,12672,1
2020-08-04 15:13:52.931,12672,12673,12673,1
2020-08-04 15:13:54.376,12672,12673,12672,1
2020-08-04 15:14:00.270,12672,12673,12673,1
2020-08-04 15:14:00.680,12672,12674,12674,2
2020-08-04 15:14:02.405,12672,12674,12672,1
2020-08-04 15:14:02.422,12672,12673,12673,2
2020-08-04 15:14:02.425,12672,12673,12673,1
2020-08-04 15:14:02.426,12672,12673,12674,1
2020-08-04 15:14:02.428,12672,12673,12674,1
2020-08-04 15:14:02.540,12672,12674,12674,1
2020-08-04 15:14:02.540,12672,12674,12674,1
2020-08-04 15:14:02.540,12672,12674,12674,1
2020-08-04 15:14:02.541,12672,12674,12674,1
2020-08-04 15:14:02.541,12672,12674,12674,1
2020-08-04 15:14:02.541,12672,12674,12674,1
2020-08-04 15:14:03.714,12673,12674,12673,1
2020-08-04 15:14:09.312,12673,12675,12673,3
2020-08-04 15:14:12.911,12673,12674,12673,1
2020-08-04 15:14:13.025,12673,12674,12673,1
2020-08-04 15:14:14.401,12673,12674,12673,2
2020-08-04 15:14:18.649,12673,12674,12673,1
2020-08-04 15:14:19.785,12673,12674,12673,8
2020-08-04 15:14:21.029,12673,12674,12673,1
2020-08-04 15:14:28.087,12672,12673,12672,1
2020-08-04 15:14:30.466,12672,12673,12673,9
2020-08-04 15:14:31.708,12672,12674,12672,5
2020-08-04 15:14:38.397,12672,12673,12672,1
2020-08-04 15:14:38.397,12672,12673,12672,1
2020-08-04 15:14:40.704,12671,12673,12671,18
2020-08-04 15:14:47.836,12671,12672,12671,1
2020-08-04 15:14:52.036,12671,12672,12671,1
2020-08-04 15:14:53.872,12671,12672,12671,2
2020-08-04 15:14:53.873,12671,12672,12671,1
2020-08-04 15:15:00.278,12670,12672,12670,1
2020-08-04 15:15:00.528,12670,12672,12672,1
2020-08-04 15:15:00.540,12670,12672,12670,1
2020-08-04 15:15:00.540,12670,12672,12670,1
2020-08-04 15:15:00.540,12670,12672,12670,1
2020-08-04 15:15:00.541,12670,12672,12670,1
2020-08-04 15:15:00.541,12670,12672,12670,1
2020-08-04 15:15:00.542,12670,12672,12670,1
2020-08-04 15:15:00.542,12670,12672,12670,1
2020-08-04 15:15:00.545,12670,12672,12670,1
2020-08-04 15:15:00.547,12670,12672,12670,1
2020-08-04 15:15:00.548,12670,12672,12670,1
2020-08-04 15:15:01.204,12670,12672,12670,2
2020-08-04 15:15:02.816,12670,12672,12672,1
2020-08-04 15:15:02.817,12670,12672,12672,1
2020-08-04 15:15:04.335,12671,12672,12672,1
2020-08-04 15:15:05.777,12671,12673,12671,1
2020-08-04 15:15:06.838,12671,12673,12673,5
2020-08-04 15:15:07.792,12672,12673,12672,1
2020-08-04 15:15:08.800,12672,12673,12672,1
2020-08-04 15:15:22.263,12670,12671,12671,1
2020-08-04 15:15:22.487,12670,12672,12670,1
2020-08-04 15:15:23.706,12671,12672,12671,1
2020-08-04 15:15:28.110,12671,12672,12671,1
2020-08-04 15:15:31.642,12671,12672,12671,1
2020-08-04 15:15:34.611,12671,12672,12671,1
2020-08-04 15:16:02.062,12671,12672,12671,1
2020-08-04 15:16:05.309,12671,12672,12671,1
2020-08-04 15:16:05.626,12671,12672,12671,1
2020-08-04 15:16:06.617,12671,12672,12672,1
2020-08-04 15:16:08.396,12671,12672,12672,1
2020-08-04 15:16:08.411,12671,12672,12672,1
2020-08-04 15:16:14.018,12672,12673,12673,1
2020-08-04 15:16:14.051,12672,12673,12672,1
2020-08-04 15:16:14.051,12672,12673,12672,1
2020-08-04 15:16:20.375,12671,12672,12672,4
2020-08-04 15:16:20.472,12671,12672,12672,2
2020-08-04 15:16:21.059,12671,12672,12672,1
2020-08-04 15:16:22.138,12671,12672,12672,1
2020-08-04 15:16:22.390,12671,12672,12671,1
2020-08-04 15:16:22.412,12671,12672,12671,1
2020-08-04 15:16:22.493,12671,12672,12671,1
2020-08-04 15:16:22.499,12671,12672,12671,2
2020-08-04 15:16:22.499,12671,12672,12671,1
2020-08-04 15:16:22.659,12670,12671,12670,2
2020-08-04 15:16:22.866,12670,12672,12670,3
2020-08-04 15:16:22.974,12670,12671,12671,1
2020-08-04 15:16:24.941,12670,12671,12670,5
2020-08-04 15:16:24.941,12670,12671,12670,4
2020-08-04 15:16:24.942,12670,12671,12670,3
2020-08-04 15:16:24.942,12670,12671,12670,2
2020-08-04 15:16:26.036,12669,12671,12669,1
2020-08-04 15:16:26.190,12669,12671,12669,1
2020-08-04 15:16:26.464,12669,12671,12669,1
2020-08-04 15:16:26.530,12669,12671,12669,1
2020-08-04 15:16:26.939,12669,12670,12670,1
2020-08-04 15:16:29.540,12669,12670,12670,1
2020-08-04 15:16:30.063,12670,12671,12670,1
2020-08-04 15:16:34.219,12669,12670,12670,1
2020-08-04 15:16:34.927,12669,12670,12670,1
2020-08-04 15:16:40.152,12670,12671,12670,1
2020-08-04 15:16:42.245,12669,12670,12670,1
2020-08-04 15:16:45.015,12669,12670,12670,1
2020-08-04 15:16:45.015,12669,12670,12670,2
2020-08-04 15:16:45.762,12670,12671,12671,1
2020-08-04 15:16:54.789,12670,12671,12671,2
2020-08-04 15:16:56.579,12671,12672,12672,2
2020-08-04 15:16:56.579,12671,12672,12672,1
2020-08-04 15:17:00.356,12671,12672,12671,1
2020-08-04 15:17:02.288,12670,12672,12670,2
2020-08-04 15:17:12.762,12670,12672,12670,2
2020-08-04 15:17:25.834,12671,12672,12671,1
2020-08-04 15:17:26.084,12671,12672,12672,1
2020-08-04 15:17:26.354,12671,12672,12672,2
2020-08-04 15:17:34.643,12671,12672,12671,1
2020-08-04 15:17:35.763,12670,12671,12671,1
2020-08-04 15:17:37.435,12671,12672,12672,1
2020-08-04 15:17:41.074,12671,12672,12671,3
2020-08-04 15:17:48.776,12671,12672,12671,1
2020-08-04 15:17:50.014,12670,12671,12671,1
2020-08-04 15:17:57.337,12671,12672,12671,4
2020-08-04 15:18:00.535,12670,12671,12671,1
2020-08-04 15:18:03.106,12670,12672,12670,1
2020-08-04 15:18:03.580,12671,12672,12672,1
2020-08-04 15:18:18.412,12671,12672,12671,1
2020-08-04 15:18:25.205,12671,12672,12672,8
2020-08-04 15:18:25.205,12671,12672,12672,1
2020-08-04 15:18:26.046,12672,12673,12672,1
2020-08-04 15:18:26.440,12672,12673,12672,1
2020-08-04 15:18:26.769,12672,12673,12672,1
2020-08-04 15:18:28.545,12672,12673,12672,2
2020-08-04 15:18:31.696,12672,12673,12673,2
2020-08-04 15:18:31.696,12672,12673,12673,2
2020-08-04 15:18:51.514,12673,12674,12673,4
2020-08-04 15:18:51.514,12673,12674,12673,5
2020-08-04 15:18:54.620,12672,12673,12672,2
2020-08-04 15:18:54.620,12672,12673,12672,1
2020-08-04 15:19:00.164,12671,12672,12672,3
2020-08-04 15:19:00.409,12671,12672,12672,2
2020-08-04 15:19:00.519,12672,12673,12672,2
2020-08-04 15:19:13.977,12672,12673,12672,2
2020-08-04 15:19:14.269,12672,12673,12672,1
2020-08-04 15:19:14.535,12671,12672,12672,1
2020-08-04 15:19:16.133,12671,12672,12672,1
2020-08-04 15:19:16.517,12672,12673,12672,1
2020-08-04 15:19:18.032,12671,12672,12672,1
2020-08-04 15:19:21.725,12672,12673,12672,1
2020-08-04 15:19:23.773,12672,12673,12672,1
2020-08-04 15:19:36.394,12672,12673,12672,1
2020-08-04 15:19:38.256,12671,12672,12672,1
2020-08-04 15:19:38.256,12671,12672,12672,1
2020-08-04 15:19:39.629,12672,12673,12672,1
2020-08-04 15:19:50.051,12672,12673,12672,2
2020-08-04 15:20:02.257,12672,12673,12672,3
2020-08-04 15:20:02.530,12672,12673,12673,1
2020-08-04 15:20:03.162,12672,12673,12673,3
2020-08-04 15:20:03.163,12672,12673,12673,3
2020-08-04 15:20:04.503,12672,12673,12673,1
2020-08-04 15:20:04.766,12673,12674,12673,2
2020-08-04 15:20:33.738,12672,12673,12673,1
2020-08-04 15:20:33.739,12672,12673,12673,4
2020-08-04 15:20:33.739,12672,12673,12673,1
2020-08-04 15:20:50.211,12673,12674,12674,4
2020-08-04 15:20:55.260,12673,12674,12674,1
2020-08-04 15:20:57.949,12673,12674,12674,1
2020-08-04 15:20:58.947,12673,12674,12673,1
2020-08-04 15:21:02.160,12672,12673,12672,1
2020-08-04 15:21:03.892,12672,12673,12673,1
2020-08-04 15:21:07.078,12672,12673,12673,1
2020-08-04 15:21:07.279,12672,12673,12672,1
2020-08-04 15:21:07.281,12672,12673,12672,6
2020-08-04 15:21:08.801,12671,12672,12672,5
2020-08-04 15:21:10.079,12671,12672,12672,1
2020-08-04 15:21:11.411,12671,12672,12671,1
2020-08-04 15:21:12.776,12671,12672,12671,10
2020-08-04 15:21:12.776,12671,12672,12671,6
2020-08-04 15:21:13.117,12670,12671,12671,1
2020-08-04 15:21:16.006,12670,12671,12670,5
2020-08-04 15:21:16.065,12670,12671,12670,1
2020-08-04 15:21:17.071,12670,12671,12671,3
2020-08-04 15:21:17.463,12670,12671,12670,6
2020-08-04 15:21:17.465,12670,12671,12670,8
2020-08-04 15:21:18.856,12669,12670,12669,1
2020-08-04 15:21:18.957,12669,12670,12670,2
2020-08-04 15:21:19.178,12669,12670,12669,1
2020-08-04 15:21:19.212,12669,12670,12669,1
2020-08-04 15:21:19.333,12669,12670,12669,3
2020-08-04 15:21:19.919,12669,12670,12669,1
2020-08-04 15:21:19.921,12669,12670,12669,1
2020-08-04 15:21:19.932,12669,12670,12669,1
2020-08-04 15:21:20.148,12669,12670,12669,1
2020-08-04 15:21:20.217,12669,12670,12669,1
2020-08-04 15:21:20.222,12669,12670,12669,1
2020-08-04 15:21:21.800,12669,12670,12669,3
2020-08-04 15:21:23.196,12669,12670,12669,1
2020-08-04 15:21:24.277,12669,12670,12669,1
2020-08-04 15:21:25.257,12669,12670,12670,1
2020-08-04 15:21:25.507,12669,12670,12669,1
2020-08-04 15:21:26.933,12669,12670,12669,1
2020-08-04 15:21:27.511,12669,12670,12669,1
2020-08-04 15:21:31.210,12669,12670,12669,1
2020-08-04 15:21:31.635,12668,12670,12669,1
2020-08-04 15:21:36.375,12669,12670,12669,1
2020-08-04 15:21:38.748,12668,12669,12668,1
2020-08-04 15:21:38.749,12668,12669,12668,11
2020-08-04 15:21:38.749,12668,12669,12668,4
2020-08-04 15:21:38.749,12668,12669,12668,10
2020-08-04 15:21:38.749,12668,12669,12668,7
2020-08-04 15:21:39.922,12667,12668,12667,1
2020-08-04 15:21:41.961,12667,12668,12668,1
2020-08-04 15:21:42.919,12667,12668,12668,2
2020-08-04 15:21:43.017,12667,12668,12667,2
2020-08-04 15:21:43.179,12667,12669,12667,4
2020-08-04 15:21:45.218,12667,12668,12668,1
2020-08-04 15:21:49.233,12667,12668,12667,1
2020-08-04 15:21:55.228,12667,12668,12667,1
2020-08-04 15:21:58.447,12666,12667,12666,2
2020-08-04 15:21:58.585,12666,12667,12666,4
2020-08-04 15:21:58.842,12666,12667,12666,2
2020-08-04 15:21:58.982,12666,12667,12667,1
2020-08-04 15:21:59.194,12666,12667,12666,2
2020-08-04 15:22:00.127,12666,12667,12666,1
2020-08-04 15:22:00.907,12666,12667,12666,4
2020-08-04 15:22:00.909,12666,12667,12666,17
2020-08-04 15:22:01.359,12665,12666,12666,2
2020-08-04 15:22:02.367,12665,12666,12665,5
2020-08-04 15:22:02.471,12665,12666,12665,1
2020-08-04 15:22:02.553,12665,12666,12665,1
2020-08-04 15:22:02.627,12665,12666,12665,12
2020-08-04 15:22:02.693,12665,12666,12665,1
2020-08-04 15:22:03.489,12665,12666,12665,10
2020-08-04 15:22:04.268,12665,12666,12665,1
2020-08-04 15:22:04.607,12665,12666,12666,1
2020-08-04 15:22:04.679,12665,12666,12666,1
2020-08-04 15:22:04.878,12665,12666,12665,1
2020-08-04 15:22:05.423,12665,12666,12665,1
2020-08-04 15:22:05.968,12665,12666,12665,10
2020-08-04 15:22:05.970,12665,12666,12665,1
2020-08-04 15:22:06.164,12664,12666,12666,2
2020-08-04 15:22:06.696,12664,12665,12665,1
2020-08-04 15:22:08.450,12665,12666,12665,1
2020-08-04 15:22:09.069,12664,12665,12665,1
2020-08-04 15:22:11.052,12664,12665,12665,1
2020-08-04 15:22:12.250,12664,12665,12664,1
2020-08-04 15:22:13.857,12664,12665,12664,1
2020-08-04 15:22:13.859,12664,12665,12664,5
2020-08-04 15:22:14.046,12663,12664,12663,1
2020-08-04 15:22:14.197,12663,12664,12664,1
2020-08-04 15:22:14.394,12664,12665,12664,1
2020-08-04 15:22:15.492,12663,12664,12663,5
2020-08-04 15:22:15.933,12663,12664,12663,1
2020-08-04 15:22:16.433,12663,12664,12663,1
2020-08-04 15:22:17.017,12663,12664,12663,2
2020-08-04 15:22:17.202,12663,12664,12663,4
2020-08-04 15:22:17.202,12663,12664,12662,21
2020-08-04 15:22:17.357,12662,12664,12662,1
2020-08-04 15:22:17.361,12662,12664,12662,1
2020-08-04 15:22:17.369,12662,12664,12664,2
2020-08-04 15:22:17.376,12662,12664,12662,1
2020-08-04 15:22:18.639,12662,12664,12663,1
2020-08-04 15:22:18.679,12662,12664,12662,1
2020-08-04 15:22:19.244,12662,12664,12662,1
2020-08-04 15:22:19.480,12662,12664,12662,1
2020-08-04 15:22:19.690,12662,12664,12664,1
2020-08-04 15:22:22.358,12662,12663,12662,1
2020-08-04 15:22:22.692,12662,12663,12662,2
2020-08-04 15:22:23.555,12661,12663,12663,1
2020-08-04 15:22:24.642,12661,12662,12662,1
2020-08-04 15:22:24.986,12662,12663,12662,1
2020-08-04 15:22:24.986,12662,12663,12661,3
2020-08-04 15:22:25.025,12662,12663,12661,1
2020-08-04 15:22:25.210,12661,12663,12661,1
2020-08-04 15:22:25.674,12661,12662,12662,2
2020-08-04 15:22:25.674,12661,12662,12662,2
2020-08-04 15:22:25.724,12661,12662,12662,2
2020-08-04 15:22:25.775,12661,12662,12662,2
2020-08-04 15:22:26.917,12661,12662,12662,3
2020-08-04 15:22:27.265,12661,12662,12661,2
2020-08-04 15:22:27.286,12661,12662,12661,3
2020-08-04 15:22:27.286,12661,12662,12662,2
2020-08-04 15:22:29.188,12661,12662,12661,2
2020-08-04 15:22:30.623,12661,12662,12662,1
2020-08-04 15:22:31.100,12661,12662,12662,3
2020-08-04 15:22:33.261,12661,12663,12661,1
2020-08-04 15:22:35.375,12661,12662,12662,1
2020-08-04 15:22:35.521,12661,12663,12662,1
2020-08-04 15:22:35.564,12662,12663,12662,1
2020-08-04 15:22:36.093,12662,12663,12662,2
2020-08-04 15:22:36.870,12662,12663,12663,1
2020-08-04 15:22:37.183,12662,12663,12663,11
2020-08-04 15:22:37.481,12663,12664,12663,1
2020-08-04 15:22:39.563,12662,12664,12662,1
2020-08-04 15:22:39.603,12662,12664,12664,1
2020-08-04 15:22:39.770,12662,12664,12662,1
2020-08-04 15:22:40.847,12662,12664,12664,5
2020-08-04 15:22:43.235,12663,12665,12663,4
2020-08-04 15:22:44.132,12663,12664,12663,3
2020-08-04 15:22:45.929,12663,12665,12663,1
2020-08-04 15:22:47.671,12663,12664,12663,1
2020-08-04 15:22:48.412,12662,12663,12663,3
2020-08-04 15:22:53.143,12662,12663,12663,1
2020-08-04 15:22:54.463,12662,12663,12663,1
2020-08-04 15:22:56.042,12663,12664,12663,1
2020-08-04 15:22:58.476,12663,12664,12664,2
2020-08-04 15:22:58.504,12663,12664,12664,1
2020-08-04 15:22:58.851,12663,12665,12663,1
2020-08-04 15:23:01.898,12664,12665,12664,1
2020-08-04 15:23:02.354,12664,12665,12664,1
2020-08-04 15:23:05.403,12663,12664,12664,4
2020-08-04 15:23:10.143,12663,12664,12664,1
2020-08-04 15:23:11.341,12663,12664,12664,1
2020-08-04 15:23:11.872,12663,12664,12664,1
2020-08-04 15:23:11.901,12663,12664,12663,1
2020-08-04 15:23:14.303,12663,12664,12663,1
2020-08-04 15:23:14.438,12663,12664,12663,3
2020-08-04 15:23:14.438,12663,12664,12663,4
2020-08-04 15:23:14.438,12663,12664,12663,1
2020-08-04 15:23:15.423,12662,12663,12663,1
2020-08-04 15:23:15.438,12662,12663,12663,1
2020-08-04 15:23:19.940,12662,12663,12663,2
2020-08-04 15:23:19.940,12662,12663,12663,2
2020-08-04 15:23:21.682,12662,12664,12662,1
2020-08-04 15:23:22.600,12662,12664,12662,1
2020-08-04 15:23:23.291,12662,12663,12662,1
2020-08-04 15:23:24.693,12662,12663,12662,1
2020-08-04 15:23:26.273,12662,12663,12663,2
2020-08-04 15:23:26.602,12663,12664,12663,1
2020-08-04 15:23:26.764,12662,12664,12663,1
2020-08-04 15:23:29.711,12662,12664,12663,1
2020-08-04 15:23:29.820,12662,12664,12662,1
2020-08-04 15:23:29.885,12662,12664,12663,1
2020-08-04 15:23:34.132,12662,12663,12662,19
2020-08-04 15:23:35.708,12661,12662,12661,1
2020-08-04 15:23:35.708,12661,12662,12661,1
2020-08-04 15:23:35.709,12661,12662,12661,2
2020-08-04 15:23:37.215,12660,12661,12661,1
2020-08-04 15:23:37.216,12660,12661,12661,3
2020-08-04 15:23:39.700,12661,12663,12661,1
2020-08-04 15:23:40.373,12661,12663,12663,1
2020-08-04 15:23:43.815,12662,12663,12662,1
2020-08-04 15:23:43.895,12662,12663,12661,2
2020-08-04 15:23:49.189,12661,12663,12661,6
2020-08-04 15:23:49.189,12661,12663,12661,1
2020-08-04 15:23:50.805,12661,12663,12661,6
2020-08-04 15:23:50.814,12661,12663,12661,1
2020-08-04 15:23:53.473,12661,12662,12661,1
2020-08-04 15:23:53.966,12661,12662,12661,1
2020-08-04 15:23:54.693,12660,12661,12661,1
2020-08-04 15:23:54.921,12661,12662,12661,1
2020-08-04 15:23:55.034,12661,12662,12661,1
2020-08-04 15:23:56.568,12661,12662,12662,1
2020-08-04 15:23:57.344,12661,12662,12662,1
2020-08-04 15:23:57.871,12661,12662,12661,1
2020-08-04 15:24:00.091,12661,12662,12661,1
2020-08-04 15:24:00.701,12661,12662,12661,1
2020-08-04 15:24:00.941,12661,12662,12662,1
2020-08-04 15:24:03.352,12661,12662,12661,5
2020-08-04 15:24:03.985,12661,12662,12662,10
2020-08-04 15:24:08.397,12661,12662,12661,1
2020-08-04 15:24:09.592,12661,12662,12662,4
2020-08-04 15:24:12.496,12662,12663,12662,1
2020-08-04 15:24:13.478,12661,12662,12662,1
2020-08-04 15:24:14.808,12662,12663,12662,1
2020-08-04 15:24:14.809,12662,12663,12662,1
2020-08-04 15:24:14.821,12662,12663,12663,1
2020-08-04 15:24:14.888,12662,12663,12662,1
2020-08-04 15:24:15.295,12662,12663,12663,3
2020-08-04 15:24:15.900,12663,12664,12663,1
2020-08-04 15:24:19.136,12663,12664,12664,1
2020-08-04 15:24:19.831,12663,12664,12664,1
2020-08-04 15:24:22.341,12663,12664,12663,1
2020-08-04 15:24:27.911,12663,12664,12664,4
2020-08-04 15:24:28.233,12663,12664,12664,2
2020-08-04 15:24:28.328,12663,12664,12664,2
2020-08-04 15:24:29.014,12663,12664,12664,1
2020-08-04 15:24:31.531,12663,12664,12664,1
2020-08-04 15:24:35.648,12663,12664,12664,1
2020-08-04 15:24:35.662,12663,12664,12664,1
2020-08-04 15:24:36.138,12663,12664,12664,2
2020-08-04 15:24:49.344,12664,12665,12665,1
2020-08-04 15:24:53.210,12664,12665,12665,1
2020-08-04 15:24:53.626,12664,12665,12665,11
2020-08-04 15:24:54.652,12665,12666,12665,1
2020-08-04 15:25:00.382,12665,12666,12665,1
2020-08-04 15:25:00.411,12665,12666,12665,2
2020-08-04 15:25:05.035,12664,12665,12665,1
2020-08-04 15:25:05.467,12664,12665,12665,2
2020-08-04 15:25:05.467,12664,12665,12666,11
2020-08-04 15:25:05.467,12664,12665,12667,3
2020-08-04 15:25:05.766,12665,12667,12667,1
2020-08-04 15:25:07.689,12665,12666,12666,1
2020-08-04 15:25:09.982,12665,12667,12667,4
2020-08-04 15:25:13.864,12665,12666,12665,1
2020-08-04 15:25:15.950,12665,12666,12666,1
2020-08-04 15:25:21.124,12665,12666,12666,1
2020-08-04 15:25:25.162,12665,12667,12667,1
2020-08-04 15:25:26.835,12665,12666,12666,1
2020-08-04 15:25:32.971,12665,12666,12665,1
2020-08-04 15:25:33.356,12664,12665,12665,1
2020-08-04 15:25:35.140,12664,12665,12665,1
2020-08-04 15:25:35.781,12664,12665,12665,2
2020-08-04 15:25:36.746,12664,12665,12665,1
2020-08-04 15:25:38.478,12665,12666,12665,1
2020-08-04 15:25:45.956,12664,12665,12665,1
2020-08-04 15:25:47.183,12664,12665,12664,12
2020-08-04 15:25:48.564,12663,12664,12664,4
2020-08-04 15:25:55.043,12663,12665,12663,8
2020-08-04 15:25:55.608,12663,12664,12664,1
2020-08-04 15:26:01.265,12663,12664,12663,4
2020-08-04 15:26:02.331,12662,12663,12663,3
2020-08-04 15:26:03.345,12662,12663,12663,2
2020-08-04 15:26:05.853,12662,12664,12662,1
2020-08-04 15:26:05.965,12662,12664,12662,1
2020-08-04 15:26:06.789,12662,12664,12663,1
2020-08-04 15:26:13.551,12662,12663,12663,1
2020-08-04 15:26:17.400,12662,12663,12662,1
2020-08-04 15:26:17.400,12662,12663,12662,2
2020-08-04 15:26:17.400,12662,12663,12662,4
2020-08-04 15:26:17.400,12662,12663,12662,1
2020-08-04 15:26:18.416,12661,12662,12662,3
2020-08-04 15:26:23.943,12662,12663,12663,1
2020-08-04 15:26:25.585,12662,12663,12662,2
2020-08-04 15:26:29.248,12661,12662,12661,1
2020-08-04 15:26:29.328,12661,12662,12662,1
2020-08-04 15:26:30.288,12661,12662,12662,2
2020-08-04 15:26:34.574,12662,12663,12662,1
2020-08-04 15:26:35.454,12662,12663,12662,1
2020-08-04 15:26:36.454,12662,12663,12662,1
2020-08-04 15:26:38.430,12662,12663,12662,2
2020-08-04 15:26:38.453,12662,12663,12662,2
2020-08-04 15:26:39.734,12661,12662,12662,1
2020-08-04 15:26:39.765,12661,12662,12663,1
2020-08-04 15:26:45.475,12662,12663,12662,1
2020-08-04 15:26:47.752,12662,12663,12663,1
2020-08-04 15:26:52.580,12662,12663,12662,1
2020-08-04 15:26:53.570,12662,12663,12662,1
2020-08-04 15:26:57.947,12662,12663,12662,3
2020-08-04 15:26:59.647,12662,12663,12662,1
2020-08-04 15:27:00.769,12662,12663,12663,6
2020-08-04 15:27:01.031,12663,12664,12664,3
2020-08-04 15:27:01.031,12663,12664,12664,1
2020-08-04 15:27:01.268,12663,12665,12665,2
2020-08-04 15:27:01.293,12663,12665,12665,1
2020-08-04 15:27:01.308,12663,12665,12665,1
2020-08-04 15:27:01.315,12663,12665,12665,1
2020-08-04 15:27:01.323,12663,12665,12665,1
2020-08-04 15:27:01.485,12663,12665,12665,3
2020-08-04 15:27:01.527,12663,12665,12665,1
2020-08-04 15:27:02.040,12663,12665,12665,1
2020-08-04 15:27:02.246,12664,12666,12664,1
2020-08-04 15:27:02.354,12664,12666,12664,1
2020-08-04 15:27:02.412,12664,12666,12664,1
2020-08-04 15:27:10.424,12665,12666,12665,2
2020-08-04 15:27:10.876,12665,12666,12665,1
2020-08-04 15:27:17.069,12665,12666,12665,1
2020-08-04 15:27:18.527,12665,12666,12665,3
2020-08-04 15:27:18.528,12665,12666,12665,2
2020-08-04 15:27:18.528,12665,12666,12665,1
2020-08-04 15:27:23.850,12664,12665,12665,1
2020-08-04 15:27:24.942,12664,12665,12665,1
2020-08-04 15:27:28.766,12664,12665,12664,1
2020-08-04 15:27:29.603,12664,12665,12665,2
2020-08-04 15:27:43.489,12665,12666,12665,1
2020-08-04 15:27:43.944,12664,12666,12664,1
2020-08-04 15:27:51.280,12664,12665,12664,1
2020-08-04 15:27:54.061,12664,12665,12664,1
2020-08-04 15:28:02.319,12664,12665,12664,1
2020-08-04 15:28:12.384,12664,12665,12665,2
2020-08-04 15:28:13.702,12664,12665,12664,1
2020-08-04 15:28:15.179,12664,12665,12665,2
2020-08-04 15:28:15.179,12664,12665,12665,2
2020-08-04 15:28:15.179,12664,12665,12665,1
2020-08-04 15:28:17.661,12665,12666,12665,1
2020-08-04 15:28:21.349,12665,12666,12665,1
2020-08-04 15:28:24.618,12664,12665,12665,1
2020-08-04 15:28:25.206,12664,12665,12665,8
2020-08-04 15:28:25.206,12664,12665,12666,7
2020-08-04 15:28:29.471,12665,12667,12665,1
2020-08-04 15:28:32.455,12665,12667,12665,1
2020-08-04 15:28:40.983,12665,12666,12665,5
2020-08-04 15:28:41.106,12664,12665,12665,1
2020-08-04 15:28:42.235,12665,12666,12666,1
2020-08-04 15:28:46.871,12665,12667,12667,1
2020-08-04 15:28:49.305,12666,12667,12666,1
2020-08-04 15:28:49.655,12665,12667,12665,2
2020-08-04 15:29:00.840,12665,12666,12665,2
2020-08-04 15:29:00.840,12665,12666,12665,2
2020-08-04 15:29:00.841,12665,12666,12665,2
2020-08-04 15:29:01.161,12664,12666,12666,4
2020-08-04 15:29:01.474,12665,12667,12665,1
2020-08-04 15:29:02.161,12666,12667,12666,2
2020-08-04 15:29:05.285,12665,12667,12665,1
2020-08-04 15:29:14.441,12665,12666,12666,1
2020-08-04 15:29:17.411,12665,12666,12666,6
2020-08-04 15:29:19.611,12666,12667,12666,1
2020-08-04 15:29:19.972,12666,12667,12667,2
2020-08-04 15:29:19.972,12666,12667,12667,4
2020-08-04 15:29:19.973,12666,12667,12667,1
2020-08-04 15:29:19.973,12666,12667,12667,3
2020-08-04 15:29:19.973,12666,12667,12667,7
2020-08-04 15:29:22.167,12667,12668,12667,1
2020-08-04 15:29:22.168,12667,12668,12667,2
2020-08-04 15:29:23.589,12666,12667,12666,2
2020-08-04 15:29:23.589,12666,12667,12666,6
2020-08-04 15:29:23.589,12666,12667,12666,1
2020-08-04 15:29:23.589,12666,12667,12666,4
2020-08-04 15:29:23.589,12666,12667,12666,9
2020-08-04 15:29:27.696,12665,12666,12666,3
2020-08-04 15:29:27.696,12665,12666,12666,1
2020-08-04 15:29:27.696,12665,12666,12666,1
2020-08-04 15:29:27.837,12666,12667,12666,4
2020-08-04 15:29:29.603,12665,12666,12666,1
2020-08-04 15:29:29.603,12665,12666,12666,5
2020-08-04 15:29:41.821,12666,12668,12666,1
2020-08-04 15:29:48.308,12666,12668,12668,1
2020-08-04 15:29:50.513,12667,12668,12667,1
2020-08-04 15:30:01.082,12666,12667,12667,1
2020-08-04 15:30:01.622,12666,12668,12668,2
2020-08-04 15:30:01.889,12666,12668,12666,1
2020-08-04 15:30:01.891,12666,12668,12666,1
2020-08-04 15:30:02.082,12666,12668,12668,3
2020-08-04 15:30:02.265,12666,12668,12668,2
2020-08-04 15:30:02.297,12666,12668,12668,2
2020-08-04 15:30:05.841,12667,12668,12668,2
2020-08-04 15:30:10.151,12668,12669,12668,2
2020-08-04 15:30:10.151,12668,12669,12668,1
2020-08-04 15:30:15.574,12668,12669,12668,1
2020-08-04 15:30:15.967,12667,12668,12667,5
2020-08-04 15:30:15.967,12667,12668,12667,2
2020-08-04 15:30:16.075,12666,12668,12668,1
2020-08-04 15:30:19.039,12667,12669,12669,1
2020-08-04 15:30:19.227,12667,12669,12669,1
2020-08-04 15:30:22.963,12667,12668,12668,1
2020-08-04 15:30:25.949,12667,12668,12668,2
2020-08-04 15:30:28.368,12667,12669,12669,1
2020-08-04 15:30:28.552,12668,12669,12668,1
2020-08-04 15:30:31.362,12667,12668,12668,2
2020-08-04 15:30:31.362,12667,12668,12668,2
2020-08-04 15:30:33.121,12667,12668,12668,1
2020-08-04 15:30:41.584,12668,12669,12668,6
2020-08-04 15:30:46.628,12667,12668,12667,1
2020-08-04 15:30:51.074,12667,12668,12668,2
2020-08-04 15:30:51.074,12667,12668,12668,1
2020-08-04 15:30:51.074,12667,12668,12668,1
2020-08-04 15:30:55.331,12668,12669,12669,4
2020-08-04 15:30:55.331,12668,12669,12670,1
2020-08-04 15:30:56.043,12668,12670,12670,1
2020-08-04 15:30:59.291,12669,12670,12670,1
2020-08-04 15:30:59.767,12669,12670,12670,5
2020-08-04 15:30:59.767,12669,12670,12670,5
2020-08-04 15:30:59.767,12669,12670,12670,1
2020-08-04 15:30:59.768,12669,12670,12670,12
2020-08-04 15:31:01.181,12670,12671,12670,3
2020-08-04 15:31:04.452,12670,12671,12670,1
2020-08-04 15:31:06.881,12669,12671,12671,1
2020-08-04 15:31:07.132,12669,12671,12671,1
2020-08-04 15:31:07.629,12669,12671,12671,2
2020-08-04 15:31:10.625,12669,12671,12671,4
2020-08-04 15:31:16.014,12669,12671,12669,1
2020-08-04 15:31:16.067,12669,12671,12671,1
2020-08-04 15:31:20.994,12669,12670,12670,1
2020-08-04 15:31:22.815,12669,12670,12670,1
2020-08-04 15:31:22.815,12669,12670,12670,1
2020-08-04 15:31:23.496,12670,12671,12670,1
2020-08-04 15:31:27.684,12670,12671,12670,1
2020-08-04 15:31:33.286,12670,12671,12670,1
2020-08-04 15:31:34.391,12670,12671,12670,1
2020-08-04 15:31:40.070,12669,12670,12670,1
2020-08-04 15:31:45.651,12669,12670,12670,6
2020-08-04 15:31:45.652,12669,12670,12670,1
2020-08-04 15:31:45.766,12670,12671,12670,1
2020-08-04 15:31:45.766,12670,12671,12670,1
2020-08-04 15:31:51.384,12669,12670,12670,3
2020-08-04 15:31:52.677,12669,12671,12671,1
2020-08-04 15:31:56.051,12669,12671,12670,1
2020-08-04 15:32:00.766,12669,12670,12669,5
2020-08-04 15:32:00.767,12669,12670,12669,6
2020-08-04 15:32:00.767,12669,12670,12669,1
2020-08-04 15:32:00.767,12669,12670,12669,6
2020-08-04 15:32:15.710,12669,12670,12669,1
2020-08-04 15:32:16.322,12669,12670,12670,1
2020-08-04 15:32:16.323,12669,12670,12670,10
2020-08-04 15:32:16.365,12669,12670,12671,5
2020-08-04 15:32:27.411,12669,12670,12670,2
2020-08-04 15:32:32.496,12670,12671,12670,1
2020-08-04 15:32:38.291,12670,12671,12671,2
2020-08-04 15:32:38.340,12670,12671,12671,4
2020-08-04 15:32:38.340,12670,12671,12671,2
2020-08-04 15:32:43.469,12671,12672,12672,1
2020-08-04 15:32:43.570,12671,12672,12672,1
2020-08-04 15:32:43.627,12671,12672,12672,1
2020-08-04 15:32:44.350,12670,12672,12672,5
2020-08-04 15:32:46.359,12670,12672,12672,5
2020-08-04 15:32:47.646,12670,12672,12672,1
2020-08-04 15:32:49.411,12670,12672,12672,6
2020-08-04 15:32:51.031,12671,12673,12673,1
2020-08-04 15:32:51.123,12671,12673,12673,4
2020-08-04 15:32:54.820,12672,12673,12672,1
2020-08-04 15:32:56.982,12671,12672,12672,4
2020-08-04 15:32:58.439,12671,12673,12673,21
2020-08-04 15:32:58.708,12673,12674,12673,4
2020-08-04 15:33:00.547,12672,12673,12672,1
2020-08-04 15:33:00.953,12671,12673,12673,1
2020-08-04 15:33:02.170,12671,12673,12672,1
2020-08-04 15:33:02.932,12671,12673,12673,1
2020-08-04 15:33:04.469,12671,12672,12671,2
2020-08-04 15:33:04.505,12671,12672,12672,1
2020-08-04 15:33:05.399,12671,12673,12673,4
2020-08-04 15:33:13.686,12672,12673,12672,1
2020-08-04 15:33:15.446,12672,12673,12672,4
2020-08-04 15:33:17.983,12672,12673,12672,1
2020-08-04 15:33:18.755,12672,12673,12673,2
2020-08-04 15:33:19.443,12672,12673,12673,1
2020-08-04 15:33:20.533,12672,12673,12673,1
2020-08-04 15:33:20.533,12672,12673,12673,4
2020-08-04 15:33:20.533,12672,12673,12673,2
2020-08-04 15:33:20.533,12672,12673,12673,1
2020-08-04 15:33:20.533,12672,12673,12673,5
2020-08-04 15:33:20.533,12672,12673,12673,1
2020-08-04 15:33:22.666,12673,12674,12673,1
2020-08-04 15:33:24.999,12672,12673,12673,1
2020-08-04 15:33:25.351,12672,12673,12673,1
2020-08-04 15:33:26.707,12672,12673,12672,2
2020-08-04 15:33:26.882,12671,12673,12672,2
2020-08-04 15:33:28.171,12671,12672,12672,4
2020-08-04 15:33:28.518,12672,12673,12672,1
2020-08-04 15:33:28.518,12672,12673,12672,5
2020-08-04 15:33:28.628,12671,12673,12672,1
2020-08-04 15:33:30.557,12671,12672,12671,10
2020-08-04 15:33:30.557,12671,12672,12671,5
2020-08-04 15:33:30.557,12671,12672,12671,2
2020-08-04 15:33:30.557,12671,12672,12671,1
2020-08-04 15:33:32.477,12670,12671,12670,1
2020-08-04 15:33:35.410,12670,12671,12671,2
2020-08-04 15:33:43.786,12670,12671,12671,1
2020-08-04 15:33:47.734,12670,12671,12671,2
2020-08-04 15:33:47.776,12670,12671,12671,1
2020-08-04 15:33:47.831,12670,12671,12671,1
2020-08-04 15:33:53.933,12670,12671,12671,1
2020-08-04 15:33:55.359,12670,12671,12671,1
2020-08-04 15:34:03.915,12670,12671,12671,1
2020-08-04 15:34:06.017,12670,12672,12670,1
2020-08-04 15:34:06.458,12670,12671,12670,1
2020-08-04 15:34:09.457,12670,12671,12670,1
2020-08-04 15:34:10.587,12670,12671,12670,1
2020-08-04 15:34:14.504,12670,12671,12671,2
2020-08-04 15:34:16.769,12670,12672,12670,1
2020-08-04 15:34:22.434,12670,12671,12670,1
2020-08-04 15:34:22.782,12670,12671,12670,5
2020-08-04 15:34:25.547,12670,12671,12670,1
2020-08-04 15:34:26.784,12670,12671,12670,1
2020-08-04 15:34:30.787,12670,12671,12670,1
2020-08-04 15:34:34.630,12670,12671,12670,1
2020-08-04 15:34:41.687,12670,12671,12670,2
2020-08-04 15:34:41.687,12670,12671,12670,4
2020-08-04 15:34:41.687,12670,12671,12670,2
2020-08-04 15:34:41.687,12670,12671,12670,3
2020-08-04 15:34:41.955,12669,12670,12669,1
2020-08-04 15:34:48.853,12669,12670,12670,1
2020-08-04 15:34:49.285,12669,12670,12670,1
2020-08-04 15:34:53.897,12669,12670,12670,2
2020-08-04 15:34:57.739,12669,12671,12671,3
2020-08-04 15:35:00.497,12670,12671,12670,1
2020-08-04 15:35:06.179,12669,12670,12670,1
2020-08-04 15:35:06.355,12670,12671,12671,2
2020-08-04 15:35:06.458,12670,12671,12670,1
2020-08-04 15:35:12.185,12670,12671,12670,1
2020-08-04 15:35:25.149,12670,12671,12671,3
2020-08-04 15:35:29.223,12671,12672,12671,1
2020-08-04 15:35:36.862,12671,12672,12672,4
2020-08-04 15:35:36.862,12671,12672,12672,3
2020-08-04 15:35:37.847,12672,12673,12673,2
2020-08-04 15:35:38.195,12672,12673,12673,1
2020-08-04 15:35:40.030,12672,12673,12673,1
2020-08-04 15:35:40.522,12672,12673,12673,1
2020-08-04 15:35:41.807,12672,12673,12673,1
2020-08-04 15:35:44.053,12671,12673,12673,3
2020-08-04 15:35:50.712,12671,12672,12672,2
2020-08-04 15:35:51.759,12671,12672,12672,1
2020-08-04 15:35:55.290,12671,12672,12672,1
2020-08-04 15:35:55.653,12671,12672,12672,2
2020-08-04 15:35:55.653,12671,12672,12673,3
2020-08-04 15:35:58.993,12672,12673,12672,5
2020-08-04 15:36:00.413,12671,12672,12672,1
2020-08-04 15:36:00.718,12671,12673,12673,1
2020-08-04 15:36:02.428,12671,12672,12672,1
2020-08-04 15:36:03.958,12672,12673,12673,1
2020-08-04 15:36:04.594,12672,12673,12673,1
2020-08-04 15:36:05.466,12672,12673,12673,3
2020-08-04 15:36:05.483,12672,12673,12673,2
2020-08-04 15:36:05.483,12672,12673,12674,1
2020-08-04 15:36:05.584,12672,12674,12674,5
2020-08-04 15:36:06.924,12672,12673,12673,1
2020-08-04 15:36:09.956,12673,12674,12673,3
2020-08-04 15:36:12.259,12673,12674,12674,5
2020-08-04 15:36:17.396,12672,12674,12672,1
2020-08-04 15:36:21.428,12672,12673,12672,1
2020-08-04 15:36:23.782,12672,12673,12672,10
2020-08-04 15:36:24.442,12671,12672,12672,1
2020-08-04 15:36:24.632,12671,12672,12672,2
2020-08-04 15:36:25.548,12671,12672,12672,1
2020-08-04 15:36:33.473,12671,12673,12673,1
2020-08-04 15:36:39.557,12672,12673,12673,2
2020-08-04 15:36:41.846,12672,12673,12673,3
2020-08-04 15:36:45.906,12672,12674,12673,2
2020-08-04 15:36:49.096,12672,12673,12673,1
2020-08-04 15:36:54.481,12672,12673,12673,1
2020-08-04 15:36:54.965,12672,12673,12673,1
2020-08-04 15:36:57.808,12672,12673,12673,1
2020-08-04 15:36:59.810,12672,12673,12673,2
2020-08-04 15:37:00.528,12672,12673,12672,5
2020-08-04 15:37:00.528,12672,12673,12672,1
2020-08-04 15:37:00.528,12672,12673,12672,2
2020-08-04 15:37:00.528,12672,12673,12672,4
2020-08-04 15:37:00.528,12672,12673,12672,2
2020-08-04 15:37:00.682,12671,12672,12671,1
2020-08-04 15:37:00.776,12671,12672,12671,2
2020-08-04 15:37:03.285,12672,12673,12672,3
2020-08-04 15:37:07.104,12671,12672,12671,2
2020-08-04 15:37:09.424,12671,12672,12671,2
2020-08-04 15:37:09.424,12671,12672,12671,2
2020-08-04 15:37:09.756,12671,12672,12671,1
2020-08-04 15:37:22.623,12670,12671,12670,1
2020-08-04 15:37:22.623,12670,12671,12670,4
2020-08-04 15:37:22.624,12670,12671,12670,2
2020-08-04 15:37:22.624,12670,12671,12670,7
2020-08-04 15:37:30.295,12669,12670,12669,1
2020-08-04 15:37:43.173,12669,12670,12669,6
2020-08-04 15:37:45.416,12668,12669,12669,1
2020-08-04 15:37:57.882,12669,12670,12669,2
2020-08-04 15:37:59.298,12668,12670,12668,1
2020-08-04 15:38:02.339,12668,12669,12668,3
2020-08-04 15:38:05.660,12668,12669,12668,3
2020-08-04 15:38:05.933,12668,12669,12669,1
2020-08-04 15:38:06.040,12668,12669,12669,1
2020-08-04 15:38:06.161,12668,12669,12669,1
2020-08-04 15:38:06.198,12668,12669,12670,1
2020-08-04 15:38:06.457,12668,12670,12670,1
2020-08-04 15:38:07.072,12668,12670,12668,1
2020-08-04 15:38:07.946,12668,12669,12669,1
2020-08-04 15:38:12.861,12668,12669,12669,4
2020-08-04 15:38:18.811,12668,12669,12668,1
2020-08-04 15:38:23.135,12668,12669,12668,1
2020-08-04 15:38:23.135,12668,12669,12668,1
2020-08-04 15:38:28.505,12667,12668,12667,1
2020-08-04 15:38:34.420,12667,12668,12667,1
2020-08-04 15:38:39.972,12667,12668,12667,5
2020-08-04 15:38:40.445,12667,12668,12667,1
2020-08-04 15:38:44.916,12667,12668,12667,3
2020-08-04 15:38:46.073,12667,12668,12667,1
2020-08-04 15:38:46.446,12667,12668,12667,1
2020-08-04 15:38:47.406,12667,12668,12667,1
2020-08-04 15:38:50.605,12666,12667,12667,1
2020-08-04 15:39:02.193,12667,12668,12667,1
2020-08-04 15:39:03.579,12667,12668,12667,1
2020-08-04 15:39:04.256,12666,12667,12666,1
2020-08-04 15:39:04.257,12666,12667,12666,2
2020-08-04 15:39:04.259,12666,12667,12666,1
2020-08-04 15:39:04.265,12666,12667,12666,1
2020-08-04 15:39:04.268,12666,12667,12666,1
2020-08-04 15:39:04.485,12666,12667,12666,1
2020-08-04 15:39:11.650,12666,12667,12667,2
2020-08-04 15:39:12.901,12667,12668,12667,2
2020-08-04 15:39:16.767,12667,12668,12667,2
2020-08-04 15:39:20.011,12666,12668,12667,2
2020-08-04 15:39:22.668,12667,12668,12667,1
2020-08-04 15:39:25.713,12667,12668,12667,1
2020-08-04 15:39:26.145,12667,12668,12667,1
2020-08-04 15:39:27.514,12667,12668,12667,1
2020-08-04 15:39:36.169,12667,12668,12667,1
2020-08-04 15:39:37.167,12667,12668,12667,1
2020-08-04 15:39:48.979,12667,12668,12667,1
2020-08-04 15:39:57.446,12667,12668,12667,2
2020-08-04 15:40:11.614,12666,12668,12667,1
2020-08-04 15:40:11.615,12666,12668,12667,1
2020-08-04 15:40:11.615,12666,12668,12667,1
2020-08-04 15:40:12.899,12667,12668,12667,2
2020-08-04 15:40:14.737,12666,12667,12667,4
2020-08-04 15:40:18.695,12666,12668,12668,11
2020-08-04 15:40:19.148,12667,12668,12667,2
2020-08-04 15:40:20.584,12667,12668,12667,1
2020-08-04 15:40:20.585,12667,12668,12667,1
2020-08-04 15:40:21.827,12666,12668,12667,1
2020-08-04 15:40:24.912,12667,12668,12667,1
2020-08-04 15:40:25.423,12667,12668,12668,1
2020-08-04 15:40:27.759,12667,12668,12667,1
2020-08-04 15:40:28.911,12667,12668,12668,1
2020-08-04 15:40:29.781,12667,12668,12667,1
2020-08-04 15:40:42.279,12666,12667,12666,1
2020-08-04 15:40:42.279,12666,12667,12666,1
2020-08-04 15:40:42.279,12666,12667,12666,5
2020-08-04 15:40:42.279,12666,12667,12666,12
2020-08-04 15:40:42.279,12666,12667,12666,1
2020-08-04 15:40:42.413,12665,12666,12665,1
2020-08-04 15:40:42.573,12665,12666,12665,1
2020-08-04 15:40:42.861,12665,12666,12665,1
2020-08-04 15:40:43.107,12665,12666,12665,1
2020-08-04 15:40:44.051,12665,12666,12666,2
2020-08-04 15:40:44.051,12665,12666,12666,1
2020-08-04 15:40:53.936,12665,12666,12666,1
2020-08-04 15:40:54.052,12665,12666,12666,1
2020-08-04 15:40:56.541,12665,12666,12665,6
2020-08-04 15:40:58.981,12664,12665,12665,1
2020-08-04 15:41:02.293,12665,12666,12665,2
2020-08-04 15:41:07.218,12664,12665,12664,2
2020-08-04 15:41:07.218,12664,12665,12664,2
2020-08-04 15:41:07.218,12664,12665,12664,9
2020-08-04 15:41:07.218,12664,12665,12664,1
2020-08-04 15:41:07.219,12664,12665,12664,3
2020-08-04 15:41:07.219,12664,12665,12664,1
2020-08-04 15:41:08.448,12663,12665,12665,1
2020-08-04 15:41:10.356,12663,12665,12665,2
2020-08-04 15:41:14.229,12664,12665,12664,4
2020-08-04 15:41:14.229,12664,12665,12663,16
2020-08-04 15:41:14.230,12664,12665,12663,2
2020-08-04 15:41:14.230,12664,12665,12663,2
2020-08-04 15:41:14.230,12664,12665,12663,1
2020-08-04 15:41:18.156,12663,12665,12663,2
2020-08-04 15:41:19.158,12663,12665,12663,1
2020-08-04 15:41:19.422,12664,12665,12664,1
2020-08-04 15:41:23.104,12664,12665,12664,1
2020-08-04 15:41:23.546,12663,12664,12664,4
2020-08-04 15:41:24.739,12664,12665,12664,1
2020-08-04 15:41:24.857,12664,12665,12664,2
2020-08-04 15:41:25.936,12664,12665,12664,1
2020-08-04 15:41:26.351,12664,12665,12665,5
2020-08-04 15:41:26.351,12664,12665,12665,2
2020-08-04 15:41:27.042,12665,12666,12665,5
2020-08-04 15:41:31.974,12664,12665,12665,1
2020-08-04 15:41:32.929,12664,12665,12665,1
2020-08-04 15:41:34.523,12664,12665,12665,1
2020-08-04 15:41:37.708,12664,12665,12664,1
2020-08-04 15:41:39.399,12663,12665,12665,1
2020-08-04 15:41:42.269,12663,12664,12663,1
2020-08-04 15:41:43.594,12663,12664,12663,2
2020-08-04 15:41:43.622,12663,12664,12664,1
2020-08-04 15:41:44.850,12662,12664,12664,1
2020-08-04 15:41:49.049,12663,12664,12664,1
2020-08-04 15:42:00.730,12664,12665,12664,1
2020-08-04 15:42:04.074,12663,12664,12663,1
2020-08-04 15:42:07.416,12663,12664,12663,1
2020-08-04 15:42:10.583,12663,12664,12663,1
2020-08-04 15:42:11.806,12663,12664,12663,1
2020-08-04 15:42:13.176,12662,12663,12663,1
2020-08-04 15:42:13.352,12662,12663,12663,5
2020-08-04 15:42:14.019,12663,12664,12663,1
2020-08-04 15:42:14.231,12662,12664,12664,2
2020-08-04 15:42:23.472,12663,12664,12664,2
2020-08-04 15:42:23.473,12663,12664,12664,4
2020-08-04 15:42:23.473,12663,12664,12664,1
2020-08-04 15:42:34.343,12664,12665,12664,1
2020-08-04 15:42:35.642,12664,12665,12665,4
2020-08-04 15:42:40.713,12665,12666,12665,1
2020-08-04 15:42:41.136,12664,12665,12665,1
2020-08-04 15:42:42.294,12664,12665,12664,1
2020-08-04 15:42:48.028,12664,12665,12664,1
2020-08-04 15:42:48.163,12664,12665,12664,1
2020-08-04 15:42:48.163,12664,12665,12664,1
2020-08-04 15:42:56.591,12663,12664,12664,1
2020-08-04 15:42:56.592,12663,12664,12664,1
2020-08-04 15:43:16.984,12664,12665,12665,2
2020-08-04 15:43:17.154,12664,12665,12664,2
2020-08-04 15:43:34.690,12664,12665,12664,1
2020-08-04 15:43:36.379,12663,12665,12664,1
2020-08-04 15:43:38.728,12663,12664,12664,1
2020-08-04 15:43:44.902,12664,12665,12665,1
2020-08-04 15:43:49.491,12665,12666,12665,1
2020-08-04 15:43:50.218,12665,12666,12665,1
2020-08-04 15:43:52.185,12664,12665,12665,1
2020-08-04 15:43:54.064,12664,12665,12665,1
2020-08-04 15:43:57.589,12664,12665,12665,1
2020-08-04 15:44:02.262,12664,12665,12664,6
2020-08-04 15:44:10.503,12663,12664,12663,3
2020-08-04 15:44:11.498,12663,12664,12664,1
2020-08-04 15:44:14.421,12664,12665,12664,1
2020-08-04 15:44:17.282,12663,12665,12663,1
2020-08-04 15:44:18.014,12663,12665,12663,1
2020-08-04 15:44:26.838,12663,12664,12663,1
2020-08-04 15:44:28.552,12663,12664,12663,1
2020-08-04 15:44:28.779,12663,12664,12663,1
2020-08-04 15:44:28.780,12663,12664,12663,1
2020-08-04 15:44:36.312,12663,12664,12663,1
2020-08-04 15:44:36.996,12663,12664,12663,1
2020-08-04 15:44:37.062,12663,12664,12663,1
2020-08-04 15:44:41.384,12663,12664,12663,2
2020-08-04 15:44:43.084,12663,12664,12663,1
2020-08-04 15:44:53.064,12662,12664,12662,1
2020-08-04 15:44:56.037,12662,12664,12662,1
2020-08-04 15:44:56.076,12662,12664,12662,1
2020-08-04 15:45:02.695,12662,12663,12662,1
2020-08-04 15:45:03.368,12662,12663,12662,3
2020-08-04 15:45:03.380,12662,12663,12663,1
2020-08-04 15:45:05.648,12662,12663,12662,1
2020-08-04 15:45:05.936,12662,12663,12662,5
2020-08-04 15:45:05.936,12662,12663,12662,2
2020-08-04 15:45:05.936,12662,12663,12662,3
2020-08-04 15:45:05.936,12662,12663,12662,1
2020-08-04 15:45:05.937,12662,12663,12662,8
2020-08-04 15:45:07.426,12661,12663,12661,1
2020-08-04 15:45:09.831,12661,12662,12662,4
2020-08-04 15:45:11.096,12662,12663,12662,1
2020-08-04 15:45:14.013,12662,12663,12662,1
2020-08-04 15:45:14.271,12661,12663,12662,1
2020-08-04 15:45:16.834,12661,12662,12661,2
2020-08-04 15:45:17.337,12661,12662,12662,1
2020-08-04 15:45:22.796,12661,12662,12661,2
2020-08-04 15:45:22.911,12661,12662,12661,9
2020-08-04 15:45:24.036,12660,12661,12660,9
2020-08-04 15:45:24.199,12660,12661,12660,2
2020-08-04 15:45:24.205,12660,12661,12660,5
2020-08-04 15:45:24.704,12660,12661,12661,5
2020-08-04 15:45:24.704,12660,12661,12661,1
2020-08-04 15:45:25.071,12660,12662,12660,1
2020-08-04 15:45:26.095,12660,12662,12660,2
